  <div class='ocr_page' id='page_1' title='image "/cluster/home/n/w/nwhite01/storage/ocr_20150623/23/uva.x000775467/242.png"; bbox 0 0 4054 6386; ppageno 0'>
   <div class='ocr_carea' id='block_1_1' title="bbox 207 385 312 443">
    <p class='ocr_par' dir='ltr' id='par_1_1' title="bbox 207 385 312 443">
     <span class='ocr_line' id='line_1_1' title="bbox 207 385 312 443; baseline 0.019 -2"><span class='ocrx_word' id='word_1_1' title='bbox 207 385 312 443; x_wconf 71' lang='grc'><strong>469</strong></span> 
     </span>
    </p>
   </div>
   <div class='ocr_carea' id='block_1_2' title="bbox 1189 375 2515 447">
    <p class='ocr_par' dir='ltr' id='par_1_2' title="bbox 1189 375 2515 447">
     <span class='ocr_line' id='line_1_2' title="bbox 1189 375 2515 447; baseline 0.001 -4"><span class='ocrx_word' id='word_1_2' title='bbox 1189 383 1530 444; x_wconf 74' lang='lat' dir='ltr'><strong>APOLOGIA</strong></span> <span class='ocrx_word' id='word_1_3' title='bbox 1570 375 1936 446; x_wconf 77' lang='lat' dir='ltr'><strong>ADvsnsus</strong></span> <span class='ocrx_word' id='word_1_4' title='bbox 1973 379 2220 446; x_wconf 76' lang='lat' dir='ltr'><strong>LIBROS</strong></span> <span class='ocrx_word' id='word_1_5' title='bbox 2259 389 2515 447; x_wconf 85' lang='lat' dir='ltr'><strong>RliFlNl.</strong></span> 
     </span>
    </p>
   </div>
   <div class='ocr_carea' id='block_1_3' title="bbox 3400 394 3505 457">
    <p class='ocr_par' dir='ltr' id='par_1_3' title="bbox 3400 394 3505 457">
     <span class='ocr_line' id='line_1_3' title="bbox 3400 394 3505 457; baseline 0.038 -4"><span class='ocrx_word' id='word_1_6' title='bbox 3400 394 3505 457; x_wconf 76' lang='grc' dir='ltr'>ιτο</span> 
     </span>
    </p>
   </div>
   <div class='ocr_carea' id='block_1_4' title="bbox 212 499 3512 573">
    <p class='ocr_par' dir='ltr' id='par_1_4' title="bbox 212 499 3512 573">
     <span class='ocr_line' id='line_1_4' title="bbox 212 499 3512 573; baseline 0.002 -22"><span class='ocrx_word' id='word_1_7' title='bbox 212 499 426 553; x_wconf 79' lang='lat' dir='ltr'><strong>labatur</strong></span> <span class='ocrx_word' id='word_1_8' title='bbox 446 508 505 553; x_wconf 93' lang='lat' dir='ltr'><strong>ut</strong></span> <span class='ocrx_word' id='word_1_9' title='bbox 535 499 886 569; x_wconf 84' lang='lat' dir='ltr'><strong>permaneres</strong></span> <span class='ocrx_word' id='word_1_10' title='bbox 913 501 965 554; x_wconf 88' lang='lat' dir='ltr'><strong>in</strong></span> <span class='ocrx_word' id='word_1_11' title='bbox 1006 499 1128 554; x_wconf 84' lang='lat' dir='ltr'><strong>fidei</strong></span> <span class='ocrx_word' id='word_1_12' title='bbox 1161 501 1416 566; x_wconf 87' lang='lat' dir='ltr'><strong>veritate,</strong></span> <span class='ocrx_word' id='word_1_13' title='bbox 1450 508 1505 555; x_wconf 90' lang='lat' dir='ltr'><strong>et</strong></span> <span class='ocrx_word' id='word_1_14' title='bbox 1535 514 1640 554; x_wconf 91' lang='lat' dir='ltr'><strong>non</strong></span> <span class='ocrx_word' id='word_1_15' title='bbox 1677 515 1794 554; x_wconf 90' lang='lat' dir='ltr'><strong>mu-</strong></span> <span class='ocrx_word' id='word_1_16' title='bbox 1829 502 1883 560; x_wconf 82' lang='grc' dir='ltr'><strong>Α</strong></span> <span class='ocrx_word' id='word_1_17' title='bbox 1909 513 1961 556; x_wconf 87' lang='lat' dir='ltr'><strong>et</strong></span> <span class='ocrx_word' id='word_1_18' title='bbox 1987 502 2228 571; x_wconf 79' lang='lat' dir='ltr'><strong>pectoris</strong></span> <span class='ocrx_word' id='word_1_19' title='bbox 2256 501 2400 572; x_wconf 87' lang='lat' dir='ltr'><strong>quod</strong></span> <span class='ocrx_word' id='word_1_20' title='bbox 2450 502 2661 573; x_wconf 76' lang='lat' dir='ltr'><strong>ﬂagella</strong></span> <span class='ocrx_word' id='word_1_21' title='bbox 2694 513 3014 561; x_wconf 82' lang='lat' dir='ltr'><strong>secuerunt.</strong></span> <span class='ocrx_word' id='word_1_22' title='bbox 3075 507 3351 566; x_wconf 78' lang='lat' dir='ltr'><strong>Memento</strong></span> <span class='ocrx_word' id='word_1_23' title='bbox 3390 526 3512 567; x_wconf 87' lang='lat' dir='ltr'><strong>car-</strong></span> 
     </span>
    </p>
   </div>
   <div class='ocr_carea' id='block_1_5' title="bbox 207 592 1803 662">
    <p class='ocr_par' dir='ltr' id='par_1_5' title="bbox 207 592 1803 662">
     <span class='ocr_line' id='line_1_5' title="bbox 207 592 1803 662; baseline -0.001 -16"><span class='ocrx_word' id='word_1_24' title='bbox 207 599 357 646; x_wconf 82' lang='lat' dir='ltr'><strong>tores</strong></span> <span class='ocrx_word' id='word_1_25' title='bbox 389 592 503 646; x_wconf 91' lang='lat' dir='ltr'><strong>nilo</strong></span> <span class='ocrx_word' id='word_1_26' title='bbox 550 602 760 648; x_wconf 84' lang='lat' dir='ltr'><strong>terrore</strong></span> <span class='ocrx_word' id='word_1_27' title='bbox 791 594 1139 650; x_wconf 87' lang='lat' dir='ltr'><strong>sententiam.</strong></span> <span class='ocrx_word' id='word_1_28' title='bbox 1171 593 1303 661; x_wconf 86' lang='lat' dir='ltr'><strong>Quae</strong></span> <span class='ocrx_word' id='word_1_29' title='bbox 1334 594 1560 662; x_wconf 86' lang='lat' dir='ltr'><strong>epistola</strong></span> <span class='ocrx_word' id='word_1_30' title='bbox 1594 601 1619 630; x_wconf 70' lang='grc' dir='ltr'>α</span> <span class='ocrx_word' id='word_1_31' title='bbox 1644 592 1803 647; x_wconf 90' lang='lat' dir='ltr'><strong>holo-</strong></span> 
     </span>
    </p>
   </div>
   <div class='ocr_carea' id='block_1_6' title="bbox 195 684 1807 756">
    <p class='ocr_par' dir='ltr' id='par_1_6' title="bbox 195 684 1807 756">
     <span class='ocr_line' id='line_1_6' title="bbox 195 684 1807 756; baseline 0.001 -18"><span class='ocrx_word' id='word_1_32' title='bbox 195 684 416 756; x_wconf 78' lang='lat' dir='ltr'><strong>grapha</strong></span> <span class='ocrx_word' id='word_1_33' title='bbox 450 691 668 740; x_wconf 89' lang='lat' dir='ltr'><strong>tenetur</strong></span> <span class='ocrx_word' id='word_1_34' title='bbox 693 686 760 739; x_wconf 92' lang='lat' dir='ltr'><strong>ab</strong></span> <span class='ocrx_word' id='word_1_35' title='bbox 787 684 892 750; x_wconf 86' lang='lat' dir='ltr'><strong>his,</strong></span> <span class='ocrx_word' id='word_1_36' title='bbox 921 686 986 739; x_wconf 88' lang='lat' dir='ltr'><strong>ad</strong></span> <span class='ocrx_word' id='word_1_37' title='bbox 1019 701 1155 752; x_wconf 87' lang='lat' dir='ltr'><strong>quos</strong></span> <span class='ocrx_word' id='word_1_38' title='bbox 1184 686 1385 752; x_wconf 83' lang='lat' dir='ltr'><strong>perlata</strong></span> <span class='ocrx_word' id='word_1_39' title='bbox 1417 696 1521 740; x_wconf 91' lang='lat' dir='ltr'><strong>est.</strong></span> <span class='ocrx_word' id='word_1_40' title='bbox 1582 686 1648 739; x_wconf 86' lang='lat' dir='ltr'><strong>Et</strong></span> <span class='ocrx_word' id='word_1_41' title='bbox 1680 695 1807 755; x_wconf 90' lang='lat' dir='ltr'><strong>post</strong></span> 
     </span>
    </p>
   </div>
   <div class='ocr_carea' id='block_1_7' title="bbox 204 773 1802 851">
    <p class='ocr_par' dir='ltr' id='par_1_7' title="bbox 204 773 1802 851">
     <span class='ocr_line' id='line_1_7' title="bbox 204 773 1802 851; baseline 0.001 -18"><span class='ocrx_word' id='word_1_42' title='bbox 204 778 331 833; x_wconf 65' lang='lat' dir='ltr'><strong>haec</strong></span> <span class='ocrx_word' id='word_1_43' title='bbox 359 793 511 832; x_wconf 91' lang='lat' dir='ltr'><strong>more</strong></span> <span class='ocrx_word' id='word_1_44' title='bbox 541 787 632 832; x_wconf 87' lang='lat' dir='ltr'><strong>tuo</strong></span> <span class='ocrx_word' id='word_1_45' title='bbox 662 778 927 848; x_wconf 82' lang='lat' dir='ltr'><strong>loqueris,</strong></span> <span class='ocrx_word' id='word_1_46' title='bbox 964 798 984 830; x_wconf 76' lang='grc' dir='ltr'><strong>ι</strong></span> <span class='ocrx_word' id='word_1_47' title='bbox 1018 779 1086 836; x_wconf 90' lang='lat' dir='ltr'><strong>Ut</strong></span> <span class='ocrx_word' id='word_1_48' title='bbox 1123 779 1190 835; x_wconf 91' lang='lat' dir='ltr'><strong>de</strong></span> <span class='ocrx_word' id='word_1_49' title='bbox 1217 795 1325 851; x_wconf 93' lang='lat' dir='ltr'><strong>quo</strong></span> <span class='ocrx_word' id='word_1_50' title='bbox 1363 795 1529 848; x_wconf 92' lang='lat' dir='ltr'><strong>supra</strong></span> <span class='ocrx_word' id='word_1_51' title='bbox 1559 773 1802 844; x_wconf 73' lang='lat' dir='ltr'><strong>dixeras,</strong></span> 
     </span>
    </p>
   </div>
   <div class='ocr_carea' id='block_1_8' title="bbox 210 871 1803 940">
    <p class='ocr_par' dir='ltr' id='par_1_8' title="bbox 210 871 1803 940">
     <span class='ocr_line' id='line_1_8' title="bbox 210 871 1803 940; baseline 0.001 -14"><span class='ocrx_word' id='word_1_52' title='bbox 210 885 315 940; x_wconf 73' lang='lat' dir='ltr'><strong>ego</strong></span> <span class='ocrx_word' id='word_1_53' title='bbox 370 871 464 924; x_wconf 90' lang='lat' dir='ltr'><strong>tibi</strong></span> <span class='ocrx_word' id='word_1_54' title='bbox 514 871 680 926; x_wconf 87' lang='lat' dir='ltr'><strong>etiam</strong></span> <span class='ocrx_word' id='word_1_55' title='bbox 730 871 928 926; x_wconf 88' lang='lat' dir='ltr'><strong>furenti</strong></span> <span class='ocrx_word' id='word_1_56' title='bbox 978 872 1310 928; x_wconf 78' lang='lat' dir='ltr'><strong>satisfaciam</strong></span> <span class='ocrx_word' id='word_1_57' title='bbox 1365 892 1377 927; x_wconf 90' lang='lat'>:</span> <span class='ocrx_word' id='word_1_58' title='bbox 1429 887 1571 928; x_wconf 88' lang='lat' dir='ltr'><strong>nunc</strong></span> <span class='ocrx_word' id='word_1_59' title='bbox 1619 871 1757 927; x_wconf 93' lang='lat' dir='ltr'><strong>dicis</strong></span> <span class='ocrx_word' id='word_1_60' title='bbox 1788 914 1803 939; x_wconf 94' lang='lat'><strong>,</strong></span> 
     </span>
    </p>
   </div>
   <div class='ocr_carea' id='block_1_9' title="bbox 213 963 1810 1037">
    <p class='ocr_par' dir='ltr' id='par_1_9' title="bbox 213 963 1810 1037">
     <span class='ocr_line' id='line_1_9' title="bbox 213 963 1810 1037; baseline 0.003 -21"><span class='ocrx_word' id='word_1_61' title='bbox 213 963 352 1031; x_wconf 90' lang='lat' dir='ltr'><strong>Quid</strong></span> <span class='ocrx_word' id='word_1_62' title='bbox 389 965 482 1018; x_wconf 92' lang='lat' dir='ltr'><strong>tibi</strong></span> <span class='ocrx_word' id='word_1_63' title='bbox 519 965 767 1019; x_wconf 87' lang='lat' dir='ltr'><strong>videtur:</strong></span> <span class='ocrx_word' id='word_1_64' title='bbox 799 965 1040 1022; x_wconf 75' lang='lat' dir='ltr'><strong>haliesne</strong></span> <span class='ocrx_word' id='word_1_65' title='bbox 1068 969 1208 1021; x_wconf 78' lang='lat' dir='ltr'><strong>ultra</strong></span> <span class='ocrx_word' id='word_1_66' title='bbox 1261 967 1462 1037; x_wconf 89' lang='lat' dir='ltr'><strong>aliquid</strong></span> <span class='ocrx_word' id='word_1_67' title='bbox 1488 1007 1502 1027; x_wconf 90' lang='lat'><strong><em>.</em></strong></span> <span class='ocrx_word' id='word_1_68' title='bbox 1534 981 1640 1036; x_wconf 90' lang='lat' dir='ltr'><strong>quo</strong></span> <span class='ocrx_word' id='word_1_69' title='bbox 1685 982 1810 1022; x_wconf 86' lang='lat' dir='ltr'><strong>ner-</strong></span> 
     </span>
    </p>
   </div>
   <div class='ocr_carea' id='block_1_10' title="bbox 211 1060 1808 1130">
    <p class='ocr_par' dir='ltr' id='par_1_10' title="bbox 211 1060 1808 1130">
     <span class='ocr_line' id='line_1_10' title="bbox 211 1060 1808 1130; baseline 0.001 -17"><span class='ocrx_word' id='word_1_70' title='bbox 211 1073 311 1113; x_wconf 85' lang='lat' dir='ltr'><strong>vos</strong></span> <span class='ocrx_word' id='word_1_71' title='bbox 364 1069 470 1113; x_wconf 69' lang='lat' dir='ltr'><strong>tute</strong></span> <span class='ocrx_word' id='word_1_72' title='bbox 523 1060 874 1129; x_wconf 88' lang='lat' dir='ltr'><strong>loquacitatis</strong></span> <span class='ocrx_word' id='word_1_73' title='bbox 925 1060 1215 1116; x_wconf 91' lang='lat' dir='ltr'><strong>intendas?</strong></span> <span class='ocrx_word' id='word_1_74' title='bbox 1256 1079 1274 1112; x_wconf 73' lang='grc' dir='ltr'><strong>ι</strong></span> <span class='ocrx_word' id='word_1_75' title='bbox 1308 1061 1374 1115; x_wconf 84' lang='lat' dir='ltr'><strong>Et.</strong></span> <span class='ocrx_word' id='word_1_76' title='bbox 1416 1060 1712 1130; x_wconf 77' lang='lat' dir='ltr'><strong>indignaris</strong></span> <span class='ocrx_word' id='word_1_77' title='bbox 1761 1060 1808 1114; x_wconf 90' lang='lat' dir='ltr'><strong>si</strong></span> 
     </span>
    </p>
   </div>
   <div class='ocr_carea' id='block_1_11' title="bbox 211 1152 1806 1227">
    <p class='ocr_par' dir='ltr' id='par_1_11' title="bbox 211 1152 1806 1227">
     <span class='ocr_line' id='line_1_11' title="bbox 211 1152 1806 1227; baseline 0.002 -20"><span class='ocrx_word' id='word_1_78' title='bbox 211 1152 399 1223; x_wconf 78' lang='lat' dir='ltr'><strong>putide</strong></span> <span class='ocrx_word' id='word_1_79' title='bbox 434 1164 484 1208; x_wconf 91' lang='lat' dir='ltr'><strong>te</strong></span> <span class='ocrx_word' id='word_1_80' title='bbox 530 1154 676 1225; x_wconf 89' lang='lat' dir='ltr'><strong>loqui</strong></span> <span class='ocrx_word' id='word_1_81' title='bbox 719 1154 884 1227; x_wconf 66' lang='grc'><strong>546</strong></span> <span class='ocrx_word' id='word_1_82' title='bbox 931 1171 1192 1224; x_wconf 75' lang='lat' dir='ltr'><strong>arguam,</strong></span> <span class='ocrx_word' id='word_1_83' title='bbox 1236 1170 1358 1210; x_wconf 90' lang='lat' dir='ltr'><strong>cum</strong></span> <span class='ocrx_word' id='word_1_84' title='bbox 1400 1155 1806 1211; x_wconf 79' lang='lat' dir='ltr'><strong>Comtediarum</strong></span> 
     </span>
    </p>
   </div>
   <div class='ocr_carea' id='block_1_12' title="bbox 219 1247 1807 1321">
    <p class='ocr_par' dir='ltr' id='par_1_12' title="bbox 219 1247 1807 1321">
     <span class='ocr_line' id='line_1_12' title="bbox 219 1247 1807 1321; baseline 0.002 -19"><span class='ocrx_word' id='word_1_85' title='bbox 219 1247 585 1315; x_wconf 81' lang='lat' dir='ltr'><strong>turpitudines</strong></span> <span class='ocrx_word' id='word_1_86' title='bbox 645 1257 704 1305; x_wconf 89' lang='lat' dir='ltr'><strong>et</strong></span> <span class='ocrx_word' id='word_1_87' title='bbox 763 1259 1068 1304; x_wconf 82' lang='lat' dir='ltr'><strong>seortorum</strong></span> <span class='ocrx_word' id='word_1_88' title='bbox 1139 1258 1553 1321; x_wconf 88' lang='lat' dir='ltr'><strong>amatorumque</strong></span> <span class='ocrx_word' id='word_1_89' title='bbox 1599 1249 1807 1305; x_wconf 90' lang='lat' dir='ltr'><strong>ludicra</strong></span> 
     </span>
    </p>
   </div>
   <div class='ocr_carea' id='block_1_13' title="bbox 211 1340 1204 1410">
    <p class='ocr_par' dir='ltr' id='par_1_13' title="bbox 211 1340 1204 1410">
     <span class='ocr_line' id='line_1_13' title="bbox 211 1340 1204 1410; baseline 0.002 -16"><span class='ocrx_word' id='word_1_90' title='bbox 211 1340 619 1396; x_wconf 59' lang='lat' dir='ltr'><strong>ecclesiasticus</strong></span> <span class='ocrx_word' id='word_1_91' title='bbox 648 1343 883 1410; x_wconf 87' lang='lat' dir='ltr'><strong>scriptor</strong></span> <span class='ocrx_word' id='word_1_92' title='bbox 913 1343 1204 1396; x_wconf 77' lang='lat' dir='ltr'><strong>assumas?</strong></span> 
     </span>
    </p>
   </div>
   <div class='ocr_carea' id='block_1_14' title="bbox 282 1433 1810 1507">
    <p class='ocr_par' dir='ltr' id='par_1_14' title="bbox 282 1433 1810 1507">
     <span class='ocr_line' id='line_1_14' title="bbox 282 1433 1810 1507; baseline 0.001 -19"><span class='ocrx_word' id='word_1_93' title='bbox 282 1433 372 1488; x_wconf 77' lang='grc'><strong>17.</strong></span> <span class='ocrx_word' id='word_1_94' title='bbox 384 1433 459 1488; x_wconf 84' lang='lat' dir='ltr'><strong>De</strong></span> <span class='ocrx_word' id='word_1_95' title='bbox 475 1433 644 1489; x_wconf 80' lang='lat' dir='ltr'><strong>Prtqu</strong></span> <span class='ocrx_word' id='word_1_96' title='bbox 659 1436 1090 1507; x_wconf 69' lang='lat' dir='ltr'><strong>episco,m.Porro</strong></span> <span class='ocrx_word' id='word_1_97' title='bbox 1103 1435 1244 1506; x_wconf 69' lang='lat' dir='ltr'><strong>qutid</strong></span> <span class='ocrx_word' id='word_1_98' title='bbox 1261 1435 1810 1506; x_wconf 72' lang='lat' dir='ltr'><strong>interrogas,quando</strong></span> 
     </span>
    </p>
   </div>
   <div class='ocr_carea' id='block_1_15' title="bbox 211 1526 1810 1598">
    <p class='ocr_par' dir='ltr' id='par_1_15' title="bbox 211 1526 1810 1598">
     <span class='ocr_line' id='line_1_15' title="bbox 211 1526 1810 1598; baseline 0.003 -19"><span class='ocrx_word' id='word_1_99' title='bbox 211 1541 367 1595; x_wconf 72' lang='lat' dir='ltr'><strong>papm</strong></span> <span class='ocrx_word' id='word_1_100' title='bbox 397 1526 681 1594; x_wconf 77' lang='lat' dir='ltr'><strong>Theophili</strong></span> <span class='ocrx_word' id='word_1_101' title='bbox 715 1529 1041 1582; x_wconf 86' lang='lat' dir='ltr'><strong>sententiam</strong></span> <span class='ocrx_word' id='word_1_102' title='bbox 1095 1528 1251 1598; x_wconf 81' lang='lat' dir='ltr'><strong>sequi</strong></span> <span class='ocrx_word' id='word_1_103' title='bbox 1312 1529 1600 1597; x_wconf 69' lang='lat' dir='ltr'><strong>cmperim,</strong></span> <span class='ocrx_word' id='word_1_104' title='bbox 1649 1529 1810 1598; x_wconf 85' lang='lat' dir='ltr'><strong>eique</strong></span> 
     </span>
    </p>
   </div>
   <div class='ocr_carea' id='block_1_16' title="bbox 215 1620 1809 1691">
    <p class='ocr_par' dir='ltr' id='par_1_16' title="bbox 215 1620 1809 1691">
     <span class='ocr_line' id='line_1_16' title="bbox 215 1620 1809 1691; baseline 0 -16"><span class='ocrx_word' id='word_1_105' title='bbox 215 1620 340 1676; x_wconf 88' lang='lat' dir='ltr'><strong>fidei</strong></span> <span class='ocrx_word' id='word_1_106' title='bbox 369 1625 748 1677; x_wconf 83' lang='lat' dir='ltr'><strong>communione</strong></span> <span class='ocrx_word' id='word_1_107' title='bbox 768 1623 1008 1677; x_wconf 81' lang='lat' dir='ltr'><strong>sociatus</strong></span> <span class='ocrx_word' id='word_1_108' title='bbox 1047 1623 1174 1687; x_wconf 88' lang='lat' dir='ltr'><strong>sim,</strong></span> <span class='ocrx_word' id='word_1_109' title='bbox 1206 1631 1259 1678; x_wconf 89' lang='lat' dir='ltr'><strong>et</strong></span> <span class='ocrx_word' id='word_1_110' title='bbox 1301 1623 1418 1691; x_wconf 90' lang='lat' dir='ltr'><strong>ipse</strong></span> <span class='ocrx_word' id='word_1_111' title='bbox 1457 1622 1555 1677; x_wconf 87' lang='lat' dir='ltr'><strong>tibi</strong></span> <span class='ocrx_word' id='word_1_112' title='bbox 1586 1637 1809 1691; x_wconf 84' lang='lat' dir='ltr'><strong>respon-</strong></span> 
     </span>
    </p>
   </div>
   <div class='ocr_carea' id='block_1_17' title="bbox 208 1711 1810 1784">
    <p class='ocr_par' dir='ltr' id='par_1_17' title="bbox 208 1711 1810 1784">
     <span class='ocr_line' id='line_1_17' title="bbox 208 1711 1810 1784; baseline 0.001 -16"><span class='ocrx_word' id='word_1_113' title='bbox 208 1711 305 1768; x_wconf 87' lang='lat' dir='ltr'><strong>des</strong></span> <span class='ocrx_word' id='word_1_114' title='bbox 329 1754 344 1779; x_wconf 95' lang='lat'><strong>,</strong></span> <span class='ocrx_word' id='word_1_115' title='bbox 397 1731 420 1766; x_wconf 75' lang='grc' dir='ltr'><strong>ι</strong></span> <span class='ocrx_word' id='word_1_116' title='bbox 451 1715 601 1768; x_wconf 89' lang='lat' dir='ltr'><strong>Tunc</strong></span> <span class='ocrx_word' id='word_1_117' title='bbox 646 1713 810 1769; x_wconf 87' lang='lat' dir='ltr'><strong>credo</strong></span> <span class='ocrx_word' id='word_1_118' title='bbox 839 1756 852 1779; x_wconf 95' lang='lat'><strong>,</strong></span> <span class='ocrx_word' id='word_1_119' title='bbox 904 1715 1122 1784; x_wconf 86' lang='lat' dir='ltr'><strong>quando</strong></span> <span class='ocrx_word' id='word_1_120' title='bbox 1150 1712 1179 1753; x_wconf 72' lang='grc' dir='ltr'>ι»</span> <span class='ocrx_word' id='word_1_121' title='bbox 1211 1715 1436 1769; x_wconf 90' lang='lat' dir='ltr'><strong>Paulum</strong></span> <span class='ocrx_word' id='word_1_122' title='bbox 1496 1729 1656 1784; x_wconf 89' lang='lat' dir='ltr'><strong>quem</strong></span> <span class='ocrx_word' id='word_1_123' title='bbox 1718 1713 1810 1769; x_wconf 89' lang='lat' dir='ltr'><strong>ille</strong></span> 
     </span>
    </p>
   </div>
   <div class='ocr_carea' id='block_1_18' title="bbox 207 1804 1810 1872">
    <p class='ocr_par' dir='ltr' id='par_1_18' title="bbox 207 1804 1810 1872">
     <span class='ocr_line' id='line_1_18' title="bbox 207 1804 1810 1872; baseline 0.001 -14"><span class='ocrx_word' id='word_1_124' title='bbox 207 1804 583 1872; x_wconf 71' lang='lat' dir='ltr'><strong>damnaverat,</strong></span> <span class='ocrx_word' id='word_1_125' title='bbox 615 1820 830 1860; x_wconf 91' lang='lat' dir='ltr'><strong>summo</strong></span> <span class='ocrx_word' id='word_1_126' title='bbox 857 1807 976 1861; x_wconf 90' lang='lat' dir='ltr'><strong>nisu</strong></span> <span class='ocrx_word' id='word_1_127' title='bbox 1008 1817 1062 1862; x_wconf 91' lang='lat' dir='ltr'><strong>et</strong></span> <span class='ocrx_word' id='word_1_128' title='bbox 1093 1807 1350 1862; x_wconf 90' lang='lat' dir='ltr'><strong>omnibus</strong></span> <span class='ocrx_word' id='word_1_129' title='bbox 1400 1807 1595 1861; x_wconf 90' lang='lat' dir='ltr'><strong>studiis</strong></span> <span class='ocrx_word' id='word_1_130' title='bbox 1624 1806 1810 1862; x_wconf 87' lang='lat' dir='ltr'><strong>defen-</strong></span> 
     </span>
    </p>
   </div>
   <div class='ocr_carea' id='block_1_19' title="bbox 1908 595 3510 665">
    <p class='ocr_par' dir='ltr' id='par_1_19' title="bbox 1908 595 3510 665">
     <span class='ocr_line' id='line_1_19' title="bbox 1908 595 3510 665; baseline 0.006 -16"><span class='ocrx_word' id='word_1_131' title='bbox 1908 596 2072 660; x_wconf 89' lang='lat' dir='ltr'><strong>ceris,</strong></span> <span class='ocrx_word' id='word_1_132' title='bbox 2124 595 2505 661; x_wconf 79' lang='lat' dir='ltr'><strong>tenebrarum,</strong></span> <span class='ocrx_word' id='word_1_133' title='bbox 2539 596 2747 663; x_wconf 67' lang='lat' dir='ltr'><strong>exsilii,</strong></span> <span class='ocrx_word' id='word_1_134' title='bbox 2793 599 3166 665; x_wconf 85' lang='lat' dir='ltr'><strong>metallorum,</strong></span> <span class='ocrx_word' id='word_1_135' title='bbox 3201 607 3258 656; x_wconf 89' lang='lat' dir='ltr'><strong>et</strong></span> <span class='ocrx_word' id='word_1_136' title='bbox 3285 613 3392 657; x_wconf 88' lang='lat' dir='ltr'><strong>non</strong></span> <span class='ocrx_word' id='word_1_137' title='bbox 3425 604 3510 659; x_wconf 90' lang='lat' dir='ltr'><strong>in-</strong></span> 
     </span>
    </p>
   </div>
   <div class='ocr_carea' id='block_1_20' title="bbox 1909 685 3506 765">
    <p class='ocr_par' dir='ltr' id='par_1_20' title="bbox 1909 685 3506 765">
     <span class='ocr_line' id='line_1_20' title="bbox 1909 685 3506 765; baseline 0.008 -26"><span class='ocrx_word' id='word_1_138' title='bbox 1909 685 2219 756; x_wconf 80' lang='lat' dir='ltr'><strong>dignaberis</strong></span> <span class='ocrx_word' id='word_1_139' title='bbox 2270 686 2514 757; x_wconf 89' lang='lat' dir='ltr'><strong>hospitio</strong></span> <span class='ocrx_word' id='word_1_140' title='bbox 2560 697 2934 746; x_wconf 77' lang='lat' dir='ltr'><strong>transeuntem</strong></span> <span class='ocrx_word' id='word_1_141' title='bbox 2998 705 3125 748; x_wconf 87' lang='lat' dir='ltr'><strong>esse</strong></span> <span class='ocrx_word' id='word_1_142' title='bbox 3171 702 3506 765; x_wconf 70' lang='lat' dir='ltr'><strong>susceptum.</strong></span> 
     </span>
    </p>
   </div>
   <div class='ocr_carea' id='block_1_21' title="bbox 1910 779 3510 856">
    <p class='ocr_par' dir='ltr' id='par_1_21' title="bbox 1910 779 3510 856">
     <span class='ocr_line' id='line_1_21' title="bbox 1910 779 3510 856; baseline 0.006 -23"><span class='ocrx_word' id='word_1_143' title='bbox 1910 780 1991 834; x_wconf 82' lang='lat' dir='ltr'><strong>An</strong></span> <span class='ocrx_word' id='word_1_144' title='bbox 2040 779 2161 834; x_wconf 90' lang='lat' dir='ltr'><strong>ideo</strong></span> <span class='ocrx_word' id='word_1_145' title='bbox 2201 779 2296 833; x_wconf 88' lang='lat' dir='ltr'><strong>tibi</strong></span> <span class='ocrx_word' id='word_1_146' title='bbox 2342 781 2580 836; x_wconf 81' lang='lat' dir='ltr'><strong>rebelles</strong></span> <span class='ocrx_word' id='word_1_147' title='bbox 2609 781 2886 847; x_wconf 82' lang='lat' dir='ltr'><strong>videmur,</strong></span> <span class='ocrx_word' id='word_1_148' title='bbox 2918 784 3043 851; x_wconf 83' lang='lat' dir='ltr'><strong>quia</strong></span> <span class='ocrx_word' id='word_1_149' title='bbox 3080 785 3309 841; x_wconf 86' lang='lat' dir='ltr'><strong>calicem</strong></span> <span class='ocrx_word' id='word_1_150' title='bbox 3355 799 3510 856; x_wconf 61' lang='lat' dir='ltr'><strong>aqua!</strong></span> 
     </span>
    </p>
   </div>
   <div class='ocr_carea' id='block_1_22' title="bbox 1911 873 3439 950">
    <p class='ocr_par' dir='ltr' id='par_1_22' title="bbox 1911 873 3439 950">
     <span class='ocr_line' id='line_1_22' title="bbox 1911 873 3439 950; baseline 0.004 -22"><span class='ocrx_word' id='word_1_151' title='bbox 1911 873 2120 945; x_wconf 66' lang='lat' dir='ltr'><strong>frigidae</strong></span> <span class='ocrx_word' id='word_1_152' title='bbox 2144 875 2195 928; x_wconf 91' lang='lat' dir='ltr'><strong>in</strong></span> <span class='ocrx_word' id='word_1_153' title='bbox 2220 876 2439 931; x_wconf 87' lang='lat' dir='ltr'><strong>nomine</strong></span> <span class='ocrx_word' id='word_1_154' title='bbox 2467 875 2670 931; x_wconf 79' lang='lat' dir='ltr'><strong>Christi</strong></span> <span class='ocrx_word' id='word_1_155' title='bbox 2710 878 3021 932; x_wconf 85' lang='lat' dir='ltr'><strong>sitientibus</strong></span> <span class='ocrx_word' id='word_1_156' title='bbox 3067 881 3439 950; x_wconf 83' lang='lat' dir='ltr'><strong>porrigimtts?</strong></span> 
     </span>
    </p>
   </div>
   <div class='ocr_carea' id='block_1_23' title="bbox 1985 968 3507 1047">
    <p class='ocr_par' dir='ltr' id='par_1_23' title="bbox 1985 968 3507 1047">
     <span class='ocr_line' id='line_1_23' title="bbox 1985 968 3507 1047; baseline 0.005 -24"><span class='ocrx_word' id='word_1_157' title='bbox 1985 968 2073 1024; x_wconf 82' lang='grc'><strong>18.</strong></span> <span class='ocrx_word' id='word_1_158' title='bbox 2116 968 2489 1024; x_wconf 70' lang='lat' dir='ltr'><strong>Ilazreticorum</strong></span> <span class='ocrx_word' id='word_1_159' title='bbox 2537 973 2694 1041; x_wconf 79' lang='lat' dir='ltr'><strong>factio</strong></span> <span class='ocrx_word' id='word_1_160' title='bbox 2724 973 2925 1042; x_wconf 73' lang='lat' dir='ltr'><strong>rugata.</strong></span> <span class='ocrx_word' id='word_1_161' title='bbox 2969 972 3285 1047; x_wconf 74' lang='lat' dir='ltr'><strong>Theophilus</strong></span> <span class='ocrx_word' id='word_1_162' title='bbox 3319 977 3507 1031; x_wconf 84' lang='lat' dir='ltr'><strong>lauda-</strong></span> 
     </span>
    </p>
   </div>
   <div class='ocr_carea' id='block_1_24' title="bbox 1912 1064 3504 1138">
    <p class='ocr_par' dir='ltr' id='par_1_24' title="bbox 1912 1064 3504 1138">
     <span class='ocr_line' id='line_1_24' title="bbox 1912 1064 3504 1138; baseline 0.006 -21"><span class='ocrx_word' id='word_1_163' title='bbox 1912 1074 2015 1119; x_wconf 85' lang='lat' dir='ltr'><strong>tur.</strong></span> <span class='ocrx_word' id='word_1_164' title='bbox 2039 1095 2112 1108; x_wconf 87' lang='lat'><strong>-—</strong></span> <span class='ocrx_word' id='word_1_165' title='bbox 2136 1064 2232 1119; x_wconf 84' lang='lat' dir='ltr'><strong>Vis</strong></span> <span class='ocrx_word' id='word_1_166' title='bbox 2264 1067 2406 1120; x_wconf 91' lang='lat' dir='ltr'><strong>scire</strong></span> <span class='ocrx_word' id='word_1_167' title='bbox 2435 1065 2577 1121; x_wconf 90' lang='lat' dir='ltr'><strong>unde</strong></span> <span class='ocrx_word' id='word_1_168' title='bbox 2609 1065 2758 1120; x_wconf 92' lang='lat' dir='ltr'><strong>illum</strong></span> <span class='ocrx_word' id='word_1_169' title='bbox 2791 1077 2842 1121; x_wconf 89' lang='lat' dir='ltr'><strong>et</strong></span> <span class='ocrx_word' id='word_1_170' title='bbox 2878 1083 2978 1121; x_wconf 88' lang='lat' dir='ltr'><strong>nos</strong></span> <span class='ocrx_word' id='word_1_171' title='bbox 3017 1070 3135 1138; x_wconf 83' lang='lat' dir='ltr'><strong>plus</strong></span> <span class='ocrx_word' id='word_1_172' title='bbox 3176 1086 3387 1134; x_wconf 89' lang='lat' dir='ltr'><strong>amare,</strong></span> <span class='ocrx_word' id='word_1_173' title='bbox 3449 1075 3504 1126; x_wconf 79' lang='lat' dir='ltr'><strong>et</strong></span> 
     </span>
    </p>
   </div>
   <div class='ocr_carea' id='block_1_25' title="bbox 1913 1157 3512 1232">
    <p class='ocr_par' dir='ltr' id='par_1_25' title="bbox 1913 1157 3512 1232">
     <span class='ocr_line' id='line_1_25' title="bbox 1913 1157 3512 1232; baseline 0.004 -21"><span class='ocrx_word' id='word_1_174' title='bbox 1913 1166 1969 1212; x_wconf 92' lang='lat' dir='ltr'><strong>tu</strong></span> <span class='ocrx_word' id='word_1_175' title='bbox 2021 1157 2203 1212; x_wconf 91' lang='lat' dir='ltr'><strong>odisse</strong></span> <span class='ocrx_word' id='word_1_176' title='bbox 2242 1159 2367 1226; x_wconf 91' lang='lat' dir='ltr'><strong>plus</strong></span> <span class='ocrx_word' id='word_1_177' title='bbox 2396 1158 2642 1214; x_wconf 87' lang='lat' dir='ltr'><strong>debeas?</strong></span> <span class='ocrx_word' id='word_1_178' title='bbox 2696 1158 3091 1216; x_wconf 69' lang='lat' dir='ltr'><strong>llmretlcornm</strong></span> <span class='ocrx_word' id='word_1_179' title='bbox 3143 1160 3304 1218; x_wconf 74' lang='lat' dir='ltr'><strong>faCtiO</strong></span> <span class='ocrx_word' id='word_1_180' title='bbox 3338 1176 3512 1232; x_wconf 87' lang='lat' dir='ltr'><strong>nuper</strong></span> 
     </span>
    </p>
   </div>
   <div class='ocr_carea' id='block_1_26' title="bbox 1919 1250 3510 1326">
    <p class='ocr_par' dir='ltr' id='par_1_26' title="bbox 1919 1250 3510 1326">
     <span class='ocr_line' id='line_1_26' title="bbox 1919 1250 3510 1326; baseline 0.002 -22"><span class='ocrx_word' id='word_1_181' title='bbox 1919 1250 2098 1320; x_wconf 84' lang='lat' dir='ltr'><strong>fugata</strong></span> <span class='ocrx_word' id='word_1_182' title='bbox 2127 1251 2194 1303; x_wconf 88' lang='lat' dir='ltr'><strong>de</strong></span> <span class='ocrx_word' id='word_1_183' title='bbox 2225 1251 2458 1321; x_wconf 59' lang='lat' dir='ltr'><strong>Egypto</strong></span> <span class='ocrx_word' id='word_1_184' title='bbox 2488 1259 2544 1304; x_wconf 89' lang='lat' dir='ltr'><strong>et</strong></span> <span class='ocrx_word' id='word_1_185' title='bbox 2588 1251 2934 1317; x_wconf 76' lang='lat' dir='ltr'><strong>Alexandria,</strong></span> <span class='ocrx_word' id='word_1_186' title='bbox 2981 1268 3042 1307; x_wconf 87' lang='lat' dir='ltr'><strong>se</strong></span> <span class='ocrx_word' id='word_1_187' title='bbox 3072 1253 3510 1326; x_wconf 81' lang='lat' dir='ltr'><strong>Hierosolymam</strong></span> 
     </span>
    </p>
   </div>
   <div class='ocr_carea' id='block_1_27' title="bbox 1912 1343 3506 1416">
    <p class='ocr_par' dir='ltr' id='par_1_27' title="bbox 1912 1343 3506 1416">
     <span class='ocr_line' id='line_1_27' title="bbox 1912 1343 3506 1416; baseline 0.002 -18"><span class='ocrx_word' id='word_1_188' title='bbox 1912 1343 2162 1407; x_wconf 76' lang='lat' dir='ltr'><strong>contulit,</strong></span> <span class='ocrx_word' id='word_1_189' title='bbox 2197 1353 2251 1398; x_wconf 91' lang='lat' dir='ltr'><strong>et</strong></span> <span class='ocrx_word' id='word_1_190' title='bbox 2282 1344 2407 1398; x_wconf 87' lang='lat' dir='ltr'><strong>huic</strong></span> <span class='ocrx_word' id='word_1_191' title='bbox 2449 1344 2618 1398; x_wconf 83' lang='lat' dir='ltr'><strong>voluit</strong></span> <span class='ocrx_word' id='word_1_192' title='bbox 2645 1345 2909 1412; x_wconf 87' lang='lat' dir='ltr'><strong>copulari,</strong></span> <span class='ocrx_word' id='word_1_193' title='bbox 2970 1356 3030 1400; x_wconf 87' lang='lat' dir='ltr'><strong>ut</strong></span> <span class='ocrx_word' id='word_1_194' title='bbox 3081 1361 3314 1416; x_wconf 80' lang='lat' dir='ltr'><strong>quorum</strong></span> <span class='ocrx_word' id='word_1_195' title='bbox 3366 1361 3506 1401; x_wconf 85' lang='lat' dir='ltr'><strong>unus</strong></span> 
     </span>
    </p>
   </div>
   <div class='ocr_carea' id='block_1_28' title="bbox 1910 1435 3510 1510">
    <p class='ocr_par' dir='ltr' id='par_1_28' title="bbox 1910 1435 3510 1510">
     <span class='ocr_line' id='line_1_28' title="bbox 1910 1435 3510 1510; baseline 0.001 -18"><span class='ocrx_word' id='word_1_196' title='bbox 1910 1445 2058 1492; x_wconf 82' lang='lat' dir='ltr'><strong>esset</strong></span> <span class='ocrx_word' id='word_1_197' title='bbox 2087 1435 2275 1500; x_wconf 88' lang='lat' dir='ltr'><strong>dolor,</strong></span> <span class='ocrx_word' id='word_1_198' title='bbox 2310 1451 2412 1490; x_wconf 90' lang='lat' dir='ltr'><strong>una</strong></span> <span class='ocrx_word' id='word_1_199' title='bbox 2447 1436 2600 1490; x_wconf 78' lang='lat' dir='ltr'><strong>fieret</strong></span> <span class='ocrx_word' id='word_1_200' title='bbox 2627 1445 2682 1490; x_wconf 93' lang='lat' dir='ltr'><strong>et</strong></span> <span class='ocrx_word' id='word_1_201' title='bbox 2726 1438 3020 1492; x_wconf 88' lang='lat' dir='ltr'><strong>accusatio.</strong></span> <span class='ocrx_word' id='word_1_202' title='bbox 3049 1437 3198 1504; x_wconf 89' lang='lat' dir='ltr'><strong>Quos</strong></span> <span class='ocrx_word' id='word_1_203' title='bbox 3227 1437 3320 1493; x_wconf 92' lang='lat' dir='ltr'><strong>ille</strong></span> <span class='ocrx_word' id='word_1_204' title='bbox 3348 1451 3510 1510; x_wconf 77' lang='lat' dir='ltr'><strong>repu-</strong></span> 
     </span>
    </p>
   </div>
   <div class='ocr_carea' id='block_1_29' title="bbox 1913 1529 3510 1599">
    <p class='ocr_par' dir='ltr' id='par_1_29' title="bbox 1913 1529 3510 1599">
     <span class='ocr_line' id='line_1_29' title="bbox 1913 1529 3510 1599; baseline 0.003 -16"><span class='ocrx_word' id='word_1_205' title='bbox 1913 1529 1995 1595; x_wconf 87' lang='lat' dir='ltr'><strong>lit,</strong></span> <span class='ocrx_word' id='word_1_206' title='bbox 2025 1529 2246 1599; x_wconf 80' lang='lat' dir='ltr'><strong>sprevit,</strong></span> <span class='ocrx_word' id='word_1_207' title='bbox 2280 1529 2496 1597; x_wconf 69' lang='lat' dir='ltr'><strong>aiijecit,</strong></span> <span class='ocrx_word' id='word_1_208' title='bbox 2530 1529 2716 1584; x_wconf 83' lang='lat' dir='ltr'><strong>dicens</strong></span> <span class='ocrx_word' id='word_1_209' title='bbox 2743 1545 2802 1585; x_wconf 83' lang='lat' dir='ltr'><strong>se</strong></span> <span class='ocrx_word' id='word_1_210' title='bbox 2838 1545 2946 1584; x_wconf 89' lang='lat' dir='ltr'><strong>non</strong></span> <span class='ocrx_word' id='word_1_211' title='bbox 2979 1545 3102 1586; x_wconf 88' lang='lat' dir='ltr'><strong>esse</strong></span> <span class='ocrx_word' id='word_1_212' title='bbox 3133 1531 3408 1587; x_wconf 90' lang='lat' dir='ltr'><strong>inimicum</strong></span> <span class='ocrx_word' id='word_1_213' title='bbox 3448 1533 3510 1588; x_wconf 85' lang='lat' dir='ltr'><strong>fi-</strong></span> 
     </span>
    </p>
   </div>
   <div class='ocr_carea' id='block_1_30' title="bbox 1912 1621 3509 1695">
    <p class='ocr_par' dir='ltr' id='par_1_30' title="bbox 1912 1621 3509 1695">
     <span class='ocr_line' id='line_1_30' title="bbox 1912 1621 3509 1695; baseline 0.003 -19"><span class='ocrx_word' id='word_1_214' title='bbox 1912 1621 2022 1684; x_wconf 91' lang='lat' dir='ltr'><strong>dei,</strong></span> <span class='ocrx_word' id='word_1_215' title='bbox 2079 1636 2180 1676; x_wconf 91' lang='lat' dir='ltr'><strong>nec</strong></span> <span class='ocrx_word' id='word_1_216' title='bbox 2222 1629 2408 1676; x_wconf 86' lang='lat' dir='ltr'><strong>contra</strong></span> <span class='ocrx_word' id='word_1_217' title='bbox 2454 1622 2755 1677; x_wconf 84' lang='lat' dir='ltr'><strong>Ecclesium</strong></span> <span class='ocrx_word' id='word_1_218' title='bbox 2810 1623 2949 1677; x_wconf 85' lang='lat' dir='ltr'><strong>bella</strong></span> <span class='ocrx_word' id='word_1_219' title='bbox 3006 1623 3330 1691; x_wconf 82' lang='lat' dir='ltr'><strong>suscipere:</strong></span> <span class='ocrx_word' id='word_1_220' title='bbox 3367 1625 3509 1695; x_wconf 87' lang='lat' dir='ltr'><strong>quod</strong></span> 
     </span>
    </p>
   </div>
   <div class='ocr_carea' id='block_1_31' title="bbox 1909 1711 3508 1784">
    <p class='ocr_par' dir='ltr' id='par_1_31' title="bbox 1909 1711 3508 1784">
     <span class='ocr_line' id='line_1_31' title="bbox 1909 1711 3508 1784; baseline 0.004 -19"><span class='ocrx_word' id='word_1_221' title='bbox 1909 1713 2061 1782; x_wconf 88' lang='lat' dir='ltr'><strong>prius</strong></span> <span class='ocrx_word' id='word_1_222' title='bbox 2091 1711 2337 1778; x_wconf 86' lang='lat' dir='ltr'><strong>tentavit,</strong></span> <span class='ocrx_word' id='word_1_223' title='bbox 2369 1712 2577 1767; x_wconf 89' lang='lat' dir='ltr'><strong>doloris</strong></span> <span class='ocrx_word' id='word_1_224' title='bbox 2608 1713 2796 1778; x_wconf 89' lang='lat' dir='ltr'><strong>fuisse,</strong></span> <span class='ocrx_word' id='word_1_225' title='bbox 2827 1727 2937 1768; x_wconf 88' lang='lat' dir='ltr'><strong>non</strong></span> <span class='ocrx_word' id='word_1_226' title='bbox 2982 1714 3223 1784; x_wconf 63' lang='lat' dir='ltr'><strong>perfidiae</strong></span> <span class='ocrx_word' id='word_1_227' title='bbox 3257 1732 3271 1769; x_wconf 89' lang='lat'><strong>:</strong></span> <span class='ocrx_word' id='word_1_228' title='bbox 3307 1729 3407 1771; x_wconf 90' lang='lat' dir='ltr'><strong>nec</strong></span> <span class='ocrx_word' id='word_1_229' title='bbox 3432 1716 3508 1772; x_wconf 79' lang='lat' dir='ltr'><strong>al-</strong></span> 
     </span>
    </p>
   </div>
   <div class='ocr_carea' id='block_1_32' title="bbox 1913 1803 3505 1876">
    <p class='ocr_par' dir='ltr' id='par_1_32' title="bbox 1913 1803 3505 1876">
     <span class='ocr_line' id='line_1_32' title="bbox 1913 1803 3505 1876; baseline 0.004 -18"><span class='ocrx_word' id='word_1_230' title='bbox 1913 1806 2084 1859; x_wconf 90' lang='lat' dir='ltr'><strong>terius</strong></span> <span class='ocrx_word' id='word_1_231' title='bbox 2138 1803 2416 1874; x_wconf 88' lang='lat' dir='ltr'><strong>appetisse</strong></span> <span class='ocrx_word' id='word_1_232' title='bbox 2465 1804 2852 1871; x_wconf 85' lang='lat' dir='ltr'><strong>innocentiam,</strong></span> <span class='ocrx_word' id='word_1_233' title='bbox 2904 1805 2999 1861; x_wconf 91' lang='lat' dir='ltr'><strong>sed</strong></span> <span class='ocrx_word' id='word_1_234' title='bbox 3068 1819 3220 1861; x_wconf 86' lang='lat' dir='ltr'><strong>suam</strong></span> <span class='ocrx_word' id='word_1_235' title='bbox 3272 1807 3505 1876; x_wconf 86' lang='lat' dir='ltr'><strong>probare</strong></span> 
     </span>
    </p>
   </div>
   <div class='ocr_carea' id='block_1_33' title="bbox 203 1887 3501 1969">
    <p class='ocr_par' dir='ltr' id='par_1_33' title="bbox 203 1887 3501 1969">
     <span class='ocr_line' id='line_1_33' title="bbox 203 1887 3501 1969; baseline 0.001 -18"><span class='ocrx_word' id='word_1_236' title='bbox 203 1896 377 1951; x_wconf 89' lang='lat' dir='ltr'><strong>dehas</strong></span> <span class='ocrx_word' id='word_1_237' title='bbox 403 1915 414 1950; x_wconf 93' lang='lat'>:</span> <span class='ocrx_word' id='word_1_238' title='bbox 449 1899 664 1965; x_wconf 84' lang='lat' dir='ltr'><strong>quando</strong></span> <span class='ocrx_word' id='word_1_239' title='bbox 687 1915 809 1954; x_wconf 87' lang='lat' dir='ltr'><strong>eum</strong></span> <span class='ocrx_word' id='word_1_240' title='bbox 835 1915 930 1967; x_wconf 87' lang='lat' dir='ltr'><strong>per</strong></span> <span class='ocrx_word' id='word_1_241' title='bbox 958 1900 1245 1968; x_wconf 87' lang='lat' dir='ltr'><strong>imperiale</strong></span> <span class='ocrx_word' id='word_1_242' title='bbox 1273 1901 1534 1969; x_wconf 89' lang='lat' dir='ltr'><strong>scriptum</strong></span> <span class='ocrx_word' id='word_1_243' title='bbox 1561 1899 1806 1968; x_wconf 87' lang='lat' dir='ltr'><strong>recipere</strong></span> <span class='ocrx_word' id='word_1_244' title='bbox 1834 1887 1883 1950; x_wconf 80' lang='grc' dir='ltr'><strong><em>Β</em></strong></span> <span class='ocrx_word' id='word_1_245' title='bbox 1912 1897 2172 1952; x_wconf 88' lang='lat' dir='ltr'><strong>voluisse.</strong></span> <span class='ocrx_word' id='word_1_246' title='bbox 2200 1896 2428 1965; x_wconf 86' lang='lat' dir='ltr'><strong>impium</strong></span> <span class='ocrx_word' id='word_1_247' title='bbox 2455 1904 2633 1966; x_wconf 90' lang='lat' dir='ltr'><strong>putas,</strong></span> <span class='ocrx_word' id='word_1_248' title='bbox 2665 1905 2791 1967; x_wconf 83' lang='lat' dir='ltr'><strong>post</strong></span> <span class='ocrx_word' id='word_1_249' title='bbox 2831 1899 3128 1952; x_wconf 84' lang='lat' dir='ltr'><strong>sententias</strong></span> <span class='ocrx_word' id='word_1_250' title='bbox 3157 1900 3501 1955; x_wconf 86' lang='lat' dir='ltr'><strong>sacerdotum</strong></span> 
     </span>
    </p>
   </div>
   <div class='ocr_carea' id='block_1_34' title="bbox 202 1989 1806 2061">
    <p class='ocr_par' dir='ltr' id='par_1_34' title="bbox 202 1989 1806 2061">
     <span class='ocr_line' id='line_1_34' title="bbox 202 1989 1806 2061; baseline -0.001 -16"><span class='ocrx_word' id='word_1_251' title='bbox 202 1989 596 2054; x_wconf 89' lang='lat' dir='ltr'><strong>sacerdotium,</strong></span> <span class='ocrx_word' id='word_1_252' title='bbox 629 1991 773 2059; x_wconf 88' lang='lat' dir='ltr'><strong>quod</strong></span> <span class='ocrx_word' id='word_1_253' title='bbox 823 1993 1121 2061; x_wconf 84' lang='lat' dir='ltr'><strong>episcopali</strong></span> <span class='ocrx_word' id='word_1_254' title='bbox 1167 1991 1376 2061; x_wconf 86' lang='lat' dir='ltr'><strong>judicio</strong></span> <span class='ocrx_word' id='word_1_255' title='bbox 1407 1991 1686 2053; x_wconf 87' lang='lat' dir='ltr'><strong>amiserat,</strong></span> <span class='ocrx_word' id='word_1_256' title='bbox 1721 1991 1806 2044; x_wconf 18' lang='lat' dir='ltr'><strong>ini-</strong></span> 
     </span>
    </p>
   </div>
   <div class='ocr_carea' id='block_1_35' title="bbox 201 2082 1807 2152">
    <p class='ocr_par' dir='ltr' id='par_1_35' title="bbox 201 2082 1807 2152">
     <span class='ocr_line' id='line_1_35' title="bbox 201 2082 1807 2152; baseline 0 -15"><span class='ocrx_word' id='word_1_257' title='bbox 201 2082 463 2152; x_wconf 76' lang='lat' dir='ltr'><strong>stigahas.</strong></span> <span class='ocrx_word' id='word_1_258' title='bbox 503 2103 522 2135; x_wconf 76' lang='grc' dir='ltr'><strong>ι</strong></span> <span class='ocrx_word' id='word_1_259' title='bbox 553 2082 672 2137; x_wconf 80' lang='lat' dir='ltr'><strong>Non</strong></span> <span class='ocrx_word' id='word_1_260' title='bbox 704 2085 857 2152; x_wconf 87' lang='lat' dir='ltr'><strong>prius</strong></span> <span class='ocrx_word' id='word_1_261' title='bbox 890 2099 986 2151; x_wconf 87' lang='lat' dir='ltr'><strong>pro</strong></span> <span class='ocrx_word' id='word_1_262' title='bbox 1014 2099 1100 2136; x_wconf 89' lang='lat' dir='ltr'><strong>me</strong></span> <span class='ocrx_word' id='word_1_263' title='bbox 1131 2082 1498 2150; x_wconf 86' lang='lat' dir='ltr'><strong>respondebo,</strong></span> <span class='ocrx_word' id='word_1_264' title='bbox 1548 2097 1708 2150; x_wconf 90' lang='lat' dir='ltr'><strong>quam</strong></span> <span class='ocrx_word' id='word_1_265' title='bbox 1738 2083 1807 2137; x_wconf 90' lang='lat' dir='ltr'><strong>de</strong></span> 
     </span>
    </p>
   </div>
   <div class='ocr_carea' id='block_1_36' title="bbox 199 2173 1806 2243">
    <p class='ocr_par' dir='ltr' id='par_1_36' title="bbox 199 2173 1806 2243">
     <span class='ocr_line' id='line_1_36' title="bbox 199 2173 1806 2243; baseline -0.001 -14"><span class='ocrx_word' id='word_1_266' title='bbox 199 2175 435 2229; x_wconf 88' lang='lat' dir='ltr'><strong>aliorum</strong></span> <span class='ocrx_word' id='word_1_267' title='bbox 467 2175 678 2243; x_wconf 84' lang='lat' dir='ltr'><strong>injuriis</strong></span> <span class='ocrx_word' id='word_1_268' title='bbox 699 2175 915 2243; x_wconf 81' lang='lat' dir='ltr'><strong>loquar.</strong></span> <span class='ocrx_word' id='word_1_269' title='bbox 949 2174 1113 2242; x_wconf 81' lang='lat' dir='ltr'><strong>Cujus</strong></span> <span class='ocrx_word' id='word_1_270' title='bbox 1146 2185 1233 2229; x_wconf 89' lang='lat' dir='ltr'><strong>est</strong></span> <span class='ocrx_word' id='word_1_271' title='bbox 1286 2173 1660 2239; x_wconf 83' lang='lat' dir='ltr'><strong>humanitatis,</strong></span> <span class='ocrx_word' id='word_1_272' title='bbox 1713 2189 1806 2228; x_wconf 85' lang='lat' dir='ltr'><strong>cu-</strong></span> 
     </span>
    </p>
   </div>
   <div class='ocr_carea' id='block_1_37' title="bbox 193 2266 1809 2338">
    <p class='ocr_par' dir='ltr' id='par_1_37' title="bbox 193 2266 1809 2338">
     <span class='ocr_line' id='line_1_37' title="bbox 193 2266 1809 2338; baseline -0.002 -16"><span class='ocrx_word' id='word_1_273' title='bbox 193 2268 356 2338; x_wconf 88' lang='lat' dir='ltr'><strong>jusvc</strong></span> <span class='ocrx_word' id='word_1_274' title='bbox 384 2267 714 2333; x_wconf 65' lang='lat' dir='ltr'><strong>clementiae,</strong></span> <span class='ocrx_word' id='word_1_275' title='bbox 751 2268 1022 2321; x_wconf 86' lang='lat' dir='ltr'><strong>insultare</strong></span> <span class='ocrx_word' id='word_1_276' title='bbox 1060 2268 1290 2320; x_wconf 89' lang='lat' dir='ltr'><strong>aliorum</strong></span> <span class='ocrx_word' id='word_1_277' title='bbox 1337 2266 1592 2331; x_wconf 75' lang='lat' dir='ltr'><strong>miseriis,</strong></span> <span class='ocrx_word' id='word_1_278' title='bbox 1619 2275 1673 2320; x_wconf 91' lang='lat' dir='ltr'><strong>et</strong></span> <span class='ocrx_word' id='word_1_279' title='bbox 1694 2270 1809 2320; x_wconf 82' lang='lat' dir='ltr'><strong>vui-</strong></span> 
     </span>
    </p>
   </div>
   <div class='ocr_carea' id='block_1_38' title="bbox 204 2357 1809 2414">
    <p class='ocr_par' dir='ltr' id='par_1_38' title="bbox 204 2357 1809 2414">
     <span class='ocr_line' id='line_1_38' title="bbox 204 2357 1809 2414; baseline 0.001 -2"><span class='ocrx_word' id='word_1_280' title='bbox 204 2374 338 2412; x_wconf 85' lang='lat' dir='ltr'><strong>nera</strong></span> <span class='ocrx_word' id='word_1_281' title='bbox 387 2358 603 2413; x_wconf 88' lang='lat' dir='ltr'><strong>cunctis</strong></span> <span class='ocrx_word' id='word_1_282' title='bbox 652 2359 833 2413; x_wconf 89' lang='lat' dir='ltr'><strong>aliena</strong></span> <span class='ocrx_word' id='word_1_283' title='bbox 884 2359 1230 2412; x_wconf 87' lang='lat' dir='ltr'><strong>monstrare?</strong></span> <span class='ocrx_word' id='word_1_284' title='bbox 1259 2357 1474 2413; x_wconf 84' lang='lat' dir='ltr'><strong>Siccine</strong></span> <span class='ocrx_word' id='word_1_285' title='bbox 1526 2367 1575 2412; x_wconf 90' lang='lat' dir='ltr'><strong>te</strong></span> <span class='ocrx_word' id='word_1_286' title='bbox 1622 2357 1809 2414; x_wconf 85' lang='lat' dir='ltr'><strong>docuit</strong></span> 
     </span>
    </p>
   </div>
   <div class='ocr_carea' id='block_1_39' title="bbox 200 2449 1807 2517">
    <p class='ocr_par' dir='ltr' id='par_1_39' title="bbox 200 2449 1807 2517">
     <span class='ocr_line' id='line_1_39' title="bbox 200 2449 1807 2517; baseline 0.001 -13"><span class='ocrx_word' id='word_1_287' title='bbox 200 2449 292 2504; x_wconf 90' lang='lat' dir='ltr'><strong>illc</strong></span> <span class='ocrx_word' id='word_1_288' title='bbox 327 2449 660 2514; x_wconf 86' lang='lat' dir='ltr'><strong>Samarites,</strong></span> <span class='ocrx_word' id='word_1_289' title='bbox 691 2450 1021 2506; x_wconf 84' lang='lat' dir='ltr'><strong>seminecem</strong></span> <span class='ocrx_word' id='word_1_290' title='bbox 1051 2451 1118 2505; x_wconf 88' lang='lat' dir='ltr'><strong>ad</strong></span> <span class='ocrx_word' id='word_1_291' title='bbox 1166 2450 1437 2505; x_wconf 85' lang='lat' dir='ltr'><strong>stabulum</strong></span> <span class='ocrx_word' id='word_1_292' title='bbox 1474 2450 1807 2517; x_wconf 80' lang='lat' dir='ltr'><strong>reportare?</strong></span> 
     </span>
    </p>
   </div>
   <div class='ocr_carea' id='block_1_40' title="bbox 199 2544 1810 2615">
    <p class='ocr_par' dir='ltr' id='par_1_40' title="bbox 199 2544 1810 2615">
     <span class='ocr_line' id='line_1_40' title="bbox 199 2544 1810 2615; baseline 0.003 -20"><span class='ocrx_word' id='word_1_293' title='bbox 199 2544 385 2598; x_wconf 79' lang='lat' dir='ltr'><strong>oleum</strong></span> <span class='ocrx_word' id='word_1_294' title='bbox 415 2545 586 2615; x_wconf 79' lang='lat' dir='ltr'><strong>plagis</strong></span> <span class='ocrx_word' id='word_1_295' title='bbox 609 2545 940 2602; x_wconf 78' lang='lat' dir='ltr'><strong>infundere?</strong></span> <span class='ocrx_word' id='word_1_296' title='bbox 971 2545 1276 2600; x_wconf 88' lang='lat' dir='ltr'><strong>mercedem</strong></span> <span class='ocrx_word' id='word_1_297' title='bbox 1320 2544 1624 2600; x_wconf 88' lang='lat' dir='ltr'><strong>stabulario</strong></span> <span class='ocrx_word' id='word_1_298' title='bbox 1653 2545 1810 2614; x_wconf 84' lang='lat' dir='ltr'><strong>polli-</strong></span> 
     </span>
    </p>
   </div>
   <div class='ocr_carea' id='block_1_41' title="bbox 199 2635 1806 2707">
    <p class='ocr_par' dir='ltr' id='par_1_41' title="bbox 199 2635 1806 2707">
     <span class='ocr_line' id='line_1_41' title="bbox 199 2635 1806 2707; baseline -0.002 -15"><span class='ocrx_word' id='word_1_299' title='bbox 199 2638 357 2692; x_wconf 83' lang='lat' dir='ltr'><strong>ceri?</strong></span> <span class='ocrx_word' id='word_1_300' title='bbox 425 2636 517 2692; x_wconf 90' lang='lat' dir='ltr'><strong>Sic</strong></span> <span class='ocrx_word' id='word_1_301' title='bbox 570 2648 850 2694; x_wconf 88' lang='lat' dir='ltr'><strong>revectam</strong></span> <span class='ocrx_word' id='word_1_302' title='bbox 903 2653 1085 2704; x_wconf 81' lang='lat' dir='ltr'><strong>ovem,</strong></span> <span class='ocrx_word' id='word_1_303' title='bbox 1141 2647 1416 2707; x_wconf 89' lang='lat' dir='ltr'><strong>repertam</strong></span> <span class='ocrx_word' id='word_1_304' title='bbox 1467 2635 1806 2704; x_wconf 82' lang='lat' dir='ltr'><strong>drachmam,</strong></span> 
     </span>
    </p>
   </div>
   <div class='ocr_carea' id='block_1_42' title="bbox 198 2727 1799 2800">
    <p class='ocr_par' dir='ltr' id='par_1_42' title="bbox 198 2727 1799 2800">
     <span class='ocr_line' id='line_1_42' title="bbox 198 2727 1799 2800; baseline 0.001 -17"><span class='ocrx_word' id='word_1_305' title='bbox 198 2729 492 2800; x_wconf 82' lang='lat' dir='ltr'><strong>prodigum</strong></span> <span class='ocrx_word' id='word_1_306' title='bbox 523 2729 692 2784; x_wconf 87' lang='lat' dir='ltr'><strong>tilium</strong></span> <span class='ocrx_word' id='word_1_307' title='bbox 743 2731 876 2798; x_wconf 80' lang='lat' dir='ltr'><strong>legis</strong></span> <span class='ocrx_word' id='word_1_308' title='bbox 905 2746 1027 2786; x_wconf 89' lang='lat' dir='ltr'><strong>esse</strong></span> <span class='ocrx_word' id='word_1_309' title='bbox 1044 2727 1397 2796; x_wconf 85' lang='lat' dir='ltr'><strong>susceptum?</strong></span> <span class='ocrx_word' id='word_1_310' title='bbox 1423 2728 1576 2793; x_wconf 84' lang='lat' dir='ltr'><strong>Esto,</strong></span> <span class='ocrx_word' id='word_1_311' title='bbox 1606 2745 1709 2799; x_wconf 80' lang='lat' dir='ltr'><strong>ego</strong></span> <span class='ocrx_word' id='word_1_312' title='bbox 1743 2739 1799 2786; x_wconf 89' lang='lat' dir='ltr'><strong>te</strong></span> 
     </span>
    </p>
   </div>
   <div class='ocr_carea' id='block_1_43' title="bbox 200 2823 1805 2894">
    <p class='ocr_par' dir='ltr' id='par_1_43' title="bbox 200 2823 1805 2894">
     <span class='ocr_line' id='line_1_43' title="bbox 200 2823 1805 2894; baseline 0.001 -17"><span class='ocrx_word' id='word_1_313' title='bbox 200 2823 484 2884; x_wconf 75' lang='lat' dir='ltr'><strong>lrcseram.</strong></span> <span class='ocrx_word' id='word_1_314' title='bbox 514 2833 569 2877; x_wconf 90' lang='lat' dir='ltr'><strong>et</strong></span> <span class='ocrx_word' id='word_1_315' title='bbox 590 2823 938 2894; x_wconf 87' lang='lat' dir='ltr'><strong>quibusdam,</strong></span> <span class='ocrx_word' id='word_1_316' title='bbox 969 2834 1030 2880; x_wconf 90' lang='lat' dir='ltr'><strong>ut</strong></span> <span class='ocrx_word' id='word_1_317' title='bbox 1055 2823 1216 2887; x_wconf 89' lang='lat' dir='ltr'><strong>dicis,</strong></span> <span class='ocrx_word' id='word_1_318' title='bbox 1264 2827 1504 2881; x_wconf 88' lang='lat' dir='ltr'><strong>stimulis</strong></span> <span class='ocrx_word' id='word_1_319' title='bbox 1531 2823 1599 2878; x_wconf 86' lang='lat' dir='ltr'><strong>ad</strong></span> <span class='ocrx_word' id='word_1_320' title='bbox 1635 2826 1805 2879; x_wconf 65' lang='lat' dir='ltr'><strong>Inple-</strong></span> 
     </span>
    </p>
   </div>
   <div class='ocr_carea' id='block_1_44' title="bbox 198 2911 1804 2984">
    <p class='ocr_par' dir='ltr' id='par_1_44' title="bbox 198 2911 1804 2984">
     <span class='ocr_line' id='line_1_44' title="bbox 198 2911 1804 2984; baseline 0.002 -19"><span class='ocrx_word' id='word_1_321' title='bbox 198 2911 475 2968; x_wconf 88' lang='lat' dir='ltr'><strong>dictorum</strong></span> <span class='ocrx_word' id='word_1_322' title='bbox 501 2913 764 2967; x_wconf 87' lang='lat' dir='ltr'><strong>insaniam</strong></span> <span class='ocrx_word' id='word_1_323' title='bbox 800 2928 1152 2982; x_wconf 84' lang='lat' dir='ltr'><strong>provocaram</strong></span> <span class='ocrx_word' id='word_1_324' title='bbox 1191 2932 1203 2968; x_wconf 93' lang='lat'>:</span> <span class='ocrx_word' id='word_1_325' title='bbox 1237 2914 1366 2984; x_wconf 90' lang='lat' dir='ltr'><strong>quid</strong></span> <span class='ocrx_word' id='word_1_326' title='bbox 1415 2915 1611 2970; x_wconf 89' lang='lat' dir='ltr'><strong>meruit</strong></span> <span class='ocrx_word' id='word_1_327' title='bbox 1643 2915 1804 2970; x_wconf 91' lang='lat' dir='ltr'><strong>homo</strong></span> 
     </span>
    </p>
   </div>
   <div class='ocr_carea' id='block_1_45' title="bbox 200 3005 1802 3076">
    <p class='ocr_par' dir='ltr' id='par_1_45' title="bbox 200 3005 1802 3076">
     <span class='ocr_line' id='line_1_45' title="bbox 200 3005 1802 3076; baseline 0.001 -17"><span class='ocrx_word' id='word_1_328' title='bbox 200 3007 403 3074; x_wconf 81' lang='lat' dir='ltr'><strong>latens,</strong></span> <span class='ocrx_word' id='word_1_329' title='bbox 457 3016 517 3062; x_wconf 91' lang='lat' dir='ltr'><strong>ut</strong></span> <span class='ocrx_word' id='word_1_330' title='bbox 574 3006 813 3062; x_wconf 88' lang='lat' dir='ltr'><strong>nudares</strong></span> <span class='ocrx_word' id='word_1_331' title='bbox 842 3005 1157 3062; x_wconf 89' lang='lat' dir='ltr'><strong>cicatricem</strong></span> <span class='ocrx_word' id='word_1_332' title='bbox 1211 3006 1352 3076; x_wconf 88' lang='lat' dir='ltr'><strong>ejus,</strong></span> <span class='ocrx_word' id='word_1_333' title='bbox 1410 3015 1464 3062; x_wconf 90' lang='lat' dir='ltr'><strong>et</strong></span> <span class='ocrx_word' id='word_1_334' title='bbox 1507 3005 1802 3061; x_wconf 90' lang='lat' dir='ltr'><strong>obductam</strong></span> 
     </span>
    </p>
   </div>
   <div class='ocr_carea' id='block_1_46' title="bbox 196 3097 1802 3170">
    <p class='ocr_par' dir='ltr' id='par_1_46' title="bbox 196 3097 1802 3170">
     <span class='ocr_line' id='line_1_46' title="bbox 196 3097 1802 3170; baseline 0.002 -18"><span class='ocrx_word' id='word_1_335' title='bbox 196 3106 405 3166; x_wconf 89' lang='lat' dir='ltr'><strong>cutem,</strong></span> <span class='ocrx_word' id='word_1_336' title='bbox 437 3099 715 3170; x_wconf 90' lang='lat' dir='ltr'><strong>insperato</strong></span> <span class='ocrx_word' id='word_1_337' title='bbox 753 3098 941 3154; x_wconf 88' lang='lat' dir='ltr'><strong>dolore</strong></span> <span class='ocrx_word' id='word_1_338' title='bbox 994 3097 1371 3154; x_wconf 85' lang='lat' dir='ltr'><strong>rescinderes?</strong></span> <span class='ocrx_word' id='word_1_339' title='bbox 1417 3098 1606 3154; x_wconf 88' lang='lat' dir='ltr'><strong>Nonne</strong></span> <span class='ocrx_word' id='word_1_340' title='bbox 1636 3099 1802 3156; x_wconf 90' lang='lat' dir='ltr'><strong>etiam</strong></span> 
     </span>
    </p>
   </div>
   <div class='ocr_carea' id='block_1_47' title="bbox 195 3190 1806 3260">
    <p class='ocr_par' dir='ltr' id='par_1_47' title="bbox 195 3190 1806 3260">
     <span class='ocr_line' id='line_1_47' title="bbox 195 3190 1806 3260; baseline -0.001 -14"><span class='ocrx_word' id='word_1_341' title='bbox 195 3191 239 3246; x_wconf 94' lang='lat' dir='ltr'><strong>si</strong></span> <span class='ocrx_word' id='word_1_342' title='bbox 265 3193 352 3246; x_wconf 90' lang='lat' dir='ltr'><strong>ille</strong></span> <span class='ocrx_word' id='word_1_343' title='bbox 383 3190 593 3260; x_wconf 82' lang='lat' dir='ltr'><strong>dignus</strong></span> <span class='ocrx_word' id='word_1_344' title='bbox 620 3198 767 3245; x_wconf 90' lang='lat' dir='ltr'><strong>esset</strong></span> <span class='ocrx_word' id='word_1_345' title='bbox 794 3190 1140 3246; x_wconf 83' lang='lat' dir='ltr'><strong>contumeliis</strong></span> <span class='ocrx_word' id='word_1_346' title='bbox 1161 3234 1176 3256; x_wconf 95' lang='lat'><strong>,</strong></span> <span class='ocrx_word' id='word_1_347' title='bbox 1214 3199 1269 3244; x_wconf 93' lang='lat' dir='ltr'><strong>tn</strong></span> <span class='ocrx_word' id='word_1_348' title='bbox 1296 3190 1475 3247; x_wconf 84' lang='lat' dir='ltr'><strong>facere</strong></span> <span class='ocrx_word' id='word_1_349' title='bbox 1507 3207 1612 3247; x_wconf 86' lang='lat' dir='ltr'><strong>non</strong></span> <span class='ocrx_word' id='word_1_350' title='bbox 1639 3191 1806 3246; x_wconf 86' lang='lat' dir='ltr'><strong>debe-</strong></span> 
     </span>
    </p>
   </div>
   <div class='ocr_carea' id='block_1_48' title="bbox 1911 1990 3502 2063">
    <p class='ocr_par' dir='ltr' id='par_1_48' title="bbox 1911 1990 3502 2063">
     <span class='ocr_line' id='line_1_48' title="bbox 1911 1990 3502 2063; baseline 0.001 -17"><span class='ocrx_word' id='word_1_351' title='bbox 1911 1991 2187 2063; x_wconf 82' lang='lat' dir='ltr'><strong>imperiale</strong></span> <span class='ocrx_word' id='word_1_352' title='bbox 2225 1991 2595 2058; x_wconf 73' lang='lat' dir='ltr'><strong>rescriptum?</strong></span> <span class='ocrx_word' id='word_1_353' title='bbox 2647 1990 2789 2060; x_wconf 89' lang='lat' dir='ltr'><strong>quod</strong></span> <span class='ocrx_word' id='word_1_354' title='bbox 2817 1992 2979 2062; x_wconf 87' lang='lat' dir='ltr'><strong>quale</strong></span> <span class='ocrx_word' id='word_1_355' title='bbox 3009 1992 3100 2058; x_wconf 84' lang='lat' dir='ltr'><strong>sit,</strong></span> <span class='ocrx_word' id='word_1_356' title='bbox 3152 1994 3366 2048; x_wconf 82' lang='lat' dir='ltr'><strong>noverit</strong></span> <span class='ocrx_word' id='word_1_357' title='bbox 3410 1993 3502 2048; x_wconf 88' lang='lat' dir='ltr'><strong>ille</strong></span> 
     </span>
    </p>
   </div>
   <div class='ocr_carea' id='block_1_49' title="bbox 1909 2082 3504 2156">
    <p class='ocr_par' dir='ltr' id='par_1_49' title="bbox 1909 2082 3504 2156">
     <span class='ocr_line' id='line_1_49' title="bbox 1909 2082 3504 2156; baseline 0.001 -18"><span class='ocrx_word' id='word_1_358' title='bbox 1909 2086 1997 2156; x_wconf 92' lang='lat' dir='ltr'><strong>qni</strong></span> <span class='ocrx_word' id='word_1_359' title='bbox 2029 2085 2244 2140; x_wconf 88' lang='lat' dir='ltr'><strong>meruit.</strong></span> <span class='ocrx_word' id='word_1_360' title='bbox 2275 2084 2414 2151; x_wconf 86' lang='lat' dir='ltr'><strong>Quid</strong></span> <span class='ocrx_word' id='word_1_361' title='bbox 2466 2083 2560 2136; x_wconf 90' lang='lat' dir='ltr'><strong>tibi</strong></span> <span class='ocrx_word' id='word_1_362' title='bbox 2613 2082 2832 2137; x_wconf 86' lang='lat' dir='ltr'><strong>videtur</strong></span> <span class='ocrx_word' id='word_1_363' title='bbox 2870 2083 2937 2137; x_wconf 88' lang='lat' dir='ltr'><strong>de</strong></span> <span class='ocrx_word' id='word_1_364' title='bbox 2967 2082 3070 2148; x_wconf 90' lang='lat' dir='ltr'><strong>his,</strong></span> <span class='ocrx_word' id='word_1_365' title='bbox 3122 2084 3214 2154; x_wconf 87' lang='lat' dir='ltr'><strong>qui</strong></span> <span class='ocrx_word' id='word_1_366' title='bbox 3243 2083 3504 2148; x_wconf 78' lang='lat' dir='ltr'><strong>damnati,</strong></span> 
     </span>
    </p>
   </div>
   <div class='ocr_carea' id='block_1_50' title="bbox 1910 2174 3502 2248">
    <p class='ocr_par' dir='ltr' id='par_1_50' title="bbox 1910 2174 3502 2248">
     <span class='ocr_line' id='line_1_50' title="bbox 1910 2174 3502 2248; baseline -0.001 -18"><span class='ocrx_word' id='word_1_367' title='bbox 1910 2178 2106 2248; x_wconf 87' lang='lat' dir='ltr'><strong>palatia</strong></span> <span class='ocrx_word' id='word_1_368' title='bbox 2139 2177 2425 2240; x_wconf 87' lang='lat' dir='ltr'><strong>obsident,</strong></span> <span class='ocrx_word' id='word_1_369' title='bbox 2471 2184 2527 2230; x_wconf 90' lang='lat' dir='ltr'><strong>et</strong></span> <span class='ocrx_word' id='word_1_370' title='bbox 2559 2175 2701 2229; x_wconf 87' lang='lat' dir='ltr'><strong>facto</strong></span> <span class='ocrx_word' id='word_1_371' title='bbox 2748 2189 2948 2237; x_wconf 87' lang='lat' dir='ltr'><strong>cuneo,</strong></span> <span class='ocrx_word' id='word_1_372' title='bbox 2998 2175 3156 2229; x_wconf 83' lang='lat' dir='ltr'><strong>fidem</strong></span> <span class='ocrx_word' id='word_1_373' title='bbox 3209 2174 3414 2230; x_wconf 88' lang='lat' dir='ltr'><strong>Christi</strong></span> <span class='ocrx_word' id='word_1_374' title='bbox 3445 2174 3502 2230; x_wconf 87' lang='lat' dir='ltr'><strong>in</strong></span> 
     </span>
    </p>
   </div>
   <div class='ocr_carea' id='block_1_51' title="bbox 1912 2265 3500 2336">
    <p class='ocr_par' dir='ltr' id='par_1_51' title="bbox 1912 2265 3500 2336">
     <span class='ocr_line' id='line_1_51' title="bbox 1912 2265 3500 2336; baseline -0.001 -14"><span class='ocrx_word' id='word_1_375' title='bbox 1912 2284 2020 2322; x_wconf 92' lang='lat' dir='ltr'><strong>uno</strong></span> <span class='ocrx_word' id='word_1_376' title='bbox 2053 2267 2272 2321; x_wconf 89' lang='lat' dir='ltr'><strong>homine</strong></span> <span class='ocrx_word' id='word_1_377' title='bbox 2301 2266 2740 2336; x_wconf 76' lang='lat' dir='ltr'><strong>persequuntur?</strong></span> <span class='ocrx_word' id='word_1_378' title='bbox 2768 2265 2899 2321; x_wconf 72' lang='lat' dir='ltr'><strong>Mere</strong></span> <span class='ocrx_word' id='word_1_379' title='bbox 2929 2271 3109 2320; x_wconf 78' lang='lat' dir='ltr'><strong>autem</strong></span> <span class='ocrx_word' id='word_1_380' title='bbox 3153 2267 3500 2321; x_wconf 89' lang='lat' dir='ltr'><strong>communio-</strong></span> 
     </span>
    </p>
   </div>
   <div class='ocr_carea' id='block_1_52' title="bbox 1911 2357 3504 2435">
    <p class='ocr_par' dir='ltr' id='par_1_52' title="bbox 1911 2357 3504 2435">
     <span class='ocr_line' id='line_1_52' title="bbox 1911 2357 3504 2435; baseline -0.001 -22"><span class='ocrx_word' id='word_1_381' title='bbox 1911 2359 2015 2422; x_wconf 85' lang='lat' dir='ltr'><strong>nis,</strong></span> <span class='ocrx_word' id='word_1_382' title='bbox 2049 2367 2106 2413; x_wconf 88' lang='lat' dir='ltr'><strong>et</strong></span> <span class='ocrx_word' id='word_1_383' title='bbox 2137 2359 2296 2429; x_wconf 67' lang='lat' dir='ltr'><strong>Papae</strong></span> <span class='ocrx_word' id='word_1_384' title='bbox 2317 2357 2625 2426; x_wconf 82' lang='lat' dir='ltr'><strong>Theophili,</strong></span> <span class='ocrx_word' id='word_1_385' title='bbox 2649 2357 2857 2411; x_wconf 90' lang='lat' dir='ltr'><strong>nullum</strong></span> <span class='ocrx_word' id='word_1_386' title='bbox 2901 2357 3068 2411; x_wconf 90' lang='lat' dir='ltr'><strong>alium</strong></span> <span class='ocrx_word' id='word_1_387' title='bbox 3102 2366 3293 2435; x_wconf 88' lang='lat' dir='ltr'><strong>testem</strong></span> <span class='ocrx_word' id='word_1_388' title='bbox 3333 2372 3504 2412; x_wconf 84' lang='lat' dir='ltr'><strong>voca-</strong></span> 
     </span>
    </p>
   </div>
   <div class='ocr_carea' id='block_1_53' title="bbox 1912 2449 3509 2520">
    <p class='ocr_par' dir='ltr' id='par_1_53' title="bbox 1912 2449 3509 2520">
     <span class='ocr_line' id='line_1_53' title="bbox 1912 2449 3509 2520; baseline -0.001 -14"><span class='ocrx_word' id='word_1_389' title='bbox 1912 2451 2004 2517; x_wconf 92' lang='lat' dir='ltr'><strong>bo,</strong></span> <span class='ocrx_word' id='word_1_390' title='bbox 2034 2450 2138 2505; x_wconf 89' lang='lat' dir='ltr'><strong>nisi</strong></span> <span class='ocrx_word' id='word_1_391' title='bbox 2183 2454 2355 2518; x_wconf 88' lang='lat' dir='ltr'><strong>ipsum</strong></span> <span class='ocrx_word' id='word_1_392' title='bbox 2403 2464 2562 2520; x_wconf 88' lang='lat' dir='ltr'><strong>quem</strong></span> <span class='ocrx_word' id='word_1_393' title='bbox 2611 2465 2639 2503; x_wconf 91' lang='lat' dir='ltr'><strong>a</strong></span> <span class='ocrx_word' id='word_1_394' title='bbox 2687 2464 2772 2503; x_wconf 89' lang='lat' dir='ltr'><strong>me</strong></span> <span class='ocrx_word' id='word_1_395' title='bbox 2825 2449 3013 2503; x_wconf 69' lang='lat' dir='ltr'><strong>laesum</strong></span> <span class='ocrx_word' id='word_1_396' title='bbox 3053 2449 3299 2516; x_wconf 81' lang='lat' dir='ltr'><strong>simulas,</strong></span> <span class='ocrx_word' id='word_1_397' title='bbox 3351 2450 3509 2518; x_wconf 82' lang='lat' dir='ltr'><strong>cujus</strong></span> 
     </span>
    </p>
   </div>
   <div class='ocr_carea' id='block_1_54' title="bbox 1911 2541 3502 2613">
    <p class='ocr_par' dir='ltr' id='par_1_54' title="bbox 1911 2541 3502 2613">
     <span class='ocr_line' id='line_1_54' title="bbox 1911 2541 3502 2613; baseline 0 -15"><span class='ocrx_word' id='word_1_398' title='bbox 1911 2544 2172 2612; x_wconf 87' lang='lat' dir='ltr'><strong>epistolas</strong></span> <span class='ocrx_word' id='word_1_399' title='bbox 2217 2543 2282 2596; x_wconf 87' lang='lat' dir='ltr'><strong>ad</strong></span> <span class='ocrx_word' id='word_1_400' title='bbox 2333 2557 2420 2597; x_wconf 89' lang='lat' dir='ltr'><strong>me</strong></span> <span class='ocrx_word' id='word_1_401' title='bbox 2467 2557 2684 2610; x_wconf 79' lang='lat' dir='ltr'><strong>semper</strong></span> <span class='ocrx_word' id='word_1_402' title='bbox 2729 2541 2908 2608; x_wconf 88' lang='lat' dir='ltr'><strong>datas,</strong></span> <span class='ocrx_word' id='word_1_403' title='bbox 2965 2543 3128 2596; x_wconf 90' lang='lat' dir='ltr'><strong>etiam</strong></span> <span class='ocrx_word' id='word_1_404' title='bbox 3153 2557 3220 2598; x_wconf 89' lang='lat' dir='ltr'><strong>eo</strong></span> <span class='ocrx_word' id='word_1_405' title='bbox 3253 2553 3502 2613; x_wconf 82' lang='lat' dir='ltr'><strong>tempore</strong></span> 
     </span>
    </p>
   </div>
   <div class='ocr_carea' id='block_1_55' title="bbox 1912 2632 3503 2706">
    <p class='ocr_par' dir='ltr' id='par_1_55' title="bbox 1912 2632 3503 2706">
     <span class='ocr_line' id='line_1_55' title="bbox 1912 2632 3503 2706; baseline -0.003 -14"><span class='ocrx_word' id='word_1_406' title='bbox 1912 2653 2018 2692; x_wconf 91' lang='lat' dir='ltr'><strong>non</strong></span> <span class='ocrx_word' id='word_1_407' title='bbox 2048 2638 2281 2706; x_wconf 78' lang='lat' dir='ltr'><strong>ignoras,</strong></span> <span class='ocrx_word' id='word_1_408' title='bbox 2308 2650 2416 2704; x_wconf 88' lang='lat' dir='ltr'><strong>quo</strong></span> <span class='ocrx_word' id='word_1_409' title='bbox 2445 2635 2577 2688; x_wconf 88' lang='lat' dir='ltr'><strong>mihi</strong></span> <span class='ocrx_word' id='word_1_410' title='bbox 2603 2649 2696 2690; x_wconf 88' lang='lat' dir='ltr'><strong>eas</strong></span> <span class='ocrx_word' id='word_1_411' title='bbox 2727 2632 2882 2688; x_wconf 90' lang='lat' dir='ltr'><strong>reddi</strong></span> <span class='ocrx_word' id='word_1_412' title='bbox 2913 2633 3262 2702; x_wconf 85' lang='lat' dir='ltr'><strong>prohibebas,</strong></span> <span class='ocrx_word' id='word_1_413' title='bbox 3286 2643 3342 2690; x_wconf 88' lang='lat' dir='ltr'><strong>et</strong></span> <span class='ocrx_word' id='word_1_414' title='bbox 3365 2649 3503 2705; x_wconf 87' lang='lat' dir='ltr'><strong>quo-</strong></span> 
     </span>
    </p>
   </div>
   <div class='ocr_carea' id='block_1_56' title="bbox 1911 2726 3502 2798">
    <p class='ocr_par' dir='ltr' id='par_1_56' title="bbox 1911 2726 3502 2798">
     <span class='ocr_line' id='line_1_56' title="bbox 1911 2726 3502 2798; baseline 0 -14"><span class='ocrx_word' id='word_1_415' title='bbox 1911 2729 2042 2784; x_wconf 92' lang='lat' dir='ltr'><strong>tidie</strong></span> <span class='ocrx_word' id='word_1_416' title='bbox 2095 2728 2276 2783; x_wconf 70' lang='lat' dir='ltr'><strong>missis</strong></span> <span class='ocrx_word' id='word_1_417' title='bbox 2341 2727 2678 2792; x_wconf 87' lang='lat' dir='ltr'><strong>tabellariis,</strong></span> <span class='ocrx_word' id='word_1_418' title='bbox 2747 2726 3025 2780; x_wconf 90' lang='lat' dir='ltr'><strong>inimicum</strong></span> <span class='ocrx_word' id='word_1_419' title='bbox 3094 2729 3214 2798; x_wconf 82' lang='lat' dir='ltr'><strong>ejus</strong></span> <span class='ocrx_word' id='word_1_420' title='bbox 3264 2728 3502 2785; x_wconf 82' lang='lat' dir='ltr'><strong>amicum</strong></span> 
     </span>
    </p>
   </div>
   <div class='ocr_carea' id='block_1_57' title="bbox 1911 2817 3499 2888">
    <p class='ocr_par' dir='ltr' id='par_1_57' title="bbox 1911 2817 3499 2888">
     <span class='ocr_line' id='line_1_57' title="bbox 1911 2817 3499 2888; baseline -0.001 -12"><span class='ocrx_word' id='word_1_421' title='bbox 1911 2830 2158 2876; x_wconf 89' lang='lat' dir='ltr'><strong>nostrum</strong></span> <span class='ocrx_word' id='word_1_422' title='bbox 2183 2828 2238 2873; x_wconf 89' lang='lat' dir='ltr'><strong>et</strong></span> <span class='ocrx_word' id='word_1_423' title='bbox 2273 2817 2760 2873; x_wconf 84' lang='lat' dir='ltr'><strong>familiarissimum</strong></span> <span class='ocrx_word' id='word_1_424' title='bbox 2807 2817 3117 2887; x_wconf 84' lang='lat' dir='ltr'><strong>jactitabas,</strong></span> <span class='ocrx_word' id='word_1_425' title='bbox 3160 2825 3217 2874; x_wconf 87' lang='lat' dir='ltr'><strong>et</strong></span> <span class='ocrx_word' id='word_1_426' title='bbox 3265 2834 3329 2875; x_wconf 85' lang='lat' dir='ltr'><strong>ea</strong></span> <span class='ocrx_word' id='word_1_427' title='bbox 3376 2833 3499 2888; x_wconf 64' lang='lat' dir='ltr'><strong>qua</strong></span> 
     </span>
    </p>
   </div>
   <div class='ocr_carea' id='block_1_58' title="bbox 1910 2909 3500 2978">
    <p class='ocr_par' dir='ltr' id='par_1_58' title="bbox 1910 2909 3500 2978">
     <span class='ocr_line' id='line_1_58' title="bbox 1910 2909 3500 2978; baseline 0 -12"><span class='ocrx_word' id='word_1_428' title='bbox 1910 2927 2054 2966; x_wconf 91' lang='lat' dir='ltr'><strong>nunc</strong></span> <span class='ocrx_word' id='word_1_429' title='bbox 2109 2909 2456 2978; x_wconf 88' lang='lat' dir='ltr'><strong>impudenter</strong></span> <span class='ocrx_word' id='word_1_430' title='bbox 2501 2909 2694 2965; x_wconf 84' lang='lat' dir='ltr'><strong>scribis</strong></span> <span class='ocrx_word' id='word_1_431' title='bbox 2724 2950 2738 2974; x_wconf 94' lang='lat'><strong>,</strong></span> <span class='ocrx_word' id='word_1_432' title='bbox 2792 2909 3142 2964; x_wconf 82' lang='lat' dir='ltr'><strong>mentieharis</strong></span> <span class='ocrx_word' id='word_1_433' title='bbox 3173 2950 3190 2976; x_wconf 89' lang='lat'><strong>,</strong></span> <span class='ocrx_word' id='word_1_434' title='bbox 3247 2919 3306 2966; x_wconf 91' lang='lat' dir='ltr'><strong>ut</strong></span> <span class='ocrx_word' id='word_1_435' title='bbox 3352 2911 3500 2967; x_wconf 88' lang='lat' dir='ltr'><strong>illius</strong></span> 
     </span>
    </p>
   </div>
   <div class='ocr_carea' id='block_1_59' title="bbox 1907 3001 3496 3072">
    <p class='ocr_par' dir='ltr' id='par_1_59' title="bbox 1907 3001 3496 3072">
     <span class='ocr_line' id='line_1_59' title="bbox 1907 3001 3496 3072; baseline -0.003 -10"><span class='ocrx_word' id='word_1_436' title='bbox 1907 3014 2096 3062; x_wconf 88' lang='lat' dir='ltr'><strong>contra</strong></span> <span class='ocrx_word' id='word_1_437' title='bbox 2141 3019 2241 3060; x_wconf 88' lang='lat' dir='ltr'><strong>nos</strong></span> <span class='ocrx_word' id='word_1_438' title='bbox 2269 3003 2390 3058; x_wconf 82' lang='lat' dir='ltr'><strong>odia</strong></span> <span class='ocrx_word' id='word_1_439' title='bbox 2420 3004 2747 3068; x_wconf 76' lang='lat' dir='ltr'><strong>concitores,</strong></span> <span class='ocrx_word' id='word_1_440' title='bbox 2791 3012 2848 3056; x_wconf 88' lang='lat' dir='ltr'><strong>et</strong></span> <span class='ocrx_word' id='word_1_441' title='bbox 2897 3002 3107 3072; x_wconf 72' lang='lat' dir='ltr'><strong>injuriae</strong></span> <span class='ocrx_word' id='word_1_442' title='bbox 3149 3001 3328 3064; x_wconf 88' lang='lat' dir='ltr'><strong>dolor.</strong></span> <span class='ocrx_word' id='word_1_443' title='bbox 3370 3003 3496 3059; x_wconf 86' lang='lat' dir='ltr'><strong>fidei</strong></span> 
     </span>
    </p>
   </div>
   <div class='ocr_carea' id='block_1_60' title="bbox 1906 3094 3499 3168">
    <p class='ocr_par' dir='ltr' id='par_1_60' title="bbox 1906 3094 3499 3168">
     <span class='ocr_line' id='line_1_60' title="bbox 1906 3094 3499 3168; baseline -0.003 -13"><span class='ocrx_word' id='word_1_444' title='bbox 1906 3098 2066 3155; x_wconf 82' lang='lat' dir='ltr'><strong>fieret</strong></span> <span class='ocrx_word' id='word_1_445' title='bbox 2119 3097 2424 3168; x_wconf 87' lang='lat' dir='ltr'><strong>oppressio.</strong></span> <span class='ocrx_word' id='word_1_446' title='bbox 2471 3095 2576 3152; x_wconf 90' lang='lat' dir='ltr'><strong>Sed</strong></span> <span class='ocrx_word' id='word_1_447' title='bbox 2621 3095 2701 3150; x_wconf 87' lang='lat' dir='ltr'><strong>vir</strong></span> <span class='ocrx_word' id='word_1_448' title='bbox 2760 3094 2997 3165; x_wconf 90' lang='lat' dir='ltr'><strong>prudens</strong></span> <span class='ocrx_word' id='word_1_449' title='bbox 3049 3103 3104 3150; x_wconf 90' lang='lat' dir='ltr'><strong>et</strong></span> <span class='ocrx_word' id='word_1_450' title='bbox 3169 3095 3499 3166; x_wconf 74' lang='lat' dir='ltr'><strong>Apostolica:</strong></span> 
     </span>
    </p>
   </div>
   <div class='ocr_carea' id='block_1_61' title="bbox 1908 3188 3501 3263">
    <p class='ocr_par' dir='ltr' id='par_1_61' title="bbox 1908 3188 3501 3263">
     <span class='ocr_line' id='line_1_61' title="bbox 1908 3188 3501 3263; baseline -0.003 -14"><span class='ocrx_word' id='word_1_451' title='bbox 1908 3194 2209 3263; x_wconf 83' lang='lat' dir='ltr'><strong>sapientiae,</strong></span> <span class='ocrx_word' id='word_1_452' title='bbox 2244 3201 2492 3261; x_wconf 86' lang='lat' dir='ltr'><strong>tempore</strong></span> <span class='ocrx_word' id='word_1_453' title='bbox 2520 3204 2582 3244; x_wconf 79' lang='lat' dir='ltr'><strong>ac</strong></span> <span class='ocrx_word' id='word_1_454' title='bbox 2614 3191 2776 3244; x_wconf 89' lang='lat' dir='ltr'><strong>rebus</strong></span> <span class='ocrx_word' id='word_1_455' title='bbox 2805 3188 3054 3259; x_wconf 86' lang='lat' dir='ltr'><strong>probavit</strong></span> <span class='ocrx_word' id='word_1_456' title='bbox 3090 3197 3144 3244; x_wconf 89' lang='lat' dir='ltr'><strong>et</strong></span> <span class='ocrx_word' id='word_1_457' title='bbox 3172 3201 3421 3248; x_wconf 83' lang='lat' dir='ltr'><strong>nostrum</strong></span> <span class='ocrx_word' id='word_1_458' title='bbox 3445 3192 3501 3244; x_wconf 89' lang='lat' dir='ltr'><strong>in</strong></span> 
     </span>
    </p>
   </div>
   <div class='ocr_carea' id='block_1_62' title="bbox 191 3272 3491 3356">
    <p class='ocr_par' dir='ltr' id='par_1_62' title="bbox 191 3272 3491 3356">
     <span class='ocr_line' id='line_1_62' title="bbox 191 3272 3491 3356; baseline 0 -17"><span class='ocrx_word' id='word_1_459' title='bbox 191 3285 323 3340; x_wconf 81' lang='lat' dir='ltr'><strong>res?</strong></span> <span class='ocrx_word' id='word_1_460' title='bbox 376 3287 496 3339; x_wconf 72' lang='lat' dir='ltr'><strong>Aut</strong></span> <span class='ocrx_word' id='word_1_461' title='bbox 518 3299 618 3354; x_wconf 78' lang='lat' dir='ltr'><strong>ego</strong></span> <span class='ocrx_word' id='word_1_462' title='bbox 651 3283 834 3347; x_wconf 85' lang='lat' dir='ltr'><strong>fallor,</strong></span> <span class='ocrx_word' id='word_1_463' title='bbox 867 3293 960 3339; x_wconf 87' lang='lat' dir='ltr'><strong>aut</strong></span> <span class='ocrx_word' id='word_1_464' title='bbox 1009 3284 1137 3338; x_wconf 83' lang='lat' dir='ltr'><strong>illm]</strong></span> <span class='ocrx_word' id='word_1_465' title='bbox 1170 3296 1248 3339; x_wconf 89' lang='lat' dir='ltr'><strong>est</strong></span> <span class='ocrx_word' id='word_1_466' title='bbox 1286 3301 1470 3339; x_wconf 90' lang='lat' dir='ltr'><strong>verum</strong></span> <span class='ocrx_word' id='word_1_467' title='bbox 1502 3286 1643 3356; x_wconf 90' lang='lat' dir='ltr'><strong>quod</strong></span> <span class='ocrx_word' id='word_1_468' title='bbox 1678 3287 1796 3356; x_wconf 90' lang='lat' dir='ltr'><strong>plu-</strong></span> <span class='ocrx_word' id='word_1_469' title='bbox 1827 3272 1873 3336; x_wconf 88' lang='lat' dir='ltr'><strong><em>C</em></strong></span> <span class='ocrx_word' id='word_1_470' title='bbox 1906 3301 1966 3342; x_wconf 90' lang='lat' dir='ltr'><strong>se</strong></span> <span class='ocrx_word' id='word_1_471' title='bbox 1995 3285 2256 3349; x_wconf 89' lang='lat' dir='ltr'><strong>animum,</strong></span> <span class='ocrx_word' id='word_1_472' title='bbox 2289 3293 2344 3339; x_wconf 89' lang='lat' dir='ltr'><strong>et</strong></span> <span class='ocrx_word' id='word_1_473' title='bbox 2364 3295 2572 3339; x_wconf 85' lang='lat' dir='ltr'><strong>vestras</strong></span> <span class='ocrx_word' id='word_1_474' title='bbox 2593 3292 2780 3338; x_wconf 87' lang='lat' dir='ltr'><strong>contra</strong></span> <span class='ocrx_word' id='word_1_475' title='bbox 2827 3297 2924 3339; x_wconf 90' lang='lat' dir='ltr'><strong>nos</strong></span> <span class='ocrx_word' id='word_1_476' title='bbox 2957 3281 3202 3338; x_wconf 85' lang='lat' dir='ltr'><strong>insidias.</strong></span> <span class='ocrx_word' id='word_1_477' title='bbox 3248 3283 3305 3338; x_wconf 90' lang='lat' dir='ltr'><strong>Si</strong></span> <span class='ocrx_word' id='word_1_478' title='bbox 3328 3283 3491 3340; x_wconf 85' lang='lat' dir='ltr'><strong>disci-</strong></span> 
     </span>
    </p>
   </div>
   <div class='ocr_carea' id='block_1_63' title="bbox 194 3379 1806 3452">
    <p class='ocr_par' dir='ltr' id='par_1_63' title="bbox 194 3379 1806 3452">
     <span class='ocr_line' id='line_1_63' title="bbox 194 3379 1806 3452; baseline 0 -18"><span class='ocrx_word' id='word_1_479' title='bbox 194 3379 314 3435; x_wconf 90' lang='lat' dir='ltr'><strong>rimi</strong></span> <span class='ocrx_word' id='word_1_480' title='bbox 341 3379 628 3448; x_wconf 79' lang='lat' dir='ltr'><strong>jactitant,</strong></span> <span class='ocrx_word' id='word_1_481' title='bbox 683 3387 736 3433; x_wconf 91' lang='lat' dir='ltr'><strong>te</strong></span> <span class='ocrx_word' id='word_1_482' title='bbox 768 3379 1198 3449; x_wconf 74' lang='lat' dir='ltr'><strong>Origenistarum</strong></span> <span class='ocrx_word' id='word_1_483' title='bbox 1234 3379 1421 3435; x_wconf 87' lang='lat' dir='ltr'><strong>hostes</strong></span> <span class='ocrx_word' id='word_1_484' title='bbox 1452 3380 1502 3434; x_wconf 89' lang='lat' dir='ltr'><strong>iu</strong></span> <span class='ocrx_word' id='word_1_485' title='bbox 1555 3381 1652 3434; x_wconf 91' lang='lat' dir='ltr'><strong>illo</strong></span> <span class='ocrx_word' id='word_1_486' title='bbox 1681 3397 1806 3452; x_wconf 79' lang='lat' dir='ltr'><strong>per-</strong></span> 
     </span>
    </p>
   </div>
   <div class='ocr_carea' id='block_1_64' title="bbox 198 3470 1805 3542">
    <p class='ocr_par' dir='ltr' id='par_1_64' title="bbox 198 3470 1805 3542">
     <span class='ocr_line' id='line_1_64' title="bbox 198 3470 1805 3542; baseline 0.002 -16"><span class='ocrx_word' id='word_1_487' title='bbox 198 3473 382 3542; x_wconf 87' lang='lat' dir='ltr'><strong>sequi,</strong></span> <span class='ocrx_word' id='word_1_488' title='bbox 411 3476 477 3526; x_wconf 79' lang='lat' dir='ltr'><strong>et</strong></span> <span class='ocrx_word' id='word_1_489' title='bbox 506 3470 607 3526; x_wconf 89' lang='lat' dir='ltr'><strong>sub</strong></span> <span class='ocrx_word' id='word_1_490' title='bbox 637 3471 922 3526; x_wconf 87' lang='lat' dir='ltr'><strong>occasione</strong></span> <span class='ocrx_word' id='word_1_491' title='bbox 953 3471 1110 3526; x_wconf 91' lang='lat' dir='ltr'><strong>unius</strong></span> <span class='ocrx_word' id='word_1_492' title='bbox 1160 3473 1212 3527; x_wconf 93' lang='lat' dir='ltr'><strong>iu</strong></span> <span class='ocrx_word' id='word_1_493' title='bbox 1247 3481 1540 3540; x_wconf 89' lang='lat' dir='ltr'><strong>utrumque</strong></span> <span class='ocrx_word' id='word_1_494' title='bbox 1589 3474 1805 3529; x_wconf 61' lang='lat' dir='ltr'><strong>saevire.</strong></span> 
     </span>
    </p>
   </div>
   <div class='ocr_carea' id='block_1_65' title="bbox 201 3562 1807 3634">
    <p class='ocr_par' dir='ltr' id='par_1_65' title="bbox 201 3562 1807 3634">
     <span class='ocr_line' id='line_1_65' title="bbox 201 3562 1807 3634; baseline 0.003 -14"><span class='ocrx_word' id='word_1_495' title='bbox 201 3563 258 3620; x_wconf 85' lang='lat' dir='ltr'><strong>Si</strong></span> <span class='ocrx_word' id='word_1_496' title='bbox 290 3580 448 3634; x_wconf 69' lang='lat' dir='ltr'><strong>papae</strong></span> <span class='ocrx_word' id='word_1_497' title='bbox 505 3562 796 3632; x_wconf 80' lang='lat' dir='ltr'><strong>TheOphiIi</strong></span> <span class='ocrx_word' id='word_1_498' title='bbox 852 3565 1141 3619; x_wconf 89' lang='lat' dir='ltr'><strong>sententiis</strong></span> <span class='ocrx_word' id='word_1_499' title='bbox 1197 3565 1510 3629; x_wconf 88' lang='lat' dir='ltr'><strong>delectaris,</strong></span> <span class='ocrx_word' id='word_1_500' title='bbox 1565 3575 1618 3621; x_wconf 86' lang='lat' dir='ltr'><strong>et</strong></span> <span class='ocrx_word' id='word_1_501' title='bbox 1656 3566 1807 3624; x_wconf 76' lang='lat' dir='ltr'><strong>nefas</strong></span> 
     </span>
    </p>
   </div>
   <div class='ocr_carea' id='block_1_66' title="bbox 203 3657 1806 3729">
    <p class='ocr_par' dir='ltr' id='par_1_66' title="bbox 203 3657 1806 3729">
     <span class='ocr_line' id='line_1_66' title="bbox 203 3657 1806 3729; baseline 0.002 -17"><span class='ocrx_word' id='word_1_502' title='bbox 203 3667 362 3729; x_wconf 89' lang='lat' dir='ltr'><strong>putas</strong></span> <span class='ocrx_word' id='word_1_503' title='bbox 396 3657 726 3714; x_wconf 84' lang='lat' dir='ltr'><strong>Pontificum</strong></span> <span class='ocrx_word' id='word_1_504' title='bbox 755 3657 978 3714; x_wconf 89' lang='lat' dir='ltr'><strong>decreta</strong></span> <span class='ocrx_word' id='word_1_505' title='bbox 1029 3659 1286 3723; x_wconf 84' lang='lat' dir='ltr'><strong>convelli,</strong></span> <span class='ocrx_word' id='word_1_506' title='bbox 1314 3658 1444 3729; x_wconf 90' lang='lat' dir='ltr'><strong>quid</strong></span> <span class='ocrx_word' id='word_1_507' title='bbox 1493 3659 1559 3712; x_wconf 90' lang='lat' dir='ltr'><strong>de</strong></span> <span class='ocrx_word' id='word_1_508' title='bbox 1595 3661 1806 3716; x_wconf 60' lang='lat' dir='ltr'><strong>caeteris</strong></span> 
     </span>
    </p>
   </div>
   <div class='ocr_carea' id='block_1_67' title="bbox 201 3749 1802 3822">
    <p class='ocr_par' dir='ltr' id='par_1_67' title="bbox 201 3749 1802 3822">
     <span class='ocr_line' id='line_1_67' title="bbox 201 3749 1802 3822; baseline 0.001 -18"><span class='ocrx_word' id='word_1_509' title='bbox 201 3749 363 3813; x_wconf 76' lang='lat' dir='ltr'><strong>dicis,</strong></span> <span class='ocrx_word' id='word_1_510' title='bbox 387 3765 530 3820; x_wconf 88' lang='lat' dir='ltr'><strong>quos</strong></span> <span class='ocrx_word' id='word_1_511' title='bbox 563 3750 678 3818; x_wconf 87' lang='lat' dir='ltr'><strong>ipse</strong></span> <span class='ocrx_word' id='word_1_512' title='bbox 703 3749 1013 3805; x_wconf 87' lang='lat' dir='ltr'><strong>damnavit?</strong></span> <span class='ocrx_word' id='word_1_513' title='bbox 1040 3751 1177 3819; x_wconf 87' lang='lat' dir='ltr'><strong>Quid</strong></span> <span class='ocrx_word' id='word_1_514' title='bbox 1222 3751 1289 3806; x_wconf 88' lang='lat' dir='ltr'><strong>de</strong></span> <span class='ocrx_word' id='word_1_515' title='bbox 1319 3767 1452 3822; x_wconf 86' lang='lat' dir='ltr'><strong>papa</strong></span> <span class='ocrx_word' id='word_1_516' title='bbox 1493 3753 1802 3817; x_wconf 79' lang='lat' dir='ltr'><strong>Anastasio,</strong></span> 
     </span>
    </p>
   </div>
   <div class='ocr_carea' id='block_1_68' title="bbox 204 3841 1805 3915">
    <p class='ocr_par' dir='ltr' id='par_1_68' title="bbox 204 3841 1805 3915">
     <span class='ocr_line' id='line_1_68' title="bbox 204 3841 1805 3915; baseline 0.001 -17"><span class='ocrx_word' id='word_1_517' title='bbox 204 3842 270 3898; x_wconf 90' lang='lat' dir='ltr'><strong>de</strong></span> <span class='ocrx_word' id='word_1_518' title='bbox 300 3859 410 3915; x_wconf 86' lang='lat' dir='ltr'><strong>quo</strong></span> <span class='ocrx_word' id='word_1_519' title='bbox 434 3841 593 3909; x_wconf 90' lang='lat' dir='ltr'><strong>nulli,</strong></span> <span class='ocrx_word' id='word_1_520' title='bbox 629 3850 686 3898; x_wconf 87' lang='lat' dir='ltr'><strong>ut</strong></span> <span class='ocrx_word' id='word_1_521' title='bbox 733 3844 834 3907; x_wconf 90' lang='lat' dir='ltr'><strong>ais,</strong></span> <span class='ocrx_word' id='word_1_522' title='bbox 868 3860 1055 3898; x_wconf 89' lang='lat' dir='ltr'><strong>verum</strong></span> <span class='ocrx_word' id='word_1_523' title='bbox 1088 3844 1325 3909; x_wconf 86' lang='lat' dir='ltr'><strong>videtur,</strong></span> <span class='ocrx_word' id='word_1_524' title='bbox 1361 3853 1421 3898; x_wconf 92' lang='lat' dir='ltr'><strong>ut</strong></span> <span class='ocrx_word' id='word_1_525' title='bbox 1470 3854 1632 3900; x_wconf 66' lang='lat' dir='ltr'><strong>tantae</strong></span> <span class='ocrx_word' id='word_1_526' title='bbox 1653 3844 1805 3900; x_wconf 75' lang='lat' dir='ltr'><strong>urbis</strong></span> 
     </span>
    </p>
   </div>
   <div class='ocr_carea' id='block_1_69' title="bbox 205 3938 1807 4008">
    <p class='ocr_par' dir='ltr' id='par_1_69' title="bbox 205 3938 1807 4008">
     <span class='ocr_line' id='line_1_69' title="bbox 205 3938 1807 4008; baseline 0.001 -15"><span class='ocrx_word' id='word_1_527' title='bbox 205 3938 488 4004; x_wconf 84' lang='lat' dir='ltr'><strong>sacerdos,</strong></span> <span class='ocrx_word' id='word_1_528' title='bbox 523 3938 607 3992; x_wconf 82' lang='lat' dir='ltr'><strong>vel</strong></span> <span class='ocrx_word' id='word_1_529' title='bbox 656 3938 931 3994; x_wconf 72' lang='lat' dir='ltr'><strong>innocenti</strong></span> <span class='ocrx_word' id='word_1_530' title='bbox 987 3938 1079 3994; x_wconf 88' lang='lat' dir='ltr'><strong>tibi</strong></span> <span class='ocrx_word' id='word_1_531' title='bbox 1114 3939 1365 4008; x_wconf 88' lang='lat' dir='ltr'><strong>injuriam</strong></span> <span class='ocrx_word' id='word_1_532' title='bbox 1416 3938 1592 3994; x_wconf 84' lang='lat' dir='ltr'><strong>facere</strong></span> <span class='ocrx_word' id='word_1_533' title='bbox 1621 3948 1807 4008; x_wconf 86' lang='lat' dir='ltr'><strong>potue-</strong></span> 
     </span>
    </p>
   </div>
   <div class='ocr_carea' id='block_1_70' title="bbox 205 4031 1794 4103">
    <p class='ocr_par' dir='ltr' id='par_1_70' title="bbox 205 4031 1794 4103">
     <span class='ocr_line' id='line_1_70' title="bbox 205 4031 1794 4103; baseline -0.001 -16"><span class='ocrx_word' id='word_1_534' title='bbox 205 4033 294 4096; x_wconf 73' lang='lat' dir='ltr'><strong>th,</strong></span> <span class='ocrx_word' id='word_1_535' title='bbox 338 4032 423 4088; x_wconf 87' lang='lat' dir='ltr'><strong>vel</strong></span> <span class='ocrx_word' id='word_1_536' title='bbox 458 4031 718 4085; x_wconf 87' lang='lat' dir='ltr'><strong>absenti?</strong></span> <span class='ocrx_word' id='word_1_537' title='bbox 748 4031 859 4086; x_wconf 86' lang='lat' dir='ltr'><strong>Nec</strong></span> <span class='ocrx_word' id='word_1_538' title='bbox 882 4031 985 4086; x_wconf 92' lang='lat' dir='ltr'><strong>hoc</strong></span> <span class='ocrx_word' id='word_1_539' title='bbox 1029 4032 1173 4097; x_wconf 91' lang='lat' dir='ltr'><strong>dico,</strong></span> <span class='ocrx_word' id='word_1_540' title='bbox 1219 4031 1366 4103; x_wconf 89' lang='lat' dir='ltr'><strong>quod</strong></span> <span class='ocrx_word' id='word_1_541' title='bbox 1415 4031 1483 4088; x_wconf 90' lang='lat' dir='ltr'><strong>de</strong></span> <span class='ocrx_word' id='word_1_542' title='bbox 1519 4033 1794 4103; x_wconf 69' lang='lat' dir='ltr'><strong>episcopo</strong></span> 
     </span>
    </p>
   </div>
   <div class='ocr_carea' id='block_1_71' title="bbox 206 4123 1807 4193">
    <p class='ocr_par' dir='ltr' id='par_1_71' title="bbox 206 4123 1807 4193">
     <span class='ocr_line' id='line_1_71' title="bbox 206 4123 1807 4193; baseline 0.001 -14"><span class='ocrx_word' id='word_1_543' title='bbox 206 4139 324 4179; x_wconf 89' lang='lat' dir='ltr'><strong>rum</strong></span> <span class='ocrx_word' id='word_1_544' title='bbox 355 4124 651 4180; x_wconf 85' lang='lat' dir='ltr'><strong>sententiis</strong></span> <span class='ocrx_word' id='word_1_545' title='bbox 687 4123 954 4192; x_wconf 86' lang='lat' dir='ltr'><strong>judicem,</strong></span> <span class='ocrx_word' id='word_1_546' title='bbox 997 4133 1091 4178; x_wconf 90' lang='lat' dir='ltr'><strong>aut</strong></span> <span class='ocrx_word' id='word_1_547' title='bbox 1139 4138 1328 4180; x_wconf 89' lang='lat' dir='ltr'><strong>eorum</strong></span> <span class='ocrx_word' id='word_1_548' title='bbox 1358 4126 1574 4193; x_wconf 89' lang='lat' dir='ltr'><strong>cupiam</strong></span> <span class='ocrx_word' id='word_1_549' title='bbox 1608 4135 1807 4180; x_wconf 87' lang='lat' dir='ltr'><strong>statuta</strong></span> 
     </span>
    </p>
   </div>
   <div class='ocr_carea' id='block_1_72' title="bbox 205 4214 1803 4285">
    <p class='ocr_par' dir='ltr' id='par_1_72' title="bbox 205 4214 1803 4285">
     <span class='ocr_line' id='line_1_72' title="bbox 205 4214 1803 4285; baseline -0.001 -13"><span class='ocrx_word' id='word_1_550' title='bbox 205 4218 474 4283; x_wconf 88' lang='lat' dir='ltr'><strong>rescindi;</strong></span> <span class='ocrx_word' id='word_1_551' title='bbox 518 4215 614 4270; x_wconf 88' lang='lat' dir='ltr'><strong>sed</strong></span> <span class='ocrx_word' id='word_1_552' title='bbox 649 4214 789 4284; x_wconf 90' lang='lat' dir='ltr'><strong>quod</strong></span> <span class='ocrx_word' id='word_1_553' title='bbox 817 4215 1188 4284; x_wconf 88' lang='lat' dir='ltr'><strong>unusquisque</strong></span> <span class='ocrx_word' id='word_1_554' title='bbox 1218 4233 1316 4270; x_wconf 80' lang='lat' dir='ltr'><strong>suo</strong></span> <span class='ocrx_word' id='word_1_555' title='bbox 1349 4217 1592 4285; x_wconf 84' lang='lat' dir='ltr'><strong>periculo</strong></span> <span class='ocrx_word' id='word_1_556' title='bbox 1621 4215 1803 4285; x_wconf 82' lang='lat' dir='ltr'><strong>faciat,</strong></span> 
     </span>
    </p>
   </div>
   <div class='ocr_carea' id='block_1_73' title="bbox 207 4305 1810 4377">
    <p class='ocr_par' dir='ltr' id='par_1_73' title="bbox 207 4305 1810 4377">
     <span class='ocr_line' id='line_1_73' title="bbox 207 4305 1810 4377; baseline 0.001 -15"><span class='ocrx_word' id='word_1_557' title='bbox 207 4310 349 4376; x_wconf 90' lang='lat' dir='ltr'><strong>quod</strong></span> <span class='ocrx_word' id='word_1_558' title='bbox 397 4308 509 4364; x_wconf 87' lang='lat' dir='ltr'><strong>sibi</strong></span> <span class='ocrx_word' id='word_1_559' title='bbox 542 4306 788 4368; x_wconf 85' lang='lat' dir='ltr'><strong>videtur,</strong></span> <span class='ocrx_word' id='word_1_560' title='bbox 818 4315 868 4358; x_wconf 91' lang='lat' dir='ltr'><strong>ct</strong></span> <span class='ocrx_word' id='word_1_561' title='bbox 905 4305 1020 4372; x_wconf 79' lang='lat' dir='ltr'><strong>ipse</strong></span> <span class='ocrx_word' id='word_1_562' title='bbox 1052 4308 1284 4372; x_wconf 90' lang='lat' dir='ltr'><strong>noverit,</strong></span> <span class='ocrx_word' id='word_1_563' title='bbox 1318 4310 1589 4377; x_wconf 87' lang='lat' dir='ltr'><strong>quomodo</strong></span> <span class='ocrx_word' id='word_1_564' title='bbox 1615 4310 1682 4365; x_wconf 88' lang='lat' dir='ltr'><strong>de</strong></span> <span class='ocrx_word' id='word_1_565' title='bbox 1710 4325 1810 4364; x_wconf 88' lang='lat' dir='ltr'><strong>suo</strong></span> 
     </span>
    </p>
   </div>
   <div class='ocr_carea' id='block_1_74' title="bbox 201 4393 1810 4470">
    <p class='ocr_par' dir='ltr' id='par_1_74' title="bbox 201 4393 1810 4470">
     <span class='ocr_line' id='line_1_74' title="bbox 201 4393 1810 4470; baseline 0.001 -18"><span class='ocrx_word' id='word_1_566' title='bbox 201 4400 408 4470; x_wconf 89' lang='lat' dir='ltr'><strong>judicio</strong></span> <span class='ocrx_word' id='word_1_567' title='bbox 430 4396 791 4470; x_wconf 87' lang='lat' dir='ltr'><strong>judicandum</strong></span> <span class='ocrx_word' id='word_1_568' title='bbox 822 4394 912 4448; x_wconf 87' lang='lat' dir='ltr'><strong>sit.</strong></span> <span class='ocrx_word' id='word_1_569' title='bbox 963 4393 1127 4448; x_wconf 85' lang='lat' dir='ltr'><strong>Nobis</strong></span> <span class='ocrx_word' id='word_1_570' title='bbox 1176 4398 1226 4450; x_wconf 92' lang='lat' dir='ltr'><strong>in</strong></span> <span class='ocrx_word' id='word_1_571' title='bbox 1260 4400 1590 4454; x_wconf 89' lang='lat' dir='ltr'><strong>monasterio</strong></span> <span class='ocrx_word' id='word_1_572' title='bbox 1623 4399 1810 4468; x_wconf 79' lang='lat' dir='ltr'><strong>hospi-</strong></span> 
     </span>
    </p>
   </div>
   <div class='ocr_carea' id='block_1_75' title="bbox 205 4489 1808 4556">
    <p class='ocr_par' dir='ltr' id='par_1_75' title="bbox 205 4489 1808 4556">
     <span class='ocr_line' id='line_1_75' title="bbox 205 4489 1808 4556; baseline 0.003 -11"><span class='ocrx_word' id='word_1_573' title='bbox 205 4493 390 4546; x_wconf 90' lang='lat' dir='ltr'><strong>talitas</strong></span> <span class='ocrx_word' id='word_1_574' title='bbox 417 4489 575 4546; x_wconf 90' lang='lat' dir='ltr'><strong>cordi</strong></span> <span class='ocrx_word' id='word_1_575' title='bbox 601 4497 718 4549; x_wconf 83' lang='lat' dir='ltr'><strong>est:</strong></span> <span class='ocrx_word' id='word_1_576' title='bbox 749 4501 1051 4555; x_wconf 84' lang='lat' dir='ltr'><strong>omnesque</strong></span> <span class='ocrx_word' id='word_1_577' title='bbox 1095 4490 1160 4542; x_wconf 87' lang='lat' dir='ltr'><strong>ad</strong></span> <span class='ocrx_word' id='word_1_578' title='bbox 1205 4504 1302 4544; x_wconf 92' lang='lat' dir='ltr'><strong>nos</strong></span> <span class='ocrx_word' id='word_1_579' title='bbox 1325 4491 1630 4556; x_wconf 78' lang='lat' dir='ltr'><strong>venientes,</strong></span> <span class='ocrx_word' id='word_1_580' title='bbox 1684 4493 1808 4550; x_wconf 59' lang='lat' dir='ltr'><strong>laeta</strong></span> 
     </span>
    </p>
   </div>
   <div class='ocr_carea' id='block_1_76' title="bbox 206 4568 1808 4650">
    <p class='ocr_par' dir='ltr' id='par_1_76' title="bbox 206 4568 1808 4650">
     <span class='ocr_line' id='line_1_76' title="bbox 206 4568 1808 4650; baseline 0.004 -14"><span class='ocrx_word' id='word_1_581' title='bbox 206 4582 565 4640; x_wconf 77' lang='lat' dir='ltr'><strong>humanitatis</strong></span> <span class='ocrx_word' id='word_1_582' title='bbox 611 4580 789 4635; x_wconf 87' lang='lat' dir='ltr'><strong>fronte</strong></span> <span class='ocrx_word' id='word_1_583' title='bbox 837 4568 1183 4650; x_wconf 76' lang='lat' dir='ltr'><strong>suscipimus.</strong></span> <span class='ocrx_word' id='word_1_584' title='bbox 1238 4579 1500 4638; x_wconf 83' lang='lat' dir='ltr'><strong>Veremur</strong></span> <span class='ocrx_word' id='word_1_585' title='bbox 1539 4585 1686 4642; x_wconf 88' lang='lat' dir='ltr'><strong>enim</strong></span> <span class='ocrx_word' id='word_1_586' title='bbox 1741 4603 1808 4643; x_wconf 89' lang='lat' dir='ltr'><strong>ne</strong></span> 
     </span>
    </p>
   </div>
   <div class='ocr_carea' id='block_1_77' title="bbox 1908 3374 3482 3448">
    <p class='ocr_par' dir='ltr' id='par_1_77' title="bbox 1908 3374 3482 3448">
     <span class='ocr_line' id='line_1_77' title="bbox 1908 3374 3482 3448; baseline -0.001 -16"><span class='ocrx_word' id='word_1_587' title='bbox 1908 3378 2016 3448; x_wconf 88' lang='lat' dir='ltr'><strong>puli</strong></span> <span class='ocrx_word' id='word_1_588' title='bbox 2050 3378 2176 3441; x_wconf 90' lang='lat' dir='ltr'><strong>mei,</strong></span> <span class='ocrx_word' id='word_1_589' title='bbox 2205 3387 2262 3432; x_wconf 92' lang='lat' dir='ltr'><strong>ut</strong></span> <span class='ocrx_word' id='word_1_590' title='bbox 2285 3377 2502 3441; x_wconf 86' lang='lat' dir='ltr'><strong>scribis,</strong></span> <span class='ocrx_word' id='word_1_591' title='bbox 2532 3375 2625 3430; x_wconf 89' lang='lat' dir='ltr'><strong>tibi</strong></span> <span class='ocrx_word' id='word_1_592' title='bbox 2650 3375 2838 3430; x_wconf 70' lang='lat' dir='ltr'><strong>Romo:</strong></span> <span class='ocrx_word' id='word_1_593' title='bbox 2864 3374 3092 3432; x_wconf 87' lang='lat' dir='ltr'><strong>insidias</strong></span> <span class='ocrx_word' id='word_1_594' title='bbox 3117 3377 3482 3442; x_wconf 88' lang='lat' dir='ltr'><strong>concitarunt,</strong></span> 
     </span>
    </p>
   </div>
   <div class='ocr_carea' id='block_1_78' title="bbox 1907 3467 3498 3535">
    <p class='ocr_par' dir='ltr' id='par_1_78' title="bbox 1907 3467 3498 3535">
     <span class='ocr_line' id='line_1_78' title="bbox 1907 3467 3498 3535; baseline -0.004 -7"><span class='ocrx_word' id='word_1_595' title='bbox 1907 3481 1961 3528; x_wconf 92' lang='lat' dir='ltr'><strong>et</strong></span> <span class='ocrx_word' id='word_1_596' title='bbox 1982 3469 2353 3526; x_wconf 88' lang='lat' dir='ltr'><strong>inemendatas</strong></span> <span class='ocrx_word' id='word_1_597' title='bbox 2373 3467 2684 3534; x_wconf 86' lang='lat' dir='ltr'><strong>schedulas,</strong></span> <span class='ocrx_word' id='word_1_598' title='bbox 2717 3477 2768 3523; x_wconf 92' lang='lat' dir='ltr'><strong>te</strong></span> <span class='ocrx_word' id='word_1_599' title='bbox 2785 3467 3111 3535; x_wconf 86' lang='lat' dir='ltr'><strong>dormiente,</strong></span> <span class='ocrx_word' id='word_1_600' title='bbox 3136 3467 3300 3524; x_wconf 84' lang='lat' dir='ltr'><strong>furati</strong></span> <span class='ocrx_word' id='word_1_601' title='bbox 3321 3475 3448 3524; x_wconf 86' lang='lat' dir='ltr'><strong>sunt</strong></span> <span class='ocrx_word' id='word_1_602' title='bbox 3482 3481 3498 3521; x_wconf 80' lang='grc' dir='ltr'><strong>ι</strong></span> 
     </span>
    </p>
   </div>
   <div class='ocr_carea' id='block_1_79' title="bbox 1908 3559 3496 3634">
    <p class='ocr_par' dir='ltr' id='par_1_79' title="bbox 1908 3559 3496 3634">
     <span class='ocr_line' id='line_1_79' title="bbox 1908 3559 3496 3634; baseline -0.002 -17"><span class='ocrx_word' id='word_1_603' title='bbox 1908 3564 2030 3634; x_wconf 89' lang='lat' dir='ltr'><strong>quis</strong></span> <span class='ocrx_word' id='word_1_604' title='bbox 2095 3577 2285 3632; x_wconf 87' lang='lat' dir='ltr'><strong>papam</strong></span> <span class='ocrx_word' id='word_1_605' title='bbox 2338 3559 2702 3630; x_wconf 85' lang='lat' dir='ltr'><strong>Theophilum</strong></span> <span class='ocrx_word' id='word_1_606' title='bbox 2758 3560 3025 3617; x_wconf 85' lang='lat' dir='ltr'><strong>adversus</strong></span> <span class='ocrx_word' id='word_1_607' title='bbox 3068 3560 3380 3630; x_wconf 87' lang='lat' dir='ltr'><strong>perduelles</strong></span> <span class='ocrx_word' id='word_1_608' title='bbox 3442 3559 3496 3616; x_wconf 87' lang='lat' dir='ltr'><strong>in</strong></span> 
     </span>
    </p>
   </div>
   <div class='ocr_carea' id='block_1_80' title="bbox 1909 3653 3495 3729">
    <p class='ocr_par' dir='ltr' id='par_1_80' title="bbox 1909 3653 3495 3729">
     <span class='ocr_line' id='line_1_80' title="bbox 1909 3653 3495 3729; baseline -0.001 -17"><span class='ocrx_word' id='word_1_609' title='bbox 1909 3656 2146 3729; x_wconf 67' lang='lat' dir='ltr'><strong>Egypto</strong></span> <span class='ocrx_word' id='word_1_610' title='bbox 2163 3655 2484 3712; x_wconf 79' lang='lat' dir='ltr'><strong>suscitavit?</strong></span> <span class='ocrx_word' id='word_1_611' title='bbox 2512 3655 2643 3722; x_wconf 87' lang='lat' dir='ltr'><strong>Quis</strong></span> <span class='ocrx_word' id='word_1_612' title='bbox 2675 3670 2862 3725; x_wconf 83' lang='lat' dir='ltr'><strong>regum</strong></span> <span class='ocrx_word' id='word_1_613' title='bbox 2887 3654 3021 3710; x_wconf 90' lang='lat' dir='ltr'><strong>scita</strong></span> <span class='ocrx_word' id='word_1_614' title='bbox 3045 3654 3070 3707; x_wconf 87' lang='lat'><strong>?</strong></span> <span class='ocrx_word' id='word_1_615' title='bbox 3112 3654 3236 3724; x_wconf 89' lang='lat' dir='ltr'><strong>quis</strong></span> <span class='ocrx_word' id='word_1_616' title='bbox 3261 3653 3411 3711; x_wconf 81' lang='lat' dir='ltr'><strong>orbis</strong></span> <span class='ocrx_word' id='word_1_617' title='bbox 3440 3654 3495 3710; x_wconf 89' lang='lat' dir='ltr'><strong>in</strong></span> 
     </span>
    </p>
   </div>
   <div class='ocr_carea' id='block_1_81' title="bbox 1911 3747 3501 3819">
    <p class='ocr_par' dir='ltr' id='par_1_81' title="bbox 1911 3747 3501 3819">
     <span class='ocr_line' id='line_1_81' title="bbox 1911 3747 3501 3819; baseline 0 -14"><span class='ocrx_word' id='word_1_618' title='bbox 1911 3749 2010 3805; x_wconf 90' lang='lat' dir='ltr'><strong>hac</strong></span> <span class='ocrx_word' id='word_1_619' title='bbox 2041 3758 2190 3819; x_wconf 89' lang='lat' dir='ltr'><strong>parte</strong></span> <span class='ocrx_word' id='word_1_620' title='bbox 2217 3749 2580 3805; x_wconf 86' lang='lat' dir='ltr'><strong>consensum?</strong></span> <span class='ocrx_word' id='word_1_621' title='bbox 2627 3747 2698 3802; x_wconf 90' lang='lat' dir='ltr'><strong>Et</strong></span> <span class='ocrx_word' id='word_1_622' title='bbox 2724 3748 2975 3818; x_wconf 71' lang='lat' dir='ltr'><strong>gloriaris</strong></span> <span class='ocrx_word' id='word_1_623' title='bbox 3000 3757 3051 3802; x_wconf 92' lang='lat' dir='ltr'><strong>te</strong></span> <span class='ocrx_word' id='word_1_624' title='bbox 3076 3748 3146 3802; x_wconf 80' lang='lat' dir='ltr'><strong>ab</strong></span> <span class='ocrx_word' id='word_1_625' title='bbox 3175 3747 3501 3804; x_wconf 83' lang='lat' dir='ltr'><strong>adolescen-</strong></span> 
     </span>
    </p>
   </div>
   <div class='ocr_carea' id='block_1_82' title="bbox 1908 3841 3495 3916">
    <p class='ocr_par' dir='ltr' id='par_1_82' title="bbox 1908 3841 3495 3916">
     <span class='ocr_line' id='line_1_82' title="bbox 1908 3841 3495 3916; baseline 0 -16"><span class='ocrx_word' id='word_1_626' title='bbox 1908 3845 1975 3900; x_wconf 87' lang='lat' dir='ltr'><strong>tia</strong></span> <span class='ocrx_word' id='word_1_627' title='bbox 2009 3843 2173 3916; x_wconf 68' lang='grc'><strong>548</strong></span> <span class='ocrx_word' id='word_1_628' title='bbox 2201 3843 2486 3913; x_wconf 89' lang='lat' dir='ltr'><strong>Theophili</strong></span> <span class='ocrx_word' id='word_1_629' title='bbox 2529 3841 2692 3897; x_wconf 80' lang='lat' dir='ltr'><strong>fuisse</strong></span> <span class='ocrx_word' id='word_1_630' title='bbox 2718 3843 3020 3897; x_wconf 83' lang='lat' dir='ltr'><strong>auditorem</strong></span> <span class='ocrx_word' id='word_1_631' title='bbox 3042 3851 3098 3898; x_wconf 87' lang='lat' dir='ltr'><strong>et</strong></span> <span class='ocrx_word' id='word_1_632' title='bbox 3137 3841 3495 3905; x_wconf 84' lang='lat' dir='ltr'><strong>discipulum:</strong></span> 
     </span>
    </p>
   </div>
   <div class='ocr_carea' id='block_1_83' title="bbox 1906 3934 3504 4006">
    <p class='ocr_par' dir='ltr' id='par_1_83' title="bbox 1906 3934 3504 4006">
     <span class='ocr_line' id='line_1_83' title="bbox 1906 3934 3504 4006; baseline 0 -13"><span class='ocrx_word' id='word_1_633' title='bbox 1906 3954 2028 3993; x_wconf 89' lang='lat' dir='ltr'><strong>cum</strong></span> <span class='ocrx_word' id='word_1_634' title='bbox 2053 3937 2214 3991; x_wconf 89' lang='lat' dir='ltr'><strong>etiiie</strong></span> <span class='ocrx_word' id='word_1_635' title='bbox 2229 3944 2519 4006; x_wconf 89' lang='lat' dir='ltr'><strong>antequam</strong></span> <span class='ocrx_word' id='word_1_636' title='bbox 2545 3935 2835 4005; x_wconf 83' lang='lat' dir='ltr'><strong>episcopus</strong></span> <span class='ocrx_word' id='word_1_637' title='bbox 2867 3934 3041 3997; x_wconf 81' lang='lat' dir='ltr'><strong>ﬁeret.</strong></span> <span class='ocrx_word' id='word_1_638' title='bbox 3071 3948 3171 4002; x_wconf 90' lang='lat' dir='ltr'><strong>pro</strong></span> <span class='ocrx_word' id='word_1_639' title='bbox 3197 3934 3504 3993; x_wconf 83' lang='lat' dir='ltr'><strong>humilitate</strong></span> 
     </span>
    </p>
   </div>
   <div class='ocr_carea' id='block_1_84' title="bbox 1909 4028 3506 4098">
    <p class='ocr_par' dir='ltr' id='par_1_84' title="bbox 1909 4028 3506 4098">
     <span class='ocr_line' id='line_1_84' title="bbox 1909 4028 3506 4098; baseline 0.002 -14"><span class='ocrx_word' id='word_1_640' title='bbox 1909 4030 2008 4085; x_wconf 89' lang='lat' dir='ltr'><strong>sibi</strong></span> <span class='ocrx_word' id='word_1_641' title='bbox 2040 4030 2198 4083; x_wconf 89' lang='lat' dir='ltr'><strong>insita</strong></span> <span class='ocrx_word' id='word_1_642' title='bbox 2229 4043 2522 4096; x_wconf 87' lang='lat' dir='ltr'><strong>numquam</strong></span> <span class='ocrx_word' id='word_1_643' title='bbox 2567 4028 2837 4092; x_wconf 85' lang='lat' dir='ltr'><strong>docuerit,</strong></span> <span class='ocrx_word' id='word_1_644' title='bbox 2886 4036 2940 4084; x_wconf 87' lang='lat' dir='ltr'><strong>et</strong></span> <span class='ocrx_word' id='word_1_645' title='bbox 2982 4035 3036 4082; x_wconf 93' lang='lat' dir='ltr'><strong>tu</strong></span> <span class='ocrx_word' id='word_1_646' title='bbox 3077 4037 3362 4098; x_wconf 80' lang='lat' dir='ltr'><strong>postquam</strong></span> <span class='ocrx_word' id='word_1_647' title='bbox 3417 4030 3506 4087; x_wconf 88' lang='lat' dir='ltr'><strong>hic</strong></span> 
     </span>
    </p>
   </div>
   <div class='ocr_carea' id='block_1_85' title="bbox 1911 4119 3507 4191">
    <p class='ocr_par' dir='ltr' id='par_1_85' title="bbox 1911 4119 3507 4191">
     <span class='ocr_line' id='line_1_85' title="bbox 1911 4119 3507 4191; baseline 0.001 -14"><span class='ocrx_word' id='word_1_648' title='bbox 1911 4122 2199 4191; x_wconf 85' lang='lat' dir='ltr'><strong>episcopus</strong></span> <span class='ocrx_word' id='word_1_649' title='bbox 2229 4119 2404 4176; x_wconf 80' lang='lat' dir='ltr'><strong>factus</strong></span> <span class='ocrx_word' id='word_1_650' title='bbox 2425 4128 2526 4186; x_wconf 85' lang='lat' dir='ltr'><strong>est,</strong></span> <span class='ocrx_word' id='word_1_651' title='bbox 2573 4120 2923 4176; x_wconf 77' lang='lat' dir='ltr'><strong>Alexandriae</strong></span> <span class='ocrx_word' id='word_1_652' title='bbox 2951 4135 3058 4176; x_wconf 91' lang='lat' dir='ltr'><strong>non</strong></span> <span class='ocrx_word' id='word_1_653' title='bbox 3087 4119 3278 4176; x_wconf 86' lang='lat' dir='ltr'><strong>fueris.</strong></span> <span class='ocrx_word' id='word_1_654' title='bbox 3315 4122 3380 4176; x_wconf 85' lang='lat' dir='ltr'><strong>Et</strong></span> <span class='ocrx_word' id='word_1_655' title='bbox 3411 4138 3507 4179; x_wconf 65' lang='grc' dir='ltr'>ξιιμ</span> 
     </span>
    </p>
   </div>
   <div class='ocr_carea' id='block_1_86' title="bbox 1912 4211 3504 4282">
    <p class='ocr_par' dir='ltr' id='par_1_86' title="bbox 1912 4211 3504 4282">
     <span class='ocr_line' id='line_1_86' title="bbox 1912 4211 3504 4282; baseline 0.002 -14"><span class='ocrx_word' id='word_1_656' title='bbox 1912 4213 2009 4268; x_wconf 87' lang='lat' dir='ltr'><strong>des</strong></span> <span class='ocrx_word' id='word_1_657' title='bbox 2045 4212 2228 4267; x_wconf 89' lang='lat' dir='ltr'><strong>dicere</strong></span> <span class='ocrx_word' id='word_1_658' title='bbox 2285 4213 2337 4267; x_wconf 94' lang='lat' dir='ltr'><strong>in</strong></span> <span class='ocrx_word' id='word_1_659' title='bbox 2365 4211 2800 4281; x_wconf 81' lang='lat' dir='ltr'><strong>suggillationem</strong></span> <span class='ocrx_word' id='word_1_660' title='bbox 2832 4211 2962 4277; x_wconf 87' lang='lat' dir='ltr'><strong>mei.</strong></span> <span class='ocrx_word' id='word_1_661' title='bbox 3007 4212 3296 4282; x_wconf 79' lang='lat' dir='ltr'><strong>Magistros</strong></span> <span class='ocrx_word' id='word_1_662' title='bbox 3326 4224 3504 4278; x_wconf 88' lang='lat' dir='ltr'><strong>meos.</strong></span> 
     </span>
    </p>
   </div>
   <div class='ocr_carea' id='block_1_87' title="bbox 1913 4304 3506 4375">
    <p class='ocr_par' dir='ltr' id='par_1_87' title="bbox 1913 4304 3506 4375">
     <span class='ocr_line' id='line_1_87' title="bbox 1913 4304 3506 4375; baseline 0.001 -13"><span class='ocrx_word' id='word_1_663' title='bbox 1913 4319 2012 4362; x_wconf 90' lang='lat' dir='ltr'><strong>nec</strong></span> <span class='ocrx_word' id='word_1_664' title='bbox 2055 4318 2273 4369; x_wconf 89' lang='lat' dir='ltr'><strong>accuso,</strong></span> <span class='ocrx_word' id='word_1_665' title='bbox 2306 4319 2404 4360; x_wconf 87' lang='lat' dir='ltr'><strong>nec</strong></span> <span class='ocrx_word' id='word_1_666' title='bbox 2432 4312 2599 4360; x_wconf 89' lang='lat' dir='ltr'><strong>muto.</strong></span> <span class='ocrx_word' id='word_1_667' title='bbox 2644 4304 2797 4372; x_wconf 87' lang='lat' dir='ltr'><strong>Quod</strong></span> <span class='ocrx_word' id='word_1_668' title='bbox 2829 4305 2874 4361; x_wconf 88' lang='lat' dir='ltr'><strong>si</strong></span> <span class='ocrx_word' id='word_1_669' title='bbox 2916 4319 3104 4360; x_wconf 87' lang='lat' dir='ltr'><strong>verum</strong></span> <span class='ocrx_word' id='word_1_670' title='bbox 3144 4315 3249 4371; x_wconf 86' lang='lat' dir='ltr'><strong>est,</strong></span> <span class='ocrx_word' id='word_1_671' title='bbox 3279 4321 3506 4375; x_wconf 87' lang='lat' dir='ltr'><strong>suspec-</strong></span> 
     </span>
    </p>
   </div>
   <div class='ocr_carea' id='block_1_88' title="bbox 1913 4395 3502 4456">
    <p class='ocr_par' dir='ltr' id='par_1_88' title="bbox 1913 4395 3502 4456">
     <span class='ocr_line' id='line_1_88' title="bbox 1913 4395 3502 4456; baseline 0.003 -4"><span class='ocrx_word' id='word_1_672' title='bbox 1913 4406 2021 4452; x_wconf 88' lang='lat' dir='ltr'><strong>tam</strong></span> <span class='ocrx_word' id='word_1_673' title='bbox 2045 4395 2176 4452; x_wconf 90' lang='lat' dir='ltr'><strong>mihi</strong></span> <span class='ocrx_word' id='word_1_674' title='bbox 2209 4395 2389 4451; x_wconf 67' lang='lat' dir='ltr'><strong>facisc</strong></span> <span class='ocrx_word' id='word_1_675' title='bbox 2435 4397 2911 4452; x_wconf 87' lang='lat' dir='ltr'><strong>conversationem</strong></span> <span class='ocrx_word' id='word_1_676' title='bbox 2965 4405 3133 4450; x_wconf 88' lang='lat' dir='ltr'><strong>tuam.</strong></span> <span class='ocrx_word' id='word_1_677' title='bbox 3181 4395 3294 4452; x_wconf 85' lang='lat' dir='ltr'><strong>Nec</strong></span> <span class='ocrx_word' id='word_1_678' title='bbox 3354 4398 3502 4456; x_wconf 88' lang='lat' dir='ltr'><strong>enim</strong></span> 
     </span>
    </p>
   </div>
   <div class='ocr_carea' id='block_1_89' title="bbox 1912 4488 3502 4555">
    <p class='ocr_par' dir='ltr' id='par_1_89' title="bbox 1912 4488 3502 4555">
     <span class='ocr_line' id='line_1_89' title="bbox 1912 4488 3502 4555; baseline 0.001 -7"><span class='ocrx_word' id='word_1_679' title='bbox 1912 4491 2131 4553; x_wconf 86' lang='lat' dir='ltr'><strong>damno,</strong></span> <span class='ocrx_word' id='word_1_680' title='bbox 2162 4497 2220 4545; x_wconf 84' lang='grc' dir='ltr'><strong>ιιι</strong></span> <span class='ocrx_word' id='word_1_681' title='bbox 2253 4489 2580 4555; x_wconf 84' lang='lat' dir='ltr'><strong>criminaris,</strong></span> <span class='ocrx_word' id='word_1_682' title='bbox 2604 4488 2943 4544; x_wconf 88' lang='lat' dir='ltr'><strong>institutores</strong></span> <span class='ocrx_word' id='word_1_683' title='bbox 2965 4501 3139 4554; x_wconf 87' lang='lat' dir='ltr'><strong>meos,</strong></span> <span class='ocrx_word' id='word_1_684' title='bbox 3186 4488 3282 4545; x_wconf 88' lang='lat' dir='ltr'><strong>sed</strong></span> <span class='ocrx_word' id='word_1_685' title='bbox 3315 4498 3502 4549; x_wconf 86' lang='lat' dir='ltr'><strong>metuo</strong></span> 
     </span>
    </p>
   </div>
   <div class='ocr_carea' id='block_1_90' title="bbox 1910 4579 3509 4654">
    <p class='ocr_par' dir='ltr' id='par_1_90' title="bbox 1910 4579 3509 4654">
     <span class='ocr_line' id='line_1_90' title="bbox 1910 4579 3509 4654; baseline 0.003 -16"><span class='ocrx_word' id='word_1_686' title='bbox 1910 4584 2045 4639; x_wconf 89' lang='lat' dir='ltr'><strong>illud</strong></span> <span class='ocrx_word' id='word_1_687' title='bbox 2093 4584 2244 4639; x_wconf 74' lang='lat' dir='ltr'><strong>isaim</strong></span> <span class='ocrx_word' id='word_1_688' title='bbox 2273 4601 2286 4638; x_wconf 87' lang='lat'><strong>:</strong></span> <span class='ocrx_word' id='word_1_689' title='bbox 2326 4581 2417 4638; x_wconf 75' lang='lat' dir='ltr'><strong>Va:</strong></span> <span class='ocrx_word' id='word_1_690' title='bbox 2442 4581 2529 4654; x_wconf 84' lang='lat' dir='ltr'><strong>qui</strong></span> <span class='ocrx_word' id='word_1_691' title='bbox 2569 4581 2745 4635; x_wconf 78' lang='lat' dir='ltr'><strong>dicunt</strong></span> <span class='ocrx_word' id='word_1_692' title='bbox 2775 4579 2969 4635; x_wconf 84' lang='lat' dir='ltr'><strong>malum</strong></span> <span class='ocrx_word' id='word_1_693' title='bbox 2997 4581 3208 4649; x_wconf 79' lang='lat' dir='ltr'><strong>bonum,</strong></span> <span class='ocrx_word' id='word_1_694' title='bbox 3237 4591 3286 4638; x_wconf 84' lang='lat' dir='ltr'><strong>et</strong></span> <span class='ocrx_word' id='word_1_695' title='bbox 3316 4583 3509 4642; x_wconf 73' lang='lat' dir='ltr'><strong>bonum</strong></span> 
     </span>
    </p>
   </div>
   <div class='ocr_carea' id='block_1_91' title="bbox 207 4659 3513 4747">
    <p class='ocr_par' dir='ltr' id='par_1_91' title="bbox 207 4659 3513 4747">
     <span class='ocr_line' id='line_1_91' title="bbox 207 4659 3513 4747; baseline 0 -18"><span class='ocrx_word' id='word_1_696' title='bbox 207 4673 378 4729; x_wconf 85' lang='lat' dir='ltr'><strong>Maria</strong></span> <span class='ocrx_word' id='word_1_697' title='bbox 411 4688 538 4728; x_wconf 92' lang='lat' dir='ltr'><strong>cum</strong></span> <span class='ocrx_word' id='word_1_698' title='bbox 569 4672 770 4742; x_wconf 72' lang='lat' dir='ltr'><strong>Ioseph</strong></span> <span class='ocrx_word' id='word_1_699' title='bbox 801 4672 977 4726; x_wconf 87' lang='lat' dir='ltr'><strong>locum</strong></span> <span class='ocrx_word' id='word_1_700' title='bbox 1011 4689 1116 4728; x_wconf 84' lang='lat' dir='ltr'><strong>non</strong></span> <span class='ocrx_word' id='word_1_701' title='bbox 1142 4673 1379 4728; x_wconf 87' lang='lat' dir='ltr'><strong>inveniat</strong></span> <span class='ocrx_word' id='word_1_702' title='bbox 1406 4675 1458 4728; x_wconf 91' lang='lat' dir='ltr'><strong>in</strong></span> <span class='ocrx_word' id='word_1_703' title='bbox 1481 4674 1806 4743; x_wconf 74' lang='lat' dir='ltr'><strong>diversorio,</strong></span> <span class='ocrx_word' id='word_1_704' title='bbox 1832 4659 1886 4722; x_wconf 82' lang='lat' dir='ltr'><strong>D</strong></span> <span class='ocrx_word' id='word_1_705' title='bbox 1915 4676 2110 4731; x_wconf 82' lang='lat' dir='ltr'><strong>malum</strong></span> <span class='ocrx_word' id='word_1_706' title='bbox 2142 4693 2159 4729; x_wconf 91' lang='lat'><em>:</em></span> <span class='ocrx_word' id='word_1_707' title='bbox 2183 4677 2270 4747; x_wconf 80' lang='lat' dir='ltr'><strong>qui</strong></span> <span class='ocrx_word' id='word_1_708' title='bbox 2298 4682 2492 4747; x_wconf 82' lang='lat' dir='ltr'><strong>ponunt</strong></span> <span class='ocrx_word' id='word_1_709' title='bbox 2514 4673 2747 4730; x_wconf 81' lang='lat' dir='ltr'><strong>tenebras</strong></span> <span class='ocrx_word' id='word_1_710' title='bbox 2766 4674 2952 4736; x_wconf 80' lang='lat' dir='ltr'><strong>lucem.</strong></span> <span class='ocrx_word' id='word_1_711' title='bbox 2976 4683 3022 4728; x_wconf 87' lang='lat' dir='ltr'><strong>et</strong></span> <span class='ocrx_word' id='word_1_712' title='bbox 3044 4675 3208 4732; x_wconf 77' lang='lat' dir='ltr'><strong>lucem</strong></span> <span class='ocrx_word' id='word_1_713' title='bbox 3235 4679 3471 4734; x_wconf 66' lang='lat' dir='ltr'><strong>tenebras</strong></span> <span class='ocrx_word' id='word_1_714' title='bbox 3493 4695 3513 4733; x_wconf 82' lang='lat'><strong><em>:</em></strong></span> 
     </span>
    </p>
   </div>
   <div class='ocr_carea' id='block_1_92' title="bbox 207 4762 1808 4835">
    <p class='ocr_par' dir='ltr' id='par_1_92' title="bbox 207 4762 1808 4835">
     <span class='ocr_line' id='line_1_92' title="bbox 207 4762 1808 4835; baseline 0.001 -14"><span class='ocrx_word' id='word_1_715' title='bbox 207 4781 276 4821; x_wconf 90' lang='lat' dir='ltr'><strong>ne</strong></span> <span class='ocrx_word' id='word_1_716' title='bbox 308 4764 469 4818; x_wconf 85' lang='lat' dir='ltr'><strong>nobis</strong></span> <span class='ocrx_word' id='word_1_717' title='bbox 509 4763 666 4818; x_wconf 85' lang='lat' dir='ltr'><strong>Jesus</strong></span> <span class='ocrx_word' id='word_1_718' title='bbox 695 4762 840 4819; x_wconf 88' lang='lat' dir='ltr'><strong>dicat</strong></span> <span class='ocrx_word' id='word_1_719' title='bbox 882 4764 1140 4819; x_wconf 82' lang='lat' dir='ltr'><strong>exclusus</strong></span> <span class='ocrx_word' id='word_1_720' title='bbox 1172 4783 1184 4817; x_wconf 89' lang='lat'><strong>:</strong></span> <span class='ocrx_word' id='word_1_721' title='bbox 1224 4764 1424 4835; x_wconf 80' lang='lat' dir='ltr'><strong>Hospes</strong></span> <span class='ocrx_word' id='word_1_722' title='bbox 1444 4783 1602 4831; x_wconf 84' lang='lat' dir='ltr'><strong>eram,</strong></span> <span class='ocrx_word' id='word_1_723' title='bbox 1629 4777 1676 4821; x_wconf 85' lang='lat' dir='ltr'><strong>et</strong></span> <span class='ocrx_word' id='word_1_724' title='bbox 1707 4786 1808 4822; x_wconf 79' lang='lat' dir='ltr'><strong>non</strong></span> 
     </span>
    </p>
   </div>
   <div class='ocr_carea' id='block_1_93' title="bbox 207 4854 1808 4931">
    <p class='ocr_par' dir='ltr' id='par_1_93' title="bbox 207 4854 1808 4931">
     <span class='ocr_line' id='line_1_93' title="bbox 207 4854 1808 4931; baseline 0.003 -21"><span class='ocrx_word' id='word_1_725' title='bbox 207 4856 507 4930; x_wconf 77' lang='lat' dir='ltr'><strong>suscepisth</strong></span> <span class='ocrx_word' id='word_1_726' title='bbox 533 4857 645 4922; x_wconf 72' lang='grc' dir='ltr'><strong>τηε(</strong></span> <span class='ocrx_word' id='word_1_727' title='bbox 656 4854 840 4909; x_wconf 78' lang='lat' dir='ltr'><strong>Matth.</strong></span> <span class='ocrx_word' id='word_1_728' title='bbox 866 4872 992 4921; x_wconf 78' lang='lat' dir='ltr'><strong>XXV,</strong></span> <span class='ocrx_word' id='word_1_729' title='bbox 1024 4855 1140 4927; x_wconf 76' lang='grc'><strong>45).</strong></span> <span class='ocrx_word' id='word_1_730' title='bbox 1172 4856 1328 4911; x_wconf 84' lang='lat' dir='ltr'><strong>Solos</strong></span> <span class='ocrx_word' id='word_1_731' title='bbox 1346 4856 1507 4931; x_wconf 64' lang='grc'><strong>547</strong></span> <span class='ocrx_word' id='word_1_732' title='bbox 1525 4860 1808 4918; x_wconf 64' lang='lat' dir='ltr'><strong>hie-relicos</strong></span> 
     </span>
    </p>
   </div>
   <div class='ocr_carea' id='block_1_94' title="bbox 207 4947 1808 5022">
    <p class='ocr_par' dir='ltr' id='par_1_94' title="bbox 207 4947 1808 5022">
     <span class='ocr_line' id='line_1_94' title="bbox 207 4947 1808 5022; baseline 0.002 -18"><span class='ocrx_word' id='word_1_733' title='bbox 207 4965 316 5005; x_wconf 90' lang='lat' dir='ltr'><strong>non</strong></span> <span class='ocrx_word' id='word_1_734' title='bbox 364 4947 677 5016; x_wconf 90' lang='lat' dir='ltr'><strong>recipimus,</strong></span> <span class='ocrx_word' id='word_1_735' title='bbox 711 4964 845 5017; x_wconf 89' lang='lat' dir='ltr'><strong>quos</strong></span> <span class='ocrx_word' id='word_1_736' title='bbox 885 4964 979 5003; x_wconf 88' lang='lat' dir='ltr'><strong>vos</strong></span> <span class='ocrx_word' id='word_1_737' title='bbox 1006 4949 1150 5003; x_wconf 64' lang='lat' dir='ltr'><strong>solos</strong></span> <span class='ocrx_word' id='word_1_738' title='bbox 1179 4950 1441 5020; x_wconf 88' lang='lat' dir='ltr'><strong>recipitis.</strong></span> <span class='ocrx_word' id='word_1_739' title='bbox 1469 4952 1808 5022; x_wconf 81' lang='lat' dir='ltr'><strong>l’rOpositum</strong></span> 
     </span>
    </p>
   </div>
   <div class='ocr_carea' id='block_1_95' title="bbox 207 5039 1812 5111">
    <p class='ocr_par' dir='ltr' id='par_1_95' title="bbox 207 5039 1812 5111">
     <span class='ocr_line' id='line_1_95' title="bbox 207 5039 1812 5111; baseline 0.004 -16"><span class='ocrx_word' id='word_1_740' title='bbox 207 5043 412 5111; x_wconf 87' lang='lat' dir='ltr'><strong>quippe</strong></span> <span class='ocrx_word' id='word_1_741' title='bbox 445 5040 602 5095; x_wconf 91' lang='lat' dir='ltr'><strong>nobis</strong></span> <span class='ocrx_word' id='word_1_742' title='bbox 630 5050 713 5095; x_wconf 87' lang='lat' dir='ltr'><strong>est</strong></span> <span class='ocrx_word' id='word_1_743' title='bbox 741 5039 910 5110; x_wconf 88' lang='lat' dir='ltr'><strong>pedes</strong></span> <span class='ocrx_word' id='word_1_744' title='bbox 945 5041 1130 5096; x_wconf 85' lang='lat' dir='ltr'><strong>lavare</strong></span> <span class='ocrx_word' id='word_1_745' title='bbox 1167 5043 1524 5109; x_wconf 83' lang='lat' dir='ltr'><strong>venientium,</strong></span> <span class='ocrx_word' id='word_1_746' title='bbox 1555 5060 1662 5100; x_wconf 90' lang='lat' dir='ltr'><strong>non</strong></span> <span class='ocrx_word' id='word_1_747' title='bbox 1697 5062 1812 5101; x_wconf 85' lang='lat' dir='ltr'><strong>me-</strong></span> 
     </span>
    </p>
   </div>
   <div class='ocr_carea' id='block_1_96' title="bbox 207 5133 1812 5210">
    <p class='ocr_par' dir='ltr' id='par_1_96' title="bbox 207 5133 1812 5210">
     <span class='ocr_line' id='line_1_96' title="bbox 207 5133 1812 5210; baseline 0.003 -21"><span class='ocrx_word' id='word_1_748' title='bbox 207 5135 311 5189; x_wconf 87' lang='lat' dir='ltr'><strong>rita</strong></span> <span class='ocrx_word' id='word_1_749' title='bbox 345 5135 639 5190; x_wconf 88' lang='lat' dir='ltr'><strong>discutere.</strong></span> <span class='ocrx_word' id='word_1_750' title='bbox 673 5133 1008 5201; x_wconf 87' lang='lat' dir='ltr'><strong>Recordare,</strong></span> <span class='ocrx_word' id='word_1_751' title='bbox 1037 5133 1225 5202; x_wconf 88' lang='lat' dir='ltr'><strong>frater,</strong></span> <span class='ocrx_word' id='word_1_752' title='bbox 1274 5137 1634 5203; x_wconf 86' lang='lat' dir='ltr'><strong>confessionis</strong></span> <span class='ocrx_word' id='word_1_753' title='bbox 1673 5141 1812 5210; x_wconf 87' lang='lat' dir='ltr'><strong>ejus,</strong></span> 
     </span>
    </p>
   </div>
   <div class='ocr_carea' id='block_1_97' title="bbox 285 5314 1793 5384">
    <p class='ocr_par' dir='ltr' id='par_1_97' title="bbox 285 5314 1793 5384">
     <span class='ocr_line' id='line_1_97' title="bbox 285 5314 1793 5384; baseline 0.007 -19"><span class='ocrx_word' id='word_1_754' title='bbox 285 5326 310 5354; x_wconf 73' lang='grc' dir='ltr'><strong><em>λ</em></strong></span> <span class='ocrx_word' id='word_1_755' title='bbox 339 5315 457 5370; x_wconf 87' lang='lat' dir='ltr'><strong>Non</strong></span> <span class='ocrx_word' id='word_1_756' title='bbox 485 5315 755 5384; x_wconf 78' lang='lat' dir='ltr'><strong>integram.</strong></span> <span class='ocrx_word' id='word_1_757' title='bbox 781 5322 841 5368; x_wconf 90' lang='lat' dir='ltr'><strong>ut</strong></span> <span class='ocrx_word' id='word_1_758' title='bbox 867 5314 1136 5370; x_wconf 80' lang='lat' dir='ltr'><strong>Victorius</strong></span> <span class='ocrx_word' id='word_1_759' title='bbox 1168 5319 1428 5384; x_wconf 76' lang='lat' dir='ltr'><strong>explicat,</strong></span> <span class='ocrx_word' id='word_1_760' title='bbox 1461 5322 1555 5377; x_wconf 84' lang='lat' dir='ltr'><strong>sed</strong></span> <span class='ocrx_word' id='word_1_761' title='bbox 1593 5322 1793 5378; x_wconf 86' lang='lat' dir='ltr'><strong>intelli-</strong></span> 
     </span>
    </p>
   </div>
   <div class='ocr_carea' id='block_1_98' title="bbox 214 5387 1800 5457">
    <p class='ocr_par' dir='ltr' id='par_1_98' title="bbox 214 5387 1800 5457">
     <span class='ocr_line' id='line_1_98' title="bbox 214 5387 1800 5457; baseline 0.003 -15"><span class='ocrx_word' id='word_1_762' title='bbox 214 5402 278 5456; x_wconf 63' lang='grc' dir='ltr'><strong>κθ</strong></span> <span class='ocrx_word' id='word_1_763' title='bbox 305 5389 704 5457; x_wconf 78' lang='lat' dir='ltr'><strong>autographam,</strong></span> <span class='ocrx_word' id='word_1_764' title='bbox 729 5387 843 5440; x_wconf 83' lang='lat' dir='ltr'><strong>sive</strong></span> <span class='ocrx_word' id='word_1_765' title='bbox 894 5387 1005 5452; x_wconf 87' lang='lat' dir='ltr'><strong>ipsa</strong></span> <span class='ocrx_word' id='word_1_766' title='bbox 1035 5391 1274 5443; x_wconf 86' lang='lat' dir='ltr'><strong>auctoris</strong></span> <span class='ocrx_word' id='word_1_767' title='bbox 1305 5407 1466 5445; x_wconf 89' lang='lat' dir='ltr'><strong>manu</strong></span> <span class='ocrx_word' id='word_1_768' title='bbox 1495 5404 1800 5448; x_wconf 81' lang='lat' dir='ltr'><strong>exaratam.</strong></span> 
     </span>
    </p>
   </div>
   <div class='ocr_carea' id='block_1_99' title="bbox 216 5457 1809 5537">
    <p class='ocr_par' dir='ltr' id='par_1_99' title="bbox 216 5457 1809 5537">
     <span class='ocr_line' id='line_1_99' title="bbox 216 5457 1809 5537; baseline 0.004 -24"><span class='ocrx_word' id='word_1_769' title='bbox 216 5457 472 5537; x_wconf 77' lang='lat' dir='ltr'><strong>Sidonius</strong></span> <span class='ocrx_word' id='word_1_770' title='bbox 512 5458 613 5537; x_wconf 56' lang='lat' dir='ltr'><strong>liii,</strong></span> <span class='ocrx_word' id='word_1_771' title='bbox 659 5473 731 5537; x_wconf 63' lang='grc' dir='ltr'><strong>ις,</strong></span> <span class='ocrx_word' id='word_1_772' title='bbox 777 5458 938 5537; x_wconf 71' lang='lat' dir='ltr'><strong>epist.</strong></span> <span class='ocrx_word' id='word_1_773' title='bbox 975 5459 1060 5516; x_wconf 84' lang='grc' dir='ltr'><strong>Η.</strong></span> <span class='ocrx_word' id='word_1_774' title='bbox 1090 5460 1222 5537; x_wconf 76' lang='lat' dir='ltr'><strong>_ltoc</strong></span> <span class='ocrx_word' id='word_1_775' title='bbox 1271 5476 1432 5516; x_wconf 80' lang='lat' dir='ltr'><strong>sensu</strong></span> <span class='ocrx_word' id='word_1_776' title='bbox 1463 5463 1809 5537; x_wconf 77' lang='lat' dir='ltr'><strong>hologrnphas</strong></span> 
     </span>
    </p>
   </div>
   <div class='ocr_carea' id='block_1_100' title="bbox 219 5525 1809 5601">
    <p class='ocr_par' dir='ltr' id='par_1_100' title="bbox 219 5525 1809 5601">
     <span class='ocr_line' id='line_1_100' title="bbox 219 5525 1809 5601; baseline 0.005 -19"><span class='ocrx_word' id='word_1_777' title='bbox 219 5529 539 5584; x_wconf 77' lang='lat' dir='ltr'><strong>membranas</strong></span> <span class='ocrx_word' id='word_1_778' title='bbox 564 5528 721 5592; x_wconf 80' lang='lat' dir='ltr'><strong>dixit,</strong></span> <span class='ocrx_word' id='word_1_779' title='bbox 752 5537 798 5581; x_wconf 84' lang='lat' dir='ltr'><strong>et</strong></span> <span class='ocrx_word' id='word_1_780' title='bbox 827 5527 1201 5601; x_wconf 74' lang='lat' dir='ltr'><strong>hoiograplmm</strong></span> <span class='ocrx_word' id='word_1_781' title='bbox 1252 5525 1632 5601; x_wconf 67' lang='lat' dir='ltr'><strong>testamentum,</strong></span> <span class='ocrx_word' id='word_1_782' title='bbox 1665 5525 1809 5601; x_wconf 77' lang='lat' dir='ltr'><strong>quod</strong></span> 
     </span>
    </p>
   </div>
   <div class='ocr_carea' id='block_1_101' title="bbox 219 5600 1810 5673">
    <p class='ocr_par' dir='ltr' id='par_1_101' title="bbox 219 5600 1810 5673">
     <span class='ocr_line' id='line_1_101' title="bbox 219 5600 1810 5673; baseline 0.006 -20"><span class='ocrx_word' id='word_1_783' title='bbox 219 5609 450 5673; x_wconf 74' lang='lat' dir='ltr'><strong>testator</strong></span> <span class='ocrx_word' id='word_1_784' title='bbox 477 5601 597 5673; x_wconf 81' lang='lat' dir='ltr'><strong>ipse</strong></span> <span class='ocrx_word' id='word_1_785' title='bbox 625 5600 964 5669; x_wconf 82' lang='lat' dir='ltr'><strong>perscripsit,</strong></span> <span class='ocrx_word' id='word_1_786' title='bbox 997 5611 1050 5653; x_wconf 88' lang='lat' dir='ltr'><strong>nt</strong></span> <span class='ocrx_word' id='word_1_787' title='bbox 1097 5617 1122 5652; x_wconf 89' lang='lat' dir='ltr'><strong>a</strong></span> <span class='ocrx_word' id='word_1_788' title='bbox 1157 5602 1432 5673; x_wconf 89' lang='lat' dir='ltr'><strong>plerisque</strong></span> <span class='ocrx_word' id='word_1_789' title='bbox 1463 5606 1583 5660; x_wconf 87' lang='lat' dir='ltr'><strong>aliis</strong></span> <span class='ocrx_word' id='word_1_790' title='bbox 1618 5600 1810 5663; x_wconf 77' lang='lat' dir='ltr'><strong>exem-</strong></span> 
     </span>
    </p>
   </div>
   <div class='ocr_carea' id='block_1_102' title="bbox 219 5670 738 5740">
    <p class='ocr_par' dir='ltr' id='par_1_102' title="bbox 219 5670 738 5740">
     <span class='ocr_line' id='line_1_102' title="bbox 219 5670 738 5740; baseline -0.01 -17"><span class='ocrx_word' id='word_1_791' title='bbox 219 5671 320 5740; x_wconf 88' lang='lat' dir='ltr'><strong>plis</strong></span> <span class='ocrx_word' id='word_1_792' title='bbox 351 5670 738 5740; x_wconf 67' lang='lat' dir='ltr'><strong>abstineamus.</strong></span> 
     </span>
    </p>
   </div>
   <div class='ocr_carea' id='block_1_103' title="bbox 291 5739 1811 5817">
    <p class='ocr_par' dir='ltr' id='par_1_103' title="bbox 291 5739 1811 5817">
     <span class='ocr_line' id='line_1_103' title="bbox 291 5739 1811 5817; baseline 0.008 -24"><span class='ocrx_word' id='word_1_793' title='bbox 291 5740 318 5778; x_wconf 75' lang='grc' dir='ltr'>ι)</span> <span class='ocrx_word' id='word_1_794' title='bbox 364 5739 689 5817; x_wconf 82' lang='lat' dir='ltr'><strong>iii_c__Pau!us</strong></span> <span class='ocrx_word' id='word_1_795' title='bbox 738 5741 831 5796; x_wconf 91' lang='lat' dir='ltr'><strong>ille</strong></span> <span class='ocrx_word' id='word_1_796' title='bbox 857 5740 1278 5817; x_wconf 66' lang='lat' dir='ltr'><strong>cpiscopusest.</strong></span> <span class='ocrx_word' id='word_1_797' title='bbox 1309 5761 1469 5810; x_wconf 89' lang='lat' dir='ltr'><strong>quem</strong></span> <span class='ocrx_word' id='word_1_798' title='bbox 1521 5759 1811 5817; x_wconf 86' lang='lat' dir='ltr'><strong>tantopere</strong></span> 
     </span>
    </p>
   </div>
   <div class='ocr_carea' id='block_1_104' title="bbox 222 5810 1808 5888">
    <p class='ocr_par' dir='ltr' id='par_1_104' title="bbox 222 5810 1808 5888">
     <span class='ocr_line' id='line_1_104' title="bbox 222 5810 1808 5888; baseline 0.006 -23"><span class='ocrx_word' id='word_1_799' title='bbox 222 5810 562 5881; x_wconf 84' lang='lat' dir='ltr'><strong>Theophilus</strong></span> <span class='ocrx_word' id='word_1_800' title='bbox 611 5822 699 5888; x_wconf 72' lang='lat' dir='ltr'><strong>est</strong></span> <span class='ocrx_word' id='word_1_801' title='bbox 757 5823 1097 5888; x_wconf 76' lang='lat' dir='ltr'><strong>persecutus.</strong></span> <span class='ocrx_word' id='word_1_802' title='bbox 1160 5815 1522 5888; x_wconf 84' lang='lat' dir='ltr'><strong>Hieronymus</strong></span> <span class='ocrx_word' id='word_1_803' title='bbox 1572 5810 1702 5876; x_wconf 75' lang='lat' dir='ltr'><strong>vero</strong></span> <span class='ocrx_word' id='word_1_804' title='bbox 1757 5822 1808 5875; x_wconf 92' lang='lat' dir='ltr'><strong>in</strong></span> 
     </span>
    </p>
   </div>
   <div class='ocr_carea' id='block_1_105' title="bbox 151 5882 1344 5968">
    <p class='ocr_par' dir='ltr' id='par_1_105' title="bbox 151 5882 1344 5968">
     <span class='ocr_line' id='line_1_105' title="bbox 151 5882 1344 5968; baseline 0.003 -29"><span class='ocrx_word' id='word_1_805' title='bbox 151 5939 159 5968; x_wconf 47' lang='grc' dir='ltr'><strong>ι</strong></span> <span class='ocrx_word' id='word_1_806' title='bbox 227 5895 379 5939; x_wconf 76' lang='lat' dir='ltr'><strong>suum</strong></span> <span class='ocrx_word' id='word_1_807' title='bbox 407 5882 794 5960; x_wconf 79' lang='lat' dir='ltr'><strong>monasterium</strong></span> <span class='ocrx_word' id='word_1_808' title='bbox 823 5883 1020 5940; x_wconf 88' lang='lat' dir='ltr'><strong>dicitur</strong></span> <span class='ocrx_word' id='word_1_809' title='bbox 1037 5895 1344 5957; x_wconf 79' lang='lat' dir='ltr'><strong>coeptasse.</strong></span> 
     </span>
    </p>
   </div>
   <div class='ocr_carea' id='block_1_106' title="bbox 1914 4765 3506 4844">
    <p class='ocr_par' dir='ltr' id='par_1_106' title="bbox 1914 4765 3506 4844">
     <span class='ocr_line' id='line_1_106' title="bbox 1914 4765 3506 4844; baseline 0.001 -21"><span class='ocrx_word' id='word_1_810' title='bbox 1914 4771 2003 4842; x_wconf 79' lang='lat' dir='ltr'><strong>qui</strong></span> <span class='ocrx_word' id='word_1_811' title='bbox 2048 4770 2223 4822; x_wconf 85' lang='lat' dir='ltr'><strong>dicunt</strong></span> <span class='ocrx_word' id='word_1_812' title='bbox 2246 4783 2480 4822; x_wconf 85' lang='lat' dir='ltr'><strong>amarum</strong></span> <span class='ocrx_word' id='word_1_813' title='bbox 2505 4765 2674 4838; x_wconf 82' lang='lat' dir='ltr'><strong>dulce,</strong></span> <span class='ocrx_word' id='word_1_814' title='bbox 2703 4776 2750 4820; x_wconf 80' lang='lat' dir='ltr'><strong>et</strong></span> <span class='ocrx_word' id='word_1_815' title='bbox 2777 4765 2928 4821; x_wconf 84' lang='lat' dir='ltr'><strong>dulce</strong></span> <span class='ocrx_word' id='word_1_816' title='bbox 2967 4785 3199 4824; x_wconf 86' lang='lat' dir='ltr'><strong>amarum</strong></span> <span class='ocrx_word' id='word_1_817' title='bbox 3243 4770 3398 4844; x_wconf 83' lang='lat' dir='ltr'><strong>(lsat&#39;.</strong></span> <span class='ocrx_word' id='word_1_818' title='bbox 3430 4786 3506 4836; x_wconf 81' lang='lat' dir='ltr'><strong>Ix,</strong></span> 
     </span>
    </p>
   </div>
   <div class='ocr_carea' id='block_1_107' title="bbox 1913 4860 3508 4935">
    <p class='ocr_par' dir='ltr' id='par_1_107' title="bbox 1913 4860 3508 4935">
     <span class='ocr_line' id='line_1_107' title="bbox 1913 4860 3508 4935; baseline 0.001 -18"><span class='ocrx_word' id='word_1_819' title='bbox 1913 4863 2029 4933; x_wconf 66' lang='lat'><strong>20).</strong></span> <span class='ocrx_word' id='word_1_820' title='bbox 2061 4862 2140 4918; x_wconf 89' lang='lat' dir='ltr'><strong>Ttt</strong></span> <span class='ocrx_word' id='word_1_821' title='bbox 2170 4869 2354 4916; x_wconf 91' lang='lat' dir='ltr'><strong>autem</strong></span> <span class='ocrx_word' id='word_1_822' title='bbox 2409 4861 2536 4916; x_wconf 89' lang='lat' dir='ltr'><strong>dum</strong></span> <span class='ocrx_word' id='word_1_823' title='bbox 2582 4860 2723 4914; x_wconf 89' lang='lat' dir='ltr'><strong>inter</strong></span> <span class='ocrx_word' id='word_1_824' title='bbox 2767 4860 2998 4918; x_wconf 87' lang='lat' dir='ltr'><strong>mulsum</strong></span> <span class='ocrx_word' id='word_1_825' title='bbox 3027 4865 3413 4935; x_wconf 76' lang='lat' dir='ltr'><strong>magistrorum</strong></span> <span class='ocrx_word' id='word_1_826' title='bbox 3451 4874 3508 4920; x_wconf 91' lang='lat' dir='ltr'><strong>et</strong></span> 
     </span>
    </p>
   </div>
   <div class='ocr_carea' id='block_1_108' title="bbox 1913 4950 3504 5024">
    <p class='ocr_par' dir='ltr' id='par_1_108' title="bbox 1913 4950 3504 5024">
     <span class='ocr_line' id='line_1_108' title="bbox 1913 4950 3504 5024; baseline -0.001 -13"><span class='ocrx_word' id='word_1_827' title='bbox 1913 4970 2122 5011; x_wconf 86' lang='lat' dir='ltr'><strong>venena</strong></span> <span class='ocrx_word' id='word_1_828' title='bbox 2147 4952 2348 5024; x_wconf 88' lang='lat' dir='ltr'><strong>pariter</strong></span> <span class='ocrx_word' id='word_1_829' title='bbox 2366 4951 2530 5018; x_wconf 83' lang='lat' dir='ltr'><strong>bibis,</strong></span> <span class='ocrx_word' id='word_1_830' title='bbox 2563 4965 2592 5004; x_wconf 85' lang='lat' dir='ltr'><strong>a</strong></span> <span class='ocrx_word' id='word_1_831' title='bbox 2623 4950 2882 5020; x_wconf 80' lang='lat' dir='ltr'><strong>magistro</strong></span> <span class='ocrx_word' id='word_1_832' title='bbox 2913 4954 3174 5024; x_wconf 81' lang='lat' dir='ltr'><strong>Apostolo</strong></span> <span class='ocrx_word' id='word_1_833' title='bbox 3199 4953 3504 5021; x_wconf 84' lang='lat' dir='ltr'><strong>recessisti,</strong></span> 
     </span>
    </p>
   </div>
   <div class='ocr_carea' id='block_1_109' title="bbox 1916 5042 3506 5120">
    <p class='ocr_par' dir='ltr' id='par_1_109' title="bbox 1916 5042 3506 5120">
     <span class='ocr_line' id='line_1_109' title="bbox 1916 5042 3506 5120; baseline 0.001 -19"><span class='ocrx_word' id='word_1_834' title='bbox 1916 5049 2007 5120; x_wconf 92' lang='lat' dir='ltr'><strong>qui</strong></span> <span class='ocrx_word' id='word_1_835' title='bbox 2035 5049 2199 5103; x_wconf 85' lang='lat' dir='ltr'><strong>docet</strong></span> <span class='ocrx_word' id='word_1_836' title='bbox 2221 5045 2383 5098; x_wconf 89' lang='lat' dir='ltr'><strong>etiam</strong></span> <span class='ocrx_word' id='word_1_837' title='bbox 2418 5042 2678 5114; x_wconf 77' lang='lat' dir='ltr'><strong>Angelum</strong></span> <span class='ocrx_word' id='word_1_838' title='bbox 2709 5049 2862 5109; x_wconf 85' lang='lat' dir='ltr'><strong>etse,</strong></span> <span class='ocrx_word' id='word_1_839' title='bbox 2889 5045 2932 5098; x_wconf 86' lang='lat' dir='ltr'><strong>si</strong></span> <span class='ocrx_word' id='word_1_840' title='bbox 2964 5046 3016 5099; x_wconf 93' lang='lat' dir='ltr'><strong>in</strong></span> <span class='ocrx_word' id='word_1_841' title='bbox 3052 5045 3156 5100; x_wconf 86' lang='lat' dir='ltr'><strong>fide</strong></span> <span class='ocrx_word' id='word_1_842' title='bbox 3177 5045 3506 5114; x_wconf 83' lang='lat' dir='ltr'><strong>erraverint,</strong></span> 
     </span>
    </p>
   </div>
   <div class='ocr_carea' id='block_1_110' title="bbox 1919 5137 2380 5212">
    <p class='ocr_par' dir='ltr' id='par_1_110' title="bbox 1919 5137 2380 5212">
     <span class='ocr_line' id='line_1_110' title="bbox 1919 5137 2380 5212; baseline -0.009 -14"><span class='ocrx_word' id='word_1_843' title='bbox 1919 5159 2026 5200; x_wconf 91' lang='lat' dir='ltr'><strong>non</strong></span> <span class='ocrx_word' id='word_1_844' title='bbox 2051 5137 2380 5212; x_wconf 88' lang='lat' dir='ltr'><strong>sequendos.</strong></span> 
     </span>
    </p>
   </div>
   <div class='ocr_carea' id='block_1_111' title="bbox 1984 5320 3516 5397">
    <p class='ocr_par' dir='ltr' id='par_1_111' title="bbox 1984 5320 3516 5397">
     <span class='ocr_line' id='line_1_111' title="bbox 1984 5320 3516 5397; baseline 0.003 -20"><span class='ocrx_word' id='word_1_845' title='bbox 1984 5336 2004 5362; x_wconf 76' lang='grc' dir='ltr'>ε</span> <span class='ocrx_word' id='word_1_846' title='bbox 2047 5323 2102 5377; x_wconf 86' lang='grc' dir='ltr'><strong>1η</strong></span> <span class='ocrx_word' id='word_1_847' title='bbox 2131 5323 2250 5378; x_wconf 88' lang='lat' dir='ltr'><strong>aliis</strong></span> <span class='ocrx_word' id='word_1_848' title='bbox 2281 5335 2414 5376; x_wconf 89' lang='lat' dir='ltr'><strong>mss.</strong></span> <span class='ocrx_word' id='word_1_849' title='bbox 2447 5320 2802 5397; x_wconf 78' lang='lat' dir='ltr'><strong>conversione,</strong></span> <span class='ocrx_word' id='word_1_850' title='bbox 2845 5337 2966 5392; x_wconf 70' lang='lat' dir='ltr'><strong>quae</strong></span> <span class='ocrx_word' id='word_1_851' title='bbox 3016 5325 3319 5397; x_wconf 79' lang='lat' dir='ltr'><strong>incongrua</strong></span> <span class='ocrx_word' id='word_1_852' title='bbox 3352 5324 3516 5382; x_wconf 82' lang='lat' dir='ltr'><strong>lectio</strong></span> 
     </span>
    </p>
   </div>
   <div class='ocr_carea' id='block_1_112' title="bbox 1913 5394 3519 5466">
    <p class='ocr_par' dir='ltr' id='par_1_112' title="bbox 1913 5394 3519 5466">
     <span class='ocr_line' id='line_1_112' title="bbox 1913 5394 3519 5466; baseline 0 -15"><span class='ocrx_word' id='word_1_853' title='bbox 1913 5395 2027 5465; x_wconf 82' lang='lat' dir='ltr'><strong>ipSa</strong></span> <span class='ocrx_word' id='word_1_854' title='bbox 2062 5410 2277 5465; x_wconf 88' lang='lat' dir='ltr'><strong>quoque</strong></span> <span class='ocrx_word' id='word_1_855' title='bbox 2308 5410 2415 5448; x_wconf 90' lang='lat' dir='ltr'><strong>non</strong></span> <span class='ocrx_word' id='word_1_856' title='bbox 2461 5401 2565 5466; x_wconf 88' lang='lat' dir='ltr'><strong>est,</strong></span> <span class='ocrx_word' id='word_1_857' title='bbox 2612 5409 2736 5446; x_wconf 83' lang='lat' dir='ltr'><strong>rum</strong></span> <span class='ocrx_word' id='word_1_858' title='bbox 2788 5394 2930 5466; x_wconf 82' lang='lat' dir='ltr'><strong>inter</strong></span> <span class='ocrx_word' id='word_1_859' title='bbox 2955 5412 3082 5450; x_wconf 85' lang='lat' dir='ltr'><strong>suos</strong></span> <span class='ocrx_word' id='word_1_860' title='bbox 3132 5394 3519 5466; x_wconf 67' lang='lat' dir='ltr'><strong>prmceptorcs,</strong></span> 
     </span>
    </p>
   </div>
   <div class='ocr_carea' id='block_1_113' title="bbox 1915 5465 3515 5532">
    <p class='ocr_par' dir='ltr' id='par_1_113' title="bbox 1915 5465 3515 5532">
     <span class='ocr_line' id='line_1_113' title="bbox 1915 5465 3515 5532; baseline 0.001 -10"><span class='ocrx_word' id='word_1_861' title='bbox 1915 5468 2300 5522; x_wconf 87' lang='lat' dir='ltr'><strong>nonneminem</strong></span> <span class='ocrx_word' id='word_1_862' title='bbox 2355 5465 2670 5518; x_wconf 78' lang='lat' dir='ltr'><strong>haereticnm</strong></span> <span class='ocrx_word' id='word_1_863' title='bbox 2732 5465 2956 5519; x_wconf 82' lang='lat' dir='ltr'><strong>llutinus</strong></span> <span class='ocrx_word' id='word_1_864' title='bbox 3020 5468 3266 5521; x_wconf 89' lang='lat' dir='ltr'><strong>habuerit</strong></span> <span class='ocrx_word' id='word_1_865' title='bbox 3301 5465 3326 5529; x_wconf 19' lang='lat'><strong>,7</strong></span> <span class='ocrx_word' id='word_1_866' title='bbox 3390 5480 3515 5532; x_wconf 84' lang='lat' dir='ltr'><strong>puta</strong></span> 
     </span>
    </p>
   </div>
   <div class='ocr_carea' id='block_1_114' title="bbox 1917 5535 3514 5612">
    <p class='ocr_par' dir='ltr' id='par_1_114' title="bbox 1917 5535 3514 5612">
     <span class='ocr_line' id='line_1_114' title="bbox 1917 5535 3514 5612; baseline -0.001 -19"><span class='ocrx_word' id='word_1_867' title='bbox 1917 5539 2202 5612; x_wconf 80' lang='lat' dir='ltr'><strong>Didyinnm</strong></span> <span class='ocrx_word' id='word_1_868' title='bbox 2233 5553 2392 5608; x_wconf 90' lang='lat' dir='ltr'><strong>quem</strong></span> <span class='ocrx_word' id='word_1_869' title='bbox 2434 5536 2637 5612; x_wconf 78' lang='lat' dir='ltr'><strong>audivit</strong></span> <span class='ocrx_word' id='word_1_870' title='bbox 2687 5535 3048 5612; x_wconf 78' lang='lat' dir='ltr'><strong>A_iexandri:e_.</strong></span> <span class='ocrx_word' id='word_1_871' title='bbox 3096 5549 3514 5612; x_wconf 76' lang='lat' dir='ltr'><strong>eaqnepropter,</strong></span> 
     </span>
    </p>
   </div>
   <div class='ocr_carea' id='block_1_115' title="bbox 1917 5607 3516 5671">
    <p class='ocr_par' dir='ltr' id='par_1_115' title="bbox 1917 5607 3516 5671">
     <span class='ocr_line' id='line_1_115' title="bbox 1917 5607 3516 5671; baseline 0.002 -7"><span class='ocrx_word' id='word_1_872' title='bbox 1917 5607 2169 5665; x_wconf 66' lang='lat' dir='ltr'><strong>nisi&#39;illos</strong></span> <span class='ocrx_word' id='word_1_873' title='bbox 2195 5607 2499 5671; x_wconf 63' lang='lat' dir='ltr'><strong>accusaret,</strong></span> <span class='ocrx_word' id='word_1_874' title='bbox 2548 5607 2663 5662; x_wconf 82' lang='lat' dir='ltr'><strong>sive</strong></span> <span class='ocrx_word' id='word_1_875' title='bbox 2689 5607 2754 5658; x_wconf 89' lang='lat' dir='ltr'><strong>ah</strong></span> <span class='ocrx_word' id='word_1_876' title='bbox 2779 5619 2966 5658; x_wconf 73' lang='lat' dir='ltr'><strong>eorum</strong></span> <span class='ocrx_word' id='word_1_877' title='bbox 3018 5607 3317 5662; x_wconf 16' lang='lat' dir='ltr'><strong>horresihus</strong></span> <span class='ocrx_word' id='word_1_878' title='bbox 3343 5625 3402 5663; x_wconf 86' lang='lat' dir='ltr'><strong>se</strong></span> <span class='ocrx_word' id='word_1_879' title='bbox 3431 5627 3516 5667; x_wconf 82' lang='lat' dir='ltr'><strong>re-</strong></span> 
     </span>
    </p>
   </div>
   <div class='ocr_carea' id='block_1_116' title="bbox 1918 5676 3514 5752">
    <p class='ocr_par' dir='ltr' id='par_1_116' title="bbox 1918 5676 3514 5752">
     <span class='ocr_line' id='line_1_116' title="bbox 1918 5676 3514 5752; baseline -0.003 -14"><span class='ocrx_word' id='word_1_880' title='bbox 1918 5684 2152 5748; x_wconf 85' lang='lat' dir='ltr'><strong>ciperet,</strong></span> <span class='ocrx_word' id='word_1_881' title='bbox 2183 5681 2600 5737; x_wconf 82' lang='lat' dir='ltr'><strong>conversionem</strong></span> <span class='ocrx_word' id='word_1_882' title='bbox 2634 5691 2785 5729; x_wconf 74' lang='lat' dir='ltr'><strong>suam</strong></span> <span class='ocrx_word' id='word_1_883' title='bbox 2818 5677 2884 5730; x_wconf 79' lang='lat' dir='ltr'><strong>ad</strong></span> <span class='ocrx_word' id='word_1_884' title='bbox 2920 5676 3215 5736; x_wconf 88' lang='lat' dir='ltr'><strong>Christum.</strong></span> <span class='ocrx_word' id='word_1_885' title='bbox 3247 5692 3302 5733; x_wconf 82' lang='lat' dir='ltr'><strong>et</strong></span> <span class='ocrx_word' id='word_1_886' title='bbox 3332 5679 3514 5752; x_wconf 79' lang='lat' dir='ltr'><strong>fidem,</strong></span> 
     </span>
    </p>
   </div>
   <div class='ocr_carea' id='block_1_117' title="bbox 1916 5754 3510 5818">
    <p class='ocr_par' dir='ltr' id='par_1_117' title="bbox 1916 5754 3510 5818">
     <span class='ocr_line' id='line_1_117' title="bbox 1916 5754 3510 5818; baseline 0.004 -14"><span class='ocrx_word' id='word_1_887' title='bbox 1916 5769 2077 5818; x_wconf 83' lang='lat' dir='ltr'><strong>quam</strong></span> <span class='ocrx_word' id='word_1_888' title='bbox 2112 5754 2162 5807; x_wconf 93' lang='lat' dir='ltr'><strong>in</strong></span> <span class='ocrx_word' id='word_1_889' title='bbox 2192 5754 2476 5809; x_wconf 83' lang='lat' dir='ltr'><strong>conversio</strong></span> <span class='ocrx_word' id='word_1_890' title='bbox 2500 5765 2548 5804; x_wconf 78' lang='lat' dir='ltr'><strong>ie</strong></span> <span class='ocrx_word' id='word_1_891' title='bbox 2577 5759 2895 5815; x_wconf 72' lang='lat' dir='ltr'><strong>acceperat.</strong></span> <span class='ocrx_word' id='word_1_892' title='bbox 2945 5758 3252 5817; x_wconf 62' lang='lat' dir='ltr'><strong>suspectam</strong></span> <span class='ocrx_word' id='word_1_893' title='bbox 3289 5754 3510 5811; x_wconf 86' lang='lat' dir='ltr'><strong>faceret.</strong></span> 
     </span>
    </p>
   </div>
   <div class='ocr_carea' id='block_1_118' title="bbox 1915 5818 3521 5887">
    <p class='ocr_par' dir='ltr' id='par_1_118' title="bbox 1915 5818 3521 5887">
     <span class='ocr_line' id='line_1_118' title="bbox 1915 5818 3521 5887; baseline 0.001 -10"><span class='ocrx_word' id='word_1_894' title='bbox 1915 5825 2354 5882; x_wconf 82' lang='lat' dir='ltr'><strong>Conversationis</strong></span> <span class='ocrx_word' id='word_1_895' title='bbox 2393 5834 2572 5879; x_wconf 80' lang='lat' dir='ltr'><strong>tamen</strong></span> <span class='ocrx_word' id='word_1_896' title='bbox 2602 5818 2949 5883; x_wconf 76' lang='lat' dir='ltr'><strong>vocabulum,</strong></span> <span class='ocrx_word' id='word_1_897' title='bbox 2991 5829 3046 5875; x_wconf 86' lang='lat' dir='ltr'><strong>et</strong></span> <span class='ocrx_word' id='word_1_898' title='bbox 3076 5833 3275 5878; x_wconf 86' lang='lat' dir='ltr'><strong>sensus</strong></span> <span class='ocrx_word' id='word_1_899' title='bbox 3317 5827 3521 5887; x_wconf 74' lang='lat' dir='ltr'><strong>arridet</strong></span> 
     </span>
    </p>
   </div>
   <div class='ocr_carea' id='block_1_119' title="bbox 1923 5909 2131 5971">
    <p class='ocr_par' dir='ltr' id='par_1_119' title="bbox 1923 5909 2131 5971">
     <span class='ocr_line' id='line_1_119' title="bbox 1923 5909 2131 5971; baseline -0.024 -20"><span class='ocrx_word' id='word_1_900' title='bbox 1923 5909 2131 5971; x_wconf 65' lang='lat' dir='ltr'><strong>magis,</strong></span> 
     </span>
    </p>
   </div>
  </div>
