4054 6378
145 381 246 439 475

1131 382 1476 441 APOLOGIA
1511 382 1878 442 ADVERSUS
1918 381 2165 440 LIBROS
2206 383 2457 440 RUFINI.

3331 389 3435 446 4τὸ

145 500 342 572 eloquii
373 509 741 558 venustatem.
773 502 855 558 Ab
881 501 1003 558 aliis
1027 502 1331 572 appeteris,
1362 500 1595 556 aliorum
1627 501 1732 557 cri-
1759 508 1815 568 Α
1838 498 2128 557 fectionem
2158 507 2305 556 tuam
2333 499 2651 557 discutere?
2676 502 2845 574 Cujus
2865 505 3042 560 aetatis
3062 503 3430 574 fueris,unde,

145 595 440 651 minatian
469 593 777 651 confoderis
803 639 816 661 ,
846 605 900 651 et
928 604 1114 652 contra
1143 611 1229 652 me
1265 594 1587 650 furibundus
1615 595 1731 665 jac-

146 690 311 754 taris,
360 698 414 744 et
453 689 687 760 loqueris
712 732 726 756 ,
765 708 782 743 ι
819 689 1087 762 Numquid
1123 700 1177 745 et
1204 705 1307 761 ego
1353 706 1459 744 non
1505 703 1729 760 po.~sum

142 798 400 840 enarrare
419 825 433 849 ,
459 793 512 837 ttt
540 785 812 855 quomodo
838 785 904 840 de
935 785 1077 842 Urbe
1105 783 1467 841 discesseris?
1494 783 1634 851 Quid
1661 783 1731 838 de

145 885 197 933 te
223 878 274 931 in
299 879 552 948 praesenti
580 877 880 949 jndicatnm
908 881 1017 936 sit?
1047 880 1175 952 quid
1210 890 1401 950 postea
1428 881 1725 951 scriptum,

141 970 586 1042 quidjuraveris?
606 972 692 1028 ubi
715 972 892 1028 navim
915 971 1344 1028 conscenderis?
1362 987 1522 1042 quam
1545 981 1730 1026 sancte

142 1064 441 1135 periurium
473 1066 767 1122 vitaveris?
809 1067 1062 1122 Poteram
1109 1065 1350 1136 pandere
1375 1107 1388 1131 ,
1433 1065 1530 1120 sed
1574 1064 1726 1134 plura

139 1171 361 1213 servare
377 1159 561 1223 statui,
582 1175 742 1230 quam
757 1160 986 1216 referre.
1015 1181 1033 1212 ι
1058 1159 1180 1214 Haec
1196 1159 1354 1233 551
1372 1169 1492 1213 sunt
1515 1170 1724 1213 tuorum

137 1258 452 1304 ornamenta
476 1250 790 1306 verborum.
811 1250 880 1306 Et
905 1262 1023 1320 post
1053 1252 1152 1306 ista
1177 1253 1219 1306 si
1251 1251 1380 1320 quid
1415 1252 1467 1304 in
1497 1261 1548 1306 te
1571 1264 1728 1318 aspe-

135 1353 257 1393 rum
292 1339 486 1396 dixero
509 1383 522 1406 ,
555 1343 739 1397 statim
773 1343 903 1396 mihi
937 1342 1391 1413 proscriptionem
1427 1351 1481 1397 et
1515 1342 1726 1412 gladios

134 1435 501 1489 comtninaris.
550 1435 616 1490 Et
653 1438 870 1491 interim
902 1435 1066 1492 homo
1097 1437 1578 1508 eloquentissimus
1607 1445 1724 1491 arte

131 1522 274 1580 ludis
301 1525 574 1582 rhetorica
601 1569 615 1594 ,
648 1540 704 1584 et
734 1529 962 1584 simulas
995 1542 1046 1584 te
1078 1530 1358 1600 prreterire
1390 1545 1512 1600 qua:
1542 1529 1678 1584 dicis
1707 1571 1720 1592 ,

133 1628 190 1674 ut
230 1623 320 1693 qui
353 1623 566 1691 objecta
610 1625 841 1694 probare
888 1639 994 1680 non
1028 1635 1245 1694 poteras
1269 1668 1283 1690 ,
1313 1626 1466 1695 quasi
1499 1634 1725 1694 pra-ter-

131 1713 300 1769 missa
325 1714 491 1771 facias
511 1717 819 1772 criminosa.
842 1717 969 1772 llaec
985 1728 1069 1774 est
1083 1728 1105 1752 κ
1126 1731 1213 1774 tua
1241 1730 1350 1773 tota
1375 1719 1717 1788 simplicitas,

127 1807 206 1864 sic
223 1811 400 1866 amico
422 1812 616 1882 parcis,
641 1819 696 1867 et
711 1827 959 1869 reservas
982 1822 1034 1869 te
1055 1814 1121 1870 ad
1150 1814 1437 1870 tribunalia
1452 1813 1715 1884 judicum,

1835 609 1942 664 quo
1983 604 2232 664 tempore
2280 593 2596 664 navigaris?
2627 595 2719 650 ubi
2751 597 2998 651 vixeris?
3039 597 3235 667 quibus
3269 599 3436 652 inter-

1834 689 2038 744 l’ueris‘?
2064 687 2172 745 Sed
2206 688 2385 754 absit,
2418 698 2476 743 ut
2497 689 2642 759 quod
2669 689 2722 744 in
2748 699 2799 745 te
2823 689 3198 762 reprehendo,
3216 689 3434 746 faciam:

1833 790 1888 838 et
1917 783 1968 837 in
1998 783 2372 838 ecclesiastica
2416 783 2784 852 disputatione
2808 827 2824 853 ,
2858 784 3082 840 anilium
3121 785 3430 857 jurgiorum

1833 875 2192 930 deliramenta
2221 876 2590 947 compingam.
2623 876 2737 932 Hoc
2767 876 2946 932 solum
2991 877 3302 948 prudentiae
3331 888 3437 935 tuae

1831 968 2035 1024 dixisse
2058 965 2316 1035 sufficiat,
2333 980 2391 1024 ut
2412 985 2610 1025 caveas
2629 971 2684 1025 in
2703 970 2941 1028 alterum
2961 971 3437 1044 dicere,quidquid

1829 1064 1884 1118 in
1917 1073 1970 1120 te
1999 1063 2183 1120 statim
2206 1065 2512 1135 retorqueri
2546 1074 2746 1135 potest.

1901 1156 1991 1214 23.
2049 1157 2331 1212 Maledicta
2383 1159 2564 1229 Ruﬁni
2610 1160 2664 1213 in
2717 1159 3091 1233 Epiphaniam.
3143 1160 3430 1233 Epipltanii

1830 1252 1978 1322 epist.
2006 1251 2074 1305 ad
2091 1251 2504 1306 Joannem—In
2534 1254 2705 1307 sancti
2725 1252 3016 1322 Epiphauii
3045 1258 3264 1309 nomine
3288 1252 3424 1308 mira

1831 1351 1920 1397 tua
1955 1344 2360 1414 tergiversatio,
2398 1355 2452 1398 ιιι
2479 1353 2601 1416 post
2631 1345 2876 1400 osculum
2897 1388 2911 1412 ,
2943 1356 3065 1417 post
3097 1345 3426 1411 orationem,

1831 1452 1996 1508 neges
2025 1453 2150 1493 eum
2183 1448 2379 1494 contra
2415 1449 2466 1495 te
2495 1440 2739 1510 potuisse
2769 1441 3045 1498 scribere:
3078 1441 3353 1512 quomodo
3382 1440 3429 1494 si

1827 1529 2129 1586 contendas
2174 1546 2282 1585 non
2325 1531 2568 1602 potuisse
2596 1547 2719 1588 eum
2761 1533 2897 1587 mori
2926 1574 2940 1598 ,
2972 1532 3064 1602 qui
3105 1532 3268 1603 paulo
3298 1541 3425 1588 ante

1826 1621 2074 1690 vixerat,
2108 1633 2200 1678 aut
2231 1625 2431 1680 certior
2459 1625 2531 1680 sit
2563 1626 2636 1679 ttti
2667 1625 3030 1694 reprehensio
3054 1665 3071 1692 ,
3102 1640 3265 1696 quam
3301 1635 3424 1695 post

1827 1729 2015 1784 pacem
2043 1717 2558 1772 excommunicatio.
2593 1716 2677 1771 Ex
2703 1718 2849 1772 nobis
2874 1761 2888 1783 ,
2921 1717 3125 1790 inquit,
3157 1719 3422 1774 exierunt:

1824 1809 1916 1862 sed
1943 1825 2042 1863 non
2073 1809 2280 1880 fuerunt
2309 1827 2375 1865 ea:
2407 1811 2549 1864 nobis
2574 1851 2589 1875 ,
2619 1810 2929 1865 mansissent
2957 1811 3132 1882 utique
3159 1811 3422 1866 nobiscum

125 1911 183 1958 ut
210 1918 462 1959 acervum
487 1906 775 1961 criminum
809 1907 942 1961 mihi
968 1949 982 1973 ,
1017 1906 1144 1961 dum
1178 1907 1387 1978 parcis,
1427 1908 1712 1977 objeceris.
1748 1911 1796 1972 Β
1827 1903 1868 1974 (l
1894 1903 2053 1957 Joan.
2097 1921 2174 1969 tt,
2213 1903 2324 1974 19).
2377 1905 2705 1961 Ηωιθιὶριιιιι
2751 1914 2874 1975 post
2916 1921 3074 1960 unam
3108 1917 3162 1962 et
3192 1906 3418 1962 alteram

190 1995 280 2052 ἓξ.
335 1997 478 2052 Ordo
525 1999 861 2070 profectionis
906 1998 1213 2070 Hieronymi
1256 2000 1320 2052 de
1361 1996 1716 2054 Urbe.—-Vis

121 2102 282 2145 nosse
319 2089 677 2159 profectionis
715 2107 851 2147 mete
880 2094 948 2145 de
984 2091 1130 2147 Urbe
1160 2091 1447 2146 ordinem?
1474 2091 1717 2146 Narrabo

119 2183 372 2239 breviter.
398 2185 584 2240 Mense
601 2185 870 2254 Augusto,
892 2184 1147 2239 ﬂantibus
1168 2184 1502 2250 etesiis,cutn
1527 2194 1718 2238 sancto

122 2274 416 2332 Vincentio
447 2276 796 2348 presbytero,
829 2285 884 2330 et
913 2275 1263 2330 adolescente
1287 2277 1483 2342 fratre,
1514 2287 1568 2330 et
1596 2275 1717 2331 aliis

116 2373 445 2438 monachis,
498 2373 588 2443 qui
637 2387 779 2426 nunc
826 2371 1221 2443 Hierosolyma:
1269 2379 1713 2438 commorantur,

111 2467 295 2520 navim
336 2466 390 2520 in
435 2463 684 2520 Romano
725 2475 880 2534 portu
913 2478 1139 2519 securus
1179 2463 1398 2519 ascendi
1424 2506 1438 2528 ,
1477 2463 1715 2518 maxima

113 2574 198 2614 me
241 2558 576 2615 Sanctorum
609 2556 918 2627 frequentia
953 2567 1352 2629 prosequente.
1390 2555 1525 2612 Veni
1574 2556 1718 2611 Rhe-

112 2653 276 2724 gium,
311 2653 366 2706 in
402 2650 638 2723 Scyllmo
671 2649 854 2705 littore
886 2649 1163 2720 paululqu
1195 2649 1322 2703 steti
1349 2690 1362 2709 ,
1387 2649 1476 2703 tibi
1499 2661 1716 2704 veteres

115 2746 274 2801 didici
319 2743 534 2800 fabulas
559 2787 572 2810 ,
619 2753 674 2800 et
705 2745 1043 2814 praecipitem
1085 2743 1308 2813 pellacis
1340 2740 1446 2814 [Αι.
1482 2741 1714 2814 fallacis]

117 2834 323 2910 Utyssis
339 2854 588 2904 cursum,
609 2847 664 2892 et
692 2839 994 2892 sirenarum
1019 2835 1254 2902 cantica,
1273 2846 1327 2890 et
1351 2835 1712 2890 insatiabilem

115 2927 422 3003 Charybdis
470 2930 806 3001 voraginem.
849 2929 1095 2999 Cumque
1141 2928 1274 2982 mihi
1320 2929 1520 2984 accola:
1569 2929 1714 2983 illius

114 3021 214 3079 loci
257 3025 432 3080 multa
463 3032 790 3090 narrarent,
824 3024 1122 3092 darentque
1153 3022 1440 3077 consilium
1468 3063 1481 3086 ,
1515 3029 1575 3075 ut
1606 3036 1710 3076 non

114 3116 175 3171 ad
204 3117 386 3172 Protei
421 3118 726 3180 columnas,
747 3116 843 3170 sed
873 3115 938 3170 ad
964 3116 1117 3170 Jonas
1142 3125 1354 3186 portum
1381 3117 1710 3186 navigarem:

113 3212 258 3268 illum
286 3215 435 3270 enim
473 3212 794 3284 fugientium
825 3221 878 3266 et
903 3210 932 3248 ι)
964 3211 1324 3275 turbatorum,
1359 3209 1504 3264 hunc
1531 3210 1713 3265 securi

1819 1999 2305 2055 commonitionem
2349 1999 2628 2054 vitandum
2681 1999 2978 2071 Apostolus
3017 2001 3282 2072 prrecipit,
3323 2001 3418 2073 qui

1821 2093 2010 2164 utique
2032 2103 2324 2164 antequam
2353 2095 2555 2148 vitetur
2584 2103 2749 2163 atque
2771 2094 3083 2161 damnetur,
3107 2094 3422 2150 Ecclesias-

1821 2186 1908 2240 tici
1953 2186 2130 2256 gregis
2159 2187 2340 2257 portio
2377 2186 2476 2240 fuit
2509 2184 2638 2258 (Tit.
2664 2201 2746 2252 nt,
2779 2185 2889 2252 10).
2933 2185 3223 2257 Simulque
3247 2187 3414 2241 risum

1820 2285 2006 2332 tenere
2030 2293 2133 2331 non
2152 2279 2546 2348 possum,quod
2571 2293 2601 2332 a
2623 2276 2856 2348 quodam
2884 2277 3152 2346 prudente
3176 2293 3418 2333 commo-

1821 2371 1986 2435 nitus,
2021 2371 2072 2425 in
2098 2371 2288 2425 laudes
2322 2371 2607 2441 Epiphanii
2643 2382 2665 2410 ο
2701 2385 3001 2442 personas:
3036 2391 3054 2424 ι
3095 2371 3191 2427 Hic
3218 2380 3304 2426 est
3327 2371 3419 2428 ille

1819 2463 2024 2519 delirus
2054 2479 2219 2520 senex
2246 2507 2259 2530 ,
2312 2466 2401 2520 hic
2428 2475 2514 2520 est
2558 2463 3170 2536 at'tthropomorphites;
3205 2464 3292 2522 hic
3323 2466 3415 2536 qui

1819 2572 1912 2613 sex
1943 2558 2112 2613 millia
2142 2557 2390 2630 Origcnis
2416 2560 2604 2626 libros,
2633 2571 2686 2615 te
2710 2568 3000 2630 praesente,
3026 2561 3294 2626 cantavit;
3318 2559 3412 2631 qui

1819 2651 2061 2705 omnium
2106 2653 2350 2721 gentium
2381 2651 2578 2721 linguis
2621 2652 3066 2722 praedicatiOuem
3097 2651 3199 2708 sibi
3224 2659 3415 2708 contra

1817 2743 2111 2815 Origeuent
2141 2744 2438 2814 iujuuctam
2472 2755 2654 2816 putat;
2683 2747 2777 2815 qui
2802 2747 2929 2802 ideo
2951 2761 3077 2801 eum
3099 2746 3201 2816 legi
3233 2745 3419 2817 prohi-

1817 2838 1908 2893 bet
1933 2880 1946 2903 ,
1978 2854 2047 2893 ne
2077 2839 2195 2892 aliis
2226 2838 2345 2908 ejus
2378 2837 2518 2893 furta
2568 2848 2926 2910 cognoscant.
2969 2859 2988 2892 ι
3026 2839 3169 2908 Lege
3211 2837 3412 2907 scripta

1817 2940 1927 2996 tua,
1945 2942 2000 2986 et
2025 2931 2311 3002 epistolam
2331 2932 2469 3000 ejus,
2487 2932 2653 2986 immo
2675 2932 2958 3002 epistolas,
2983 2947 3013 2987 e
3029 2933 3226 3002 quibus
3250 2944 3415 2984 unum

1819 3025 2092 3096 proferam
2137 3036 2240 3081 tua:
2271 3025 2394 3080 fidei
2435 3026 2809 3081 teSIimonium
2838 3069 2852 3091 ,
2892 3040 2946 3081 ut
2995 3040 3100 3081 non
3146 3025 3420 3080 immerito

1819 3133 1962 3173 nunc
1987 3133 2015 3172 a
2048 3127 2100 3173 te
2126 3117 2377 3173 laudatus
2399 3134 2524 3174 esse
2546 3119 2816 3175 videatur.
2850 3139 2868 3170 ι
2891 3119 2968 3176 Te
2989 3129 3192 3185 autem,
3221 3117 3411 3185 frater,

1817 3211 2013 3266 liberet
2040 3211 2214 3277 Deus,
2246 3221 2302 3267 et
2332 3223 2579 3268 sanctum
2609 3213 2873 3283 populum
2916 3214 3160 3279 Christi,
3193 3213 3284 3285 qui
3318 3213 3416 3268 tibi

113 3305 350 3362 hominis
374 3321 500 3362 esse
532 3320 750 3360 cursum
770 3347 784 3366 ,
815 3303 981 3357 malui
1012 3319 1108 3371 per
1139 3301 1339 3356 Maleas
1370 3312 1424 3356 et
1449 3300 1712 3374 Cycladas
1742 3306 1787 3369 C
1819 3305 2057 3361 creditus
2082 3315 2206 3372 est,
2243 3314 2298 3361 et
2339 3321 2530 3361 omnes
2575 3306 2773 3363 fratres
2807 3309 2895 3378 qui
2941 3317 3119 3363 tecum
3160 3317 3288 3362 sunt
3316 3350 3330 3373 ,
3359 3318 3419 3365 et

111 3394 344 3469 Cyprum
367 3411 618 3468 pergere.
645 3395 745 3453 Ubi
771 3404 1058 3464 susceptus
1083 3410 1112 3448 a
1136 3394 1436 3449 venerabili
1459 3397 1714 3464 episcopo

109 3493 422 3565 Epiphanio
449 3535 464 3560 ,
500 3493 652 3563 cujus
687 3502 742 3547 tu
773 3491 1088 3547 testimonio
1116 3489 1370 3561 gloriaris
1391 3521 1408 3555 ,~
1442 3490 1561 3544 veni
1598 3494 1712 3544 An-

111 3587 364 3643 tiochiam
394 3629 408 3655 ,
447 3587 538 3641 ubi
591 3585 788 3640 fruitus
831 3601 952 3640 sum
1003 3583 1388 3638 communione
1438 3580 1712 3652 pontificis

107 3681 555 3750 confessorisque
604 3679 814 3734 Paulini
848 3721 861 3743 ,
897 3688 954 3733 et
993 3677 1264 3733 deductus
1303 3676 1370 3730 ab
1417 3691 1484 3732 eo
1531 3677 1710 3732 media

108 3769 299 3844 hyeme
329 3783 386 3829 et
415 3772 626 3844 frigore
653 3773 997 3842 gravissimo,
1021 3773 1212 3827 intravi
1248 3773 1705 3845 Hierosolymam.

108 3863 224 3919 Vidi
257 3867 430 3922 multa
462 3866 757 3932 miracula;
790 3875 845 3923 et
869 3881 991 3939 qua:
1025 3868 1177 3937 prius
1203 3866 1268 3921 ad
1299 3883 1386 3923 me
1415 3867 1554 3923 fama
1588 3883 1711 3938 per-

109 3959 322 4028 tulerat,
349 3961 641 4016 oculorum
666 3959 876 4029 judicio
905 3961 1279 4030 comprobavi.
1307 3961 1436 4016 lnde
1455 3961 1708 4017 contendi

105 4049 424 4124 Egyptum,
446 4054 673 4108 lustravi
697 4055 1028 4108 monasteria
1053 4053 1263 4120 Nitria',
1289 4064 1341 4108 et
1372 4055 1516 4109 inter
1536 4055 1704 4110 Sanc-

104 4151 274 4200 torum
305 4147 515 4202 choros
544 4144 766 4215 aSpides
790 4145 964 4200 latere
988 4146 1262 4214 perspexi.
1292 4146 1545 4201 Protinus
1577 4161 1709 4200 con-

101 4238 202 4293 cito
229 4239 405 4311 gradu
440 4237 724 4294 Bethleem
758 4251 934 4289 meam
964 4251 1219 4291 reversus
1248 4254 1400 4302 sum,
1454 4238 1542 4292 ubi
1573 4238 1706 4293 odo-

103 4335 206 4388 ravi
236 4348 495 4406 praesepe
524 4340 580 4387 et
612 4328 946 4385 incunabula
975 4328 1294 4384 Salvatoris.
1333 4330 1452 4384 Vidi
1485 4346 1704 4401 quoque

101 4423 532 4482 famosissimum
555 4424 755 4485 lacum,
791 4434 892 4474 nec
917 4433 1004 4473 me
1035 4418 1194 4473 inet-ti
1219 4421 1416 4474 tradidi
1438 4423 1578 4486 Otio;
1606 4423 1700 4476 sed

100 4522 261 4576 multa
307 4519 483 4575 didici
512 4559 528 4585 ,
561 4531 683 4586 quae
716 4523 844 4568 ante
874 4511 1209 4568 nesciebam.
1251 4512 1388 4579 Quid
1419 4523 1601 4568 autem
1632 4514 1702 4570 de

99 4629 178 4669 me
223 4615 424 4667 Romm
466 4611 769 4680 iudicatum
799 4608 867 4662 sit
893 4650 906 4671 ,
935 4606 1140 4676 etquid
1175 4615 1361 4674 postea
1393 4606 1652 4675 scriptum
1680 4649 1695 4674 ,

1819 3399 2059 3454 maxime
2111 3398 2364 3454 Rufinum
2399 3401 2770 3472 presbyterum
2805 3443 2818 3466 ,
2870 3402 2938 3456 ab
2979 3401 3174 3458 haeresi
3224 3401 3415 3471 Orige-

1819 3489 1939 3556 nis,
1974 3499 2030 3546 et
2075 3491 2194 3545 aliis
2250 3492 2550 3548 hatresibus
2579 3535 2593 3559 ,
2645 3503 2700 3548 et
2745 3495 3054 3564 perditione
3103 3510 3314 3550 earum.
3355 3493 3411 3548 Si

1815 3585 1960 3639 enim
2006 3594 2226 3655 propter
2267 3601 2432 3640 unum
2472 3586 2700 3642 verbum
2729 3629 2744 3652 ,
2792 3597 2885 3642 aut
2909 3587 3027 3642 'dun
3058 3630 3072 3654 ,
3118 3603 3240 3658 qua:
3277 3601 3410 3641 con-

1815 3679 1976 3734 traria
2025 3679 2150 3734 ﬁdei
2195 3689 2320 3735 sunt
2345 3722 2359 3745 ,
2395 3682 2577 3736 multm
2611 3681 2853 3737 hatrcses
2893 3682 3124 3752 objecta:
3161 3689 3288 3735 sunt
3338 3678 3408 3732 ah

1813 3773 2055 3828 Ecclesia
2078 3817 2091 3838 ,
2122 3782 2326 3844 quanto
2351 3774 2518 3843 magis
2551 3774 2636 3829 hic
2668 3774 2813 3828 inter
2841 3775 3134 3828 litereticos
3179 3769 3406 3825 habebi-

1814 3875 1919 3932 tur,
1948 3865 2039 3937 qui
2069 3875 2247 3922 tantas
2272 3868 2681 3934 perversitates,
2707 3866 2868 3940 553
2895 3875 2948 3921 et
2974 3880 3080 3919 tam
3110 3863 3247 3918 mala
3276 3863 3410 3934 dog-

1815 3968 1953 4013 mata
1986 3970 2175 4015 contra
2228 3959 2390 4014 fidem
2437 3959 2757 4024 adiuvenit,
2792 3959 2887 4013 Dei
2937 3957 3198 4012 Ecclesia:
3229 3955 3405 4011 hostis

1811 4052 2048 4106 esttit!
2090 4071 2108 4104 ι
2150 4052 2275 4107 Ιιιιιο
2301 4060 2386 4106 est
2411 4051 2508 4106 viri
2541 4052 2717 4108 sancti
2749 4051 2816 4106 de
2850 4060 2901 4106 te
2940 4048 3252 4106 testiﬁcatio
3280 4066 3292 4101 :
3323 4050 3402 4104 sic

1811 4145 1876 4200 ab
1907 4160 1976 4200 eo
2001 4157 2262 4212 ornatus,
2288 4145 2366 4200 sic
2386 4144 2633 4201 laudatus
2663 4144 2890 4201 incedis.
2927 4143 3001 4197 lta
3026 4152 3111 4198 est
3134 4140 3362 4212 epistola
3391 4183 3405 4206 ,

1808 4234 1833 4273 ἀ
1861 4254 2021 4308 quam
2063 4239 2131 4293 de
2170 4237 2419 4294 cubiculo
2464 4238 2646 4293 fratris
2694 4236 2917 4292 Eusebii
2967 4237 3200 4290 nummis
3227 4235 3410 4289 aureis

1807 4331 2150 4400 produxisti,
2201 4339 2259 4385 ut
2303 4331 2722 4386 calumniareris
2765 4333 3113 4398 interpretem
3151 4369 3166 4393 ,
3218 4336 3274 4382 et
3321 4341 3406 4380 me

1803 4425 2131 4494 apertissimi
2176 4433 2389 4480 teneres
2417 4425 2664 4480 criminis
2705 4440 2851 4479 reum
2878 4465 2892 4487 ,
2920 4437 3088 4493 quare
3118 4436 3216 4490 pro
3243 4419 3407 4473 Itono-

1803 4519 1955 4573 rabili
2001 4519 2363 4573 charissimam
2415 4519 2832 4573 transtulissem.
2878 4516 2984 4571 Sed
3037 4515 3160 4585 quid
3203 4513 3268 4569 ad
3318 4520 3405 4581 te,

1803 4611 1895 4680 qui
1948 4611 2199 4678 prudenti
2249 4611 2480 4666 consilio
2509 4619 2706 4666 cuncta
2737 4607 3074 4675 moderaris,
3109 4617 3163 4664 et
3187 4609 3265 4664 sic
3293 4623 3408 4663 me-

97 4709 218 4764 nolo
278 4714 472 4761 taceas
496 4745 511 4768 ,
556 4702 856 4771 praesertim
900 4715 1022 4756 cum
1086 4699 1286 4755 habeas
1329 4693 1775 4755 testimonium!)
1805 4701 1928 4757 dius
1959 4703 2170 4758 incedis
2202 4744 2217 4768 ,
2248 4710 2308 4756 ut
2332 4704 2376 4757 si
2419 4702 2696 4758 inveneris
2727 4701 2819 4771 qui
2857 4701 2952 4754 tibi
2989 4702 3254 4766 credant;
3303 4717 3405 4757 nec

98 4799 198 4872 [ΑΙ.
231 4793 587 4866 testimonio]
618 4793 1055 4865 Scripturarum,
1107 4804 1162 4848 et
1207 4807 1308 4865 ego
1355 4808 1460 4848 non
1513 4793 1696 4848 verbis

98 4895 197 4947 tuis
228 4907 356 4964 qua:
385 4888 656 4945 simulare
678 4899 848 4956 potes,
873 4897 926 4944 et
952 4886 1445 4957 impunitojactare
1475 4887 1697 4940 menda-

97 4986 174 5040 cio
194 5029 208 5051 ,
233 4988 331 5042 sed
363 4981 593 5052 scriptis
614 4983 775 5055 552
806 4980 1198 5036 ecclesiasticis
1230 4979 1539 5052 arguendus
1566 4981 1688 5035 sim.

98 5076 224 5135 Vide
253 5087 525 5151 quantum
553 5085 605 5131 te
632 5078 885 5131 timeam:
920 5075 978 5132 Si
1000 5076 1089 5131 vel
1124 5091 1343 5145 parvam
1376 5076 1691 5130 schedulam

97 5184 278 5228 contra
323 5187 411 5228 me
443 5169 679 5226 Romani
711 5168 993 5239 episcopi,
1028 5177 1122 5223 aut
1165 5169 1392 5224 alterius
1435 5169 1693 5225 Ecclesiae

101 5265 384 5331 protuleris
408 5307 422 5329 ,
456 5261 644 5316 omnia
672 5277 794 5332 qua:
827 5261 878 5315 in
913 5271 963 5316 te
990 5261 1192 5330 scripta
1225 5273 1392 5330 sunt,
1426 5279 1546 5319 mea
1589 5265 1695 5319 cri-

101 5359 232 5412 mina
270 5355 607 5413 conlitebor.
637 5354 906 5426 Numquid
949 5363 1002 5410 et
1029 5369 1133 5425 ego
1171 5371 1277 5410 non
1313 5371 1528 5425 possem
1565 5371 1684 5428 pro

165 5506 190 5566 9
219 5495 333 5553 Vox
363 5504 473 5550 tota
505 5510 572 5549 ex
606 5495 776 5549 veteri
798 5495 928 5549 edit.
965 5505 1018 5548 et
1044 5494 1289 5550 Victorio
1315 5498 1619 5566 suppletur.

165 5565 191 5604 δ
223 5569 568 5637 Pra-postere
597 5566 758 5620 habet
789 5567 1068 5630 Martian.,
1101 5583 1224 5620 cum
1260 5565 1514 5632 Erasmo,
1557 5568 1695 5622 hunc

103 5639 228 5692 enim
262 5639 557 5710 [agentium
583 5676 599 5700 ,
631 5646 675 5690 et
697 5637 1023 5710 turbatorum
1047 5680 1060 5702 ,
1093 5637 1242 5691 illum
1273 5641 1441 5692 securi
1472 5641 1694 5693 hominis

112 5723 208 5763 esse
233 5708 461 5765 cursum.
497 5708 867 5763 Emendatntts
894 5725 998 5780 ope
1029 5711 1235 5764 veteris
1261 5711 1538 5764 editionis.
1577 5712 1697 5763 Vic-

112 5783 270 5837 torius
300 5785 433 5837 item
471 5781 556 5852 sic
589 5781 894 5835 reatituerat
919 5823 932 5846 ,
966 5783 1110 5852 quod
1143 5796 1332 5835 sensus
1365 5781 1482 5848 ipse
1510 5797 1605 5850 per
1634 5797 1692 5838 se

111 5852 440 5923 ostendebat.
476 5851 634 5923 Notm
677 5867 840 5923 porro
868 5851 994 5906 sunt
1025 5851 1501 5923 Preti-iicolumnze
1536 5853 1690 5923 juxta

115 5917 391 5994 Egyptum
423 5944 433 5989 ς
471 5933 526 5978 et
553 5917 708 5977 Jonti:
756 5919 942 5992 portus
973 5955 984 5988 .
1016 5924 1067 5979 id
1097 5933 1180 5979 est
1210 5922 1380 5994 tloppe
1407 5951 1421 5989 ι
1469 5917 1553 5980 ιΙιῐ
1585 5939 1690 5997 qua

1801 4796 2122 4852 Anastasius
2153 4803 2341 4850 contra
2386 4803 2477 4861 te,
2523 4810 2624 4852 nec
2672 4793 3002 4863 Epiphanius
3047 4795 3400 4864 scripserint;

1806 4889 1907 4943 nisi
1943 4888 2072 4958 ipsa:
2102 4888 2349 4956 epistola:
2391 4885 2808 4942 reclamaverint
2840 4928 2853 4951 ,
2894 4895 2949 4940 et
2987 4885 3245 4956 fregerint
3295 4893 3403 4938 tuae

1803 4979 1996 5035 frontis
2037 4981 2320 5034 audaciam
2348 5021 2363 5042 ,
2397 4979 2579 5032 statim
2620 4979 2884 5047 judicium
2936 4982 3218 5046 utriusque
3262 4991 3397 5030 con-

1804 5083 2017 5130 temnas
2043 5117 2057 5140 ,
2103 5085 2156 5129 et
2200 5087 2308 5127 non
2351 5071 2415 5125 ad
2446 5080 2496 5125 te
2541 5072 2857 5142 pertineat,
2888 5071 3003 5126 sive
3045 5068 3402 5139 scripserint,

1801 5172 1917 5226 sive
1945 5185 2050 5224 non
2085 5166 2410 5238 scripserint
2435 5209 2450 5229 ,
2493 5168 2616 5238 quia
2647 5168 2716 5222 de
2756 5167 3046 5223 innocente
3083 5175 3138 5222 et
3176 5165 3405 5220 absente

1802 5264 2046 5320 scribere
2075 5277 2181 5318 non
2215 5262 2490 5332 potuerint
2517 5261 2624 5335 [AL
2656 5261 2984 5333 potuerant].
3019 5261 3128 5316 Nec
3157 5260 3208 5314 itt
3240 5273 3398 5314 Sanc-

1805 5366 1916 5412 tum
1944 5357 2121 5410 virum
2153 5356 2267 5410 haec
2291 5355 2432 5408 mala
2463 5354 2794 5411 eonfet-ettda
2823 5366 2970 5422 sunt,
3007 5373 3025 5406 ι
3064 5365 3121 5408 ιιι
3143 5353 3398 5408 ostenda-

1804 5495 1953 5552 Hier.
1988 5507 2100 5552 tum
2132 5497 2258 5553 alibi
2285 5541 2298 5563 ,
2331 5505 2440 5552 tum
2472 5497 2700 5565 epistola
2736 5497 2835 5552 108
2858 5538 2871 5560 ,
2903 5495 2971 5549 ad
3006 5493 3260 5550 Eustoch.
3292 5535 3304 5559 ,
3337 5510 3391 5549 ιι.

1802 5569 1865 5624 8:
1897 5568 2066 5644 Jpppe
2091 5587 2291 5644 quoque
2311 5572 2555 5644 fugientis
2581 5577 2784 5639 portum
2814 5567 2985 5632 Jonw,
3019 5577 3124 5621 etc.

1897 5588 2066 5696 δεῖρε
2091 5588 2291 5642 quoque
2311 5588 2555 5644 jugtentts
2581 5588 2702 5639 porr:

1877 5652 1897 5715 ιζ
1932 5669 1946 5695 ι
1986 5643 2118 5715 .tlttit
2149 5641 2418 5715 Vtetorins
2444 5650 2702 5715 pertonas.

1871 5713 1897 5748 ά
1932 5714 2212 5783 lapiphattii
2236 5713 2301 5768 ad
2334 5708 2489 5768 .Ioau.
2527 5715 2578 5766 iu
2609 5719 2791 5766 nostra
2827 5709 3144 5783 recensione
3173 5708 3261 5783 51.
3293 5708 3396 5763 lle-

1797 5783 1919 5856 cole
1948 5779 2130 5838 autem
2163 5785 2307 5839 illam
2336 5802 2551 5856 quoque
2583 5783 2894 5851 llteronymi
2921 5797 2948 5833 a
2984 5779 3297 5856 l’amntach.
3333 5783 3398 5838 de

1798 5855 1994 5925 Optimo
2017 5872 2200 5922 genere
2226 5852 2618 5926 interpret-andi,
2641 5869 2762 5925 qum
2787 5868 2935 5907 ttttm.
2963 5863 3046 5907 est
3069 5852 3157 5906 57.
