4036 6322
597 231 704 289 ΗΒ

1845 227 1904 287 S.
1948 223 2219 286 EUSEBU
2259 224 2637 285 HIERONYMI

3786 233 3896 294 476

600 359 683 404 Iur
711 363 804 401 ore
828 349 1052 419 quidem
1075 359 1129 403 ct
1159 349 1344 404 osculo
1365 359 1552 418 pacem
1582 347 1819 414 dedisse,
1851 349 1992 402 mala
2011 355 2190 402 autem
2219 348 2270 408 Α
2303 346 2394 402 Del
2425 345 2878 416 providentlre,ut
2904 346 3053 403 missi
3076 347 3144 403 ad
3169 347 3336 413 aliud,
3361 356 3552 404 contra
3580 360 3896 408 nascentem

600 449 652 492 et
697 440 879 493 dolum
921 442 973 496 in
1017 456 1118 496 suo
1155 441 1321 496 corde
1350 455 1617 494 servasse.
1661 458 1678 492 ι
1716 441 1809 495 Sic
1855 442 2000 494 enim
2033 455 2194 510 argu-

603 531 863 584 ntcntaris
883 574 898 596 ,
930 542 986 587 et
1009 532 1126 588 haec
1152 544 1280 586 sunt
1307 532 1468 586 verba
1501 532 1839 588 defensionis
1865 543 1990 586 tute.
2020 531 2195 601 Ipsius

594 636 716 677 esse
757 625 1045 680 adversum
1091 638 1145 681 te
1175 627 1458 696 epistolam
1486 669 1500 691 ,
1541 636 1593 680 et
1634 628 1784 683 orbis
1815 629 2059 696 agnoscit
2089 669 2103 690 ,
2138 637 2194 681 et

597 717 969 774 authenticam
1004 721 1056 774 in
1087 735 1280 774 manus
1315 730 1431 774 tuas
1459 720 1676 776 venisse
1700 719 2112 775 convincimus:
2138 728 2195 774 et

598 811 769 865 miror
819 828 927 881 quo
979 812 1186 881 pudore
1211 853 1227 880 ,
1277 811 1448 866 immo
1476 827 1580 882 qua
1615 813 1948 881 impudentia
1983 826 2149 883 neges
2177 852 2191 876 ,

597 905 743 974 quod
795 921 976 959 verum
1022 919 1143 960 esse
1187 921 1294 958 non
1343 905 1613 975 ambigis?
1648 906 1790 976 Ergo
1827 906 2062 975 pollutus
2092 905 2196 959 erit

595 996 929 1066 Epiphanius
957 1039 970 1061 ,
1003 999 1093 1067 qui
1123 998 1217 1052 libi
1261 1012 1448 1067 pacem
1481 997 1638 1053 dedit
1670 1040 1683 1062 ,
1718 1008 1773 1053 et
1805 1000 1857 1052 in
1899 1013 1998 1052 suo
2029 995 2196 1051 corde

599 1092 784 1146 dolunt
807 1092 1062 1147 servavit.
1097 1091 1204 1146 Cttr
1232 1106 1338 1145 non
1370 1091 1500 1146 illttd
1548 1092 1734 1146 verius
1781 1093 1894 1157 sit,
1947 1091 2089 1161 quod
2141 1098 2197 1146 te

596 1184 832 1252 primum
879 1184 1188 1239 monuerit?
1221 1182 1360 1252 quod
1399 1185 1634 1238 voluerit
1664 1184 1961 1239 emendare
1982 1226 1997 1250 ,
2044 1194 2098 1238 et
2128 1184 2195 1238 ad

601 1284 809 1328 rectum
855 1277 958 1329 iter
1002 1275 1298 1339 reducere,
1346 1284 1402 1329 ttt
1455 1274 1611 1330 Juda:
1659 1275 1908 1332 osculum
1952 1292 2058 1330 non
2107 1291 2197 1330 re-

607 1368 806 1423 futaret
830 1411 844 1436 ,
895 1379 952 1424 ut
989 1370 1321 1440 proditorem
1353 1371 1476 1425 fidei
1505 1372 1777 1442 frangeret
1809 1372 2104 1440 patientia;
2144 1378 2201 1426 et

603 1471 885 1531 postquam
916 1477 979 1518 se
1008 1463 1276 1518 intellexit
1298 1478 1455 1518 casso
1486 1464 1684 1520 sudare
1715 1464 1926 1530 labore,
1953 1479 2050 1520 nec
2077 1480 2200 1534 par-

606 1552 736 1606 dum
767 1561 973 1608 mutare
993 1554 1305 1620 varietates,
1328 1569 1428 1610 nec
1458 1554 1773 1625 Etltiopem
1803 1557 1996 1626 pellem
2020 1571 2196 1620 suam,

607 1642 752 1712 quod
783 1654 961 1700 mente
987 1658 1349 1716 conceperat,
1381 1648 1579 1702 litteris
1609 1647 1917 1703 indicasse?

2299 439 2550 494 lueresim
2596 438 2950 504 dimicarent;
2999 449 3054 496 et
3094 441 3146 495 in
3189 455 3394 496 morem
3424 439 3660 513 Ioseph,
3699 442 3896 500 famem

2295 532 2555 594 futuram,
2583 531 2704 585 fidei
2736 533 2933 588 ardore
2960 533 3331 590 sublevarent.

2368 625 2458 680 25.
2491 624 2571 680 De
2622 628 2760 698 [uisa
2809 628 2960 698 epist.
3011 629 3080 682 ad
3109 630 3285 696 Afros.
3331 627 3415 684 Ea:
3459 629 3660 685 Grtccis
3711 629 3898 686 Latina

2299 719 2523 790 Ruﬁnus
2569 722 2950 776 emendarerat.
2987 753 3060 763 —-
3097 723 3218 791 Quo
3267 738 3372 778 non
3426 733 3678 791 erumpat
3729 725 3898 779 semel

2297 813 2556 868 effrenata
2602 813 2871 868 audacia?
2902 815 3158 870 Alienum
3206 816 3414 870 crimen
3449 816 3550 868 sibi
3582 815 3811 884 obiecit.
3847 826 3902 871 ut

2302 923 2399 959 nos
2435 907 2664 960 finxisse
2694 906 2998 961 videamur.
3033 906 3185 972 Quod
3214 907 3419 976 absque
3451 908 3674 960 nomine
3695 907 3900 962 dictum

2300 1007 2409 1062 est,
2430 998 2482 1051 itt
2508 1013 2568 1053 se
2597 998 2800 1053 dictum
2835 997 3024 1061 refert,
3051 1008 3107 1052 et
3135 1014 3374 1069 purgans
3396 1006 3625 1054 externa
3654 1009 3899 1068 peccata,

2301 1100 2510 1146 tantum
2539 1091 2606 1146 de
2637 1107 2733 1144 sua
2767 1106 2995 1146 securus
3044 1100 3132 1146 est
3172 1093 3508 1147 innocentia.
3551 1092 3711 1147 Jurat
3755 1094 3902 1148 enim

2303 1199 2362 1237 se
2398 1183 2684 1253 epistolam
2731 1199 2838 1237 nutt
2870 1185 3163 1254 scripsisse
3206 1183 3273 1238 ad
3321 1182 3483 1238 Afros
3530 1187 3633 1238 sub
3684 1185 3904 1240 nomine

2303 1292 2452 1343 meo,
2484 1279 2536 1331 in
2567 1294 2669 1347 qtta
2716 1278 2980 1334 confitear
3004 1279 3280 1334 inductum
3312 1295 3399 1334 me
3430 1295 3458 1333 a
3488 1279 3714 1343 Judmis,
3753 1297 3906 1336 men-

2303 1372 2457 1427 dacia
2491 1372 2868 1432 transtulisse:
2894 1383 2946 1428 et
2972 1372 3134 1426 mittit
3162 1374 3330 1430 libros
3355 1373 3548 1428 eadem
3572 1373 3754 1428 omnia
3774 1389 3908 1430 con-

2304 1468 2562 1536 tiuentes,
2595 1483 2715 1538 qua:
2745 1468 2990 1522 nescisse
3029 1482 3090 1521 se
3127 1467 3297 1536 jurat.
3331 1467 3400 1522 Et
3433 1468 3604 1521 miror
3631 1468 3906 1536 quomodo

2306 1560 2588 1630 prudentia
2623 1560 2740 1630 ejus
2768 1575 2892 1614 cum
2939 1559 3168 1614 alterius
3202 1559 3438 1628 nequitia
3471 1561 3820 1623 convenerit,
3854 1568 3906 1612 ttt

2306 1653 2450 1722 quod
2492 1653 2630 1706 alius
2663 1653 2714 1706 in
2767 1651 2944 1706 Africa
2978 1651 3241 1705 mentitus
3272 1659 3378 1713 est,
3422 1651 3508 1705 hic
3554 1651 3908 1704 concorditer

674 1732 766 1787 24.
799 1733 1072 1791 Calumnia
1102 1739 1165 1790 de
1192 1738 1317 1807 [icta
1346 1755 1491 1808 pace.
1535 1739 1699 1794 Amici
1731 1739 2040 1812 Hieronymi
2061 1742 2205 1796 missi
2237 1731 2278 1790 Β
2312 1761 2497 1799 verum
2523 1743 2748 1808 diceret,
2787 1743 3027 1815 stylique
3054 1742 3173 1810 ejus
3199 1742 3541 1812 elegantiam,
3572 1743 3761 1796 nescio
3785 1742 3911 1810 quis

604 1831 658 1883 in
692 1828 1039 1887 Occidentem.
1061 1861 1132 1872 --
1153 1833 1287 1889 Tale
1308 1833 1436 1903 quid
1459 1843 1511 1888 et
1533 1844 1721 1889 contra
1753 1850 1947 1905 papam
1977 1838 2206 1890 Anasta-

609 1922 748 1976 sium
773 1924 1041 1994 disputas,
1064 1933 1124 1978 ιιι
1153 1926 1275 1994 quia
1312 1925 1488 1980 Siricii
1520 1925 1776 1996 Episcopi
1811 1927 1979 1981 babes
2003 1926 2207 1995 episto-

612 2016 744 2084 lam,
778 2017 879 2070 istc
905 2027 1094 2074 contra
1127 2027 1178 2073 te
1205 2018 1446 2074 scribere
1478 2033 1582 2072 non
1614 2019 1874 2089 potuerit.
1910 2018 2115 2074 Vereor
2136 2034 2207 2074 ne

611 2108 706 2163 tibi
757 2109 949 2166 factam
998 2110 1253 2179 injuriam
1313 2110 1632 2176 suspiceris.
1687 2110 1882 2165 Nescio
1933 2109 2208 2179 qu0m0d0

613 2212 808 2256 acutus
830 2212 882 2256 et
907 2203 1146 2270 prudens
1167 2202 1235 2256 ad
1261 2203 1358 2256 bas
1387 2201 1617 2271 ineptias
1639 2202 1863 2258 derolva
1875 2203 1968 2268 ris,
1998 2212 2051 2257 ut
2075 2203 2205 2256 dum

613 2299 808 2352 stultos
850 2297 1088 2353 lectores
1115 2307 1292 2366 putas,
1325 2306 1377 2352 te
1417 2299 1640 2351 stultum
1683 2312 1804 2351 esse
1841 2297 2205 2352 demonstres.

613 2387 742 2443 Post
766 2391 1035 2460 egregiam
1058 2391 1620 2460 argumentationem,
1656 2387 1810 2459 punis
1839 2389 1890 2444 in
1920 2388 2164 2444 clausula
2189 2404 2205 2442 :

619 2501 638 2535 ι
664 2483 818 2536 Absit
834 2484 934 2538 hoc
952 2500 980 2537 a
998 2485 1127 2538 viris
1150 2484 1374 2539 sanctis.
1399 2485 1473 2539 De
1497 2492 1674 2539 vestra
1696 2483 1889 2538 schola
1904 2484 2087 2537 solent
2106 2483 2207 2537 ista

616 2573 780 2649 554
821 2577 1138 2646 procedere.
1170 2577 1281 2632 Vos
1329 2577 1485 2632 nobis
1516 2593 1703 2648 pacem
1738 2576 2211 2646 proficiscentibus

619 2670 870 2735 dedistis,
902 2680 958 2724 et
987 2686 1015 2724 a
1050 2679 1203 2739 tergo
1230 2671 1408 2740 jacula
1438 2671 1660 2724 venenis
1693 2681 1900 2724 armata
1927 2669 2159 2738 jecistis.
2186 2687 2204 2721 ι

621 2762 688 2815 Ει
718 2763 768 2814 in
801 2761 904 2816 hac
932 2764 1122 2817 eadem
1167 2765 1473 2832 prudentia,
1509 2765 1673 2818 immo
1700 2763 2099 2820 declamatione
2125 2764 2212 2818 di.

621 2861 806 2906 sertus
832 2869 954 2908 esse
983 2857 1230 2909 voluisti.
1273 2857 1466 2911 Pacem
1512 2856 1782 2920 dedimus,
1817 2873 1924 2912 non
1963 2858 2212 2913 haeresim

627 2946 986 3014 suscepimus.
1040 2946 1326 3002 Juuximus
1365 2949 1619 3004 dexteras
1664 2967 1677 3002 :
1726 2949 1990 3009 abeuntes
2033 2966 2217 3020 prose-

621 3037 732 3089 cuti
764 3052 971 3104 sumus,
997 3048 1050 3093 ttt
1077 3055 1171 3093 vos
1202 3042 1394 3095 essetis
1424 3040 1704 3107 catholici,
1728 3057 1832 3096 non
1864 3051 1921 3097 ut
1950 3057 2050 3100 nos
2070 3058 2216 3098 esse-

2308 1837 2596 1904 imperitns
2627 1835 3049 1905 possetimitari.
3081 1834 3201 1888 Tibi
3236 1835 3336 1889 soli
3359 1835 3481 1889 licet
3509 1833 3910 1888 hatretieorttm

2305 1930 2466 2004 555
2513 1944 2725 1984 venena
2759 1930 3089 1991 transferre;
3133 1937 3191 1983 et
3243 1927 3310 1982 de
3360 1927 3532 1981 calice
3583 1925 3910 1997 Babylonis,

2306 2024 2518 2077 cunctis
2562 2022 2818 2091 gentibus
2863 2019 3182 2090 prepinare.
3222 2019 3302 2072 'l’tt
3333 2017 3552 2073 Latinas
3590 2017 3911 2086 Scripturas

2307 2116 2375 2172 de
2404 2115 2593 2171 Grzeco
2615 2114 2963 2179 emendabis;
2989 2113 3206 2169 etaliud
3236 2110 3499 2170 Ecclesiis
3524 2110 3709 2164 trades
3730 2109 3911 2177 legen-

2310 2212 2460 2275 dum,
2507 2226 2670 2281 quam
2703 2209 2845 2280 quod
2897 2209 3067 2264 semel
3113 2209 3180 2262 ab
3215 2205 3493 2274 Apostolis
3521 2215 3911 2273 susceperunt;

2311 2304 2443 2358 mihi
2487 2319 2592 2356 non
2642 2302 2823 2357 licebit
2854 2309 2977 2370 post
3004 2300 3364 2370 Septuaginta
3394 2297 3723 2363 editionem,
3754 2311 3909 2364 quant

2311 2394 2728 2465 diligentissime
2745 2393 3112 2457 emendatam,
3140 2401 3268 2446 ante
3290 2405 3464 2444 annos
3495 2389 3764 2456 plurimos
3787 2404 3916 2443 mete

2310 2491 2505 2560 lingua:
2519 2489 2830 2543 hominibus
2853 2487 3000 2552 dedi,
3022 2486 3087 2540 ad
3111 2482 3726 2548 confutandosJudmos,
3753 2483 3915 2537 etiam

2315 2584 2426 2662 ipsa
2460 2579 2791 2649 exemplaria
2835 2588 3081 2642 vertere,
3115 2593 3235 2646 qua:
3279 2575 3383 2645 ipsi
3425 2575 3709 2628 verissima
3752 2572 3918 2627 confi—

2317 2684 2519 2738 tentur,
2546 2673 2672 2726 utsi
2698 2671 2917 2738 quando
2946 2669 3234 2725 adversum
3263 2683 3360 2722 eos
3381 2668 3708 2722 Christianis
3732 2667 3917 2736 dispu-

2317 2769 2448 2824 tatio
2476 2776 2580 2834 est,
2631 2781 2737 2820 non
2795 2765 3030 2820 habeant
3079 2761 3507 2830 subterfugieudi
3561 2760 3916 2824 diverticula,

2316 2863 2409 2915 sed
2439 2868 2655 2914 suomet
2684 2858 3028 2927 potissimum
3057 2871 3316 2911 mucrone
3347 2853 3657 2908 feriantur?
3691 2854 3917 2908 Plenius

2317 2968 2484 3020 super
2520 2951 2625 3006 hoc
2654 2959 2709 3005 et
2739 2950 2792 3005 in
2820 2950 3001 3004 multis
3024 2949 3145 3003 aliis
3173 2949 3328 3012 locis,
3363 2957 3419 3003 et
3464 2947 3515 3002 in
3552 2945 3658 3001 fine
3693 2947 3918 3002 secundi

2318 3047 2468 3108 libri,
2510 3045 2601 3100 ubi
2641 3044 2975 3100 accusationi
3032 3051 3134 3098 tuas
3187 3040 3469 3112 respondi,
3503 3041 3799 3111 scripsisse
3843 3055 3921 3095 me

624 3142 746 3182 mus
787 3128 1050 3186 haeretici.
1079 3131 1211 3186 Volo
1245 3143 1419 3187 tamen
1449 3135 1614 3200 scire,
1638 3150 1761 3204 qua;
1781 3135 1891 3190 sint
1912 3135 2010 3190 ista
2033 3135 2214 3206 jacula
2244 3114 2288 3178 δ
2325 3141 2581 3205 memini;
2615 3148 2670 3194 et
2698 3138 3115 3208 popularitatem
3143 3144 3315 3198 tuam,
3349 3151 3451 3206 qua
3486 3133 3617 3188 milti
3660 3135 3919 3188 invidiam

623 3236 911 3290 venenata,
938 3243 1055 3294 quae
1084 3238 1204 3297 post
1237 3239 1443 3299 tergum
1470 3241 1711 3285 vestrum
1745 3245 1845 3286 nos
1865 3230 2065 3302 jecisse
2087 3246 2219 3290 cou-

623 3316 892 3384 qttcreris.
931 3316 1268 3384 Vincentius,
1318 3321 1690 3387 Paulinianus,
1728 3322 2015 3390 Eusebius,
2054 3332 2078 3360 η
2110 3322 2220 3378 Ru—

623 3406 785 3471 finus,
811 3411 1117 3482 presbyteri
1141 3430 1405 3483 :quorum
1430 3415 1748 3470 Vincentius
1776 3416 1945 3472 multo
1971 3426 2220 3485 tempore

621 3509 749 3554 ante
801 3517 897 3555 vos
947 3503 1170 3559 Romam
1223 3508 1421 3560 venit:
1463 3507 1812 3562 Paulinianus
1854 3518 1908 3563 et
1959 3509 2221 3564 Eusebius

626 3606 742 3663 post
777 3611 977 3650 annum
1009 3609 1208 3651 vestra:
1241 3600 1603 3667 navigationis
1636 3602 1866 3668 profecti
1918 3611 2080 3657 sunt:
2115 3602 2222 3657 Ru-

626 3689 767 3743 finus
797 3690 847 3744 itt
881 3704 1040 3744 causa
1061 3690 1268 3746 Claudii
1301 3707 1420 3760 pOSt
1451 3694 1725 3748 biennium
1752 3696 1950 3751 missus
1972 3714 1983 3749 :
2008 3713 2217 3764 omnes,

626 3782 712 3835 Vel
744 3797 841 3850 pro
881 3799 940 3837 re
973 3784 1245 3851 familiari,
1287 3786 1368 3840 vel
1403 3802 1500 3855 pro
1530 3788 1774 3855 periculo
1802 3788 1997 3858 capitis
2035 3790 2218 3845 alieni.

628 3871 900 3943 Numquid
951 3890 1111 3930 nosse
1164 3877 1459 3946 potuimus,
1487 3878 1628 3949 quod
1661 3879 1997 3948 ingrediente
2027 3889 2081 3938 te
2110 3881 2222 3937 Ro-

627 3969 848 4036 mam,b
881 3971 964 4025 vir
992 3972 1190 4028 nobilis
1236 3974 1537 4031 somniaret
1584 3975 1767 4030 navim
1820 3976 2032 4046 plenam
2081 3992 2225 4032 mer-

624 4063 794 4128 cium,
831 4064 1031 4118 inflatis
1059 4065 1268 4120 intrare
1302 4066 1472 4120 velis?
1497 4078 1518 4105 c
1548 4067 1702 4134 Quod
1733 4083 1925 4124 omnes
1961 4067 2224 4125 adversus

623 4155 790 4211 fatttttt
820 4159 1174 4228 quatstiones,
1208 4175 1317 4215 non
1356 4159 1499 4215 fatua
1529 4163 1772 4218 solveret
1813 4162 2223 4232 interpretatio?

622 4250 778 4317 Quod
812 4252 1006 4307 librum
1049 4253 1271 4309 Eusebii
1305 4269 1404 4324 pro
1447 4254 1717 4325 Pamphili
1760 4255 2048 4312 vet-teres?
2078 4255 2221 4323 quod

624 4353 774 4397 tuum
801 4344 953 4413 quasi
977 4347 1294 4416 operculum
1324 4358 1607 4402 venenatae
1636 4347 1849 4416 patellas
1878 4346 2224 4417 imponeres?

625 4435 769 4504 quod
826 4437 1251 4496 famosissimum
1309 4457 1446 4508 onus
1496 4441 1842 4519 περὶἈρχῶδ
1891 4441 2092 4510 eloquii
2145 4441 2221 4497 tui

2320 3232 2462 3304 apud
2485 3231 2764 3299 simplices
2786 3241 2835 3282 ct
2863 3228 3145 3298 imperitos
3169 3227 3359 3281 niteris
3382 3225 3680 3280 concitare.
3708 3226 3892 3294 ρεξτεμὶ
3908 3251 3922 3263 -

2321 3342 2420 3381 cua
2454 3326 2669 3380 ratione
2705 3323 3042 3392 compescui,
3077 3319 3310 3390 illucque
3349 3320 3606 3374 lectorem
3647 3316 3924 3373 transmit-

2324 3419 2544 3476 tendum
2577 3427 2726 3487 puto.

2393 3514 2483 3570 96.
2516 3511 2722 3582 Μεινίῳ·
2763 3520 2808 3566 et
2837 3510 3116 3582 Apostolus
3147 3519 3354 3564 rocutus
3392 3507 3610 3577 Ruﬁnus
3636 3524 3668 3560 a
3697 3507 3834 3561 suis.
3857 3535 3924 3548 ~—

2327 3608 2438 3664 lloc
2464 3605 2723 3660 intactum
2771 3604 3037 3674 pra-teriri
3070 3618 3176 3658 nou
3225 3603 3422 3672 patiar,
3453 3615 3518 3653 ne
3548 3599 3735 3654 doleas
3769 3598 3926 3652 falsa-

2328 3705 2499 3753 toreru
2541 3694 2922 3749 schedttlarum
2976 3705 3214 3754 tuarum,
3265 3689 3600 3748 confessoris
3645 3689 3792 3759 apud
3844 3703 3924 3745 me

2324 3792 2551 3864 gloriam
2600 3787 2904 3859 possidere,
2937 3802 3059 3844 cum
3103 3798 3157 3840 ιιι
3197 3784 3444 3855 ejusdem
3487 3782 3734 3838 criminis
3779 3796 3924 3846 reus,

2328 3895 2449 3957 post
2483 3884 2904 3940 Alexandrinum
2931 3881 3180 3936 exsilium
3215 3889 3269 3933 ct
3299 3877 3621 3934 tenebrosos
3649 3888 3922 3940 carceres,

2325 3995 2354 4033 a
2387 3979 2598 4034 cunctis
2625 3977 2872 4047 Origcnis
2909 3972 3271 4029 sectatoribus
3315 3979 3518 4040 martyr
3549 3978 3602 4022 ct
3642 3965 3927 4036 apostolus

2329 4071 2644 4127 nomineris.
2693 4070 2871 4138 Super
2913 4067 3266 4122 excusatione
3313 4060 3600 4131 imperitiae
3647 4069 3776 4124 tuac,
3817 4058 3927 4129 jam

2328 4166 2422 4221 tibi
2457 4161 2860 4233 respondi.Scd
2891 4162 3014 4230 quia
3035 4160 3226 4215 eadem
3258 4153 3722 4228 repetis,etquasi
3758 4166 3927 4220 supe-

2326 4257 2490 4312 rioris
2523 4263 2626 4308 tum
2678 4253 3011 4308 defensionis
3037 4251 3256 4317 oblitus,
3304 4263 3517 4303 rursum
3550 4244 3834 4307 admones,
3873 4252 3928 4296 ut

2326 4349 2560 4405 sciamus
2608 4357 2659 4401 te
2701 4361 2798 4416 per
2845 4345 3059 4417 triginta
3105 4356 3276 4398 annos
3325 4341 3525 4396 Grrccis
3558 4335 3928 4392 voluminibus

2327 4443 2621 4504 deVOratis,
2650 4441 2839 4497 Latina
2863 4441 3103 4494 nescire:
3136 4436 3415 4506 paulisper
3437 4430 3676 4497 attende,
3705 4445 3795 4486 nte
3820 4445 3925 4483 non

626 4530 912 4593 majestate
945 4533 1302 4589 transferres?
1332 4534 1537 4589 Novum
1561 4508 1858 4598 'ealumuize
1884 4547 2055 4603 genus
2094 4544 2222 4590 ante
2256 4508 2302 4568 Ι)
2330 4553 2496 4609 pauca
2527 4538 2579 4593 in
2615 4547 2666 4592 te
2696 4537 2859 4592 verba
2898 4530 3331 4603 reprehendere,
3354 4529 3596 4598 alioquin
3625 4525 3806 4581 omnis
3831 4523 3925 4577 tibi

626 4633 973 4680 accusatores
1005 4629 1273 4694 misimus,
1297 4643 1457 4698 quam
1492 4637 1546 4682 tu
1578 4627 1882 4683 accusanda
1910 4627 2220 4684 committe-

618 4729 732 4770 res.
768 4715 883 4772 Non
915 4717 1036 4785 fuit,
1074 4736 1178 4775 non
1220 4721 1339 4787 fuit,
1374 4721 1615 4792 inquam,
1648 4721 1818 4778 nostri
1845 4721 2080 4787 consilii,
2119 4720 2215 4778 sed

690 4913 716 4943 ει
745 4905 973 4978 Rufinus
1025 4906 1127 4964 iste
1169 4906 1413 4963 leestii
1470 4909 1729 4975 magister
1767 4907 2000 4974 videtur,
2051 4922 2213 4978 quem

615 4977 954 5059 cunnRoma:
982 4988 1191 5045 ageret,
1221 4981 1482 5050 originale
1515 4989 1793 5050 peccatum
1828 4996 1933 5033 non
1965 4977 2089 5036 esse
2110 4980 2212 5035 do-

617 5059 811 5100 Clldl‘ll.

690 5117 718 5191 ἤ
759 5117 1135 5191 Macariuscui
1187 5119 1415 5174 Rufinus
1463 5121 1779 5191 Apologiam
1814 5121 2080 5191 Pamphili
2123 5120 2208 5175 in-

616 5190 858 5265 scripsit,
887 5199 944 5265 ct
975 5189 1325 5265 difﬁcultates
1351 5195 1432 5265 de
1450 5191 1582 5246 Fato
1623 5189 1912 5265 explicavit
1938 5189 1963 5248 :_
1988 5210 2118 5256 non,
2155 5201 2214 5247 ut

614 5259 758 5314 falso
794 5263 1036 5318 satisque
1066 5261 1362 5326 incongrue
1391 5264 1615 5318 Martian
1636 5259 1734 5320 riis
1776 5265 2026 5328 adnotat,
2054 5265 2210 5319 Pam-

614 5333 863 5404 machius
893 5333 1180 5390 indicatur.
1210 5335 1287 5389 De
1312 5337 1404 5391 illo
1436 5336 1555 5390 vide
1589 5337 1935 5394 Geuuadium
1965 5351 2084 5404 cap.
2116 5336 2210 5401 S8,

611 5402 900 5478 ipsumque
931 5406 1322 5478 Hieronymum
1355 5406 1491 5462 infra
1522 5425 1629 5478 non
1661 5408 1850 5460 semel.

684 5487 706 5513 ο
735 5476 886 5542 Quod
918 5495 1089 5531 omnes
1129 5476 1395 5542 adversus,
1428 5488 1533 5531 etc.
1582 5477 1837 5532 Erasmus
1878 5476 2026 5543 legit.
2059 5477 2211 5543 Quod

613 5561 789 5600 omnes
830 5550 1246 5602 adversariorum
1288 5550 1624 5615 qmestiones,
1657 5559 1763 5600 etc.
1807 5547 2078 5601 Marianus
2117 5564 2214 5599 an-

607 5625 742 5679 tem,
779 5617 927 5679 Quod
953 5637 1128 5672 omnes
1159 5620 1431 5671 adversum
1465 5619 1627 5684 fatum
1654 5620 1981 5685 qurestioncs,
2008 5630 2113 5671 etc.
2141 5618 2212 5675 ita

614 5700 830 5753 quoque
861 5705 962 5744 ms.
993 5690 1164 5743 codex
1197 5689 1572 5743 Cluuiacensis
1607 5705 1622 5742 :
1656 5698 1712 5740 at
1742 5689 1831 5741 alii
1865 5703 2088 5752 omnes.
2120 5692 2217 5743 ad.

613 5768 823 5812 vernum
851 5760 1010 5826 fatum
1034 5760 1342 5828 qumstiones
1367 5799 1383 5825 ,
1423 5767 1530 5812 etc.
1568 5757 1706 5812 Dicit
1741 5759 1921 5830 itaque
1953 5758 2218 5833 Hierony-

2327 4631 2610 4701 Scriptura
2641 4627 2874 4684 delenda
2907 4634 3024 4690 est;
3057 4623 3152 4679 sed
3183 4623 3420 4677 voluiSse
3450 4618 3742 4675 ostendere
3767 4613 3929 4670 disci-

2327 4724 2472 4794 pulis
2501 4722 2627 4786 tuis,
2654 4735 2791 4791 quos
2822 4731 3018 4788 magno
3043 4717 3226 4772 studio
3255 4713 3391 4770 nihil
3423 4714 3564 4768 scire
3595 4710 3849 4776 docuisti,
3871 4715 3926 4762 ttt

2321 4923 2440 4964 mus
2468 4908 2642 4964 virum
2683 4905 2920 4963 nobilem
2959 4905 3264 4960 somniasse
3305 4903 3488 4957 navim
3522 4903 3735 4972 plenam
3781 4913 3926 4954 mero

2321 4981 2463 5036 cium
2495 4980 2729 5034 intrasse
2759 4979 3006 5040 Romam,
3036 4975 3252 5046 quando
3277 4990 3394 5028 eam
3426 4975 3616 5027 urbem
3649 4973 3926 5046 ingressus

2321 5062 2402 5106 est
2440 5049 2660 5104 Rufinus
2704 5064 2825 5102 cuiu
2872 5040 3082 5102 sociis"
3117 5046 3259 5116 quod
3301 5040 3728 5116 somnittminoii
3775 5040 3921 5094 f'attta

2315 5124 2551 5176 solveret
2582 5122 2982 5187 interpretatio,
3008 5130 3060 5173 et
3085 5115 3278 5172 omnes
3301 5116 3566 5170 adversus
3589 5115 3755 5168 fatum
3775 5127 3918 5187 quat-

2316 5194 2557 5256 SIioues;
2590 5182 3144 5262 qttia'seilicct'navis
3183 5188 3272 5262 illa
3311 5187 3484 5262 plena
3508 5197 3626 5240 erat
3655 5182 3926 5262 _|i|asi-he-

2318 5264 2572 5324 mitrttm,
2602 5259 2658 5314 ut
2679 5262 2812 5316 alibi
2835 5261 3030 5327 docet;
3059 5271 3109 5314 et
3137 5259 3298 5326 paulo
3325 5270 3444 5322 post
3475 5259 3665 5311 lecturi
3691 5268 3884 5327 sumus
3913 5268 3923 5302 :

2318 5335 2461 5405 Ergo
2492 5337 2590 5388 nisi
2620 5335 2683 5387 de
2713 5332 2926 5387 Oriente
2958 5325 3202 5393 venisses,
3237 5330 3636 5405 eruditissimus
3651 5330 3733 5405 air
3762 5325 3927 5405 linere-

2315 5399 2598 5464 ret'ndhuc
2630 5408 2761 5460 inter
2798 5404 3193 5456 Mat/mumiicos
3221 5417 3238 5462 ;
3267 5412 3311 5454 et
3341 5402 3570 5454 homines
3601 5399 3889 5453 Christiani
3912 5435 3924 5452 .

2317 5479 2442 5548 quid
2465 5489 2647 5531 contra
2685 5477 2848 5546 fatum
2905 5477 3238 5548 dissererent,
3291 5473 3608 5548 ignorarent.
3656 5472 3926 5548 MART-liti.

2319 5543 2697 5615 i—Perpcrattt
2733 5549 3004 5600 Victorius
3027 5545 3278 5615 adversus
3306 5547 3530 5615 fatuum.
3562 5543 3786 5615 Rttiintts
3815 5543 3928 5615 ipse

2322 5611 2570 5674 adversus
2599 5621 2781 5688 fatum.
2819 5619 2898 5674 vel
2935 5616 3220 5688 Matltesin,
3252 5612 3606 5670 difficultates
3635 5611 3871 5669 Macario
3900 5622 3926 5662 τι

2325 5706 2384 5747 se
2408 5692 2580 5762 jactat
2600 5686 2893 5758 'enodatas.
2927 5688 3045 5742 Vid.
3075 5686 3238 5742 infra.
