4036 6342
177 338 258 394 47⁸1
1062 325 1402 385 APOLOGIA
1451 325 1819 385 ADVERSUS
1860 323 2102 383 LIBROS
2142 326 2396 388 RUFINI.

3263 317 3368 380 478

172 453 478 524 intelligerent,
525 448 677 519 cujus
732 444 1068 501 verecundia:
1121 446 1214 508 sit,
1266 443 1467 499 docere
1524 442 1667 514 quod
1696 442 2108 509 Acmlestibus,
2142 444 2417 514 quomodo
2465 441 2675 514 Angeli.
2727 441 3001 508 quomodo
3050 437 3371 509 Arcbangeli

168 547 356 611 nescias,
381 543 594 598 scribere
619 541 757 612 quod
799 541 1036 611 ignores,
1065 548 1120 594 et
1144 537 1390 593 eamdem
1421 537 1666 606 magistri

161 639 420 709 sapientiam
458 638 608 692 etiam
651 636 702 688 in
744 631 992 688 sensibus
1029 640 1358 702 quaererent.
1399 630 1666 700 Quodque

159 732 304 795 addis,
335 748 350 781 ι
374 737 564 799 peccata
599 736 803 796 putere,
830 740 940 780 non
962 724 1149 789 verba,
1175 723 1544 789 mendacium,
1575 736 1667 777 ca-

153 824 382 885 lumniam,
405 820 797 883 detractionem,
821 817 1017 873 falsum
1043 817 1438 879 testimonium,
1463 825 1517 871 et
1545 816 1666 869 uni-

152 929 279 970 versa
301 912 533 973 convicia,
566 920 622 966 et
656 909 728 964 Oa
758 911 897 980 quod
930 911 1175 963 mentitur
1209 907 1398 961 occidit
1436 908 1666 960 animum

147 1005 273 1078 (Sep.
303 1019 335 1070 ι,
362 1001 458 1070 li),
492 1020 509 1053 i
535 1015 838 1069 manesque
865 1019 882 1051 ι
925 1015 993 1055 ne
1025 999 1114 1054 ille
1147 999 1286 1052 fetor
1314 1011 1474 1052 nares
1516 1011 1666 1052 meas

147 1094 703 1168 penetret,icrederem
751 1093 986 1157 dicenti,
1040 1092 1145 1146 nisi
1200 1089 1344 1144 facta
1389 1090 1664 1146 contraria

137 1189 571 1260 deprehenderem,
604 1189 761 1260 quasi
790 1189 836 1242 si
868 1187 998 1242 fullo
1028 1198 1084 1242 et
1113 1188 1377 1241 coriarius
1409 1194 1666 1241 moneant

138 1284 516 1354 pignientarium,
561 1293 620 1337 ut
665 1282 890 1337 naribus
932 1281 1223 1346 obturatis,
1258 1279 1508 1334 tabernas
1536 1293 1664 1334 suas

137 1386 396 1446 praetereat.
439 1375 644 1430 Faciam
695 1389 850 1443 ergo,
901 1376 1046 1443 quod
1093 1371 1365 1443 praecipis,
1413 1373 1662 1427 claudam

137 1482 266 1524 nares
291 1483 443 1537 meas,
480 1481 545 1524 ne
575 1466 818 1523 veritatis
841 1477 898 1522 et
921 1473 946 1504 ⁸
979 1465 1419 1522 benedictionum
1450 1477 1660 1520 tuarum

137 1563 407 1616 :navissiino
428 1560 585 1615 odore
609 1559 946 1615 crucientur.

179 1653 264 1707 27.
294 1651 354 1707 In
376 1669 465 1708 ιιιιο
487 1652 690 1708 frumine
716 1651 922 1706 diversa
948 1651 1227 1706 laudamus
1256 1660 1305 1704 et
1334 1666 1657 1704 accusamus.

138 1745 250 1800 —ln
280 1745 421 1801 laude
460 1755 512 1800 et
548 1745 891 1800 detractione
930 1760 1074 1809 mea,
1106 1746 1230 1813 quia
1261 1744 1445 1799 varius
1488 1744 1660 1799 exsti-

1770 537 1913 592 sint?
1966 553 2087 608 qua:
2128 540 2230 606 eis,
2287 539 2370 594 vel
2428 539 2604 607 qualis
2652 532 2962 590 habitatio?
2999 547 3186 604 quave
3230 534 3371 587 inter

1769 628 1916 698 ipsos
1944 628 2272 694 differentia,
2309 638 2405 684 aut
2427 631 2472 684 si
2503 630 2652 684 nulla
2685 627 2948 682 omnino?
2977 642 3098 696 quae
3140 627 3271 680 solis
3302 628 3374 679 sit

1766 724 1944 785 ratio;
1983 722 2126 777 unde
2167 732 2459 793 augmenta
2511 724 2685 786 lunae,
2727 722 2875 776 unde
2925 719 3204 782 defectus;
3247 717 3369 787 quis

1765 815 1851 870 vel
1885 816 2062 885 qualis
2103 818 2174 870 sit
2200 818 2438 871 siderum
2471 818 2700 872 rursus?
2731 817 2896 871 Miror
2921 815 3194 884 quomodo
3224 813 3365 868 obli-

1766 916 1852 963 tus
1879 911 1956 963 sis
1986 909 2110 964 illos
2135 911 2433 964 versiculos
2461 924 2664 980 ponere
2695 928 2707 962 :

1862 1037 2009 1104 [inde
2026 1045 2211 1090 tremor
2230 1042 2391 1100 terris,
2413 1055 2507 1104 qua
2533 1043 2580 1090 vi
2601 1043 2745 1090 maria
2765 1040 2858 1089 alta
2884 1046 3176 1097 tumescant,

1860 1100 2093 1166 phil-ibus
2116 1106 2288 1166 ruptis,
2317 1100 2590 1166 rursusque
2610 1105 2658 1151 iu
2680 1105 2838 1166 seipse
2861 1104 3078 1152 residant
3099 1115 3112 1150 :

1861 1163 2098 1229 Defectus
2120 1163 2248 1215 Solis
2267 1181 2440 1227 varios,
2467 1163 2716 1229 Lunaeque
2737 1163 2932 1214 labores
2953 1181 2965 1225 ;

2032 1227 2168 1277 Unde
2183 1224 2621 1292 hominum—genus,
2636 1224 2689 1278 et
2709 1229 2950 1292 pecudum
2966 1241 2977 1275 :
2994 1224 3124 1300 unde
3138 1224 3294 1273 imber
3313 1227 3366 1275 et

3075 1294 3240 1356 [ignes

1861 1359 2146 1425 Arcturum,
2173 1361 2464 1424 pluviasque
2490 1362 2688 1425 hyadas,
2714 1363 3044 1424 geminosque
3070 1335 3296 1425 iane-,3.

1860 1423 1984 1488 Quid
2013 1422 2199 1488 tantum
2225 1422 2424 1474 Oceano
2450 1422 2789 1488 pro—percutiat}
2807 1425 3014 1488 tingere
3044 1422 3176 1468 soles

1858 1481 2095 1546 Hiberni,
2124 1485 2200 1534 vel
2227 1501 2337 1546 qum
2363 1481 2514 1534 tardis
2538 1481 2668 1533 r'nora
2692 1481 2913 1533 nantibus
2938 1484 3118 1546 obstet.

2165 1541 2397 1612 (Virgil,
2421 1549 2594 1612 Georg.
2620 1563 2672 1610 ri,
2697 1549 2817 1608 475;
2846 1544 3041 1595 dineid.
3072 1561 3104 1604 t,
3129 1541 3263 1603 τιὸ.)

1763 1666 1969 1725 Deinde
1999 1669 2241 1725 cmlestia
2273 1671 2555 1737 deserens,
2586 1680 2639 1726 et
2666 1670 2731 1724 ad
2761 1679 2972 1724 terrena
2996 1665 3360 1729 descendens,

1763 1763 1817 1818 in
1866 1764 2168 1818 minoribus
2212 1765 2639 1833 philosopharis.
2683 1763 2994 1831 Interrogas
3035 1760 3178 1814 enim
3225 1774 3354 1811 me:

138 1840 226 1903 ’δίῖο
255 1840 385 1894 πηίΓο
410 1839 650 1895 acumine
695 1847 1105 1910 πευιιιειιιαευε
1128 1853 1212 1904 εει
1243 1837 1322 1892 δίο
1353 1838 1448 1892 “hi
1491 1838 1658 1894 “cere
1688 1843 1736 1904 Β
1771 1875 1787 1908 ι
1821 1857 1912 1911 Dic
1947 1860 2101 1912 nobis
2132 1875 2254 1929 qua:
2279 1857 2507 1912 fontium
2537 1857 2716 1912 ratio?
2741 1873 2859 1926 quae
2880 1851 3201 1908 ventorum?
3221 1850 3359 1916 Quid

137 1947 163 1986 e
187 1948 288 1998 me,
333 1933 484 2007 556
524 1944 577 1989 et
609 1934 746 1988 bene
789 1942 846 1988 et
893 1933 1034 1988 male
1062 1933 1269 1999 dicere,
1301 1932 1578 2001 quomodo
1606 1941 1660 1986 et

148 2026 218 2083 ibi
247 2027 452 2082 licuerit
475 2027 763 2098 Origenem
811 2039 865 2081 et
911 2027 1199 2097 Didymum
1236 2023 1658 2094 reprehendere,

141 2132 217 2172 lOS
245 2128 374 2172 ante
398 2117 740 2174 laudaverim.
773 2117 912 2172 Audi
946 2131 1100 2187 ergo,
1127 2117 1211 2170 vir
1235 2115 1659 2184 sapientissime,

159 2210 422 2265 Romana:
445 2210 736 2266 dialecticae
756 2218 939 2282 caput,
967 2225 1073 2266 non
1095 2225 1219 2265 esse
1246 2210 1360 2263 vitii
1388 2208 1660 2262 hominem

137 2319 243 2357 ium
304 2302 513 2358 laudare
557 2304 610 2358 in
659 2304 802 2368 aliis,
851 2315 905 2360 et
949 2304 1015 2380 in
1063 2303 1183 2357 aliis
1236 2316 1528 2365 accusare;
1564 2301 1662 2356 sed

137 2394 326 2448 mdem
371 2410 478 2449 rem
508 2395 738 2466 probare
767 2405 823 2451 et
865 2378 1197 2466 improbare.
1229 2393 1434 2450 Ponam
1481 2410 1664 2449 exem-

137 2504 248 2553 im;
280 2498 341 2543 ut
363 2489 503 2558 quod
531 2505 639 2546 non
674 2490 950 2560 intelligis,
984 2491 1228 2559 prudens
1250 2506 1460 2546 mecum
1494 2490 1665 2546 lector

138 2584 355 2652 ,clligat.
405 2582 460 2638 In
507 2583 846 2640 Tertulliano
885 2585 1170 2640 laudamus
1216 2586 1515 2654 ingenium,
1565 2587 1660 2640 sed

137 2689 393 2729 amamus
420 2675 691 2731 lizrresim.
726 2677 778 2731 In
806 2678 1042 2749 Origene
1073 2678 1338 2732 miramur
1380 2676 1661 2732 scientiam

137 2769 494 2839 ripturarum,
526 2780 582 2825 et
627 2781 806 2826 tamen
849 2772 1166 2841 dogmatum
1211 2786 1319 2824 non
1370 2771 1662 2839 recipimus

137 2863 386 2918 sitatem.
418 2863 472 2916 In
503 2861 731 2934 Didymo
762 2878 891 2918 vero
939 2872 994 2917 et
1033 2863 1350 2917 memoriam
1399 2861 1662 2931 praedica-

145 2973 188 3022 ξε,
225 2969 277 3008 et
315 2970 488 3023 super
513 2954 780 3011 Trinitate
813 2956 937 3010 fidei
970 2957 1298 3025 puritatem;
1334 2955 1429 3009 sed
1463 2957 1514 3008 in
1556 2970 1663 3009 cte-

137 3049 178 3101 is
219 3065 352 3117 qum
385 3047 604 3118 Origeni
638 3050 780 3104 male
804 3049 1059 3114 credidit,
1092 3064 1189 3102 nos
1219 3051 1289 3102 ab
1326 3063 1394 3102 eo
1432 3050 1664 3103 retrahi-

137 3158 185 3195 s.
222 3142 622 3213 Magistrorum
648 3145 792 3199 enim
821 3159 928 3198 nou
961 3144 1088 3197 vitia
1122 3142 1376 3197 imitanda
1399 3154 1544 3205 sunt,
1565 3143 1661 3197 sed

1763 1951 2007 2020 grando?
2041 1951 2167 2020 quid
2211 1950 2441 2020 plurim?
2490 1950 2615 2019 quid
2653 1964 2805 2003 ruare
2831 1946 3076 2000 salsum?
3106 1944 3233 2012 quid
3262 1944 3362 1995 llu-

1764 2041 1908 2094 mina
1965 2041 2178 2095 dulcia?
2223 2041 2354 2110 quid
2386 2042 2582 2104 nubes,
2612 2052 2703 2092 aut
2750 2040 2974 2102 imbres,
3008 2037 3236 2104 fulgura,
3270 2044 3363 2088 aut

1765 2132 2024 2197 tonitrua,
2055 2145 2143 2185 aut
2171 2132 2428 2185 fulmina?
2452 2151 2470 2183 ι
2492 2131 2560 2186 Ut
2584 2143 2869 2200 poStquam
2895 2145 2982 2183 me
3012 2129 3127 2180 llll'C
3151 2125 3363 2180 nescire

1765 2225 2126 2291 respondero,
2149 2233 2269 2278 tuto
2291 2224 2388 2277 tibi
2416 2223 2576 2278 liceat
2598 2224 2665 2277 de
2690 2222 2976 2276 animabus
2999 2221 3280 2290 ignorare;
3306 2224 3364 2272 et

1766 2315 1929 2369 unius
1971 2316 2048 2370 rei
2095 2316 2404 2380 scientiam,
2451 2325 2725 2369 tantarum
2775 2328 2959 2367 rerum
3022 2309 3364 2380 ignoratione

1765 2422 2112 2476 compenses.
2137 2409 2219 2464 Tu
2247 2410 2337 2478 qui
2363 2425 2457 2478 per
2481 2410 2725 2478 singulas
2747 2407 2988 2476 paginas.
3007 2404 3185 2458 fumos
3213 2417 3364 2458 meos

1767 2501 2017 2562 ventilas.
2050 2517 2158 2555 non
2202 2500 2462 2571 intelligis
2491 2501 2676 2554 videre
2708 2515 2807 2554 nos
2847 2497 3112 2568 ealigines
3145 2505 3263 2550 tuas
3311 2503 3367 2551 et

1765 2593 2200 2649 turbines?Nam
2236 2605 2292 2648 ut
2327 2595 2418 2649 tibi
2442 2595 2642 2648 Scioltls
2666 2609 2785 2647 esse
2813 2592 3065 2654 videaris,
3097 2600 3150 2645 et
3181 2588 3363 2659 apudb

1764 2685 2162 2755 Calpurnianus
2203 2686 2507 2757 discipulos
2565 2686 2830 2740 doctrina:
2866 2682 3096 2753 gloriam
3151 2691 3362 2745 teneas,

1765 2788 1934 2833 totam
1965 2779 2096 2833 mihi
2129 2779 2414 2851 Pbysicam
2443 2779 2676 2848 opponis
2705 2788 2760 2830 ut
2788 2775 2984 2830 frustra
3015 2775 3266 2828 Socrates
3295 2771 3363 2826 ad

1763 2871 2000 2927 ethicam
2041 2872 2312 2925 transiens
2353 2872 2592 2925 dixerit:
2625 2871 2756 2936 Quae
2777 2880 2942 2937 supra
2974 2881 3092 2931 nos,
3131 2864 3264 2917 nihil
3293 2861 3360 2916 ad

1766 2979 1885 3017 nos.
1941 2965 2079 3034 Ergo
2113 2963 2215 3018 ιιίεί
2248 2962 2341 3017 tibi
2381 2965 2646 3017 rationem
2687 2958 2980 3016 revldidcro
3014 2975 3028 3010 :
3056 2971 3224 3026 quare
3250 2953 3365 3010 for-

1767 3055 1902 3109 mica
1935 3071 2160 3124 parvum
2194 3056 2420 3116 animal.
2447 3065 2498 3108 et
2527 3065 2811 3124 punctum,
2836 3061 2893 3104 ιιι
2917 3052 2987 3104 ita
3019 3051 3217 3112 dicam,
3241 3063 3366 3103 cor-

1769 3151 1944 3220 puris,
1976 3165 2069 3204 sex
2102 3150 2267 3220 pedes
2291 3150 2508 3214 habeat,
2539 3163 2658 3203 cum
2686 3145 2994 3216 elephantis
3025 3152 3168 3197 tanta
3192 3142 3364 3198 moles

138 3245 301 3290 ,utes.
331 3237 773 3292 Grammaticum
803 3237 1023 3308 quidam
1048 3237 1238 3292 Afrum
1266 3236 1449 3292 habuit
1479 3237 1664 3292 Romae
1689 3233 1735 3295 C
1769 3252 2002 3312 quatuor
2042 3245 2269 3313 pedibus
2301 3244 2515 3297 incedat
2544 3262 2556 3297 :
2589 3257 2688 3297 cur
2735 3249 3016 3309 serpentes
3046 3246 3100 3292 et
3153 3235 3363 3291 colubri

137 3347 209 3384 tm
239 3331 732 3398 eruditissimum;
756 3342 811 3386 et
831 3333 882 3388 in
906 3347 973 3386 eo
999 3347 1058 3385 se
1085 3332 1339 3386 aemulum
1367 3343 1666 3401 praecepto-

137 3423 416 3492 putabat,
443 3425 486 3476 si
517 3425 805 3480 stridorem
834 3425 1033 3495 lingua:
1058 3424 1177 3494 ejus
1205 3433 1259 3478 et
1291 3424 1420 3478 vitia
1453 3433 1660 3480 tantum

164 3518 563 3587 exprimeret.
612 3516 669 3570 In
721 3516 1134 3574 i’rmfatiuncula
1182 3522 1300 3593 περὶ
1328 3517 1529 3594 Ἀρχῶν
1556 3518 1663 3572 fra-

138 3624 160 3661 ι
212 3623 317 3664 me
379 3609 656 3670 nominas,
689 3617 745 3663 et
786 3609 1049 3680 collegam
1095 3607 1232 3663 dicis
1282 3609 1664 3679 eloquentissi-

137 3720 196 3767 ιι,
238 3701 398 3756 fidei
435 3716 572 3756 mete
602 3701 864 3770 prredicas
894 3702 1204 3756 veritatem.
1238 3701 1330 3755 His
1362 3701 1533 3755 tribus
1563 3703 1660 3756 de-

138 3811 250 3850 ere
276 3810 412 3850 non
435 3797 669 3864 poteris;
693 3805 888 3850 czetera
909 3811 1072 3864 carpe
1089 3808 1146 3849 ut
1167 3796 1317 3860 libet,
1344 3812 1408 3850 ne
1425 3795 1662 3850 videaris

139 3889 223 3944 de
284 3902 401 3943 me
448 3886 762 3942 testimonio
810 3902 1135 3958 repugnare.
1187 3887 1320 3943 Cum
1354 3891 1574 3942 fratrem
1607 3897 1665 3943 et

138 3997 300 4051 ιεειηι
364 3977 536 4042 dicis,
587 3979 823 4033 amicitia
876 3988 968 4032 tua
1011 3979 1232 4048 dignum
1278 3979 1484 4034 fateris.
1527 3979 1660 4035 Cum

141 4083 406 4130 rentem
449 4070 741 4141 praedicas,
785 4073 1070 4142 imperitiae
1116 4073 1254 4127 ultra
1307 4091 1412 4126 non
1459 4073 1660 4144 arguis.

187 4165 583 4223 catholicum
636 4168 688 4221 in
748 4168 1003 4221 omnibus
1053 4168 1346 4238 profiteris,
1391 4167 1664 4223 haereseos

137 4263 404 4332 poteris
454 4259 590 4316 ruibi
618 4259 824 4316 crimen
859 4261 1178 4330 impingere.
1216 4261 1374 4316 Extra
1420 4262 1532 4315 haec
1563 4263 1662 4318 tria

145 4355 214 4414 id
259 4355 336 4410 in
374 4369 475 4410 me
501 4353 950 4423 reprehenderis,
983 4371 1087 4409 non
1119 4355 1212 4410 tibi
1246 4353 1518 4412 videberis
1544 4370 1664 4410 esse

137 4448 381 4502 ἐι-ἰαί.
417 4445 501 4501 Ex
547 4460 651 4517 qua
693 4446 1080 4516 supputatione
1109 4444 1201 4499 illa
1229 4460 1439 4499 summa
1487 4444 1666 4500 nasci-

137 4549 211 4595 ει
286 4550 358 4595 te
417 4556 609 4596 errare
646 4555 708 4596 ea
756 4542 808 4595 in
859 4556 947 4596 me
987 4539 1494 4610 reprehendentem,
1543 4555 1664 4616 qua:

1769 3345 1958 3389 ventre
2007 3335 2258 3390 labantur
2290 3348 2339 3390 et
2392 3345 2658 3405 pectore:
2703 3349 2798 3388 cur
2825 3330 3156 3387 vermiculus
3204 3341 3365 3398 quem

1768 3429 1963 3497 vulgus
1993 3428 2338 3496 millepedam
2372 3437 2550 3493 Vocat,
2586 3436 2737 3481 tanto
2781 3429 2978 3495 pedum
3009 3422 3225 3491 agmine
3248 3433 3367 3473 sca-

1768 3530 1898 3587 teat,
1929 3522 1998 3575 de
2025 3522 2326 3575 animarum
2357 3529 2499 3574 statu
2531 3521 2673 3575 scire
2705 3533 2811 3573 non
2847 3515 3076 3586 potero?
3101 3509 3313 3580 Qua-ris
3335 3524 3364 3564 a

1769 3629 1854 3668 me
1885 3612 2011 3684 quid
2038 3615 2154 3682 ipse
2182 3613 2249 3666 de
2278 3613 2562 3666 animabus
2583 3613 2839 3674 sentiam,
2860 3620 2916 3663 ut
2943 3623 3064 3661 cum
3087 3603 3365 3675 professus

1766 3706 1872 3778 [ΑΙ.
1909 3705 2221 3777 processus]
2255 3705 2432 3772 fuero,
2479 3705 2660 3758 statim
2705 3703 2949 3757 invadas.
2985 3700 3052 3754 Et
3098 3698 3142 3752 si
3175 3696 3366 3751 dixero

1764 3801 1898 3855 illud
1923 3800 2394 3862 Ecclesiasticum,
2413 3798 2663 3864 Quotidie
2687 3798 2832 3852 Dens
2857 3801 3112 3862 oneratur
3130 3791 3360 3850 animas,

1767 3904 1823 3948 et
1851 3905 1874 3933 α
1906 3895 1956 3946 in
1988 3908 2223 3963 corpore
2254 3908 2347 3947 eas
2375 3891 2537 3945 mittit
2559 3891 2921 3949 nascentium,
2944 3885 3089 3938 illico
3117 3883 3365 3952 magistri

1768 3987 2076 4042 teudirulas
2130 3985 2495 4056 proferaszet
2544 3985 2636 4040 ubi
2679 3993 2762 4038 est
2803 3981 3012 4050 justitia
3061 3977 3175 4040 Dei,
3219 3976 3363 4033 utde

1767 4081 2036 4135 adulterio
2072 4081 2391 4149 incestuqnc
2423 4081 2771 4135 nascentibus
2823 4078 3032 4130 animas
3071 4069 3366 4139 largiatur?

1771 4176 1912 4245 Ergo
1939 4182 2266 4244 cooperator
2293 4184 2376 4228 est
2401 4175 2664 4227 malorum
2695 4171 2998 4232 hominum,
3029 4175 3084 4220 et
3103 4163 3366 4218 adulteris

1768 4267 2167 4325 seminantibus
2194 4281 2445 4337 corpora.
2465 4268 2579 4331 ipse
2611 4264 2908 4320 falnit'atur
2935 4257 3178 4313 animas?
3212 4256 3364 4325 quasi

1769 4359 1957 4414 \itiuni
2011 4359 2273 4415 sementis
2324 4361 2376 4412 in
2435 4357 2615 4411 tritico
2669 4357 2734 4409 sit
2787 4353 2930 4422 quod
2972 4353 3114 4403 furto
3169 4348 3367 4402 dicitur

1769 4467 1891 4508 esse
1913 4451 2206 4518 sublatum,
2226 4460 2280 4507 et
2305 4466 2409 4508 non
2442 4449 2492 4503 in
2519 4463 2584 4504 eo
2605 4448 2694 4517 qui
2719 4447 2986 4500 frumenta
3015 4441 3224 4496 furatus
3249 4446 3364 4505 est;

1771 4546 2082 4615 idcircoque
2137 4553 2281 4599 terra
2334 4560 2440 4597 non
2501 4540 2698 4594 debeat
2751 4536 2958 4608 gremio
3003 4550 3102 4587 suo
3156 4532 3366 4586 semina

161 4633 584 4704 Ῑθυάθνθτεηὶ
607 4643 665 4692 ει
684 4650 772 4696 me
795 4649 902 4702 που
917 4648 1040 4693 €558
1060 4633 1114 4696 ἱη
1140 4634 1291 4698 νίιίο,
1312 4632 1428 4696 siin
1456 4633 1661 4690 BiSdeIIl
1690 4623 1745 4683 Ῑ)
1769 4637 2086 4701 confovere,
2120 4637 2242 4707 quia
2275 4647 2426 4689 sator
2460 4630 2734 4687 immunda
2764 4645 2826 4684 ea
2860 4627 3148 4698 proiecerit
3176 4639 3359 4679 manu.

137 4729 369 4785 nibus
422 4736 486 4782 et
530 4727 799 4784 laudanda
850 4727 1160 4800 praedicem,
1206 4734 1262 4782 et
1308 4725 1664 4795 vituperanda

145 4821 494 4877 (rendam.

188 4912 309 4976 De
345 4914 668 4970 animarum
688 4915 992 4986 questions.
1025 4913 1178 4972 Liber
1215 4913 1429 4986 Didymi
1455 4914 1524 4969 ad
1553 4914 1664 4972 Ru-

157 5053 177 5074 ,
220 5018 293 5063 et
327 5005 684 5076 Explanatio
708 5005 838 5061 Osee
859 5008 928 5060 ad
949 5004 1347 5077 Hieronymum.
1366 5006 1669 5064 -—Transis

140 5106 494 5157 rimarum
549 5109 793 5167 statum,
844 5110 899 5156 et
958 5099 1226 5171 prolixius
1285 5101 1458 5156 fumos
1511 5116 1666 5169 meos

138 5215 252 5254 ias
281 5214 305 5262 ;
362 5206 552 5265 atque
594 5206 652 5250 ιιι
697 5195 795 5252 tibi
840 5177 1004 5250 liceat
1047 5195 1320 5265 ignorare,
1353 5196 1496 5268 quod
1535 5213 1666 5254 con.-

147 5302 231 5347 te
279 5287 482 5351 scire
513 5286 866 5354 dissimulas,
895 5288 1096 5358 qutieris
1121 5303 1151 5342 a
1184 5303 1271 5344 me
1317 5292 1550 5358 primum
1598 5290 1667 5345 de

147 5513 264 5554 im
337 5491 434 5550 ad
472 5491 900 5550 Benedictiones
929 5489 1394 5564 Patriarcharum,
1439 5493 1490 5548 in
1531 5508 1668 5564 quos

147 5587 192 5624 ε
244 5565 549 5632 scripsit
579 5564 1044 5629 Commentarios,
1071 5561 1299 5620 alludit?

138 5638 297 5697 aud
350 5635 827 5706 Calplturnianoa.
860 5634 1110 5706 Rufinum
1139 5635 1341 5706 smpius
1363 5647 1522 5692 vocat
1551 5633 1666 5694 Cal-

141 5727 290 5768 una
325 5725 356 5772 ;
400 5702 548 5768 hinc
570 5707 688 5778 eius
713 5707 1011 5778 discipulos
1035 5702 1473 5778 Caiphae-niurias,
1498 5707 1670 5766 Maca-

137 5802 175 5839 c
191 5785 246 5836 il
265 5785 470 5843 iccl.
487 5777 990 5848 Apronianum,“
1014 5789 1244 5838 caeteros
1264 5777 1383 5848 ejus
1404 5783 1667 5848 gregales.

138 5871 243 5912 αξη
266 5895 284 5906 .
340 5878 448 5890 -——
480 5847 598 5906 Una
631 5850 992 5914 interpretum
1016 5847 1427 5917 sententia’est,
1448 5847 1670 5924 Calpur-

1773 4731 1909 4788 llinc
1935 4738 2020 4786 est
2049 4741 2103 4786 et
2131 4731 2222 4784 illa
2250 4738 2339 4784 tua
2371 4743 2568 4781 arcana
2601 4723 2976 4792 interrogatio,
3011 4720 3174 4793 558
3197 4730 3366 4788 quare

1771 4824 2072 4881 moriantur
2122 4821 2394 4885 infantes;
2428 4833 2550 4873 cum
2608 4826 2826 4885 propter
2868 4825 3108 4884 peccata,
3139 4822 3370 4876 corpora

1769 4918 2104 4988 acceperint.
2152 4915 2342 4968 Exstat
2375 4911 2513 4966 liber
2564 4909 2774 4978 Didymi
2822 4908 2888 4960 ad
2934 4916 3009 4969 te,
3039 4919 3146 4973 quo
3178 4899 3372 4954 scisci-

1774 5012 1908 5066 tanti
1937 5008 2032 5062 tibi
2068 5003 2368 5076 resiioudit,
2402 5017 2508 5056 non
2538 5015 2634 5056 eos
2662 5001 2832 5054 multa
2859 5011 3132 5066 peccasse,
3158 5003 3210 5047 et
3247 4990 3371 5046 ideo

1764 5118 2056 5172 corporum
2100 5114 2351 5155 carceres
2401 5107 2606 5150 tantum
2662 5096 2743 5149 eis
2793 5091 3039 5162 tetigisse
3094 5085 3370 5141 sufficere.

1767 5200 2025 5267 Magister
2054 5206 2208 5248 meus
2235 5202 2289 5246 et
2317 5199 2444 5246 tuus
2473 5204 2541 5244 eo
2567 5198 2836 5258 tempore,
2863 5198 2973 5253 quo
3004 5194 3057 5237 tu
3080 5181 3147 5234 ab
3178 5194 3244 5234 eo
3267 5177 3370 5231 ista

1766 5287 2072 5362 qumrehas,
2106 5294 2215 5340 tres
2253 5280 2700 5352 explanatiouum
2759 5279 2810 5332 in
2864 5275 3006 5331 Osee
3050 5270 3373 5342 prOplietam

1773 5492 1964 5547 nianos
1987 5506 2050 5547 ex
2072 5505 2140 5546 eo
2160 5489 2266 5544 dici
2294 5487 2474 5542 Rufini
2497 5482 2815 5551 discipulos,
2839 5477 2979 5546 quod
3009 5477 3122 5544 ipsc
3149 5470 3378 5527 Rufinus

1770 5565 2102 5634 Calpurnius
2125 5562 2220 5615 abs
2264 5561 2598 5634 Hieronymo
2621 5555 2691 5609 ob
2717 5551 3021 5634 coria-ieiuni
3069 5553 3376 5634 vocaretur.

1773 5618 1842 5690 Ᾰι
1869 5618 1993 5691 vide
2051 5650 2170 5708 qua:
2217 5633 2375 5710 paulo
2418 5618 2552 5685 infra
2583 5641 2732 5682 num.
2762 5625 2832 5678 Si!
2871 5618 3372 5684 animadvertimus,

1773 5716 1892 5818 ηοξ.
1913 5711 2278 5839 ίίιιτιίειιωιη,
2310 5774 2363 5829 in
2389 5785 2622 5841 corpora.
