4054 6336
609 237 722 296 479

1879 245 1938 302 S.
1981 245 2246 306 EUSEBll
2285 250 2666 312 HIERONYMI

3821 270 3918 330 480

609 356 782 414 libros
810 358 877 413 ad
908 374 1027 426 me,
1062 375 1148 417 me
1177 371 1421 433 rogante,
1453 362 1697 419 dictavit.
1723 364 1802 420 Ex
1833 380 1939 437 quo
1965 377 2208 439 apparet,
2243 373 2297 433 Α
2319 384 2444 428 esse
2482 372 2625 443 quod
2656 389 2845 431 verum
2884 381 2997 435 sit?
3027 381 3085 439 Si
3116 391 3201 438 est
3229 384 3457 455 aliquid,
3488 401 3585 443 cur
3632 389 3917 462 disputan-

608 450 737 521 quid
762 466 871 513 me.
903 452 1035 523 quid
1070 464 1123 510 tc
1149 455 1421 513 docuerit.

682 542 775 599 29.
812 542 1098 603 Naturales
1117 553 1440 621 quaestiones.
1472 552 1735 625 —-Urges
1764 564 1823 609 ut
1852 556 2211 626 respondeam

609 634 679 691 de
727 649 920 696 natura
959 656 1164 697 rerum.
1198 642 1255 699 Si
1300 654 1444 700 esset
1494 646 1667 715 locus,
1716 662 1932 719 possent
1986 649 2079 704 tibi
2127 650 2215 705 vel

610 734 853 792 Lucretii
903 738 1192 807 opiniones
1232 738 1387 808 juxta
1436 741 1749 811 Epicurum,
1784 743 1868 797 vel
1909 743 2214 799 Aristotelis

607 831 761 901 juxta
804 832 1221 902 Peripateticos,
1252 834 1335 888 vel
1374 834 1619 890 Platonis
1658 846 1820 906 atque
1847 837 2082 892 Zenonis
2128 853 2216 893 se-

614 924 849 978 cundum
882 925 1239 981 Academicos
1270 936 1324 982 et
1349 927 1564 983 Stoicos
1593 928 1796 984 dicere.
1832 930 1896 984 Et
1923 944 1981 985 ut
2008 930 2073 985 ad
2108 930 2214 987 Ec-

611 1015 836 1070 clesiam
870 1024 1164 1083 transeam,
1199 1018 1289 1073 ubi
1338 1035 1527 1075 norma
1559 1028 1643 1076 est
1669 1020 1932 1088 veritatis,
1964 1023 2128 1077 multa
2159 1034 2218 1079 et

613 1107 843 1164 Genesis
874 1120 930 1163 et
970 1109 1366 1180 I’mphetarum
1407 1113 1528 1168 libri
1562 1128 1626 1169 ac
1658 1115 2021 1172 Ecclesiastes
2056 1118 2215 1174 nobis

612 1200 681 1257 de
712 1201 937 1271 hujusce
966 1204 1112 1259 modi
1140 1205 1532 1275 quaestionibus
1553 1218 1870 1277 suggerunt.
1890 1211 1996 1264 Aut
2023 1209 2069 1264 si
2099 1210 2214 1266 hmc

612 1297 949 1367 ignoramus,
982 1299 1256 1369 quomodo
1288 1298 1356 1352 de
1402 1299 1708 1355 animarum
1752 1310 1917 1367 statu,
1947 1302 2215 1359 debueras

612 1388 667 1444 iit
698 1390 961 1460 Apologia
1001 1398 1091 1445 tua
1123 1390 1366 1445 omnium
1412 1407 1593 1446 rerum
1644 1393 2006 1463 ignorantiam
2047 1396 2215 1451 couti-

617 1482 747 1549 teri,
776 1493 831 1538 et
863 1498 893 1537 a
946 1483 1425 1539 calumniatoribus
1468 1501 1734 1555 quaerere,
1763 1502 1863 1542 cur
1897 1503 1926 1539 a
1961 1497 2010 1544 te
2051 1506 2214 1545 unum

616 1574 962 1645 impudenter
987 1584 1331 1645 espeterent,
1361 1591 1484 1632 cum
1523 1578 1626 1648 ipsi
1657 1586 1806 1634 tanta
1843 1582 2149 1637 nescirent?
2171 1583 2215 1638 Ο

618 1668 898 1724 triremem
957 1668 1485 1739 locupletissimum,
1540 1686 1663 1741 qua:
1738 1671 2108 1729 Orientalibus
2163 1685 2214 1729 et

2318 466 2450 520 tium
2477 466 2785 527 libertatem
2815 485 3051 543 angusto
3079 476 3184 533 line
3205 482 3523 549 concludis;
3547 493 3602 540 et
3621 500 3746 541 cmn
3770 504 3915 544 men-

2316 559 2468 616 dacia
2504 564 2812 633 protuleris,
2840 566 2910 622 de
2941 572 3168 626 veritate
3198 575 3381 629 taces?
3412 575 3507 632 Sin
3539 588 3722 633 autem
3764 597 3797 636 e
3828 584 3917 637 tri-

2317 654 2419 711 bus
2451 674 2614 713 unum
2648 676 2837 716 verum
2872 674 2976 729 est,
3006 674 3061 719 et
3090 666 3297 737 reliqua
3320 668 3428 723 duo
3457 670 3588 724 falsa
3618 683 3751 729 sunt
3782 694 3794 728 :
3835 691 3921 731 cur

2319 750 2483 804 simili
2514 754 2815 823 ignorantia
2841 756 3060 827 ignoras
3082 758 3212 815 falsa
3239 776 3360 817 cum
3387 764 3571 820 veris?
3597 766 3680 821 Au
3720 768 3918 825 idcirco

2316 859 2504 899 verum
2538 844 2884 915 dissimulas,
2915 858 2975 904 ut
3003 850 3098 905 tibi
3150 861 3321 907 tutum
3372 855 3466 920 sit,
3499 872 3622 913 cum
3666 861 3918 929 volucris,

2318 936 2447 992 falsa
2481 937 2809 997 defendere?
2840 942 2902 997 lli
2943 953 3069 998 sunt
3116 947 3267 1012 fumi,
3308 946 3391 1001 hre
3420 950 3701 1021 ealigines,
3732 956 3919 1025 quibus

2315 1044 2384 1084 ex
2415 1032 2585 1086 oculis
2614 1032 2890 1089 hominum
2922 1038 3141 1092 conaris
3174 1041 3352 1095 lumen
3378 1041 3615 1099 auferre.
3646 1056 3666 1082 ο
3695 1050 3922 1119 Aristip-

2317 1139 2416 1195 pus
2441 1128 2611 1181 nostri
2640 1130 2922 1198 temporis.
2946 1132 3036 1201 qtti
3068 1134 3279 1202 plenam
3309 1145 3628 1193 cunctarum
3661 1143 3917 1197 mercium

2318 1231 2510 1271 navem
2542 1218 2786 1273 Romano
2817 1220 3029 1277 invehis
3065 1226 3269 1293 portui,
3302 1235 3357 1281 et
3398 1229 3533 1283 sella
3569 1232 3791 1299 publice
3831 1249 3917 1304 po-

2318 1311 2441 1376 sita,
2474 1310 2864 1383 Hermagoram
2892 1316 3069 1382 nobis,
3091 1329 3145 1375 et
3166 1319 3423 1391 Gorgiam
3451 1323 3678 1381 exhibes
3706 1327 3918 1383 Leonti-

2320 1421 2479 1465 num;
2528 1406 2653 1460 dum
2709 1409 2967 1479 navigare
3022 1412 3270 1477 festinas,
3316 1416 3474 1472 unius
3515 1422 3917 1489 quatstiunculre

2318 1500 2730 1555 mercimonium
2775 1502 2829 1557 in
2866 1504 3078 1560 oriente
3111 1507 3311 1562 oblitus
3351 1524 3431 1562 es.
3485 1511 3550 1564 Et
3578 1512 3780 1570 iterum
3820 1516 3922 1569 ela-

2318 1592 2511 1662 mitas,
2554 1603 2609 1649 et
2652 1596 2916 1667 Aquileiae
2962 1606 3125 1670 atque
3174 1601 3522 1658 Alexandria:
3567 1614 3619 1660 te
3670 1608 3921 1664 didicisse

2312 1686 2510 1754 jactas,
2530 1687 2673 1755 quod
2702 1690 2770 1743 sit
2794 1689 2935 1744 Deus
2961 1701 3013 1745 et
3037 1693 3342 1747 animarum
3378 1704 3432 1749 et
3454 1710 3744 1767 corporum
3774 1719 3923 1755 crea-

618 1758 887 1832 Aigyptiis
936 1761 1210 1819 mercibus
1259 1760 1519 1818 Romana:
1564 1762 1713 1819 urbis
1763 1764 1938 1821 ditare
1993 1776 2216 1823 velleral
2247 1776 2293 1838 B
2322 1788 2424 1833 tor.
2469 1778 2545 1833 De
2577 1781 2679 1835 ltoc
2707 1781 2911 1837 scilicet
2944 1786 3174 1854 qumstio
3202 1788 3508 1853 ventilatur,
3541 1758 3718 1846 utrum
3752 1793 3922 1859 Deus,

618 1862 997 1924 paupertatem
1021 1856 1034 1909 !

1457 1981 1533 2031 Tu
1557 1983 1583 2011 ⁸
1604 1981 1842 2035 Maximus
1864 1984 1950 2036 ille
1973 1998 2048 2047 es,

713 2039 867 2106 Unus,
891 2044 977 2105 qui
1001 2043 1140 2094 nobis
1162 2043 1420 2094 scribendo
1439 2046 1661 2096 restituis
1684 2059 1809 2097 rem.

614 2158 764 2230 Ergo
797 2157 898 2213 nisi
927 2158 996 2214 de
1027 2159 1241 2216 oriente
1270 2159 1538 2227 venisses,
1566 2160 1972 2218 eruditissimus
2000 2163 2082 2217 vir
2108 2163 2216 2218 hae-

614 2259 763 2306 reret
792 2250 972 2307 adltuc
1010 2253 1151 2308 inter
1179 2256 1620 2318 mathematicos,
1665 2262 1721 2310 et
1750 2271 1940 2311 omnes
1972 2256 2080 2329 [ΑΙ.
2113 2257 2214 2311 lto-

614 2341 828 2415 mines]
868 2343 1149 2400 christiani
1190 2346 1317 2416 quid
1367 2360 1555 2402 contra
1606 2346 1772 2402 latum
1820 2347 2066 2404 dicerent
2104 2348 2212 2421 [ΑΙ.

609 2440 1015 2515 dissererent],
1067 2443 1403 2512 ignorarent.
1457 2443 1649 2499 Merito
1689 2458 1720 2497 a
1769 2458 1854 2499 me
1892 2446 2091 2515 qmeris
2148 2443 2215 2499 de

612 2534 929 2605 astrologia,
963 2544 1018 2590 et
1048 2535 1174 2591 caeli
1206 2550 1271 2591 ac
1318 2535 1559 2590 siderum
1607 2551 1793 2598 cursu,
1825 2536 1915 2606 qui
1941 2544 2213 2592 tantarum

612 2629 875 2683 mercium
909 2628 1123 2697 plenam
1156 2642 1348 2683 navem
1381 2627 1646 2683 detulisti.
1678 2628 1877 2683 Fateor
1916 2638 2212 2699 pauperta-

612 2731 746 2784 tem,
798 2736 909 2774 non
953 2736 1073 2775 sum
1132 2720 1205 2775 ita
1255 2732 1310 2775 ut
1362 2729 1417 2774 tu
1471 2722 1523 2774 in
1588 2723 1802 2775 oriente
1871 2721 2090 2777 ditatus.
2138 2723 2215 2777 Te

615 2810 785 2864 multo
817 2819 1064 2880 tempore
1107 2811 1316 2867 Pharus
1365 2813 1571 2876 docuit,
1600 2813 1742 2883 quod
1774 2812 1942 2866 Roma
1988 2815 2216 2869 nescivit

617 2900 728 2971 [ΑΙ.
761 2902 1048 2974 nesciret];
1081 2903 1335 2959 instruxit
1365 2903 1653 2976 Egyptus,
1680 2903 1823 2974 quod
1846 2905 1998 2959 Italia
2020 2905 2215 2961 hucus-

616 3007 722 3064 que
747 3008 853 3048 non
887 2993 1092 3050 habuit.

686 3086 776 3142 30.
810 3085 1087 3142 Sententiis
1116 3090 1274 3144 varia:
1301 3090 1364 3143 de
1393 3090 1590 3145 anima.
1608 3122 1679 3131 —
1705 3090 1911 3147 Scribis
1943 3091 2083 3163 apud
2110 3092 2212 3147 Ec-

2319 1885 2389 1925 an
2434 1870 2685 1927 diabolus
2737 1875 2949 1930 animas
2990 1875 3220 1943 fecerit;
3272 1890 3328 1935 et
3368 1897 3469 1935 non
3500 1893 3679 1939 utrutn
3726 1887 3924 1942 anima:

2320 1969 2445 2016 ante
2472 1976 2701 2032 corpora
2735 1963 2956 2032 fuerint,
2991 1969 3136 2038 quod
3178 1971 3288 2024 vult
3319 1970 3602 2043 Origenes,
3630 1985 3687 2030 et
3714 1980 3921 2047 egerint

2319 2054 2542 2125 aliquid,
2584 2066 2806 2127 prapter
2848 2060 2988 2129 quod
3032 2062 3142 2116 sint
3187 2067 3387 2119 crassis
3430 2067 3759 2137 corporibus
3811 2072 3922 2126 alli-

2318 2160 2456 2218 gata:
2484 2166 2496 2202 :
2530 2165 2596 2204 an
2628 2150 2679 2205 in
2707 2167 2917 2208 morem
2948 2155 3166 2225 glirium
3203 2165 3482 2228 t0rpentes
3522 2164 3918 2235 εοηεορὶιεκῳιε

2318 2242 2665 2299 dormierint.
2718 2244 2844 2299 ΗΜ
2875 2255 3042 2313 taces,
3073 2264 3193 2319 qua:
3223 2266 3412 2307 omnes
3451 2250 3701 2324 ﬂagitant
3730 2274 3745 2311 :
3780 2268 3827 2312 et
3858 2257 3917 2312 ad

2320 2335 2407 2390 illa
2428 2337 2750 2405 respondes,
2774 2354 2895 2409 qua:
2922 2341 3102 2397 nullus
3128 2343 3371 2413 inquirit.

2390 2428 2477 2483 51.
2526 2428 2727 2485 Fumus
2770 2446 2987 2502 quoque
3037 2450 3190 2490 meos
3247 2439 3561 2508 frequenter
3615 2443 3917 2513 irrides,eo

2317 2524 2460 2594 quod
2492 2524 2743 2580 simulem
2776 2542 2860 2581 me
2886 2528 3029 2583 scire
3057 2531 3204 2601 quod
3250 2534 3513 2601 nesciam,
3543 2547 3599 2591 et
3634 2554 3915 2594 enumera-

2320 2616 2463 2669 tione
2491 2615 2800 2683 doctorum,
2826 2618 2961 2674 rude
2988 2621 3181 2691 vulgus
3215 2622 3438 2677 illudam
3469 2624 3590 2696 [ΑΙ.
3618 2629 3864 2685 inducunt
3883 2630 3913 2701 ].

2320 2705 2397 2760 Tu
2429 2706 2679 2761 videlicet
2722 2707 3029 2779 llammeUs,
3065 2713 3230 2767 immo
3285 2714 3600 2786 fulmineus,
3633 2723 3727 2791 qui
3770 2727 3820 2776 in
3851 2724 3915 2776 lo-

2318 2801 2532 2872 quendo
2580 2800 2868 2869 fulmiuas,
2900 2813 2955 2860 et
2984 2805 3228 2860 ﬂammas
3270 2822 3365 2863 ore
3406 2824 3708 2883 conceptas
3744 2823 3915 2871 tenere

2319 2910 2425 2949 non
2452 2905 2628 2966 potes,
2659 2908 2824 2970 atque
2851 2908 2908 2953 ttt
2940 2900 3029 2954 ille
3057 2898 3081 2935 ἀ
3110 2899 3569 2971 Bar-Cltocltabas,
3621 2921 3817 2964 auctor
3842 2924 3916 2964 se-

2316 2991 2540 3046 ditionis
2561 2992 2821 3059 Judaicm,
2841 2994 3092 3064 stipulam
3120 2996 3170 3049 in
3204 3012 3299 3051 ore
3329 3012 3651 3054 succensam
3683 3003 3914 3058 anhelitu

2316 3086 2630 3152 ventilabat,
2660 3096 2717 3142 ut
2748 3088 2993 3143 flammas
3036 3105 3296 3146 evomere
3330 3099 3613 3160 putaretur
3645 3112 3659 3150 :
3690 3096 3767 3152 ita
3789 3108 3841 3152 et
3868 3109 3913 3152 tu

614 3178 951 3234 clesiasticos
980 3189 1322 3249 tractaturos,
1357 3194 1465 3240 tres
1509 3185 1577 3241 de
1607 3187 1893 3241 animabus
1934 3201 2055 3241 esse
2086 3202 2206 3241 sen-

2318 3181 2496 3246 nobis,
2528 3182 2668 3236 alter
2716 3183 3063 3248 Salmoneus,
3094 3184 3277 3237 omnia
3318 3200 3413 3255 per
3456 3203 3575 3255 quae
3621 3188 3837 3245 incedis
3864 3191 3917 3244 il—

614 3275 831 3327 tentias.
891 3272 1085 3341 Unam,
1124 3292 1284 3346 quam
1326 3278 1569 3348 sequitur
1613 3278 1893 3350 Origenes.
1942 3281 2204 3346 Alteram,

609 3382 771 3436 quam
803 3366 1175 3425 Tertullianus
1210 3380 1265 3424 et
1294 3369 1320 3408 ι’
1362 3371 1675 3427 Lactantius
1703 3374 1852 3444 (licet
1882 3373 1952 3429 de
1980 3374 2210 3429 Lactan-

614 3459 689 3514 tio
717 3460 1062 3530 apertissime
1109 3465 1445 3535 mentiaris);
1481 3466 1715 3527 tertiam.
1746 3483 1906 3537 quam
1936 3483 2035 3522 nos
2077 3468 2207 3522 sitn-

608 3552 781 3625 plices
808 3563 859 3610 et
908 3552 1038 3610 fatui
1071 3556 1351 3623 homines,
1380 3559 1468 3628 qui
1500 3573 1607 3612 non
1656 3558 2028 3628 intelligimus,
2062 3560 2206 3630 quod

608 3647 653 3700 si
684 3648 754 3701 ita
792 3647 885 3712 sit,
920 3647 1155 3718 injustus
1193 3666 1221 3702 a
1274 3649 1433 3705 nobis
1477 3660 1733 3720 arguatur
1780 3650 1941 3705 Deus.
1987 3650 2052 3704 Et
2085 3662 2204 3721 post

609 3738 726 3793 haec
750 3740 901 3809 juras
930 3749 983 3796 te
1014 3743 1226 3796 nescire
1242 3742 1369 3812 quid
1394 3742 1691 3798 sitrerum.
1721 3743 1836 3811 Dic,
1866 3757 1962 3797 oro
1995 3753 2046 3797 te
2072 3759 2085 3797 :
2112 3758 2209 3812 pu-

608 3839 946 3896 tasne,extra
974 3833 1089 3888 lucc
1110 3835 1274 3908 559
1297 3837 1395 3889 tria
1424 3850 1545 3891 esse
1567 3836 1769 3904 aliquid
1796 3837 1976 3905 inquo
2007 3835 2208 3890 veritas

606 3924 714 3981 sit?
738 3926 862 3981 etin
892 3927 1067 3982 tribus
1096 3928 1214 3983 istis
1248 3929 1722 3985 meudacium?An
1743 3928 1813 3985 de
1844 3929 2018 3985 tribus
2041 3946 2203 3984 unum

677 4119 702 4146 εί
731 4107 813 4165 Tu
840 4110 1099 4166 Maximus
1121 4113 1210 4166 ille
1234 4128 1306 4167 es.
1335 4112 1411 4168 De
1434 4112 1601 4168 Fabio
1629 4113 1860 4170 Maximo
1887 4129 2073 4170 versus
2097 4114 2198 4167 iste

605 4180 882 4237 Ennianus
930 4193 1048 4249 est,
1098 4183 1243 4238 Unus
1297 4185 1386 4253 qui
1438 4185 1582 4239 nobis
1632 4189 1920 4240 cunctando
1976 4186 2198 4239 restituit

599 4269 747 4379 rima
776 4254 1046 4310 Maurum.
1084 4285 1153 4295 -—
1184 4256 1263 4311 Ex
1301 4256 1393 4310 illo
1434 4255 1594 4312 Ennii
1632 4272 1790 4312 versu
1824 4261 1893 4313 de
1932 4257 1997 4326 Q.
2028 4257 2198 4312 Fabio

660 4340 843 4379 axnuo
872 4342 887 4379 :

660 4340 843 4379 axuno
872 4342 887 4380 2

698 4436 836 4486 Unus
857 4438 1001 4490 homo
1023 4442 1166 4491 nobis
1186 4442 1460 4493 cunctando
1486 4443 1707 4493 restituit
1725 4456 1854 4505 rem,

602 4580 762 4637 quem
796 4566 1052 4637 Virgilius
1081 4572 1191 4628 fere
1221 4572 1484 4628 exscribit
1513 4572 1611 4629 lib.
1649 4588 1721 4629 vt.

675 4635 702 4674 δ
744 4635 940 4714 Recole
970 4658 1090 4709 qum
1120 4643 1496 4699 adnotatimus
1522 4659 1679 4714 supra
1706 4645 1797 4699 lib.
1832 4661 1891 4710 tt,
1921 4661 2069 4700 num.
2107 4647 2194 4702 10.

677 4709 1028 4786 °__Aris_tippus
1074 4717 1237 4768 nostri
1276 4718 1543 4786 temporis.
1589 4709 1906 4786 Aristippus
1952 4718 2195 4774 Socratis

600 4780 1129 4858 auditorCyrettmtts
1160 4786 1276 4851 fuit,
1313 4780 1518 4855 primus
1544 4780 2192 4858 qumstuphilusophatus

597 4861 699 4907 est.
733 4854 926 4909 Habuit
956 4854 1230 4929 inueniunt
1262 4854 1327 4912 ad
1354 4860 1537 4914 omnia
1565 4854 1666 4929 pro
1693 4854 1960 4929 tempore,
1997 4854 2113 4916 loco
2138 4870 2193 4916 et

597 4928 1458 5003 perSttna,_simu|:tttda,iotnttino
1482 4928 1815 5000 promptum.
1838 4931 1966 4985 Vide
1996 4932 2189 5003 Dioge-

598 5010 719 5073 nent
750 5007 806 5050 et
838 4998 1153 5073 Horatium.
1191 4998 1546 5073 llermagoras
1577 4998 1890 5073 et'Gorgias
1937 4998 2187 5059 rhetoi'es

596 5062 1037 5144 fueruntcgregii
1061 5086 1075 5132 ;
1102 5069 1299 5123 dicitur
1324 5062 1450 5123 vero
1476 5074 1725 5144 Gorgias,
1751 5062 1838 5144 qui
1869 5078 2073 5143 primus
2098 5092 2193 5129 att-

596 5137 787 5215 Stts__sit
815 5136 867 5190 in
900 5136 1181 5215 cot’weutu
1202 5154 1444 5205 poscere,
1475 5136 1671 5209 quavde
1695 5136 1752 5199 re
1768 5136 2006 5215 quisque
2032 5149 2193 5201 vellet

595 5206 819 5284 audire;
853 5223 916 5263 ac
943 5210 1009 5264 tle
1037 5212 1183 5263 muni
1215 5226 1275 5263 re
1297 5206 1637 5283 quacumque
1666 5216 1715 5269 in
1742 5206 2191 5284 disceptationem

596 5279 1066 5355 qttzestionemque
1098 5293 1403 5345 vocaretur,
1434 5300 1493 5338 se
1525 5279 1747 5355 copiose
1775 5279 2044 5341 dicturum
2073 5304 2197 5343 esse

598 5351 973 5427 proﬁtebatur.
1010 5351 1714 5427 Mauristv._—Aristippttm
1753 5356 2072 5427 Cyreuazum
2116 5362 2197 5410 iu-

601 5422 801 5497 tellige,
851 5423 1094 5480 Socratis
1129 5424 1489 5493 familiarem,
1524 5422 1683 5482 attlici
1719 5422 1919 5497 ingenii
1952 5428 2198 5483 Philoso-

595 5495 787 5564 phum,
816 5496 886 5551 de
913 5513 1022 5569 quo
1054 5497 1240 5551 Horat.
1268 5514 1281 5550 :

691 5608 862 5659 Omnis
896 5611 1200 5676 Aristippum
1225 5614 1396 5663 decuit
1416 5612 1576 5673 color,
1604 5619 1656 5662 et
1688 5617 1848 5662 status
1871 5620 1923 5662 et
1942 5626 2038 5664 res.

601 5715 699 5767 llic
730 5716 994 5783 siquidem
1024 5719 1248 5785 primus,
1275 5726 1420 5773 teste
1444 5717 1633 5785 Suida,
1664 5720 1973 5775 mercedem
2011 5720 2079 5775 ab
2105 5737 2198 5777 att-

599 5785 866 5839 tlitoribus
895 5791 1009 5842 suis
1030 5791 1232 5857 exegit.
1268 5790 1674 5861 llermagoram,
1708 5793 1797 5862 qui
1821 5793 2192 5861 Subsequitur,

2317 3270 2538 3336 lustras,
2567 3283 2619 3328 et
2645 3290 2743 3328 nos
2778 3274 3023 3329 fumosos
3052 3275 3259 3345 arguis,
3289 3276 3356 3330 de
3386 3278 3585 3346 quibus
3613 3278 3760 3335 forte
3788 3284 3917 3335 dica-

2317 3371 2428 3428 tur,
2465 3364 2566 3431 Qui
2606 3367 2774 3436 tangis
2824 3376 3041 3433 montes,
3086 3375 3133 3419 et
3173 3369 3429 3437 fumigant
3460 3386 3478 3423 :
3509 3387 3609 3424 nec
3665 3371 3915 3445 intelligis

2315 3456 2443 3527 quid
2470 3460 2644 3512 fumus
2665 3459 2716 3513 in
2738 3470 2760 3495 θ
2785 3459 3056 3528 Propheta
3078 3459 3347 3530 signiticet
3370 3461 3531 3533 560
3555 3462 3911 3531 locustarum;

2313 3559 2369 3604 et
2395 3552 2534 3617 quod
2561 3552 2908 3621 pulchritudo
2930 3555 3211 3608 oculorum
3238 3562 3475 3623 tuorum,
3493 3560 3913 3615 amaritudinem

2314 3642 2443 3697 fumi
2474 3642 2645 3697 nostri
2677 3642 2819 3697 ferre
2857 3661 2962 3699 non
2998 3654 3198 3714 potest.

2385 3734 2471 3790 32.
2508 3734 2586 3789 De
2610 3747 2933 3791 sacramento
2960 3738 3012 3791 in
3039 3739 3261 3792 somnio.
3284 3768 3355 3779 ——
3380 3738 3457 3794 De
3486 3740 3720 3797 crimine
3742 3753 3912 3799 autem

2313 3828 2707 3897 pcrjurii,quia
2760 3845 2847 3885 me
2897 3833 3132 3885 remittis
3178 3830 3242 3885 ad
3291 3831 3529 3887 codicem
3567 3844 3743 3899 ttntnt,
3776 3848 3913 3892 cth

2313 3940 2511 3995 magna
2569 3936 2720 3995 parte
2776 3925 2829 3979 in
2884 3925 3005 3979 aliis
3047 3925 3225 3990 libris,
3268 3926 3385 3994 tibi,
3438 3925 3457 3963 ί
3509 3927 3913 4001 Calpurnioquc

2306 4107 2543 4172 Carium,
2574 4122 2601 4158 a
2648 4122 2756 4173 quo
2793 4106 2935 4161 idem
2990 4108 3186 4162 Suidas
3231 4109 3562 4175 peculiarem
3611 4114 3912 4171 institutam

2309 4179 2469 4253 tradit
2498 4178 2712 4253 dicendi
2770 4181 3060 4253 rationem.
3095 4196 3255 4249 quam
3286 4184 3459 4253 secuti
3494 4194 3621 4237 sunt
3672 4188 3910 4253 plurimi.

2312 4251 2430 4327 Vitl.
2490 4249 2904 4327 Quintiliantttn.
2954 4250 3204 4327 Gorgimu
3259 4267 3390 4306 vero
3442 4249 3788 4327 Leontinum.
3820 4261 3913 4327 qui

2309 4321 2516 4390 primus
2547 4321 2746 4374 dicitur
2787 4320 3015 4375 Athenis
3047 4324 3096 4375 iu
3128 4322 3366 4376 Tlteatro
3408 4339 3569 4379 ausus
3597 4324 3786 4383 dicere
3818 4320 3915 4383 att—

2307 4392 2596 4459 ditorihtts,
2628 4393 2971 4465 προϐάλλετε,
3002 4391 3139 4465 sive,
3168 4410 3268 4460 qua
3300 4394 3365 4447 de
3392 4413 3446 4449 re
3492 4396 3703 4461 quisque
3756 4402 3910 4454 vultis

2308 4467 2491 4537 audire
2511 4464 2802 4534 propattite.
2830 4465 2922 4519 llis
2948 4464 3203 4519 omnibus
3225 4478 3470 4537 Coa-quat
3499 4467 3755 4525 Ruﬁnum
3790 4472 3910 4528 llic-

2228 4530 2283 4590 D
2306 4530 2589 4607 'ronytnits.

2378 4605 2543 4682 ante
2564 4606 3019 4682 Bnr-Chocltttbas.
3063 4605 3521 4682 B_ar—Chochabas
3561 4614 3704 4682 apud
3738 4614 3907 4669 Eusc—

2306 4678 2453 4756 ltium
2474 4678 2585 4756 lib.
2615 4694 2699 4756 tv.
2734 4694 2854 4747 cap.
2889 4678 2954 4741 6,
2985 4689 3045 4756 et
3070 4677 3407 4756 Salmoneus
3452 4677 3902 4756 aptttt'Virgtl-tun

2303 4748 2595 4803 invenitur.
2623 4750 2890 4804 Maurus.
2922 4778 2993 4788 --
3021 4751 3102 4803 Αἰ»
3157 4751 3419 4816 Eusebio,
3474 4748 3503 4807 εἰ
3539 4771 3646 4815 uno
3689 4748 3903 4811 historia

2304 4823 2364 4902 ist
2377 4821 2489 4874 hu'c
2504 4834 2750 4902 narratur
2769 4821 2861 4901 lth.
2881 4836 2959 4884 tv,
2974 4835 3023 4902 c_.
3040 4822 3095 4902 6‘.
3112 4820 3525 4902 Barchocttrttos,
3540 4831 3904 4902 Βαρχωχεβὰς

2297 4892 2516 5016 Eligitur.
2568 4890 2845 4947 Salmonei
2898 4882 3178 4948 notissima
3228 4895 3367 4962 apud
3411 4882 3707 4968 Virgilit'nii
3740 4882 3902 4956 iii‘i'vi

2317 4978 2345 5016 a
2390 4966 2495 5016 ula.

2317 4964 2495 5020 'abula.

2374 5044 2397 5071 ο
2436 5035 2719 5108 Joannem,
2754 5036 2806 5089 in
2850 5037 3197 5108 Apocalypsi,
3229 5037 3382 5103 cujus
3435 5040 3625 5097 istltaec
3662 5053 3811 5108 sunt,
3844 5046 3901 5097 de

2293 5109 2442 5176 fumo
2472 5106 2611 5172 putei
2641 5107 2871 5160 exierunt
2904 5106 3115 5162 locusta:
3150 5110 3202 5161 in
3228 5118 3439 5174 terram,
3479 5125 3525 5167 et
3552 5116 3675 5168 data
3698 5126 3772 5169 est
3801 5106 3901 5169 illis

2300 5185 2546 5245 potestas,
2576 5184 2682 5230 etc.

2375 5245 2393 5283 τ
2439 5248 2570 5320 Iliae
2599 5247 2727 5320 licet
2766 5248 3091 5320 intelligere,
3126 5251 3400 5306 diversum
3434 5268 3462 5307 a
3501 5254 3702 5309 Rulin
3731 5259 3901 5312 homi-

2300 5333 2420 5373 nem
2452 5316 2730 5395 Calpurnii
2763 5316 2982 5395 nntniue
3022 5323 3119 5377 ahs
3160 5320 3499 5395 illireronynto
3542 5332 3746 5391 notari,
3774 5346 3897 5384 con-

2300 5399 2379 5444 tra
2405 5407 2561 5460 quam
2593 5393 2753 5458 vulgo
2783 5394 3018 5446 sentiunt
3042 5393 3256 5446 eruditi.
3288 5393 3386 5450 llic
3417 5411 3578 5463 porro
3603 5399 3706 5455 loci
3728 5402 3897 5457 Victo-

2304 5462 2416 5515 ritts
2453 5464 2532 5515 vel
2569 5465 2959 5530 Apronianum,
2991 5465 3073 5517 vel
3114 5462 3429 5530 Mat-arium,
3464 5467 3640 5522 llulini
3673 5475 3891 5531 anticus.

2304 5532 2387 5586 vel
2420 5532 2655 5603 denique
2708 5534 3025 5595 Palladium,
3058 5537 3199 5605 quod
3242 5538 3405 5591 etiam
3453 5537 3514 5592 P.
3556 5541 3895 5598 Martianmus

2304 5606 2640 5682 su:pic_atur._
2674 5606 2949 5682 intelligit.
2985 5605 3264 5682 llle__ident
3296 5620 3449 5663 certe
3471 5625 3602 5682 gest,
3634 5629 3794 5682 quem
3846 5616 3891 5668 in

2303 5676 2533 5756 epistola
2575 5676 2641 5731 ad
2656 5675 2917 5756 _M_agnu_m
2948 5677 3193 5756 suggillat
3224 5692 3315 5756 eo_
3335 5675 3595 5740 nomine.
3616 5675 3751 5743 Vide
3780 5702 3892 5756 qute

2316 5745 2370 5799 in
2402 5747 2550 5799 illttm
2584 5748 2828 5816 epistolae
2862 5745 3037 5802 locum
3057 5745 3464 5806 adnotavimus.
