4036 6454
191 326 287 385 581

927 324 1269 385 APOLCGIA
1311 324 1675 385 ADV'ERSUS
1713 325 1957 385 LIBROS
1994 326 2246 386 RUFINI.

3138 332 3243 391 482

191 444 400 513 respondi,
416 444 888 501 nuncbreviterdixisse
911 447 1165 511 sufficiat,
1194 457 1246 503 te
1278 448 1495 517 exigere
1515 462 1545 501 a
1574 449 1621 509 Α
1652 445 1747 501 sed
1783 446 2021 501 dexreraa
2064 462 2202 512 iure,
2235 458 2342 517 quo
2374 455 2429 500 tu
2460 458 2621 501 canes
2646 446 2862 518 abigere
2888 451 3240 507 consuevisti.

187 534 519 607 durmienthnud
535 555 737 607 numquam
766 540 989 609 vigilans
1023 543 1345 609 praestitisti.
1366 542 1541 613 Magni

185 631 366 684 criminis
387 646 471 685 reus
490 646 584 697 sum,
611 631 641 686 si
667 631 844 700 puellis
870 641 924 686 et
967 634 1270 703 virginibus
1313 631 1540 699 Christi,

181 712 267 775 dixi
285 723 485 778 smeularcs
505 724 620 778 libros
641 740 715 778 nun
746 724 1021 796 legendos,
1058 736 1111 781 ct
1139 742 1225 782 me
1252 726 1305 781 in
1338 727 1544 781 somnis

176 815 455 870 communitum
481 815 698 883 promisisse
717 832 782 869 ne
819 817 1076 887 legerem.
1112 817 1222 872 Tua
1252 819 1404 872 navis
1433 817 1542 873 Ro-

154 913 297 962 mana:
323 910 409 963 urbi
428 918 444 948 ³
468 910 702 965 rerelatione
728 914 1015 979 promissa,
1040 912 1187 966 aliud
1234 912 1543 983 pollicetur,

154 1010 205 1057 Ξι
233 1000 338 1055 aliud
374 1001 507 1058 efﬁcit.
548 1002 985 1058 llathcmaticorum
1034 1014 1259 1059 venerat
1334 1005 1547 1061 Solvere

154 1094 409 1162 quaestiones,
429 1102 469 1149 et
487 1094 604 1148 solvit
633 1094 767 1150 ﬁdem
809 1094 1264 1153 Christianorum.
1294 1097 1426 1165 Qua:
1455 1113 1549 1168 per

158 1186 298 1240 ouium
333 1197 373 1241 et
407 1186 595 1257 digeuin,
632 1188 940 1245 Adriaticum
991 1202 1154 1262 atque
1204 1192 1545 1264 Tyrrhenum

164 1278 217 1329 Al.
237 1278 399 1333 additur
413 1279 542 1352 mare]
567 1281 702 1351 plenis
725 1294 1035 1338 cucurrerat
1054 1286 1206 1349 velis,
1226 1286 1277 1339 in
1305 1286 1548 1340 Romano

166 1386 248 1427 ortu
280 1374 538 1445 naufragium
576 1375 689 1431 fecit.
721 1378 908 1432 Nonne
948 1387 998 1433 te
1045 1380 1206 1449 pudet
1237 1380 1546 1435 istiusmodi

164 1468 394 1524 eliranienta
427 1471 698 1537 conquirere,
726 1480 781 1525 et
820 1472 949 1525 mihi
1008 1472 1203 1527 similia
1255 1472 1547 1543 objiciendi

163 1576 334 1627 iponere
358 1562 694 1617 necessitatem?
731 1563 880 1627 Esto,
914 1564 1052 1619 alius
1092 1566 1159 1619 de
1193 1575 1244 1619 te
1274 1570 1546 1620 somnium

160 1655 266 1709 lerat
288 1657 552 1725 gloriosum;
591 1657 909 1712 verecundia:
957 1667 1060 1711 tua:
1110 1658 1283 1714 fuerat
1323 1668 1376 1714 et
1422 1674 1548 1730 pru-

162 1758 259 1802 ntne
280 1748 553 1804 dissimulare
576 1749 692 1820 quod
718 1751 989 1815 audieras,
1008 1761 1063 1806 et
1090 1766 1219 1816 non,
1252 1751 1404 1820 quasi
1435 1766 1548 1805 ma-

1719 538 1808 594 34.
1846 538 1920 594 De
1948 541 2211 595 schedulis
2243 557 2343 594 non
2373 542 2678 595 emendatis.
2705 571 2776 583 -—
2812 561 2829 594 ι
2880 541 3010 609 Cur,
3048 544 3241 614 inquit,

1646 631 1867 687 falsatas
1892 649 2041 689 meas
2060 633 2349 689 schedulas
2375 634 2709 704 suscepisti?
2730 634 2911 703 Quare
2934 646 3056 705 post
3079 636 3249 691 inter-

1650 726 2009 792 pretationem
2059 741 2260 793 meam,
2310 741 2475 781 ausus
2507 742 2569 783 es
2615 728 2666 782 in
2714 727 2866 783 libris
2896 734 3016 805 περὶ
3043 730 3250 804 Ἀρχῶν

1649 823 1849 893 stylum
1887 824 2099 893 figere?
2126 839 2253 878 num
2282 823 2328 879 si
2362 839 2676 879 erraveram
2712 835 2768 880 ut
2799 825 2980 889 homo,
3017 825 3255 881 debuisti

1650 930 1737 970 me
1767 918 1997 985 privatis
2028 916 2226 972 litteris
2253 918 2582 983 convenire,
2623 928 2677 973 et
2703 918 2784 974 sic
2818 919 2948 971 mihi
2981 917 3252 985 blandiri,

1648 1008 1923 1076 quoiuodo
1954 1020 2005 1063 et
2024 1024 2124 1079 ego
2144 1008 2237 1064 tibi
2257 1024 2400 1064 nunc
2416 1009 2467 1064 in
2486 1010 2732 1081 epistolis
2750 1009 2885 1065 meis
2906 1009 3197 1066 blandior?
3226 1027 3245 1061 ι

1650 1099 1777 1155 llaec
1818 1111 1927 1156 tota
1981 1118 2099 1157 mea
2138 1104 2299 1174 culpa
2336 1112 2438 1169 est,
2498 1119 2669 1175 quare
2717 1102 2957 1159 subdolis
3002 1102 3252 1158 laudibus

1650 1204 1962 1260 accusatus,
2013 1212 2246 1266 purgare
2297 1212 2382 1251 me
2430 1196 2598 1260 volui,
2649 1204 2707 1251 et
2751 1195 2853 1250 hoc
2883 1196 3001 1251 sine
3051 1195 3252 1251 invidia

1650 1286 1888 1341 nominis
1913 1288 1986 1341 tui
2017 1309 2030 1343 :
2058 1298 2115 1342 ut
2136 1287 2281 1357 quod
2304 1298 2357 1342 tu
2378 1290 2528 1343 solus
2552 1303 2933 1355 accusaveras,
2960 1288 3026 1343 ad
3052 1288 3253 1344 multos

1650 1376 1940 1446 referrem,
1972 1397 2078 1433 non
2113 1380 2211 1435 tibi
2258 1380 2510 1435 haeresim
2541 1380 2826 1451 oliiiciens,
2859 1381 2954 1435 sed
2983 1396 3010 1434 a
3042 1397 3129 1435 me
3162 1396 3251 1436 re-

1651 1470 1880 1537 pellens.
1934 1471 2204 1543 Numquid
2252 1474 2383 1527 scivi
2416 1471 2560 1541 quod
2609 1472 2954 1537 irascereris,
2986 1473 3031 1527 si
3062 1482 3253 1528 contra

1653 1558 1944 1617 hmreticos
1986 1564 2290 1619 scriberem
2316 1565 2338 1617 ?
2366 1564 2594 1619 Dixeras
2622 1574 2675 1619 te
2702 1564 2769 1619 de
2818 1563 3070 1635 Origenis
3097 1563 3255 1620 libris

1651 1654 1905 1710 literetica
1939 1658 2267 1712 sustulisse:
2314 1658 2579 1713 fautorem
2613 1667 2666 1713 te
2708 1659 3089 1715 luereticorum
3139 1660 3251 1730 iam

1652 1764 1759 1803 non
1788 1764 1907 1804 esse
1935 1750 2249 1817 credebam,
2282 1759 2339 1805 et
2371 1751 2495 1807 ideo
2534 1767 2643 1805 non
2674 1752 2725 1806 in
2760 1762 2833 1812 te.
2863 1752 2957 1809 sed
2992 1754 3045 1807 in
3076 1753 3253 1809 haere-

160 1858 175 1895 J
204 1843 471 1910 testimonio,
500 1844 685 1898 alterius
730 1844 941 1897 somnio
971 1843 1210 1912 gloriari.
1254 1842 1389 1899 Vide
1419 1842 1546 1913 quid
1582 1847 1628 1906 Β
1657 1843 1791 1896 tiens
1813 1844 2054 1899 invectus
2073 1860 2227 1909 sum;
2254 1845 2305 1899 in
2326 1861 2435 1914 quo
2453 1846 2497 1899 si
2518 1844 2899 1900 vehementior
2916 1845 3255 1915 fui,ignosce

160 1954 197 1989 3r
220 1946 340 1992 tuum
364 1949 409 1993 et
433 1954 582 1992 meum
625 1938 823 1991 intersit
853 1936 1145 1992 somnium.
1181 1937 1294 2005 Ego
1336 1953 1422 1992 me
1453 1939 1552 1991 liu-

160 2034 234 2088 iter
259 2036 592 2104 reprehensum
619 2033 804 2098 refero,
831 2043 884 2087 tu
904 2032 1174 2101 iactanter
1202 2032 1476 2085 laudatum
1502 2041 1553 2085 te

176 2128 499 2197 congemit-as.
524 2125 619 2179 Nec
646 2124 822 2179 dicere
848 2133 1040 2195 potes,
1070 2123 1213 2177 Nihil
1244 2138 1363 2177 mea
1391 2121 1558 2176 refert

172 2221 296 2273 alius
322 2217 518 2280 viderit,
542 2232 649 2271 eum
679 2219 731 2270 in
765 2215 1212 2270 luculentissimis
1244 2214 1397 2268 libris
1427 2214 1557 2279 tuis,

156 2322 200 2366 te
225 2311 287 2364 ad
312 2310 735 2377 interpretandum
766 2308 917 2363 dicas
954 2307 1165 2363 ratione
1202 2317 1556 2373 commotum,

159 2403 204 2455 ir
252 2401 461 2456 illustris
495 2400 556 2455 de
593 2411 639 2456 te
672 2401 946 2454 Somnium
1006 2399 1276 2468 perderet.
1327 2400 1423 2454 llic
1478 2406 1561 2453 est

156 2515 173 2551 ς
224 2508 439 2551 conatus
486 2508 630 2560 tuus;
657 2496 698 2551 si
730 2510 815 2551 me
856 2494 1154 2565 perjurium
1186 2493 1471 2559 docueris,
1506 2504 1561 2547 tu

153 2590 276 2641 licus
306 2602 405 2641 non
434 2588 561 2642 eris.

184 2682 263 2737 De
286 2682 581 2751 inﬁdelitate
604 2684 879 2737 calumnia.
909 2710 978 2723 -—
998 2682 1178 2738 Venio
1209 2682 1273 2737 ad
1300 2681 1562 2751 gravissi-

167 2779 388 2843 crimen,
421 2779 470 2831 in
502 2794 605 2848 quo
649 2787 767 2847 post
822 2776 1212 2833 reconciliatas
1265 2776 1558 2839 amicitias,

166 2873 437 2927 tidelitatis
480 2887 721 2927 accusas.
766 2871 988 2933 Fateor.
1021 2872 1164 2926 inter
1205 2880 1398 2925 cuncta
1448 2884 1563 2923 ma-

156 2996 176 3031 ,
206 2980 325 3035 qua:
358 2964 438 3019 vel
489 2964 703 3033 obiicis,
726 2964 813 3017 vel
844 2963 1088 3029 minaris,
1124 2962 1257 3017 nihil
1298 2979 1326 3017 a
1370 2978 1456 3017 me
1488 2962 1558 3015 ita

154 3058 456 3123 :ndumest,
492 3073 651 3127 quam
679 3056 851 3121 fraus,
879 3056 1060 3120 dolus,
1086 3055 1398 3110 infidelitas.
1434 3054 1560 3108 Pec-

154 3156 255 3206 vim
308 3153 550 3209 hominis
597 3162 725 3209 est:
763 3152 986 3207 insidias
1037 3151 1282 3215 tendere,
1332 3150 1554 3205 diaboli-

1655 1934 1811 1989 mihi.
1845 1934 2058 2002 Potavi,
2107 1936 2252 2007 quod
2281 1949 2338 1990 et
2371 1937 2467 1990 tibi
2519 1938 2811 2006 placerem.
2848 1937 3016 1993 [θυι-ιο
3043 1948 3099 1994 et
3126 1939 3257 1994 insi-

1656 2026 1762 2081 diis
1812 2029 2187 2085 ministrorum
2238 2046 2483 2086 meorum
2517 2030 2656 2085 dicis
2703 2032 2997 2087 schedulas
3044 2043 3161 2089 tuas
3202 2035 3256 2090 in

1658 2117 1938 2186 publicum
1987 2122 2229 2190 prolatas
2268 2121 2461 2185 fuisse,
2495 2139 2615 2191 quae
2644 2123 2893 2178 latebant
2922 2126 2973 2177 in
3005 2124 3261 2181 cubiculo

1661 2218 1775 2274 tuo,
1813 2213 1896 2265 vel
1926 2213 2065 2280 apud
2116 2228 2241 2267 eum
2293 2214 2472 2268 solum
2504 2225 2682 2279 erant,
2715 2216 2806 2286 qui
2841 2230 2955 2271 rem
3003 2217 3107 2273 sibi
3140 2218 3257 2287 geri

1661 2303 1995 2373 iniunxerat.
2026 2305 2187 2377 562
2220 2305 2286 2360 Et
2306 2307 2581 2376 quomodo
2605 2324 2765 2379 supra
2786 2311 3091 2377 confiteris,
3118 2312 3264 2383 quod

1662 2407 1752 2447 aut
1796 2396 1981 2449 nullus
2008 2412 2100 2450 eas
2142 2398 2414 2465 habuerit,
2443 2408 2535 2453 aut
2562 2400 2853 2457 admodum
2888 2404 3087 2474 pauci?
3118 2405 3175 2462 Si
3207 2406 3263 2464 in

1661 2486 1915 2541 cubiculo
1943 2499 2035 2541 tuo
2068 2489 2333 2558 latebant,
2367 2507 2469 2561 qua
2503 2493 2710 2548 ratione
2754 2496 2894 2565 apud
2922 2512 3045 2553 eum
3085 2508 3264 2569 erant,

1662 2580 1754 2649 qui
1800 2580 1899 2635 sibi
1947 2596 2061 2635 rem
2104 2583 2219 2652 ger”:
2271 2583 2627 2654 iniunxerat?
2654 2587 2749 2643 Sin
2780 2600 2960 2644 autem
3009 2606 3149 2647 unus
3176 2592 3267 2648 cui

1662 2674 1880 2743 scripta:
1928 2675 2141 2731 fuerant
2191 2678 2546 2734 occultandas
2594 2694 2936 2751 susceperat,
2983 2700 3114 2755 ergo
3155 2700 3265 2741 non

1663 2766 1905 2823 latebant
1934 2780 2142 2823 tantum
2175 2770 2227 2823 in
2259 2770 2514 2826 cubiculo
2545 2782 2658 2841 tuo,
2691 2790 2793 2830 nec
2836 2776 3142 2833 habuerunt
3169 2793 3264 2835 eas

1664 2863 1843 2932 pauci,
1896 2878 2033 2934 quos
2078 2863 2336 2920 habuisse
2388 2875 2617 2923 testatus
2664 2884 2743 2924 es.
2795 2868 2961 2925 Furto
3010 2871 3261 2928 sublatas

1661 2956 1845 3023 arguis
1871 2972 1884 3008 :
1917 2962 1972 3010 et
2001 2970 2216 3009 rursum
2248 2965 2460 3025 emptas
2482 2959 2673 3028 grandi
2704 2961 2928 3029 pecunia
2956 2970 3010 3016 et
3038 2962 3265 3019 infinitis

1662 3048 1934 3101 mercibus
1962 3050 2290 3103 criminaris.
2326 3048 2382 3103 lu
2414 3066 2516 3104 una
2548 3066 2626 3116 re,
2658 3061 2716 3107 et
2754 3052 2808 3107 in
2841 3068 3003 3123 parva
3034 3054 3266 3123 epistola

1662 3148 1861 3208 quanta
1895 3139 2128 3195 varietas
2156 3150 2213 3196 et
2241 3141 2584 3198 dissonantia
2614 3147 2945 3203 mentiendi!
2995 3148 3113 3203 Tibi
3142 3150 3272 3206 licet

154 3246 276 3301 ideo
326 3247 379 3300 ίη
406 3245 433 3284 ιι
466 3244 729 3301 Αηαειδςί
782 3246 1066 3300 ίηηῃοιίιιο
1116 3261 1257 3315 agno
1306 3243 1563 3299 dexteras
1588 3228 1633 3289 C
1666 3247 1945 3298 accusare,
1966 3232 2093 3287 mihi
2118 3233 2417 3291 defendere
2443 3252 2549 3291 non
2578 3237 2760 3295 lictbit
2786 3240 2808 3294 2
2834 3240 3063 3309 Quando
3084 3241 3271 3299 crimi.

159 3353 243 3404 us,
268 3347 328 3392 ut
351 3338 516 3411 561
552 3352 674 3393 tuas
706 3338 894 3392 [ionice
921 3336 1207 3392 schedulas
1234 3335 1566 3391 furaremur‘l

159 3431 281 3486 iiSsi
332 3447 512 3486 Canes
558 3431 939 3486 inemendatas
989 3430 1282 3495 chartulas,
1334 3440 1385 3485 te
1435 3429 1564 3484 dor-

193 3523 622 3579 corroderent?
650 3525 719 3579 Et
749 3523 851 3578 hoc
888 3523 1147 3578 credibile
1173 3531 1277 3588 est,
1310 3532 1439 3577 ante
1468 3537 1568 3577 nos

156 3634 278 3673 ores
333 3633 600 3687 parasse,
644 3632 811 3686 quam
864 3627 916 3672 tu
949 3617 1157 3673 crimen
1212 3616 1571 3672 admitteres?

190 3727 554 3767 noveramus
593 3712 735 3783 quid
788 3713 840 3766 in
896 3712 1079 3765 animo
1123 3712 1406 3766 volveres?
1442 3710 1570 3781 quid

154 3821 165 3859 ξ
202 3814 260 3859 te
291 3816 314 3843 ε
344 3806 685 3859 somniatus
733 3804 917 3860 esset?
942 3803 1008 3859 Ut
1046 3804 1363 3875 impleretur
1414 3803 1465 3857 in
1520 3811 1571 3857 te

186 3899 615 3962 proverbium,
655 3906 717 3951 et
754 3896 861 3970 [ΑΙ.
891 3896 970 3969 ιιι]
1012 3912 1106 3952 sus
1128 3897 1348 3951 doceret
1377 3896 1575 3951 Miner-

157 3990 492 4046 Eusebium
538 4004 654 4053 ego
686 3988 755 4042 ad
798 3988 1100 4043 latrandum
1148 3990 1423 4053 miseram,
1455 3989 1577 4060 quis

162 4083 316 4138 Mss.
351 4083 595 4138 Atarvii
620 4092 674 4137 et
704 4081 936 4153 Atat-bii]
974 4092 1164 4138 contra
1194 4090 1245 4137 te
1271 4090 1326 4137 et
1352 4090 1579 4137 caetero-

160 4193 285 4232 iem
350 4176 735 4232 concitavit?
772 4175 962 4231 Nonne
1011 4176 1104 4231 ille
1132 4184 1236 4242 est,
1262 4178 1351 4246 qui
1393 4184 1447 4230 et
1494 4190 1580 4231 me

158 4286 206 4323 in
251 4284 330 4324 ex
374 4268 501 4323 tuis
534 4268 819 4323 amicitiis
842 4267 1274 4338 iudicabat?Cui
1297 4284 1419 4323 cum
1449 4269 1581 4323 satis

156 4363 595 4416 damnatione
635 4361 961 4432 dogmatum
983 4360 1255 4433 Origenis,
1288 4371 1341 4415 tu
1365 4362 1581 4416 clausus

153 4471 399 4524 nquam
441 4470 597 4510 eum
627 4454 826 4509 videre
847 4468 1012 4507 ausus
1040 4470 1121 4519 es,
1149 4468 1216 4508 ne
1242 4463 1335 4508 aut
1361 4453 1585 4508 damna-

160 4549 472 4616 nolebas,
508 4557 624 4602 aut
663 4556 859 4617 aperte
881 4546 1165 4611 resistens,
1192 4544 1468 4601 hazreseos
1500 4546 1583 4599 in-

1670 3324 1839 3390 naris,
1871 3326 2108 3380 amicum
2139 3342 2244 3383 non
2272 3328 2499 3399 cogitas.
2528 3330 2756 3397 Quando
2779 3333 3110 3403 respondeo,
3142 3346 3273 3392 tunc

1672 3418 1767 3473 tibi
1793 3418 1885 3488 ius
1916 3419 2167 3475 amicitia:
2208 3420 2261 3475 in
2309 3435 2549 3479 mentem
2579 3426 2750 3480 venit.
2784 3426 2903 3492 Dic,
2932 3442 3032 3483 oro
3061 3438 3134 3493 te,
3164 3444 3273 3485 ce-

1673 3512 1865 3567 landas
1909 3514 2199 3571 schedulas
2246 3518 2572 3586 scripseras,
2609 3537 2675 3575 an
2730 3522 3075 3592 prodendas?
3119 3523 3164 3578 si
3215 3532 3278 3579 ut

1673 3606 1903 3673 celares,
1932 3622 2029 3662 cur
2056 3608 2323 3679 scripsisti
2347 3612 2370 3664 ?
2395 3612 2441 3666 si
2485 3624 2541 3668 ut
2578 3616 2861 3685 prodercs,
2889 3633 2987 3673 cur
3014 3617 3277 3673 celabas?

1746 3702 1835 3757 55.
1884 3700 2025 3757 Cavit
2073 3706 2420 3775 suspicionem
2454 3708 2811 3779 hypocriseos.
2851 3743 2923 3754 —
2953 3713 3059 3769 Sed
3108 3714 3160 3767 in
3208 3728 3276 3769 eo

1676 3793 2159 3863 reprehendendus
2177 3814 2297 3853 sum
2327 3817 2339 3853 :
2369 3816 2533 3870 quare
2551 3815 2901 3861 accusatores
2926 3816 3049 3860 tuos
3072 3806 3278 3863 amicos

1678 3904 1829 3944 meos
1860 3906 1967 3945 non
1996 3894 2357 3948 coercuerim.
2397 3894 2489 3949 Vis
2514 3897 2606 3952 tibi
2642 3899 2913 3968 proferant
2941 3899 3155 3955 litteras
3182 3918 3277 3959 eo-

1679 3995 1821 4046 rum,
1873 3982 1925 4036 in
1978 3984 2177 4053 quibus
2224 4001 2313 4041 me
2362 3986 2715 4057 hypocriseos
2756 4001 3007 4062 arguunt,
3041 3992 3182 4063 quod
3227 4003 3280 4051 te

1680 4072 1860 4128 sciens
1890 4075 2205 4131 htereticum
2226 4119 2240 4143 ,
2291 4080 2553 4136 tacuerint
2580 4100 2595 4147 ;
2628 4084 2771 4151 quod
2800 4085 2927 4139 dum
2962 4100 3146 4155 pacem
3196 4087 3283 4142 in-

1682 4178 1874 4221 cautus
1903 4170 2138 4234 pra-beo,
2173 4171 2428 4227 intestina
2462 4174 2723 4231 Ecclesiae
2749 4177 2889 4233 bella
2920 4179 3174 4247 suscepi?
3202 4180 3282 4236 Tu

1682 4259 1980 4330 discipulus
2004 4276 2182 4329 vocas,
2218 4264 2309 4334 qui
2337 4280 2423 4320 me
2452 4275 2602 4322 tuum
2640 4269 3076 4339 condiscipulum
3107 4273 3287 4342 suspi—

1683 4363 1899 4409 cantur.
1930 4354 1997 4409 Et
2025 4356 2153 4426 quia
2193 4358 2411 4428 parcior
2450 4359 2524 4414 fui
2573 4362 2627 4415 in
2673 4361 2992 4419 refellendis
3037 4364 3288 4421 laudibus

1688 4445 1813 4512 tuis,
1863 4456 2057 4516 putant
2103 4465 2190 4505 me
2239 4458 2391 4506 tuum
2418 4467 2540 4507 esse
2588 4464 2946 4524 symniysten.
2992 4456 3107 4513 lloc
3154 4458 3289 4517 mihi

1688 4539 1939 4605 praestitit
1969 4541 2221 4612 prologus
2260 4556 2407 4609 tuus,
2439 4553 2499 4599 ut
2526 4546 2647 4614 plus
2676 4562 2764 4602 me
2808 4550 3013 4606 amicus
3058 4552 3290 4612 [cederes

156 4644 513 4700 “ﬂueres.
556 4645 664 4697 Αη
698 4642 909 4697 idcirco
949 4641 1103 4695 ιεειίε
1147 4648 1335 4694 contra
1386 4647 1437 4695 ιθ
1467 4653 1589 4695 esse
1614 4627 1669 4687 D
1693 4646 1852 4699 quam
1887 4632 2155 4690 inimicus.
2194 4636 2376 4693 Semel
2423 4637 2533 4694 sibi
2580 4654 2964 4707 persuaserant
2994 4647 3183 4716 (recte
3219 4665 3289 4705 an

160 4738 237 4801 it,
272 4737 436 4806 quia
482 4744 824 4792 accusator
853 4733 927 4789 tui
950 4732 1068 4789 est?
1098 4732 1400 4803 Antequam
1437 4746 1596 4787 sanc-
1694 4737 1979 4792 Perpemm
2010 4726 2113 4793 il'si
2144 4728 2413 4799 Videriﬂl)
2439 4740 2493 4787 ιθ
2512 4746 2635 4789 esse
2656 4731 2995 4794 Ῑιίεΐθιὶουηι.
3019 4739 3073 4797 Si
3102 4742 3295 4798 defen-

160 4830 362 4883 anius
419 4829 732 4884 venisset
765 4827 1214 4897 Hierosolymam,
1248 4836 1301 4881 et
1328 4838 1424 4881 ore
1474 4825 1596 4896 qui-
1696 4816 1754 4870 (Ῐε

1698 4816 1826 4870 dere
1857 4816 2107 4882 voluero,
2141 4819 2244 4875 hoc
2296 4822 2471 4877 solum
2523 4825 2828 4894 proficiam,
2876 4838 2937 4886 ut
2981 4847 3068 4887 me
3115 4843 3292 4890 tecum

158 4922 381 4977 rsculo
438 4922 570 4977 tibi
640 4937 843 4992 pacem
900 4919 1077 4986 daret,
1130 4920 1266 4975 mala
1312 4929 1491 4975 autem
1544 4925 1601 4975 et
1699 4912 1904 4983 pariter
1930 4926 2207 4971 accusent.
2231 4916 3295 4992 Deniquemibiobiiciuntlaudationem

157 5033 219 5071 ιο
253 5014 487 5071 corde
517 5025 846 5081 servaret;
877 5024 1167 5085 antequam
1199 5028 1299 5069 nos
1320 5013 1369 5069 ei
1401 5011 1601 5084 suggil-
1700 5016 1869 5073 tuam,
1893 5020 1948 5063 et
1976 5016 2029 5064 te
2054 5024 2160 5064 non
2189 5018 2379 5077 putant
2398 5011 2667 5071 insidiose
2685 5016 2996 5087 scripsisse,
3016 5019 3111 5075 sed
3131 5036 3256 5075 vere
3282 5039 3296 5078 :

159 5109 207 5163 ii
232 5108 605 5179 epistolas
638 5108 1015 5175 dictaremus,
1045 5107 1435 5163 uthzcreticum
1464 5105 1599 5161 scri-
1700 5114 1756 5162 et
1779 5107 1920 5176 quod
1954 5115 2008 5161 tu
2037 5106 2089 5162 in
2124 5122 2211 5161 me
2241 5120 2459 5176 semper
2479 5117 2606 5163 ante
2629 5108 2914 5181 laudabas,
2947 5113 3303 5172 vehementer

160 5222 215 5260 n
256 5205 550 5259 osculis
593 5203 990 5259 orthodoxam
1023 5202 1420 5273 comprobavit,
1444 5200 1603 5258 Ater-
1703 5199 2044 5256 insimulant.
2077 5200 2215 5269 Quid
2245 5215 2331 5256 me
2363 5200 2445 5257 vis
2474 5202 2653 5260 facere
2676 5204 2699 5257 ἲ
2724 5215 2782 5260 ιιι
2813 5205 3114 5279 discipulos
3140 5225 3303 5267 accu-

162 5297 489 5371 iervius]
508 5306 757 5352 contra
780 5310 832 5352 te
860 5296 1089 5350 latrabat
1108 5295 1527 5367 Hierosolymis;
1550 5303 1606 5351 et
1706 5304 1921 5350 satores
1939 5310 2036 5365 pro
2058 5305 2108 5350 te
2127 5294 2388 5361 habeam;
2420 5305 2745 5356 utcoutorta
2770 5300 2823 5355 in
2848 5304 3081 5360 amicum
3099 5304 3307 5375 iacula,

164 5391 415 5461 iisset,
462 5390 1067 5449 sensissetbaculum
1090 5406 1195 5447 non
1221 5387 1248 5427 ἀ
1278 5390 1605 5457 litterarum,
1710 5403 1834 5444 meo
1862 5387 2153 5459 suScipiam
2177 5389 2438 5459 pectore?

192 5654 206 5699 ι
242 5642 609 5702 Macarii.
661 5637 826 5710 quod
852 5652 1013 5707 supra
1042 5636 1251 5703 irridet,
1276 5637 1508 5710 somnio.

201 5733 246 5773 e
290 5708 794 5771 Martianm‘ns.
819 5711 870 5763 in
902 5710 1184 5765 Anastasii.
1217 5708 1433 5777 quando
1462 5720 1614 5762 erro-

212 5808 218 5837 ν.
252 5795 704 5847 "tonuerat,
741 5781 833 5852 qui
859 5779 1050 5837 Gnece
1079 5782 1355 5837 ἀναστάσει
1384 5779 1615 5852 rescrip-

219 5873 462 5932 μοι·το
560 5851 768 5911 esset
810 5853 1110 5920 Anastasis,
1179 5855 1293 5907 sive
1353 5851 1614 5923 templum

1717 5722 1842 5762 mus
1862 5705 1974 5783 _l_ib.
2008 5719 2199 5783 contra
2229 5707 2385 5766 Joan.
2425 5712 2783 5783 tlierosolym.
2818 5705 3082 5783 nhmﬁﬂ,
3113 5728 3227 5776 not.

1796 5789 1817 5816 ο
1862 5778 2028 5834 Vetus
2058 5780 2218 5844 edit.,
2248 5783 2598 5836 samniaturus
2627 5778 2776 5839 esset.

1796 5848 1818 5884 ἀ
1862 5850 2034 5904 Minus
2058 5852 2196 5906 bene
2218 5851 2578 5923 Martianaaus,
2610 5851 2941 5913 litterarium.

1716 5644 1809 5691 aut
1849 5634 2003 5712 locus
2054 5635 2496 5712 Resurrectionis
2547 5637 2873 5707 Dominicas,
2918 5654 3079 5712 supra
3124 5644 3315 5707 docui.
3395 5685 3407 5695 .
