4036 6348
623 253 730 313 ιεδ

1879 233 1938 288 Β.
1981 229 2250 292 EUSliBll
2294 226 2670 290 liIERONYMl

3817 217 3907 290 tat

691 365 778 420 ‘56.
825 365 898 416 De
930 358 1082 414 libris
1131 364 1313 412 autem
1340 357 1460 432 περὶ
1502 353 1704 431 Ἀρχῶν
1734 348 1904 405 debes
1932 358 1958 386 λ
1993 345 2122 403 mihi
2168 352 2222 400 et

2401 346 2489 402 58.
2534 345 2611 401 De
2630 342 2848 416 epistola
2872 341 2940 396 ad
2971 341 3245 413 Ruﬁnum.
3277 370 3348 384 -ο
3375 341 3581 398 Novum
3604 354 3816 413 queque
3837 359 3911 400 me

617 457 818 529 gratias
849 466 1032 522 agere.
1064 450 1144 504 Tu
1191 451 1362 515 enim,
1391 454 1450 501 ut
1479 445 1636 511 dicis,
1687 442 1844 497 noxia
1875 454 2101 514 qumque
2131 437 2225 492 de-

617 557 897 611 truncans,
930 545 1155 600 meliora
1188 541 1435 612 posuisti.
1466 539 1578 608 Ego
1611 539 1685 592 ita
1713 546 1770 591 ut
1802 535 2139 590 habebantur
2170 532 2223 586 in

617 639 834 705 Graeco,
864 636 1133 706 ettpressi.
1165 636 1239 690 Ex
1269 651 1373 704 quo
1397 641 1451 686 et
1471 638 1560 686 tua
1578 638 1805 702 apparet
1835 627 2002 692 ﬁdes;
2031 636 2084 682 et
2107 624 2225 694 ejus

618 748 780 805 quem
811 732 1203 798 interpretatus
1230 741 1311 791 es,
1347 723 1596 778 haeresis.
1619 719 1972 776 Scribebatur
1996 716 2126 771 mihi
2161 714 2226 770 de

621 825 770 882 Urbe
820 841 850 880 a
900 822 1033 878 viris
1073 816 1447 893 (Pammachio
1496 823 1542 868 et
1594 811 1833 881 Oceano)
1894 810 1949 864 in
2009 805 2231 862 Christo

620 915 964 990 pratcipuis:
1013 909 1306 980 Resiionde
1353 905 1698 968 criminanti;
1759 918 1826 957 ne
1871 901 1916 956 si
1971 898 2226 965 tacueris,

622 1009 970 1066 consensisse
995 1004 1251 1060 videaris.
1272 1001 1528 1056 Consoua
1546 1012 1736 1052 omnes
1761 1009 1892 1050 voce
1909 993 2228 1064 poscebant,

623 1113 684 1160 ut
721 1101 970 1172 Origenis
1011 1096 1282 1152 versutias
1330 1092 1492 1167 563
1535 1090 1849 1161 proderem,
1892 1095 1952 1141 ut
1999 1083 2109 1158 [AL
2152 1081 2230 1154 et]

623 1209 835 1251 venena
865 1191 1244 1246 ltzereticorum
1271 1185 1533 1240 Romanis
1561 1180 1788 1236 auribus
1811 1176 2053 1234 cavenda
2079 1192 2234 1230 mon-

622 1299 882 1342 strarem.
915 1282 1051 1352 Quid
1083 1283 1186 1335 hoc
1213 1277 1281 1332 ad
1312 1276 1568 1346 injuriam
1605 1285 1750 1328 tuam
1783 1269 2066 1342 pertinet?
2091 1268 2230 1324 Num

619 1380 770 1434 solus
795 1377 1189 1443 interpretatus
1210 1385 1270 1426 es
1301 1371 1432 1425 istos
1462 1368 1654 1434 libros,
1686 1376 1741 1421 ct
1765 1366 1902 1420 alios
1923 1365 2080 1434 hujus
2102 1378 2232 1435 ope-

622 1471 702 1528 ris
732 1485 838 1524 non
868 1467 1037 1521 habes
1072 1461 1410 1535 participes?
1440 1459 1718 1532 Numquid
1752 1469 1806 1513 et
1831 1468 1884 1512 tu
1908 1457 1976 1512 de
2006 1457 2235 1527 Septua-

625 1566 771 1636 ginta
803 1558 1195 1630 interpretibus
1223 1573 1304 1620 es,
1355 1564 1412 1608 ut
1443 1565 1568 1624 post
1595 1553 1897 1606 editionem
1934 1559 2081 1605 tuam
2111 1547 2236 1601 aliis

624 1655 927 1713 transferre
956 1668 1063 1707 non
1095 1651 1309 1706 liceat?
1341 1649 1484 1704 Ecce
1514 1658 1570 1703 et
1598 1662 1700 1718 ego
1729 1647 1952 1712 multos,
1985 1652 2044 1698 ut
2075 1641 2232 1709 dicis,

2329 448 2486 511 putas
2533 439 2753 494 ﬁnxisse
2785 434 3150 503 mendacium,
3192 444 3249 489 ut
3287 435 3579 506 epistolam
3623 435 3692 491 ad
3723 445 3776 492 te
3803 453 3912 494 meo

2329 533 2551 587 nomine
2571 544 2988 602 componerem,
3009 528 3162 602 quasi
3182 528 3311 583 olim
3331 529 3613 600 scriptam,
3636 544 3742 599 quo
3758 528 3913 586 bonus

2328 639 2448 681 esse
2475 623 2664 680 videar
2689 633 2745 680 et
2770 622 3084 690 modestus;
3110 637 3272 694 quam
3304 631 3360 680 tu
3389 638 3684 694 numquam
3709 624 3915 683 omnino

2328 716 2660 786 susceperis.
2715 714 2844 772 thec
2872 729 2965 773 res
3011 713 3276 784 perfacile
3303 715 3523 785 probari
3559 725 3753 787 potest.
3782 717 3916 775 Multi

2330 810 2521 870 Roma:
2556 821 2577 850 ε
2611 809 2733 880 eius
2770 809 3106 882 exemplaria
3138 807 3368 877 habent,
3401 819 3529 870 ante
3571 809 3676 870 hoc
3719 810 3916 868 circiter

2331 904 2647 969 triennium,
2679 903 2770 976 qui
2803 902 2899 961 tibi
2947 917 3069 961 eam
3100 907 3319 961 mittere
3352 905 3670 969 noluerunt.
3702 907 3919 965 scientes

2331 1013 2451 1074 qua:
2473 997 2540 1054 de
2563 1011 2686 1054 meo
2715 997 2935 1054 nomine
2954 995 3268 1070 jactitares,
3290 1004 3348 1052 et
3370 1011 3532 1067 quam
3559 996 3780 1068 indigna
3803 1013 3916 1068 pro-

2333 1093 2513 1165 posito
2530 1089 2844 1150 Christiano
2863 1107 2924 1146 ac
2954 1090 3186 1157 nefanda
3208 1089 3572 1163 contingeres.
3604 1091 3720 1164 Ego
3741 1093 3919 1162 scripsi

2334 1187 2609 1253 nesciens,
2638 1185 2794 1259 quasi
2827 1183 2894 1240 ad
2924 1184 3182 1243 amicum.
3224 1184 3306 1242 Illi
3339 1201 3446 1241 non
3479 1185 3827 1245 reddiderunt
3853 1186 3919 1253 ei,

2331 1295 2490 1346 quem
2525 1279 2804 1336 inimicum
2834 1288 3138 1334 noverant:
3171 1286 3459 1348 parcentes
3486 1287 3544 1340 et
3574 1295 3698 1338 meo
3727 1281 3916 1344 errori,

2336 1378 2391 1425 et
2418 1380 2523 1428 tua:
2557 1369 2931 1426 conscientia}.
2985 1369 3050 1424 Et
3080 1370 3239 1424 simul
3267 1373 3692 1442 argumentaris.
3721 1373 3860 1443 quod
3881 1372 3925 1429 si

2339 1463 2504 1520 talem
2568 1463 2662 1519 tibi
2716 1462 3006 1532 epistolam
3067 1462 3423 1531 scripseram,
3478 1478 3590 1522 non
3637 1465 3924 1525 debueram

2335 1566 2521 1614 contra
2554 1565 2604 1610 te
2637 1557 2690 1610 in
2716 1555 2823 1611 alio
2854 1554 3042 1613 libello
3069 1554 3236 1612 multa
3266 1554 3407 1610 mala
3440 1556 3704 1615 scribere.
3737 1558 3831 1618 Hic
3852 1568 3924 1614 est

2338 1658 2484 1706 totus
2535 1664 2689 1706 error
2739 1657 2886 1713 tuus,
2935 1656 2990 1705 et
3037 1649 3152 1706 haec
3189 1648 3335 1717 justa
3387 1650 3928 1722 querinioniazquod

624 1749 842 1804 libellos
865 1747 931 1801 de
948 1745 1141 1802 Graeco
1162 1743 1216 1798 in
1237 1743 1486 1796 Latinum
1503 1739 1788 1794 transtuli:
1811 1737 1981 1792 babes
1999 1743 2235 1806 potesta-
2263 1745 2311 1806 Β
2339 1757 2459 1813 qua:
2491 1756 2593 1797 nos
2622 1740 2676 1800 in
2730 1741 3022 1798 haereticos
3065 1739 3324 1806 dicimUS.
3359 1749 3415 1795 ιιι
3456 1739 3510 1796 in
3544 1750 3596 1798 ιθ
3639 1743 3784 1804 dicta
3813 1758 3928 1799 con-

623 1852 737 1900 tem
755 1851 809 1898 et
823 1852 878 1896 tu
894 1856 1105 1895 rursum
1121 1853 1215 1892 eos
1228 1835 1496 1899 vertendi,
1521 1844 1576 1888 ut
1591 1833 1849 1897 Volueris;
1871 1842 1922 1885 et
1937 1831 2075 1886 bona
2093 1828 2235 1884 enim

628 1945 686 1994 et
704 1935 842 1988 mala
858 1948 955 1988 suo
971 1933 1306 2000 imputantur
1320 1925 1552 1981 auctori.
1569 1923 1723 1992 Quod
1737 1923 1857 1978 etin
1875 1933 1924 1977 te
1940 1921 2115 1983 ﬁeret,
2137 1917 2242 1973 nisi

629 2029 858 2086 dixisses
883 2034 938 2080 te
960 2032 1272 2093 amputasse
1298 2019 1553 2074 bametica
1572 2029 1626 2072 et
1646 2017 1852 2088 Optima
1872 2012 2236 2070 transtulisse.

629 2121 727 2178 Hic
744 2130 827 2174 est
853 2118 998 2174 enim
1034 2115 1204 2170 nodus
1231 2124 1370 2179 tuus,
1395 2112 1484 2182 qui
1511 2110 1648 2164 solvi
1679 2124 1784 2163 non
1809 2116 2006 2178 potest.
2033 2103 2103 2158 At
2130 2101 2237 2175 [AL

628 2213 760 2286 Aut]
793 2213 835 2268 si
861 2210 1058 2266 errasti
1088 2219 1143 2262 ut
1167 2209 1351 2272 homo,
1390 2203 1628 2275 priorem
1661 2200 1858 2258 damna
1889 2195 2236 2253 sententiam.

705 2306 794 2359 57.
838 2303 1052 2358 Latinos
1097 2300 1258 2355 libras
1305 2297 1530 2352 uertebat
1581 2295 1637 2348 in
1695 2293 1934 2348 Grmcum
1986 2288 2235 2360 Ruﬁnus.

632 2427 706 2440 —
735 2397 842 2452 Sed
890 2394 1017 2466 quid
1051 2393 1217 2448 facies
1270 2390 1338 2446 de
1384 2388 1737 2459 Apologetico
1771 2395 1884 2446 tuo,
1934 2398 2094 2455 quem
2146 2395 2243 2452 pro

633 2493 885 2564 Origeuis
943 2487 1211 2558 scripsisti
1275 2483 1575 2554 operibus?
1620 2481 1761 2549 Quid
1821 2479 1895 2536 de
1963 2477 2244 2533 volumine

631 2584 898 2642 Eusebii?
929 2584 980 2638 in
1014 2595 1122 2652 quo
1153 2595 1318 2651 quum
1350 2577 1516 2631 multa
1549 2575 1871 2640 mutaveris,
1903 2582 1989 2642 et,
2017 2572 2117 2626 sub
2146 2585 2244 2625 no-

632 2680 780 2735 mine
803 2675 1083 2744 martyris,
1107 2669 1350 2726 bazretici
1374 2667 1614 2723 hominis
1632 2669 1833 2736 scripta
1858 2663 2202 2719 transtuleris
2229 2679 2241 2714 :

637 2777 819 2823 tamen
865 2767 1019 2835 plura
1069 2762 1318 2832 posuisti,
1362 2775 1482 2829 quae
1533 2757 1928 2812 Ecclesiasticre
1961 2754 2086 2809 ﬁdei
2134 2769 2241 2808 non

637 2858 993 2914 conveniunt.
1023 2854 1105 2907 Tu
1126 2861 1290 2907 etiam
1319 2851 1548 2905 Latinos
1576 2849 1742 2904 libros
1767 2849 1819 2902 in
1845 2847 2097 2902 Graecum
2126 2861 2244 2899 vcr-

641 2951 734 3018 tis,
762 2952 917 3006 nobis
941 2949 1075 3003 dare
1105 2946 1303 3000 nostris
1329 2957 1550 3000 externa
1576 2940 1897 3014 prohibebis
1922 2940 1945 2994 ?
1971 2941 2025 2996 Si
2057 2941 2109 2994 in
2140 2939 2245 2994 alio

639 3059 807 3115 opere
839 3039 1270 3110 respondissem,
1307 3037 1360 3090 in
1390 3052 1496 3106 quo
1541 3049 1627 3089 me
1660 3049 1766 3088 non
1796 3033 2040 3096 laeseras,
2073 3031 2245 3087 videri

639 3243 702 3285 ut
736 3241 787 3283 te
816 3228 899 3282 vel
948 3224 1284 3295 imperitum,
1336 3222 1420 3276 vel
1450 3220 1740 3276 subdolum
1783 3220 2235 3275 dcmonstrarem.

640 3320 794 3378 Nunc
821 3335 951 3375 vero
981 3332 1184 3373 novum
1222 3315 1580 3386 querimonia:
1621 3328 1827 3383 genus:
1859 3312 2014 3368 doles
2047 3312 2141 3366 tibi
2188 3311 2244 3366 in

641 3429 709 3469 eo
731 3428 853 3468 esse
884 3426 1232 3481 responsum,
1259 3409 1312 3461 in
1340 3422 1445 3476 quo
1470 3421 1497 3458 a
1527 3415 1578 3460 te
1599 3412 1884 3459 accusatus
1908 3420 2050 3460 sum.
2089 3401 2247 3458 Dice-

639 3507 801 3563 batur
849 3506 917 3559 ad
974 3500 1476 3572 interpretationem
1534 3506 1682 3552 tuam
1733 3497 1901 3550 Roma
1951 3496 2242 3564 subversa,

640 3599 991 3670 postulabant
1021 3608 1212 3649 omnes
1242 3608 1272 3647 a
1321 3607 1407 3646 me
1438 3589 1597 3660 hujus
1641 3589 1718 3643 rei
1750 3588 2074 3644 remedium.
2126 3586 2242 3642 Non

638 3709 746 3764 quo
775 3707 877 3760 ego
906 3690 1135 3756 alicujus
1180 3683 1441 3738 momenti
1473 3697 1687 3746 essent;
1718 3679 1812 3735 sed
1845 3682 1932 3750 qui
1964 3680 2245 3751 petebant,

646 3801 734 3841 me
761 3800 884 3840 esse
911 3780 1114 3850 aliquid
1149 3778 1573 3832 arbitrabantur.
1603 3773 1684 3828 Tu
1729 3774 1937 3827 amicus
1977 3787 2125 3838 eras,
2155 3772 2248 3840 qui

643 3879 733 3932 illa
767 3876 1164 3938 transtuleras;
1195 3871 1323 3942 quid
1364 3886 1450 3922 me
1481 3866 1560 3921 vis
1599 3866 1826 3922 facere?
1855 3864 2092 3920 Obedire
2136 3865 2248 3921 Deo

648 3974 820 4043 magis
858 3975 1095 4040 oportet,
1129 3982 1195 4018 an
1229 3963 1536 4017 hominibus
1565 3962 1715 4031 (Act.
1748 3976 1802 4026 v,
1847 3957 1999 4031 ‘29)?
2029 3958 2247 4014 Domini

643 4061 922 4119 custodire
954 4057 1353 4122 substantiam,
1390 4070 1455 4108 an
1489 4057 1688 4107 furtum
1728 4051 1906 4107 celare
1950 4050 2252 4105 conservi?

646 4159 824 4216 Aliter
853 4166 904 4211 te
938 4171 1043 4209 non
1081 4151 1330 4222 placabo,
1365 4149 1470 4203 nisi
1504 4158 1556 4202 et
1586 4164 1689 4218 ego
1733 4155 1912 4201 tecum
1945 4143 2251 4199 accusanda

642 4246 1013 4306 commisero?
1040 4245 1097 4301 Si
1133 4245 1332 4298 nullam
1367 4242 1591 4296 fecisses
1622 4240 1725 4294 ιιιεὶ
1755 4238 1991 4293 nominis
2017 4237 2249 4292 mentio-

644 4359 767 4398 nem
797 4359 810 4394 ε
837 4342 881 4394 si
907 4357 994 4394 me
1028 4355 1133 4392 non
1165 4351 1423 4391 ornasses
1445 4333 1678 4404 egregiis
1701 4332 1974 4396 laudibus,
2008 4342 2249 4401 poteram

646 4435 872 4503 aliquod
901 4433 1102 4487 habere
1129 4429 1444 4498 suffugium,
1477 4435 1534 4480 et
1574 4427 1789 4478 diversa
1823 4423 2147 4488 obtendere,
2183 4437 2250 4478 ne

2339 1832 2534 1902 ﬁngis:
2570 1841 2625 1888 et
2657 1831 2760 1887 nisi
2809 1831 2919 1890 illis
2985 1828 3012 1868 ἀ
3040 1832 3467 1903 pcpcrcerimus,
3518 1842 3574 1890 te
3611 1841 3771 1904 putas
3821 1849 3931 1890 esse

2340 1925 2623 1980 violatum.
2656 1925 2736 1981 An
2769 1924 2893 1983 ideo
2923 1939 3114 1994 panem
3149 1924 3244 1981 tibi
3280 1939 3387 1980 non
3427 1924 3640 1994 damus,
3677 1927 3806 1998 quia
3833 1926 3933 1982 ha:-

2341 2017 2637 2072 reticorum
2663 2016 2891 2074 cerebro
2917 2014 3154 2088 lapidem
3188 2015 3496 2072 illidimus?
3528 2017 3594 2074 Et
3616 2028 3675 2074 ut
3705 2029 3932 2077 nostram
4006 2007 4007 2070 ἐ

2341 2110 2629 2186 epistolam
2662 2125 2769 2165 non
2796 2110 3018 2179 probes,
3054 2125 3207 2186 papae
3237 2126 3456 2185 quoque
3476 2109 3752 2169 Anastasii
3784 2113 3932 2169 simili

2343 2205 2482 2262 dicis
2513 2204 2704 2262 fraude
2749 2205 3068 2271 subnixam,
3095 2205 3164 2261 de
3195 2220 3300 2280 qua
3331 2206 3428 2262 tibi
3473 2215 3598 2266 ante
3645 2209 3930 2279 respondi:

2342 2315 2505 2372 quam
2535 2300 2579 2354 si
2612 2300 2910 2370 suspicaris
2960 2300 3128 2376 ipsius
3162 2315 3268 2359 non
3296 2316 3444 2371 esse,
3491 2301 3662 2358 habes
3690 2303 3780 2359 ubi
3805 2301 3934 2372 apud
4006 2300 4007 2368 Ξ

2344 2406 2468 2448 eum
2518 2407 2617 2447 nos
2669 2407 2865 2464 arguas
2915 2391 3193 2452 falsitatis.
3227 2393 3322 2451 Sin
3371 2402 3556 2454 autem
3587 2397 3713 2464 ejus
3741 2405 3843 2462 est,
3886 2403 3937 2451 ut

2344 2479 2507 2552 hujus
2535 2498 2752 2553 quoque
2787 2483 2914 2537 anni
2967 2495 3157 2538 contra
3187 2493 3238 2540 te
3267 2486 3516 2554 epistolae
3547 2487 3804 2558 probant,
3835 2486 3933 2544 frti—

2344 2581 2457 2628 stra
2490 2585 2544 2628 et
2590 2575 2727 2631 falso
2757 2575 2946 2631 falsam
2997 2591 3226 2648 arguere
3265 2578 3486 2646 niteris,
3521 2595 3646 2637 cum
3693 2597 3762 2645 ex
3805 2582 3932 2637 illius

2346 2683 2473 2723 vera
2498 2667 2750 2739 epistola,
2781 2678 3028 2724 nostram
3060 2686 3239 2728 veram
3272 2687 3398 2730 esse
3423 2673 3744 2734 doceamus.

2418 2762 2510 2816 59.
2555 2759 2876 2836 Pythagorw
2912 2763 3179 2836 discipuli.
3217 2763 3567 2840 Pythagorica
3611 2776 3864 2840 pracepta
3896 2779 3936 2823 ct

2346 2853 2600 2926 symbola.
2661 2854 2801 2924 Quid
2844 2857 2989 2926 apud
3033 2854 3242 2911 Crwcos
3293 2859 3484 2915 iit-uenit
3529 2863 3733 2932 primu.)
3762 2861 3940 2934 Pytha—

2349 2963 2523 3019 geras.
2556 2977 2624 2988 —
2667 2947 2724 3003 In
2756 2949 3073 3004 excusando
3115 2950 3403 3010 mendacio
3445 2962 3535 3009 tuo
3569 2953 3679 3025 [Αι.
3731 2953 3940 3014 menda-
4006 2973 4007 3030 ξ

2349 3039 2493 3092 cium
2525 3037 2732 3110 tuum],
2764 3054 2924 3109 quam
2958 3039 3178 3112 elegans
3222 3055 3346 3100 esse
3372 3042 3594 3098 voluisti
3622 3062 3634 3098 :
3670 3057 3735 3106 et-
3769 3062 3833 3106 ne
3858 3059 3942 3101 sex
4006 3083 4007 3112 ἶ

640 3146 890 3207 poteram
922 3133 976 3188 in
1005 3131 1256 3200 injuriam
1291 3138 1434 3184 tuam
1470 3127 1768 3182 transferre
1783 3127 1928 3198 quod
1959 3137 2235 3181 verteras:
2269 3129 2314 3194 C
2347 3129 2518 3186 millia
2567 3107 2823 3200 Origeitis
2874 3107 3073 3187 libros?
3095 3132 3368 3204 proferas,
3420 3135 3752 3207 Pythagora;
3795 3154 3826 3196 ει
3867 3152 3944 3194 me
4006 3107 4007 3166 Ῑ

2351 3224 2522 3295 exigis
2565 3233 2940 3280 monumenta.
2975 3224 3075 3280 Ubi
3107 3235 3193 3284 est
3229 3226 3317 3281 illa
3366 3227 3593 3297 ﬁducia,
3620 3246 3732 3300 qua
3763 3230 3943 3292 inflatis
4006 3223 4007 3230 “

2347 3315 2534 3372 buccis
2563 3315 2896 3373 creberrime
2930 3317 3292 3388 personabas,
3327 3329 3379 3375 te
3409 3336 3530 3391 quae
3563 3321 3615 3374 in
3645 3322 3776 3384 aliis
3802 3323 3944 3380 libris

2347 3407 2600 3480 Origenis
2628 3409 2862 3480 legeras,
2907 3411 3232 3468 emendasse
3276 3411 3331 3470 in
3375 3411 3530 3470 libris
3561 3418 3688 3490 περί
3732 3417 3943 3493 ’Δρχσῖνδι
4006 3417 4007 3440 ³

2348 3508 2406 3558 et
2446 3516 2551 3556 non
2599 3502 2797 3568 aliena,
2847 3501 2943 3558 sed
2996 3518 3089 3558 sua
3136 3502 3446 3562 reddidisse
3493 3506 3652 3562 suis?
3704 3507 3784 3566 De
3813 3515 3948 3565 tanta

2345 3591 2609 3649 librorum
2644 3593 2778 3648 silva
2811 3610 2976 3650 unum
3013 3593 3264 3651 fruticem
3295 3611 3360 3651 ac
3405 3600 3686 3659 surculum
3718 3597 3948 3670 proferre

2349 3700 2458 3740 non
2507 3696 2680 3758 poles.
2735 3685 2800 3741 Hi
2846 3695 2975 3741 sunt
3012 3688 3127 3746 veri
3185 3687 3341 3752 fumi,
3397 3688 3481 3746 ha:
3533 3690 3774 3756 nebulai.
3823 3705 3948 3762 quas

2350 3777 2478 3833 dum
2524 3780 2580 3834 in
2622 3794 2710 3833 me
2738 3779 3081 3844 criminaris,
3125 3780 3179 3838 in
3213 3790 3265 3837 te
3299 3783 3596 3838 exstinctas
3637 3784 3948 3858 dissipatas-

2351 3888 2457 3942 que
2502 3888 2599 3943 per
2630 3889 2718 3928 me
2747 3874 3051 3945 cognoscis,
3080 3889 3182 3931 nec
3198 3875 3424 3931 fractam
3447 3878 3720 3938 cervicem
3745 3877 3949 3955 dejicis,

2352 3962 2512 4036 565
2579 3964 2672 4019 sed
2724 3965 2912 4036 majori
2964 3965 3337 4040 impudentia,
3419 3983 3581 4038 quam
3646 3969 3948 4041 imperitia,

2352 4055 2490 4111 dicis
2520 4073 2607 4112 me
2652 4056 2924 4128 denegare
2949 4097 2964 4125 ,
2996 4074 3118 4129 qua:
3158 4059 3210 4114 in
3242 4071 3499 4134 promptu
3531 4073 3655 4118 sunt
3679 4104 3694 4131 ,
3743 4072 3802 4122 ut
3836 4076 3951 4123 cum

2352 4159 2569 4204 montes
2610 4165 2807 4208 aureos
2843 4151 3118 4222 pollicitus
3169 4151 3336 4208 fueris
3364 4193 3379 4218 ,
3411 4169 3480 4209 ne
3530 4165 3807 4212 scorteum
3847 4154 3955 4222 qui-

2354 4241 2476 4297 dem
2502 4258 2783 4297 nummum
2808 4243 2872 4299 de
2903 4242 3174 4298 thesauris
3212 4244 3319 4300 tuis
3351 4246 3614 4318 proferas.
3648 4246 3805 4302 Justa
3835 4260 3958 4306 cott-

2355 4343 2435 4388 tra
2467 4351 2554 4389 me
2593 4334 2713 4389 odia
2749 4351 3102 4408 recognosco,
3134 4345 3194 4392 et‘
3217 4353 3344 4391 vera
3392 4337 3443 4393 in
3483 4353 3579 4392 nos
3606 4338 3958 4396 dcbaccharis

2357 4428 2589 4483 insania.
2618 4427 2732 4483 Nisi
2763 4431 2910 4485 enim
2956 4445 3056 4502 ego
3087 4429 3230 4500 quod
3264 4447 3372 4488 non
3408 4441 3508 4494 est,
3542 4431 3804 4494 audacter
3849 4431 3957 4488 exi-

646 4543 838 4583 I‘UI'SUS
886 4527 1246 4596 interpretata
1286 4520 1660 4576 transferrem.
1701 4517 1782 4571 Tu
1816 4531 1925 4580 me,
1973 4514 2000 4554 δ
2045 4519 2249 4583 amice,
2281 4528 2334 4594 Β
2357 4538 2565 4594 gerem,
2597 4533 2652 4578 lu
2682 4523 2954 4580 videbaris
3001 4523 3204 4580 habere
3231 4526 3376 4594 quod
3410 4542 3512 4584 non
3544 4525 3733 4584 habes,
3767 4524 3958 4605 Pytha-

647 4621 994 4689 compulisti,
1055 4631 1115 4674 ut
1141 4618 1345 4687 aliquot
1379 4615 1496 4668 dies
1526 4613 1580 4666 in
1611 4611 1712 4665 hoc
1744 4625 1910 4680 opere
1943 4610 2252 4679 perderem,

646 4724 706 4770 ut
778 4712 1078 4781 proferrem
1151 4712 1203 4764 in
1271 4708 1508 4763 medium
1576 4703 1718 4774 quod
1789 4701 2097 4772 Charybdis
2161 4703 2257 4756 de-

645 4809 761 4866 buit
791 4809 1096 4862 deuorare:
1143 4815 1197 4858 et
1229 4812 1406 4857 tamen
1442 4802 1623 4864 licsus,
1655 4798 1913 4853 amicitia:
1945 4797 1999 4851 in
2043 4808 2095 4851 te
2130 4798 2251 4867 jura

651 4903 889 4967 servavi,
933 4912 985 4953 et
1017 4907 1280 4968 quantum
1329 4897 1380 4946 in
1415 4909 1499 4947 me
1532 4894 1652 4957 fuit,
1685 4891 1764 4946 sic
1795 4905 1881 4946 me
1924 4889 2167 4954 defendi,
2199 4899 2256 4945 ut

650 5007 703 5052 te
737 5013 844 5049 non
891 5006 1232 5047 accusarem.
1263 4985 1426 5060 5“
1452 4985 1532 5040 Tu
1579 4983 1805 5039 nimium
1838 4983 2174 5053 suspiciosus
2201 4992 2258 5039 et

651 5089 936 5160 querulus,
972 5091 1063 5155 qui
1098 5085 1238 5138 dicta
1267 5084 1319 5135 in
1348 5081 1636 5135 luere-tiens
1663 5083 1728 5133 ad
1753 5088 1898 5133 tuam
1930 5076 2102 5132 refers
2127 5093 2260 5132 con-

649 5180 952 5236 tumeliam.
984 5175 1138 5244 Quod
1168 5175 1222 5228 si-
1246 5173 1408 5228 aliter
1429 5172 1635 5226 amicus
1665 5181 1788 5226 tuus
1831 5185 1955 5225 esse
1985 5185 2094 5224 non
2130 5186 2258 5240 pos-

645 5290 795 5336 sum,
831 5270 937 5327 nisi
963 5278 1020 5324 et
1049 5267 1426 5322 haereticorum
1457 5265 1666 5318 amicus
1695 5262 1882 5327 fuero;
1934 5261 2112 5319 levius
2139 5272 2260 5317 tuas

645 5366 988 5431 inimicitias,
1024 5378 1183 5432 quam
1217 5362 1431 5416 illorum
1467 5357 1738 5413 amicitias
1767 5355 2075 5410 sustinebo.

726 5628 752 5658 ο
794 5614 1068 5670 Victorius
1089 5610 1304 5672 maluit,
1337 5605 1490 5660 debes
1522 5600 1724 5674 etutihi
1747 5599 1941 5674 gratias
1970 5617 2138 5674 agere.

724 5688 750 5726 δ
792 5685 1066 5740 Victorius
1091 5681 1238 5735 addit
1257 5671 1326 5733 ex
1354 5671 1624 5730 Brixianis
1652 5671 1812 5724 codd.
1838 5671 2070 5728 alterum
2092 5683 2148 5729 tu
2185 5673 2250 5730 ad

656 5755 964 5824 emphasin,
989 5751 1068 5806 Tu
1094 5766 1191 5816 me,
1222 5749 1408 5810 amice,
1441 5753 1494 5796 tu
1519 5740 1836 5810 cornpulisti,
1861 5750 1966 5797 etc.

2360 4631 2504 4687 gora:
2533 4632 2561 4668 a
2599 4633 2682 4670 me
2708 4616 2876 4672 libros
2907 4615 3140 4686 flagitas.
3173 4615 3305 4684 Quis
3336 4618 3484 4672 enim
3515 4616 3609 4672 tibi
3636 4617 3772 4678 dixit
3820 4615 3958 4669 illius

2363 4718 2576 4763 esstare
2610 4707 2926 4762 vofuntina‘f
2949 4707 3142 4764 Nonne
3170 4709 3222 4763 in
3248 4709 3477 4782 epistola
3505 4725 3646 4779 mea,
3675 4723 3834 4788 quam
3862 4708 3962 4764 cri-

2364 4801 2612 4868 minaris,
2645 4801 2760 4854 haec
2785 4799 2949 4856 verba
3003 4801 3173 4856 sunt?
3217 4819 3236 4852 ‹
3269 4801 3380 4857 Sed
3407 4801 3492 4857 fac
3527 4818 3615 4858 me
3653 4816 3865 4862 errasse
3911 4799 3960 4854 in

2361 4894 2747 4960 adolescentia,
2783 4902 2838 4949 et
2885 4893 3360 4966 philosophorum,
3390 4894 3446 4954 id
3497 4906 3614 4962 est,
3666 4895 3964 4958 Gentilium

2363 4985 2558 5041 studiis
2604 4986 2898 5054 eruditum,
2932 4988 2987 5042 in
3039 4987 3308 5058 principio
3339 4988 3460 5042 ﬁdei
3513 4989 3796 5062 ignorasse
3837 4989 3967 5057 dog-

2364 5087 2506 5132 mata
2533 5076 2860 5147 Cbristiana,
2897 5089 2953 5134 et
2993 5078 3097 5134 hoc
3135 5090 3352 5152 putasse
3397 5081 3452 5134 in
3485 5082 3788 5152 Aposwlis,
3827 5079 3967 5153 quod

2363 5171 2417 5226 in
2445 5171 2745 5244 Pythagora
2773 5183 2828 5229 et
2859 5174 3084 5230 Platone
3110 5182 3165 5230 et
3197 5175 3527 5246 Empedoele
3553 5181 3810 5248 legeram.
3846 5196 3863 5230 ι
3900 5177 3968 5230 De

2363 5266 2708 5337 dogmatibus
2734 5283 2945 5336 eorum,
2986 5284 3091 5324 non
3131 5268 3198 5324 de
3227 5268 3380 5326 libris
3417 5271 3632 5332 locutus
3665 5284 3814 5338 sum,l
3854 5282 3970 5342 qua:

2366 5361 2516 5431 pomi
2544 5363 2596 5417 in
2624 5359 2892 5420 Cicerone
2913 5405 2928 5431 ,
2961 5363 3162 5431 Bruto,
3195 5377 3260 5420 ac
3289 5362 3502 5420 Seneca
3549 5364 3784 5421 discere.
3833 5361 3972 5432 Lege

2452 5618 2473 5645 ε
2521 5608 2760 5680 Epistula
2790 5608 2857 5668 ad
2901 5607 3155 5672 Ruﬁnum
3189 5609 3245 5674 in
3288 5620 3474 5670 nostra
3512 5613 3842 5681 recensione
3874 5628 3972 5671 uu-

2382 5692 2516 5788 melr.
2550 5685 2606 5745 8',
2631 5695 2794 5806 (Euam
2822 5696 2964 5764 anno
2990 5681 3344 5765 ascripsimus
3369 5683 3496 5742 399.

2520 5751 2658 5806 Mart
2684 5766 2800 5806 an..
2827 5749 2934 5806 ιηισ
2956 5767 3298 5806 veneramus.

2520 5749 2800 5818 Mat-tiam,
2827 5749 2934 5808 itii:
2956 5749 3298 5824 pepercimus.
