4054 6342
580 263 692 321 487

569 380 858 443 Locreiisi,
892 374 1216 447 Pythagora:
1241 374 1488 431 doctrina
1542 374 1813 438 eruditus,
1845 374 2177 445 elegantiam
2207 373 2258 433 Α

570 480 625 528 et
656 471 906 539 leporem
936 469 1181 525 Socratis
1203 510 1217 536 ,
1248 483 1371 523 cum
1401 467 1560 537 hujus
1589 465 1809 521 miscuit
1834 466 2173 533 disciplinis,

570 578 695 634 qua:
725 562 908 618 omnia
942 563 1166 617 nomine
1212 568 1545 618 commutato
1568 600 1583 625 ,
1615 558 1885 629 Origenes
1933 558 1984 613 in
2016 558 2183 613 libros

570 669 703 709 suos
765 654 1114 733 περὶᾺρχῶν
1156 653 1499 709 transtulisse
1546 651 1913 708 convincitur.
1969 651 2027 706 lii
2076 665 2182 723 quo

572 749 740 822 igitur
791 750 990 815 erravi,
1021 747 1069 803 si
1094 746 1420 802 adolescens
1462 745 1609 812 dixi,
1642 759 1730 800 me
1760 760 1822 800 ea
1855 753 2076 815 putasse
2127 744 2181 799 in

573 841 874 913 Apostolis,
904 857 1026 912 qua:
1055 842 1107 893 in
1140 838 1449 911 Pythagora
1478 848 1533 894 et
1564 838 1793 893 Platone
1821 846 1875 893 et
1910 837 2183 907 Empedo-

574 936 662 989 cle
692 932 977 1006 legeram?
1024 931 1143 988 Non
1178 942 1232 985 ut
1285 939 1340 985 tu
1385 929 1741 986 calumniaris
1783 939 1840 984 et
1895 930 2077 1000 fingis,
2128 930 2179 983 in

572 1025 901 1098 Pythagora:
928 1034 983 1080 et
1010 1025 1254 1079 Platonis
1284 1036 1339 1080 et
1366 1023 1713 1094 Empedoclis
1733 1022 1909 1089 libris,
1935 1024 2030 1079 sed
2058 1038 2182 1094 quae

578 1120 635 1175 in
667 1121 780 1177 illis
832 1120 1002 1176 fuisse
1054 1121 1293 1190 legeram
1317 1161 1332 1185 ,
1368 1130 1422 1175 et
1452 1119 1685 1175 aliorum
1737 1135 1825 1174 me
1856 1119 2061 1189 scripta
2087 1134 2184 1175 eos

578 1215 836 1272 habuisse
872 1215 1202 1271 docuerunt.
1238 1215 1301 1270 Et
1333 1215 1439 1269 hoc
1474 1230 1647 1285 genus
1687 1214 2021 1270 elocutionis
2070 1216 2180 1271 frc-

576 1310 996 1382 queniissiinum
1027 1318 1113 1365 est
1144 1328 1156 1362 :
1193 1318 1249 1364 ut
1287 1308 1332 1364 si
1362 1308 1563 1374 dicam,
1590 1325 1712 1380 quae
1742 1310 1792 1363 iii
1822 1310 2049 1366 Socrate
2078 1312 2183 1381 legi

579 1404 833 1474 dogmata
855 1445 869 1469 ,
903 1404 1089 1472 putavi
1123 1419 1273 1458 vera.
1303 1402 1422 1458 Non
1470 1403 1615 1474 quod
1663 1404 1922 1460 Socrates
1945 1415 1970 1443 ει
2012 1405 2183 1461 libros

584 1495 723 1551 ullos
751 1496 1064 1566 scripserit;
1099 1495 1195 1551 scd
1222 1512 1342 1567 qua:
1373 1495 1479 1566 legi
1499 1496 1640 1567 apud
1666 1498 1946 1553 Platonem
1971 1508 2027 1554 et
2048 1498 2184 1554 alios

576 1589 890 1645 Socraticos
920 1591 1072 1645 illum
1127 1590 1410 1646 habuisse.
1457 1592 1521 1646 Et
1552 1607 1795 1661 rursum,
1829 1593 2039 1649 imitati
2090 1610 2185 1649 vo-

576 1677 655 1733 lui
700 1690 875 1752 gesta,
907 1697 1028 1752 quae
1074 1681 1129 1735 in
1180 1682 1493 1739 Alexandro
1528 1692 1583 1738 et
1616 1684 1871 1755 Scipione
1921 1686 2180 1757 legeram.

577 1770 699 1827 Non
732 1773 874 1843 quod
921 1773 1036 1842 ipsa
1088 1788 1183 1827 sua
1232 1784 1383 1845 gesta
1435 1776 1866 1845 descripseriut;
1900 1779 1997 1834 sed
2040 1781 2181 1850 quod

1835 256 1893 313 S.
1937 250 2206 315 EUSEBII
2248 249 2625 310 HIERONYMI

3778 244 3875 308 188

2352 371 2445 425 42.
2487 366 2857 425 Calumniandi
2896 364 3164 420 licentiam
3206 362 3562 434 reprehendit.
3594 360 3793 417 Fuluia
3834 375 3877 417 et

2288 463 2647 517 Ilerodias.—
2666 460 2888 517 Possem
2912 468 2969 515 et
2996 474 3097 528 ego
3120 457 3226 512 tuis
3254 465 3305 512 te
3331 457 3610 513 coloribus
3633 457 3876 528 pingere,

2288 569 2343 613 et
2376 558 2618 613 insanire
2662 562 2848 611 contra
2881 553 3278 616 insanientem;
3311 562 3365 608 et
3403 550 3587 607 dicere
3620 549 3877 622 quidquid

2287 652 2371 707 vel
2402 652 2539 717 scio,
2570 650 2653 705 vel
2685 649 2869 705 nescio
2895 666 2907 701 :
2935 657 2991 703 et
3014 647 3204 703 eadem
3235 646 3477 712 licentia,
3503 646 3675 701 immo
3700 645 3877 702 furore

2286 752 2341 799 et
2367 746 2637 810 amentia,
2667 744 2749 798 vel
2780 741 2912 797 falsa
2933 783 2946 805 ,
2978 742 3065 796 vel
3094 756 3223 795 vera
3252 754 3583 812 congerere,
3619 751 3678 795 ut
3706 750 3760 796 et
3801 757 3879 798 me

2289 837 2473 907 loqui,
2508 848 2562 892 et
2590 845 2643 892 te
2690 835 2918 906 puderet
2960 834 3197 890 audire:
3230 844 3285 889 et
3330 834 3576 904 objicere
3608 835 3731 902 tibi,
3769 850 3878 906 qua:

2287 938 2381 984 aut
2404 938 2752 985 accusantem
2783 929 3130 992 damnarent,
3176 937 3268 981 aut
3306 936 3664 995 accusatum;
3717 938 3775 985 ut
3820 945 3877 985 ex

2288 1020 2487 1077 frontis
2517 1021 2742 1086 duritia,
2777 1020 2942 1075 tidem
2975 1020 3169 1075 lectori
3203 1020 3473 1087 facerem;
3508 1033 3566 1077 ut
3597 1022 3741 1092 quod
3788 1023 3882 1079 ini-

2287 1112 2557 1183 pudenter
2608 1111 2933 1176 scriberem,
2982 1126 3113 1166 vere
3166 1109 3412 1167 scribere
3447 1111 3751 1182 judicarer.
3782 1112 3883 1168 Sed

2289 1205 2473 1274 procul
2505 1204 2575 1258 sit
2605 1219 2633 1255 a
2668 1203 2914 1258 moribus
2953 1200 3300 1269 CliriStiaiiis,
3333 1212 3392 1257 ut
3441 1202 3571 1257 dum
3598 1202 3626 1242 ιι
3658 1203 3878 1259 aliorum

2290 1307 2478 1368 petunt
2524 1300 2876 1368 sanguinem,
2914 1312 3069 1352 suum
3103 1296 3367 1363 offerant;
3400 1305 3456 1353 et
3497 1298 3616 1353 sine
3675 1296 3882 1368 gladio,

2288 1391 2570 1446 voluntate
2600 1390 2886 1445 homicith
2914 1391 3045 1444 sint.
3075 1389 3206 1444 Tum
3240 1389 3341 1444 hoc
3372 1388 3603 1444 bonitati
3628 1430 3643 1456 ,
3678 1399 3883 1460 tumque

2287 1484 2692 1540 mansuetudini
2724 1494 2777 1538 et
2827 1483 3163 1552 simplicitati
3210 1482 3485 1546 convenit,
3519 1484 3609 1553 qui
3664 1483 3734 1538 de
3782 1499 3882 1538 uno

2290 1578 2534 1649 pectoris
2560 1576 2933 1647 sterquilinio,
2981 1588 3036 1631 et
3084 1575 3309 1630 odorem
3344 1590 3624 1642 rosarum,
3668 1586 3726 1631 et
3755 1575 3885 1631 feto-

2289 1688 2404 1727 rem
2441 1669 2653 1739 profers
2684 1669 3012 1723 cadaverum
3049 1685 3061 1720 :
3095 1678 3149 1723 et
3178 1681 3374 1723 contra
3407 1669 3732 1723 sententiam
3761 1668 3888 1724 Pro.

2290 1763 2564 1833 plietaleni
2599 1760 2754 1836 (Isai.
2787 1761 2866 1832 v),
2900 1776 3145 1815 amarum
3193 1760 3332 1816 dicis
3361 1774 3479 1816 esse
3500 1801 3515 1825 ,
3548 1759 3694 1829 quod
3729 1759 3889 1830 quasi

579 1863 721 1933 apud
750 1842 889 1919 alios
921 1865 1167 1935 legerim,
1200 1842 1321 1937 (ιξυυ
1354 1867 1476 1922 mo,-
1520 1842 1758 1938 gesgi,“
1790 1842 2181 1943 miratum-13,-
2215 1842 2260 1901 Β
2290 1858 2451 1913 dulce
2486 1856 2828 1910 laudaveras.
2861 1854 2971 1909 Nec
3000 1869 3227 1910 necesse
3258 1864 3363 1923 est,
3388 1864 3445 1909 ut
3469 1854 3520 1908 in
3553 1854 3894 1910 ecclesiasti—

582 1966 672 2012 tur
700 1959 862 2013 etiam
909 1959 953 2012 si
985 1959 1186 2014 docere
1230 1976 1335 2015 non
1388 1976 1629 2031 possein,
1659 1961 1829 2032 ipsius
1861 1962 2184 2035 Pythagorae

581 2059 801 2105 exstare
851 2061 1225 2115 monumenta,
1262 2064 1362 2106 nec
1391 2065 1421 2105 a
1455 2051 1566 2106 tilio
1597 2051 1714 2122 ejus
1762 2067 1825 2108 ac
1868 2052 1999 2119 filia,
2036 2055 2185 2109 aliis-

580 2158 688 2215 que
715 2144 997 2214 discipulis
1031 2145 1259 2214 probata
1291 2146 1698 2215 convincerem,
1724 2163 1811 2202 me
1841 2163 1946 2203 non
1968 2157 2185 2205 teneres

583 2237 877 2304 mendacii,
910 2239 1036 2307 quia
1067 2254 1174 2293 nou
1211 2239 1409 2307 libros,
1445 2241 1541 2296 sed
1570 2241 1822 2313 dogmata
1860 2243 2057 2314 legisse
2096 2260 2185 2301 me

581 2329 700 2385 dixi
731 2346 746 2383 :
780 2339 837 2386 et
866 2342 918 2388 te
950 2333 1148 2387 frustra
1174 2348 1386 2399 errare,
1418 2350 1503 2389 me
1530 2347 1679 2391 tuum
1710 2348 2000 2408 protegere
2032 2355 2186 2395 men-

582 2424 796 2481 dacium
845 2426 1108 2494 voluisse,
1157 2436 1216 2482 ut
1268 2428 1371 2483 nisi
1400 2444 1500 2500 ego
1533 2446 1700 2484 unum
1732 2430 1929 2487 librum
1977 2432 2183 2505 Pytha-

579 2535 729 2590 gora:
760 2521 1065 2592 protulero,
1098 2528 1154 2576 tu
1181 2537 1277 2577 sex
1304 2524 1473 2578 millia
1503 2523 1757 2595 Origeiiis
1789 2526 1955 2582 libros
2006 2528 2186 2598 perdi-

584 2613 756 2672 deris.

654 2710 748 2762 41.
780 2707 1080 2762 Minabatur
1107 2707 1429 2780 Hieronymo
1452 2709 1717 2764 interitum
1741 2711 2059 2782 Ruﬁnus.—
2085 2713 2189 2768 Vc-

585 2800 735 2855 niam
763 2801 830 2854 ad
872 2801 1135 2870 epilogos,
1170 2802 1221 2855 id
1253 2810 1359 2867 est,
1391 2803 1676 2858 maledicta
1725 2815 1811 2859 tua
1840 2846 1854 2870 ,
1889 2806 1942 2861 in
1991 2808 2187 2877 quibus

588 2908 675 2948 me
705 2893 770 2948 ad
823 2896 1200 2965 paenitentiam
1247 2895 1592 2962 cohortaris;
1626 2906 1681 2952 et
1730 2898 1834 2953 nisi
1887 2914 2188 2958 conversus

587 2986 764 3051 fuero,
797 2986 851 3041 id
878 2996 980 3051 est,
1016 2988 1123 3042 nisi
1154 2999 1205 3043 te
1235 3000 1531 3044 accusante
1559 2991 1794 3057 siluero,
1829 2993 1957 3047 milii
2009 2996 2185 3049 mina~

589 3080 666 3136 ris
699 3081 1001 3135 interitum.
1037 3081 1103 3135 Et
1144 3080 1246 3136 hoc
1288 3082 1608 3137 scandalum
1660 3084 2087 3142 redundaturum
2132 3089 2185 3145 in

587 3185 748 3240 caput
778 3190 958 3230 meum
988 3176 1301 3242 denuntias,
1332 3177 1421 3247 qui
1453 3185 1505 3232 te
1534 3177 1813 3236 hominem
1844 3182 2181 3239 lenissimum

585 3277 642 3325 et
665 3267 918 3324 Mosaicae
946 3268 1397 3333 mansuetudinis,
1423 3273 1786 3343 responsione
1812 3292 1928 3331 mea
1953 3278 2017 3332 ad
2047 3280 2181 3334 scri-
2216 3243 2260 3305 Ο

586 3360 794 3432 ptiuuis
823 3362 1090 3418 insaniam
1124 3366 1564 3432 provocaveriin.
1596 3368 1750 3427 Scire
1797 3372 1940 3427 enim
1975 3382 2027 3427 te
2068 3373 2184 3443 jac-

588 3466 673 3513 tas
720 3459 992 3528 crimina,
1048 3461 1215 3535 568
1252 3482 1374 3534 qua:
1404 3466 1499 3522 tibi
1546 3468 1648 3524 soli
1699 3470 2027 3543 amicissimo
2078 3471 2181 3524 sim

582 3551 890 3620 confessus,
924 3563 980 3609 et
1007 3556 1123 3611 haec
1152 3561 1204 3611 in
1234 3561 1471 3616 medium
1523 3563 1899 3631 prolaturum;
1934 3563 2182 3634 meisque

584 3659 669 3700 me
699 3645 982 3703 coloribus
1024 3664 1147 3706 esse
1179 3653 1534 3723 pingendum,
1564 3666 1621 3711 et
1664 3656 1872 3713 debere
1904 3661 2183 3716 meminis-

584 3752 665 3799 se,
694 3739 838 3808 quod
865 3739 1134 3811 jacueriiii
1165 3743 1233 3798 ad
1263 3747 1427 3813 pedes
1457 3758 1580 3803 tuos
1601 3790 1614 3814 ,
1648 3765 1718 3804 ne
1747 3750 1930 3821 gladio
1962 3752 2076 3807 oris
2107 3754 2180 3807 tui

584 3841 901 3899 amputares
930 3846 1093 3904 caput
1119 3850 1324 3893 meum.
1353 3837 1422 3892 Et
1470 3850 1591 3909 post
1640 3843 1808 3896 multa
1834 3884 1847 3909 ,
1881 3844 1936 3898 in
1988 3845 2182 3915 quibus

582 3916 911 3978 furibundus
940 3925 1206 3993 exsultas,
1240 3944 1465 3984 revocas
1496 3941 1568 3997 te,
1602 3943 1656 3987 et
1688 3933 1829 3990 dicis
1856 3945 2045 4005 optare
2088 3953 2182 4008 pa-

578 4029 697 4071 cem
729 4032 853 4072 cuni
899 4017 1317 4079 denuntiatione
1365 4025 1685 4098 dumtaxat,
1720 4039 1781 4085 ut
1810 4032 2070 4104 deinceps
2100 4043 2180 4089 tas

576 4121 750 4173 ceam,
788 4109 840 4165 id
874 4120 978 4176 est,
1008 4121 1072 4167 ut
1101 4128 1206 4167 non
1234 4116 1470 4170 scribam
1500 4128 1690 4175 contra
1735 4121 2046 4192 hLBI‘eliCUS,
2082 4141 2182 4182 nec

574 4201 807 4257 audeam
843 4204 1188 4275 respondere
1214 4210 1552 4267 accusiitioiii
1583 4223 1709 4269 tuae.
1743 4217 1798 4271 Si
1827 4216 1933 4273 hoc
1961 4218 2175 4288 fecero,

574 4294 745 4350 frater
774 4311 874 4353 ero
905 4306 957 4354 et
991 4299 1227 4370 collega,
1257 4312 1313 4356 et
1341 4303 1425 4357 vir
1453 4304 1939 4376 eloquentissimus
1963 4322 2018 4367 et
2049 4314 2182 4369 anii-

575 4401 672 4441 cus
697 4403 761 4442 ac
786 4389 1014 4459 sodalis,
1047 4402 1104 4449 et
1132 4394 1275 4466 quod
1311 4396 1395 4452 liis
1428 4398 1602 4469 majus
1624 4410 1731 4467 est,
1757 4404 1937 4457 omnia
1970 4422 2088 4474 quae
2114 4408 2181 4464 de

577 4478 816 4550 Origene
866 4487 1143 4554 transtuli,
1188 4488 1461 4545 catholica
1502 4490 1793 4560 judicabis.
1849 4496 1943 4552 Sin
1994 4509 2177 4557 autem

574 4574 833 4641 miiticro,
866 4587 921 4633 et
967 4595 1053 4635 me
1101 4596 1477 4649 conimovero,
1513 4586 1657 4642 illico
1691 4592 1936 4660 impurus
1987 4608 2082 4649 ero
2121 4604 2176 4651 et

572 4666 886 4740 haereticus,
920 4681 976 4729 et
1001 4684 1091 4730 tua
1124 4676 1376 4748 indignus
1406 4684 1836 4741 necessitudine.
1867 4686 1996 4744 llaec
2042 4700 2169 4744 sunt

572 4768 848 4835 praeconia
881 4787 1022 4839 mea,
1055 4776 1135 4832 sic
1168 4794 1256 4834 nie
1287 4781 1528 4837 hortaris
1555 4782 1621 4837 ad
1657 4798 1864 4853 pacem,
1896 4793 1951 4840 et
1982 4800 2049 4840 ne
2077 4801 2169 4856 ge-

572 4859 761 5007 misum
788 4863 1009 4934 quidem
1040 4882 1105 4924 ac
1135 4870 1406 4943 lacrymas
1435 4875 1613 4932 dolori
1642 4877 1845 4935 liberas
1873 4892 1995 4935 esse
2029 4894 2164 4936 con-

574 4963 636 5006 ce
678 4967 745 5007 is.

574 4963 745 5010 CGGIS.

603 5139 670 5230 ἔθει
685 5130 1157 5230 ἑμξξὶήᾳξιτῑε-Ξίιηῳι*
1177 5143 1291 5230 _Leo
1319 5147 1568 5230 Allatius,
1600 5156 1816 5230 scripta
1834 5157 1969 5213 varii
1997 5173 2165 5230 gene-

570 5202 1241 5298 {ii-Socrati.tri'bttnntt
1272 5222 1367 5273 sed
1415 5202 2169 5298 véiéi’eé"piéii.iii;"o'iﬂiiés

571 5288 871 5347 pernegaiit
899 5284 967 5336 ab
993 5282 1087 5337 illo
1115 5287 1407 5359 quidquam
1444 5282 1756 5353 iiiandatiiin
1788 5282 2007 5357 lit'ieris:

576 5372 667 5501 et:
702 5373 865 5431 Vetus
891 5376 1051 5447 edit.,
1082 5392 1138 5434 ut
1165 5386 1291 5437 dum
1321 5384 1413 5439 alii
1435 5403 1614 5444 eorum
1636 5402 1815 5461 petunt
1837 5394 2168 5467 sanguinem,

651 5548 671 5575 ε
702 5538 952 5598 Martian.
982 5552 1105 5615 post
1134 5543 1347 5604 Erasm.
1376 5567 1482 5605 rem
1514 5553 1846 5609 tribunalem.

649 5632 675 5672 ἀ
704 5635 853 5714 Iliad
885 5640 1243 5700 Homericum.
1271 5647 1540 5702 Ilomerus
1574 5647 1742 5704 Iliade
1766 5662 1835 5714 1‘;
1867 5664 1999 5705 mss.
2024 5652 2175 5706 codi-

578 5714 671 5797 ces
701 5706 906 5797 addunt
946 5718 1530 5797 nonnulla_poslti'1roc,
1561 5721 1770 5797 ssilicsl
1811 5706 2018 5787 imme-
2050 5722 2173 5797 ἕπφς

580 5792 714 5841 τοῖον
753 5787 836 5832 καὶ
856 5787 1183 5852 ἐπακούσαις.
1211 5787 1481 5849 Murrum.
1503 5821 1575 5833 —
1596 5791 1775 5852 Iliadis
1794 5806 1852 5863 Υ,
1876 5808 2019 5851 vers.
2042 5794 2171 5864 250,

2290 1951 2367 2005 cis
2401 1949 2718 2004 tractatibus
2754 1963 2869 2003 rem
2896 1959 2917 1986 ε
2953 1946 3304 2003 tribunalium
3338 1946 3697 2011 ventilemus;
3728 1945 3892 2002 niliil-

2289 2057 2396 2114 que
2439 2056 2606 2112 super
2653 2040 2755 2096 hoc
2805 2040 3042 2111 amplius
3072 2040 3280 2105 audies,
3317 2040 3418 2093 nisi
3470 2037 3600 2093 illud
3630 2054 3661 2094 e
3695 2038 3885 2093 trivio:

2296 2156 2314 2189 ι
2352 2136 2488 2191 Cum
2517 2136 2731 2191 dixeris
2758 2136 2902 2201 quod
2934 2136 3032 2202 vis,
3059 2136 3251 2189 audies
3281 2132 3426 2204 quod
3455 2149 3562 2188 non
3594 2133 3697 2188 vis.
3738 2152 3756 2185 ι
3791 2136 3888 2188 Aut

2290 2232 2333 2285 si
2366 2230 2459 2285 tibi
2499 2230 2601 2285 vile
2628 2230 2842 2283 videtur
2872 2228 3094 2298 vulgare
3128 2226 3501 2297 proverbium,
3533 2238 3582 2282 et
3618 2229 3781 2281 homo
3808 2240 3891 2283 sa-

2291 2320 2665 2391 pientissimus
2694 2321 2864 2391 magis
2894 2318 3346 2389 philosophorum
3377 2335 3440 2375 ac.
3468 2331 3888 2390 poetarunisen-

2293 2417 2477 2471 tentiis
2503 2414 2786 2480 delectari,
2824 2414 2941 2484 lege
2963 2410 2990 2449 d
3023 2413 3153 2467 illud
3187 2413 3576 2468 llomericuin:

2397 2529 2603 2587 Ὀτι-οῖον
2624 2530 2666 2585 κ’
2689 2528 2908 2589 εἴπῃσθα
2934 2527 3080 2594 ἔπος,
3111 2536 3248 2585 τοῖον
3275 2528 3319 2582 κ’
3343 2528 3682 2589 ἐπακούσαις.

2290 2645 2455 2718 569
2488 2646 2598 2698 lloc
2640 2644 2819 2700 solum
2870 2644 3092 2712 requiro
3135 2642 3205 2696 ab
3254 2641 3452 2697 eximia
3502 2642 3795 2697 sanctitate
3840 2650 3890 2697 et

2291 2752 2517 2792 Censura
2548 2748 2635 2790 tua
2662 2737 2846 2806 (cujus
2873 2745 3017 2789 tanta
3046 2747 3127 2789 cSt
3153 2736 3391 2803 puritas,
3421 2742 3477 2787 ut
3498 2734 3566 2788 ad
3592 2733 3815 2789 sudaria
3840 2744 3890 2791 et

2291 2828 2631 2881 semicinctia
2674 2837 2760 2881 tua
2790 2827 3066 2881 daiiiioiies
3098 2825 3355 2896 riigianl),
3394 2826 3549 2894 cujus
3582 2828 3885 2896 exemplum

2292 2919 2344 2973 iii
2378 2920 2666 2975 scribendo
2715 2920 3004 2990 sequaris?
3050 2918 3181 2987 Quis
3211 2934 3462 2988 umquam
3492 2920 3887 2974 catholiciirum

2292 3014 2345 3067 iri
2367 3013 2738 3083 disputatione
2762 3022 3056 3078 sectarum,
3088 3013 3475 3081 turpitudinem
3504 3011 3578 3077 ei,
3599 3013 3887 3067 adversum

2291 3125 2447 3179 quem
2477 3108 2741 3179 disputat,
2774 3106 3011 3175 ohjecit?
3061 3106 3153 3160 Sic
3198 3115 3250 3160 te
3290 3106 3595 3160 docuerunt
3647 3105 3889 3177 magistri

2294 3203 2409 3256 tui?
2437 3202 2661 3257 Talibus
2690 3200 2969 3255 inSiitutus
2995 3214 3054 3255 es
3083 3198 3410 3268 disciplinis,
3440 3209 3498 3251 ut
3545 3198 3630 3252 cui
3663 3214 3893 3270 reSpoii-

2291 3296 2420 3350 dere
2452 3310 2557 3349 non
2593 3294 2868 3364 potueris,
2902 3304 3063 3362 caput
3103 3290 3347 3357 auferas;
3392 3300 3448 3343 et
3479 3290 3725 3359 linguam
3773 3306 3891 3361 qua:

2292 3400 2474 3445 tacere
2502 3405 2608 3444 non
2638 3395 2841 3457 potest,
2872 3385 3063 3440 seces?
3090 3383 3199 3439 Nec
3244 3398 3574 3454 magnopere
3598 3383 3891 3453 glorieris,

2288 3481 2333 3536 si
2364 3481 2529 3535 facias
2556 3479 2699 3550 quod
2732 3480 3050 3549 scorpiones
3101 3488 3327 3546 possunt
3354 3474 3535 3530 facere
3582 3487 3639 3530 et
3668 3476 3895 3530 cantliav

2288 3574 2457 3628 rides.
2492 3571 2763 3626 Fecerunt
2796 3572 2909 3625 haec
2936 3580 2989 3625 et
3021 3568 3206 3624 Fulvia
3242 3572 3292 3621 in
3326 3569 3667 3633 Ciceroneni,
3693 3579 3757 3623 et
3790 3568 3891 3623 lle-

2287 3666 2474 3721 rodias
2524 3665 2575 3719 in
2620 3664 2928 3719 Joannem:
2963 3664 3091 3733 quia
3137 3662 3421 3716 veritatem
3474 3676 3581 3715 non
3635 3669 3894 3729 poterant

2286 3759 2500 3825 audire,
2531 3767 2585 3813 et
2618 3757 2853 3827 linguam
2884 3757 3220 3825 veriloquain
3246 3754 3603 3809 discriiiiinali
3625 3769 3730 3808 acu
3762 3771 3891 3810 eon-

2288 3850 2563 3905 foderunt.
2596 3851 2768 3903 Canes
2798 3849 2994 3903 latrant
3027 3863 3122 3917 pro
3150 3847 3388 3901 dominis
3413 3847 3551 3909 suis,
3586 3856 3642 3901 et
3672 3856 3729 3900 tn
3784 3861 3887 3902 non

2286 3945 2366 3998 vis
2395 3960 2478 3999 me
2502 3944 2699 3999 latrare
2731 3957 2829 4012 pro
2855 3940 3114 3996 Christo?
3141 3940 3488 4009 Scripscrunt
3513 3940 3665 3993 multi
3697 3950 3891 3995 contra

2285 4038 2637 4103 Marcionem,
2676 4036 3024 4092 Valentinum
3051 4077 3064 4098 ,
3098 4036 3313 4100 Arium,
3360 4044 3416 4089 et
3461 4032 3821 4089 Eunomiuni.
3848 4036 3891 4090 Α

2284 4149 2392 4204 quo
2437 4133 2516 4187 eis
2571 4131 2782 4200 objecta
2830 4140 2916 4186 est
2970 4129 3291 4199 turpitudo?
3317 4128 3507 4183 Nonne
3539 4131 3635 4184 toti
3670 4130 3724 4184 in
3752 4147 3890 4186 con-

2284 4226 2550 4283 vincenda
2578 4224 2771 4280 liieresi
2804 4225 3202 4279 incnbueruut?
3230 4223 3351 4279 Ista:
3384 4222 3651 4279 machina:
3699 4222 3889 4279 inere-

2286 4323 2538 4385 ticoruiii,
2572 4318 2626 4373 id
2658 4328 2762 4382 est,
2793 4317 3174 4388 magistrorum
3205 4324 3425 4371 tuorum
3473 4323 3611 4375 sunt,
3650 4323 3705 4366 ut
3747 4330 3893 4369 eon-

2283 4416 2412 4471 vieti
2459 4414 2527 4470 de
2578 4412 2826 4484 perfidia,
2876 4413 2942 4467 ad
2997 4412 3285 4467 maledicta
3331 4426 3392 4467 se
3438 4407 3743 4466 conferant.
3796 4408 3891 4466 Sic

2284 4508 2601 4563 Eustathius
2645 4505 3017 4561 Antioizlienus
3040 4506 3365 4575 episcopus,
3395 4513 3416 4542 ο
3454 4503 3593 4557 lilios
3620 4501 3751 4557 dum
3789 4520 3888 4560 ite-

2282 4602 2420 4668 scit,
2468 4600 2691 4656 invenit.
2740 4599 2831 4655 Sic
2874 4597 3208 4655 Atlianasins
3272 4596 3665 4654 Alexandrinae
3729 4597 3883 4653 urbis

2284 4692 2557 4764 pontifex,
2611 4693 2828 4747 tertiam
2860 4690 3076 4746 Arseuii
3106 4689 3405 4761 amputavit
3454 4704 3698 4744 manum.
3733 4688 3884 4745 Duas

2280 4791 2425 4845 enim
2457 4788 2546 4857 qui
2595 4795 2841 4842 mortuus
2885 4785 3034 4855 prius
3077 4786 3413 4855 ﬁngebatur,
3445 4783 3639 4837 vivens
3691 4793 3887 4851 postea

2279 4881 2481 4938 habere
2504 4887 2838 4935 monstratus
2859 4886 2963 4933 est.
3010 4877 3159 4932 Talia
3193 4888 3247 4932 et
3266 4874 3632 4944 condiscipuli
3697 4874 3777 4929 tui
3831 4880 3886 4928 et

2279 4974 2524 5047 magistri
2553 4987 2696 5029 nunc
2725 4972 2794 5027 de
2824 4969 3068 5040 ejusdem
3106 4969 3371 5025 Ecclesia:
3421 4967 3714 5024 sacerdote
3750 4982 3884 5021 con-

2272 5155 2416 5227 quod
2466 5161 2572 5218 est,
2609 5152 2868 5227 Qualget
2915 5152 3109 5227 dixeris
3136 5151 3569 5227 tierbitnt,_tale_et
3597 5148 3805 5227 audies.

2350 5238 2373 5265 ο
2413 5227 2621 5283 Auctor
2649 5234 2733 5279 est
2756 5224 3154 5285 Theodorelus,
3182 5224 3469 5279 Eusebium
3494 5220 3881 5277 Niciiniedien-

2276 5316 2390 5355 sem
2422 5314 2543 5351 eum
2580 5298 2705 5350 aliis
2732 5296 2949 5351 Arianae
2978 5295 3279 5362 impietatis
3324 5294 3650 5350 satellitibus
3682 5295 3885 5346 Antio-

2277 5372 2453 5427 cliiam
2488 5370 2723 5431 venisse,
2753 5378 2917 5436 atque
2954 5368 3026 5420 ibi
3068 5367 3332 5421 conducta
3367 5365 3706 5427 muliercula,
3755 5376 3880 5436 qua:

2281 5459 2395 5497 rem
2424 5458 2545 5496 cum
2580 5434 2861 5493 Eusmtltio
2888 5438 3163 5506 Episc0pii
3188 5437 3463 5498 habuisse.
3490 5453 3554 5491 ex
3588 5451 3765 5506 eoque
3798 5434 3880 5487 in-

2281 5515 2484 5568 fantem
2509 5511 2841 5579 suscepisse,
2872 5504 3031 5579 qiieiii
3062 5504 3318 5563 uberibus
3348 5504 3879 5579 admovebat,_d_ice-

2278 5596 2383 5651 ret,
2414 5600 2538 5639 eum
2587 5574 2782 5639 fecisse
2830 5574 3047 5650 deponi.
3087 5580 3382 5645 Socrates,
3427 5580 3638 5634 tametsi
3675 5574 3878 5632 Sabel-

2275 5650 2512 5711 liaiiisuii
2548 5670 2712 5709 causa
2772 5653 3115 5708 Eustatliiuin
3148 5650 3463 5709 abdicatum
3508 5658 3720 5715 narret,
3765 5660 3875 5702 non

2278 5732 2511 5784 obscure
2539 5725 2871 5782 calumniam
2897 5724 3151 5782 adulterii
3182 5723 3379 5779 innuit.
