4054 6384
143 375 242 433 ἇ89
1115 372 1466 431 APOLOGIA
1505 370 1872 430 ADVERSUS
1912 368 2160 425 LIBROS
2199 366 2451 424 RUFINI.
3329 370 3464 452 490~

149 493 385 562 ﬁngunt:
432 499 490 544 et
538 503 694 557 auro,
742 490 797 545 id
848 497 954 558 est,
986 488 1095 545 tuis
1145 499 1474 558 tuorumque
1521 487 1733 542 viribus
1759 491 1804 549 Α
1839 486 2061 539 [animus
2094 485 2243 539 valde
2269 482 2569 553 imprudens
2596 491 2690 535 est.
2726 481 2827 548 Qui
2860 483 3208 537 calumniatur
3249 502 3441 557 paupe-

148 590 450 655 Oppugnant
478 583 599 640 ﬁdei
630 584 940 640 veritatem.
968 583 1108 652 Quid
1133 583 1324 653 loquar
1346 583 1411 636 de
1435 581 1730 644 haereticis,
1836 595 1965 642 rem,
2003 577 2204 632 lacessit
2247 579 2494 645 [actorem
2537 575 2670 641 eius.
2716 573 2922 645 Lingua
2963 575 3274 645 sapientium
3315 576 3446 629 bona

150 681 237 752 qui
269 681 390 734 licet
417 678 549 734 foris
580 681 713 745 sint,
747 688 929 735 tamen
963 694 1024 733 se
1051 677 1338 733 nominant
1366 674 1734 730 Christianos?
1839 669 1994 735 novit,
2020 677 2067 722 et
2090 684 2144 720 os
2166 666 2445 721 stultorum
2470 665 2781 738 pronunciat
2807 666 3023 718 malum.
3066 664 3157 718 Vir
3182 666 3446 718 animosus

151 774 444 829 Adversum
477 772 865 843 impiissimos,
894 771 1111 827 Celsum
1142 780 1306 840 atque
1332 767 1696 838 Porphyrium
1717 806 1733 832 ,
1841 770 1994 830 parat
2035 760 2174 814 rixas
2208 775 2224 813 :
2255 767 2302 812 et
2347 758 2642 811 immundus
2681 766 2756 810 est
2792 757 2935 825 apud
2961 756 3128 810 Deum
3158 759 3324 812 omnis
3364 759 3454 829 qui

151 865 331 938 quanti
376 866 645 935 scripsere
677 865 1027 919 ηοειιιοι-ιηηζ)
1056 861 1190 931 Quis
1220 861 1420 916 omissa
1449 875 1610 915 causa
1635 901 1648 919 ,
1683 859 1736 912 in
1842 852 2034 905 exultat
2067 867 2158 904 cor
2184 866 2356 904 suum.
2391 849 2582 903 Manus
2610 850 2787 902 manui
2830 849 3056 920 inferens
3096 851 3313 918 injuste,
3348 867 3453 903 non

149 958 421 1030 superﬂua
466 958 752 1014 criminum
802 957 1118 1030 obiectione
1157 963 1411 1011 vel-salus
1440 954 1564 1009 est?
1609 952 1741 1020 Qua;
1846 944 1938 995 erit
1964 943 2271 1014 impunitus.
2316 941 2418 1007 Qui
2446 940 2617 1010 diligit
2651 941 2829 1006 vitam,
2862 942 3028 1012 parcit
3059 943 3137 995 ori
3173 959 3287 996 suo.
3323 942 3456 997 Ante

151 1068 256 1109 ηοη
307 1050 510 1106 charta;
541 1048 970 1114 Ecclesiasticm,
1004 1049 1099 1104 sed
1131 1048 1306 1104 libelli
1359 1047 1560 1102 debent
1602 1043 1744 1114 judi-
1847 1039 2205 1092 contritionem
2228 1039 2475 1111 prlecedit
2501 1040 2835 1106 contumelia,
2863 1050 2908 1092 et
2934 1049 3054 1094 ante
3083 1042 3288 1096 ruinam
3316 1043 3458 1096 mala

151 1160 271 1200 cum
303 1143 608 1199 οοηιίηει-θ,
644 1146 754 1198 Aut
784 1141 913 1214 quid
969 1141 1164 1207 refert,
1195 1141 1238 1195 si
1287 1154 1448 1195 causa
1479 1137 1660 1202 cadas,
1692 1144 1748 1192 ει
1847 1130 2112 1198 cogitatio.
2150 1130 2250 1197 Qui
2292 1131 2526 1200 obﬁrmat
2572 1129 2749 1183 oculos
2781 1147 2923 1196 suos,
2966 1133 3160 1201 cogitat
3193 1149 3455 1205 perversa,

152 1235 382 1307 crimine
411 1235 682 1305 superes?
709 1234 826 1289 Non
859 1248 1086 1290 necesse
1115 1239 1218 1298 est,
1253 1241 1310 1285 ut
1340 1246 1462 1286 cum
1502 1228 1747 1300 periculo
1850 1230 1899 1275 et
1919 1230 2159 1292 provocat
2185 1221 2334 1275 labiis
2359 1224 2468 1276 suis
2492 1224 2664 1275 omnia
2697 1220 2852 1274 mala.
2889 1221 3052 1275 Labia
3083 1225 3230 1277 stulti
3261 1225 3460 1278 ducunt

154 1330 229 1385 tui
257 1329 450 1399 capitis
497 1344 742 1384 accuses.
774 1331 895 1384 Uno
942 1341 1267 1398 percussore
1293 1324 1584 1388 conducto,
1615 1324 1749 1378 satis

153 1432 308 1491 pOIeS
339 1418 516 1475 facere
548 1419 820 1475 desiderio
867 1427 979 1473 tuo.
1013 1418 1082 1472 Et
1112 1417 1424 1472 scandalum
1473 1416 1669 1470 timere
1701 1424 1751 1470 te

151 1513 403 1578 simulas,
437 1512 526 1584 qui
558 1511 758 1567 dudum
787 1511 1033 1576 fratrem,
1066 1526 1210 1565 nunc
1239 1517 1576 1575 accusatum,
1609 1523 1755 1562 sem-

156 1619 255 1675 per
287 1604 589 1670 inimicum,
624 1619 685 1660 es
711 1611 929 1674 paratus
959 1603 1230 1658 occidere.
1269 1603 1335 1656 Et
1378 1613 1561 1656 tamen
1595 1601 1758 1673 570

153 1698 348 1764 miror,
383 1696 658 1767 quomodo
691 1696 852 1750 homo
883 1695 1120 1764 prudens
1145 1738 1160 1763 ,
1193 1695 1377 1750 lurore
1405 1704 1718 1764 praeventus
1741 1734 1755 1759 ,

154 1790 294 1847 velis
327 1789 458 1844 mihi
487 1789 813 1845 beneﬁcium
845 1789 1110 1854 tribuere,
1143 1798 1203 1843 ut
1227 1789 1425 1843 educas
1450 1787 1517 1843 de
1541 1802 1761 1842 carcere

1853 1330 1970 1366 eum
2007 1314 2060 1366 in
2101 1314 2262 1376 mala,
2296 1324 2343 1366 et
2371 1330 2427 1368 os
2469 1318 2645 1367 audax
2675 1322 2891 1366 mortem
2931 1314 3158 1368 invocat.
3195 1313 3464 1387 Malignus

1854 1406 1930 1458 vir
1959 1405 2124 1458 multa
2155 1405 2465 1458 detrimenta
2495 1406 2742 1472 patietur.
2783 1405 2973 1459 Melior
3020 1417 3094 1460 est
3123 1423 3317 1477 pauper
3347 1409 3465 1477 jus-

1857 1510 1960 1566 tus,
1994 1516 2145 1568 quant
2171 1499 2394 1552 mendam
2423 1499 2582 1553 dives.
2614 1497 2796 1552 Gloria
2819 1509 2889 1553 est
2923 1501 3057 1565 viro,
3089 1502 3178 1570 qui
3209 1502 3394 1554 avertit
3414 1517 3470 1555 se

1858 1607 1888 1643 a
1910 1589 2195 1644 maledictis
2228 1608 2245 1644 :
2284 1592 2372 1659 qui
2399 1601 2569 1644 autem
2594 1593 2784 1644 stultus
2810 1601 2906 1653 est,
2941 1591 3130 1645 talibus
3161 1609 3215 1644 se
3253 1591 3469 1664 obligat.

1863 1681 1992 1736 Noli
2018 1699 2200 1736 amare
2221 1681 2516 1748 detrahere,
2549 1700 2610 1736 ne
2637 1684 2936 1736 eradiceris.
2965 1683 3152 1737 Suavis
3180 1695 3253 1737 est
3277 1685 3474 1740 homini

1861 1784 2010 1853 panis
2033 1782 2323 1847 mendacii;
2353 1791 2529 1854 postea
2554 1780 2857 1852 implebitur
2877 1797 2930 1834 os
2961 1784 3073 1852 ejus
3104 1781 3328 1835 calculo.
3366 1783 3472 1850 Qui

153 1881 396 1936 animam
445 1896 659 1948 meam,
712 1891 768 1937 et
814 1897 918 1936 non
953 1883 1177 1952 patiaris
1208 1893 1386 1936 tecum
1419 1882 1472 1936 in
1526 1880 1766 1936 tenebris
1797 1874 1843 1934 Β
1872 1885 2113 1944 operatur
2161 1874 2430 1928 thesauros
2477 1873 2659 1941 lingua
2705 1872 2961 1926 mendacii
3001 1871 3108 1944 [AL
3162 1870 3471 1946 mendacis],

155 1972 319 2044 hujus
347 1973 537 2028 saeculi
569 1973 922 2030 commorari.

228 2063 319 2120 45.
355 2063 634 2120 Ηίιινριὶεἱε
662 2082 766 2120 ηοη
795 2075 998 2136 poterat
1031 2081 1264 2135 parcere.
1293 2095 1364 2104 —
1391 2065 1487 2120 Vis
1515 2080 1646 2134 ergo
1682 2080 1769 2120 me

154 2156 385 2211 tacere?
413 2154 492 2210 Ne
525 2170 776 2212 accuses.
827 2157 1049 2226 Depone
1093 2156 1334 2225 gladium
1361 2197 1376 2222 ,
1414 2166 1468 2211 et
1500 2171 1600 2228 ego
1640 2173 1769 2213 scu-

157 2256 275 2303 tum
305 2248 588 2317 abjiciam.
620 2249 681 2302 In
708 2263 818 2302 uno
845 2248 944 2302 tibi
977 2249 1293 2304 consentire
1333 2263 1440 2303 non
1472 2258 1683 2318 potero,
1718 2257 1776 2303 ut

153 2356 390 2412 parcam
436 2339 736 2408 haereticis,
777 2350 835 2394 ut
877 2356 963 2395 me
1007 2341 1338 2396 catholicum
1375 2355 1481 2396 non
1524 2341 1772 2410 probem.

159 2433 222 2490 Si
255 2435 364 2486 ista
420 2440 506 2486 est
546 2446 711 2488 causa
755 2431 1068 2499 discordiae,
1116 2432 1254 2486 mori
1303 2447 1523 2502 possum
1551 2474 1566 2499 ,
1597 2442 1779 2490 tacere

153 2539 272 2581 non
323 2538 579 2594 possum.
616 2524 922 2579 Debueram
953 2523 1174 2595 quidem
1205 2524 1275 2580 de
1304 2525 1454 2579 omni
1499 2525 1778 2594 Scriptura

157 2626 274 2672 tua:
321 2616 562 2671 insaniae
604 2615 940 2685 respondere
960 2657 974 2681 ,
1002 2626 1056 2671 et
1089 2616 1289 2671 divinis
1317 2617 1546 2672 vocibus
1575 2617 1629 2671 in
1661 2632 1778 2673 mo-

155 2708 293 2765 dum
331 2705 512 2762 David
538 2705 920 2762 citharizantis
969 2706 1013 2774 (l
1051 2707 1184 2780 Reg.
1217 2707 1296 2778 vr)
1339 2708 1510 2763 lenire
1539 2707 1779 2764 furorem

158 2800 414 2873 pectoris
459 2799 572 2865 tui;
615 2799 711 2854 sed
754 2807 1052 2855 contentus
1083 2814 1180 2853 ero
1213 2800 1375 2855 unius
1426 2800 1552 2855 libri
1593 2801 1783 2870 paucis

156 2889 540 2956 testimoniis,
573 2899 629 2946 et
664 2905 938 2960 opponam
966 2889 1292 2961 sapientiam
1323 2891 1611 2958 stultitiae;
1652 2901 1711 2946 ut
1738 2892 1782 2946 si

159 2983 414 3040 humana
466 2983 824 3051 contemnis,
881 2983 1075 3039 saltem
1131 2983 1316 3038 divina
1360 2999 1468 3040 non
1517 2985 1780 3055 negligas.

156 3076 310 3134 Audi
357 3076 561 3147 igitur,
605 3075 737 3146 quid
773 3075 844 3131 de
875 3086 950 3143 te,
976 3085 1032 3131 et
1063 3077 1132 3131 de
1172 3077 1427 3133 omnibus
1460 3077 1679 3142 invidis,
1721 3092 1786 3132 ac

158 3167 470 3224 maledicis
514 3174 570 3222 et
605 3166 1024 3222 contumeliosis
1069 3166 1325 3237 loquatur
1363 3169 1580 3238 sapiens
1625 3168 1785 3224 Salo-

1873 1984 2004 2020 vana
2054 1977 2299 2030 sectatur,
2357 1977 2404 2020 et
2442 1968 2607 2020 veniet
2654 1967 2708 2019 in
2748 1964 2956 2035 laqueos
3006 1967 3206 2020 mortis.
3244 1965 3312 2021 In
3351 1984 3477 2021 aure

1873 2059 2019 2114 stulti
2047 2058 2153 2112 noli
2183 2060 2465 2130 quidquam
2502 2059 2694 2120 dicere,
2728 2073 2790 2110 ne
2817 2059 2950 2124 [erle
2992 2058 3245 2111 irrideant
3273 2060 3480 2128 sapien-

1879 2164 1950 2207 tes
1972 2169 2231 2207 sermones
2261 2162 2395 2206 tuos.
2428 2150 2588 2207 Clava
2609 2160 2656 2204 et
2678 2148 2885 2221 gladius
2907 2158 2954 2203 et
2975 2152 3167 2223 sagitta
3191 2152 3484 2219 perniciosa

1879 2255 2033 2308 sunt;
2064 2247 2138 2299 sic
2167 2255 2214 2298 et
2244 2247 2341 2312 vir,
2375 2245 2464 2315 qui
2494 2253 2674 2298 contra
2709 2243 2931 2296 amicum
2955 2259 3108 2296 suum
3139 2242 3331 2310 falsum
3359 2243 3487 2297 dicit

1884 2337 2248 2391 testimonium.
2297 2336 2443 2391 Sicut
2467 2352 2582 2390 aves
2614 2336 2842 2400 avolant,
2878 2346 2925 2389 et
2953 2351 3225 2406 passeres;
3253 2337 3331 2389 ita
3364 2353 3481 2390 ma-

1885 2429 2132 2483 ledictum
2172 2445 2359 2483 vanum
2395 2445 2497 2482 non
2528 2429 2849 2500 superueniet
2891 2429 2990 2481 illi.
3031 2427 3160 2482 Noli
3181 2432 3490 2501 respondere

1885 2520 2201 2593 imprudenti
2227 2521 2296 2574 ad
2326 2521 2727 2592 imprudentiam
2769 2525 2908 2593 ejus,
2945 2538 3008 2575 ne
3045 2523 3228 2576 similis
3260 2525 3305 2577 ei
3345 2525 3440 2588 [ias
3470 2540 3488 2578 :

1887 2611 1977 2666 sed
2010 2613 2262 2684 responde
2302 2611 2462 2667 stulto
2493 2614 2560 2666 ad
2595 2614 2867 2667 stultitiam
2902 2617 3036 2685 ejus,
3068 2630 3130 2668 ne
3155 2616 3254 2668 sibi
3286 2616 3491 2687 sapiens

1888 2719 1997 2758 esse
2036 2705 2289 2759 videatur.
2321 2705 2423 2770 Qui
2467 2705 2751 2759 insidiatur
2795 2706 2976 2759 amicis
3029 2709 3160 2774 suis,
3207 2724 3321 2760 cum
3357 2709 3496 2762 risus

1890 2797 2068 2866 fuerit,
2100 2797 2224 2850 dicit
2253 2813 2272 2850 .·
2303 2795 2512 2850 Ludens
2539 2798 2660 2866 feci.
2690 2797 2957 2851 Craticula
2983 2798 3316 2864 carbonibus,
3358 2812 3404 2855 et
3433 2799 3500 2854 li—

1893 2905 1995 2958 gna
2030 2889 2158 2959 igni,
2203 2899 2250 2943 et
2297 2891 2374 2943 vir
2404 2892 2685 2944 ntaledicus
2715 2893 2783 2944 ad
2829 2890 3110 2944 tumultum
3160 2893 3307 2946 rixae.
3345 2893 3405 2947 Si
3445 2903 3495 2946 te

1893 2982 2149 3051 rogaverit
2187 2982 2427 3036 inimicus
2458 2991 2594 3049 tuus,
2638 2999 2853 3053 parcens
2891 3000 3010 3037 voce
3040 3001 3248 3056 magna,
3283 2995 3344 3038 ne
3373 3001 3499 3038 con-

1891 3073 2086 3126 sentias
2121 3075 2167 3127 ei
2193 3089 2210 3127 :
2237 3084 2430 3144 septem
2473 3077 2609 3129 enim
2640 3076 2882 3144 nequitia:
2911 3085 3031 3129 sunt
3063 3078 3115 3130 in
3146 3079 3322 3131 anima
3361 3083 3496 3150 ejus.

1897 3169 2080 3223 Gravis
2111 3179 2182 3224 est
2210 3171 2362 3240 lapis,
2403 3182 2450 3223 et
2488 3171 2570 3224 vix
2595 3172 2864 3242 portabilis
2891 3188 3080 3238 arena;
3108 3173 3198 3226 sed
3223 3175 3303 3226 ira
3335 3172 3496 3244 572

157 3277 295 3317 mon
326 3278 341 3314 :
377 3259 703 3330 lnsipientes
733 3258 857 3312 dum
880 3259 1091 3331 injuriis
1123 3260 1294 3331 cupidi
1320 3271 1462 3324 sunt,
1492 3262 1637 3332 impii
1664 3262 1788 3332 facti
1814 3258 1860 3321 C
1893 3264 2040 3317 stulti
2063 3265 2268 3332 grauior
2296 3273 2534 3334 utroque,
2573 3265 2794 3320 crudelis
2822 3275 2896 3319 est
2918 3267 3228 3339 indignatio,
3259 3278 3308 3322 et
3348 3278 3503 3320 acuta

161 3355 403 3408 oderunt
432 3367 666 3407 sensum.
703 3349 788 3404 Ne
815 3351 1083 3423 fabriceris
1121 3352 1177 3405 in
1203 3353 1426 3405 amicum
1454 3361 1600 3406 tuum
1630 3353 1790 3406 mala.

156 3449 234 3506 Et
263 3467 336 3505 ne
372 3445 675 3502 inimiceris
710 3444 981 3499 adversum
1008 3446 1264 3499 hominem
1289 3447 1402 3499 sine
1428 3463 1605 3500 causa.
1633 3446 1795 3518 Impii

157 3543 422 3599 exaltant
463 3537 848 3592 contumeliam.
893 3535 1216 3592 Circumcide
1252 3557 1283 3592 a
1312 3550 1360 3593 te
1388 3555 1442 3594 os
1472 3555 1706 3610 pravum,
1749 3549 1795 3592 et

159 3634 360 3702 iniqua
385 3629 539 3684 labia
564 3628 716 3699 longe
738 3628 930 3700 repelle
958 3630 1047 3682 abs
1078 3638 1126 3683 te
1155 3645 1174 3683 :
1202 3630 1377 3684 oculos
1406 3631 1797 3697 contumeliosi,

161 3728 424 3799 linguam
467 3722 669 3792 iniqui,
708 3737 894 3775 manus
933 3721 1261 3793 effundentes
1303 3725 1602 3796 sanguinem
1638 3725 1794 3797 justi,

161 3835 258 3875 cor
290 3817 581 3885 fabricans
620 3814 956 3885 cogitationes
1006 3816 1192 3882 malas,
1227 3825 1274 3869 et
1308 3817 1460 3889 pedes
1499 3818 1800 3887 festinantes

162 3911 235 3964 ad
280 3905 764 3979 malefaciendum.
802 3905 905 3970 Qui
949 3906 1132 3960 nititur
1160 3907 1448 3972 mendacio,
1487 3911 1650 3978 pascit
1682 3925 1802 3963 ven-

161 4013 270 4069 tos,
298 4009 356 4056 et
410 3999 656 4069 sequitur
685 4013 803 4052 aves
831 3998 1080 4052 volantes.
1129 3996 1417 4069 Dereliquit
1445 4000 1550 4072 [AL
1583 4002 1804 4056 derelin-

161 4094 308 4168 quit]
322 4095 479 4150 enim
494 4091 602 4146 vias
613 4092 772 4145 vinea:
781 4106 909 4157 suae,
924 4101 970 4145 et
985 4107 1109 4146 axes
1125 4094 1341 4148 cultura:
1353 4109 1462 4147 sua:
1475 4094 1593 4165 fecit
1605 4110 1803 4148 errare.

161 4187 544 4245 Perambulat
582 4184 789 4239 aridum
835 4199 895 4236 ac
933 4184 1221 4251 desertum,
1254 4196 1302 4242 et
1346 4186 1542 4258 colligit
1572 4187 1807 4242 manibus

161 4283 278 4338 suis
305 4280 683 4336 sterilitatem.
716 4275 788 4329 0s
814 4276 1048 4345 procacis
1077 4280 1350 4349 appropiat
1378 4281 1720 4348 contritioni;
1760 4290 1807 4335 et

161 4377 263 4448 qui
289 4377 522 4447 profert
558 4367 854 4429 maledicta,
888 4364 1227 4421 stultissimus
1255 4378 1349 4425 est.
1387 4379 1413 4407 ³
1443 4371 1630 4426 Anima
1656 4373 1809 4426 bene-

161 4469 320 4523 dicta
343 4463 536 4520 omnis
559 4458 780 4530 simplex
805 4457 882 4511 vir
908 4472 928 4511 :
954 4456 1232 4512 Animosus
1257 4460 1556 4516 inhonestus
1582 4472 1675 4518 est.
1707 4463 1813 4516 Per

161 4559 383 4616 delicta
419 4555 690 4609 labiorum
730 4550 914 4604 incidit
943 4550 998 4604 in
1033 4550 1278 4620 laqueum
1303 4562 1562 4624 peccator.
1611 4553 1812 4610 Itinera

1897 3357 1976 3410 ira
1998 3367 2044 3410 et
2072 3359 2213 3410 zelus
2243 3358 2515 3429 impatiens
2541 3367 2640 3411 est.
2674 3355 2875 3429 Impius
2901 3360 3254 3414 calumniatur
3299 3375 3500 3429 paupe-

1898 3465 2016 3503 res:
2037 3461 2082 3502 et
2105 3450 2419 3519 quiconﬁdit
2443 3451 2495 3503 in
2513 3450 2680 3504 cordis
2701 3451 2925 3504 audacia
2952 3451 3061 3523 [AL
3090 3450 3352 3522 avaritia],
3377 3450 3502 3504 stul-

1903 3541 2129 3594 tissimus
2161 3550 2257 3594 est.
2297 3539 2477 3594 Totam
2507 3543 2638 3594 iram
2665 3559 2813 3596 suam
2841 3543 3035 3614 profert
3068 3544 3317 3615 insipiens
3361 3559 3379 3596 :
3416 3558 3501 3594 sa-

1901 3634 2048 3704 piens
2072 3633 2338 3703 dispensat
2376 3634 2427 3686 in
2453 3643 2648 3704 partes.
2707 3632 2876 3687 Filius
2905 3634 3071 3686 malus
3097 3633 3302 3704 gladios
3327 3631 3502 3686 dentes

1904 3729 2070 3796 habet,
2103 3739 2148 3782 et
2177 3728 2371 3782 cultros
2401 3729 2588 3795 molas,
2618 3737 2672 3781 ut
2697 3738 2960 3782 consumat
2990 3728 3222 3796 inﬁrmos
3248 3727 3311 3779 de
3339 3734 3505 3793 terra,

1901 3831 1950 3875 et
1986 3838 2236 3894 pauperes
2280 3837 2345 3875 ea:
2381 3819 2670 3874 hominibus
2695 3818 2876 3890 (Prov.
2913 3835 2973 3886 ι,
3006 3834 3156 3881 xvm,
3199 3827 3244 3872 et
3277 3817 3372 3882 al.,
3397 3834 3502 3871 sec.

1904 3916 2093 3989 LXX).
2147 3917 2246 3971 llis
2295 3930 2428 3986 ergo
2474 3914 2668 3969 doctus
2714 3912 2998 3982 exemplis.
3053 3911 3198 3964 nolui
3253 3911 3509 3968 mordere

1907 4010 2273 4074 mordentem,
2307 4023 2410 4062 nec
2439 4008 2614 4062 vicem
2657 4006 2874 4061 talionis
2924 4003 3229 4074 implodere
3260 4020 3274 4055 :
3311 4007 3505 4060 malui-

1906 4118 2014 4170 que
2044 4101 2308 4155 insaniam
2332 4107 2624 4154 excantare
2657 4097 2957 4164 furibundi,
2982 4104 3037 4151 et
3067 4097 3229 4150 unius
3259 4094 3387 4148 libri
3414 4111 3513 4150 an-

1911 4193 2140 4249 tidotum
2175 4199 2444 4247 venenato
2489 4190 2690 4259 pectori
2733 4189 3020 4244 infundere
3067 4187 3176 4260 [Αι.
3213 4188 3508 4260 inserere].

1911 4285 2017 4342 Sed
2041 4299 2236 4341 vereor
2264 4301 2330 4338 ne
2361 4283 2492 4338 nihil
2529 4283 2840 4354 proﬁciens,
2879 4282 3011 4338 illud
3045 4282 3356 4337 Davidicum
3385 4298 3516 4338 can-

1910 4388 2030 4434 tare
2067 4379 2388 4448 compellar,
2428 4387 2485 4432 et
2543 4377 2627 4432 his
2664 4393 2749 4431 me
2796 4375 3149 4432 sermonibus
3198 4375 3512 4433 consolari:

1913 4470 2142 4525 Alienati
2179 4478 2298 4523 sunt
2325 4478 2618 4541 peccatores
2657 4485 2689 4520 a
2721 4467 2890 4533 vulva,
2921 4477 3216 4519 erraverunt
3256 4467 3318 4519 ab
3345 4477 3514 4524 utero.

1917 4561 2103 4617 Locuti
2146 4571 2266 4616 sunt
2304 4561 2459 4631 falsa,
2503 4564 2649 4632 furor
2677 4558 2784 4611 illis
2814 4557 3091 4611 secundum
3124 4559 3518 4614 similitudinem

159 4655 492 4712 stultorum
535 4657 674 4702 τεοῖο
703 4645 761 4698 in
799 4652 1072 4717 εοηδΡεσία
1117 4661 1232 4699 ὅπου
1278 4645 1484 4700 smnus
1521 4647 1699 4702 eadem
1731 4649 1814 4704 die
1839 4655 1892 4715 D
1917 4657 2169 4728 serpentis
2193 4673 2212 4710 :
2232 4657 2364 4710 sicut
2389 4656 2586 4726 aspidis
2604 4653 2794 4716 surdaz,
2822 4660 2870 4705 et
2899 4653 3181 4707 obturantis
3203 4672 3350 4709 aures
3373 4671 3516 4720 suas,

163 4743 428 4804 ostendit
493 4739 628 4792 iram
672 4754 839 4791 suam.
889 4737 1216 4792 Abominatio
1267 4748 1343 4792 est
1388 4737 1630 4805 Domino,
1679 4740 1818 4796 labia

166 4834 511 4896 mendacia.
552 4830 652 4896 Qui
677 4830 898 4884 custodit
923 4847 979 4883 os
1001 4847 1173 4895 suum,
1205 4839 1373 4884 servat
1395 4832 1622 4886 animam
1645 4848 1814 4887 suam.

169 4932 246 4987 Et
277 4931 380 5003 qui
419 4925 742 4979 temerarius
784 4933 856 4976 est
894 4923 1067 4988 labiis,
1109 4925 1312 4978 terrebit
1352 4926 1596 4997 seipsum.
1646 4925 1820 4980 Malus

170 5041 304 5080 cum
342 5014 685 5073 contumelia
714 5016 819 5088 agit
849 5013 1007 5082 mala,
1039 5025 1088 5068 et
1113 5016 1365 5087 insipiens
1388 5019 1634 5087 expandit
1665 5019 1819 5073 mali-

175 5116 314 5171 tiam
341 5125 542 5167 suam.
577 5108 786 5172 Qutcres
813 5109 951 5178 apud
979 5108 1140 5161 malos
1167 5110 1498 5177 sapientiam,
1532 5120 1580 5164 et
1610 5128 1711 5164 non
1740 5110 1822 5165 in-

176 5213 392 5267 venies.
431 5203 575 5260 Suis
609 5202 874 5256 itineribus
901 5202 1219 5256 saturabitur
1244 5205 1562 5259 temerarius.
1602 5204 1824 5275 Sapiens

180 5299 445 5358 timendo
470 5295 706 5349 declinat
727 5295 944 5349 malum.
971 5296 1177 5350 Stultus
1202 5298 1464 5365 conlidens
1495 5300 1736 5353 miscetur
1755 5299 1823 5352 ei.

178 5392 586 5467 Longanimus
617 5388 693 5441 vir
715 5387 874 5459 571
905 5388 1092 5442 multus
1123 5389 1174 5442 in
1205 5393 1477 5460 prudentia
1514 5401 1588 5446 est
1616 5410 1636 5448 :
1667 5390 1830 5463 pusil-

267 5615 296 5644 ιι
342 5596 670 5659 Fortassis,
695 5603 896 5650 mutata
923 5594 1383 5662 interpunctione,
1408 5594 1694 5664 legendum
1713 5605 1826 5649 est:

187 5677 402 5734 Anima
445 5667 726 5738 benedicta
764 5667 928 5720 onmis
961 5667 1179 5738 simplex
1209 5683 1227 5719 :
1261 5664 1667 5738 Viranimosus,
1719 5675 1830 5720 etc.

189 5750 396 5806 Locus
444 5745 548 5795 est
573 5737 831 5811 Proverb.
867 5753 944 5802 x1,
978 5740 1048 5792 ‘25
1076 5756 1094 5811 :_
1129 5741 1287 5808 Ψυχὴ
1308 5737 1633 5811 εὐλογουμὲνη
1682 5743 1837 5793 πᾶσα

191 5821 372 5878 διπλῆ.
402 5811 527 5883 Ubi
580 5809 628 5862 id
663 5825 873 5879 quoque
896 5809 1212 5883 notandum,
1245 5807 1483 5862 verbum
1514 5807 1841 5883 'si’iloyoopat

195 5892 299 5951 hic
325 5889 408 5946 ab
439 5881 819 5951 Hieranymo,
846 5889 905 5934 ut
933 5895 963 5933 a
985 5880 1086 5935 SS.
1113 5881 1531 5950 Chrysostomo,
1558 5879 1755 5936 humil.
1775 5879 1845 5936 16

519 5974 804 6037 Ρλτιοι.
850 5971 1069 6039 XXIII

1921 4764 2036 4817 qua:
2063 4765 2163 4800 non
2191 4749 2372 4800 audiat
2402 4762 2570 4800 vocem
2602 4744 2996 4808 incantantium,
3029 4752 3076 4796 et
3111 4747 3318 4815 veneﬁci
3343 4747 3524 4800 incan-

1925 4839 2080 4892 tantis
2125 4839 2402 4907 sapienter.
2458 4838 2590 4889 Deus
2631 4845 2854 4888 conteret
2905 4835 3080 4888 dentes
3129 4854 3305 4891 eorum
3347 4839 3399 4891 in
3437 4855 3526 4893 ore

1925 4933 2192 5001 ipsorum;
2220 4931 2386 4983 molas
2403 4927 2608 4981 leonum
2632 4927 2915 4996 confringet
2934 4925 3185 4980 Dominus
3212 4928 3318 4999 [AL
3337 4927 3524 4999 Deus].

1927 5021 2008 5075 Ad
2048 5022 2268 5074 nihilum
2303 5018 2588 5081 devenient,
2635 5027 2894 5085 tamquam
2920 5035 3055 5086 aqua
3089 5019 3388 5072 decurrens.
3431 5019 3529 5073 ln-

1931 5113 2093 5167 tendit
2133 5126 2314 5164 arcum
2355 5123 2530 5171 suum,
2577 5108 2738 5160 donec
2794 5108 3142 5177 infirmentur.
3202 5108 3347 5164 Sicut
3392 5126 3529 5176 cera,

1931 5219 2047 5274 qua:
2086 5203 2227 5273 ﬂuit,
2259 5204 2560 5270 auferentur
2586 5214 2605 5252 :
2632 5201 2967 5270 supercecidit
2993 5201 3147 5274 ignis,
3179 5211 3226 5256 et
3260 5219 3362 5255 non
3398 5203 3537 5257 vide-

1933 5305 2053 5351 runt
2074 5295 2234 5348 solem
2257 5290 2431 5356 (Psal.
2458 5306 2583 5357 Lvn,
2614 5294 2647 5346 4
2669 5290 2831 5363 seqq).
2858 5292 2921 5348 Et
2953 5295 3149 5349 iterum
3185 5311 3197 5348 :
3255 5293 3539 5349 Laztabitur

1928 5393 2128 5464 justus,
2151 5404 2270 5442 cum
2306 5387 2486 5442 viderit
2529 5385 2808 5440 vindictam
2845 5388 3121 5457 impiorum
3150 5404 3171 5442 :
3196 5403 3380 5441 manus
3415 5404 3538 5444 suas

1931 5593 1986 5648 in
2010 5592 2302 5658 Joannem,
2336 5600 2389 5647 et
2427 5591 2722 5646 Ambrosio
2749 5590 2844 5643 lib.
2877 5589 2946 5644 de
2971 5587 3123 5644 Isaac
3152 5599 3208 5644 et
3242 5590 3457 5660 Anima,
3487 5609 3542 5649 ο.

1935 5665 1993 5731 ‘2,
2023 5665 2074 5718 in
2094 5679 2259 5720 sensu
2285 5665 2498 5730 passivi»
2525 5663 2696 5731 accipi
2722 5662 2903 5715 minus
2927 5673 3082 5731 apte,
3103 5662 3148 5731 si
3180 5675 3286 5714 non
3305 5663 3369 5715 ad
3391 5681 3546 5720 inen-

1941 5730 2048 5791 lem
2079 5745 2180 5791 τῶν
2213 5733 2375 5796 LXX,
2409 5736 2599 5790 saltem
2633 5730 2697 5785 ad
2751 5731 3035 5786 veritatem
3069 5730 3409 5788 Hebraicam.
3439 5737 3546 5795 Be-

1945 5807 2208 5863 nedicere
2239 5806 2520 5864 idiotismo
2550 5803 2818 5861 llebraico
2846 5811 2931 5858 est
2954 5803 3304 5859 benefacere.

2935 5967 3011 6033 16
