4036 6322
569 211 675 277 tot
1818 215 1882 271 s.
1927 206 2195 273 unseen
2234 216 2618 273 menonvsu
3774 199 3884 272 ‘99

566 330 758 386 Iuvabit
785 330 838 381 in
875 326 1128 396 sanguine
1166 325 1471 394 peccatoris.
1504 324 1572 380 Et
1601 326 1734 381 dicet
1766 328 1920 383 homo
1948 345 1966 384 :
1991 330 2034 383 si
2071 330 2175 383 uti-
2282 341 2334 386 te
2362 346 2550 402 pacem
2582 329 2832 401 diligere.
2867 346 2884 380 ι
2917 329 2996 384 Ad
3039 328 3182 399 quod
3216 325 3456 383 breviter
3485 327 3833 398 respondebo
3866 342 3882 383 :

565 440 663 493 (με
689 431 761 474 est
787 423 989 491 [ructus
1027 423 1177 491 justo
1202 460 1219 487 ,
1269 421 1444 490 utique
1472 430 1546 475 est
1579 419 1721 476 Deus
1742 423 1994 494 judicans
2015 440 2098 477 eos
2119 423 2173 477 in
2281 421 2338 478 Si
2370 438 2557 493 pacem
2605 422 2910 487 desideras,
2940 437 3092 477 arma
3135 421 3372 490 depone.
3406 417 3714 475 Blandienti
3756 429 3882 489 pos-

563 523 702 568 terra
731 509 926 581 (Ibid.,
953 510 1068 581 Η).
2282 530 2401 570 sunt
2429 515 2800 586 acquiescere,
2823 530 2927 570 non
2956 514 3124 568 timeo
3148 513 3601 568 comminantem.
3634 512 3716 568 Sit
3735 511 3882 569 inter

636 603 728 660 4t.
776 603 834 658 ln
866 613 1108 659 extrema
1132 604 1375 674 Epistola
1406 605 1602 662 scribis
1625 622 1788 662 manu
1814 615 1902 662 tua
1931 625 1942 662 :
1979 627 1997 659 ‹
2031 609 2174 679 Opto
2283 622 2382 664 nos
2408 623 2516 663 una
2544 607 2699 673 lides,
2732 615 2788 661 et
2812 606 2962 662 illico
2985 621 3089 676 pax
3111 617 3390 677 sequetur.

633 786 678 834 Ν
682 788 776 834 ota.
810 780 937 848 Huic
958 781 1240 848 Hieronymi
1262 791 1433 834 contra
1457 781 1712 848 Ruﬁnum,
1737 785 1895 834 Ruﬁni
1915 792 2083 836 contra
2103 786 2454 848 Hieronymum
2479 785 2765 848 Apologtam
2790 785 3002 848 subiicit,
3029 785 3078 832 in
3096 784 3386 848 appendice,
3413 783 3705 848 Vallarsius.
3730 785 3881 837 Nobis

570 857 713 904 vero,
749 845 862 911 quia
885 841 1245 911 Ruﬁnianorum
1270 859 1476 908 operum
1499 841 1936 911 locupletissimam
1960 850 2230 897 editionem
2251 841 2454 898 in'tomo
2479 841 2780 911 praecedenti
2805 841 3104 911 recudimus,
3128 841 3250 896 satis
3271 841 3506 897 erit'illuc
3530 847 3770 900 lectorem
3798 864 3881 900 re.

566 919 768 967 vocare,
794 910 891 956 non
912 909 1007 970 jam
1026 908 1090 956 de
1125 908 1298 958 lacuna
1332 915 1480 971 quam
1497 909 1580 959 hic
1600 908 1735 961 inter
1771 915 2004 961 numeros
2030 912 2256 960 crassiori
2275 908 2566 961 cbaractire
2592 922 2858 974 expressos
2883 909 3281 958 animadvertere
3309 915 3386 959 est
3420 911 3770 971 aporiaturum.

588 1074 3162 1097 Μ

703 1263 814 1337 ΙΝ
887 1262 1110 1349 SEQ.
1193 1262 1726 1338 DIALOGOS
1793 1264 2248 1336 CONTRA
2324 1261 2992 1337 PELAGIANOS
3068 1263 3746 1337 ADMONITIO.

616 1617 665 1671 l.
686 1616 788 1671 Vix
807 1615 931 1670 dum
947 1612 1276 1684 Origcniana
1292 1611 1515 1683 perfidia
1533 1627 1742 1684 quaqua
1764 1614 1937 1682 patuit
1958 1612 2302 1668 Christianus
2319 1612 2468 1667 Orbis
2483 1612 2732 1667 damnata
2749 1654 2762 1678 ,
2784 1613 2982 1668 Hieron
2993 1629 3115 1685 ymo
3130 1614 3376 1669 cervices
3388 1611 3732 1676 subdiderat,
3753 1627 3878 1668 cum

563 1708 747 1766 subito
778 1707 1130 1779 Pelagianam
1155 1707 1355 1764 bellum
1401 1705 1688 1771 cmrdere,
1720 1705 1996 1760 Ecclesias
2028 1705 2136 1759 late
2162 1707 2465 1775 pervagari,
2499 1715 2796 1776 natumque
2819 1707 2956 1762 adeo
2989 1707 3248 1762 riionstris
3269 1707 3541 1762 elidendis
3568 1707 3862 1762 doctorem

563 1807 886 1870 maximum,
932 1801 1148 1857 tametsi
1173 1802 1288 1872 jam
1321 1802 1476 1856 senio
1516 1802 1851 1863 confectum,
1899 1809 1956 1854 ut
1999 1801 2050 1853 itt
2083 1801 2253 1853 aciem
2278 1799 2658 1864 descenderet,
2692 1801 2933 1855 excitare
2962 1819 2974 1854 :
3001 1809 3058 1854 ut
3096 1801 3274 1868 nulla,
3321 1801 3536 1868 opinor,
3589 1800 3711 1854 laus
3749 1816 3878 1854 um-

568 1914 729 1972 quam
759 1905 906 1952 esset
927 1896 1189 1966 jugulatm
1221 1897 1514 1958 haereseos,
1541 1908 1644 1962 qua
1670 1892 1762 1946 ille
1783 1900 1877 1946 aut
1899 1892 2050 1946 solus
2078 1905 2184 1945 non
2219 1889 2537 1956 donaretur,
2566 1900 2658 1945 aut
2679 1892 2909 1960 primus.
2933 1892 3340 1946 Exsecrabilem
3374 1890 3674 1945 doctrinam
3707 1905 3874 1960 quam

559 1994 750 2050 Roma-
785 1993 1053 2047 didicerat
1081 2007 1111 2045 a
1138 1989 1330 2042 Ruﬁno
1360 1986 1595 2058 quodam
1627 1987 1766 2058 Syro
1801 1985 2072 2056 Pelagius,
2107 1984 2453 2039 PalmSIinam
2484 1986 2795 2054 importavit
2820 1987 2968 2039 circa
3011 2001 3211 2039 annum
3246 1984 3451 2039 Christi
3495 1983 3618 2048 “2,
3645 1994 3702 2039 et
3742 1985 3873 2039 llic-

556 2088 849 2158 rosolyma:
878 2084 1085 2146 docuit,
1123 2082 1212 2137 ubi
1262 2090 1546 2137 annuente
1577 2081 1698 2150 ejus
1733 2080 1883 2134 urbis
1915 2081 2172 2149 episcopo
2201 2077 2430 2142 Joanne,
2476 2094 2646 2149 usque
2679 2079 2816 2133 adeo
2851 2078 3102 2147 profecit,
3136 2087 3193 2132 ut
3218 2090 3407 2134 essent
3431 2079 3520 2148 qui
3553 2093 3652 2132 suo
3676 2077 3747 2132 de
3778 2091 3878 2133 no-

564 2181 713 2236 mine
737 2180 1161 2249 appellarentur.
1194 2176 1415 2231 Summa
1448 2176 1723 2229 hmreseos
1748 2189 1842 2242 per
1869 2172 1920 2227 id
1952 2171 2214 2242 temporis
2237 2171 2353 2226 haec
2385 2172 2728 2237 erat,"Posse
2760 2172 3010 2226 homines
3032 2172 3150 2227 sine
3182 2184 3405 2240 peccato
3427 2186 3550 2227 esse
3581 2175 3624 2226 si
3659 2171 3868 2228 velint:

565 2278 771 2333 Divina:
797 2276 987 2345 gratiae
1021 2271 1408 2327 necessitatem
1450 2268 1666 2323 arbitrii
1710 2267 1948 2322 libertati
1979 2267 2204 2320 officere
2233 2281 2244 2316 :
2281 2276 2356 2330 et,
2390 2265 2535 2335 quod
2582 2265 2781 2319 minori
2813 2264 2994 2320 studio
3035 2266 3262 2333 videtur.
3290 2275 3416 2320 tunc
3458 2266 3651 2320 saltem
3694 2267 3874 2334 jactu-

561 2378 703 2434 tum,
736 2367 855 2424 Non
884 2380 1005 2422 esse
1033 2364 1311 2419 traducem
1343 2363 1575 2432 percuti.
1619 2359 1984 2431 Hieronymus
2018 2360 2068 2412 in
2095 2358 2269 2425 llbl‘lS,
2303 2374 2439 2426 quos
2463 2359 2531 2412 ab
2563 2374 2628 2413 eo
2654 2367 2907 2427 tempore
2935 2359 3264 2426 elaboravit,
3298 2360 3542 2414 maxime
3572 2357 3875 2414 Commen-

566 2465 721 2520 tariis
753 2463 806 2517 in
829 2460 1127 2516 Jeremiam
1161 2454 1538 2512 detestandam
1573 2454 1887 2524 superbiam
1918 2453 2214 2522 suggillare
2243 2459 2460 2520 arrepta
2489 2453 2782 2507 occasione
2815 2467 2922 2508 non
2963 2453 3192 2520 destitit;
3224 2455 3317 2510 sed
3341 2454 3654 2508 noniinibns
3687 2455 3874 2508 cont-i-

559 2570 673 2612 nuo
717 2555 978 2625 pepercit,
1021 2565 1159 2622 (ιιιςιε
1184 2565 1268 2604 eos
1313 2549 1486 2602 mallet
1517 2547 1732 2614 corripi,
1768 2562 1921 2615 quam
1949 2544 2213 2613 infamari.
2246 2541 2445 2597 Verum
2490 2553 2612 2611 post
2640 2542 2816 2599 ferme
2871 2545 3172 2610 biennium,
3206 2557 3261 2600 et
3295 2546 3382 2600 vix
3416 2545 3597 2616 primo
3639 2545 3786 2602 libro
3821 2549 3872 2602 in

567 2648 847 2702 laudatum
903 2643 1235 2713 PrOphetam
1277 2639 1516 2708 expleto,
1568 2637 1768 2706 stylum
1803 2647 1993 2690 contra
2036 2635 2351 2688 lnereticuzn
2387 2634 2551 2699 acuit,
2585 2633 2844 2704 deditque
2865 2634 3208 2705 Ctesiphonti
3237 2635 3567 2704 epistolam,
3609 2653 3777 2706 quam
3821 2639 3872 2691 iu

573 2735 746 2808 priori
774 2744 921 2789 torno
944 2733 1264 2787 excudimus
1296 2729 1396 2784 sub
1427 2742 1656 2782 numero
1685 2727 1801 2789 155,
1825 2725 1877 2778 in
1909 2740 2010 2794 qua
2047 2734 2224 2778 iratam
2249 2741 2278 2779 c
2310 2733 2556 2779 veterum
2580 2725 2890 2781 Stoicorum
2911 2727 3158 2783 fontibus
3181 2732 3425 2786 ἀπαθείαν
3453 2731 3788 2801 itajugulat,
3819 2733 3874 2786 ul

569 2839 753 2882 tamen
791 2826 893 2880 nisi
920 2825 1236 2880 velitationc
1266 2823 1353 2875 illa
1393 2820 1638 2875 haeretici
1692 2818 2103 2886 resipiscerent,
2131 2817 2482 2873 conditurum
2515 2833 2574 2871 se
2607 2820 2775 2874 libros
2804 2821 3110 2886 minitetur,
3152 2824 3352 2893 quibus
3385 2825 3568 2895 impire
3612 2825 3874 2882 factionis

563 2922 848 2978 cuniculos
877 2934 1068 2974 omnes
1089 2919 1458 2974 subverteret.
1485 2917 1563 2970 Re
1598 2917 1710 2985 ipsa
1751 2915 1890 2968 haud
1919 2913 2093 2968 multo
2140 2925 2262 2984 post
2299 2925 2519 2986 rogatus
2552 2931 2582 2969 a
2614 2916 2874 2974 fratribus
2905 2930 3012 2975 tres
3059 2919 3229 2974 hosce
3259 2920 3434 2975 libros
3461 2920 3730 2990 evolgavit
3766 2963 3779 2986 ,
3819 2922 3870 2974 in

555 3019 755 3088 quibus
780 3015 1066 3070 Socratico
1091 3028 1244 3068 more
1276 3028 1340 3067 ex
1367 3019 1594 3081 utraque
1620 3021 1772 3080 parte
1797 3009 1924 3077 quid
1961 3025 2058 3078 pro
2091 3007 2286 3063 lmrcsi
2310 3010 2391 3064 vel
2421 3022 2610 3064 contra
2641 3011 2744 3066 dici
2769 3023 2954 3082 posset
2979 3023 3282 3082 exponens,
3316 3014 3484 3069 Attici
3515 3022 3571 3068 et
3595 3012 3871 3068 Critobnli

560 3124 830 3183 personas
859 3107 1077 3162 induxit
1108 3121 1292 3161 secum
1317 3105 1548 3160 invicem
1573 3105 1965 3173 disceptantes,
1998 3113 2128 3160 utet
2151 3104 2515 3160 orthodoxam
2543 3109 2738 3177 dogma
2763 3110 2967 3164 clarius
2990 3115 3318 3179 exponeret,
3349 3119 3403 3164 et
3425 3110 3746 3166 lta‘reticunt
3777 3111 3871 3165 im-

564 3209 836 3277 pugnaret
866 3201 1083 3256 fortius.
1111 3198 1229 3255 Hoc
1255 3196 1502 3253 versibus
1534 3196 1958 3266 elegantissimis
1988 3195 2044 3252 S.
2085 3197 2320 3268 Prosper
2346 3197 2533 3253 Carm.
2559 3199 2634 3253 de
2653 3199 2888 3270 ingratis
2917 3201 3179 3272 praz'dic'at
3208 3219 3221 3254 :

1490 3358 1628 3423 :llunc
1655 3358 1804 3423 etiam
1830 3355 2026 3423 B_ethlc_1i
2053 3355 2274 3423 praselari
2293 3360 2501 3407 nominis
2526 3360 2726 3423 hospes,

1489 3416 1704 3482 Hebraeo
1732 3418 1873 3468 simul
1902 3426 1952 3482 et
1977 3416 2151 3482 Graio,
2173 3418 2409 3482 Latioque
2437 3416 2678 3471 venustus

1489 3481 1718 3546 ﬁloquio,
1745 3478 1932 3546 morum
1949 3478 2263 3546 exemplum,
2291 3478 2562 3546 mundique
2587 3486 2846 3546 magister,

1491 3542 1825 3600 lltsnonvstus,
1851 3543 1985 3591 libris
2010 3542 2148 3593 valde
2177 3542 2544 3594 exCellentibus
2568 3542 2760 3595 hostem

1483 3604 1752 3664 Dissecuit,
1781 3606 2011 3666 noscique
2036 3605 2188 3665 dedit,
2215 3615 2312 3666 quo
2333 3609 2534 3656 turbine
2559 3620 2724 3656 veram

1490 3666 1693 3717 Vellent
1715 3672 1902 3716 exorta:
1926 3665 2089 3716 lucem
2111 3665 2380 3718 obscurare
2405 3670 2653 3718 tenebrae.

631 3852 687 3906 2.
731 3854 970 3913 Annum,
999 3859 1108 3918 quo
1134 3840 1322 3912 scripti
1353 3850 1500 3910 sunt,
1529 3859 1594 3897 ex
1638 3841 1814 3896 Orosii
1848 3841 2074 3912 Hispani
2107 3843 2438 3914 presbyteri,
2469 3847 2564 3915 qui
2599 3856 2726 3901 tunc
2755 3846 2825 3898 ad
2856 3843 3162 3920 Hieronymi
3203 3851 3356 3920 pedes
3387 3853 3541 3918 sedit,
3595 3851 3865 3926 ApolOgia

556 3945 682 4001 licet
717 3943 982 4006 ediscere;
1010 3939 1165 4006 cujus
1192 3948 1407 4005 quoque
1431 3949 1650 3991 causam
1677 3933 1937 3990 brevibus
1967 3949 2258 4003 exponam,
2291 3946 2348 3990 ut
2375 3936 2534 3990 simul
2560 3938 2856 4010 intelligas,
2889 3953 3011 4010 quae
3037 3955 3137 4010 per
3161 3943 3214 3996 id
3243 3946 3508 4014 temporis
3557 3958 3707 4003 esset
3755 3964 3850 4003 or-

562 4039 815 4094 thodoxae
840 4032 1130 4089 sententia:
1175 4028 1337 4096 ratio,
1369 4031 1490 4098 quis
1517 4044 1699 4084 rerum
1732 4036 1906 4082 status
1931 4039 2095 4097 atque
2127 4027 2282 4094 ordo,
2317 4039 2551 4099 quantas
2581 4032 2750 4096 vires,
2783 4045 2996 4101 quosve
3013 4034 3116 4089 sibi
3147 4037 3360 4091 animos
3387 4039 3715 4108 sumpsisset
3746 4040 3860 4094 Ιιτυ-

556 4133 715 4188 resis.
743 4131 878 4185 Cum
921 4127 1155 4182 nutltum
1177 4125 1234 4178 in
1272 4131 1560 4193 utramque
1592 4134 1802 4194 partem
1833 4124 2030 4195 agitata
2053 4123 2281 4194 quaestio
2305 4124 2374 4180 de
2403 4125 2612 4195 origine
2643 4127 2839 4182 animo:
2868 4129 3002 4184 viris
3031 4131 3442 4187 Ecclesiasticis
3463 4135 3750 4204 negetium
3783 4134 3862 4189 fa-

554 4236 818 4291 cesseret,
845 4238 914 4277 ne
939 4220 1144 4276 diutius
1166 4217 1497 4272 ﬂuctuarent
1532 4218 1749 4288 ingenia
1769 4259 1784 4282 ,
1811 4217 1870 4273 S.
1897 4219 2230 4287 Augustinus
2258 4220 2654 4274 consulendum
2695 4224 2912 4278 censuit
2944 4227 3244 4281 maximum
3289 4225 3655 4283 Ecciesiarnm
3687 4230 3860 4297 magi-

557 4329 728 4377 strum
759 4318 1178 4387 Hieronymum;
1205 4311 1417 4382 ipsique
1445 4311 1580 4366 adeo
1602 4320 1734 4366 tunc
1757 4310 1896 4380 apud
1921 4326 1981 4365 se
2003 4311 2182 4380 agenti
2201 4310 2397 4366 Oresio
2426 4317 2618 4368 artetur
2633 4314 2757 4380 fuit,
2789 4325 2847 4370 ut
2873 4318 2937 4371 ad
2957 4333 3080 4373 eum
3107 4332 3363 4390 pergeret
3383 4317 3818 4392 Hierosolymam
3837 4363 3851 4387 ,

555 4429 793 4484 suasque
814 4413 891 4466 illi
913 4407 1243 4466 deferendas
1267 4407 1478 4462 litteras
1505 4405 1655 4460 dedit
1683 4421 1748 4460 eo
1781 4420 1945 4472 super
1963 4416 2306 4475 argumento,
2326 4421 2449 4476 qua:
2480 4407 2529 4460 in
2565 4406 2583 4460 l
2609 4418 2762 4464 tome
2789 4413 3036 4466 numeris
3058 4414 3152 4467 l5l
3183 4414 3239 4468 et
3270 4415 3374 4471 132
3395 4413 3714 4470 exhibemus
3747 4433 3761 4469 :
3790 4415 3858 4470 1i-

551 4511 683 4567 bros
711 4519 922 4576 quoque
952 4505 1014 4558 de
1029 4503 1364 4556 Peccotorum
1381 4501 1573 4554 meritis
1588 4509 1632 4552 et
1656 4499 1971 4564 remissione,
1991 4508 2047 4554 et
2067 4500 2348 4568 epistolam
2370 4501 2436 4553 ad
2453 4500 2746 4568 Hilarium,
2775 4505 2972 4574 quibus
2995 4506 3215 4575 scriptis
3239 4525 3359 4576 quze
3384 4509 3657 4579 Pelagiani
3679 4509 3822 4565 ‘disci
3840 4539 3853 4549 ο

555 4602 667 4672 puli
710 4597 945 4666 atquein
987 4595 1178 4666 primis
1208 4593 1497 4649 Caelestius
1527 4593 1836 4648 clanculum
1865 4591 2176 4648 ell‘utierant
2203 4595 2342 4646 mala
2373 4594 2623 4665 domata
2655 4598 2990 4653 confutabat.
3031 4599 3126 4655 llis
3156 4602 3461 4658 instructus
3500 4605 3852 4658 monimentis

556 4689 947 4760 Hieronymum
984 4686 1120 4740 adiit
1151 4685 1400 4748 Orosius,
1424 4683 1511 4738 cui
1553 4684 1713 4737 etiam
1751 4683 1820 4737 de
1871 4699 1965 4738 ore
2005 4698 2126 4754 quae
2157 4695 2343 4739 contra
2369 4687 2692 4742 Omiestinm
2715 4688 3045 4761 Carthagine
3086 4704 3300 4763 peracta
3325 4695 3540 4751 fuerant
3573 4700 3848 4768 exposuit.

553 4782 823 4840 Continuo
869 4779 935 4835 ad
967 4781 1110 4848 vulgi
1139 4793 1300 4834 aures
1329 4777 1446 4832 haec
1485 4777 1783 4838 devenere,
1827 4777 2180 4846 pluribusque
2218 4777 2569 4849 Hieronymo,
2601 4783 2879 4838 nonnullis
2907 4788 3070 4839 etiam
3117 4787 3340 4859 Pelagio
3393 4791 3850 4860 astipulantibus,

543 4879 797 4934 obortum
828 4872 1117 4930 dissidinm
1148 4880 1252 4935 est,
1283 4871 1429 4941 quod
1450 4869 1688 4925 Joannes
1719 4869 2267 4940 Hierosolymitanns,
2291 4873 2380 4941 qui
2408 4875 2609 4940 primas
2634 4875 2897 4932 heretico
2920 4878 3223 4948 deferebat,
3259 4884 3444 4938 volens
3473 4899 3850 4956 compescere,

546 4971 796 5026 Orosinm
829 4967 1259 5034 llierosoiymam
1300 4962 1520 5027 accivit,
1561 4962 1649 5016 ubi
1679 4962 1886 5018 indicta
1911 4963 2080 5016 totius
2104 4964 2235 5018 cleri
2275 4966 2509 5036 synodo,
2546 4967 2765 5039 Pelagio
2794 4972 2917 5039 ipso
2947 4974 3220 5042 abstante,
3267 4979 3394 5044 quid
3440 4979 3531 5035 ille
3568 4996 3630 5035 ex
3673 4981 3850 5035 Africa

550 5073 739 5118 contra
769 5061 889 5126 ejus
919 5058 1222 5110 doctrinam
1247 5053 1591 5117 advexisset,
1613 5053 1814 5122 quibus
1855 5053 1959 5108 iste
1986 5068 2046 5109 se
2078 5064 2323 5110 tueretur
2349 5062 2708 5127 argumentis,
2733 5078 3008 5133 exponere
3035 5068 3171 5134 jussi
3205 5080 3349 5124 sunt.
3395 5069 3470 5125 Ut
3492 5083 3605 5127 rem
3651 5073 3852 5127 brevis-

547 5154 686 5209 sime
710 5146 1022 5216 expediam,
1070 5142 1322 5212 Pelagius
1360 5141 1544 5210 judice
1577 5157 1712 5235 usus
1755 5157 1977 5198 suarum
2012 5145 2242 5213 partium
2271 5147 2538 5210 studioso,
2570 5164 2791 5220 suaeque
2815 5155 3071 5210 factionis
3102 5161 3515 5232 interpretibus,
3555 5165 3644 5235 qui
3673 5162 3849 5220 'Orosii

549 5245 746 5303 Latine
775 5241 924 5294 dicta
953 5236 1142 5292 Graece
1171 5235 1465 5292 redderent
1495 5234 1725 5290 subdola
1757 5235 1885 5302 ﬁde,
1912 5237 1981 5289 ita
2008 5236 2203 5306 synodi
2229 5237 2488 5305 judicium
2517 5243 2714 5308 evasit,
2745 5256 2802 5299 ut
2833 5249 3196 5316 pet-irn-losam
3219 5253 3486 5308 inuidiam
3517 5234 3851 5312 inaccusan-

548 5347 654 5393 tcm
688 5329 1042 5392 converterit,
1081 5327 1170 5396 qui
1201 5326 1343 5380 edita
1373 5325 1636 5394 Apologia
1665 5327 2038 5393 suspicionem
2069 5328 2343 5384 ιιωτοεροε
2380 5346 2407 5381 a
2453 5345 2511 5384 se
2558 5349 2775 5389 omnem
2803 5351 3025 5395 coactus
3049 5353 3131 5396 est
3164 5358 3441 5402 amovere.
3471 5346 3526 5401 In
3575 5349 3674 5403 hac
3722 5364 3848 5404 vero

548 5427 811 5497 Apologia
851 5417 1304 5492 quemadmodum
1341 5433 1426 5471 res
1455 5426 1604 5484 gesta
1635 5425 1738 5509 est,
1790 5429 1884 5483 per
1919 5415 2162 5509 singulas
2209 5431 2391 5485 partes
2436 5433 2655 5478 enarrat
2702 5425 2969 5496 Hispanus
3010 5432 3332 5504 presbyter,
3372 5445 3536 5507 atque
3577 5439 3846 5509 inprimis

545 5533 764 5590 tempus
788 5517 1059 5585 designat,
1091 5527 1201 5583 quo
1233 5512 1347 5579 ipse
1372 5523 1662 5563 consessus
1683 5507 2208 5599 llierosolymitanus
2239 5520 2321 5563 est
2347 5511 2561 5567 habitus
2604 5533 2615 5567 :
2649 5528 2860 5586 septem
2895 5537 3091 5592 nempe
3116 5534 3168 5578 et
3198 5526 3550 5599 quadraginta
3584 5507 3699 5586 dies
3726 5540 3847 5586 ante

545 5616 777 5683 primam
811 5609 1193 5663 Enen-hiatum
1213 5604 1335 5671 ejus
1367 5600 1551 5669 templi
1579 5600 1745 5652 diem.
1776 5597 1997 5652 Festum
2029 5601 2160 5655 illud
2192 5613 2329 5658 te5te
2357 5604 2666 5677 Nicephoro
2691 5607 2904 5669 ﬂi'st‘ot‘.
2937 5617 3028 5671 lib.
3056 5635 3149 5674 vnt
3179 5621 3232 5674 in
3256 5597 3687 5680 dicmiucidebat
3717 5624 3849 5695 Sep-

546 5703 780 5760 tembris
823 5701 1096 5756 decimum
1121 5707 1401 5768 quartum,
1437 5692 1582 5748 unde
1611 5691 1874 5748 subducta
1918 5695 2129 5751 ratione
2170 5709 2512 5768 compertum
2543 5713 2645 5774 est,
2673 5705 2957 5777 Synodmn
2993 5711 3233 5769 habit-ant
3265 5727 3500 5775 came
3554 5717 3722 5776 ιιιιίο,
