4036 6348
238 293 326 367 t9;
1035 315 1380 377 mawcus
1417 317 1787 380 amusos
1826 323 2281 385 PELAGIANOS.
2315 329 2708 386 ADMONITIO.
3393 333 3498 392 tot

235 443 357 484 anno
385 430 524 489 nihil
554 443 636 490 est
664 431 907 499 dublum.
936 435 1109 506 ipsum
1137 435 1371 510 Intelligi
1407 437 2006 510 quadringentesimum
2040 441 2308 501 decimum
2333 448 2608 516 quintum;
2635 457 2756 501 nam
2790 446 2880 518 qui
2903 445 3004 502 hoc
3033 459 3179 503 anno
3226 445 3510 509 Bethleem

232 523 511 582 advenerat
549 526 794 594 Orosius,
852 529 951 584 sub
976 530 1314 600 insequentis
1353 532 1509 587 verni
1541 544 1753 603 tempus
1787 535 1839 588 in
1874 535 2112 590 Africam
2137 537 2318 592 denuo
2345 539 2527 593 solvil.
2555 538 2672 593 Jam
2700 554 2832 593 vero
2857 541 2959 595 hoc
2991 555 3156 606 anno,
3181 555 3249 594 eo
3299 557 3510 608 mense,

231 615 390 688 deque
422 636 483 675 ea
513 621 718 692 synodo
747 623 993 694 loquens,
1034 634 1226 682 eosne.
1257 624 1456 695 Pelagii
1490 643 1760 693 errorem,
1790 627 2130 699 quod_homo
2155 630 2324 701 possit
2361 631 2618 690 mandata
2652 632 2745 685 Dei
2773 631 2892 687 sine
2918 632 3090 703 gratia
3136 631 3296 687 facile
3333 645 3519 691 custo-

229 710 347 776 dire,
377 713 421 767 si
448 715 599 778 velit,
637 714 769 774 Hoc.
797 716 990 786 inquit,
1026 717 1199 772 beatus
1232 716 1597 790 Hieronymus,
1630 722 1776 787 cujus
1805 722 2067 790 eloquium
2092 725 2357 778 universus
2381 724 2657 790 Occidens,
2687 726 2819 779 sicut
2865 743 2949 780 ros
2979 728 3030 780 in
3063 726 3225 780 vellus
3253 740 3515 796 exspectat

227 802 380 874 (multi
406 807 539 859 enim
562 808 671 880 jam
695 809 920 862 ha’retici
945 825 1060 863 cum
1088 811 1410 881 dogmatibus
1436 813 1546 864 suis
1583 812 1696 881 ipso
1741 823 2076 886 oppugnante
2102 796 2335 886 supplosi
2359 820 2529 888 sunt),
2559 819 2611 872 in
2639 819 2857 887 epistola
2897 837 3011 885 sua,
3053 836 3206 888 quam
3230 838 3394 891 nuper
3439 823 3509 874 ad

69 887 82 954 ἓ
225 896 582 968 Ctesiphontem
633 903 811 968 edidit,
846 906 1236 972 condemnavit;
1285 907 1524 962 similiter
1548 917 1594 962 et
1631 910 1687 962 in
1725 909 1877 973 libro,
1909 927 2057 979 quem
2089 926 2225 966 nunc
2255 913 2427 966 scribit
2476 887 2669 968 collata
2699 915 2751 967 in
2790 916 2999 968 modum
3036 914 3246 985 Dialogi
3288 887 3507 968 alterca-

222 991 334 1044 tione
360 994 614 1063 con/urat.
644 996 832 1068 Neque
862 1014 993 1054 vero
1025 1001 1253 1055 dilatum
1279 1017 1414 1070 OpllS
1435 1003 1486 1055 in
1519 1013 1836 1071 sequentem
1861 1019 2034 1072 usque
2064 1020 2263 1059 annum
2306 1021 2406 1076 par
2445 1015 2533 1061 est
2577 1007 2812 1077 opinari,
2843 1008 3286 1079 quandoquidem
3331 1009 3510 1064 disce-

218 1081 347 1142 denti
369 1083 586 1153 Oresio,
618 1093 674 1148 ut
693 1089 930 1146 diximus
959 1107 1127 1150 verno
1151 1105 1416 1164 tempore,
1451 1094 1661 1151 litteras
1685 1095 1836 1152 dedit
1860 1093 2226 1170 ilieronytnns
2258 1101 2310 1158 in
2345 1110 2526 1155 nostra
2555 1101 2872 1162 recensione
2895 1101 3023 1168 σει,
3052 1099 3120 1162 ad
3145 1103 3508 1172 Augustinum

214 1172 567 1242 perferendas,
599 1181 650 1233 in
672 1181 871 1250 quibus
900 1183 1075 1252 ipsum
1104 1185 1388 1253 alloquens
1418 1186 1824 1256 Hipponiensem
1866 1190 2184 1257 episcotium
2220 1205 2367 1244 num.
2406 1207 2441 1254 I,
2475 1189 2640 1256 Certe,
2674 1190 2875 1261 inquit,
2905 1200 2952 1246 et
2980 1192 3032 1244 in
3066 1190 3312 1264 Dialogo,
3353 1211 3505 1263 quem

212 1279 366 1321 uersu
399 1270 560 1334 edidi,
593 1280 694 1325 tute
731 1273 1081 1348 beatitudinis,
1107 1285 1159 1328 ut
1180 1275 1396 1348 dignum
1421 1277 1612 1344 fuerat,
1639 1295 1751 1330 sum
1777 1279 2092 1345 recordatus.
2120 1279 2234 1342 Hoc
2264 1289 2446 1340 autem
2477 1281 2575 1334 sub
2617 1281 2763 1344 tertii
2789 1279 2915 1342 libri
2941 1282 3124 1345 linem,
3160 1292 3321 1352 atque
3367 1284 3506 1338 adeo

207 1372 362 1427 opere
389 1360 500 1430 jam
534 1361 812 1430 absoluto,
846 1366 1088 1437 scripsit,
1134 1371 1191 1420 ut
1220 1365 1350 1421 nulli
1374 1366 1597 1422 dubium
1631 1369 1701 1423 sit
1729 1369 1948 1424 exeunti
1974 1385 2115 1423 anno
2159 1369 2704 1440 quadringentesimo
2730 1369 2942 1426 decimo
2975 1371 3170 1440 quinto
3203 1372 3334 1428 illud
3384 1388 3508 1429 esse

206 1447 596 1506 ascribendum.

277 1543 328 1599 5.
371 1545 573 1604 Contra
606 1551 784 1607 editos
810 1569 839 1606 a
872 1553 928 1609 S.
967 1553 1202 1609 Doctore
1233 1554 1405 1610 libros
1440 1555 1674 1624 primum
1708 1555 1954 1612 Anianus
1987 1556 2336 1623 Celedensis,
2368 1568 2424 1610 ut
2459 1557 2624 1626 vulgo
2665 1557 2952 1624 scribitur,
2979 1558 3268 1623 diaconus,
3299 1558 3502 1616 deinde

207 1645 590 1714 I’elagiusipse
622 1646 764 1700 haud
794 1648 966 1700 multo
999 1659 1145 1718 post,
1179 1663 1302 1703 cum
1333 1649 1764 1718 Diospolitanam
1793 1647 2165 1714 miserabilem
2216 1648 2486 1721 synodum
2537 1649 2852 1716 fefellisset,
2884 1650 3122 1720 denique
3172 1651 3501 1709 Theodorus

196 1738 614 1808 Mopsuestenus
642 1741 955 1810 episc0pus,
987 1741 1286 1796 traduntur
1317 1744 1514 1812 styium
1548 1743 1792 1796 acuisse.
1828 1741 2029 1795 Verum
2061 1741 2296 1796 Anniani
2330 1750 2386 1796 ct
2413 1741 2642 1812 Pelagii,
2677 1758 2785 1797 non
2817 1742 2952 1808 duo,
2978 1746 3364 1799 utcontmunis
3402 1745 3509 1801 fert

189 1831 397 1898 opinio,
426 1832 520 1886 sed
547 1849 709 1886 unum
740 1844 904 1902 atque
949 1834 1093 1887 idem
1136 1835 1395 1901 scriptum
1417 1876 1430 1900 ,
1466 1833 1608 1903 quod
1641 1833 1840 1894 collata
1869 1848 2034 1903 opera
2067 1833 2499 1899 elaboraverint,
2532 1849 2598 1887 ex
2631 1845 2913 1897 veterum.
2944 1835 3036 1904 qui
3067 1834 3185 1903 ejus
3235 1837 3503 1892 memine-

183 1933 327 1989 runt,
369 1926 697 1978 testimoniis
720 1926 904 1996 colligi
945 1940 1108 1995 posse
1140 1925 1411 1980 videatur.
1454 1927 1761 1979 Annianum
1792 1924 2001 1995 Pelagii
2028 1923 2362 1994 armigerum
2394 1933 2555 1978 vocat
2579 1924 2809 1978 Orosius
2840 1942 2852 1976 :
2887 1922 3027 1986 Stat,
3072 1923 3276 1992 inquit,
3313 1942 3499 1994 super-

180 2015 260 2068 bia
309 2016 720 2069 immanissimus
748 2015 962 2070 Goliath
996 2017 1292 2087 (Pelagius)
1320 2017 1510 2071 habens
1535 2028 1646 2089 post
1678 2034 1730 2070 se
1761 2018 2070 2090 armigerum
2097 2034 2268 2082 suum,
2297 2020 2384 2088 qui
2408 2018 2502 2070 etsi
2534 2017 2643 2086 ipse
2665 2034 2765 2070 non
2809 2018 3020 2070 dimicat
3047 2056 3060 2080 ,
3104 2028 3289 2071 cuncta
3326 2028 3496 2074 tanten

173 2109 291 2161 “teris
320 2118 373 2162 et
401 2108 528 2176 ferri
557 2106 809 2177 suffragia
847 2109 1201 2162 subministrat
1232 2127 1248 2162 :
1294 2108 1657 2178 Hieroaymus
1686 2109 1860 2174 illum,
1891 2111 2054 2178 epist.
2091 2108 2214 2175 “3,
2243 2108 2309 2163 ad
2340 2108 2624 2177 Augustin.
2651 2151 2664 2172 ,
2693 2109 2826 2162 dicit
2860 2107 3224 2178 Copiosissime
3243 2110 3407 2176 pasci,
3443 2122 3498 2164 ut

166 2195 363 2253 alente
391 2199 728 2270 blasphemia:
748 2202 900 2254 verba
933 2201 1121 2270 frivola
1165 2200 1552 2265 subministret;
1580 2199 1893 2254 Gennadius
1923 2212 2024 2253 nec
2057 2198 2304 2252 nominat
2329 2197 2580 2268 quidem;
2625 2196 2830 2268 Pelagii
2863 2206 3044 2252 autem
3075 2199 3270 2268 scripta
3317 2201 3498 2254 heresi

162 2310 278 2348 sum
307 2295 548 2364 [arentia
582 2310 686 2349 non
723 2305 866 2352 tacet
893 2315 907 2351 :
935 2307 1125 2353 contra
1149 2298 1471 2366 Sigebertus
1493 2300 1583 2368 qui
1609 2299 1744 2352 alios
1775 2298 2007 2352 Anniani
2033 2297 2202 2352 libros
2227 2306 2500 2362 recenset,
2529 2313 2668 2366 quos
2698 2307 2886 2353 contra
2914 2295 3308 2366 Hieronymum
3333 2295 3506 2365 serip-

157 2386 330 2450 serit,
371 2399 485 2438 non
527 2387 798 2456 agnoscit.
843 2387 951 2442 Sed
984 2404 1204 2458 qttoquo
1235 2403 1295 2442 se
1330 2389 1490 2442 modo
1529 2402 1618 2442 res
1649 2387 1866 2454 habeat,
1900 2389 2101 2457 scripta
2133 2388 2291 2442 malis
2341 2387 2602 2456 auspiciis
2642 2399 2765 2442 nata
2801 2387 2942 2442 male
2983 2388 3222 2457 perdidit
3269 2385 3498 2455 sequior

162 2489 319 2536 astas.
361 2478 604 2536 Sanctus
639 2481 796 2536 Pater
826 2479 942 2550 ipso
985 2479 1111 2536 dum
1136 2498 1196 2537 ea
1226 2481 1510 2536 confutare
1541 2481 1746 2536 diutius
1774 2480 1978 2545 dill‘ert,
2012 2481 2226 2537 tandem
2255 2483 2609 2552 contempsit,
2641 2485 2792 2554 quasi
2822 2498 3109 2554 personam
3138 2497 3290 2537 suam
3323 2482 3494 2538 dede-

155 2584 318 2630 coret
363 2575 551 2628 nimiis
595 2576 930 2646 ineptissiinis
979 2580 1311 2641 respondere.
1361 2576 1595 2631 Tantum
1641 2577 1950 2648 Augustino
1992 2577 2248 2641 insinuat,
2279 2576 2478 2634 melius
2509 2575 2649 2644 fore,
2684 2577 2728 2631 si
2753 2576 2856 2632 hoc
2885 2577 2981 2633 ille
3009 2577 3240 2640 faceret,
3277 2577 3380 2644 Ne,
3411 2578 3498 2630 ln-
3575 2590 3586 2598 '

155 2673 301 2746 quit,
335 2673 725 2743 compellantur
777 2687 958 2730 contra
982 2677 1284 2731 htcreticum
1315 2686 1494 2732 nostra
1525 2676 1759 2730 laudare.
1797 2675 1968 2730 Porro
2000 2673 2350 2729 Theodorum
2372 2673 2812 2743 Mopsuestcnum
2845 2673 3025 2744 prodit
3051 2672 3363 2742 Pelagiana:
3389 2672 3500 2728 ltis-

150 2763 321 2820 toria:
357 2765 619 2821 conditor
644 2777 1039 2822 conterraneus
1066 2783 1219 2821 meus
1247 2766 1518 2821 Henricus
1541 2765 1692 2820 card.
1719 2765 1968 2820 Norisius
1992 2780 2058 2819 ex
2086 2765 2170 2818 Itis
2197 2762 2378 2817 Photii
2413 2761 2670 2822 Biblioth.
2705 2761 2829 2818 eod.
2859 2763 2958 2817 ll'l
2995 2761 3236 2817 :Lectum
3264 2772 3339 2816 est
3366 2779 3496 2834 opus

141 2847 435 2909 Theodori
469 2854 794 2922 Antiocheni,
822 2856 911 2926 qui
934 2853 1327 2926 Mopsuestenus
1352 2856 1441 2909 ille
1463 2856 1735 2927 episc0pus
1762 2865 1853 2920 est,
1888 2865 1940 2908 ttt
1971 2872 2032 2908 ea;
2055 2855 2170 2928 ejus
2200 2853 2506 2925 quibusdam
2551 2854 2783 2924 epistolis
2830 2853 3149 2924 colligimus,
3187 2853 3284 2906 hoc
3321 2855 3493 2920 titulo,

136 2949 355 3004 Contra
389 2961 730 3014 asserentes,
755 2965 985 3021 peccare
1016 2951 1267 3006 homines
1299 2961 1514 3018 natura,
1543 2965 1651 3004 non
1680 2947 1982 3003 voluntate.
2007 2945 2084 3002 Ea
2105 2947 2385 3018 disputatio
2403 2946 2626 3018 quinque
2647 2946 2792 3000 libris
2814 2944 3116 3013 absolvitur,
3142 2961 3268 3016 quos
3312 2946 3495 3001 adver-

133 3055 227 3102 sus
275 3038 658 3093 Occidentales
696 3044 791 3094 hac
822 3039 934 3095 labe
975 3042 1191 3112 infectos
1218 3042 1446 3114 scripsit.
1495 3038 1629 3093 Inde
1650 3040 1782 3094 enim
1811 3040 2090 3094 oriundum
2139 3037 2351 3092 luci-esis
2381 3039 2534 3109 hujus
2557 3047 2814 3094 auctorem
2846 3039 2895 3092 in
2929 3033 3155 3094 Orientis
3200 3040 3353 3093 modo
3397 3057 3484 3094 re-

123 3133 398 3206 gionibus
435 3134 656 3199 versari,
691 3134 947 3206 librosque
976 3134 1041 3188 de
1065 3151 1241 3188 recens
1265 3151 1295 3186 a
1321 3151 1374 3187 se
1414 3134 1705 3204 excogitata
1731 3133 1911 3188 heresi
1932 3132 2264 3200 compositos,
2301 3131 2371 3184 ad
2408 3131 2684 3204 papulares
2715 3150 2832 3186 suos
2861 3133 2912 3186 in
2944 3135 3168 3201 patriam
3216 3139 3491 3191 transmit-

122 3233 238 3280 tere
265 3235 503 3291 narrat,
533 3236 588 3278 ut
604 3229 720 3293 jam
747 3226 817 3280 ibi
847 3226 1040 3282 multos
1057 3244 1147 3296 per
1174 3227 1307 3281 hanc
1329 3237 1489 3280 artem
1520 3225 1572 3279 in
1596 3242 1738 3279 suam
1770 3224 2072 3294 pertraxerit
2099 3223 2429 3291 sententiam,
2456 3223 2788 3294 integrosque
2816 3224 2943 3279 adeo
2965 3221 3226 3279 Ecclesias
3254 3227 3494 3284 absurdis

109 3315 231 3372 illis
261 3318 541 3372 imbuerit
571 3317 920 3387 opinionibus.
948 3321 1112 3373 Aram
1141 3335 1256 3372 vero
1277 3318 1488 3371 illorum
1515 3315 1761 3370 librorum
1789 3324 2064 3377 auctorem,
2093 3315 2195 3369 sive
2218 3314 2446 3380 nomine,
2472 3313 2575 3368 sive
2605 3314 2909 3386 cognomine
2931 3315 3204 3382 incertum,
3235 3319 3487 3388 appellat.

116 3409 293 3466 Hunc
331 3412 516 3465 etiam
544 3411 780 3479 quintum
811 3412 1132 3484 evangelium
1164 3412 1496 3480 confinxisse,
1530 3409 1760 3480 illudque
1783 3426 1837 3468 se
1867 3410 1918 3462 in
1946 3407 2151 3461 Eusebii
2196 3405 2468 3462 Paltcstini
2497 3407 2814 3462 bibliothecis
2857 3414 3107 3481 reperisse
3133 3410 3205 3464 ait
3241 3428 3257 3464 :
3303 3413 3493 3482 rejecta

103 3517 397 3575 prwtes'ea
463 3503 635 3558 divini
665 3522 725 3557 ac
752 3505 932 3558 veteris
963 3503 1273 3558 Testamenti
1305 3505 1554 3568 t'ersione,
1583 3518 1739 3571 quam
1763 3498 2106 3572 Septuaginta
2134 3502 2438 3566 interpretes
2468 3498 2626 3551 simul
2655 3499 3003 3553 convenientes
3037 3500 3327 3565 ediderunt,
3357 3509 3416 3553 ut
3446 3510 3493 3553 et

103 3597 471 3670 Symmachi
512 3607 560 3650 et
584 3596 786 3665 Aquila:
813 3595 1139 3666 aliorumque
1162 3595 1603 3668 interpretatione,
1639 3593 1904 3664 propriam
1929 3593 2205 3664 quamdam
2233 3607 2380 3652 suam
2414 3606 2698 3661 nouamque
2726 3592 2982 3660 conﬁcere
3014 3610 3217 3659 ausum,
3254 3609 3369 3645 cum
3396 3610 3486 3647 nc-

75 3691 200 3761 'que
247 3687 586 3748 Hebraicis
612 3685 828 3760 lingunt,
863 3696 917 3740 ut
948 3686 1050 3753 illi,
1083 3703 1114 3740 a
1145 3703 1304 3755 puero
1354 3686 1680 3749 assuevisset,
1733 3699 1895 3753 neque
1945 3693 2160 3746 mentem
2214 3683 2276 3738 S.
2315 3682 2605 3753 Scriptura:
2652 3683 2939 3746 didicisset.
2987 3683 3221 3738 llcbrazis
3260 3694 3488 3745 tantum-

75 3781 260 3836 modo
289 3777 653 3851 quibusdam
675 3780 890 3848 abjecta
910 3778 1062 3832 sortis
1091 3778 1146 3831 in
1173 3778 1505 3847 disciplinam
1520 3793 1575 3832 se
1595 3774 1894 3842 tradidisse,
1919 3786 2072 3845 atque
2090 3775 2212 3829 hinc
2232 3775 2504 3846 propriam
2521 3775 2618 3829 sibi
2641 3775 2914 3832 editionem
2928 3775 3148 3832 scribere
3160 3793 3478 3845 aggressum.

62 3877 512 3933 Conviciator
542 3873 838 3927 lmreticus
875 3873 1266 3944 Hieronymum
1290 3887 1586 3943 suppresso
1619 3871 1843 3926 nomine
1895 3868 2213 3924 describere
2257 3868 2460 3923 clarius
2487 3868 2576 3923 vix
2607 3874 2908 3940 potuisset;
2945 3868 3090 3941 quod
3151 3869 3298 3926 enim
3346 3871 3486 3929 Ara-

72 3985 244 4028 nium
277 3976 510 4032 vocat,
541 3978 651 4020 non
680 3961 904 4019 aliunde
933 3962 1150 4020 videtur
1177 3979 1502 4034 esse,quam
1532 3962 1678 4034 quod
1704 3962 1870 4021 homo
1893 3959 2203 4016 Pannonius
2222 3961 2448 4032 degeret
2477 3962 2529 4016 in
2553 3961 2857 4018 Orientem.
2893 3961 3091 4018 Verum
3122 3973 3298 4031 neque
3327 3963 3481 4018 hisce

62 4063 253 4122 libris
285 4063 366 4121 ὃ.
408 4061 651 4118 Doctor
682 4059 1003 4130 reSpondit,
1044 4050 1310 4115 immo'ne
1362 4058 1566 4114 vidisse
1604 4056 1824 4127 quidem
1867 4054 2014 4120 illos,
2056 4065 2146 4108 aut
2180 4055 2408 4110 scivisse
2437 4063 2633 4110 contra
2659 4072 2721 4112 se
2751 4058 2992 4127 scriptos
3031 4055 3304 4112 videatur.
3335 4055 3477 4118 Bur-

51 4175 198 4214 sum
238 4173 385 4214 non
427 4155 562 4210 nisi
597 4153 845 4224 qumdam
881 4169 948 4208 ex
983 4153 1089 4208 illis
1119 4160 1417 4224 supersunt
1442 4160 1724 4222 excerpta,
1752 4159 1877 4220 qua}
1905 4147 2107 4203 Marius
2135 4145 2408 4202 Mercator
2438 4157 2630 4204 contra
2686 4149 3050 4220 Augustinum
3092 4148 3297 4218 scripta
3336 4149 3481 4206 arbi-

53 4264 266 4320 tratus
317 4259 465 4318 est,
499 4263 576 4304 ac
617 4246 812 4304 Latine
855 4263 884 4306 a
911 4263 972 4304 se
999 4247 1213 4307 reddita
1245 4247 1476 4304 inseruit
1505 4242 1964 4300 Commonitorio.

129 4351 204 4405 4.
267 4350 501 4406 Porro
534 4344 686 4402 inter
710 4353 928 4406 ctetera,
961 4357 1084 4412 que
1107 4343 1176 4396 sd
1201 4339 1613 4410 llieronymiaui
1639 4337 1800 4407 huius
1827 4335 2010 4408 Oper-is
2033 4335 2338 4406 augendam
2371 4350 2474 4404 pro
2506 4334 2734 4392 modulo
2771 4344 2962 4390 nostro
2995 4333 3314 4404 dignitatem
3347 4351 3487 4408 prac-

37 4446 379 4509 5titimus,
419 4441 578 4516 ipsa
613 4437 703 4492 illa
734 4436 1148 4507 ἁποσπασμάτια
1174 4449 1240 4488 ex
1283 4433 1457 4488 Mario
1489 4431 1794 4485 Mercatore
1836 4427 2142 4484 Baluziauae
2178 4427 2434 4483 editionis
2473 4427 2578 4482 buc
2613 4425 2870 4482 duximus
2919 4424 3297 4483 transferenda
3355 4442 3483 4500 post

32 4537 449 4608 Dialogum,
494 4542 570 4590 ut
599 4531 785 4587 videas
812 4530 943 4602 quid
975 4538 1168 4586 contra
1214 4526 1522 4597 Pelagiana:
1552 4532 1720 4578 secta:
1751 4522 2144 4580 debellatorem
2170 4521 2302 4593 (cur
2332 4519 2480 4578 enim
2514 4519 2621 4574 hoc
2648 4532 2844 4573 Ol‘llare
2876 4518 3264 4590 Hieronymum
3299 4522 3483 4594 elogio

22 4635 344 4694 dubitem
367 4628 428 4701 7)
461 4627 662 4684 homo
677 4624 770 4696 qui
795 4623 905 4681 sibi
927 4625 1078 4679 solus
1106 4623 1253 4677 scire
1281 4618 1568 4675 videbatur
1589 4617 1956 4685 obstreperet.
1987 4615 2184 4672 Totum
2213 4627 2346 4669 vero
2375 4628 2515 4681 opus
2541 4613 2826 4680 exegimus
2852 4612 2919 4667 ad
2944 4625 3184 4678 veterum
3211 4615 3474 4674 librorum

23 4727 268 4790 iidem,
327 4719 644 4778 maxime
664 4732 798 4772 vero
829 4717 1327 4787 manuscriptorum
1360 4709 1766 4781 Vaticaniﬁ985
1788 4719 1840 4768 et
1873 4708 2238 4778 antiquissimi
2270 4707 2492 4777 Regina.-
2526 4707 2831 4762 Suecorum
2856 4707 2984 4771 288,
3009 4723 3240 4777 quorum
3264 4726 3372 4783 ope
3401 4713 3483 4768 vi-

20 4821 208 4877 liosae
245 4825 477 4872 antea
528 4807 814 4865 lectiones
841 4807 1043 4880 passim
1073 4803 1460 4862 emendantur.
