4054 6380
154 388 264 446 491

1054 387 1399 447 DIALOGUS
1437 387 1811 447 ADVERSUS
1846 385 2302 445 PELAGIANOS.
2345 386 2479 446 LIB.
2518 388 2561 443 1.

3354 392 3462 450 498

154 504 407 561 senserit.
434 504 573 561 lllud
602 514 785 562 autem
813 504 1065 577 Origenis
1096 506 1376 576 proprium
1420 515 1522 575 est,
1558 513 1613 561 et
1642 506 1744 560 im-
1785 514 1840 575 Α
1863 518 2106 571 errores,
2139 518 2242 560 nec
2280 504 2588 574 aliquorum
2638 503 2916 559 infamiam
2948 520 3219 575 quaerere,
3267 510 3460 580 magis-

156 598 420 667 posslbile
448 614 573 655 esse
618 601 909 655 humanam
937 617 966 655 a
994 601 1261 672 principio
1297 616 1473 671 usque
1502 599 1569 655 ad
1610 614 1758 655 tuor-

158 699 290 757 tem,
326 707 433 747 non
476 707 705 762 peccare
733 703 1021 749 naturam:
1056 704 1110 749 et
1138 709 1380 760 rursum,
1413 709 1538 749 esse
1574 694 1755 763 possi-

156 782 289 850 bile,
312 800 435 839 cum
458 800 517 840 se
537 787 731 856 aliquis
754 786 821 842 ad
844 789 1071 842 meliora
1090 788 1447 853 converterit,
1466 786 1530 841 ad
1547 794 1751 842 tantam

157 874 534 933 fortitudinem
571 880 857 947 pervenire
882 881 1046 952 695
1074 892 1133 935 ut
1165 882 1308 935 ultra
1338 890 1363 918 δ
1390 897 1498 936 non
1540 890 1749 953 peccet.

226 968 283 1022 2.
329 967 455 1024 Non
504 972 700 1025 invidia
742 983 933 1028 motus.
963 974 1358 1029 —Adversum
1407 989 1503 1030 eos
1544 984 1749 1043 autem,

153 1060 247 1131 qui
296 1077 384 1117 me
415 1062 603 1118 dicunt
634 1064 737 1120 hoc
781 1081 916 1136 opus
948 1067 1344 1123 inﬂammatum
1378 1067 1595 1123 invidia:
1625 1068 1755 1124 faci-

155 1154 258 1210 bus
304 1155 571 1223 scribere,
619 1159 866 1215 breviter
911 1162 1278 1230 respondebo,
1331 1178 1623 1233 numquam
1668 1178 1754 1219 me

156 1247 433 1305 haereticis
463 1255 798 1322 pepercisse,
831 1264 885 1311 et
909 1256 1059 1311 omni
1089 1258 1269 1327 egisse
1298 1258 1506 1324 studio,
1541 1267 1599 1312 ut
1632 1259 1754 1313 hos-

155 1352 236 1396 tes
268 1342 549 1412 Ecclesiae,
581 1347 688 1402 mei
733 1363 954 1419 quoque
990 1349 1177 1404 hostes
1221 1350 1435 1404 fierent.
1472 1350 1755 1406 Helvidius

152 1430 375 1501 scripsit
389 1445 578 1491 contra
597 1450 803 1493 sanctae
817 1438 1000 1494 Mariae
1020 1440 1387 1511 virginitatem
1406 1452 1747 1511 perpetuam.

152 1521 427 1596 Numquid
477 1538 534 1583 ut
562 1529 610 1584 ei
649 1531 1060 1600 responderem,
1113 1532 1308 1587 ductus
1355 1533 1559 1588 invidia
1605 1550 1750 1603 sum,

149 1628 313 1684 quem
344 1619 573 1674 omnino
601 1621 652 1674 in
681 1636 849 1677 carne
879 1638 986 1677 non
1012 1624 1161 1677 vidi?
1182 1624 1526 1694 Jovinianus,
1550 1624 1752 1696 1tcujus

150 1720 299 1762 nunc
340 1709 562 1765 hmresis
601 1712 925 1781 suscitatur,
956 1715 1259 1772 Romanam
1308 1718 1491 1783 (idem,
1523 1733 1611 1773 me
1657 1719 1752 1774 ab-

146 1812 304 1855 sente
322 1802 576 1871 turbavit,
624 1814 732 1859 tam
766 1807 1005 1878 elinguis
1034 1818 1092 1864 et
1119 1810 1199 1864 sic
1229 1811 1504 1865 sermonis
1553 1811 1746 1880 putidi,

1862 614 1969 669 que
2018 596 2208 653 dolere
2238 602 2414 652 vicem
2463 597 2629 669 696
2671 612 2886 663 eorum,
2930 598 3026 667 qui
3055 599 3176 652 falsi
3225 603 3464 657 nominis

1861 693 2093 748 scientia
2140 692 2579 761 supplantantur,
2627 692 2790 746 Attici
2833 700 2889 746 et
2915 693 3187 749 Critobuli
3236 696 3459 750 nomina

1861 786 2043 857 posui,
2072 800 2170 854 per
2193 798 2330 854 quos
2353 798 2407 838 et
2434 791 2622 837 nostra
2650 798 2774 852 pars
2795 792 2850 838 et
2866 783 3306 840 adversariorum
3330 786 3462 856 quid

1860 877 2108 942 sentiret,
2159 890 2542 947 expromerem
2567 874 2682 947 [AL
2733 875 3165 949 exprimerem].
3192 878 3332 945 Quin
3364 893 3463 949 po-

1863 973 1969 1029 tius
2000 989 2191 1029 omnes
2219 973 2311 1044 qui
2340 972 2664 1028 catholicam
2695 982 2970 1028 sectamur
2995 972 3183 1037 ﬁdem,
3205 985 3460 1047 optamus

1860 1077 1915 1123 et
1960 1068 2209 1135 cupimus
2256 1066 2503 1120 damnari
2544 1066 2824 1133 haeresim,
2865 1066 3113 1123 homines
3141 1068 3449 1126 emendari.

1862 1162 1971 1216 Aut
2012 1168 2161 1215 certe
2206 1159 2250 1213 si
2296 1158 2349 1213 in
2400 1173 2588 1213 errore
2626 1158 2902 1213 voluerint
2939 1175 3284 1230 permanere,
3344 1174 3459 1218 non

1860 1260 2099 1308 nostram
2124 1252 2339 1321 culpam
2366 1265 2489 1306 esse
2509 1251 2599 1318 qui
2628 1250 2970 1321 scripsimus,
2999 1252 3094 1308 sed
3117 1269 3334 1321 eorum,
3359 1254 3458 1325 qui

1860 1342 2203 1399 mendacium
2254 1342 2612 1412 praetulerunt
2663 1342 2899 1397 veritati.
2962 1343 3322 1414 Breviterque
3366 1359 3460 1400 ca-

1861 1436 2279 1491 lumniatoribus
2324 1434 2743 1505 respondemus,
2791 1436 2883 1505 qui
2916 1451 3014 1491 sua
3050 1436 3105 1490 in
3136 1451 3233 1491 eos
3279 1437 3454 1492 male-

1859 1530 2004 1584 dicta
2052 1527 2366 1594 conferunt,
2415 1527 2840 1582 Manichreorum
2891 1541 3017 1582 esse
3067 1536 3090 1563 ο
3140 1528 3455 1596 sententias,

1860 1622 2142 1677 hominum
2173 1622 2434 1675 damnare
2460 1628 2731 1684 naturam,
2763 1627 2820 1673 et
2858 1619 3092 1674 liberum
3120 1617 3338 1674 auferre
3367 1634 3455 1673 ar-

1858 1717 2100 1780 bitrium,
2127 1724 2181 1771 et
2202 1714 2531 1783 adjutorium
2560 1712 2656 1767 Dei
2679 1712 2890 1767 tollere.
2920 1711 3269 1782 Rursumque
3296 1726 3459 1781 aper-

1860 1809 2081 1863 tissima:
2131 1807 2380 1874 insaniae,
2424 1805 2528 1860 hoc
2567 1804 2847 1859 hominem
2890 1803 3096 1869 dicere,
3140 1803 3282 1874 quod
3308 1802 3455 1858 Deus

149 1901 211 1946 ut
242 1895 413 1963 magis
446 1895 827 1953 misericordia
859 1899 1058 1971 dignus
1095 1900 1277 1967 fuerit,
1321 1919 1479 1970 quam
1523 1903 1744 1958 invidia.
1780 1909 1825 1969 Β
1857 1911 1961 1958 est.
1999 1903 2066 1956 Et
2095 1902 2180 1957 sic
2213 1899 2625 1972 ingrediendum
2653 1899 2738 1952 via
2762 1900 2937 1967 regia,
2966 1906 3025 1953 ut
3054 1914 3156 1954 nec
3184 1899 3249 1953 ad
3284 1899 3453 1954 sinis-

148 1984 231 2041 Illi
258 2003 472 2058 quoque
503 1992 761 2061 respondi
787 2002 849 2046 ut
882 1995 1050 2062 potui.
1088 1995 1317 2051 Rufinus
1346 2012 1451 2050 non
1488 1999 1578 2052 uni
1604 1998 1748 2063 urbi,

149 2079 244 2133 sed
275 2080 391 2136 orbi
418 2082 793 2153 blasphemias
821 2086 1079 2158 Origeuis
1102 2099 1157 2143 et
1180 2094 1302 2166 περὶ
1326 2091 1527 2167 ’Δρχῶν
1554 2092 1748 2157 libros,

148 2182 407 2241 quantum
440 2175 492 2228 in
526 2191 585 2230 se
619 2178 736 2241 fuit,
771 2178 955 2231 intulit
990 2179 1102 2233 :ita
1148 2190 1206 2233 ut
1256 2181 1477 2237 Eusebii
1530 2198 1751 2253 quoque

143 2263 379 2332 primum
432 2266 630 2320 librum
684 2267 1035 2325 Defensionis
1086 2270 1342 2340 Origenis
1385 2272 1489 2327 sub
1529 2279 1751 2331 nomine

139 2355 419 2427 Pamphili
449 2362 704 2431 martyris
734 2362 951 2429 ederet,
983 2375 1036 2418 et
1065 2366 1223 2434 quasi
1250 2366 1340 2422 ille
1361 2382 1551 2437 parum
1578 2368 1752 2424 dixis-

139 2455 251 2515 set,
288 2464 490 2505 novum
524 2466 623 2520 pro
655 2468 722 2507 eo
755 2455 1010 2511 volumen
1034 2468 1337 2513 evomeret.
1372 2458 1511 2513 Num
1544 2459 1753 2515 invide-

138 2556 266 2595 mus
289 2543 361 2607 ei,
392 2544 514 2614 quia
546 2547 955 2616 respondimus,
987 2560 1041 2604 et
1075 2559 1222 2604 tanta
1246 2551 1299 2606 in
1326 2567 1393 2607 eo
1419 2553 1749 2623 eloquentia:

139 2634 293 2687 fuere
341 2646 361 2671 ο
411 2636 657 2704 flumina,
692 2649 749 2693 ut
796 2657 883 2695 me
914 2657 941 2694 a
975 2643 1250 2698 scribendi
1295 2652 1455 2714 atque
1503 2645 1746 2701 dictandi

139 2724 323 2779 studio
389 2726 776 2785 deterrerent?
838 2733 1115 2789 Palladius
1179 2737 1393 2791 servilis
1466 2740 1745 2808 nequitiae,

142 2815 170 2852 ἀ
195 2818 444 2874 eamdem
475 2820 728 2878 hrcresint
754 2825 1065 2881 instaurare
1096 2837 1320 2883 conatus
1349 2840 1451 2896 est,
1473 2840 1528 2884 ct
1550 2846 1744 2887 novam

139 2912 519 2969 translationis
536 2915 817 2973 Hebraica:
840 2920 973 2974 mihi
994 2922 1322 2976 calumniam
1348 2932 1586 2979 struere.
1606 2924 1743 2980 Num

139 3011 199 3058 et
229 3004 374 3058 illius
402 3006 625 3077 ingenio
652 3010 1036 3082 nobilitatique
1064 3014 1369 3069 invidemus
1394 3015 1511 3087 [ΑΙ.
1546 3017 1743 3071 invidi-

138 3094 335 3165 mus]?
366 3095 519 3153 Nunc
536 3113 755 3170 quoque
781 3103 1099 3172 mysterium
1129 3104 1429 3175 iniquitatis
1457 3116 1739 3177 operatur,

136 3194 199 3241 et
223 3188 395 3257 garrit
428 3192 808 3262 unusquisque
834 3195 979 3264 quod
1027 3197 1197 3250 sentit
1224 3214 1237 3251 ε
1266 3213 1368 3268 ego
1415 3200 1564 3254 solus
1595 3215 1739 3267 sum,

1861 2004 1999 2051 tram
2054 2010 2153 2050 nec
2198 1995 2264 2049 ad
2314 1993 2561 2049 dextram
2613 1992 2980 2059 declinemus;
3039 1992 3453 2065 appetitumque

1858 2088 2096 2158 propria:
2146 2087 2467 2153 voluntatis,
2519 2085 2615 2140 Dei
2647 2101 2864 2155 semper
2916 2085 3202 2141 credamus
3244 2086 3454 2142 auxilio

1856 2181 2171 2253 gubernari.
2206 2181 2263 2237 Si
2294 2182 2416 2251 quis
2437 2188 2619 2234 autem
2650 2178 2787 2233 falso
2815 2192 2874 2233 se
2899 2178 3151 2234 infamari
3182 2179 3452 2244 clamitat,

1858 2282 1912 2328 et
1939 2273 2204 2342 gloriatur
2236 2281 2419 2328 nostra
2451 2273 2689 2337 sentire;
2722 2280 2851 2325 tunc
2876 2286 3021 2326 vera:
3045 2270 3170 2326 ﬁdei
3203 2270 3457 2340 probabit

1858 2380 2168 2431 assensum,
2198 2379 2319 2419 cum
2353 2375 2541 2435 aperte
2570 2374 2626 2420 et
2652 2365 2856 2435 absque
2876 2364 3004 2419 dolo
3035 2364 3264 2419 adversa
3298 2363 3453 2419 dam.

1857 2456 2102 2512 uaverit:
2131 2472 2197 2510 ue
2227 2456 2415 2510 audiat
2435 2455 2567 2510 illttd
2598 2455 3011 2527 Propheticum,
3042 2454 3111 2508 Et
3141 2456 3194 2508 in
3219 2455 3457 2509 omnibus

1854 2549 1935 2603 his
1966 2559 2169 2603 nonest
2201 2565 2447 2603 conversa
2491 2549 2559 2602 ad
2606 2565 2685 2602 me
2710 2549 3106 2619 prwvaricatria:
3145 2565 3291 2603 soror
3340 2551 3454 2618 ejus

1853 2642 1997 2697 Juda
2019 2661 2081 2699 ea:
2100 2650 2205 2699 toto
2230 2643 2384 2697 corde
2413 2659 2526 2709 suo,
2553 2643 2644 2697 sed
2664 2643 2719 2696 in
2748 2644 3018 2696 mendacio
3037 2639 3265 2710 (Ierem.
3290 2657 3344 2706 v,
3364 2641 3454 2712 7).

1853 2739 2188 2805 Minorisque
2230 2737 2439 2806 peccati
2481 2746 2588 2801 est,
2632 2736 2784 2803 sequi
2818 2736 3027 2791 malum
3058 2734 3205 2806 quod
3245 2735 3452 2790 bonum

1855 2832 2153 2903 putaveris,
2186 2848 2347 2901 quam
2373 2846 2479 2886 non
2510 2830 2713 2886 audere
2734 2830 3057 2897 defendere,
3077 2829 3220 2898 quod
3245 2831 3449 2883 bonum

1853 2938 1951 2992 pro
1992 2933 2144 2978 certo
2176 2923 2415 2977 noveris.
2467 2922 2565 2989 Qui
2599 2922 2797 2987 minas,
2842 2922 3120 2990 injuriam,
3158 2927 3448 2989 pauperta-

1851 3023 1959 3070 tem
1993 3014 2137 3070 ferre
2169 3029 2274 3069 uou
2300 3028 2614 3085 possumus,
2644 3013 2919 3083 quomodo
2947 3012 3193 3067 llanunas
3213 3010 3451 3083 Babylo-

1849 3107 1937 3162 nis
1964 3107 2087 3179 [ΑΙ.
2120 3106 2485 3177 Babylonias]
2511 3107 2827 3161 vincemus?
2858 3106 3011 3173 Quod
3041 3106 3244 3161 bellum
3268 3120 3454 3161 serva-

1847 3200 1948 3265 vit,
1984 3215 2089 3268 pax
2137 3201 2258 3254 ficta
2305 3213 2414 3253 nou
2462 3199 2691 3254 auferat.
2742 3197 2884 3252 Nolo
2928 3200 3120 3253 timore
3152 3197 3442 3269 perfidiam

137 3282 235 3352 qui
264 3293 588 3338 cunctorum
620 3285 792 3354 gloria
827 3287 1111 3353 mordear;
1139 3298 1193 3343 et
1224 3298 1333 3344 tam
1358 3290 1544 3358 miser,
1575 3302 1631 3345 ut
1658 3292 1744 3347 his
1771 3295 1816 3357 C
1850 3293 2085 3356 discere,
2135 3306 2258 3348 cum
2286 3307 2477 3348 veram
2503 3291 2664 3347 tidem
2710 3306 2846 3347 meae
2882 3290 3133 3347 Christus
3160 3289 3449 3361 reliquerit

135 3390 361 3447 quoque
390 3376 681 3442 invideam,
708 3379 799 3448 qui
828 3395 932 3433 nou
966 3391 1242 3438 merentur
1271 3384 1555 3439 invidiam.
1583 3384 1741 3441 Unde

138 3479 201 3525 ut
233 3470 494 3525 omnibus
526 3472 811 3541 probarem
842 3490 929 3530 me
958 3491 1069 3530 non
1100 3477 1286 3533 odisse
1332 3477 1604 3546 homines,
1643 3479 1741 3535 sed

214 3643 239 3671 ει
269 3632 628 3711 Martianmus
672 3634 871 3711 aliique
894 3637 1053 3711 editi,
1101 3649 1157 3691 ut
1200 3640 1340 3711 ultra
1388 3655 1600 3711 peccare
1646 3657 1747 3695 non

136 3705 323 3782 possit,
345 3714 536 3782 contra
562 3720 696 3760 mss.
726 3708 907 3782 fidem,
938 3708 1181 3782 Vaticani
1201 3709 1345 3764 4945
1366 3705 1417 3765 et
1446 3712 1596 3782 Regii
1615 3711 1741 3766 9.86.

256 3776 771 3852 hoc‘dogmapquod
800 3777 1039 3848 Origenis
1068 3782 1337 3852 proprium
1370 3776 1747 3838 fuissc'scrihit

136 3848 314 3923 Hier?
354 3848 625 3923 Pelagiani
658 3850 953 3918 aliquando
998 3848 1204 3919 delapsi
1239 3862 1389 3913 sunt.
1435 3869 1557 3906 cum
1583 3869 1746 3923 argu-

140 3918 338 3994 mentis
381 3916 784 3994 gatholicorum
841 3916 1240 3994 premerentur.
1286 3924 1363 3977 Ita
1408 3916 1741 3994 Pelagius'iu

142 3988 349 4059 Synod.
384 3988 699 4059 Diospolit.,
726 3988 1037 4058 Janéenins,
1071 3996 1236 4049 immo
1263 4008 1317 4048 et
1342 3988 1569 4050 lluetius
1604 3997 1744 4050 male

138 4060 230 4133 hic
258 4060 665 4133 reprehendunt
714 4061 1127 4133 Hieronymum.

213 4129 239 4168 ι)
278 4128 610 4206 Iovinianus,
641 4132 812 4206 cujus,
847 4128 952 4187 etc.
989 4134 1152 4188 Falso
1184 4150 1245 4189 ac
1297 4138 1548 4206 imperite
1588 4137 1748 4191 nobis

120 4202 435 4256 ‘obtrudunt
468 4200 671 4269 Pelagii
707 4216 906 4256 nomen
952 4218 1167 4258 veteres
1215 4200 1486 4263 editiones
1535 4208 1744 4262 Erasmi

140 4282 190 4325 et
248 4272 517 4347 Marianis
569 4286 691 4347 cum
742 4272 950 4324 nullum
1001 4273 1070 4347 sit
1127 4278 1406 4344 exemplar
1441 4295 1542 4332 ms.
1601 4277 1747 4347 quod

143 4358 339 4414 nomen
384 4342 518 4395 illud
562 4342 791 4394 retineat
842 4358 854 4393 :
900 4350 953 4395 et
1004 4342 1363 4414 Hieronymus
1412 4342 1630 4402 nomina
1662 4350 1748 4403 hic

141 4412 274 4466 facta
320 4414 588 4481 posuerit,
636 4426 704 4464 ne
751 4426 1079 4481 quemquam
1122 4412 1453 4473 nominando
1499 4420 1744 4475 laederet.

141 4484 414 4539 Maurus.

150 4630 1851 4657 Μ

1850 3386 2139 3442 voluntati.

1850 3668 1922 3681 --
1949 3638 2170 3709 Regina:
2219 3653 2346 3701 ms.,
2368 3638 2537 3710 Cujus
2581 3655 2613 3691 a
2642 3647 2690 3690 te
2712 3630 3263 3710 haeresiswscitatur.
3291 3623 3451 3679 Falso

1853 3700 2279 3765 autetnvveteres
2316 3700 2608 3771 editiones,
2640 3723 2669 3759 ο
2694 3704 2911 3782 -ρριρρξι,
2944 3700 3252 3782 iutrudunt,
3284 3710 3449 3782 quem

1851 3789 2090 3847 constat,
2114 3795 2407 3850 numquam
2435 3782 2486 3835 iu
2509 3766 2661 3833 hisce
2692 3766 2937 3831 librisvd‘e
2960 3772 3179 3828 nomine
3204 3766 3446 3837 appella-

1850 3864 1961 3907 tum
1989 3853 2057 3907 ab
2097 3853 2429 3922 Hieronymo
2453 3852 2666 3922 fuisses
2808 3918 2840 3922 __
3075 3918 3088 3922 _
3128 3912 3139 3922 ,
3199 3910 3209 3921 ,

1926 3937 1947 3963 ο
1990 3924 2082 3979 Sic
2121 3938 2252 3978 mss.
2296 3912 2351 3976 et
2387 3932 2542 3977 vetus
2584 3918 2741 3983 etlit.;
2772 3918 2929 3992 aliter
2951 3924 3032 3969 est
3061 3912 3300 3992 fulmina.

1920 3993 1946 4031 (³
1985 3994 2206 4050 Scilicet
2249 3995 2493 4049 ἀπάθειαν
2539 3979 2736 4063 aperte
2767 3979 3070 4063 profitetur,
3129 3982 3275 4063 ct.in
3319 3979 3441 4033 Am-

1850 4064 2049 4131 monis,
2082 4066 2312 4134 ejusque
2342 4066 2527 4119 uxoris
2554 4056 2670 4114 Vita
2704 4056 3004 4134 ing‘iiistor.
3041 4056 3289 4134 I_._at_tsiac.
3327 4067 3440 4134 per-

1848 4120 2049 4191 venisse
2090 4120 2364 4205 u'lruntque
2411 4136 2480 4186 ad
2530 4132 2993 4199 impassibilitatem
3033 4126 3184 4187 dicit,
3212 4136 3333 4190 qua:
3379 4120 3447 4173 de

1850 4209 1974 4262 aliis
2002 4222 2217 4275 quoque
2253 4205 2535 4259 mendacia
2569 4204 2817 4275 hlaterat.
2906 4268 2919 4275 _
3205 4261 3243 4275 η
3307 4260 3319 4273 ,

1928 4287 1950 4313 ο
1996 4261 2194 4331 Vocem
2236 4276 2524 4339 sententiae,
2557 4288 2678 4343 qua)
2712 4271 2859 4343 prius
2889 4268 3099 4329 deerat,
3136 4261 3447 4343 suﬂecinitts

1853 4364 1920 4403 ex
1958 4362 2091 4401 mss.
2139 4356 2193 4400 et
2218 4346 2393 4400 veteri
2423 4331 2680 4400 editione.
2712 4331 2881 4397 Paulo
2926 4346 3048 4409 post
3089 4349 3230 4389 unus
3267 4331 3444 4387 Vatic.

1854 4421 1950 4472 hoc
1981 4419 2237 4473 hominem
2269 4418 2440 4472 dicere
2462 4433 2590 4480 esse,
2623 4413 2759 4485 quod
2791 4410 2954 4475 Deus,
2980 4416 3085 4463 etc.

1335 4801 1680 4884 LIBER
1754 4800 2238 4884 PRIMUS.

206 5192 373 5267 697
408 5190 462 5244 1.
499 5188 643 5243 Nunt
694 5188 854 5259 possit
899 5187 1051 5241 homo
1081 5187 1189 5240 sine
1236 5196 1467 5255 peccato,
1499 5186 1545 5242 si
1583 5186 1736 5254 velit,
1767 5213 1823 5274 Ι)
1847 5187 1915 5242 ab
1943 5184 2157 5241 aemulis
2181 5180 2471 5274 accipitur,
2501 5192 2610 5274 quo
2647 5192 2677 5231 a
2704 5190 2793 5231 me
2822 5174 3028 5274 dictum
3073 5182 3178 5230 est.
3305 5170 3449 5274 Quid

140 5304 264 5342 esse.
296 5315 368 5327 -ο
398 5294 424 5322 ⁸
448 5287 701 5337 ATTICUS.
734 5281 831 5335 Dic
863 5278 1016 5343 mihi,
1048 5278 1344 5345 Critobule,
1374 5295 1636 5335 verumne
1656 5287 1743 5335 est

140 5380 284 5450 quod
318 5396 345 5431 a
379 5387 430 5432 te
476 5379 743 5447 scriptum
790 5374 952 5428 audio
982 5391 994 5427 :
1024 5371 1053 5410 ι’
1084 5372 1251 5427 Posse
1290 5374 1569 5430 hominem
1621 5378 1738 5431 sine

142 5482 364 5542 peccato
397 5485 523 5526 esse
569 5469 617 5523 si
651 5467 825 5523 velit:
856 5477 910 5521 et
942 5466 1117 5521 facilia
1152 5467 1242 5520 Dei
1275 5482 1397 5522 esse
1429 5469 1736 5538 praecepta?

146 5563 542 5620 cCtu'ronoLus.
580 5560 804 5625 Verum,
844 5559 1044 5624 Attice,
1074 5557 1170 5613 sed
1202 5574 1310 5613 non
1344 5559 1540 5614 eodem
1569 5574 1734 5615 sensu

212 5757 239 5785 ι
265 5748 396 5815 Quae
436 5746 585 5815 prior
617 5743 885 5798 inducitur
912 5744 1076 5799 Attici
1108 5757 1423 5813 personam,
1455 5752 1512 5799 et
1536 5756 1737 5798 nomen

147 5819 487 5874 Martianmus
514 5818 792 5871 omiserat.

217 5888 245 5926 ιι
283 5886 486 5945 Confer
531 5888 589 5941 S.
625 5887 981 5957 Augustinum
1019 5887 1087 5941 de
1117 5885 1297 5943 Cestis
1330 5885 1527 5955 Pelagii
1581 5901 1631 5943 c.
1679 5884 1735 5951 6,

1851 5279 1998 5336 enim
2037 5271 2406 5347 ambiguitatis
2456 5273 2509 5328 in
2553 5270 2702 5326 dicto
2731 5278 2850 5336 est,
2886 5276 2943 5323 ut
2977 5267 3213 5322 diversae
3241 5263 3446 5319 intelli-

1847 5375 2046 5441 gentia:
2074 5369 2347 5425 tribuatur
2375 5363 2630 5420 occasio?
2657 5362 2769 5418 Nec
2796 5374 2984 5431 quaero
3013 5368 3071 5414 ut
3109 5359 3178 5414 de
3210 5366 3445 5426 utroque

1848 5466 2057 5536 pariter
2084 5460 2447 5532 respondeas.
2479 5461 2596 5515 Duo
2618 5458 2765 5514 enim
2796 5471 2825 5510 a
2857 5464 2909 5509 te
2956 5453 3237 5524 praposita
3285 5458 3435 5506 sunt.

1848 5556 2058 5624 Unum,
2089 5570 2252 5628 posse
2286 5553 2563 5610 hominem
2595 5551 2714 5608 sine
2744 5555 2966 5620 peccato
2992 5560 3150 5613 esse,
3182 5544 3228 5599 si
3259 5541 3394 5598 velit
3424 5559 3443 5604 :

1846 5757 1901 5797 η’
1922 5741 2313 5867 clgenedictiui
2339 5810 2586 5866 Monachi
2617 5809 2679 5864 S.
2708 5800 2994 5874 Augustini
3043 5795 3285 5856 editores
3309 5804 3444 5873 con!

1848 5893 2057 5939 stanter
2084 5882 2411 5937 Cratobolum
2437 5880 2702 5939 sci-ibunt.
