4036 6348
567 288 672 347 499

1818 276 1873 336 δ.
1918 272 2194 337 EUSEBH
2236 272 2621 338 DIERUNYMI

564 409 813 469 alterum,
851 400 1028 456 facilia
1062 400 1157 456 Dei
1188 404 1311 456 esSe
1340 404 1637 470 praecepta.
1666 397 1819 455 Licet
1844 412 1977 469 ergo
2002 398 2165 453 simul
2194 402 2247 461 Α
2272 416 2366 470 per
2394 402 2630 473 singulas
2671 416 2756 456 res
2779 416 2915 471 quas
2944 400 3175 469 agimus,
3227 399 3321 453 Dei
3363 398 3616 454 auferunt
3655 398 3860 469 adiuto-

565 502 705 555 dicta
735 498 862 559 sint,
899 502 1079 551 tamen
1112 510 1209 565 per
1238 504 1421 565 partes
1449 494 1692 565 singulas
1715 494 2074 559 disserantur,
2108 501 2166 549 ut

565 596 797 660 quorum
826 598 931 642 una
964 586 1181 642 videtur
1213 587 1372 653 ﬁdes,
1404 587 1550 641 nulla
1580 587 1651 640 sit
1680 587 1733 639 in
1762 586 2162 640 sententiarum

561 682 880 738 dirersitate
910 678 1217 736 eontcntlo.
1252 678 1313 733 ϐ.
1349 681 1482 749 Ego,
1510 679 1725 743 Attice,
1756 678 1866 732 dixi
1889 677 2164 731 hominem

564 775 771 844 absque
814 778 1039 842 peccato
1070 782 1233 841 posse
1261 784 1413 837 esse,
1448 772 1493 825 si
1523 770 1689 836 velit,
1721 782 1828 824 non
1862 780 1917 823 ut
1946 769 2166 839 quidam

567 866 820 922 maledici
886 865 1329 927 calumniantur,
1377 864 1581 933 absque
1632 862 1723 916 Dei
1773 861 1946 932 gratia
1997 861 2165 934 (quod

570 963 734 1017 etiam
749 960 991 1029 cogitare
1011 957 1357 1027 sacrilegium
1374 955 1501 1027 est),
1523 956 1617 1010 sed
1643 954 1961 1025 simpliciter
1984 969 2162 1023 posse,

569 1060 614 1114 si
645 1057 811 1123 velit,
840 1058 896 1110 ut
927 1054 1290 1110 subaudiatur
1319 1064 1441 1107 cum
1486 1052 1581 1105 Del
1609 1052 1801 1121 gratia.
1838 1050 1900 1104 Α.
1935 1050 2075 1119 Ergo
2114 1057 2169 1103 et

571 1151 841 1207 malorum
881 1152 934 1203 in
971 1155 1023 1204 te
1052 1158 1276 1219 operum
1310 1155 1502 1201 auctor
1544 1156 1628 1200 est
1658 1144 1837 1199 Deus?
1864 1143 1922 1196 Ε.
1955 1142 2169 1212 Nequa-

570 1259 731 1313 quam
766 1243 834 1297 ita
865 1249 923 1296 ut
946 1246 1217 1295 autumas.
1245 1237 1354 1293 Sed
1385 1237 1428 1291 si
1459 1235 1586 1307 quid
1615 1236 1665 1289 in
1700 1249 1787 1289 me
1819 1234 1943 1288 boni
1968 1233 2166 1297 habeo,

570 1336 666 1391 illo
707 1342 1036 1404 suggerente
1075 1338 1128 1387 et
1154 1328 1448 1399 adiuvante
1486 1327 1816 1397 completur.
1851 1326 1914 1379 Α.
1943 1324 2059 1379 Non
2100 1324 2169 1379 de

573 1436 767 1483 natura
796 1439 1008 1497 quaero,
1044 1421 1138 1477 sed
1164 1423 1232 1477 de
1253 1428 1397 1476 aelu.
1424 1419 1558 1487 Quis
1580 1420 1724 1474 enim
1756 1418 1972 1473 dubitat
1997 1417 2167 1473 Deum

576 1520 821 1575 omnium
854 1515 1216 1572 Creatorem?
1259 1512 1371 1568 lloc
1418 1510 1553 1567 mihi
1601 1511 1935 1582 respondeas
1963 1509 2121 1565 velim
2151 1525 2164 1563 ι

574 1610 718 1682 quod
760 1609 875 1680 agis
904 1608 1101 1664 bonum
1122 1649 1137 1671 ,
1171 1613 1320 1661 tuum
1353 1612 1468 1670 est,
1499 1618 1567 1658 an
1601 1603 1819 1659 Deiic.
1851 1604 2026 1657 Meum
2054 1610 2166 1665 est,

575 1713 629 1759 et
654 1702 783 1769 Dei;
820 1710 877 1757 ut
907 1716 1009 1772 ego
1035 1715 1231 1770 operer
1259 1708 1314 1755 et
1340 1698 1431 1753 ille
1458 1698 1697 1767 adiuvet.
1722 1696 1786 1749 A.
1812 1697 1875 1751 Et
1898 1695 2171 1765 quomodo

2268 492 2431 557 rium,
2463 502 2516 547 et
2546 493 2677 547 illttd
2708 494 2851 562 quod
2880 493 3161 546 Psalmista
3208 492 3357 546 canit
3393 510 3406 547 ι
3443 491 3564 545 Nisi
3614 491 3860 547 Dominus

2266 582 2598 652 aedificaverit
2627 583 2858 648 domum,
2889 586 2943 637 in
2969 599 3155 637 vanum
3204 583 3439 636 laborant
3467 583 3557 653 qui
3604 584 3860 652 mitiﬁcant

2266 691 2397 729 eam.
2422 676 2589 748 699
2620 675 2739 730 Nisi
2763 677 3017 729 Dominus
3048 675 3345 729 custodierit
3363 676 3643 741 civitatem,
3672 681 3860 746 frustra

2268 768 2445 839 vigilat
2466 770 2555 839 qui
2582 771 2801 823 custodit
2827 786 2937 823 eam
2990 767 3111 840 (Pa.
3142 784 3324 834 euri,
3361 770 3413 834 l,
3446 768 3528 838 9);
3563 780 3618 824 et
3669 778 3859 824 cratera

2270 858 2950 929 hujuscemodi,perversis
2980 860 3727 931 interpretationibus,immo
3758 862 3861 916 risu

2269 950 2464 1020 dignis,
2498 951 2565 1004 ad
2599 952 2738 1006 alios
2767 966 2964 1007 sensus
2990 952 3323 1022 detorquere
3351 952 3622 1005 nituntur.

2343 1046 2394 1097 5.
2447 1044 2515 1098 In
2546 1045 2767 1116 singulis
2799 1046 2945 1099 rebus
2976 1045 3073 1100 Dei
3105 1062 3235 1116 opus
3264 1062 3375 1099 esse
3397 1046 3683 1118 adjutorio.
3710 1075 3777 1086 -—
3806 1044 3859 1100 C.

2271 1137 2409 1203 Quid
2439 1137 2569 1191 mihi
2596 1154 2820 1193 necesse
2842 1148 3130 1194 estcontra
3156 1138 3516 1205 aliosdicere,
3537 1153 3662 1193 eum
3694 1154 3866 1193 meum

2272 1244 2595 1298 responsum
2629 1231 2866 1286 habeas?
2888 1232 2950 1285 A.
2977 1231 3149 1285 Tuum
3180 1245 3501 1300 responsum
3535 1231 3868 1300 cuiusmodi?

2273 1323 2381 1378 Eos
2406 1325 2543 1380 bene
2574 1325 2805 1391 sentire,
2836 1341 2902 1378 an
2939 1324 3121 1379 male?
3146 1323 3204 1377 C.
3237 1322 3301 1377 Et
3331 1339 3452 1393 qua:
3499 1338 3585 1377 me
3610 1324 3756 1392 cogit
3780 1338 3870 1378 ne-

2271 1416 2522 1479 cessitas,
2558 1425 2616 1470 ut
2640 1426 2829 1470 contra
2854 1416 2992 1470 alios
3018 1429 3259 1483 promam
3290 1414 3731 1469 sentcntiam‘iA.
3759 1414 3870 1469 Dis-

2275 1510 2571 1578 putationis
2600 1508 2736 1563 ordo
2763 1517 2818 1563 et
2849 1510 2991 1562 ratio
3016 1508 3289 1563 veritatis.
3343 1508 3425 1561 An
3472 1508 3695 1577 ignoras
3716 1520 3871 1561 omne

2274 1601 2419 1672 quod
2452 1602 2674 1669 dicitur,
2708 1613 2803 1657 aut
2843 1618 2987 1669 esse,
3046 1614 3139 1657 aut
3188 1618 3295 1656 non
3329 1617 3473 1666 esse;
3506 1612 3559 1656 et
3588 1611 3682 1656 aut
3737 1602 3872 1657 inter

2276 1694 2437 1761 bona,
2468 1703 2561 1748 aut
2593 1694 2733 1748 mala
2758 1694 2962 1750 debere
3005 1694 3322 1749 numerarii
3379 1694 3493 1749 Hoc
3521 1709 3651 1764 ergo
3673 1694 3743 1749 de
3772 1709 3874 1764 quo

573 1800 692 1851 hate
723 1798 965 1852 omnium
995 1794 1185 1864 opinio
1211 1801 1327 1860 est,
1362 1791 1503 1863 quod
1535 1792 1630 1846 Dei
1657 1790 1873 1846 auferas
1898 1790 2128 1862 gratiam
2150 1832 2163 1856 ,
2200 1795 2245 1854 Β
2276 1788 2572 1857 interrogo,
2618 1796 2711 1841 aut
2742 1787 2881 1842 bene
2910 1788 3038 1854 dici,
3069 1795 3160 1842 aut
3210 1788 3372 1851 male,
3418 1785 3641 1858 ingratis
3675 1787 3775 1841 tibi
3800 1786 3874 1841 fa-

574 1898 628 1944 ct
652 1886 910 1960 quidquid
936 1884 1185 1941 homines
1208 1885 1440 1955 agimus,
1468 1883 1701 1953 propria:
1723 1891 1931 1936 tantum
1957 1897 2171 1938 asseras

574 1978 910 2037 voluntatis?
940 1979 998 2033 C.
1032 1978 1216 2041 Miror,
1253 1977 1453 2040 Attice,
1482 1991 1581 2030 cur
1606 1978 1813 2031 erroris
1840 1972 2003 2029 alieni
2029 1990 2056 2027 a
2086 1989 2173 2029 me

573 2086 792 2128 causam
861 2072 1242 2141 rationemque
1300 2068 1544 2137 ﬂagites',
1580 2076 1637 2121 et
1679 2067 1732 2122 id
1781 2080 1993 2137 quaeras
2025 2067 2171 2135 quod

576 2167 838 2237 scriptum
870 2180 977 2221 non
1008 2170 1113 2230 est,
1141 2178 1265 2218 cum
1297 2163 1636 2232 perspicuum
1668 2160 1740 2216 sit
1760 2160 1906 2231 quod
1937 2161 2176 2228 scripse-

576 2259 702 2313 rim.
734 2257 857 2312 Dixi
890 2257 1166 2312 hominem
1195 2256 1315 2309 sine
1342 2264 1569 2323 peccato
1590 2267 1711 2308 esse
1734 2265 1919 2323 posse,
1945 2252 1989 2306 si
2023 2252 2171 2306 velit.

579 2349 855 2420 Numquid
889 2348 1095 2415 addidi,
1130 2347 1336 2416 absque
1377 2346 1477 2402 Dei
1520 2345 1729 2417 gratia?
1755 2348 1818 2399 Α.
1867 2344 1975 2401 Sed
2006 2360 2071 2400 ex
2110 2360 2176 2400 eo

579 2442 725 2513 quod
756 2455 864 2497 non
897 2440 1181 2507 addidisti,
1212 2440 1417 2495 videris
1447 2452 1666 2511 negare.
1697 2438 1758 2493 C.
1794 2438 1965 2494 immo
2003 2452 2071 2494 ex
2109 2453 2176 2493 eo

577 2534 720 2605 quod
753 2548 863 2589 non
896 2534 1128 2604 negavi,
1160 2533 1365 2588 dixisse
1392 2533 1791 2588 existimandus
1830 2546 1973 2587 sum.
2008 2526 2179 2605 ϐω

576 2627 765 2697 Neque
796 2628 943 2682 enim
993 2626 1255 2698 quidquid
1306 2642 1413 2680 non
1458 2627 1726 2691 dicimus,
1778 2641 1979 2696 negare
2030 2626 2177 2680 arbi-

586 2720 765 2776 trandi
814 2730 1026 2774 sumus.
1072 2720 1137 2772 A.
1171 2718 1467 2774 Conliteris
1497 2734 1656 2790 ergo,
1692 2734 1853 2790 posse
1901 2721 2179 2775 hominem

579 2812 698 2865 sine
731 2821 955 2879 peccato
986 2824 1138 2876 esse,
1170 2813 1214 2864 si
1248 2813 1413 2879 velit,
1449 2820 1572 2865 cum
1605 2812 1695 2865 Dei
1726 2813 1937 2882 gratia?
1969 2814 2027 2867 (Σ.
2062 2813 2179 2868 Non

585 2900 761 2953 Solum
795 2900 967 2956 lateor
992 2919 1004 2966 ;
1037 2904 1130 2957 sed
1161 2910 1216 2957 et
1245 2903 1417 2958 libere
1445 2903 1751 2972 proclamo.
1774 2904 1838 2956 Α.
1865 2904 2025 2958 Errat
2052 2918 2182 2975 ergo

584 2995 676 3063 qui
724 2993 820 3049 Del
861 2996 1089 3063 gratiam
1123 2990 1300 3049 tollit?
1328 2995 1388 3049 ε.
1427 2976 1796 3076 Errat.ﬂ)uin
1830 2996 2007 3067 pctius
2039 2998 2183 3052 arbi-

586 3086 810 3140 trantius
837 3095 922 3141 est
962 3086 1160 3156 impius
1182 3128 1195 3151 ,
1230 3102 1350 3140 cum
1381 3088 1479 3141 Dei
1507 3097 1641 3142 nutu
1665 3088 1844 3142 omnia
1874 3090 2183 3158 gubernetu-

2279 1879 2495 1933 tendum
2548 1886 2651 1933 est.
2686 1876 2746 1932 (Ζ.
2782 1878 2838 1932 Si
2873 1880 2924 1931 in
2955 1879 3185 1948 singulis
3230 1878 3393 1931 rebus
3436 1893 3567 1944 quas
3610 1877 3873 1947 gerimus,

2279 1971 2372 2024 Dei
2430 1970 2691 2025 utendum
2726 1978 2811 2026 est
2838 1970 3131 2039 adiutorio,
3186 1985 3317 2040 ergo
3346 1982 3399 2025 et
3438 1970 3709 2024 calatnum
3744 1978 3878 2024 tein-

2279 2080 2474 2134 perare
2502 2063 2568 2118 ad
2614 2064 2988 2128 scribendum,
3041 2073 3098 2119 et
3140 2072 3503 2133 temperatum
3556 2064 3773 2132 pumice
3804 2074 3876 2117 te~

2279 2172 2420 2223 rere,
2453 2172 2781 2226 manumque
2830 2164 3019 2227 aptare
3051 2156 3273 2221 litteris,
3308 2166 3509 2219 tacere,
3573 2155 3748 2225 loqui,
3792 2170 3874 2209 se-

2278 2251 2432 2317 dere,
2461 2261 2628 2320 stare,
2662 2252 2970 2317 ambulare,
2997 2267 3241 2319 currere,
3273 2253 3582 2319 comedere,
3614 2252 3873 2323 ieiunare,

2280 2344 2433 2412 ﬂere,
2468 2345 2666 2410 ridere,
2718 2355 2773 2399 et
2802 2354 2999 2400 cratera
3049 2344 3459 2414 hujuscemodi,
3493 2345 3597 2401 nisi
3634 2346 3774 2399 Deus
3796 2345 3877 2413 iu.

2281 2440 2443 2502 verit,
2477 2452 2583 2491 non
2609 2437 2959 2507 poterimus?
2988 2438 3054 2491 Α.
3103 2437 3267 2492 Juxta
3299 2452 3481 2492 meum
3512 2452 3739 2491 sensum
3772 2452 3875 2491 non

2284 2545 2443 2601 posse
2483 2530 2828 2602 perspicuum
2873 2539 2974 2586 est.
3009 2531 3067 2586 (2.
3104 2530 3159 2585 lu
3190 2547 3297 2599 quo
3333 2532 3496 2601 igitur
3522 2532 3757 2586 liberum
3786 2530 3877 2585 ba-

2283 2626 2472 2680 bemus
2503 2626 2813 2691 arbitrium,
2865 2636 2919 2680 et
2948 2626 3045 2681 Dei
3069 2627 3120 2679 in
3153 2640 3251 2679 nos
3282 2626 3453 2695 gratia
3477 2627 3807 2691 custoditur,
3836 2626 3879 2679 si

2284 2731 2352 2769 ne
2384 2717 2483 2769 hoc
2506 2715 2725 2785 quidem
2759 2718 2966 2787 absque
2988 2716 3100 2771 Deo
3132 2732 3420 2784 possumus
3446 2717 3679 2772 facere?

2354 2807 2408 2859 4.
2439 2807 2707 2871 Quomodo
2734 2810 2912 2862 datum
2942 2810 3157 2862 liberum
3183 2809 3473 2862 arbitrium.
3506 2808 3761 2862 Libertati
3786 2824 3881 2863 non

2286 2898 2448 2969 ofﬁcit
2472 2898 2565 2952 Dei
2595 2902 2925 2970 gratim—.4.
2961 2901 3075 2954 Non
3104 2902 3181 2954 sic
3204 2901 3404 2956 donata
3426 2909 3511 2957 est
3545 2901 3709 2957 liberi
3738 2902 3879 2956 arbio

2288 2992 2373 3046 trii
2405 2994 2601 3063 gratia,
2634 3002 2693 3046 ut
2726 2993 2816 3047 Dei
2844 3010 2937 3064 per
2973 2994 3189 3063 singula
3218 2995 3444 3048 tollatur
3469 2994 3880 3049 adminiculum.

2288 3081 2345 3136 ϐ.
2382 3082 2495 3137 Non
2527 3084 2737 3138 tollitur
2766 3085 2858 3139 Dei
2900 3085 3254 3155 adiutorium,
3302 3084 3326 3122 ιν
3354 3100 3476 3138 euut
3519 3093 3791 3139 creatura:
3822 3098 3883 3138 ex

589 3191 710 3245 tur,
734 3192 790 3235 et
817 3179 921 3234 hoc
952 3179 1095 3249 quod
1128 3192 1319 3236 sumus
1342 3190 1395 3235 et
1419 3180 1682 3236 habemus
1715 3182 2017 3251 appetitum
2054 3196 2177 3251 pro—
2211 3191 2254 3254 ρ
2288 3180 2454 3233 semel
2507 3179 2617 3233 dati
2667 3179 2821 3233 liberi
2871 3179 3078 3234 arbitrii
3132 3179 3301 3260 gratia
3358 3188 3782 3234 conserventur.
3830 3176 3883 3233 Si

589 3274 719 3341 priae
768 3274 1065 3327 voluntatis
1091 3314 1103 3338 ,
1138 3272 1231 3327 Dei
1273 3273 1569 3327 conditoris
1598 3275 1667 3327 sit
1712 3274 2063 3330 beneficium.
2116 3274 2185 3330 Ut

588 3367 733 3419 enim
768 3374 793 3401 ἰ
825 3365 1056 3419 liberum
1106 3366 1487 3434 possideamus
1520 3367 1844 3431 arbitrium,
1899 3378 1952 3421 et
1985 3368 2068 3423 vel
2115 3369 2182 3423 ad

590 3459 818 3518 lienam,
854 3456 941 3511 vel
988 3457 1051 3508 ad
1086 3457 1281 3509 malum
1331 3466 1533 3525 partem
1576 3457 1916 3512 declinemus
1964 3461 2182 3530 propria

590 3551 888 3615 voluntate;
921 3544 1074 3618 cuius
1103 3559 1186 3605 est
1216 3552 1405 3621 gratiae
1428 3591 1441 3617 ,
1473 3551 1561 3620 qui
1595 3551 1785 3621 nosAad
1815 3551 2102 3621 imaginem
2133 3561 2187 3608 et

589 3643 654 3695 ad
688 3641 1103 3696 similitudinem
1132 3618 1384 3697 sui'tales
1410 3618 1737 3713 enimnon}

659 3736 715 3789 2.
750 3734 894 3789 Nam
917 3736 1100 3806 gratiae
1125 3734 1217 3789 Dei
1242 3734 1610 3789 tribuendum?
1631 3736 1694 3789 A.
1724 3765 1793 3775 —
1816 3735 1994 3802 Nulli,
2018 3752 2052 3791 ο
2069 3738 2188 3793 Cri-

590 3828 795 3895 tobnle,
827 3829 1049 3884 dubium
1076 3830 1181 3894 est,
1211 3844 1276 3883 ex
1308 3828 1427 3898 eius
1460 3838 1654 3883 cuncta
1689 3828 1929 3897 pendere
1952 3828 2179 3899 judicio,

590 3924 683 3993 qui
716 3933 932 3978 creator
956 3934 1040 3978 est
1066 3922 1332 3989 omnium,
1361 3919 1698 3993 etquidquid
1728 3923 2012 3991 habemus,
2042 3924 2188 3979 illius

590 4014 863 4070 beneﬂcio
895 4014 1292 4085 deputandum.
1326 4013 1434 4068 Sed
1462 4029 1682 4083 quaero,
1716 4016 1820 4069 hoc
1845 4015 2017 4084 ipsum
2043 4016 2186 4086 quod

590 4111 687 4165 Dei
716 4111 921 4165 asseris
948 4109 1138 4181 gratiae
1162 4150 1177 4176 ,
1206 4114 1386 4163 utrum
1414 4107 1481 4162 ad
1508 4108 1841 4163 conditionis
1868 4109 2075 4164 referas
2098 4110 2191 4163 be-

591 4202 847 4257 neﬁcium
868 4242 884 4269 ,
916 4216 984 4256 an
1014 4202 1068 4256 in
1100 4201 1331 4271 singulis
1356 4200 1518 4256 rebus
1549 4210 1702 4269 putes
1730 4216 1851 4256 esse
1876 4216 2008 4271 quas
2043 4202 2191 4271 geri—

592 4310 712 4349 mus
736 4336 750 4359 ,
787 4304 843 4349 ut
882 4294 1092 4350 scilicet
1121 4294 1268 4347 illius
1308 4296 1361 4346 in
1396 4293 1648 4347 omnibus
1686 4302 1903 4347 utamur
1947 4294 2187 4358 auxilio;

594 4400 661 4439 an
694 4388 864 4441 semel
890 4388 959 4441 ab
986 4400 1052 4441 eo
1094 4384 1248 4441 liberi
1272 4384 1488 4439 arbitrii
1517 4384 1752 4450 conditi,
1787 4394 1969 4437 nostra
2001 4386 2194 4437 volun-

595 4487 706 4532 tate
731 4480 815 4534 vel
843 4481 1052 4535 viribus
1088 4494 1315 4550 agamus
1353 4478 1497 4549 quod
1530 4478 1813 4532 volumus?
1841 4476 1977 4532 Novi
2006 4478 2149 4533 enim
2172 4520 2189 4545 ,

2288 3274 2433 3327 enim
2467 3273 2671 3343 absque
2706 3274 2836 3341 Deo,
2863 3284 2915 3327 et
2948 3274 3049 3327 nisi
3086 3289 3181 3343 per
3224 3274 3434 3343 singula
3467 3273 3558 3328 ille
3588 3289 3685 3328 tne
3729 3273 3881 3343 iuve-

2288 3366 2379 3432 rit,
2414 3365 2546 3419 nihil
2602 3380 2825 3435 possunt
2867 3382 3032 3436 agere
3079 3383 3226 3422 :nec
3272 3382 3371 3437 pro
3418 3367 3577 3422 bonis
3610 3383 3704 3423 me
3747 3369 3883 3438 iuste

2288 3457 2546 3527 operibus
2601 3461 2905 3526 coronabit,
2967 3475 3065 3515 nec
3108 3460 3312 3529 afﬂiget
3346 3475 3444 3529 pro
3488 3460 3686 3525 malis;
3719 3461 3809 3515 seti
3836 3460 3883 3513 in

2288 3561 2518 3620 utroque
2547 3566 2702 3607 suum
2725 3552 2804 3606 vel
2832 3552 3079 3623 recipiet,
3099 3553 3185 3607 vel
3214 3550 3495 3608 damnabit
3516 3553 3801 3608 auxilium.
3823 3553 3881 3606 A.

2294 3643 2388 3697 Dic
2445 3659 2577 3713 ergo
2625 3645 2971 3713 simpliciter,
3028 3656 3172 3700 ccur
3220 3646 3315 3700 Dei
3366 3643 3581 3700 auferas
3621 3645 3887 3716 gratiam?

2288 3735 2560 3805 Quidquid
2593 3737 2737 3792 enim
2774 3738 2921 3792 tollis
2963 3737 3013 3793 in
3050 3738 3317 3808 partibus,
3348 3754 3575 3795 necesse
3603 3750 3696 3795 est
3740 3750 3794 3795 ut
3838 3747 3888 3795 et

2291 3826 2344 3881 in
2376 3843 2577 3898 genere
2603 3845 2787 3899 neges.
2828 3828 2886 3884 C.
2908 3830 3036 3885 'Non
3089 3846 3227 3902 nch
3261 3834 3512 3903 gratiam,
3546 3848 3672 3889 eum
3708 3835 3775 3889 ita
3806 3846 3889 3887 me

2292 3938 2320 3976 a
2350 3922 2461 3977 Deo
2486 3938 2728 3977 asseram
2780 3923 3077 3989 conditum,
3126 3937 3183 3980 ut
3214 3942 3308 3996 per
3334 3925 3430 3981 Dei
3482 3927 3717 3997 gratiam
3761 3940 3887 3982 meat

2291 4016 2477 4070 datum
2506 4017 2577 4069 sit
2608 4017 2903 4083 voluntati,
2932 4017 3016 4072 vel
3040 4017 3222 4073 facere
3245 4019 3395 4089 quid,
3420 4020 3502 4073 vel
3533 4035 3642 4074 non
3676 4019 3873 4074 facere.

2294 4106 2357 4160 A.
2400 4107 2671 4161 Dormitat
2717 4123 2847 4178 ergo
2880 4108 3023 4163 Deus
3064 4108 3119 4162 iu
3158 4110 3416 4178 operibus
3460 4111 3686 4177 nostris,
3723 4109 3889 4164 semel

2292 4201 2416 4256 data
2452 4201 2606 4256 liberi
2629 4201 2842 4258 arbitrii
2874 4212 3183 4274 potestate:
3216 4220 3315 4259 nec
3347 4205 3586 4259 orandus
3604 4213 3712 4268 est,
3749 4214 3806 4258 ut
3839 4203 3888 4256 in

2294 4292 2524 4363 singulis
2549 4293 2808 4362 operibus
2852 4311 2952 4349 nos
2983 4294 3160 4365 iuvet,
3201 4310 3323 4351 cum
3349 4296 3641 4351 voluntatis
3688 4305 3891 4351 nostra:

2294 4386 2363 4440 sit
2388 4397 2441 4440 et
2470 4387 2673 4455 pr0prii
2699 4387 2933 4456 arbitrii,
2966 4390 3052 4443 vel
3085 4388 3263 4443 facere
3293 4390 3339 4443 si
3363 4391 3630 4453 volumus,
3664 4387 3749 4443 vel
3782 4401 3888 4444 non

2295 4476 2478 4537 facere
2500 4480 2545 4532 si
2580 4478 2851 4535 nolumus.

594 4572 885 4641 plerosque
908 4585 1145 4628 vestrum
1175 4574 1246 4627 ita
1275 4572 1342 4627 ad
1368 4571 1461 4627 Dei
1486 4581 1680 4626 cuncta
1703 4573 1909 4627 referre
1930 4573 2183 4643 gratiam,
2215 4577 2267 4635 D
2365 4572 2530 4643 700
2556 4571 2610 4625 5.
2656 4572 2716 4627 C.
2750 4572 3033 4641 Quomodo
3069 4573 3121 4626 in
3152 4575 3369 4629 caeteris
3409 4575 3680 4630 creaturis
3703 4575 3889 4630 condi-

595 4674 653 4720 ut
692 4682 800 4719 non
844 4665 898 4719 in
937 4668 1213 4736 partibus,
1245 4666 1340 4723 sed
1366 4666 1419 4720 in
1447 4682 1675 4737 genere,
1708 4666 1812 4721 hoc
1835 4676 1951 4734 est,
1978 4682 2188 4735 nequa-

592 4774 758 4829 quam
801 4758 853 4813 in
896 4758 1126 4830 singulis
1171 4759 1364 4824 rebus,
1396 4757 1490 4812 sed
1532 4758 1585 4812 in
1615 4758 1930 4813 conditione
1978 4755 2191 4811 arbitrii

589 4850 904 4921 intelligant
926 4848 1351 4921 potestatem.C.
1369 4847 1485 4903 Non
1509 4858 1593 4903 est
1622 4849 1692 4903 ita
1722 4860 1775 4903 ut
1800 4857 2069 4915 autumas,
2094 4848 2192 4903 sed

590 4962 620 5000 a
651 4962 739 5001 me
767 4954 1060 5015 utrumque
1103 4944 1342 5010 dicitur,
1386 4953 1440 4997 ut
1470 4952 1522 4998 et
1554 4944 1649 4999 Dei
1678 4945 1866 5015 gratiae
1911 4943 2015 5009 sit,
2047 4942 2192 5013 quod

587 5037 728 5092 tales
758 5036 962 5092 conditi
1007 5050 1232 5103 sumus,
1266 5043 1321 5089 et
1351 5048 1449 5105 per
1474 5035 1685 5106 singula
1717 5049 1882 5106 opera
1913 5034 2064 5090 illius
2094 5036 2191 5090 ad-

587 5127 857 5184 miniculo
904 5126 1217 5182 fulciamur.
1248 5127 1315 5181 A.
1344 5124 1571 5182 Constat
1611 5142 1740 5198 ergo
1786 5128 1931 5184 inter
1972 5144 2104 5196 nos,
2137 5128 2191 5183 in

584 5221 750 5277 bonis
779 5217 1038 5290 operibus
1064 5226 1188 5288 post
1227 5218 1500 5288 propriam
1552 5219 1911 5288 voluntatem,
1948 5222 2044 5277 Dei
2090 5236 2189 5277 nos

588 5315 687 5370 niti
709 5313 940 5381 auxilio,
966 5312 1021 5367 in
1044 5311 1199 5368 malis
1249 5310 1563 5368 diaboli.C.
1617 5314 1864 5381 Constat,
1922 5325 1976 5370 et
2020 5331 2189 5386 super

566 5411 693 5465 .iioc
714 5406 864 5462 nulla
894 5405 1179 5462 contentio
1225 5415 1330 5460 est.
1360 5404 1424 5459 Α.
1458 5404 1595 5461 Male
1628 5420 1758 5478 ergo
1786 5408 2048 5473 sentiunt,
2096 5408 2187 5477 qui

664 5604 690 5633 ι
718 5592 843 5649 Vid.
886 5606 1078 5647 rursus
1127 5589 1412 5659 Augustin.
1448 5589 1646 5644 librum
1684 5589 1752 5644 de
1780 5588 1960 5644 Gestis
1988 5589 2191 5660 Pelagii

584 5682 641 5722 et
672 5667 843 5727 Nm.
876 5662 968 5725 αα,
1010 5669 1067 5715 et
1098 5660 1186 5723 l4,
1220 5678 1276 5716 ιι.
1311 5664 1397 5715 50.

665 5733 691 5771 δ
718 5734 834 5812 ᾼΙ..
885 5747 1002 5783 cum
1031 5742 1281 5812 creaturis
1320 5732 1417 5787 hoc
1457 5730 1613 5787 semel
1657 5733 1765 5789 dati
1814 5729 1960 5789 liberi
1991 5730 2190 5785 arbitrii

597 5808 763 5879 gratia
792 5808 1133 5855 conservetur.

2294 4666 2457 4721 tionis
2504 4665 2642 4720 ordo
2666 4677 2916 4720 servatur
2949 4667 3065 4721 :sic
3114 4683 3376 4723 concessa
3423 4669 3593 4723 semel
3628 4668 3889 4723 liheriar-

2297 4755 2441 4810 bitrii
2500 4756 2790 4825 potestate,
2840 4767 3040 4812 nostra:
3081 4759 3345 4813 voluntati
3395 4760 3575 4814 omnia
3632 4760 3889 4815 derelicta

2292 4860 2441 4903 sunt.
2467 4851 2533 4903 A.
2572 4850 2736 4919 Ergo,
2772 4856 2830 4903 ut
2856 4849 2986 4917 dixi,
3024 4866 3129 4905 non
3160 4851 3334 4908 debeo
3362 4868 3389 4905 a
3427 4852 3535 4908 Deo
3559 4869 3657 4922 per
3684 4855 3889 4924 singula

2295 4943 2553 4999 auxilium
2604 4942 2906 5012 deprecari,
2942 4943 3089 5013 quod
3113 4949 3281 5000 semel
3311 4961 3433 5001 meo
3481 4946 3666 5001 datum
3696 4960 3778 5002 est
3802 4947 3890 5017 ju-

2301 5035 2561 5090 dicio‘iC.
2596 5034 2651 5089 Si
2699 5036 2750 5090 in
2801 5036 3056 5092 omnibus
3106 5037 3200 5092 ille
3251 5047 3598 5108 cooperator,
3648 5055 3759 5095 non
3812 5046 3891 5093 est

2302 5143 2506 5195 meum,
2538 5128 2633 5181 sed
2666 5127 2782 5199 eius
2827 5130 2914 5199 qui
2964 5124 3217 5200 adiuvat,
3248 5132 3413 5184 immo
3444 5131 3533 5203 qui
3565 5132 3615 5184 in
3663 5144 3753 5185 me
3798 5144 3890 5184 co-

2296 5229 2599 5292 operator:
2643 5223 2943 5291 prresertim
2993 5237 3116 5276 cum
3165 5222 3370 5294 absque
3422 5239 3488 5278 eo
3526 5222 3705 5277 facere
3761 5219 3891 5276 nihil

2292 5313 2522 5382 possim.
2552 5310 2617 5365 Α.
2651 5314 2760 5367 Oro
2789 5322 2863 5376 te,
2893 5308 2920 5348 ἀ
2953 5328 3060 5367 non
3088 5313 3268 5384 legisti
3301 5333 3312 5369 :
3350 5313 3471 5368 Non
3502 5316 3633 5367 enim
3679 5310 3892 5367 volentis

2293 5424 2453 5479 neque
2481 5408 2755 5475 currentis,
2781 5407 2870 5461 sed
2898 5408 3184 5461 miserantis
3227 5417 3298 5462 est
3326 5407 3421 5462 Dri
3469 5407 3645 5479 (Rom.
3675 5424 3752 5473 Ix,
3780 5404 3892 5474 16)?

2374 5603 2395 5629 ο
2429 5590 2697 5646 Victorius
2735 5607 2764 5661 c
2800 5591 3029 5661 vetustis
3058 5591 3468 5661 exemplaribus
3497 5591 3891 5646 emendandum

2296 5662 2594 5728 contendit,
2623 5660 2758 5733 quod
2792 5660 2889 5714 Dei
2912 5666 3141 5732 auferas,
3170 5660 3301 5728 δια,
3331 5678 3427 5731 pro
3457 5680 3567 5726 cur,
3607 5672 3715 5716 etc.

2328 5780 2331 5781 ν
2372 5732 2830 5807 d_Vatie._,’_nonne
2856 5734 3052 5807 iegisti,
3077 5750 3189 5807 quo
3230 5735 3351 5789 loco
3376 5738 3513 5790 satis
3540 5734 3763 5804 antiqua
3786 5740 3893 5807 mtt-

2305 5822 2376 5861 nu
2408 5802 2528 5859 hzec
2557 5804 2773 5860 additur
2804 5804 2869 5859 ad
2912 5802 3217 5881 marginem
3269 5814 3394 5864 nota
3429 5802 3790 5879 :Augustinus
3840 5805 3901 5865 αδ
