4036 6334
175 286 264 342 501

1060 283 1405 342 DIALOGUS
1442 282 1809 342 ADVERSUS
1847 282 2300 342 PELAGIANOS.
2344 288 2472 343 LIB.
2517 289 2556 342 l.

3366 290 3471 345 δοέ

177 403 246 457 Ex
297 401 499 471 quibus
531 400 885 471 intelligimus
916 409 1162 455 nostrum
1195 397 1412 466 quidem
1461 412 1586 453 esse
1628 397 1768 453 velle
1796 404 1847 460 Α
1874 408 2057 452 utrum
2087 398 2276 466 homo,
2311 415 2377 454 an
2411 400 2588 456 bellua
2622 401 2735 465 sis,
2771 401 2889 471 ipse
2923 417 3008 457 me
3037 403 3276 460 belluam
3307 406 3478 460 conti-

171 503 222 549 et
263 510 513 559 currere;
547 495 640 551 sed
695 505 750 548 ut
778 493 1025 547 voluntas
1069 499 1262 548 nostra
1312 492 1657 560 compleatur
1709 502 1764 545 et

169 602 382 653 cursus,
429 587 497 643 ad
530 588 626 643 Dei
665 585 1094 642 misericordiam
1141 586 1439 654 pertinere,
1473 596 1634 654 atque
1689 585 1762 638 ita

167 679 280 735 fieri
318 722 332 742 ,
366 689 424 735 ιιι
462 689 516 734 et
547 681 598 733 in
633 680 908 734 voluntate
934 687 1116 732 nostra
1139 688 1193 733 et
1216 679 1268 732 in
1313 693 1495 745 cursu,
1530 678 1760 733 liberum

167 780 412 826 servetur
436 770 748 836 arbitrium,
779 779 832 824 et
860 770 911 824 in
953 771 1425 825 consummatione
1467 770 1762 825 voluntatis

161 872 215 918 et
238 877 452 925 cursus,
484 862 580 916 Dei
608 871 801 916 cuncta
849 862 1109 932 potentia:
1137 862 1540 930 relinquantur.
1595 861 1758 917 Scili-

164 965 246 1012 cet
280 971 426 1011 nunc
471 954 606 1011 mihi
659 954 1067 1024 Scripturarum
1106 955 1417 1010 testimonia
1447 955 1757 1025 replicanda

159 1057 306 1113 sunt,
333 1047 606 1117 quomodo
656 1063 752 1117 per
782 1046 993 1116 singula
1029 1047 1122 1101 Dei
1155 1062 1183 1100 a
1230 1049 1434 1101 sanctis
1488 1047 1761 1116 ﬂagitetur

161 1143 418 1197 auxilium
452 1151 506 1197 et
554 1142 606 1198 in
647 1141 877 1212 singulis
917 1139 1174 1211 operibus
1197 1142 1334 1206 suis,
1389 1140 1483 1194 illo
1508 1141 1760 1208 adiutore

155 1245 208 1296 et
238 1243 545 1305 protectore
575 1235 652 1290 uti
671 1233 1010 1288 desiderent.
1041 1233 1184 1303 Lege
1211 1241 1382 1287 totum
1405 1233 1753 1300 Psalterium,

156 1342 349 1382 omnes
407 1336 722 1382 sanctorum
779 1341 960 1390 voces,
991 1325 1126 1381 nihil
1186 1327 1311 1390 erit,
1342 1326 1441 1380 nisi
1467 1326 1533 1379 ad
1588 1327 1754 1380 Deum

160 1421 211 1474 in
252 1421 463 1477 cunctis
503 1421 760 1490 operibus
807 1420 1144 1489 deprecatio.
1185 1419 1262 1474 Ex
1312 1435 1418 1490 quo
1469 1421 1756 1488 perspicue

155 1515 486 1580 ostenditur,
519 1523 572 1568 te
618 1523 711 1568 aut
741 1513 837 1568 Dei
879 1527 1079 1582 negare
1123 1513 1370 1582 gratiam,
1408 1529 1569 1583 quam
1610 1513 1754 1569 tollis

152 1609 208 1662 in
247 1609 512 1677 partibus;
541 1617 634 1664 aut
661 1609 705 1661 si
740 1608 792 1662 in
827 1607 1075 1677 partibus
1105 1605 1343 1675 dederis,
1377 1607 1518 1678 quod
1546 1623 1718 1676 nequa
1738 1635 1752 1646 ~

149 1715 317 1770 quam
349 1710 398 1756 te
426 1701 568 1756 velle
608 1699 956 1756 manifestum
999 1709 1104 1766 est,
1144 1702 1198 1755 in
1239 1708 1482 1755 nostram
1529 1710 1751 1754 senten-

1871 491 2046 546 tebor.
2072 491 2140 547 Α.
2170 493 2227 547 Si
2259 508 2389 563 ergo
2411 535 2424 559 ,
2472 504 2527 547 ιιι
2553 493 2727 560 dicis,
2773 495 2935 549 homo
2978 512 3096 550 sum
3123 539 3137 563 ,
3185 497 3470 566 quomodo

1867 597 1988 637 cum
2013 584 2175 638 velim
2197 625 2211 648 ,
2257 595 2311 638 et
2339 584 2472 638 satis
2494 584 2709 654 cupiam
2741 601 2846 640 non
2881 602 3140 655 peccare,
3174 587 3470 658 delinqqu

1866 673 1926 730 (Σ.
1951 675 2089 740 Quia
2116 677 2371 730 voluntas
2399 677 2715 744 imperfecta
2743 687 2846 730 est.
2868 678 2926 733 Si
2951 679 3094 732 enim
3120 693 3250 733 vere
3278 679 3469 744 velles,

1867 784 1996 824 vere
2020 770 2205 838 utique
2233 785 2340 824 non
2377 784 2653 838 peccares.
2684 772 2747 822 Α.
2785 770 2924 838 Ergo
2954 781 3009 824 tu
3038 771 3127 840 qui
3167 786 3254 825 me
3281 773 3466 840 arguis

1863 877 1972 917 non
2005 878 2134 918 vere
2153 877 2358 934 cupere
2378 905 2391 927 ,
2433 865 2553 916 sine
2583 872 2809 933 peccato
2837 879 2927 928 es,
2959 864 3084 932 quia
3116 879 3244 918 Vere
3274 864 3465 933 cupis?

1865 953 1925 1007 (Ι.
1957 953 2120 1021 Quasi
2157 970 2258 1025 ego
2284 954 2353 1010 de
2381 970 2468 1009 me
2506 954 2715 1021 dicam,
2767 970 2930 1024 quem
2958 966 3297 1024 peccatorum
3340 969 3466 1009 esse

1862 1046 2128 1101 conﬁteor
2149 1089 2163 1113 ,
2213 1056 2269 1102 et
2306 1063 2410 1101 non
2445 1048 2512 1102 de
2544 1047 2728 1117 paucis
2757 1055 2814 1101 et
2847 1048 2986 1101 raris
3012 1089 3024 1112 ,
3071 1048 3114 1102 si
3147 1048 3236 1116 qui
3271 1047 3464 1102 volue-

1864 1140 1972 1194 rint
2002 1156 2110 1195 non
2143 1155 2394 1210 peccare.

1933 1235 1985 1287 8.
2029 1233 2161 1306 Ejus
2206 1235 2279 1288 rei
2337 1234 2540 1289 nullum
2581 1237 2891 1306 exemplum.
2921 1264 2994 1274 ——
3031 1233 3096 1288 Λ.
3130 1235 3350 1290 Interim
3394 1250 3463 1290 ex

1861 1342 1983 1383 meo
2007 1335 2212 1396 tuoque
2236 1327 2466 1395 judicio,
2519 1339 2574 1383 et
2592 1343 2694 1397 ego
2724 1329 2814 1398 qui
2848 1328 3128 1397 interrogo
3152 1369 3165 1393 ,
3215 1337 3268 1382 et
3296 1337 3346 1381 tu
3371 1328 3462 1398 qui

1861 1420 2164 1491 respondes
2190 1463 2204 1488 ,
2235 1433 2557 1491 peccatores
2579 1438 2785 1477 sumus.
2819 1422 2877 1476 ϐ.
2903 1421 3009 1478 Sed
3037 1436 3326 1492 possumus
3355 1438 3460 1476 non

1852 1529 1975 1569 esse
2017 1514 2061 1566 si
2092 1513 2344 1568 velimus.
2401 1515 2463 1568 A.
2501 1515 2618 1568 Dixi
2651 1530 2738 1569 me
2769 1515 2910 1569 velle
2943 1530 3050 1570 n0n
3083 1528 3314 1583 peccare
3337 1555 3352 1577 ,
3404 1523 3458 1568 te

1855 1623 2069 1678 quoque
2098 1608 2201 1662 hoc
2229 1608 2439 1661 sentire
2467 1622 2574 1661 non
2609 1607 2832 1662 dubium
2863 1618 2974 1662 est.
3020 1605 3304 1672 Quomodo
3329 1621 3459 1675 ergo

1857 1702 2000 1772 quod
2026 1711 2256 1771 uterque
2291 1701 2576 1766 volumus,
2629 1712 2858 1770 uterque
2902 1716 3009 1755 non
3041 1698 3373 1771 possumus?
3397 1699 3459 1754 C.

151 1795 284 1848 tiam
331 1792 589 1859 transire,
623 1794 712 1862 qui
762 1793 842 1848 sic
867 1793 1098 1850 liberum
1127 1793 1334 1848 homini
1363 1808 1644 1848 servamus
1669 1809 1756 1848 ar-
1783 1797 1829 1856 B
1858 1791 1996 1859 Quia
2038 1792 2196 1860 plene
2239 1806 2343 1845 non
2375 1791 2653 1846 volumus.
2694 1792 2758 1846 Α.
2793 1793 2863 1845 Ita
2895 1806 3024 1860 ergo
3052 1793 3141 1862 qui
3190 1790 3457 1860 majorum

147 1885 400 1952 bitrium,
457 1895 517 1941 ut
568 1887 663 1942 Dei
711 1902 807 1955 per
850 1887 1062 1957 singula
1117 1887 1450 1956 adiutorium
1499 1904 1607 1941 non
1659 1903 1751 1942 ne-

141 1995 362 2051 gemus.

217 2071 274 2127 6.
319 2071 641 2142 Strougulat
697 2070 1102 2142 Pelagianorum
1147 2073 1360 2143 dogma.
1402 2102 1472 2112 —
1501 2071 1560 2125 C.
1615 2071 1753 2142 Cap-

144 2165 289 2220 tiosa
326 2165 431 2219 ista
463 2174 546 2218 est
601 2164 906 2225 conclusio,
948 2173 1005 2219 et
1053 2163 1122 2218 de
1167 2163 1579 2218 dialecticorum
1635 2174 1754 2219 arte

136 2256 506 2312 descendens.
541 2255 668 2309 Mihi
698 2265 876 2309 autem
907 2254 1085 2309 nullus
1107 2255 1321 2308 auferre
1346 2256 1545 2325 poterit
1590 2255 1752 2310 liberi

133 2349 359 2404 arbitrii
393 2358 742 2417 potestatem,
794 2363 885 2412 ne,
934 2347 981 2402 si
1012 2349 1063 2403 in
1116 2347 1372 2416 operibus
1420 2347 1560 2402 meis
1611 2349 1751 2403 Dens

133 2440 364 2509 adiutor
409 2439 712 2503 eXSIiterit,
743 2453 853 2494 non
906 2438 1038 2492 mihi
1069 2437 1335 2492 debeatur
1366 2453 1596 2503 merces,
1653 2438 1750 2493 sed

136 2531 193 2586 ei
219 2531 311 2601 qui
338 2531 391 2584 in
425 2546 516 2596 me
569 2539 826 2598 operatus
855 2540 958 2585 est.
985 2530 1048 2583 Α.
1086 2529 1288 2585 Fruere
1333 2529 1494 2591 liberi
1539 2531 1748 2588 arbitrii

137 2633 442 2695 potestate,
477 2633 745 2679 utcontra
775 2624 940 2679 Deum
988 2639 1167 2678 armes
1209 2625 1447 2693 linguam
1499 2636 1665 2692 tuam,
1693 2634 1750 2682 et

139 2717 200 2772 in
225 2732 293 2772 eo
315 2728 366 2772 te
405 2716 633 2772 liberum
683 2717 903 2787 probes,
940 2717 985 2772 si
1017 2717 1111 2772 tibi
1141 2718 1302 2772 liceat
1344 2719 1743 2787 blasphemare.

143 2809 344 2866 Verum
377 2824 544 2879 super
570 2810 672 2866 hoc
697 2810 826 2880 quid
868 2812 1101 2877 sentias,
1137 2811 1272 2866 nulli
1302 2811 1524 2866 dubium
1557 2822 1660 2878 est,
1690 2823 1747 2868 et

139 2903 421 2972 prmstigia
459 2902 824 2958 confessionis
878 2912 984 2957 tuae
1010 2903 1354 2972 apertissima
1388 2904 1507 2958 luce
1536 2905 1746 2958 clarue-

137 3006 292 3057 runt.
316 2994 472 3059 Nune
507 3005 851 3052 revertamur
890 2995 956 3050 ad
987 2996 1062 3059 id,
1107 2995 1248 3049 unde
1277 2995 1549 3052 disserere
1570 2998 1745 3066 empi-

137 3105 286 3147 mus.
323 3089 417 3144 Dic
465 3090 619 3154 mihi,
652 3090 697 3144 si
733 3089 830 3144 tibi
884 3089 1122 3152 videtur,
1170 3088 1274 3144 hoc
1322 3090 1466 3159 quod
1493 3105 1612 3144 cum
1647 3091 1740 3145 Dei

1859 1893 2172 1937 nostrorum
2201 1884 2360 1952 plene
2393 1884 2674 1938 voluerint
2699 1897 2746 1938 et
2779 1885 3080 1954 potuerint.
3113 1881 3172 1937 C.
3203 1885 3315 1938 lloc
3343 1885 3465 1954 qui-

1855 1980 1980 2034 dem
2012 1995 2121 2035 non
2154 1979 2317 2034 facile
2359 1989 2446 2034 est
2478 1981 2794 2035 ostendere.
2846 1981 3033 2050 Neque
3063 1981 3206 2034 enim
3244 1982 3462 2049 quando

1855 2071 1982 2125 dico
2011 2073 2282 2126 hominem
2327 2088 2490 2141 posse
2517 2088 2640 2128 esse
2667 2075 2786 2127 sine
2819 2083 3044 2142 peccato
3080 2073 3126 2127 si
3153 2073 3318 2137 velit,
3363 2074 3465 2127 ali-

1854 2174 1994 2229 quos
2019 2159 2187 2214 fuisse
2221 2161 2501 2214 contendo
2531 2177 2546 2224 ;
2591 2160 2687 2214 sed
2720 2161 3044 2230 simpliciter
3072 2175 3236 2230 posse
3268 2176 3390 2216 esse
3418 2164 3465 2217 si

1857 2250 2005 2304 velit.
2040 2250 2202 2304 Aliud
2242 2266 2478 2320 namque
2522 2260 2608 2306 est
2651 2267 2758 2306 esse
2790 2269 2958 2320 posse,
2991 2252 3135 2323 quod
3192 2252 3219 2292 δ
3269 2253 3461 2310 Graece

1855 2342 2052 2398 dicitur
2075 2352 2138 2419 τῇ
2165 2343 2378 2415 δυνάμει
2407 2345 2794 2415 (possibilitate)
2817 2361 2830 2408 ;
2862 2345 3013 2399 aliud
3040 2359 3122 2400 eet
3150 2361 3279 2412 esse,
3313 2347 3459 2416 quod

1854 2438 1955 2506 ipsi
2001 2438 2278 2505 appellant
2316 2447 2378 2512 τῇ
2423 2441 2649 2514 ἐνεργείᾳ
2680 2438 2824 2509 (actu
2852 2439 3012 2510 ipso).
3063 2439 3294 2495 Possum
3335 2455 3458 2496 esse

1854 2528 2126 2592 medicus;
2159 2531 2252 2582 sed
2288 2529 2505 2583 interim
2534 2547 2641 2583 non
2672 2545 2813 2584 sum.
2857 2531 3088 2584 Possum
3117 2546 3240 2586 esse
3268 2532 3452 2596 faber;

1847 2621 1942 2674 sed
1985 2620 2218 2674 necdum
2261 2620 2444 2674 didici.
2499 2621 2775 2691 Quidquid
2823 2622 2988 2692 igitur
3017 2637 3281 2692 possunt:
3325 2623 3457 2679 licet

1849 2715 2014 2784 702
2037 2713 2263 2767 necdum
2287 2713 2413 2777 sim,
2445 2722 2626 2768 tamen
2654 2729 2750 2768 ero
2782 2715 2826 2768 si
2861 2715 3110 2768 voluero.

1921 2809 1974 2861 9.
2011 2805 2164 2872 Quod
2194 2806 2429 2874 futurum
2461 2815 2871 2882 numquam'est,
2907 2824 2973 2859 an
3006 2807 3254 2875 possibile
3279 2809 3365 2861 sit.
3386 2835 3460 2849 -—-

1850 2900 1913 2952 Α.
1942 2898 2099 2952 Aliud
2141 2907 2266 2952 sunt
2299 2909 2446 2953 artes
2469 2941 2482 2963 ,
2530 2899 2675 2953 aliud
2719 2899 2770 2954 id
2799 2898 2945 2969 quod
2978 2911 3000 2938 ε
3039 2916 3137 2970 per
3163 2910 3307 2955 artes
3345 2910 3454 2956 est.

1850 2991 2116 3045 Medicina
2143 2999 2200 3045 et
2232 2990 2437 3044 fabrica
2459 3033 2473 3057 ,
2502 2999 2560 3045 et
2585 3001 2733 3046 artes
2772 2999 2991 3046 caetera“.
3019 2992 3369 3046 inveniuntur
3397 2995 3451 3048 in

1846 3081 2127 3152 plurimis:
2155 3084 2275 3137 sine
2305 3093 2535 3152 peccato
2563 3093 2744 3138 autem
2772 3100 2897 3139 esse
2928 3093 3222 3154 perpetuo,
3251 3087 3454 3143 divinae

131 3181 418 3252 adiutorio
447 3182 606 3252 paulo
634 3193 763 3238 ante
809 3183 1057 3252 dicebas,
1116 3200 1275 3256 posse
1306 3183 1580 3238 hominem
1633 3199 1739 3238 non

1856 3175 2019 3228 solius
2059 3185 2142 3228 est
2180 3175 2496 3243 potestatis.
2551 3173 2739 3243 Itaque
2770 3184 2864 3228 aut
2910 3175 2976 3229 da
3022 3177 3332 3245 exemplum
3363 3179 3459 3248 qui

137 3289 377 3345 peccare
398 3274 442 3330 si
474 3275 630 3339 velit,
655 3276 708 3330 iu
739 3289 1058 3345 perpetuum
1090 3279 1259 3343 dicas,
1308 3294 1373 3330 an
1423 3276 1488 3330 ad
1527 3285 1742 3346 tempus

131 3374 198 3420 et
228 3365 447 3422 breve?
486 3368 648 3438 701
702 3367 760 3421 C.
814 3368 1098 3436 Superﬂua
1151 3369 1506 3439 interrogatio
1549 3379 1650 3422 est.
1685 3368 1741 3424 Si

133 3457 293 3516 enim
325 3458 391 3511 ad
424 3468 636 3527 tempus
682 3470 734 3513 et
769 3460 935 3515 breve
977 3461 1168 3516 dixero
1201 3480 1214 3515 :
1247 3461 1604 3516 nihilominus
1653 3477 1742 3516 re-

131 3547 357 3606 feretur
383 3550 450 3604 ad
479 3560 823 3621 perpetuum.
868 3553 1140 3623 Quidquid
1171 3555 1314 3608 enim
1361 3554 1426 3608 ad
1456 3554 1621 3609 breve
1649 3555 1744 3610 de-

127 3641 311 3708 deris,
341 3643 443 3697 hoc
470 3643 744 3698 concedes
768 3653 823 3697 et
853 3645 904 3698 in
937 3656 1273 3714 perpetuum.
1305 3646 1368 3699 Α.
1400 3645 1540 3713 Quid
1563 3647 1736 3712 dicas,

127 3751 249 3791 non
285 3736 414 3790 satis
437 3737 709 3807 intelligo.
743 3737 800 3790 C.
837 3739 987 3795 ltane
1024 3742 1192 3796 durus
1225 3755 1305 3806 es,
1365 3748 1422 3795 ut
1454 3741 1738 3796 manifesta

130 3844 251 3886 non
286 3830 538 3886 sentias?

213 3925 265 3976 7.
296 3922 442 3978 Num
472 3923 542 3977 ad
572 3934 774 3992 tempus
793 3943 859 3980 an
889 3927 943 3980 in
974 3937 1272 3999 perpetuum
1303 3930 1558 3985 abstinere
1580 3932 1739 3985 homo

131 4033 166 4067 α
197 4024 411 4085 peccato
433 4016 616 4087 possit.
639 4046 712 4058 —
751 4018 817 4071 Α.
847 4019 964 4075 Non
1004 4035 1089 4075 me
1121 4022 1283 4090 pudet
1323 4022 1535 4078 nescire
1595 4023 1737 4093 quod

133 4106 354 4160 nescio.
391 4106 458 4161 Et
494 4106 564 4162 de
595 4123 704 4177 quo
732 4108 915 4164 futura
939 4119 1023 4165 est
1044 4110 1371 4181 disputatio,
1406 4114 1569 4169 debet
1601 4115 1740 4169 inter

133 4207 442 4266 utrumque
492 4201 788 4258 convenire
832 4216 991 4269 quem
1023 4216 1243 4256 sensum
1276 4204 1490 4258 habeat.
1521 4203 1582 4258 (ἶ.
1624 4205 1738 4275 Ego

129 4289 244 4344 hoc
290 4303 516 4356 assero,
560 4293 649 4360 qui
685 4301 862 4360 potest
912 4309 1018 4348 uno
1044 4294 1133 4349 die
1164 4312 1222 4350 se
1250 4295 1526 4351 abstinere
1551 4313 1578 4350 a
1614 4313 1738 4365 pec-

129 4395 266 4438 cato
290 4423 302 4446 ,
349 4397 510 4452 posse
533 4392 589 4440 et
613 4384 818 4440 altero:
864 4386 956 4455 qui
982 4387 1225 4453 duobus,
1266 4403 1428 4456 posse
1459 4401 1511 4442 et
1539 4391 1734 4455 tribus;

127 4479 233 4547 qui
277 4476 493 4543 tribus,
547 4492 708 4546 posse
757 4489 810 4533 et
839 4480 1135 4556 triugiuta;
1183 4492 1346 4550 atque
1393 4483 1496 4535 hoc
1543 4481 1738 4537 ordine

1843 3266 2051 3336 absque
2092 3275 2316 3335 peccato
2360 3267 2561 3322 fuerint
2601 3269 2654 3322 in
2685 3278 3004 3338 perpetuum
3039 3287 3051 3321 :
3102 3280 3195 3323 aut
3222 3271 3267 3325 si
3315 3271 3450 3328 dare

1843 3379 1954 3418 non
1985 3374 2160 3434 potes,
2189 3365 2454 3420 conﬁtere
2486 3366 2916 3422 imbecillitatem
2938 3378 3113 3436 tuam,
3139 3379 3192 3424 et
3213 3370 3321 3424 noli
3349 3385 3448 3440 p0-

1843 3471 1975 3510 nere
1999 3459 2051 3510 in
2081 3457 2278 3511 caelum
2306 3473 2367 3510 os
2402 3467 2578 3523 tuum,
2609 3468 2666 3512 ut
2699 3475 2794 3528 per
2822 3475 2946 3514 esse
2968 3503 2981 3526 ,
3033 3470 3088 3516 et
3111 3476 3232 3516 esse
3257 3475 3446 3530 posse,

1844 3549 2136 3603 stultorum
2166 3550 2364 3606 illudas
2407 3551 2654 3605 auribus.
2681 3551 2813 3619 Quis
2841 3553 2984 3607 enim
3027 3553 3121 3606 tibi
3163 3552 3446 3616 Concedet,

1843 3658 2005 3712 posse
2041 3645 2317 3698 hominem
2361 3643 2540 3698 facere
2570 3645 2714 3713 quod
2747 3647 2929 3700 nullus
2975 3660 3232 3716 umquam
3267 3646 3446 3700 homi-

1843 3754 1968 3792 num
1995 3739 2267 3806 potuerit?
2293 3738 2371 3792 Ne
2389 3736 2414 3773 d
2441 3746 2495 3791 tu
2520 3738 2819 3793 dialecticis
2849 3740 3087 3793 imbutus
3106 3738 3328 3806 quidem
3351 3743 3446 3793 es?

1844 3831 1902 3887 Si
1929 3834 2071 3887 enim
2107 3842 2290 3902 potest
2331 3831 2519 3896 homo,
2572 3846 2678 3885 non
2705 3845 2866 3901 posse
2901 3831 3130 3884 tollitur.
3165 3830 3223 3885 Si
3263 3840 3443 3887 autem

1846 3941 1948 3978 non
1998 3935 2196 3994 potest,
2247 3939 2407 3994 posse
2459 3923 2819 3978 subvertitur.
2869 3925 2978 3978 Aut
3023 3921 3268 3978 concede
3308 3925 3441 3978 mihi

1843 4017 2076 4086 aliquem
2108 4019 2380 4085 potuisse,
2414 4016 2557 4086 quod
2585 4017 2706 4072 ﬁeri
2740 4031 2902 4086 posse
2932 4015 3254 4072 contendis:
3277 4027 3367 4069 aut
3396 4019 3443 4072 si

1842 4110 2022 4162 nullus
2052 4110 2153 4162 hoc
2188 4109 2363 4178 potuit
2390 4149 2404 4174 ,
2452 4109 2658 4163 invitus
2691 4108 2988 4176 teneberis,
3019 4108 3230 4162 nullmn
3262 4123 3444 4177 posse,

1842 4203 1985 4272 quod
2021 4203 2282 4271 possibile
2308 4201 2550 4271 jactitas.
2589 4205 2734 4256 Inter
2767 4202 3063 4257 Diodorum
3105 4211 3160 4256 et
3186 4198 3450 4273 Chrysip-

1845 4313 1968 4368 pum
2005 4296 2417 4351 valentissimos
2440 4295 2758 4350 dialecticos
2789 4300 2910 4371 περὶ
2940 4294 3158 4351 δυνάτου
3189 4295 3288 4348 ista
3313 4309 3448 4349 con-

1845 4390 2018 4448 tentio
2047 4399 2149 4444 est.
2188 4389 2454 4445 Diodorus
2481 4389 2534 4442 id
2566 4389 2742 4443 solum
2779 4401 2942 4456 posse
2973 4387 3088 4442 ﬁeri
3117 4387 3271 4453 dicit,
3302 4389 3447 4457 quod

1845 4494 1937 4540 aut
1963 4486 2236 4539 sitverum
2260 4526 2274 4548 ,
2313 4495 2402 4538 aut
2445 4498 2634 4538 verum
2676 4482 2921 4536 futurum
2958 4482 3050 4536 sit.
3084 4482 3150 4537 Et
3183 4482 3446 4553 quidquid

127 4584 311 4641 posse
337 4574 398 4622 et
418 4571 721 4635 trecentis‘,
756 4581 809 4626 et
835 4573 1010 4628 tribus
1061 4573 1322 4638 millibus,
1356 4581 1412 4626 et
1451 4574 1739 4642 quamdiu-
1770 4565 1824 4624 D
1853 4575 2091 4630 futurum
2117 4577 2223 4640 sit,
2267 4576 2319 4629 id
2351 4576 2465 4629 fieri
2500 4588 2732 4629 necesse
2760 4588 2906 4628 esse.
2955 4574 3231 4645 Quidquid
3263 4585 3444 4630 autem

126 4676 383 4734 cumque
397 4676 458 4715 se
486 4662 722 4718 voluerit
746 4672 772 4702 ει
797 4665 1096 4722 abstinere.
1123 4665 1187 4719 A.
1217 4665 1314 4720 Die
1333 4681 1464 4735 ergo
1481 4666 1744 4735 simplici~

129 4769 222 4814 ter
247 4771 417 4828 posse
451 4756 726 4814 hominem
762 4759 814 4812 in
845 4770 1169 4830 perpetuum
1199 4773 1320 4814 esse
1363 4760 1481 4812 sine
1520 4769 1746 4828 peccato

125 4853 178 4908 si
215 4849 373 4906 velit.
417 4848 784 4906 Possumusne
827 4867 990 4906 omne
1028 4853 1172 4920 quod
1213 4851 1505 4906 volumus?
1551 4848 1610 4905 C.
1639 4850 1742 4905 Ne-

127 4955 440 5012 quaquam.
494 4936 684 5011 Neque
719 4944 864 4998 enim
907 4959 1129 5014 possum
1173 4943 1431 5012 quidquid
1471 4944 1740 5010 voluero;

121 5034 233 5090 sed
285 5032 393 5090 hoc
417 5032 592 5092 solum
621 5034 784 5101 dico,
842 5034 1117 5094 hominem
1159 5035 1277 5092 sine
1325 5046 1548 5104 peccato
1581 5051 1744 5106 posse

121 5139 299 5190 esse,
346 5124 395 5183 Si
418 5125 568 5179 velit.
602 5123 668 5182 A.
691 5125 890 5192 Quaeso
930 5135 988 5180 ut
1017 5126 1148 5180 mihi
1175 5126 1530 5196 respoodeus.
1557 5128 1744 5185 Humi-

126 5234 263 5274 neut
313 5234 406 5276 me
447 5229 637 5288 putas,
683 5237 750 5274 an
775 5220 1059 5276 belluam?
1100 5218 1159 5276 (Ζ.
1192 5221 1252 5277 Si
1285 5220 1354 5276 de
1389 5231 1445 5280 te
1483 5223 1740 5293 ambigo,

127 5380 346 5453 Spiritu
395 5386 468 5453 et_
493 5377 668 5433 littera
699 5377 883 5453 :Ecce
911 5378 1050 5453 Deus
1098 5382 1202 5450 agit
1245 5391 1296 5435 ut
1323 5383 1534 5437 velimus
1562 5395 1609 5439 et
1637 5402 1747 5446 cre-

125 5449 352 5526 damus;
375 5449 469 5526 sed
505 5452 814 5526 consentire,
869 5450 946 5505 vel
986 5449 1254 5507 dissentire
1306 5455 1588 5522 vocationi,
1621 5474 1744 5526 pro-

123 5525 266 5592 pria:
298 5523 582 5576 voluntatis
613 5532 709 5576 est.

206 5605 232 5630 ιι
270 5595 328 5648 lu
356 5594 480 5652 aliis
503 5594 660 5651 libris
690 5593 911 5647 voluerit
933 5594 1217 5650 observare.

203 5665 235 5704 ιο
257 5663 667 5738 erceidicilur
696 5673 759 5738 τῇ
781 5664 1012 5738 δυνάμει.
1042 5667 1339 5736 Depravate
1371 5665 1535 5720 verba
1562 5666 1751 5724 (ἴττω-ιι

133 5753 372 5802 semper
403 5737 551 5790 edita
584 5726 828 5791 invenies
867 5726 1006 5804 apud
1041 5726 1322 5792 Erasmum
1352 5748 1402 5790 et
1429 5738 1752 5803 Marianum,

136 5811 238 5882 qui
278 5811 472 5878 legunt
502 5808 605 5861 hoc
640 5807 758 5863 loco
790 5807 1002 5877 δύναμις
1025 5823 1122 5878 pro
1147 5818 1210 5886 τῇ
1236 5808 1444 5879 δυνάμει
1465 5819 1518 5864 et
1542 5813 1759 5887 ἐνέργεια

1852 4682 1957 4721 ιιοιι
1989 4667 2057 4719 sit
2086 4665 2350 4732 futurum,
2381 4667 2435 4719 id
2466 4667 2584 4720 tieri
2612 4681 2718 4719 non
2751 4679 2932 4734 posse.
2960 4663 3294 4738 Chrysippus
3318 4683 3450 4723 vero

1847 4768 1904 4813 et
1932 4771 2054 4828 quae
2086 4772 2191 4810 non
2224 4765 2353 4810 sunt
2380 4756 2558 4810 futura
2585 4798 2598 4820 ,
2635 4771 2794 4824 posse
2827 4757 2944 4811 lieri
2977 4757 3142 4813 dicit:
3194 4768 3251 4814 ut
3271 4759 3450 4832 frangi

1853 4851 1954 4905 hoc
1983 4851 2363 4919 margaritum,
2403 4849 2568 4902 etiam
2598 4849 2640 4901 si
2677 4848 2728 4901 id
2756 4864 3046 4918 numquam
3081 4849 3322 4904 futurum
3355 4852 3446 4906 sit.

1852 4947 1952 5014 Qui
1981 4960 2113 5015 ergo
2138 4944 2291 4998 aiunt
2322 4943 2598 4997 hominem
2629 4957 2789 5012 posse
2817 4959 2938 4999 esse
2974 4945 3180 5014 absque
3227 4954 3451 5014 peccato

1849 5041 1894 5093 si
1917 5039 2067 5103 velit,
2095 5051 2203 5091 non
2236 5043 2494 5106 poterunt
2523 5035 2626 5090 hoc
2653 5051 2842 5090 verum
2878 5037 3138 5106 probare,
3171 5035 3275 5091 nisi
3301 5038 3448 5091 futu-

1855 5147 1970 5186 rum
1995 5129 2299 5184 docuerint.
2318 5128 2452 5183 Cum
2483 5139 2663 5183 autem
2687 5127 2865 5183 futura
2889 5131 3093 5184 incerta
3119 5129 3228 5183 sint
3246 5130 3449 5197 omnia,

1855 5234 1910 5279 et
1937 5223 2173 5277 maxime
2197 5235 2261 5277 ea
2281 5237 2400 5292 quae
2430 5237 2729 5292 numquam
2755 5223 2891 5278 facta
2925 5231 3073 5289 sunt,
3099 5223 3448 5293 perspicuum

1849 5402 1950 5457 pro
1977 5395 2040 5464 τῇ
2065 5386 2326 5467 liventia}
2365 5397 2420 5467 et
2451 5388 2899 5467 intra_contrario
2926 5406 3090 5446 sensu
3115 5397 3235 5467 περὶ
3260 5391 3449 5448 ἀδυνά-

1852 5459 2108 5534 'ro'o,_jtro
2140 5459 2528 5534 ἆτέρῖδννάτου.
2569 5460 2836 5515 ΜΛιιΤΙΑΝ.

1930 5542 1951 5601 °_
1983 5531 2343 5587 Virmracuut
2375 5535 2596 5598 antiqua
2624 5534 2782 5595 edit.,
2812 5532 2954 5601 quod
2983 5549 3138 5600 super
3159 5544 3294 5587 artes
3317 5544 3411 5588 cst.

1927 5598 1952 5641 ει
1977 5602 2176 5659 Confer
2200 5603 2260 5657 S.
2285 5603 2675 5671 Augustinum,
2695 5603 2795 5656 lib.
2822 5598 2963 5656 inde
2985 5598 3325 5658 Peccatorum
3349 5622 3454 5660 me-

1855 5673 1991 5798 ritis.
2022 5674 2140 5781 Mys
2177 5673 2450 5729 Victorius
2469 5716 2481 5740 ,
2522 5672 2598 5726 An
2621 5682 2674 5726 tu
2697 5673 2979 5728 dialecticis
3002 5691 3064 5728 ue
3090 5675 3314 5731 imbutus
3341 5679 3454 5748 qui-

1891 5759 2074 5798 enses.

1891 5759 1973 5796 em
1993 5759 2044 5798 εδ
2063 5759 2074 5797 ἐ
