  <div class='ocr_page' id='page_1' title='image "/cluster/home/n/w/nwhite01/storage/ocr_20150623/23/uva.x000775467/259.png"; bbox 0 0 4054 6338; ppageno 0'>
   <div class='ocr_carea' id='block_1_1' title="bbox 588 251 694 304">
    <p class='ocr_par' dir='ltr' id='par_1_1' title="bbox 588 251 694 304">
     <span class='ocr_line' id='line_1_1' title="bbox 588 251 694 304; baseline 0.038 -4"><span class='ocrx_word' id='word_1_1' title='bbox 588 251 694 304; x_wconf 67' lang='grc'><strong>505</strong></span> 
     </span>
    </p>
   </div>
   <div class='ocr_carea' id='block_1_2' title="bbox 1838 241 2632 300">
    <p class='ocr_par' dir='ltr' id='par_1_2' title="bbox 1838 241 2632 300">
     <span class='ocr_line' id='line_1_2' title="bbox 1838 241 2632 300; baseline 0 -2"><span class='ocrx_word' id='word_1_2' title='bbox 1838 244 1896 298; x_wconf 81' lang='lat' dir='ltr'><strong>S.</strong></span> <span class='ocrx_word' id='word_1_3' title='bbox 1937 241 2209 300; x_wconf 76' lang='lat' dir='ltr'><strong>EUSEBIl</strong></span> <span class='ocrx_word' id='word_1_4' title='bbox 2249 241 2632 299; x_wconf 75' lang='lat' dir='ltr'><strong>IIIERONYMI</strong></span> 
     </span>
    </p>
   </div>
   <div class='ocr_carea' id='block_1_3' title="bbox 3790 245 3891 301">
    <p class='ocr_par' dir='ltr' id='par_1_3' title="bbox 3790 245 3891 301">
     <span class='ocr_line' id='line_1_3' title="bbox 3790 245 3891 301; baseline -0.03 0"><span class='ocrx_word' id='word_1_5' title='bbox 3790 245 3891 301; x_wconf 77' lang='lat' dir='ltr'>5M</span> 
     </span>
    </p>
   </div>
   <div class='ocr_carea' id='block_1_4' title="bbox 585 359 3891 430">
    <p class='ocr_par' dir='ltr' id='par_1_4' title="bbox 585 359 3891 430">
     <span class='ocr_line' id='line_1_4' title="bbox 585 359 3891 430; baseline -0.002 -10"><span class='ocrx_word' id='word_1_6' title='bbox 585 374 672 420; x_wconf 90' lang='lat' dir='ltr'><strong>est</strong></span> <span class='ocrx_word' id='word_1_7' title='bbox 709 379 805 419; x_wconf 89' lang='lat' dir='ltr'><strong>eos</strong></span> <span class='ocrx_word' id='word_1_8' title='bbox 854 361 908 417; x_wconf 90' lang='lat' dir='ltr'><strong>id</strong></span> <span class='ocrx_word' id='word_1_9' title='bbox 949 362 1196 417; x_wconf 83' lang='lat' dir='ltr'><strong>futurum</strong></span> <span class='ocrx_word' id='word_1_10' title='bbox 1241 361 1452 426; x_wconf 81' lang='lat' dir='ltr'><strong>dicere,</strong></span> <span class='ocrx_word' id='word_1_11' title='bbox 1493 360 1640 430; x_wconf 90' lang='lat' dir='ltr'><strong>quod</strong></span> <span class='ocrx_word' id='word_1_12' title='bbox 1674 374 1781 414; x_wconf 93' lang='lat' dir='ltr'><strong>non</strong></span> <span class='ocrx_word' id='word_1_13' title='bbox 1825 360 2185 423; x_wconf 79' lang='lat' dir='ltr'><strong>sitfuturum;</strong></span> <span class='ocrx_word' id='word_1_14' title='bbox 2215 360 2266 420; x_wconf 78' lang='grc' dir='ltr'><strong>Α</strong></span> <span class='ocrx_word' id='word_1_15' title='bbox 2293 359 2583 415; x_wconf 88' lang='lat' dir='ltr'><strong>Salvatore</strong></span> <span class='ocrx_word' id='word_1_16' title='bbox 2621 359 2696 414; x_wconf 87' lang='lat' dir='ltr'><strong>sit</strong></span> <span class='ocrx_word' id='word_1_17' title='bbox 2739 359 2970 426; x_wconf 91' lang='lat' dir='ltr'><strong>dictum,</strong></span> <span class='ocrx_word' id='word_1_18' title='bbox 3024 369 3077 414; x_wconf 91' lang='lat' dir='ltr'><strong>et</strong></span> <span class='ocrx_word' id='word_1_19' title='bbox 3098 374 3196 430; x_wconf 86' lang='lat' dir='ltr'><strong>per</strong></span> <span class='ocrx_word' id='word_1_20' title='bbox 3243 374 3408 414; x_wconf 90' lang='lat' dir='ltr'><strong>unum</strong></span> <span class='ocrx_word' id='word_1_21' title='bbox 3438 361 3723 427; x_wconf 86' lang='lat' dir='ltr'><strong>omnibus,</strong></span> <span class='ocrx_word' id='word_1_22' title='bbox 3755 363 3801 416; x_wconf 85' lang='lat' dir='ltr'><strong>si</strong></span> <span class='ocrx_word' id='word_1_23' title='bbox 3823 363 3891 415; x_wconf 69' lang='lat' dir='ltr'><strong>eis</strong></span> 
     </span>
    </p>
   </div>
   <div class='ocr_carea' id='block_1_5' title="bbox 587 453 2194 512">
    <p class='ocr_par' dir='ltr' id='par_1_5' title="bbox 587 453 2194 512">
     <span class='ocr_line' id='line_1_5' title="bbox 587 453 2194 512; baseline -0.002 0"><span class='ocrx_word' id='word_1_24' title='bbox 587 457 922 512; x_wconf 86' lang='lat' dir='ltr'><strong>Ecclesiaste</strong></span> <span class='ocrx_word' id='word_1_25' title='bbox 968 454 1111 510; x_wconf 88' lang='lat' dir='ltr'><strong>hanc</strong></span> <span class='ocrx_word' id='word_1_26' title='bbox 1186 454 1550 509; x_wconf 87' lang='lat' dir='ltr'><strong>confirmante</strong></span> <span class='ocrx_word' id='word_1_27' title='bbox 1605 453 1968 508; x_wconf 86' lang='lat' dir='ltr'><strong>sententiam:</strong></span> <span class='ocrx_word' id='word_1_28' title='bbox 2029 453 2194 508; x_wconf 84' lang='lat' dir='ltr'><strong>Omne</strong></span> 
     </span>
    </p>
   </div>
   <div class='ocr_carea' id='block_1_6' title="bbox 587 547 2096 620">
    <p class='ocr_par' dir='ltr' id='par_1_6' title="bbox 587 547 2096 620">
     <span class='ocr_line' id='line_1_6' title="bbox 587 547 2096 620; baseline -0.001 -17"><span class='ocrx_word' id='word_1_29' title='bbox 587 550 729 620; x_wconf 88' lang='lat' dir='ltr'><strong>quod</strong></span> <span class='ocrx_word' id='word_1_30' title='bbox 763 551 1000 620; x_wconf 78' lang='lat' dir='ltr'><strong>futurum</strong></span> <span class='ocrx_word' id='word_1_31' title='bbox 1029 558 1123 614; x_wconf 88' lang='lat' dir='ltr'><strong>est,</strong></span> <span class='ocrx_word' id='word_1_32' title='bbox 1140 550 1254 617; x_wconf 88' lang='lat' dir='ltr'><strong>jam</strong></span> <span class='ocrx_word' id='word_1_33' title='bbox 1287 549 1484 617; x_wconf 76' lang='lat' dir='ltr'><strong>factum</strong></span> <span class='ocrx_word' id='word_1_34' title='bbox 1511 556 1585 601; x_wconf 90' lang='lat' dir='ltr'><strong>est</strong></span> <span class='ocrx_word' id='word_1_35' title='bbox 1616 548 1670 613; x_wconf 79' lang='lat' dir='ltr'><strong>ip</strong></span> <span class='ocrx_word' id='word_1_36' title='bbox 1699 547 1862 616; x_wconf 78' lang='lat' dir='ltr'><strong>priori</strong></span> <span class='ocrx_word' id='word_1_37' title='bbox 1883 548 2096 602; x_wconf 81' lang='lat' dir='ltr'><strong>steculo.</strong></span> 
     </span>
    </p>
   </div>
   <div class='ocr_carea' id='block_1_7' title="bbox 663 637 2196 705">
    <p class='ocr_par' dir='ltr' id='par_1_7' title="bbox 663 637 2196 705">
     <span class='ocr_line' id='line_1_7' title="bbox 663 637 2196 705; baseline -0.001 -11"><span class='ocrx_word' id='word_1_38' title='bbox 663 641 752 696; x_wconf 80' lang='grc'><strong>10.</strong></span> <span class='ocrx_word' id='word_1_39' title='bbox 790 638 1076 693; x_wconf 87' lang='lat' dir='ltr'><strong>Possibilia</strong></span> <span class='ocrx_word' id='word_1_40' title='bbox 1113 638 1214 692; x_wconf 80' lang='lat' dir='ltr'><strong>Dei</strong></span> <span class='ocrx_word' id='word_1_41' title='bbox 1241 639 1510 692; x_wconf 86' lang='lat' dir='ltr'><strong>mandata.</strong></span> <span class='ocrx_word' id='word_1_42' title='bbox 1543 669 1614 678; x_wconf 97' lang='lat'><strong>—</strong></span> <span class='ocrx_word' id='word_1_43' title='bbox 1641 637 1701 692; x_wconf 88' lang='lat' dir='ltr'><strong>C.</strong></span> <span class='ocrx_word' id='word_1_44' title='bbox 1731 638 1842 692; x_wconf 93' lang='lat' dir='ltr'><strong>Oro</strong></span> <span class='ocrx_word' id='word_1_45' title='bbox 1871 649 1922 693; x_wconf 91' lang='lat' dir='ltr'><strong>te</strong></span> <span class='ocrx_word' id='word_1_46' title='bbox 1942 681 1957 705; x_wconf 91' lang='lat'><strong>,</strong></span> <span class='ocrx_word' id='word_1_47' title='bbox 2011 647 2069 693; x_wconf 93' lang='lat' dir='ltr'><strong>ut</strong></span> <span class='ocrx_word' id='word_1_48' title='bbox 2093 638 2196 695; x_wconf 88' lang='lat' dir='ltr'><strong>hoc</strong></span> 
     </span>
    </p>
   </div>
   <div class='ocr_carea' id='block_1_8' title="bbox 593 731 2194 803">
    <p class='ocr_par' dir='ltr' id='par_1_8' title="bbox 593 731 2194 803">
     <span class='ocr_line' id='line_1_8' title="bbox 593 731 2194 803; baseline -0.002 -14"><span class='ocrx_word' id='word_1_49' title='bbox 593 733 727 789; x_wconf 89' lang='lat' dir='ltr'><strong>mibi</strong></span> <span class='ocrx_word' id='word_1_50' title='bbox 753 732 1122 803; x_wconf 86' lang='lat' dir='ltr'><strong>respondeas:</strong></span> <span class='ocrx_word' id='word_1_51' title='bbox 1153 733 1438 802; x_wconf 82' lang='lat' dir='ltr'><strong>possibilia</strong></span> <span class='ocrx_word' id='word_1_52' title='bbox 1467 732 1611 786; x_wconf 86' lang='lat' dir='ltr'><strong>Deus</strong></span> <span class='ocrx_word' id='word_1_53' title='bbox 1642 731 1895 786; x_wconf 90' lang='lat' dir='ltr'><strong>mandata</strong></span> <span class='ocrx_word' id='word_1_54' title='bbox 1925 732 2099 795; x_wconf 91' lang='lat' dir='ltr'><strong>dedit,</strong></span> <span class='ocrx_word' id='word_1_55' title='bbox 2128 747 2194 786; x_wconf 92' lang='lat' dir='ltr'><strong>an</strong></span> 
     </span>
    </p>
   </div>
   <div class='ocr_carea' id='block_1_9' title="bbox 594 823 2200 898">
    <p class='ocr_par' dir='ltr' id='par_1_9' title="bbox 594 823 2200 898">
     <span class='ocr_line' id='line_1_9' title="bbox 594 823 2200 898; baseline -0.001 -16"><span class='ocrx_word' id='word_1_56' title='bbox 594 826 995 896; x_wconf 88' lang='lat' dir='ltr'><strong>impossibilia?</strong></span> <span class='ocrx_word' id='word_1_57' title='bbox 1024 826 1089 880; x_wconf 82' lang='grc' dir='ltr'><strong>Α.</strong></span> <span class='ocrx_word' id='word_1_58' title='bbox 1119 823 1298 881; x_wconf 90' lang='lat' dir='ltr'><strong>Cerno</strong></span> <span class='ocrx_word' id='word_1_59' title='bbox 1330 843 1435 898; x_wconf 93' lang='lat' dir='ltr'><strong>quo</strong></span> <span class='ocrx_word' id='word_1_60' title='bbox 1471 837 1560 881; x_wconf 91' lang='lat' dir='ltr'><strong>tua</strong></span> <span class='ocrx_word' id='word_1_61' title='bbox 1595 827 1781 882; x_wconf 90' lang='lat' dir='ltr'><strong>tendat</strong></span> <span class='ocrx_word' id='word_1_62' title='bbox 1807 827 2061 883; x_wconf 89' lang='lat' dir='ltr'><strong>assertio.</strong></span> <span class='ocrx_word' id='word_1_63' title='bbox 2091 825 2200 883; x_wconf 86' lang='lat' dir='ltr'><strong>Sed</strong></span> 
     </span>
    </p>
   </div>
   <div class='ocr_carea' id='block_1_10' title="bbox 599 919 2198 990">
    <p class='ocr_par' dir='ltr' id='par_1_10' title="bbox 599 919 2198 990">
     <span class='ocr_line' id='line_1_10' title="bbox 599 919 2198 990; baseline -0.002 -15"><span class='ocrx_word' id='word_1_64' title='bbox 599 921 667 975; x_wconf 87' lang='lat' dir='ltr'><strong>de</strong></span> <span class='ocrx_word' id='word_1_65' title='bbox 699 920 802 975; x_wconf 83' lang='lat' dir='ltr'><strong>hoc</strong></span> <span class='ocrx_word' id='word_1_66' title='bbox 854 921 903 974; x_wconf 87' lang='lat' dir='ltr'><strong>in</strong></span> <span class='ocrx_word' id='word_1_67' title='bbox 940 919 1344 990; x_wconf 78' lang='lat' dir='ltr'><strong>posterioribus</strong></span> <span class='ocrx_word' id='word_1_68' title='bbox 1395 919 1773 974; x_wconf 68' lang='lat' dir='ltr'><strong>disserendum</strong></span> <span class='ocrx_word' id='word_1_69' title='bbox 1798 929 1911 985; x_wconf 75' lang='lat' dir='ltr'><strong>est,</strong></span> <span class='ocrx_word' id='word_1_70' title='bbox 1961 934 2029 974; x_wconf 92' lang='lat' dir='ltr'><strong>ne</strong></span> <span class='ocrx_word' id='word_1_71' title='bbox 2071 921 2198 974; x_wconf 91' lang='lat' dir='ltr'><strong>dum</strong></span> 
     </span>
    </p>
   </div>
   <div class='ocr_carea' id='block_1_11' title="bbox 601 1011 2200 1082">
    <p class='ocr_par' dir='ltr' id='par_1_11' title="bbox 601 1011 2200 1082">
     <span class='ocr_line' id='line_1_11' title="bbox 601 1011 2200 1082; baseline -0.004 -14"><span class='ocrx_word' id='word_1_72' title='bbox 601 1014 898 1068; x_wconf 79' lang='lat' dir='ltr'><strong>miscemus</strong></span> <span class='ocrx_word' id='word_1_73' title='bbox 936 1011 1330 1082; x_wconf 76' lang='lat' dir='ltr'><strong>qurestionibus</strong></span> <span class='ocrx_word' id='word_1_74' title='bbox 1359 1011 1728 1080; x_wconf 69' lang='lat' dir='ltr'><strong>quaestiones,</strong></span> <span class='ocrx_word' id='word_1_75' title='bbox 1765 1011 2048 1064; x_wconf 81' lang='lat' dir='ltr'><strong>obscuram</strong></span> <span class='ocrx_word' id='word_1_76' title='bbox 2100 1025 2200 1062; x_wconf 88' lang='lat' dir='ltr'><strong>au-</strong></span> 
     </span>
    </p>
   </div>
   <div class='ocr_carea' id='block_1_12' title="bbox 604 1105 2204 1176">
    <p class='ocr_par' dir='ltr' id='par_1_12' title="bbox 604 1105 2204 1176">
     <span class='ocr_line' id='line_1_12' title="bbox 604 1105 2204 1176; baseline -0.001 -16"><span class='ocrx_word' id='word_1_77' title='bbox 604 1107 883 1162; x_wconf 86' lang='lat' dir='ltr'><strong>dientibus</strong></span> <span class='ocrx_word' id='word_1_78' title='bbox 909 1105 1325 1175; x_wconf 78' lang='lat' dir='ltr'><strong>intelligentiam</strong></span> <span class='ocrx_word' id='word_1_79' title='bbox 1352 1105 1748 1176; x_wconf 79' lang='lat' dir='ltr'><strong>relinquamus.</strong></span> <span class='ocrx_word' id='word_1_80' title='bbox 1782 1105 2082 1159; x_wconf 83' lang='lat' dir='ltr'><strong>Reservato</strong></span> <span class='ocrx_word' id='word_1_81' title='bbox 2108 1105 2204 1176; x_wconf 88' lang='lat' dir='ltr'><strong>igi-</strong></span> 
     </span>
    </p>
   </div>
   <div class='ocr_carea' id='block_1_13' title="bbox 605 1196 2206 1268">
    <p class='ocr_par' dir='ltr' id='par_1_13' title="bbox 605 1196 2206 1268">
     <span class='ocr_line' id='line_1_13' title="bbox 605 1196 2206 1268; baseline 0 -17"><span class='ocrx_word' id='word_1_82' title='bbox 605 1208 692 1253; x_wconf 86' lang='lat' dir='ltr'><strong>tur</strong></span> <span class='ocrx_word' id='word_1_83' title='bbox 725 1198 827 1253; x_wconf 87' lang='lat' dir='ltr'><strong>hoc</strong></span> <span class='ocrx_word' id='word_1_84' title='bbox 856 1197 998 1268; x_wconf 90' lang='lat' dir='ltr'><strong>quod</strong></span> <span class='ocrx_word' id='word_1_85' title='bbox 1032 1197 1264 1251; x_wconf 87' lang='lat' dir='ltr'><strong>fatemur</strong></span> <span class='ocrx_word' id='word_1_86' title='bbox 1290 1197 1566 1266; x_wconf 77' lang='lat' dir='ltr'><strong>possibilia</strong></span> <span class='ocrx_word' id='word_1_87' title='bbox 1597 1196 1766 1251; x_wconf 87' lang='lat' dir='ltr'><strong>Deum</strong></span> <span class='ocrx_word' id='word_1_88' title='bbox 1804 1197 2026 1252; x_wconf 68' lang='lat' dir='ltr'><strong>dedisse</strong></span> <span class='ocrx_word' id='word_1_89' title='bbox 2055 1213 2206 1251; x_wconf 86' lang='lat' dir='ltr'><strong>man-</strong></span> 
     </span>
    </p>
   </div>
   <div class='ocr_carea' id='block_1_14' title="bbox 597 1290 2202 1360">
    <p class='ocr_par' dir='ltr' id='par_1_14' title="bbox 597 1290 2202 1360">
     <span class='ocr_line' id='line_1_14' title="bbox 597 1290 2202 1360; baseline -0.001 -14"><span class='ocrx_word' id='word_1_90' title='bbox 597 1293 754 1355; x_wconf 85' lang='lat' dir='ltr'><strong>data,</strong></span> <span class='ocrx_word' id='word_1_91' title='bbox 791 1307 856 1344; x_wconf 92' lang='lat' dir='ltr'><strong>ne</strong></span> <span class='ocrx_word' id='word_1_92' title='bbox 882 1293 1000 1360; x_wconf 87' lang='lat' dir='ltr'><strong>ipse</strong></span> <span class='ocrx_word' id='word_1_93' title='bbox 1027 1301 1223 1345; x_wconf 80' lang='lat' dir='ltr'><strong>auctor</strong></span> <span class='ocrx_word' id='word_1_94' title='bbox 1254 1290 1540 1358; x_wconf 73' lang='lat' dir='ltr'><strong>injustitiae</strong></span> <span class='ocrx_word' id='word_1_95' title='bbox 1567 1290 1672 1354; x_wconf 87' lang='lat' dir='ltr'><strong>sit,</strong></span> <span class='ocrx_word' id='word_1_96' title='bbox 1703 1291 1745 1344; x_wconf 91' lang='lat' dir='ltr'><strong>si</strong></span> <span class='ocrx_word' id='word_1_97' title='bbox 1775 1290 1824 1343; x_wconf 91' lang='lat' dir='ltr'><strong>id</strong></span> <span class='ocrx_word' id='word_1_98' title='bbox 1849 1290 2035 1359; x_wconf 80' lang='lat' dir='ltr'><strong>exigat</strong></span> <span class='ocrx_word' id='word_1_99' title='bbox 2063 1290 2202 1355; x_wconf 84' lang='lat' dir='ltr'><strong>fieri,</strong></span> 
     </span>
    </p>
   </div>
   <div class='ocr_carea' id='block_1_15' title="bbox 601 1382 2207 1458">
    <p class='ocr_par' dir='ltr' id='par_1_15' title="bbox 601 1382 2207 1458">
     <span class='ocr_line' id='line_1_15' title="bbox 601 1382 2207 1458; baseline -0.002 -18"><span class='ocrx_word' id='word_1_100' title='bbox 601 1386 746 1458; x_wconf 90' lang='lat' dir='ltr'><strong>quod</strong></span> <span class='ocrx_word' id='word_1_101' title='bbox 774 1385 888 1441; x_wconf 84' lang='lat' dir='ltr'><strong>fieri</strong></span> <span class='ocrx_word' id='word_1_102' title='bbox 915 1401 1021 1439; x_wconf 92' lang='lat' dir='ltr'><strong>non</strong></span> <span class='ocrx_word' id='word_1_103' title='bbox 1055 1394 1235 1455; x_wconf 89' lang='lat' dir='ltr'><strong>potest</strong></span> <span class='ocrx_word' id='word_1_104' title='bbox 1262 1403 1273 1437; x_wconf 91' lang='lat'><strong>:</strong></span> <span class='ocrx_word' id='word_1_105' title='bbox 1303 1399 1448 1439; x_wconf 90' lang='lat' dir='ltr'><strong>nunc</strong></span> <span class='ocrx_word' id='word_1_106' title='bbox 1471 1383 1603 1438; x_wconf 87' lang='lat' dir='ltr'><strong>illud</strong></span> <span class='ocrx_word' id='word_1_107' title='bbox 1626 1383 1791 1453; x_wconf 91' lang='lat' dir='ltr'><strong>imple</strong></span> <span class='ocrx_word' id='word_1_108' title='bbox 1823 1382 1968 1450; x_wconf 90' lang='lat' dir='ltr'><strong>quod</strong></span> <span class='ocrx_word' id='word_1_109' title='bbox 2004 1398 2207 1453; x_wconf 82' lang='lat' dir='ltr'><strong>propo-</strong></span> 
     </span>
    </p>
   </div>
   <div class='ocr_carea' id='block_1_16' title="bbox 610 1475 2206 1547">
    <p class='ocr_par' dir='ltr' id='par_1_16' title="bbox 610 1475 2206 1547">
     <span class='ocr_line' id='line_1_16' title="bbox 610 1475 2206 1547; baseline -0.003 -14"><span class='ocrx_word' id='word_1_110' title='bbox 610 1495 801 1534; x_wconf 87' lang='lat' dir='ltr'><strong>sueras</strong></span> <span class='ocrx_word' id='word_1_111' title='bbox 824 1521 836 1542; x_wconf 93' lang='lat'><strong>,</strong></span> <span class='ocrx_word' id='word_1_112' title='bbox 887 1493 1047 1547; x_wconf 85' lang='lat' dir='ltr'><strong>posse</strong></span> <span class='ocrx_word' id='word_1_113' title='bbox 1088 1477 1365 1531; x_wconf 83' lang='lat' dir='ltr'><strong>hominem</strong></span> <span class='ocrx_word' id='word_1_114' title='bbox 1400 1477 1519 1530; x_wconf 87' lang='lat' dir='ltr'><strong>sine</strong></span> <span class='ocrx_word' id='word_1_115' title='bbox 1573 1484 1796 1544; x_wconf 86' lang='lat' dir='ltr'><strong>peccato</strong></span> <span class='ocrx_word' id='word_1_116' title='bbox 1829 1489 1948 1529; x_wconf 90' lang='lat' dir='ltr'><strong>csse</strong></span> <span class='ocrx_word' id='word_1_117' title='bbox 1973 1475 2019 1529; x_wconf 91' lang='lat' dir='ltr'><strong>si</strong></span> <span class='ocrx_word' id='word_1_118' title='bbox 2056 1475 2206 1529; x_wconf 85' lang='lat' dir='ltr'><strong>velit.</strong></span> 
     </span>
    </p>
   </div>
   <div class='ocr_carea' id='block_1_17' title="bbox 614 1566 2214 1638">
    <p class='ocr_par' dir='ltr' id='par_1_17' title="bbox 614 1566 2214 1638">
     <span class='ocr_line' id='line_1_17' title="bbox 614 1566 2214 1638; baseline -0.003 -13"><span class='ocrx_word' id='word_1_119' title='bbox 614 1575 719 1626; x_wconf 79' lang='lat' dir='ltr'><strong>Aut</strong></span> <span class='ocrx_word' id='word_1_120' title='bbox 745 1573 889 1626; x_wconf 89' lang='lat' dir='ltr'><strong>enim</strong></span> <span class='ocrx_word' id='word_1_121' title='bbox 914 1569 1071 1624; x_wconf 91' lang='lat' dir='ltr'><strong>dabis</strong></span> <span class='ocrx_word' id='word_1_122' title='bbox 1094 1584 1190 1622; x_wconf 90' lang='lat' dir='ltr'><strong>eos</strong></span> <span class='ocrx_word' id='word_1_123' title='bbox 1215 1569 1306 1638; x_wconf 85' lang='lat' dir='ltr'><strong>qui</strong></span> <span class='ocrx_word' id='word_1_124' title='bbox 1336 1577 1672 1638; x_wconf 89' lang='lat' dir='ltr'><strong>potuerunt;</strong></span> <span class='ocrx_word' id='word_1_125' title='bbox 1720 1577 1810 1620; x_wconf 91' lang='lat' dir='ltr'><strong>ant</strong></span> <span class='ocrx_word' id='word_1_126' title='bbox 1838 1566 1884 1621; x_wconf 93' lang='lat' dir='ltr'><strong>si</strong></span> <span class='ocrx_word' id='word_1_127' title='bbox 1915 1567 2094 1620; x_wconf 89' lang='lat' dir='ltr'><strong>nullus</strong></span> <span class='ocrx_word' id='word_1_128' title='bbox 2119 1582 2214 1637; x_wconf 89' lang='lat' dir='ltr'><strong>po-</strong></span> 
     </span>
    </p>
   </div>
   <div class='ocr_carea' id='block_1_18' title="bbox 616 1663 2212 1732">
    <p class='ocr_par' dir='ltr' id='par_1_18' title="bbox 616 1663 2212 1732">
     <span class='ocr_line' id='line_1_18' title="bbox 616 1663 2212 1732; baseline -0.001 -14"><span class='ocrx_word' id='word_1_129' title='bbox 616 1666 748 1730; x_wconf 89' lang='lat' dir='ltr'><strong>tuit,</strong></span> <span class='ocrx_word' id='word_1_130' title='bbox 783 1663 993 1732; x_wconf 89' lang='lat' dir='ltr'><strong>liquido</strong></span> <span class='ocrx_word' id='word_1_131' title='bbox 1021 1663 1372 1718; x_wconf 86' lang='lat' dir='ltr'><strong>confiteberis</strong></span> <span class='ocrx_word' id='word_1_132' title='bbox 1402 1663 1675 1717; x_wconf 90' lang='lat' dir='ltr'><strong>hominem</strong></span> <span class='ocrx_word' id='word_1_133' title='bbox 1708 1663 1758 1716; x_wconf 91' lang='lat' dir='ltr'><strong>in</strong></span> <span class='ocrx_word' id='word_1_134' title='bbox 1782 1672 2102 1732; x_wconf 90' lang='lat' dir='ltr'><strong>perpetuum</strong></span> <span class='ocrx_word' id='word_1_135' title='bbox 2132 1663 2212 1716; x_wconf 69' lang='lat' dir='ltr'><strong>vi-</strong></span> 
     </span>
    </p>
   </div>
   <div class='ocr_carea' id='block_1_19' title="bbox 2297 452 3892 524">
    <p class='ocr_par' dir='ltr' id='par_1_19' title="bbox 2297 452 3892 524">
     <span class='ocr_line' id='line_1_19' title="bbox 2297 452 3892 524; baseline 0.002 -17"><span class='ocrx_word' id='word_1_136' title='bbox 2297 469 2408 507; x_wconf 82' lang='lat' dir='ltr'><strong>esse</strong></span> <span class='ocrx_word' id='word_1_137' title='bbox 2428 453 2703 524; x_wconf 82' lang='lat' dir='ltr'><strong>perfectus.</strong></span> <span class='ocrx_word' id='word_1_138' title='bbox 2729 452 2793 506; x_wconf 84' lang='grc' dir='ltr'><strong>Α.</strong></span> <span class='ocrx_word' id='word_1_139' title='bbox 2825 453 3253 524; x_wconf 88' lang='lat' dir='ltr'><strong>Tergiversaris:</strong></span> <span class='ocrx_word' id='word_1_140' title='bbox 3284 453 3338 508; x_wconf 93' lang='lat' dir='ltr'><strong>in</strong></span> <span class='ocrx_word' id='word_1_141' title='bbox 3369 453 3562 509; x_wconf 90' lang='lat' dir='ltr'><strong>eodem</strong></span> <span class='ocrx_word' id='word_1_142' title='bbox 3590 454 3713 510; x_wconf 92' lang='lat' dir='ltr'><strong>luto</strong></span> <span class='ocrx_word' id='word_1_143' title='bbox 3742 455 3892 510; x_wconf 60' lang='lat' dir='ltr'><strong>haesi-</strong></span> 
     </span>
    </p>
   </div>
   <div class='ocr_carea' id='block_1_20' title="bbox 2301 545 3892 617">
    <p class='ocr_par' dir='ltr' id='par_1_20' title="bbox 2301 545 3892 617">
     <span class='ocr_line' id='line_1_20' title="bbox 2301 545 3892 617; baseline 0.001 -16"><span class='ocrx_word' id='word_1_144' title='bbox 2301 557 2402 601; x_wconf 88' lang='lat' dir='ltr'><strong>tas.</strong></span> <span class='ocrx_word' id='word_1_145' title='bbox 2432 546 2544 601; x_wconf 81' lang='lat' dir='ltr'><strong>Aut</strong></span> <span class='ocrx_word' id='word_1_146' title='bbox 2579 546 2726 602; x_wconf 91' lang='lat' dir='ltr'><strong>enim</strong></span> <span class='ocrx_word' id='word_1_147' title='bbox 2759 545 2902 616; x_wconf 88' lang='lat' dir='ltr'><strong>quod</strong></span> <span class='ocrx_word' id='word_1_148' title='bbox 2936 554 3116 617; x_wconf 89' lang='lat' dir='ltr'><strong>potest</strong></span> <span class='ocrx_word' id='word_1_149' title='bbox 3144 545 3294 611; x_wconf 82' lang='lat' dir='ltr'><strong>fieri,</strong></span> <span class='ocrx_word' id='word_1_150' title='bbox 3344 546 3647 616; x_wconf 88' lang='lat' dir='ltr'><strong>aliquando</strong></span> <span class='ocrx_word' id='word_1_151' title='bbox 3693 545 3892 602; x_wconf 83' lang='lat' dir='ltr'><strong>factum</strong></span> 
     </span>
    </p>
   </div>
   <div class='ocr_carea' id='block_1_21' title="bbox 2299 637 3893 710">
    <p class='ocr_par' dir='ltr' id='par_1_21' title="bbox 2299 637 3893 710">
     <span class='ocr_line' id='line_1_21' title="bbox 2299 637 3893 710; baseline 0.001 -17"><span class='ocrx_word' id='word_1_152' title='bbox 2299 647 2412 693; x_wconf 90' lang='lat' dir='ltr'><strong>est:</strong></span> <span class='ocrx_word' id='word_1_153' title='bbox 2437 646 2532 693; x_wconf 90' lang='lat' dir='ltr'><strong>aut</strong></span> <span class='ocrx_word' id='word_1_154' title='bbox 2555 637 2601 693; x_wconf 87' lang='lat' dir='ltr'><strong>si</strong></span> <span class='ocrx_word' id='word_1_155' title='bbox 2623 653 2917 710; x_wconf 88' lang='lat' dir='ltr'><strong>numquam</strong></span> <span class='ocrx_word' id='word_1_156' title='bbox 2939 637 3140 694; x_wconf 88' lang='lat' dir='ltr'><strong>factum</strong></span> <span class='ocrx_word' id='word_1_157' title='bbox 3166 646 3271 705; x_wconf 92' lang='lat' dir='ltr'><strong>est,</strong></span> <span class='ocrx_word' id='word_1_158' title='bbox 3301 637 3418 694; x_wconf 85' lang='lat' dir='ltr'><strong>fieri</strong></span> <span class='ocrx_word' id='word_1_159' title='bbox 3446 653 3555 694; x_wconf 91' lang='lat' dir='ltr'><strong>non</strong></span> <span class='ocrx_word' id='word_1_160' title='bbox 3581 653 3751 710; x_wconf 89' lang='lat' dir='ltr'><strong>posse</strong></span> <span class='ocrx_word' id='word_1_161' title='bbox 3771 653 3893 695; x_wconf 85' lang='lat' dir='ltr'><strong>con-</strong></span> 
     </span>
    </p>
   </div>
   <div class='ocr_carea' id='block_1_22' title="bbox 2302 732 2457 788">
    <p class='ocr_par' dir='ltr' id='par_1_22' title="bbox 2302 732 2457 788">
     <span class='ocr_line' id='line_1_22' title="bbox 2302 732 2457 788; baseline -0.006 -1"><span class='ocrx_word' id='word_1_162' title='bbox 2302 732 2457 788; x_wconf 89' lang='lat' dir='ltr'><strong>cede.</strong></span> 
     </span>
    </p>
   </div>
   <div class='ocr_carea' id='block_1_23' title="bbox 2378 823 3897 899">
    <p class='ocr_par' dir='ltr' id='par_1_23' title="bbox 2378 823 3897 899">
     <span class='ocr_line' id='line_1_23' title="bbox 2378 823 3897 899; baseline 0.004 -21"><span class='ocrx_word' id='word_1_163' title='bbox 2378 825 2464 879; x_wconf 70' lang='lat'><strong>12.</strong></span> <span class='ocrx_word' id='word_1_164' title='bbox 2486 823 2545 879; x_wconf 89' lang='lat' dir='ltr'><strong>C.</strong></span> <span class='ocrx_word' id='word_1_165' title='bbox 2570 824 2709 892; x_wconf 88' lang='lat' dir='ltr'><strong>Quid</strong></span> <span class='ocrx_word' id='word_1_166' title='bbox 2729 825 2868 880; x_wconf 89' lang='lat' dir='ltr'><strong>ultra</strong></span> <span class='ocrx_word' id='word_1_167' title='bbox 2883 825 3101 881; x_wconf 85' lang='lat' dir='ltr'><strong>dilfero?</strong></span> <span class='ocrx_word' id='word_1_168' title='bbox 3115 826 3702 899; x_wconf 58' lang='lat' dir='ltr'><strong>705$criptnrarum</strong></span> <span class='ocrx_word' id='word_1_169' title='bbox 3717 841 3897 886; x_wconf 86' lang='lat' dir='ltr'><strong>aucto—</strong></span> 
     </span>
    </p>
   </div>
   <div class='ocr_carea' id='block_1_24' title="bbox 2305 919 3896 983">
    <p class='ocr_par' dir='ltr' id='par_1_24' title="bbox 2305 919 3896 983">
     <span class='ocr_line' id='line_1_24' title="bbox 2305 919 3896 983; baseline 0.001 -9"><span class='ocrx_word' id='word_1_170' title='bbox 2305 920 2463 974; x_wconf 90' lang='lat' dir='ltr'><strong>ritate</strong></span> <span class='ocrx_word' id='word_1_171' title='bbox 2476 919 2778 974; x_wconf 89' lang='lat' dir='ltr'><strong>viucendus</strong></span> <span class='ocrx_word' id='word_1_172' title='bbox 2790 934 2870 974; x_wconf 86' lang='lat' dir='ltr'><strong>es.</strong></span> <span class='ocrx_word' id='word_1_173' title='bbox 2897 919 2968 975; x_wconf 89' lang='lat' dir='ltr'><strong>Ut</strong></span> <span class='ocrx_word' id='word_1_174' title='bbox 2984 929 3181 974; x_wconf 65' lang='lat' dir='ltr'><strong>caetera</strong></span> <span class='ocrx_word' id='word_1_175' title='bbox 3206 919 3590 983; x_wconf 89' lang='lat' dir='ltr'><strong>intermittam,</strong></span> <span class='ocrx_word' id='word_1_176' title='bbox 3614 935 3801 976; x_wconf 89' lang='lat' dir='ltr'><strong>nonne</strong></span> <span class='ocrx_word' id='word_1_177' title='bbox 3819 921 3896 976; x_wconf 84' lang='lat' dir='ltr'><strong>bis</strong></span> 
     </span>
    </p>
   </div>
   <div class='ocr_carea' id='block_1_25' title="bbox 2305 1013 3902 1085">
    <p class='ocr_par' dir='ltr' id='par_1_25' title="bbox 2305 1013 3902 1085">
     <span class='ocr_line' id='line_1_25' title="bbox 2305 1013 3902 1085; baseline 0.003 -19"><span class='ocrx_word' id='word_1_178' title='bbox 2305 1013 2516 1068; x_wconf 90' lang='lat' dir='ltr'><strong>duobus</strong></span> <span class='ocrx_word' id='word_1_179' title='bbox 2547 1014 2874 1067; x_wconf 88' lang='lat' dir='ltr'><strong>testimoniis</strong></span> <span class='ocrx_word' id='word_1_180' title='bbox 2905 1013 2996 1068; x_wconf 90' lang='lat' dir='ltr'><strong>tibi</strong></span> <span class='ocrx_word' id='word_1_181' title='bbox 3033 1014 3348 1083; x_wconf 86' lang='lat' dir='ltr'><strong>imponetur</strong></span> <span class='ocrx_word' id='word_1_182' title='bbox 3373 1015 3680 1082; x_wconf 87' lang='lat' dir='ltr'><strong>silentium,</strong></span> <span class='ocrx_word' id='word_1_183' title='bbox 3705 1016 3760 1070; x_wconf 91' lang='lat' dir='ltr'><strong>iu</strong></span> <span class='ocrx_word' id='word_1_184' title='bbox 3793 1017 3902 1085; x_wconf 82' lang='lat' dir='ltr'><strong>qui-</strong></span> 
     </span>
    </p>
   </div>
   <div class='ocr_carea' id='block_1_26' title="bbox 2307 1106 3899 1180">
    <p class='ocr_par' dir='ltr' id='par_1_26' title="bbox 2307 1106 3899 1180">
     <span class='ocr_line' id='line_1_26' title="bbox 2307 1106 3899 1180; baseline 0 -18"><span class='ocrx_word' id='word_1_185' title='bbox 2307 1109 2407 1162; x_wconf 90' lang='lat' dir='ltr'><strong>bus</strong></span> <span class='ocrx_word' id='word_1_186' title='bbox 2435 1106 2534 1162; x_wconf 83' lang='lat' dir='ltr'><strong>Job</strong></span> <span class='ocrx_word' id='word_1_187' title='bbox 2576 1119 2630 1161; x_wconf 86' lang='lat' dir='ltr'><strong>et</strong></span> <span class='ocrx_word' id='word_1_188' title='bbox 2655 1107 2969 1170; x_wconf 80' lang='lat' dir='ltr'><strong>Zacharias,</strong></span> <span class='ocrx_word' id='word_1_189' title='bbox 3001 1108 3387 1180; x_wconf 88' lang='lat' dir='ltr'><strong>Elisabethque</strong></span> <span class='ocrx_word' id='word_1_190' title='bbox 3419 1108 3764 1164; x_wconf 82' lang='lat' dir='ltr'><strong>laudantur?</strong></span> <span class='ocrx_word' id='word_1_191' title='bbox 3791 1108 3899 1164; x_wconf 79' lang='lat' dir='ltr'><strong>Nisi</strong></span> 
     </span>
    </p>
   </div>
   <div class='ocr_carea' id='block_1_27' title="bbox 2307 1197 3902 1268">
    <p class='ocr_par' dir='ltr' id='par_1_27' title="bbox 2307 1197 3902 1268">
     <span class='ocr_line' id='line_1_27' title="bbox 2307 1197 3902 1268; baseline 0.001 -16"><span class='ocrx_word' id='word_1_192' title='bbox 2307 1199 2454 1252; x_wconf 89' lang='lat' dir='ltr'><strong>enim</strong></span> <span class='ocrx_word' id='word_1_193' title='bbox 2496 1197 2658 1253; x_wconf 82' lang='lat' dir='ltr'><strong>fallor</strong></span> <span class='ocrx_word' id='word_1_194' title='bbox 2689 1199 2738 1252; x_wconf 92' lang='lat' dir='ltr'><strong>iu</strong></span> <span class='ocrx_word' id='word_1_195' title='bbox 2769 1197 2871 1253; x_wconf 81' lang='lat' dir='ltr'><strong>Job</strong></span> <span class='ocrx_word' id='word_1_196' title='bbox 2904 1199 2978 1252; x_wconf 88' lang='lat' dir='ltr'><strong>ita</strong></span> <span class='ocrx_word' id='word_1_197' title='bbox 3001 1199 3273 1267; x_wconf 86' lang='lat' dir='ltr'><strong>scriptum</strong></span> <span class='ocrx_word' id='word_1_198' title='bbox 3303 1209 3422 1255; x_wconf 89' lang='lat' dir='ltr'><strong>est:</strong></span> <span class='ocrx_word' id='word_1_199' title='bbox 3474 1199 3653 1254; x_wconf 83' lang='lat' dir='ltr'><strong>Homo</strong></span> <span class='ocrx_word' id='word_1_200' title='bbox 3695 1201 3902 1268; x_wconf 85' lang='lat' dir='ltr'><strong>quidam</strong></span> 
     </span>
    </p>
   </div>
   <div class='ocr_carea' id='block_1_28' title="bbox 2311 1290 3902 1363">
    <p class='ocr_par' dir='ltr' id='par_1_28' title="bbox 2311 1290 3902 1363">
     <span class='ocr_line' id='line_1_28' title="bbox 2311 1290 3902 1363; baseline -0.001 -18"><span class='ocrx_word' id='word_1_201' title='bbox 2311 1300 2420 1345; x_wconf 87' lang='lat' dir='ltr'><strong>erat</strong></span> <span class='ocrx_word' id='word_1_202' title='bbox 2451 1300 2477 1327; x_wconf 79' lang='grc' dir='ltr'><strong>ει</strong></span> <span class='ocrx_word' id='word_1_203' title='bbox 2507 1291 2558 1344; x_wconf 90' lang='lat' dir='ltr'><strong>in</strong></span> <span class='ocrx_word' id='word_1_204' title='bbox 2595 1294 2801 1362; x_wconf 81' lang='lat' dir='ltr'><strong>regione</strong></span> <span class='ocrx_word' id='word_1_205' title='bbox 2832 1291 3068 1346; x_wconf 83' lang='lat' dir='ltr'><strong>Ausitidc</strong></span> <span class='ocrx_word' id='word_1_206' title='bbox 3107 1291 3214 1363; x_wconf 74' lang='lat' dir='ltr'><strong>[AL</strong></span> <span class='ocrx_word' id='word_1_207' title='bbox 3255 1290 3414 1363; x_wconf 82' lang='lat' dir='ltr'><strong>Has],</strong></span> <span class='ocrx_word' id='word_1_208' title='bbox 3447 1293 3656 1346; x_wconf 80' lang='lat' dir='ltr'><strong>nomine</strong></span> <span class='ocrx_word' id='word_1_209' title='bbox 3680 1291 3810 1360; x_wconf 90' lang='lat' dir='ltr'><strong>Job,</strong></span> <span class='ocrx_word' id='word_1_210' title='bbox 3863 1302 3902 1345; x_wconf 85' lang='lat' dir='ltr'><strong>et</strong></span> 
     </span>
    </p>
   </div>
   <div class='ocr_carea' id='block_1_29' title="bbox 2312 1383 3902 1452">
    <p class='ocr_par' dir='ltr' id='par_1_29' title="bbox 2312 1383 3902 1452">
     <span class='ocr_line' id='line_1_29' title="bbox 2312 1383 3902 1452; baseline -0.001 -13"><span class='ocrx_word' id='word_1_211' title='bbox 2312 1395 2420 1439; x_wconf 88' lang='lat' dir='ltr'><strong>erat</strong></span> <span class='ocrx_word' id='word_1_212' title='bbox 2449 1385 2600 1438; x_wconf 84' lang='lat' dir='ltr'><strong>homo</strong></span> <span class='ocrx_word' id='word_1_213' title='bbox 2641 1384 2731 1439; x_wconf 90' lang='lat' dir='ltr'><strong>ille</strong></span> <span class='ocrx_word' id='word_1_214' title='bbox 2754 1401 2910 1439; x_wconf 73' lang='lat' dir='ltr'><strong>verax</strong></span> <span class='ocrx_word' id='word_1_215' title='bbox 2937 1395 2985 1438; x_wconf 90' lang='lat' dir='ltr'><strong>et</strong></span> <span class='ocrx_word' id='word_1_216' title='bbox 3017 1386 3130 1440; x_wconf 85' lang='lat' dir='ltr'><strong>sine</strong></span> <span class='ocrx_word' id='word_1_217' title='bbox 3151 1386 3397 1452; x_wconf 82' lang='lat' dir='ltr'><strong>crimine,</strong></span> <span class='ocrx_word' id='word_1_218' title='bbox 3424 1402 3574 1440; x_wconf 78' lang='lat' dir='ltr'><strong>verus</strong></span> <span class='ocrx_word' id='word_1_219' title='bbox 3596 1383 3696 1440; x_wconf 86' lang='lat' dir='ltr'><strong>Dei</strong></span> <span class='ocrx_word' id='word_1_220' title='bbox 3717 1386 3902 1452; x_wconf 82' lang='lat' dir='ltr'><strong>cultor,</strong></span> 
     </span>
    </p>
   </div>
   <div class='ocr_carea' id='block_1_30' title="bbox 2315 1475 3907 1547">
    <p class='ocr_par' dir='ltr' id='par_1_30' title="bbox 2315 1475 3907 1547">
     <span class='ocr_line' id='line_1_30' title="bbox 2315 1475 3907 1547; baseline 0 -17"><span class='ocrx_word' id='word_1_221' title='bbox 2315 1478 2570 1532; x_wconf 73' lang='lat' dir='ltr'><strong>abstinens</strong></span> <span class='ocrx_word' id='word_1_222' title='bbox 2595 1493 2652 1530; x_wconf 90' lang='lat' dir='ltr'><strong>se</strong></span> <span class='ocrx_word' id='word_1_223' title='bbox 2672 1477 2735 1530; x_wconf 90' lang='lat' dir='ltr'><strong>ab</strong></span> <span class='ocrx_word' id='word_1_224' title='bbox 2766 1478 2907 1530; x_wconf 88' lang='lat' dir='ltr'><strong>omni</strong></span> <span class='ocrx_word' id='word_1_225' title='bbox 2934 1493 2990 1531; x_wconf 87' lang='lat' dir='ltr'><strong>re</strong></span> <span class='ocrx_word' id='word_1_226' title='bbox 3012 1477 3152 1530; x_wconf 90' lang='lat' dir='ltr'><strong>mala</strong></span> <span class='ocrx_word' id='word_1_227' title='bbox 3179 1475 3322 1547; x_wconf 84' lang='lat' dir='ltr'><strong>(Job.</strong></span> <span class='ocrx_word' id='word_1_228' title='bbox 3349 1492 3387 1542; x_wconf 86' lang='grc' dir='ltr'><strong>ι,</strong></span> <span class='ocrx_word' id='word_1_229' title='bbox 3424 1477 3476 1541; x_wconf 75' lang='grc'><strong>1,</strong></span> <span class='ocrx_word' id='word_1_230' title='bbox 3503 1493 3606 1530; x_wconf 89' lang='lat' dir='ltr'><strong>sec.</strong></span> <span class='ocrx_word' id='word_1_231' title='bbox 3633 1475 3826 1546; x_wconf 81' lang='lat' dir='ltr'><strong>LXX).</strong></span> <span class='ocrx_word' id='word_1_232' title='bbox 3849 1476 3907 1530; x_wconf 87' lang='lat' dir='ltr'><strong>Et</strong></span> 
     </span>
    </p>
   </div>
   <div class='ocr_carea' id='block_1_31' title="bbox 2317 1567 3904 1642">
    <p class='ocr_par' dir='ltr' id='par_1_31' title="bbox 2317 1567 3904 1642">
     <span class='ocr_line' id='line_1_31' title="bbox 2317 1567 3904 1642; baseline -0.004 -16"><span class='ocrx_word' id='word_1_233' title='bbox 2317 1571 2513 1626; x_wconf 89' lang='lat' dir='ltr'><strong>iterum</strong></span> <span class='ocrx_word' id='word_1_234' title='bbox 2539 1589 2551 1624; x_wconf 93' lang='lat'><strong>:</strong></span> <span class='ocrx_word' id='word_1_235' title='bbox 2596 1571 2729 1638; x_wconf 85' lang='lat' dir='ltr'><strong>Quis</strong></span> <span class='ocrx_word' id='word_1_236' title='bbox 2749 1580 2827 1624; x_wconf 89' lang='lat' dir='ltr'><strong>est</strong></span> <span class='ocrx_word' id='word_1_237' title='bbox 2854 1571 2942 1638; x_wconf 88' lang='lat' dir='ltr'><strong>qui</strong></span> <span class='ocrx_word' id='word_1_238' title='bbox 2963 1570 3135 1642; x_wconf 83' lang='lat' dir='ltr'><strong>arguit</strong></span> <span class='ocrx_word' id='word_1_239' title='bbox 3152 1571 3353 1639; x_wconf 89' lang='lat' dir='ltr'><strong>justum</strong></span> <span class='ocrx_word' id='word_1_240' title='bbox 3383 1567 3411 1607; x_wconf 70' lang='grc' dir='ltr'><strong>ι)</strong></span> <span class='ocrx_word' id='word_1_241' title='bbox 3435 1571 3545 1624; x_wconf 91' lang='lat' dir='ltr'><strong>sine</strong></span> <span class='ocrx_word' id='word_1_242' title='bbox 3570 1579 3784 1641; x_wconf 86' lang='lat' dir='ltr'><strong>peccato</strong></span> <span class='ocrx_word' id='word_1_243' title='bbox 3803 1611 3818 1635; x_wconf 93' lang='lat'><strong>,</strong></span> <span class='ocrx_word' id='word_1_244' title='bbox 3866 1579 3904 1620; x_wconf 86' lang='lat' dir='ltr'><strong>et</strong></span> 
     </span>
    </p>
   </div>
   <div class='ocr_carea' id='block_1_32' title="bbox 2319 1663 3911 1737">
    <p class='ocr_par' dir='ltr' id='par_1_32' title="bbox 2319 1663 3911 1737">
     <span class='ocr_line' id='line_1_32' title="bbox 2319 1663 3911 1737; baseline -0.002 -17"><span class='ocrx_word' id='word_1_245' title='bbox 2319 1667 2547 1737; x_wconf 83' lang='lat' dir='ltr'><strong>loquitur</strong></span> <span class='ocrx_word' id='word_1_246' title='bbox 2593 1665 2758 1720; x_wconf 79' lang='lat' dir='ltr'><strong>verbis</strong></span> <span class='ocrx_word' id='word_1_247' title='bbox 2811 1665 2921 1719; x_wconf 88' lang='lat' dir='ltr'><strong>suis</strong></span> <span class='ocrx_word' id='word_1_248' title='bbox 2965 1681 3055 1735; x_wconf 90' lang='lat' dir='ltr'><strong>per</strong></span> <span class='ocrx_word' id='word_1_249' title='bbox 3083 1665 3466 1734; x_wconf 85' lang='lat' dir='ltr'><strong>ignorantiam?</strong></span> <span class='ocrx_word' id='word_1_250' title='bbox 3515 1664 3570 1718; x_wconf 88' lang='lat' dir='ltr'><strong>In</strong></span> <span class='ocrx_word' id='word_1_251' title='bbox 3616 1663 3911 1733; x_wconf 84' lang='lat' dir='ltr'><strong>Evangelio</strong></span> 
     </span>
    </p>
   </div>
   <div class='ocr_carea' id='block_1_33' title="bbox 616 1753 3913 1831">
    <p class='ocr_par' dir='ltr' id='par_1_33' title="bbox 616 1753 3913 1831">
     <span class='ocr_line' id='line_1_33' title="bbox 616 1753 3913 1831; baseline -0.001 -21"><span class='ocrx_word' id='word_1_252' title='bbox 616 1769 733 1810; x_wconf 89' lang='lat' dir='ltr'><strong>tare</strong></span> <span class='ocrx_word' id='word_1_253' title='bbox 778 1765 1000 1825; x_wconf 87' lang='lat' dir='ltr'><strong>peccata</strong></span> <span class='ocrx_word' id='word_1_254' title='bbox 1053 1770 1159 1808; x_wconf 93' lang='lat' dir='ltr'><strong>non</strong></span> <span class='ocrx_word' id='word_1_255' title='bbox 1217 1768 1398 1822; x_wconf 88' lang='lat' dir='ltr'><strong>posse.</strong></span> <span class='ocrx_word' id='word_1_256' title='bbox 1451 1753 1512 1808; x_wconf 90' lang='lat' dir='ltr'><strong>C.</strong></span> <span class='ocrx_word' id='word_1_257' title='bbox 1544 1753 1814 1820; x_wconf 84' lang='lat' dir='ltr'><strong>Quoniam</strong></span> <span class='ocrx_word' id='word_1_258' title='bbox 1859 1753 2021 1824; x_wconf 82' lang='lat'><strong>703</strong></span> <span class='ocrx_word' id='word_1_259' title='bbox 2057 1768 2218 1823; x_wconf 82' lang='lat' dir='ltr'><strong>urges</strong></span> <span class='ocrx_word' id='word_1_260' title='bbox 2245 1753 2294 1812; x_wconf 87' lang='lat' dir='ltr'><strong>B</strong></span> <span class='ocrx_word' id='word_1_261' title='bbox 2321 1774 2535 1831; x_wconf 85' lang='lat' dir='ltr'><strong>quoque</strong></span> <span class='ocrx_word' id='word_1_262' title='bbox 2589 1759 2891 1814; x_wconf 90' lang='lat' dir='ltr'><strong>secundum</strong></span> <span class='ocrx_word' id='word_1_263' title='bbox 2926 1757 3156 1814; x_wconf 87' lang='lat' dir='ltr'><strong>Lucam:</strong></span> <span class='ocrx_word' id='word_1_264' title='bbox 3206 1756 3333 1811; x_wconf 86' lang='lat' dir='ltr'><strong>Fuit</strong></span> <span class='ocrx_word' id='word_1_265' title='bbox 3375 1758 3428 1810; x_wconf 87' lang='lat' dir='ltr'><strong>in</strong></span> <span class='ocrx_word' id='word_1_266' title='bbox 3478 1756 3653 1809; x_wconf 86' lang='lat' dir='ltr'><strong>diebus</strong></span> <span class='ocrx_word' id='word_1_267' title='bbox 3682 1754 3913 1809; x_wconf 82' lang='lat' dir='ltr'><strong>Herodis</strong></span> 
     </span>
    </p>
   </div>
   <div class='ocr_carea' id='block_1_34' title="bbox 612 1846 2218 1918">
    <p class='ocr_par' dir='ltr' id='par_1_34' title="bbox 612 1846 2218 1918">
     <span class='ocr_line' id='line_1_34' title="bbox 612 1846 2218 1918; baseline -0.002 -12"><span class='ocrx_word' id='word_1_268' title='bbox 612 1866 720 1915; x_wconf 87' lang='lat' dir='ltr'><strong>me,</strong></span> <span class='ocrx_word' id='word_1_269' title='bbox 741 1850 936 1904; x_wconf 90' lang='lat' dir='ltr'><strong>utdem</strong></span> <span class='ocrx_word' id='word_1_270' title='bbox 969 1849 1113 1918; x_wconf 85' lang='lat' dir='ltr'><strong>quod</strong></span> <span class='ocrx_word' id='word_1_271' title='bbox 1139 1847 1270 1902; x_wconf 90' lang='lat' dir='ltr'><strong>dare</strong></span> <span class='ocrx_word' id='word_1_272' title='bbox 1303 1861 1411 1902; x_wconf 91' lang='lat' dir='ltr'><strong>non</strong></span> <span class='ocrx_word' id='word_1_273' title='bbox 1443 1846 1818 1914; x_wconf 88' lang='lat' dir='ltr'><strong>debeo,i||ud,</strong></span> <span class='ocrx_word' id='word_1_274' title='bbox 1845 1861 2053 1916; x_wconf 71' lang='lat' dir='ltr'><strong>quaeso,</strong></span> <span class='ocrx_word' id='word_1_275' title='bbox 2085 1862 2218 1902; x_wconf 87' lang='lat' dir='ltr'><strong>con—</strong></span> 
     </span>
    </p>
   </div>
   <div class='ocr_carea' id='block_1_35' title="bbox 616 1940 2221 2012">
    <p class='ocr_par' dir='ltr' id='par_1_35' title="bbox 616 1940 2221 2012">
     <span class='ocr_line' id='line_1_35' title="bbox 616 1940 2221 2012; baseline -0.001 -14"><span class='ocrx_word' id='word_1_276' title='bbox 616 1943 822 2007; x_wconf 89' lang='lat' dir='ltr'><strong>sidera,</strong></span> <span class='ocrx_word' id='word_1_277' title='bbox 845 1941 988 2012; x_wconf 91' lang='lat' dir='ltr'><strong>quod</strong></span> <span class='ocrx_word' id='word_1_278' title='bbox 1009 1941 1269 1996; x_wconf 83' lang='lat' dir='ltr'><strong>Dominus</strong></span> <span class='ocrx_word' id='word_1_279' title='bbox 1282 1941 1482 1995; x_wconf 79' lang='lat' dir='ltr'><strong>dixerit</strong></span> <span class='ocrx_word' id='word_1_280' title='bbox 1507 1940 1720 1995; x_wconf 82' lang='lat' dir='ltr'><strong>facilius</strong></span> <span class='ocrx_word' id='word_1_281' title='bbox 1741 1941 2005 1996; x_wconf 90' lang='lat' dir='ltr'><strong>camelum</strong></span> <span class='ocrx_word' id='word_1_282' title='bbox 2032 1956 2127 2011; x_wconf 89' lang='lat' dir='ltr'><strong>per</strong></span> <span class='ocrx_word' id='word_1_283' title='bbox 2140 1941 2221 1997; x_wconf 88' lang='lat' dir='ltr'><strong>fo-</strong></span> 
     </span>
    </p>
   </div>
   <div class='ocr_carea' id='block_1_36' title="bbox 611 2034 2218 2106">
    <p class='ocr_par' dir='ltr' id='par_1_36' title="bbox 611 2034 2218 2106">
     <span class='ocr_line' id='line_1_36' title="bbox 611 2034 2218 2106; baseline -0.002 -13"><span class='ocrx_word' id='word_1_284' title='bbox 611 2052 800 2093; x_wconf 87' lang='lat' dir='ltr'><strong>ramen</strong></span> <span class='ocrx_word' id='word_1_285' title='bbox 830 2050 962 2090; x_wconf 85' lang='lat' dir='ltr'><strong>acus</strong></span> <span class='ocrx_word' id='word_1_286' title='bbox 991 2035 1197 2089; x_wconf 88' lang='lat' dir='ltr'><strong>intrare</strong></span> <span class='ocrx_word' id='word_1_287' title='bbox 1239 2049 1420 2105; x_wconf 87' lang='lat' dir='ltr'><strong>posse,</strong></span> <span class='ocrx_word' id='word_1_288' title='bbox 1449 2051 1608 2104; x_wconf 90' lang='lat' dir='ltr'><strong>quam</strong></span> <span class='ocrx_word' id='word_1_289' title='bbox 1643 2034 1868 2090; x_wconf 81' lang='lat' dir='ltr'><strong>divitem</strong></span> <span class='ocrx_word' id='word_1_290' title='bbox 1903 2035 1956 2090; x_wconf 91' lang='lat' dir='ltr'><strong>in</strong></span> <span class='ocrx_word' id='word_1_291' title='bbox 1991 2051 2218 2106; x_wconf 79' lang='lat' dir='ltr'><strong>regnum</strong></span> 
     </span>
    </p>
   </div>
   <div class='ocr_carea' id='block_1_37' title="bbox 618 2127 2224 2202">
    <p class='ocr_par' dir='ltr' id='par_1_37' title="bbox 618 2127 2224 2202">
     <span class='ocr_line' id='line_1_37' title="bbox 618 2127 2224 2202; baseline -0.001 -16"><span class='ocrx_word' id='word_1_292' title='bbox 618 2131 884 2186; x_wconf 67' lang='lat' dir='ltr'><strong>caelorum</strong></span> <span class='ocrx_word' id='word_1_293' title='bbox 917 2129 1077 2202; x_wconf 82' lang='lat' dir='ltr'><strong>(Mat.</strong></span> <span class='ocrx_word' id='word_1_294' title='bbox 1114 2145 1202 2183; x_wconf 65' lang='lat' dir='ltr'><strong>ius</strong></span> <span class='ocrx_word' id='word_1_295' title='bbox 1232 2139 1278 2182; x_wconf 87' lang='lat' dir='ltr'><strong>et</strong></span> <span class='ocrx_word' id='word_1_296' title='bbox 1307 2129 1474 2182; x_wconf 82' lang='lat' dir='ltr'><strong>Marc.</strong></span> <span class='ocrx_word' id='word_1_297' title='bbox 1506 2127 1585 2198; x_wconf 72' lang='grc' dir='ltr'><strong>χ).</strong></span> <span class='ocrx_word' id='word_1_298' title='bbox 1622 2129 1686 2183; x_wconf 87' lang='lat' dir='ltr'><strong>Et</strong></span> <span class='ocrx_word' id='word_1_299' title='bbox 1723 2138 1907 2184; x_wconf 87' lang='lat' dir='ltr'><strong>tamen</strong></span> <span class='ocrx_word' id='word_1_300' title='bbox 1936 2129 2076 2184; x_wconf 77' lang='lat' dir='ltr'><strong>dixit</strong></span> <span class='ocrx_word' id='word_1_301' title='bbox 2106 2131 2224 2186; x_wconf 81' lang='lat' dir='ltr'><strong>ficri</strong></span> 
     </span>
    </p>
   </div>
   <div class='ocr_carea' id='block_1_38' title="bbox 621 2223 2224 2296">
    <p class='ocr_par' dir='ltr' id='par_1_38' title="bbox 621 2223 2224 2296">
     <span class='ocr_line' id='line_1_38' title="bbox 621 2223 2224 2296; baseline -0.002 -15"><span class='ocrx_word' id='word_1_302' title='bbox 621 2242 805 2296; x_wconf 87' lang='lat' dir='ltr'><strong>posse,</strong></span> <span class='ocrx_word' id='word_1_303' title='bbox 857 2225 1000 2294; x_wconf 89' lang='lat' dir='ltr'><strong>quod</strong></span> <span class='ocrx_word' id='word_1_304' title='bbox 1032 2239 1324 2292; x_wconf 87' lang='lat' dir='ltr'><strong>numquam</strong></span> <span class='ocrx_word' id='word_1_305' title='bbox 1357 2223 1556 2278; x_wconf 90' lang='lat' dir='ltr'><strong>factum</strong></span> <span class='ocrx_word' id='word_1_306' title='bbox 1592 2232 1694 2278; x_wconf 88' lang='lat' dir='ltr'><strong>est.</strong></span> <span class='ocrx_word' id='word_1_307' title='bbox 1743 2223 1928 2294; x_wconf 87' lang='lat' dir='ltr'><strong>Neque</strong></span> <span class='ocrx_word' id='word_1_308' title='bbox 1956 2225 2102 2278; x_wconf 91' lang='lat' dir='ltr'><strong>enim</strong></span> <span class='ocrx_word' id='word_1_309' title='bbox 2131 2240 2224 2279; x_wconf 89' lang='lat' dir='ltr'><strong>ca-</strong></span> 
     </span>
    </p>
   </div>
   <div class='ocr_carea' id='block_1_39' title="bbox 623 2314 2220 2386">
    <p class='ocr_par' dir='ltr' id='par_1_39' title="bbox 623 2314 2220 2386">
     <span class='ocr_line' id='line_1_39' title="bbox 623 2314 2220 2386; baseline -0.003 -13"><span class='ocrx_word' id='word_1_310' title='bbox 623 2319 800 2373; x_wconf 87' lang='lat' dir='ltr'><strong>melus</strong></span> <span class='ocrx_word' id='word_1_311' title='bbox 827 2332 1084 2385; x_wconf 89' lang='lat' dir='ltr'><strong>umquam</strong></span> <span class='ocrx_word' id='word_1_312' title='bbox 1120 2331 1217 2386; x_wconf 86' lang='lat' dir='ltr'><strong>per</strong></span> <span class='ocrx_word' id='word_1_313' title='bbox 1246 2314 1497 2370; x_wconf 80' lang='lat' dir='ltr'><strong>foramen</strong></span> <span class='ocrx_word' id='word_1_314' title='bbox 1538 2329 1670 2370; x_wconf 90' lang='lat' dir='ltr'><strong>acus</strong></span> <span class='ocrx_word' id='word_1_315' title='bbox 1702 2315 1983 2385; x_wconf 87' lang='lat' dir='ltr'><strong>ingressus</strong></span> <span class='ocrx_word' id='word_1_316' title='bbox 2009 2325 2110 2370; x_wconf 89' lang='lat' dir='ltr'><strong>est.</strong></span> <span class='ocrx_word' id='word_1_317' title='bbox 2157 2317 2220 2369; x_wconf 83' lang='grc' dir='ltr'><strong>Α.</strong></span> 
     </span>
    </p>
   </div>
   <div class='ocr_carea' id='block_1_40' title="bbox 624 2408 2222 2479">
    <p class='ocr_par' dir='ltr' id='par_1_40' title="bbox 624 2408 2222 2479">
     <span class='ocr_line' id='line_1_40' title="bbox 624 2408 2222 2479; baseline -0.003 -12"><span class='ocrx_word' id='word_1_318' title='bbox 624 2413 792 2467; x_wconf 86' lang='lat' dir='ltr'><strong>Miror</strong></span> <span class='ocrx_word' id='word_1_319' title='bbox 809 2410 1086 2465; x_wconf 90' lang='lat' dir='ltr'><strong>hominem</strong></span> <span class='ocrx_word' id='word_1_320' title='bbox 1109 2409 1429 2479; x_wconf 89' lang='lat' dir='ltr'><strong>prudentem</strong></span> <span class='ocrx_word' id='word_1_321' title='bbox 1452 2408 1804 2479; x_wconf 90' lang='lat' dir='ltr'><strong>proposuisse</strong></span> <span class='ocrx_word' id='word_1_322' title='bbox 1827 2409 2222 2475; x_wconf 89' lang='lat' dir='ltr'><strong>testimonium,</strong></span> 
     </span>
    </p>
   </div>
   <div class='ocr_carea' id='block_1_41' title="bbox 625 2501 2226 2574">
    <p class='ocr_par' dir='ltr' id='par_1_41' title="bbox 625 2501 2226 2574">
     <span class='ocr_line' id='line_1_41' title="bbox 625 2501 2226 2574; baseline -0.002 -14"><span class='ocrx_word' id='word_1_323' title='bbox 625 2505 772 2574; x_wconf 87' lang='lat' dir='ltr'><strong>quod</strong></span> <span class='ocrx_word' id='word_1_324' title='bbox 821 2514 1008 2559; x_wconf 91' lang='lat' dir='ltr'><strong>contra</strong></span> <span class='ocrx_word' id='word_1_325' title='bbox 1042 2517 1100 2557; x_wconf 92' lang='lat' dir='ltr'><strong>se</strong></span> <span class='ocrx_word' id='word_1_326' title='bbox 1134 2503 1318 2557; x_wconf 88' lang='lat' dir='ltr'><strong>faciat.</strong></span> <span class='ocrx_word' id='word_1_327' title='bbox 1351 2502 1406 2555; x_wconf 91' lang='lat' dir='ltr'><strong>lu</strong></span> <span class='ocrx_word' id='word_1_328' title='bbox 1441 2503 1542 2556; x_wconf 92' lang='lat' dir='ltr'><strong>hoc</strong></span> <span class='ocrx_word' id='word_1_329' title='bbox 1574 2502 1719 2556; x_wconf 91' lang='lat' dir='ltr'><strong>enim</strong></span> <span class='ocrx_word' id='word_1_330' title='bbox 1767 2518 1870 2555; x_wconf 90' lang='lat' dir='ltr'><strong>non</strong></span> <span class='ocrx_word' id='word_1_331' title='bbox 1917 2501 2061 2572; x_wconf 90' lang='lat' dir='ltr'><strong>quod</strong></span> <span class='ocrx_word' id='word_1_332' title='bbox 2107 2501 2226 2556; x_wconf 86' lang='lat' dir='ltr'><strong>ﬁeri</strong></span> 
     </span>
    </p>
   </div>
   <div class='ocr_carea' id='block_1_42' title="bbox 630 2593 2230 2666">
    <p class='ocr_par' dir='ltr' id='par_1_42' title="bbox 630 2593 2230 2666">
     <span class='ocr_line' id='line_1_42' title="bbox 630 2593 2230 2666; baseline -0.004 -13"><span class='ocrx_word' id='word_1_333' title='bbox 630 2598 824 2666; x_wconf 87' lang='lat' dir='ltr'><strong>possit,</strong></span> <span class='ocrx_word' id='word_1_334' title='bbox 847 2596 1060 2651; x_wconf 89' lang='lat' dir='ltr'><strong>dictum</strong></span> <span class='ocrx_word' id='word_1_335' title='bbox 1091 2603 1196 2656; x_wconf 90' lang='lat' dir='ltr'><strong>est,</strong></span> <span class='ocrx_word' id='word_1_336' title='bbox 1223 2593 1320 2649; x_wconf 87' lang='lat' dir='ltr'><strong>sed</strong></span> <span class='ocrx_word' id='word_1_337' title='bbox 1349 2593 1691 2662; x_wconf 85' lang='lat' dir='ltr'><strong>impossibile</strong></span> <span class='ocrx_word' id='word_1_338' title='bbox 1719 2593 2044 2662; x_wconf 90' lang='lat' dir='ltr'><strong>impossibili</strong></span> <span class='ocrx_word' id='word_1_339' title='bbox 2081 2608 2230 2647; x_wconf 88' lang='lat' dir='ltr'><strong>com-</strong></span> 
     </span>
    </p>
   </div>
   <div class='ocr_carea' id='block_1_43' title="bbox 625 2685 2230 2757">
    <p class='ocr_par' dir='ltr' id='par_1_43' title="bbox 625 2685 2230 2757">
     <span class='ocr_line' id='line_1_43' title="bbox 625 2685 2230 2757; baseline -0.002 -14"><span class='ocrx_word' id='word_1_340' title='bbox 625 2697 898 2757; x_wconf 89' lang='lat' dir='ltr'><strong>paratum.</strong></span> <span class='ocrx_word' id='word_1_341' title='bbox 932 2686 1220 2752; x_wconf 79' lang='lat' dir='ltr'><strong>Quomodo</strong></span> <span class='ocrx_word' id='word_1_342' title='bbox 1245 2686 1393 2740; x_wconf 92' lang='lat' dir='ltr'><strong>enim</strong></span> <span class='ocrx_word' id='word_1_343' title='bbox 1419 2685 1666 2739; x_wconf 89' lang='lat' dir='ltr'><strong>camelus</strong></span> <span class='ocrx_word' id='word_1_344' title='bbox 1687 2700 1794 2738; x_wconf 92' lang='lat' dir='ltr'><strong>non</strong></span> <span class='ocrx_word' id='word_1_345' title='bbox 1818 2693 2000 2754; x_wconf 85' lang='lat' dir='ltr'><strong>potest</strong></span> <span class='ocrx_word' id='word_1_346' title='bbox 2023 2685 2230 2740; x_wconf 88' lang='lat' dir='ltr'><strong>intrare</strong></span> 
     </span>
    </p>
   </div>
   <div class='ocr_carea' id='block_1_44' title="bbox 630 2777 2229 2847">
    <p class='ocr_par' dir='ltr' id='par_1_44' title="bbox 630 2777 2229 2847">
     <span class='ocr_line' id='line_1_44' title="bbox 630 2777 2229 2847; baseline 0 -15"><span class='ocrx_word' id='word_1_347' title='bbox 630 2795 730 2847; x_wconf 91' lang='lat' dir='ltr'><strong>per</strong></span> <span class='ocrx_word' id='word_1_348' title='bbox 778 2779 1025 2832; x_wconf 88' lang='lat' dir='ltr'><strong>foramen</strong></span> <span class='ocrx_word' id='word_1_349' title='bbox 1056 2793 1186 2832; x_wconf 89' lang='lat' dir='ltr'><strong>acus</strong></span> <span class='ocrx_word' id='word_1_350' title='bbox 1207 2819 1221 2842; x_wconf 96' lang='lat'><strong>,</strong></span> <span class='ocrx_word' id='word_1_351' title='bbox 1279 2779 1351 2832; x_wconf 91' lang='lat' dir='ltr'><strong>ita</strong></span> <span class='ocrx_word' id='word_1_352' title='bbox 1397 2785 1453 2831; x_wconf 90' lang='lat' dir='ltr'><strong>et</strong></span> <span class='ocrx_word' id='word_1_353' title='bbox 1477 2777 1627 2830; x_wconf 89' lang='lat' dir='ltr'><strong>dives</strong></span> <span class='ocrx_word' id='word_1_354' title='bbox 1658 2791 1763 2830; x_wconf 91' lang='lat' dir='ltr'><strong>non</strong></span> <span class='ocrx_word' id='word_1_355' title='bbox 1813 2777 2148 2846; x_wconf 79' lang='lat' dir='ltr'><strong>ingredietur</strong></span> <span class='ocrx_word' id='word_1_356' title='bbox 2176 2777 2229 2832; x_wconf 92' lang='lat' dir='ltr'><strong>in</strong></span> 
     </span>
    </p>
   </div>
   <div class='ocr_carea' id='block_1_45' title="bbox 630 2865 2234 2938">
    <p class='ocr_par' dir='ltr' id='par_1_45' title="bbox 630 2865 2234 2938">
     <span class='ocr_line' id='line_1_45' title="bbox 630 2865 2234 2938; baseline -0.001 -14"><span class='ocrx_word' id='word_1_357' title='bbox 630 2884 802 2938; x_wconf 88' lang='lat' dir='ltr'><strong>regna</strong></span> <span class='ocrx_word' id='word_1_358' title='bbox 833 2868 1124 2923; x_wconf 87' lang='lat' dir='ltr'><strong>caelorum.</strong></span> <span class='ocrx_word' id='word_1_359' title='bbox 1150 2869 1255 2923; x_wconf 79' lang='lat' dir='ltr'><strong>Aut</strong></span> <span class='ocrx_word' id='word_1_360' title='bbox 1282 2869 1326 2922; x_wconf 91' lang='lat' dir='ltr'><strong>si</strong></span> <span class='ocrx_word' id='word_1_361' title='bbox 1360 2868 1607 2936; x_wconf 89' lang='lat' dir='ltr'><strong>potueris</strong></span> <span class='ocrx_word' id='word_1_362' title='bbox 1629 2865 1943 2932; x_wconf 90' lang='lat' dir='ltr'><strong>ostendere,</strong></span> <span class='ocrx_word' id='word_1_363' title='bbox 1976 2867 2118 2936; x_wconf 86' lang='lat' dir='ltr'><strong>quod</strong></span> <span class='ocrx_word' id='word_1_364' title='bbox 2148 2867 2234 2922; x_wconf 94' lang='lat' dir='ltr'><strong>di-</strong></span> 
     </span>
    </p>
   </div>
   <div class='ocr_carea' id='block_1_46' title="bbox 629 2959 2233 3029">
    <p class='ocr_par' dir='ltr' id='par_1_46' title="bbox 629 2959 2233 3029">
     <span class='ocr_line' id='line_1_46' title="bbox 629 2959 2233 3029; baseline 0.002 -15"><span class='ocrx_word' id='word_1_365' title='bbox 629 2975 729 3015; x_wconf 90' lang='lat' dir='ltr'><strong>ves</strong></span> <span class='ocrx_word' id='word_1_366' title='bbox 749 2959 1092 3029; x_wconf 87' lang='lat' dir='ltr'><strong>ingrediatur</strong></span> <span class='ocrx_word' id='word_1_367' title='bbox 1115 2975 1277 3027; x_wconf 87' lang='lat' dir='ltr'><strong>regna</strong></span> <span class='ocrx_word' id='word_1_368' title='bbox 1301 2961 1589 3023; x_wconf 70' lang='lat' dir='ltr'><strong>caelorum,</strong></span> <span class='ocrx_word' id='word_1_369' title='bbox 1615 2959 1866 3028; x_wconf 89' lang='lat' dir='ltr'><strong>sequitur</strong></span> <span class='ocrx_word' id='word_1_370' title='bbox 1891 2970 1946 3014; x_wconf 93' lang='lat' dir='ltr'><strong>ut</strong></span> <span class='ocrx_word' id='word_1_371' title='bbox 1969 2969 2023 3016; x_wconf 89' lang='lat' dir='ltr'><strong>et</strong></span> <span class='ocrx_word' id='word_1_372' title='bbox 2052 2977 2233 3017; x_wconf 86' lang='lat' dir='ltr'><strong>came-</strong></span> 
     </span>
    </p>
   </div>
   <div class='ocr_carea' id='block_1_47' title="bbox 631 3050 2235 3121">
    <p class='ocr_par' dir='ltr' id='par_1_47' title="bbox 631 3050 2235 3121">
     <span class='ocr_line' id='line_1_47' title="bbox 631 3050 2235 3121; baseline 0.004 -14"><span class='ocrx_word' id='word_1_373' title='bbox 631 3053 717 3107; x_wconf 89' lang='lat' dir='ltr'><strong>lus</strong></span> <span class='ocrx_word' id='word_1_374' title='bbox 765 3052 931 3106; x_wconf 90' lang='lat' dir='ltr'><strong>intret</strong></span> <span class='ocrx_word' id='word_1_375' title='bbox 970 3067 1068 3121; x_wconf 91' lang='lat' dir='ltr'><strong>per</strong></span> <span class='ocrx_word' id='word_1_376' title='bbox 1091 3050 1338 3106; x_wconf 85' lang='lat' dir='ltr'><strong>foramen</strong></span> <span class='ocrx_word' id='word_1_377' title='bbox 1367 3066 1518 3106; x_wconf 90' lang='lat' dir='ltr'><strong>acus.</strong></span> <span class='ocrx_word' id='word_1_378' title='bbox 1564 3052 1670 3106; x_wconf 87' lang='lat' dir='ltr'><strong>Nec</strong></span> <span class='ocrx_word' id='word_1_379' title='bbox 1707 3052 2132 3110; x_wconf 83' lang='lat' dir='ltr'><strong>mihiAbraham</strong></span> <span class='ocrx_word' id='word_1_380' title='bbox 2177 3068 2235 3112; x_wconf 90' lang='lat' dir='ltr'><strong>et</strong></span> 
     </span>
    </p>
   </div>
   <div class='ocr_carea' id='block_1_48' title="bbox 2319 1847 3917 1925">
    <p class='ocr_par' dir='ltr' id='par_1_48' title="bbox 2319 1847 3917 1925">
     <span class='ocr_line' id='line_1_48' title="bbox 2319 1847 3917 1925; baseline -0.003 -20"><span class='ocrx_word' id='word_1_381' title='bbox 2319 1853 2455 1925; x_wconf 88' lang='lat' dir='ltr'><strong>regis</strong></span> <span class='ocrx_word' id='word_1_382' title='bbox 2476 1851 2634 1906; x_wconf 69' lang='lat' dir='ltr'><strong>Judae</strong></span> <span class='ocrx_word' id='word_1_383' title='bbox 2658 1852 2902 1906; x_wconf 80' lang='lat' dir='ltr'><strong>sacerdos</strong></span> <span class='ocrx_word' id='word_1_384' title='bbox 2926 1852 3137 1918; x_wconf 87' lang='lat' dir='ltr'><strong>quidam</strong></span> <span class='ocrx_word' id='word_1_385' title='bbox 3162 1851 3367 1904; x_wconf 86' lang='lat' dir='ltr'><strong>nomine</strong></span> <span class='ocrx_word' id='word_1_386' title='bbox 3391 1847 3692 1914; x_wconf 84' lang='lat' dir='ltr'><strong>Zacharias,</strong></span> <span class='ocrx_word' id='word_1_387' title='bbox 3725 1848 3794 1901; x_wconf 91' lang='lat' dir='ltr'><strong>de</strong></span> <span class='ocrx_word' id='word_1_388' title='bbox 3817 1848 3917 1900; x_wconf 81' lang='lat' dir='ltr'><strong>vice</strong></span> 
     </span>
    </p>
   </div>
   <div class='ocr_carea' id='block_1_49' title="bbox 2323 1935 3916 2012">
    <p class='ocr_par' dir='ltr' id='par_1_49' title="bbox 2323 1935 3916 2012">
     <span class='ocr_line' id='line_1_49' title="bbox 2323 1935 3916 2012; baseline -0.006 -14"><span class='ocrx_word' id='word_1_389' title='bbox 2323 1946 2472 2004; x_wconf 76' lang='lat' dir='ltr'><strong>Abiu.</strong></span> <span class='ocrx_word' id='word_1_390' title='bbox 2496 1953 2545 1998; x_wconf 89' lang='lat' dir='ltr'><strong>et</strong></span> <span class='ocrx_word' id='word_1_391' title='bbox 2568 1960 2701 1998; x_wconf 72' lang='lat' dir='ltr'><strong>uxor</strong></span> <span class='ocrx_word' id='word_1_392' title='bbox 2721 1945 2800 1998; x_wconf 90' lang='lat' dir='ltr'><strong>illi</strong></span> <span class='ocrx_word' id='word_1_393' title='bbox 2824 1945 2887 1998; x_wconf 89' lang='lat' dir='ltr'><strong>de</strong></span> <span class='ocrx_word' id='word_1_394' title='bbox 2902 1943 3110 2012; x_wconf 80' lang='lat' dir='ltr'><strong>ﬁliabus</strong></span> <span class='ocrx_word' id='word_1_395' title='bbox 3133 1944 3330 2007; x_wconf 81' lang='lat' dir='ltr'><strong>Aaron,</strong></span> <span class='ocrx_word' id='word_1_396' title='bbox 3359 1951 3402 1995; x_wconf 90' lang='lat' dir='ltr'><strong>et</strong></span> <span class='ocrx_word' id='word_1_397' title='bbox 3426 1956 3610 1994; x_wconf 86' lang='lat' dir='ltr'><strong>nomen</strong></span> <span class='ocrx_word' id='word_1_398' title='bbox 3634 1938 3784 1993; x_wconf 88' lang='lat' dir='ltr'><strong>illius</strong></span> <span class='ocrx_word' id='word_1_399' title='bbox 3807 1935 3916 1990; x_wconf 83' lang='lat' dir='ltr'><strong>Eli-</strong></span> 
     </span>
    </p>
   </div>
   <div class='ocr_carea' id='block_1_50' title="bbox 2324 2034 3914 2110">
    <p class='ocr_par' dir='ltr' id='par_1_50' title="bbox 2324 2034 3914 2110">
     <span class='ocr_line' id='line_1_50' title="bbox 2324 2034 3914 2110; baseline -0.003 -17"><span class='ocrx_word' id='word_1_400' title='bbox 2324 2039 2523 2094; x_wconf 78' lang='lat' dir='ltr'><strong>sabeth.</strong></span> <span class='ocrx_word' id='word_1_401' title='bbox 2580 2037 2745 2092; x_wconf 76' lang='lat' dir='ltr'><strong>Erant</strong></span> <span class='ocrx_word' id='word_1_402' title='bbox 2778 2047 2948 2092; x_wconf 90' lang='lat' dir='ltr'><strong>autem</strong></span> <span class='ocrx_word' id='word_1_403' title='bbox 2977 2039 3128 2092; x_wconf 88' lang='lat' dir='ltr'><strong>ambo</strong></span> <span class='ocrx_word' id='word_1_404' title='bbox 3149 2039 3286 2110; x_wconf 84' lang='lat' dir='ltr'><strong>justi</strong></span> <span class='ocrx_word' id='word_1_405' title='bbox 3322 2047 3440 2092; x_wconf 88' lang='lat' dir='ltr'><strong>ante</strong></span> <span class='ocrx_word' id='word_1_406' title='bbox 3466 2034 3656 2102; x_wconf 87' lang='lat' dir='ltr'><strong>Deum,</strong></span> <span class='ocrx_word' id='word_1_407' title='bbox 3679 2035 3914 2090; x_wconf 86' lang='lat' dir='ltr'><strong>inceden-</strong></span> 
     </span>
    </p>
   </div>
   <div class='ocr_carea' id='block_1_51' title="bbox 2326 2131 3913 2206">
    <p class='ocr_par' dir='ltr' id='par_1_51' title="bbox 2326 2131 3913 2206">
     <span class='ocr_line' id='line_1_51' title="bbox 2326 2131 3913 2206; baseline -0.003 -20"><span class='ocrx_word' id='word_1_408' title='bbox 2326 2143 2399 2188; x_wconf 89' lang='lat' dir='ltr'><strong>tes</strong></span> <span class='ocrx_word' id='word_1_409' title='bbox 2427 2135 2478 2186; x_wconf 87' lang='lat' dir='ltr'><strong>in</strong></span> <span class='ocrx_word' id='word_1_410' title='bbox 2510 2134 2748 2187; x_wconf 91' lang='lat' dir='ltr'><strong>omnibus</strong></span> <span class='ocrx_word' id='word_1_411' title='bbox 2791 2133 3054 2188; x_wconf 83' lang='lat' dir='ltr'><strong>mandatis</strong></span> <span class='ocrx_word' id='word_1_412' title='bbox 3081 2143 3125 2188; x_wconf 88' lang='lat' dir='ltr'><strong>et</strong></span> <span class='ocrx_word' id='word_1_413' title='bbox 3160 2131 3629 2206; x_wconf 79' lang='lat' dir='ltr'><strong>justiﬁeationibus</strong></span> <span class='ocrx_word' id='word_1_414' title='bbox 3679 2131 3913 2195; x_wconf 87' lang='lat' dir='ltr'><strong>Domini,</strong></span> 
     </span>
    </p>
   </div>
   <div class='ocr_carea' id='block_1_52' title="bbox 2325 2223 3914 2298">
    <p class='ocr_par' dir='ltr' id='par_1_52' title="bbox 2325 2223 3914 2298">
     <span class='ocr_line' id='line_1_52' title="bbox 2325 2223 3914 2298; baseline -0.005 -16"><span class='ocrx_word' id='word_1_415' title='bbox 2325 2231 2436 2282; x_wconf 83' lang='lat' dir='ltr'><strong>sine</strong></span> <span class='ocrx_word' id='word_1_416' title='bbox 2454 2229 2666 2295; x_wconf 83' lang='lat' dir='ltr'><strong>querela</strong></span> <span class='ocrx_word' id='word_1_417' title='bbox 2697 2225 2847 2296; x_wconf 87' lang='lat' dir='ltr'><strong>(Luc.</strong></span> <span class='ocrx_word' id='word_1_418' title='bbox 2881 2242 2922 2294; x_wconf 81' lang='grc' dir='ltr'><strong>ι,</strong></span> <span class='ocrx_word' id='word_1_419' title='bbox 2949 2227 2986 2283; x_wconf 85' lang='grc'><strong>5</strong></span> <span class='ocrx_word' id='word_1_420' title='bbox 3011 2226 3176 2298; x_wconf 85' lang='lat' dir='ltr'><strong>seqq).</strong></span> <span class='ocrx_word' id='word_1_421' title='bbox 3207 2225 3265 2281; x_wconf 92' lang='lat' dir='ltr'><strong>Si</strong></span> <span class='ocrx_word' id='word_1_422' title='bbox 3291 2240 3460 2280; x_wconf 81' lang='lat' dir='ltr'><strong>verus</strong></span> <span class='ocrx_word' id='word_1_423' title='bbox 3486 2223 3579 2279; x_wconf 89' lang='lat' dir='ltr'><strong>Dei</strong></span> <span class='ocrx_word' id='word_1_424' title='bbox 3608 2224 3794 2278; x_wconf 90' lang='lat' dir='ltr'><strong>cultor</strong></span> <span class='ocrx_word' id='word_1_425' title='bbox 3819 2232 3914 2289; x_wconf 87' lang='lat' dir='ltr'><strong>est,</strong></span> 
     </span>
    </p>
   </div>
   <div class='ocr_carea' id='block_1_53' title="bbox 2327 2316 3918 2387">
    <p class='ocr_par' dir='ltr' id='par_1_53' title="bbox 2327 2316 3918 2387">
     <span class='ocr_line' id='line_1_53' title="bbox 2327 2316 3918 2387; baseline -0.005 -10"><span class='ocrx_word' id='word_1_426' title='bbox 2327 2329 2384 2377; x_wconf 86' lang='lat' dir='ltr'><strong>et</strong></span> <span class='ocrx_word' id='word_1_427' title='bbox 2413 2320 2822 2386; x_wconf 86' lang='lat' dir='ltr'><strong>immaculatus,</strong></span> <span class='ocrx_word' id='word_1_428' title='bbox 2855 2335 2918 2374; x_wconf 91' lang='lat' dir='ltr'><strong>ac</strong></span> <span class='ocrx_word' id='word_1_429' title='bbox 2947 2321 3066 2374; x_wconf 92' lang='lat' dir='ltr'><strong>sine</strong></span> <span class='ocrx_word' id='word_1_430' title='bbox 3084 2319 3317 2374; x_wconf 82' lang='lat' dir='ltr'><strong>crimine</strong></span> <span class='ocrx_word' id='word_1_431' title='bbox 3343 2336 3356 2372; x_wconf 92' lang='lat'><strong>:</strong></span> <span class='ocrx_word' id='word_1_432' title='bbox 3387 2327 3444 2373; x_wconf 90' lang='lat' dir='ltr'><strong>et</strong></span> <span class='ocrx_word' id='word_1_433' title='bbox 3467 2318 3557 2387; x_wconf 88' lang='lat' dir='ltr'><strong>qui</strong></span> <span class='ocrx_word' id='word_1_434' title='bbox 3576 2316 3918 2372; x_wconf 88' lang='lat' dir='ltr'><strong>ambulabant</strong></span> 
     </span>
    </p>
   </div>
   <div class='ocr_carea' id='block_1_54' title="bbox 2329 2407 4011 2482">
    <p class='ocr_par' dir='ltr' id='par_1_54' title="bbox 2329 2407 4011 2482">
     <span class='ocr_line' id='line_1_54' title="bbox 2329 2407 4011 2482; baseline -0.005 -14"><span class='ocrx_word' id='word_1_435' title='bbox 2329 2415 2384 2469; x_wconf 91' lang='lat' dir='ltr'><strong>in</strong></span> <span class='ocrx_word' id='word_1_436' title='bbox 2435 2413 2649 2469; x_wconf 85' lang='lat' dir='ltr'><strong>cunctis</strong></span> <span class='ocrx_word' id='word_1_437' title='bbox 2699 2411 3186 2482; x_wconf 79' lang='lat' dir='ltr'><strong>iustiﬁcationihns</strong></span> <span class='ocrx_word' id='word_1_438' title='bbox 3238 2410 3473 2476; x_wconf 88' lang='lat' dir='ltr'><strong>Domini,</strong></span> <span class='ocrx_word' id='word_1_439' title='bbox 3515 2409 3647 2479; x_wconf 86' lang='lat' dir='ltr'><strong>justi</strong></span> <span class='ocrx_word' id='word_1_440' title='bbox 3707 2417 3833 2462; x_wconf 92' lang='lat' dir='ltr'><strong>sunt</strong></span> <span class='ocrx_word' id='word_1_441' title='bbox 3870 2407 3916 2461; x_wconf 90' lang='lat' dir='ltr'><strong>in</strong></span> <span class='ocrx_word' id='word_1_442' title='bbox 4010 2407 4011 2444; x_wconf 69' lang='lat' dir='ltr'><strong>l</strong></span> 
     </span>
    </p>
   </div>
   <div class='ocr_carea' id='block_1_55' title="bbox 2328 2501 3919 2576">
    <p class='ocr_par' dir='ltr' id='par_1_55' title="bbox 2328 2501 3919 2576">
     <span class='ocr_line' id='line_1_55' title="bbox 2328 2501 3919 2576; baseline -0.003 -15"><span class='ocrx_word' id='word_1_443' title='bbox 2328 2514 2628 2576; x_wconf 79' lang='lat' dir='ltr'><strong>conSpectu</strong></span> <span class='ocrx_word' id='word_1_444' title='bbox 2658 2506 2800 2576; x_wconf 87' lang='lat' dir='ltr'><strong>ejus,</strong></span> <span class='ocrx_word' id='word_1_445' title='bbox 2828 2515 2960 2573; x_wconf 85' lang='lat' dir='ltr'><strong>puto</strong></span> <span class='ocrx_word' id='word_1_446' title='bbox 2983 2505 3127 2576; x_wconf 86' lang='lat' dir='ltr'><strong>quod</strong></span> <span class='ocrx_word' id='word_1_447' title='bbox 3155 2513 3381 2574; x_wconf 89' lang='lat' dir='ltr'><strong>peccato</strong></span> <span class='ocrx_word' id='word_1_448' title='bbox 3399 2513 3652 2570; x_wconf 82' lang='lat' dir='ltr'><strong>careant,</strong></span> <span class='ocrx_word' id='word_1_449' title='bbox 3700 2514 3752 2558; x_wconf 90' lang='lat' dir='ltr'><strong>et</strong></span> <span class='ocrx_word' id='word_1_450' title='bbox 3784 2501 3919 2556; x_wconf 86' lang='lat' dir='ltr'><strong>nulla</strong></span> 
     </span>
    </p>
   </div>
   <div class='ocr_carea' id='block_1_56' title="bbox 2331 2593 3922 2669">
    <p class='ocr_par' dir='ltr' id='par_1_56' title="bbox 2331 2593 3922 2669">
     <span class='ocr_line' id='line_1_56' title="bbox 2331 2593 3922 2669; baseline -0.004 -16"><span class='ocrx_word' id='word_1_451' title='bbox 2331 2614 2390 2653; x_wconf 91' lang='lat' dir='ltr'><strong>re</strong></span> <span class='ocrx_word' id='word_1_452' title='bbox 2421 2599 2741 2669; x_wconf 88' lang='lat' dir='ltr'><strong>indigeant,</strong></span> <span class='ocrx_word' id='word_1_453' title='bbox 2792 2613 2914 2668; x_wconf 75' lang='lat' dir='ltr'><strong>qua:</strong></span> <span class='ocrx_word' id='word_1_454' title='bbox 2938 2597 3002 2650; x_wconf 90' lang='lat' dir='ltr'><strong>ad</strong></span> <span class='ocrx_word' id='word_1_455' title='bbox 3023 2597 3290 2666; x_wconf 89' lang='lat' dir='ltr'><strong>justitiam</strong></span> <span class='ocrx_word' id='word_1_456' title='bbox 3320 2598 3587 2664; x_wconf 88' lang='lat' dir='ltr'><strong>pertinet.</strong></span> <span class='ocrx_word' id='word_1_457' title='bbox 3631 2594 3696 2648; x_wconf 84' lang='grc' dir='ltr'><strong>Α.</strong></span> <span class='ocrx_word' id='word_1_458' title='bbox 3730 2593 3922 2663; x_wconf 84' lang='lat' dir='ltr'><strong>Propo-</strong></span> 
     </span>
    </p>
   </div>
   <div class='ocr_carea' id='block_1_57' title="bbox 2333 2685 3918 2760">
    <p class='ocr_par' dir='ltr' id='par_1_57' title="bbox 2333 2685 3918 2760">
     <span class='ocr_line' id='line_1_57' title="bbox 2333 2685 3918 2760; baseline -0.006 -14"><span class='ocrx_word' id='word_1_459' title='bbox 2333 2692 2490 2746; x_wconf 88' lang='lat' dir='ltr'><strong>suisti</strong></span> <span class='ocrx_word' id='word_1_460' title='bbox 2539 2692 2845 2745; x_wconf 90' lang='lat' dir='ltr'><strong>testimonia</strong></span> <span class='ocrx_word' id='word_1_461' title='bbox 2899 2705 3022 2760; x_wconf 77' lang='lat' dir='ltr'><strong>quae</strong></span> <span class='ocrx_word' id='word_1_462' title='bbox 3076 2706 3182 2744; x_wconf 91' lang='lat' dir='ltr'><strong>non</strong></span> <span class='ocrx_word' id='word_1_463' title='bbox 3231 2689 3299 2744; x_wconf 90' lang='lat' dir='ltr'><strong>de</strong></span> <span class='ocrx_word' id='word_1_464' title='bbox 3337 2688 3568 2743; x_wconf 84' lang='lat' dir='ltr'><strong>alterius</strong></span> <span class='ocrx_word' id='word_1_465' title='bbox 3625 2685 3918 2754; x_wconf 71' lang='lat' dir='ltr'><strong>Scriptura:</strong></span> 
     </span>
    </p>
   </div>
   <div class='ocr_carea' id='block_1_58' title="bbox 2335 2779 3922 2852">
    <p class='ocr_par' dir='ltr' id='par_1_58' title="bbox 2335 2779 3922 2852">
     <span class='ocr_line' id='line_1_58' title="bbox 2335 2779 3922 2852; baseline -0.004 -14"><span class='ocrx_word' id='word_1_466' title='bbox 2335 2785 2484 2850; x_wconf 91' lang='lat' dir='ltr'><strong>loco,</strong></span> <span class='ocrx_word' id='word_1_467' title='bbox 2533 2782 2626 2838; x_wconf 89' lang='lat' dir='ltr'><strong>sed</strong></span> <span class='ocrx_word' id='word_1_468' title='bbox 2653 2783 2720 2838; x_wconf 90' lang='lat' dir='ltr'><strong>de</strong></span> <span class='ocrx_word' id='word_1_469' title='bbox 2747 2783 2983 2852; x_wconf 89' lang='lat' dir='ltr'><strong>propriis</strong></span> <span class='ocrx_word' id='word_1_470' title='bbox 3029 2782 3185 2838; x_wconf 88' lang='lat' dir='ltr'><strong>libris</strong></span> <span class='ocrx_word' id='word_1_471' title='bbox 3230 2781 3482 2838; x_wconf 87' lang='lat' dir='ltr'><strong>absoluta</strong></span> <span class='ocrx_word' id='word_1_472' title='bbox 3513 2789 3662 2835; x_wconf 87' lang='lat' dir='ltr'><strong>sunt.</strong></span> <span class='ocrx_word' id='word_1_473' title='bbox 3713 2779 3842 2834; x_wconf 81' lang='lat' dir='ltr'><strong>Nam</strong></span> <span class='ocrx_word' id='word_1_474' title='bbox 3876 2785 3922 2833; x_wconf 90' lang='lat' dir='ltr'><strong>et</strong></span> 
     </span>
    </p>
   </div>
   <div class='ocr_carea' id='block_1_59' title="bbox 2334 2871 3923 2946">
    <p class='ocr_par' dir='ltr' id='par_1_59' title="bbox 2334 2871 3923 2946">
     <span class='ocr_line' id='line_1_59' title="bbox 2334 2871 3923 2946; baseline -0.004 -16"><span class='ocrx_word' id='word_1_475' title='bbox 2334 2875 2437 2931; x_wconf 82' lang='lat' dir='ltr'><strong>Job</strong></span> <span class='ocrx_word' id='word_1_476' title='bbox 2467 2887 2751 2945; x_wconf 84' lang='lat' dir='ltr'><strong>postquam</strong></span> <span class='ocrx_word' id='word_1_477' title='bbox 2801 2889 3096 2946; x_wconf 90' lang='lat' dir='ltr'><strong>percussus</strong></span> <span class='ocrx_word' id='word_1_478' title='bbox 3143 2884 3226 2929; x_wconf 89' lang='lat' dir='ltr'><strong>est</strong></span> <span class='ocrx_word' id='word_1_479' title='bbox 3259 2874 3418 2943; x_wconf 80' lang='lat' dir='ltr'><strong>plaga</strong></span> <span class='ocrx_word' id='word_1_480' title='bbox 3473 2871 3642 2928; x_wconf 90' lang='lat' dir='ltr'><strong>multa</strong></span> <span class='ocrx_word' id='word_1_481' title='bbox 3673 2871 3923 2926; x_wconf 86' lang='lat' dir='ltr'><strong>adversus</strong></span> 
     </span>
    </p>
   </div>
   <div class='ocr_carea' id='block_1_60' title="bbox 2337 2965 4013 3038">
    <p class='ocr_par' dir='ltr' id='par_1_60' title="bbox 2337 2965 4013 3038">
     <span class='ocr_line' id='line_1_60' title="bbox 2337 2965 4013 3038; baseline -0.004 -13"><span class='ocrx_word' id='word_1_482' title='bbox 2337 2970 2432 3025; x_wconf 89' lang='lat' dir='ltr'><strong>Dei</strong></span> <span class='ocrx_word' id='word_1_483' title='bbox 2459 2970 2809 3034; x_wconf 89' lang='lat' dir='ltr'><strong>sententiam,</strong></span> <span class='ocrx_word' id='word_1_484' title='bbox 2841 2983 3148 3038; x_wconf 83' lang='lat' dir='ltr'><strong>provocans</strong></span> <span class='ocrx_word' id='word_1_485' title='bbox 3171 2984 3294 3024; x_wconf 91' lang='lat' dir='ltr'><strong>eum</strong></span> <span class='ocrx_word' id='word_1_486' title='bbox 3325 2968 3390 3022; x_wconf 89' lang='lat' dir='ltr'><strong>ad</strong></span> <span class='ocrx_word' id='word_1_487' title='bbox 3415 2967 3709 3037; x_wconf 91' lang='lat' dir='ltr'><strong>judicium,</strong></span> <span class='ocrx_word' id='word_1_488' title='bbox 3735 2965 3925 3021; x_wconf 81' lang='lat' dir='ltr'><strong>dixisse</strong></span> <span class='ocrx_word' id='word_1_489' title='bbox 4012 2971 4013 2978; x_wconf 83' lang='lat'>‘</span> 
     </span>
    </p>
   </div>
   <div class='ocr_carea' id='block_1_61' title="bbox 2335 3057 3923 3132">
    <p class='ocr_par' dir='ltr' id='par_1_61' title="bbox 2335 3057 3923 3132">
     <span class='ocr_line' id='line_1_61' title="bbox 2335 3057 3923 3132; baseline -0.004 -15"><span class='ocrx_word' id='word_1_490' title='bbox 2335 3063 2711 3117; x_wconf 87' lang='lat' dir='ltr'><strong>convincitur:</strong></span> <span class='ocrx_word' id='word_1_491' title='bbox 2738 3064 2901 3131; x_wconf 81' lang='lat' dir='ltr'><strong>Atque</strong></span> <span class='ocrx_word' id='word_1_492' title='bbox 2922 3064 3121 3116; x_wconf 86' lang='lat' dir='ltr'><strong>utinam</strong></span> <span class='ocrx_word' id='word_1_493' title='bbox 3141 3061 3213 3114; x_wconf 90' lang='lat' dir='ltr'><strong>sic</strong></span> <span class='ocrx_word' id='word_1_494' title='bbox 3226 3061 3555 3132; x_wconf 84' lang='lat' dir='ltr'><strong>judicaretur</strong></span> <span class='ocrx_word' id='word_1_495' title='bbox 3570 3061 3649 3114; x_wconf 80' lang='lat' dir='ltr'><strong>uir</strong></span> <span class='ocrx_word' id='word_1_496' title='bbox 3670 3077 3782 3114; x_wconf 90' lang='lat' dir='ltr'><strong>cum</strong></span> <span class='ocrx_word' id='word_1_497' title='bbox 3805 3057 3923 3122; x_wconf 89' lang='lat' dir='ltr'><strong>Deo,</strong></span> 
     </span>
    </p>
   </div>
   <div class='ocr_carea' id='block_1_62' title="bbox 631 3139 3923 3227">
    <p class='ocr_par' dir='ltr' id='par_1_62' title="bbox 631 3139 3923 3227">
     <span class='ocr_line' id='line_1_62' title="bbox 631 3139 3923 3227; baseline 0 -27"><span class='ocrx_word' id='word_1_498' title='bbox 631 3156 902 3210; x_wconf 69' lang='lat' dir='ltr'><strong>caeteros,</strong></span> <span class='ocrx_word' id='word_1_499' title='bbox 935 3161 1070 3214; x_wconf 91' lang='lat' dir='ltr'><strong>quos</strong></span> <span class='ocrx_word' id='word_1_500' title='bbox 1100 3145 1152 3198; x_wconf 88' lang='lat' dir='ltr'><strong>in</strong></span> <span class='ocrx_word' id='word_1_501' title='bbox 1181 3145 1357 3200; x_wconf 91' lang='lat' dir='ltr'><strong>veteri</strong></span> <span class='ocrx_word' id='word_1_502' title='bbox 1381 3144 1736 3200; x_wconf 82' lang='lat' dir='ltr'><strong>TeSIamcnto</strong></span> <span class='ocrx_word' id='word_1_503' title='bbox 1761 3146 1954 3203; x_wconf 85' lang='lat' dir='ltr'><strong>divites</strong></span> <span class='ocrx_word' id='word_1_504' title='bbox 1982 3148 2232 3220; x_wconf 82' lang='lat' dir='ltr'><strong>legimus,</strong></span> <span class='ocrx_word' id='word_1_505' title='bbox 2264 3139 2309 3202; x_wconf 87' lang='lat' dir='ltr'>C</span> <span class='ocrx_word' id='word_1_506' title='bbox 2339 3157 2594 3225; x_wconf 88' lang='lat' dir='ltr'><strong>quomodo</strong></span> <span class='ocrx_word' id='word_1_507' title='bbox 2607 3154 2880 3227; x_wconf 86' lang='lat' dir='ltr'><strong>judicatur</strong></span> <span class='ocrx_word' id='word_1_508' title='bbox 2904 3155 3044 3222; x_wconf 80' lang='lat' dir='ltr'><strong>ﬁlius</strong></span> <span class='ocrx_word' id='word_1_509' title='bbox 3067 3152 3292 3206; x_wconf 82' lang='lat' dir='ltr'><strong>hominis</strong></span> <span class='ocrx_word' id='word_1_510' title='bbox 3315 3169 3432 3205; x_wconf 86' lang='lat' dir='ltr'><strong>cum</strong></span> <span class='ocrx_word' id='word_1_511' title='bbox 3453 3151 3655 3224; x_wconf 80' lang='lat' dir='ltr'><strong>collega</strong></span> <span class='ocrx_word' id='word_1_512' title='bbox 3678 3167 3771 3204; x_wconf 90' lang='lat' dir='ltr'><strong>suo</strong></span> <span class='ocrx_word' id='word_1_513' title='bbox 3791 3148 3923 3221; x_wconf 90' lang='lat' dir='ltr'><strong>(Job.</strong></span> 
     </span>
    </p>
   </div>
   <div class='ocr_carea' id='block_1_63' title="bbox 635 3237 2234 3314">
    <p class='ocr_par' dir='ltr' id='par_1_63' title="bbox 635 3237 2234 3314">
     <span class='ocr_line' id='line_1_63' title="bbox 635 3237 2234 3314; baseline 0.006 -23"><span class='ocrx_word' id='word_1_514' title='bbox 635 3237 892 3307; x_wconf 82' lang='lat' dir='ltr'><strong>exemplo</strong></span> <span class='ocrx_word' id='word_1_515' title='bbox 932 3251 1248 3308; x_wconf 90' lang='lat' dir='ltr'><strong>proponas.</strong></span> <span class='ocrx_word' id='word_1_516' title='bbox 1308 3239 1398 3308; x_wconf 90' lang='lat' dir='ltr'><strong>qui</strong></span> <span class='ocrx_word' id='word_1_517' title='bbox 1431 3238 1626 3294; x_wconf 87' lang='lat' dir='ltr'><strong>divites</strong></span> <span class='ocrx_word' id='word_1_518' title='bbox 1654 3240 1882 3310; x_wconf 88' lang='lat' dir='ltr'><strong>ingressi</strong></span> <span class='ocrx_word' id='word_1_519' title='bbox 1915 3253 2042 3297; x_wconf 91' lang='lat' dir='ltr'><strong>sunt</strong></span> <span class='ocrx_word' id='word_1_520' title='bbox 2067 3259 2234 3314; x_wconf 85' lang='lat' dir='ltr'><strong>regna</strong></span> 
     </span>
    </p>
   </div>
   <div class='ocr_carea' id='block_1_64' title="bbox 637 3330 2237 3404">
    <p class='ocr_par' dir='ltr' id='par_1_64' title="bbox 637 3330 2237 3404">
     <span class='ocr_line' id='line_1_64' title="bbox 637 3330 2237 3404; baseline 0.002 -15"><span class='ocrx_word' id='word_1_521' title='bbox 637 3333 924 3398; x_wconf 66' lang='lat' dir='ltr'><strong>caelorum,</strong></span> <span class='ocrx_word' id='word_1_522' title='bbox 947 3347 1072 3387; x_wconf 90' lang='lat' dir='ltr'><strong>cum</strong></span> <span class='ocrx_word' id='word_1_523' title='bbox 1105 3333 1207 3402; x_wconf 90' lang='lat' dir='ltr'><strong>ipsi</strong></span> <span class='ocrx_word' id='word_1_524' title='bbox 1237 3330 1341 3404; x_wconf 80' lang='grc' dir='ltr'><strong>[ΑΙ.</strong></span> <span class='ocrx_word' id='word_1_525' title='bbox 1377 3332 1568 3404; x_wconf 89' lang='lat' dir='ltr'><strong>ipsius]</strong></span> <span class='ocrx_word' id='word_1_526' title='bbox 1591 3333 1791 3389; x_wconf 89' lang='lat' dir='ltr'><strong>divitiis</strong></span> <span class='ocrx_word' id='word_1_527' title='bbox 1819 3339 1886 3390; x_wconf 91' lang='lat' dir='ltr'><strong>ad</strong></span> <span class='ocrx_word' id='word_1_528' title='bbox 1909 3337 2050 3392; x_wconf 89' lang='lat' dir='ltr'><strong>bona</strong></span> <span class='ocrx_word' id='word_1_529' title='bbox 2081 3347 2237 3394; x_wconf 85' lang='lat' dir='ltr'><strong>uten-</strong></span> 
     </span>
    </p>
   </div>
   <div class='ocr_carea' id='block_1_65' title="bbox 635 3424 2232 3493">
    <p class='ocr_par' dir='ltr' id='par_1_65' title="bbox 635 3424 2232 3493">
     <span class='ocr_line' id='line_1_65' title="bbox 635 3424 2232 3493; baseline 0.003 -13"><span class='ocrx_word' id='word_1_530' title='bbox 635 3439 721 3481; x_wconf 87' lang='lat' dir='ltr'><strong>tes</strong></span> <span class='ocrx_word' id='word_1_531' title='bbox 749 3439 914 3493; x_wconf 89' lang='lat' dir='ltr'><strong>opera</strong></span> <span class='ocrx_word' id='word_1_532' title='bbox 944 3466 958 3489; x_wconf 93' lang='lat'><strong>,</strong></span> <span class='ocrx_word' id='word_1_533' title='bbox 1009 3425 1207 3479; x_wconf 89' lang='lat' dir='ltr'><strong>divites</strong></span> <span class='ocrx_word' id='word_1_534' title='bbox 1247 3439 1369 3479; x_wconf 90' lang='lat' dir='ltr'><strong>esse</strong></span> <span class='ocrx_word' id='word_1_535' title='bbox 1400 3424 1706 3492; x_wconf 80' lang='lat' dir='ltr'><strong>desierint;</strong></span> <span class='ocrx_word' id='word_1_536' title='bbox 1754 3425 1923 3482; x_wconf 91' lang='lat' dir='ltr'><strong>immo</strong></span> <span class='ocrx_word' id='word_1_537' title='bbox 1953 3443 2078 3483; x_wconf 92' lang='lat' dir='ltr'><strong>cum</strong></span> <span class='ocrx_word' id='word_1_538' title='bbox 2126 3444 2232 3484; x_wconf 92' lang='lat' dir='ltr'><strong>non</strong></span> 
     </span>
    </p>
   </div>
   <div class='ocr_carea' id='block_1_66' title="bbox 637 3515 2236 3592">
    <p class='ocr_par' dir='ltr' id='par_1_66' title="bbox 637 3515 2236 3592">
     <span class='ocr_line' id='line_1_66' title="bbox 637 3515 2236 3592; baseline 0.005 -22"><span class='ocrx_word' id='word_1_539' title='bbox 637 3516 767 3582; x_wconf 93' lang='lat' dir='ltr'><strong>sibi,</strong></span> <span class='ocrx_word' id='word_1_540' title='bbox 796 3517 892 3570; x_wconf 89' lang='lat' dir='ltr'><strong>sed</strong></span> <span class='ocrx_word' id='word_1_541' title='bbox 916 3515 1039 3570; x_wconf 91' lang='lat' dir='ltr'><strong>aliis</strong></span> <span class='ocrx_word' id='word_1_542' title='bbox 1063 3515 1264 3572; x_wconf 88' lang='lat' dir='ltr'><strong>divites</strong></span> <span class='ocrx_word' id='word_1_543' title='bbox 1289 3516 1511 3583; x_wconf 91' lang='lat' dir='ltr'><strong>fuerint,</strong></span> <span class='ocrx_word' id='word_1_544' title='bbox 1544 3527 1599 3574; x_wconf 91' lang='lat' dir='ltr'><strong>et</strong></span> <span class='ocrx_word' id='word_1_545' title='bbox 1625 3518 2034 3588; x_wconf 90' lang='lat' dir='ltr'><strong>dispensatores</strong></span> <span class='ocrx_word' id='word_1_546' title='bbox 2066 3523 2236 3592; x_wconf 83' lang='lat' dir='ltr'><strong>magis</strong></span> 
     </span>
    </p>
   </div>
   <div class='ocr_carea' id='block_1_67' title="bbox 637 3611 2239 3687">
    <p class='ocr_par' dir='ltr' id='par_1_67' title="bbox 637 3611 2239 3687">
     <span class='ocr_line' id='line_1_67' title="bbox 637 3611 2239 3687; baseline 0.004 -22"><span class='ocrx_word' id='word_1_547' title='bbox 637 3611 760 3676; x_wconf 90' lang='lat' dir='ltr'><strong>Dei,</strong></span> <span class='ocrx_word' id='word_1_548' title='bbox 785 3626 947 3680; x_wconf 90' lang='lat' dir='ltr'><strong>quam</strong></span> <span class='ocrx_word' id='word_1_549' title='bbox 970 3611 1167 3666; x_wconf 87' lang='lat' dir='ltr'><strong>divites</strong></span> <span class='ocrx_word' id='word_1_550' title='bbox 1186 3611 1497 3681; x_wconf 88' lang='lat' dir='ltr'><strong>appellandi</strong></span> <span class='ocrx_word' id='word_1_551' title='bbox 1524 3613 1652 3668; x_wconf 91' lang='lat' dir='ltr'><strong>sint.</strong></span> <span class='ocrx_word' id='word_1_552' title='bbox 1675 3612 1785 3669; x_wconf 91' lang='lat' dir='ltr'><strong>Sed</strong></span> <span class='ocrx_word' id='word_1_553' title='bbox 1804 3615 1962 3671; x_wconf 90' lang='lat' dir='ltr'><strong>nobis</strong></span> <span class='ocrx_word' id='word_1_554' title='bbox 1991 3616 2239 3687; x_wconf 85' lang='lat' dir='ltr'><strong>Evange-</strong></span> 
     </span>
    </p>
   </div>
   <div class='ocr_carea' id='block_1_68' title="bbox 639 3701 2240 3775">
    <p class='ocr_par' dir='ltr' id='par_1_68' title="bbox 639 3701 2240 3775">
     <span class='ocr_line' id='line_1_68' title="bbox 639 3701 2240 3775; baseline 0.002 -18"><span class='ocrx_word' id='word_1_555' title='bbox 639 3703 745 3757; x_wconf 89' lang='lat' dir='ltr'><strong>lica</strong></span> <span class='ocrx_word' id='word_1_556' title='bbox 778 3701 1043 3772; x_wconf 88' lang='lat' dir='ltr'><strong>perfectio</strong></span> <span class='ocrx_word' id='word_1_557' title='bbox 1070 3704 1398 3772; x_wconf 89' lang='lat' dir='ltr'><strong>requirenda</strong></span> <span class='ocrx_word' id='word_1_558' title='bbox 1432 3713 1550 3768; x_wconf 88' lang='lat' dir='ltr'><strong>est,</strong></span> <span class='ocrx_word' id='word_1_559' title='bbox 1580 3703 1636 3758; x_wconf 92' lang='lat' dir='ltr'><strong>in</strong></span> <span class='ocrx_word' id='word_1_560' title='bbox 1659 3721 1760 3774; x_wconf 83' lang='lat' dir='ltr'><strong>qua</strong></span> <span class='ocrx_word' id='word_1_561' title='bbox 1791 3706 2144 3775; x_wconf 66' lang='lat' dir='ltr'><strong>praecipitur:</strong></span> <span class='ocrx_word' id='word_1_562' title='bbox 2175 3706 2240 3762; x_wconf 87' lang='lat' dir='ltr'><strong>Si</strong></span> 
     </span>
    </p>
   </div>
   <div class='ocr_carea' id='block_1_69' title="bbox 639 3797 2240 3868">
    <p class='ocr_par' dir='ltr' id='par_1_69' title="bbox 639 3797 2240 3868">
     <span class='ocr_line' id='line_1_69' title="bbox 639 3797 2240 3868; baseline 0.004 -20"><span class='ocrx_word' id='word_1_563' title='bbox 639 3797 716 3849; x_wconf 83' lang='lat' dir='ltr'><strong>vis</strong></span> <span class='ocrx_word' id='word_1_564' title='bbox 739 3798 998 3866; x_wconf 80' lang='lat' dir='ltr'><strong>perfectus</strong></span> <span class='ocrx_word' id='word_1_565' title='bbox 1019 3814 1150 3861; x_wconf 90' lang='lat' dir='ltr'><strong>esse,</strong></span> <span class='ocrx_word' id='word_1_566' title='bbox 1181 3797 1308 3851; x_wconf 83' lang='lat' dir='ltr'><strong>vade</strong></span> <span class='ocrx_word' id='word_1_567' title='bbox 1327 3808 1372 3850; x_wconf 88' lang='lat' dir='ltr'><strong>et</strong></span> <span class='ocrx_word' id='word_1_568' title='bbox 1395 3798 1557 3852; x_wconf 82' lang='lat' dir='ltr'><strong>vende</strong></span> <span class='ocrx_word' id='word_1_569' title='bbox 1585 3800 1757 3852; x_wconf 89' lang='lat' dir='ltr'><strong>omnia</strong></span> <span class='ocrx_word' id='word_1_570' title='bbox 1782 3816 1899 3868; x_wconf 74' lang='lat' dir='ltr'><strong>qua&#39;</strong></span> <span class='ocrx_word' id='word_1_571' title='bbox 1916 3799 2156 3865; x_wconf 85' lang='lat' dir='ltr'><strong>babes,et</strong></span> <span class='ocrx_word' id='word_1_572' title='bbox 2173 3799 2240 3855; x_wconf 90' lang='lat' dir='ltr'><strong>da</strong></span> 
     </span>
    </p>
   </div>
   <div class='ocr_carea' id='block_1_70' title="bbox 643 3888 2094 3962">
    <p class='ocr_par' dir='ltr' id='par_1_70' title="bbox 643 3888 2094 3962">
     <span class='ocr_line' id='line_1_70' title="bbox 643 3888 2094 3962; baseline 0.006 -23"><span class='ocrx_word' id='word_1_573' title='bbox 643 3888 975 3958; x_wconf 83' lang='lat' dir='ltr'><strong>pauperibus,</strong></span> <span class='ocrx_word' id='word_1_574' title='bbox 1007 3900 1052 3942; x_wconf 84' lang='lat' dir='ltr'><strong>et</strong></span> <span class='ocrx_word' id='word_1_575' title='bbox 1076 3890 1211 3954; x_wconf 84' lang='lat' dir='ltr'><strong>veni,</strong></span> <span class='ocrx_word' id='word_1_576' title='bbox 1241 3906 1452 3960; x_wconf 87' lang='lat' dir='ltr'><strong>sequere</strong></span> <span class='ocrx_word' id='word_1_577' title='bbox 1477 3906 1560 3944; x_wconf 89' lang='lat' dir='ltr'><strong>me</strong></span> <span class='ocrx_word' id='word_1_578' title='bbox 1587 3889 1806 3960; x_wconf 81' lang='lat' dir='ltr'><strong>(Matth.</strong></span> <span class='ocrx_word' id='word_1_579' title='bbox 1839 3907 1950 3956; x_wconf 72' lang='lat' dir='ltr'><strong>xu,</strong></span> <span class='ocrx_word' id='word_1_580' title='bbox 1979 3890 2094 3962; x_wconf 75' lang='lat'><strong>2|).</strong></span> 
     </span>
    </p>
   </div>
   <div class='ocr_carea' id='block_1_71' title="bbox 713 3979 2240 4054">
    <p class='ocr_par' dir='ltr' id='par_1_71' title="bbox 713 3979 2240 4054">
     <span class='ocr_line' id='line_1_71' title="bbox 713 3979 2240 4054; baseline 0.003 -21"><span class='ocrx_word' id='word_1_581' title='bbox 713 3979 802 4033; x_wconf 81' lang='grc' dir='ltr'><strong>Η.</strong></span> <span class='ocrx_word' id='word_1_582' title='bbox 831 3980 1126 4052; x_wconf 84' lang='lat' dir='ltr'><strong>Respondet</strong></span> <span class='ocrx_word' id='word_1_583' title='bbox 1148 3981 1425 4054; x_wconf 84' lang='lat' dir='ltr'><strong>objectioni</strong></span> <span class='ocrx_word' id='word_1_584' title='bbox 1453 3998 1516 4036; x_wconf 76' lang='lat' dir='ltr'><strong>ex</strong></span> <span class='ocrx_word' id='word_1_585' title='bbox 1545 3981 1760 4036; x_wconf 88' lang='lat' dir='ltr'><strong>Domini</strong></span> <span class='ocrx_word' id='word_1_586' title='bbox 1781 3985 2048 4039; x_wconf 85' lang='lat' dir='ltr'><strong>sententia.</strong></span> <span class='ocrx_word' id='word_1_587' title='bbox 2072 3984 2240 4039; x_wconf 86' lang='lat' dir='ltr'><strong>Diluit</strong></span> 
     </span>
    </p>
   </div>
   <div class='ocr_carea' id='block_1_72' title="bbox 639 4070 2238 4142">
    <p class='ocr_par' dir='ltr' id='par_1_72' title="bbox 639 4070 2238 4142">
     <span class='ocr_line' id='line_1_72' title="bbox 639 4070 2238 4142; baseline 0.004 -15"><span class='ocrx_word' id='word_1_588' title='bbox 639 4072 881 4142; x_wconf 75' lang='lat' dir='ltr'><strong>exempla</strong></span> <span class='ocrx_word' id='word_1_589' title='bbox 913 4072 977 4125; x_wconf 91' lang='lat' dir='ltr'><strong>de</strong></span> <span class='ocrx_word' id='word_1_590' title='bbox 1006 4070 1106 4125; x_wconf 89' lang='lat' dir='ltr'><strong>Job</strong></span> <span class='ocrx_word' id='word_1_591' title='bbox 1129 4113 1145 4138; x_wconf 93' lang='lat'><strong>,</strong></span> <span class='ocrx_word' id='word_1_592' title='bbox 1199 4072 1454 4126; x_wconf 82' lang='lat' dir='ltr'><strong>Zacharia</strong></span> <span class='ocrx_word' id='word_1_593' title='bbox 1485 4083 1533 4127; x_wconf 90' lang='lat' dir='ltr'><strong>et</strong></span> <span class='ocrx_word' id='word_1_594' title='bbox 1577 4073 1863 4130; x_wconf 87' lang='lat' dir='ltr'><strong>Elisabeth.</strong></span> <span class='ocrx_word' id='word_1_595' title='bbox 1893 4107 1960 4116; x_wconf 91' lang='lat'><strong>—</strong></span> <span class='ocrx_word' id='word_1_596' title='bbox 2008 4075 2066 4132; x_wconf 87' lang='lat' dir='ltr'><strong>C.</strong></span> <span class='ocrx_word' id='word_1_597' title='bbox 2101 4079 2238 4133; x_wconf 89' lang='lat' dir='ltr'><strong>Dum</strong></span> 
     </span>
    </p>
   </div>
   <div class='ocr_carea' id='block_1_73' title="bbox 640 4167 2244 4236">
    <p class='ocr_par' dir='ltr' id='par_1_73' title="bbox 640 4167 2244 4236">
     <span class='ocr_line' id='line_1_73' title="bbox 640 4167 2244 4236; baseline 0.003 -16"><span class='ocrx_word' id='word_1_598' title='bbox 640 4167 844 4230; x_wconf 90' lang='lat' dir='ltr'><strong>nescis,</strong></span> <span class='ocrx_word' id='word_1_599' title='bbox 879 4167 1101 4234; x_wconf 90' lang='lat' dir='ltr'><strong>proprio</strong></span> <span class='ocrx_word' id='word_1_600' title='bbox 1130 4175 1323 4232; x_wconf 85' lang='lat' dir='ltr'><strong>captus</strong></span> <span class='ocrx_word' id='word_1_601' title='bbox 1343 4181 1402 4220; x_wconf 89' lang='lat' dir='ltr'><strong>es</strong></span> <span class='ocrx_word' id='word_1_602' title='bbox 1424 4167 1640 4234; x_wconf 85' lang='lat' dir='ltr'><strong>laqueo.</strong></span> <span class='ocrx_word' id='word_1_603' title='bbox 1670 4168 1734 4222; x_wconf 81' lang='grc' dir='ltr'><strong>Α.</strong></span> <span class='ocrx_word' id='word_1_604' title='bbox 1761 4169 2010 4236; x_wconf 92' lang='lat' dir='ltr'><strong>Quonam</strong></span> <span class='ocrx_word' id='word_1_605' title='bbox 2031 4170 2194 4226; x_wconf 90' lang='lat' dir='ltr'><strong>modo</strong></span> <span class='ocrx_word' id='word_1_606' title='bbox 2222 4172 2244 4225; x_wconf 82' lang='lat' dir='ltr'><strong>&#39;l</strong></span> 
     </span>
    </p>
   </div>
   <div class='ocr_carea' id='block_1_74' title="bbox 643 4257 2245 4330">
    <p class='ocr_par' dir='ltr' id='par_1_74' title="bbox 643 4257 2245 4330">
     <span class='ocr_line' id='line_1_74' title="bbox 643 4257 2245 4330; baseline 0.004 -18"><span class='ocrx_word' id='word_1_607' title='bbox 643 4258 704 4312; x_wconf 67' lang='grc' dir='ltr'><strong>(ἰ.</strong></span> <span class='ocrx_word' id='word_1_608' title='bbox 740 4258 818 4311; x_wconf 81' lang='lat' dir='ltr'><strong>Ex</strong></span> <span class='ocrx_word' id='word_1_609' title='bbox 851 4258 1122 4311; x_wconf 90' lang='lat' dir='ltr'><strong>sententia</strong></span> <span class='ocrx_word' id='word_1_610' title='bbox 1158 4257 1371 4312; x_wconf 90' lang='lat' dir='ltr'><strong>Domini</strong></span> <span class='ocrx_word' id='word_1_611' title='bbox 1399 4259 1604 4312; x_wconf 89' lang='lat' dir='ltr'><strong>asseris</strong></span> <span class='ocrx_word' id='word_1_612' title='bbox 1627 4274 1792 4330; x_wconf 87' lang='lat' dir='ltr'><strong>posse</strong></span> <span class='ocrx_word' id='word_1_613' title='bbox 1823 4262 2098 4317; x_wconf 89' lang='lat' dir='ltr'><strong>hominem</strong></span> <span class='ocrx_word' id='word_1_614' title='bbox 2122 4279 2245 4319; x_wconf 90' lang='lat' dir='ltr'><strong>esse</strong></span> 
     </span>
    </p>
   </div>
   <div class='ocr_carea' id='block_1_75' title="bbox 644 4349 2242 4424">
    <p class='ocr_par' dir='ltr' id='par_1_75' title="bbox 644 4349 2242 4424">
     <span class='ocr_line' id='line_1_75' title="bbox 644 4349 2242 4424; baseline 0.004 -22"><span class='ocrx_word' id='word_1_615' title='bbox 644 4349 976 4419; x_wconf 75' lang='lat' dir='ltr'><strong>perfectum.</strong></span> <span class='ocrx_word' id='word_1_616' title='bbox 1001 4350 1232 4417; x_wconf 88' lang='lat' dir='ltr'><strong>Quando</strong></span> <span class='ocrx_word' id='word_1_617' title='bbox 1261 4351 1406 4402; x_wconf 88' lang='lat' dir='ltr'><strong>enim</strong></span> <span class='ocrx_word' id='word_1_618' title='bbox 1435 4350 1566 4404; x_wconf 92' lang='lat' dir='ltr'><strong>dicit</strong></span> <span class='ocrx_word' id='word_1_619' title='bbox 1592 4369 1620 4403; x_wconf 48' lang='grc' dir='ltr'><strong>εν</strong></span> <span class='ocrx_word' id='word_1_620' title='bbox 1642 4351 1706 4405; x_wconf 89' lang='lat' dir='ltr'><strong>Si</strong></span> <span class='ocrx_word' id='word_1_621' title='bbox 1731 4353 1805 4406; x_wconf 81' lang='lat' dir='ltr'><strong>vis</strong></span> <span class='ocrx_word' id='word_1_622' title='bbox 1833 4355 2090 4424; x_wconf 80' lang='lat' dir='ltr'><strong>perfectus</strong></span> <span class='ocrx_word' id='word_1_623' title='bbox 2111 4371 2242 4424; x_wconf 87' lang='lat' dir='ltr'><strong>esse,</strong></span> 
     </span>
    </p>
   </div>
   <div class='ocr_carea' id='block_1_76' title="bbox 645 4439 2245 4512">
    <p class='ocr_par' dir='ltr' id='par_1_76' title="bbox 645 4439 2245 4512">
     <span class='ocr_line' id='line_1_76' title="bbox 645 4439 2245 4512; baseline 0.005 -20"><span class='ocrx_word' id='word_1_624' title='bbox 645 4442 805 4492; x_wconf 79' lang='lat' dir='ltr'><strong>vende</strong></span> <span class='ocrx_word' id='word_1_625' title='bbox 834 4441 1005 4496; x_wconf 85' lang='lat' dir='ltr'><strong>omnia</strong></span> <span class='ocrx_word' id='word_1_626' title='bbox 1049 4457 1162 4509; x_wconf 70' lang='lat' dir='ltr'><strong>qua?</strong></span> <span class='ocrx_word' id='word_1_627' title='bbox 1183 4439 1360 4503; x_wconf 84' lang='lat' dir='ltr'><strong>habes,</strong></span> <span class='ocrx_word' id='word_1_628' title='bbox 1389 4450 1435 4494; x_wconf 90' lang='lat' dir='ltr'><strong>et</strong></span> <span class='ocrx_word' id='word_1_629' title='bbox 1456 4440 1525 4494; x_wconf 88' lang='lat' dir='ltr'><strong>da</strong></span> <span class='ocrx_word' id='word_1_630' title='bbox 1550 4443 1862 4512; x_wconf 84' lang='lat' dir='ltr'><strong>pauperibus</strong></span> <span class='ocrx_word' id='word_1_631' title='bbox 1881 4485 1894 4508; x_wconf 88' lang='lat'><strong>,</strong></span> <span class='ocrx_word' id='word_1_632' title='bbox 1934 4452 1982 4497; x_wconf 88' lang='lat' dir='ltr'><strong>et</strong></span> <span class='ocrx_word' id='word_1_633' title='bbox 2004 4446 2140 4511; x_wconf 81' lang='lat' dir='ltr'><strong>veni,</strong></span> <span class='ocrx_word' id='word_1_634' title='bbox 2166 4463 2245 4500; x_wconf 88' lang='lat' dir='ltr'><strong>se-</strong></span> 
     </span>
    </p>
   </div>
   <div class='ocr_carea' id='block_1_77' title="bbox 2337 3243 4015 3318">
    <p class='ocr_par' dir='ltr' id='par_1_77' title="bbox 2337 3243 4015 3318">
     <span class='ocr_line' id='line_1_77' title="bbox 2337 3243 4015 3318; baseline -0.007 -16"><span class='ocrx_word' id='word_1_635' title='bbox 2337 3263 2450 3310; x_wconf 84' lang='lat' dir='ltr'><strong>xvl,</strong></span> <span class='ocrx_word' id='word_1_636' title='bbox 2478 3245 2604 3318; x_wconf 68' lang='lat'><strong>9.2)!</strong></span> <span class='ocrx_word' id='word_1_637' title='bbox 2634 3249 2698 3300; x_wconf 78' lang='lat' dir='ltr'><strong>Et</strong></span> <span class='ocrx_word' id='word_1_638' title='bbox 2726 3247 2954 3300; x_wconf 87' lang='lat' dir='ltr'><strong>iterum:</strong></span> <span class='ocrx_word' id='word_1_639' title='bbox 2986 3245 3118 3312; x_wconf 84' lang='lat' dir='ltr'><strong>Quis</strong></span> <span class='ocrx_word' id='word_1_640' title='bbox 3152 3243 3280 3297; x_wconf 85' lang='lat' dir='ltr'><strong>mihi</strong></span> <span class='ocrx_word' id='word_1_641' title='bbox 3309 3243 3499 3297; x_wconf 86' lang='lat' dir='ltr'><strong>tribuat</strong></span> <span class='ocrx_word' id='word_1_642' title='bbox 3541 3243 3852 3307; x_wconf 83' lang='lat' dir='ltr'><strong>auditorem,</strong></span> <span class='ocrx_word' id='word_1_643' title='bbox 3879 3250 3925 3294; x_wconf 84' lang='lat' dir='ltr'><strong>ut</strong></span> <span class='ocrx_word' id='word_1_644' title='bbox 4014 3285 4015 3318; x_wconf 19' lang='grc' dir='ltr'>ἢ</span> 
     </span>
    </p>
   </div>
   <div class='ocr_carea' id='block_1_78' title="bbox 2341 3335 3926 3408">
    <p class='ocr_par' dir='ltr' id='par_1_78' title="bbox 2341 3335 3926 3408">
     <span class='ocr_line' id='line_1_78' title="bbox 2341 3335 3926 3408; baseline -0.005 -14"><span class='ocrx_word' id='word_1_645' title='bbox 2341 3339 2650 3394; x_wconf 84' lang='lat' dir='ltr'><strong>desiderium</strong></span> <span class='ocrx_word' id='word_1_646' title='bbox 2674 3356 2843 3393; x_wconf 83' lang='lat' dir='ltr'><strong>meum</strong></span> <span class='ocrx_word' id='word_1_647' title='bbox 2862 3340 3185 3408; x_wconf 83' lang='lat' dir='ltr'><strong>omnipotens</strong></span> <span class='ocrx_word' id='word_1_648' title='bbox 3207 3338 3414 3402; x_wconf 89' lang='lat' dir='ltr'><strong>audiat,</strong></span> <span class='ocrx_word' id='word_1_649' title='bbox 3455 3348 3503 3393; x_wconf 88' lang='lat' dir='ltr'><strong>et</strong></span> <span class='ocrx_word' id='word_1_650' title='bbox 3533 3337 3723 3391; x_wconf 90' lang='lat' dir='ltr'><strong>librum</strong></span> <span class='ocrx_word' id='word_1_651' title='bbox 3749 3335 3926 3390; x_wconf 72' lang='lat' dir='ltr'><strong>scribat</strong></span> 
     </span>
    </p>
   </div>
   <div class='ocr_carea' id='block_1_79' title="bbox 2339 3431 3928 3505">
    <p class='ocr_par' dir='ltr' id='par_1_79' title="bbox 2339 3431 3928 3505">
     <span class='ocr_line' id='line_1_79' title="bbox 2339 3431 3928 3505; baseline -0.005 -17"><span class='ocrx_word' id='word_1_652' title='bbox 2339 3435 2452 3502; x_wconf 90' lang='lat' dir='ltr'><strong>ipse</strong></span> <span class='ocrx_word' id='word_1_653' title='bbox 2476 3433 2784 3505; x_wconf 87' lang='lat' dir='ltr'><strong>quijudicat</strong></span> <span class='ocrx_word' id='word_1_654' title='bbox 2811 3432 2952 3502; x_wconf 85' lang='lat' dir='ltr'><strong>(Job.</strong></span> <span class='ocrx_word' id='word_1_655' title='bbox 2983 3449 3133 3497; x_wconf 73' lang='lat' dir='ltr'><strong>xui,</strong></span> <span class='ocrx_word' id='word_1_656' title='bbox 3163 3433 3256 3496; x_wconf 76' lang='grc'><strong>55)</strong></span> <span class='ocrx_word' id='word_1_657' title='bbox 3280 3433 3302 3486; x_wconf 87' lang='lat'><strong>?</strong></span> <span class='ocrx_word' id='word_1_658' title='bbox 3331 3432 3400 3486; x_wconf 87' lang='lat' dir='ltr'><strong>Et</strong></span> <span class='ocrx_word' id='word_1_659' title='bbox 3428 3446 3684 3485; x_wconf 87' lang='lat' dir='ltr'><strong>rursum:</strong></span> <span class='ocrx_word' id='word_1_660' title='bbox 3716 3431 3776 3486; x_wconf 88' lang='lat' dir='ltr'><strong>Si</strong></span> <span class='ocrx_word' id='word_1_661' title='bbox 3803 3431 3928 3483; x_wconf 82' lang='lat' dir='ltr'><strong>enim</strong></span> 
     </span>
    </p>
   </div>
   <div class='ocr_carea' id='block_1_80' title="bbox 2340 3523 3929 3599">
    <p class='ocr_par' dir='ltr' id='par_1_80' title="bbox 2340 3523 3929 3599">
     <span class='ocr_line' id='line_1_80' title="bbox 2340 3523 3929 3599; baseline -0.003 -19"><span class='ocrx_word' id='word_1_662' title='bbox 2340 3529 2487 3598; x_wconf 79' lang='lat' dir='ltr'><strong>fuero</strong></span> <span class='ocrx_word' id='word_1_663' title='bbox 2526 3530 2733 3599; x_wconf 87' lang='lat' dir='ltr'><strong>justus,</strong></span> <span class='ocrx_word' id='word_1_664' title='bbox 2783 3542 2840 3581; x_wconf 88' lang='lat' dir='ltr'><strong>os</strong></span> <span class='ocrx_word' id='word_1_665' title='bbox 2869 3543 3037 3579; x_wconf 86' lang='lat' dir='ltr'><strong>meum</strong></span> <span class='ocrx_word' id='word_1_666' title='bbox 3074 3527 3235 3599; x_wconf 86' lang='lat' dir='ltr'><strong>impia</strong></span> <span class='ocrx_word' id='word_1_667' title='bbox 3276 3524 3544 3597; x_wconf 89' lang='lat' dir='ltr'><strong>loquetur,</strong></span> <span class='ocrx_word' id='word_1_668' title='bbox 3579 3535 3625 3579; x_wconf 85' lang='lat' dir='ltr'><strong>et</strong></span> <span class='ocrx_word' id='word_1_669' title='bbox 3675 3525 3719 3578; x_wconf 87' lang='lat' dir='ltr'><strong>si</strong></span> <span class='ocrx_word' id='word_1_670' title='bbox 3747 3523 3929 3592; x_wconf 81' lang='lat' dir='ltr'><strong>absque</strong></span> 
     </span>
    </p>
   </div>
   <div class='ocr_carea' id='block_1_81' title="bbox 2341 3617 3928 3689">
    <p class='ocr_par' dir='ltr' id='par_1_81' title="bbox 2341 3617 3928 3689">
     <span class='ocr_line' id='line_1_81' title="bbox 2341 3617 3928 3689; baseline -0.004 -15"><span class='ocrx_word' id='word_1_671' title='bbox 2341 3621 2573 3686; x_wconf 88' lang='lat' dir='ltr'><strong>crimine,</strong></span> <span class='ocrx_word' id='word_1_672' title='bbox 2601 3635 2789 3689; x_wconf 82' lang='lat' dir='ltr'><strong>pravus</strong></span> <span class='ocrx_word' id='word_1_673' title='bbox 2813 3621 3080 3673; x_wconf 77' lang='lat' dir='ltr'><strong>inveniar:</strong></span> <span class='ocrx_word' id='word_1_674' title='bbox 3120 3629 3169 3674; x_wconf 89' lang='lat' dir='ltr'><strong>et</strong></span> <span class='ocrx_word' id='word_1_675' title='bbox 3195 3621 3239 3674; x_wconf 90' lang='lat' dir='ltr'><strong>si</strong></span> <span class='ocrx_word' id='word_1_676' title='bbox 3265 3619 3573 3688; x_wconf 78' lang='lat' dir='ltr'><strong>puriﬁcatas</strong></span> <span class='ocrx_word' id='word_1_677' title='bbox 3593 3619 3709 3672; x_wconf 78' lang='lat' dir='ltr'><strong>nive</strong></span> <span class='ocrx_word' id='word_1_678' title='bbox 3736 3627 3781 3671; x_wconf 85' lang='lat' dir='ltr'><strong>et</strong></span> <span class='ocrx_word' id='word_1_679' title='bbox 3797 3617 3928 3670; x_wconf 84' lang='lat' dir='ltr'><strong>lotus</strong></span> 
     </span>
    </p>
   </div>
   <div class='ocr_carea' id='block_1_82' title="bbox 2340 3713 3930 3778">
    <p class='ocr_par' dir='ltr' id='par_1_82' title="bbox 2340 3713 3930 3778">
     <span class='ocr_line' id='line_1_82' title="bbox 2340 3713 3930 3778; baseline -0.003 -12"><span class='ocrx_word' id='word_1_680' title='bbox 2340 3715 2596 3778; x_wconf 88' lang='lat' dir='ltr'><strong>manibus,</strong></span> <span class='ocrx_word' id='word_1_681' title='bbox 2639 3714 2764 3768; x_wconf 88' lang='lat' dir='ltr'><strong>satis</strong></span> <span class='ocrx_word' id='word_1_682' title='bbox 2801 3730 2883 3767; x_wconf 90' lang='lat' dir='ltr'><strong>me</strong></span> <span class='ocrx_word' id='word_1_683' title='bbox 2907 3714 3058 3767; x_wconf 83' lang='lat' dir='ltr'><strong>sorde</strong></span> <span class='ocrx_word' id='word_1_684' title='bbox 3082 3714 3301 3768; x_wconf 74' lang='lat' dir='ltr'><strong>tinxisti.</strong></span> <span class='ocrx_word' id='word_1_685' title='bbox 3333 3713 3674 3767; x_wconf 74' lang='lat' dir='ltr'><strong>Exsecratum</strong></span> <span class='ocrx_word' id='word_1_686' title='bbox 3710 3722 3782 3764; x_wconf 86' lang='lat' dir='ltr'><strong>est</strong></span> <span class='ocrx_word' id='word_1_687' title='bbox 3812 3719 3834 3747; x_wconf 75' lang='grc' dir='ltr'><strong><em>ο</em></strong></span> <span class='ocrx_word' id='word_1_688' title='bbox 3859 3723 3930 3761; x_wconf 86' lang='lat' dir='ltr'><strong>me</strong></span> 
     </span>
    </p>
   </div>
   <div class='ocr_carea' id='block_1_83' title="bbox 2342 3803 3928 3878">
    <p class='ocr_par' dir='ltr' id='par_1_83' title="bbox 2342 3803 3928 3878">
     <span class='ocr_line' id='line_1_83' title="bbox 2342 3803 3928 3878; baseline -0.004 -18"><span class='ocrx_word' id='word_1_689' title='bbox 2342 3809 2694 3862; x_wconf 79' lang='lat' dir='ltr'><strong>vestimentum</strong></span> <span class='ocrx_word' id='word_1_690' title='bbox 2716 3824 2881 3863; x_wconf 91' lang='lat' dir='ltr'><strong>meum</strong></span> <span class='ocrx_word' id='word_1_691' title='bbox 2905 3807 3050 3878; x_wconf 86' lang='lat' dir='ltr'><strong>(Job.</strong></span> <span class='ocrx_word' id='word_1_692' title='bbox 3086 3825 3160 3870; x_wconf 82' lang='lat' dir='ltr'><strong>Ix,</strong></span> <span class='ocrx_word' id='word_1_693' title='bbox 3193 3808 3286 3872; x_wconf 72' lang='lat'><strong>20,</strong></span> <span class='ocrx_word' id='word_1_694' title='bbox 3315 3807 3433 3877; x_wconf 67' lang='grc'><strong>21).</strong></span> <span class='ocrx_word' id='word_1_695' title='bbox 3475 3807 3543 3862; x_wconf 82' lang='grc' dir='ltr'><strong>Ει</strong></span> <span class='ocrx_word' id='word_1_696' title='bbox 3569 3806 3637 3861; x_wconf 92' lang='lat' dir='ltr'><strong>de</strong></span> <span class='ocrx_word' id='word_1_697' title='bbox 3678 3803 3928 3860; x_wconf 85' lang='lat' dir='ltr'><strong>Zacharia</strong></span> 
     </span>
    </p>
   </div>
   <div class='ocr_carea' id='block_1_84' title="bbox 2342 3894 3931 3970">
    <p class='ocr_par' dir='ltr' id='par_1_84' title="bbox 2342 3894 3931 3970">
     <span class='ocr_line' id='line_1_84' title="bbox 2342 3894 3931 3970; baseline -0.006 -14"><span class='ocrx_word' id='word_1_698' title='bbox 2342 3901 2605 3970; x_wconf 89' lang='lat' dir='ltr'><strong>scriptum</strong></span> <span class='ocrx_word' id='word_1_699' title='bbox 2653 3908 2738 3954; x_wconf 89' lang='lat' dir='ltr'><strong>est</strong></span> <span class='ocrx_word' id='word_1_700' title='bbox 2783 3900 2952 3968; x_wconf 92' lang='lat' dir='ltr'><strong>quod,</strong></span> <span class='ocrx_word' id='word_1_701' title='bbox 3001 3899 3210 3969; x_wconf 85' lang='lat' dir='ltr'><strong>Angelo</strong></span> <span class='ocrx_word' id='word_1_702' title='bbox 3257 3899 3602 3954; x_wconf 66' lang='lat' dir='ltr'><strong>nativitatem</strong></span> <span class='ocrx_word' id='word_1_703' title='bbox 3633 3896 3725 3951; x_wconf 85' lang='lat' dir='ltr'><strong>lilii</strong></span> <span class='ocrx_word' id='word_1_704' title='bbox 3773 3894 3931 3965; x_wconf 86' lang='lat' dir='ltr'><strong>polli-</strong></span> 
     </span>
    </p>
   </div>
   <div class='ocr_carea' id='block_1_85' title="bbox 2342 3990 3927 4062">
    <p class='ocr_par' dir='ltr' id='par_1_85' title="bbox 2342 3990 3927 4062">
     <span class='ocr_line' id='line_1_85' title="bbox 2342 3990 3927 4062; baseline -0.004 -14"><span class='ocrx_word' id='word_1_705' title='bbox 2342 4004 2522 4054; x_wconf 84' lang='lat' dir='ltr'><strong>conte,</strong></span> <span class='ocrx_word' id='word_1_706' title='bbox 2547 3992 2777 4048; x_wconf 87' lang='lat' dir='ltr'><strong>dixerit:</strong></span> <span class='ocrx_word' id='word_1_707' title='bbox 2811 3991 2962 4047; x_wconf 83' lang='lat' dir='ltr'><strong>Unde</strong></span> <span class='ocrx_word' id='word_1_708' title='bbox 2989 3991 3084 4046; x_wconf 83' lang='lat' dir='ltr'><strong>hoc</strong></span> <span class='ocrx_word' id='word_1_709' title='bbox 3107 3993 3309 4047; x_wconf 85' lang='lat' dir='ltr'><strong>sciam?</strong></span> <span class='ocrx_word' id='word_1_710' title='bbox 3334 3990 3442 4062; x_wconf 88' lang='lat' dir='ltr'><strong>Ego</strong></span> <span class='ocrx_word' id='word_1_711' title='bbox 3465 3991 3604 4044; x_wconf 86' lang='lat' dir='ltr'><strong>enim</strong></span> <span class='ocrx_word' id='word_1_712' title='bbox 3625 4006 3738 4044; x_wconf 86' lang='lat' dir='ltr'><strong>sum</strong></span> <span class='ocrx_word' id='word_1_713' title='bbox 3756 4003 3927 4051; x_wconf 73' lang='lat' dir='ltr'><strong>senex,</strong></span> 
     </span>
    </p>
   </div>
   <div class='ocr_carea' id='block_1_86' title="bbox 2345 4079 3929 4153">
    <p class='ocr_par' dir='ltr' id='par_1_86' title="bbox 2345 4079 3929 4153">
     <span class='ocr_line' id='line_1_86' title="bbox 2345 4079 3929 4153; baseline -0.006 -13"><span class='ocrx_word' id='word_1_714' title='bbox 2345 4096 2391 4140; x_wconf 92' lang='lat' dir='ltr'><strong>et</strong></span> <span class='ocrx_word' id='word_1_715' title='bbox 2422 4101 2554 4138; x_wconf 71' lang='lat' dir='ltr'><strong>uxor</strong></span> <span class='ocrx_word' id='word_1_716' title='bbox 2588 4100 2703 4139; x_wconf 89' lang='lat' dir='ltr'><strong>mea</strong></span> <span class='ocrx_word' id='word_1_717' title='bbox 2735 4085 2983 4153; x_wconf 84' lang='lat' dir='ltr'><strong>processit</strong></span> <span class='ocrx_word' id='word_1_718' title='bbox 3025 4085 3076 4136; x_wconf 88' lang='lat' dir='ltr'><strong>in</strong></span> <span class='ocrx_word' id='word_1_719' title='bbox 3099 4084 3277 4139; x_wconf 88' lang='lat' dir='ltr'><strong>diebus</strong></span> <span class='ocrx_word' id='word_1_720' title='bbox 3315 4084 3453 4148; x_wconf 87' lang='lat' dir='ltr'><strong>suis;</strong></span> <span class='ocrx_word' id='word_1_721' title='bbox 3487 4083 3558 4136; x_wconf 92' lang='lat' dir='ltr'><strong>ob</strong></span> <span class='ocrx_word' id='word_1_722' title='bbox 3593 4096 3711 4152; x_wconf 79' lang='lat' dir='ltr'><strong>qua:</strong></span> <span class='ocrx_word' id='word_1_723' title='bbox 3755 4079 3929 4133; x_wconf 90' lang='lat' dir='ltr'><strong>statim</strong></span> 
     </span>
    </p>
   </div>
   <div class='ocr_carea' id='block_1_87' title="bbox 2347 4170 3933 4243">
    <p class='ocr_par' dir='ltr' id='par_1_87' title="bbox 2347 4170 3933 4243">
     <span class='ocr_line' id='line_1_87' title="bbox 2347 4170 3933 4243; baseline -0.006 -13"><span class='ocrx_word' id='word_1_724' title='bbox 2347 4176 2566 4231; x_wconf 86' lang='lat' dir='ltr'><strong>silentio</strong></span> <span class='ocrx_word' id='word_1_725' title='bbox 2595 4175 3023 4230; x_wconf 78' lang='lat' dir='ltr'><strong>condemnatur:</strong></span> <span class='ocrx_word' id='word_1_726' title='bbox 3049 4173 3171 4228; x_wconf 84' lang='lat' dir='ltr'><strong>Eris</strong></span> <span class='ocrx_word' id='word_1_727' title='bbox 3199 4184 3371 4228; x_wconf 84' lang='lat' dir='ltr'><strong>tacens</strong></span> <span class='ocrx_word' id='word_1_728' title='bbox 3394 4185 3442 4227; x_wconf 91' lang='lat' dir='ltr'><strong>et</strong></span> <span class='ocrx_word' id='word_1_729' title='bbox 3464 4172 3607 4243; x_wconf 88' lang='lat' dir='ltr'><strong>loqui</strong></span> <span class='ocrx_word' id='word_1_730' title='bbox 3627 4187 3728 4226; x_wconf 87' lang='lat' dir='ltr'><strong>non</strong></span> <span class='ocrx_word' id='word_1_731' title='bbox 3751 4170 3933 4239; x_wconf 87' lang='lat' dir='ltr'><strong>poteris</strong></span> 
     </span>
    </p>
   </div>
   <div class='ocr_carea' id='block_1_88' title="bbox 2345 4265 3933 4339">
    <p class='ocr_par' dir='ltr' id='par_1_88' title="bbox 2345 4265 3933 4339">
     <span class='ocr_line' id='line_1_88' title="bbox 2345 4265 3933 4339; baseline -0.004 -16"><span class='ocrx_word' id='word_1_732' title='bbox 2345 4285 2504 4339; x_wconf 87' lang='lat' dir='ltr'><strong>usque</strong></span> <span class='ocrx_word' id='word_1_733' title='bbox 2524 4269 2592 4322; x_wconf 93' lang='lat' dir='ltr'><strong>ad</strong></span> <span class='ocrx_word' id='word_1_734' title='bbox 2615 4269 2771 4331; x_wconf 88' lang='lat' dir='ltr'><strong>diem,</strong></span> <span class='ocrx_word' id='word_1_735' title='bbox 2795 4285 2897 4339; x_wconf 91' lang='lat' dir='ltr'><strong>quo</strong></span> <span class='ocrx_word' id='word_1_736' title='bbox 2925 4271 3048 4339; x_wconf 82' lang='lat' dir='ltr'><strong>ﬁent</strong></span> <span class='ocrx_word' id='word_1_737' title='bbox 3071 4267 3203 4334; x_wconf 76' lang='lat' dir='ltr'><strong>hwc,</strong></span> <span class='ocrx_word' id='word_1_738' title='bbox 3220 4269 3341 4338; x_wconf 87' lang='lat' dir='ltr'><strong>quia</strong></span> <span class='ocrx_word' id='word_1_739' title='bbox 3365 4286 3466 4322; x_wconf 86' lang='lat' dir='ltr'><strong>non</strong></span> <span class='ocrx_word' id='word_1_740' title='bbox 3492 4267 3755 4322; x_wconf 86' lang='lat' dir='ltr'><strong>credidisti</strong></span> <span class='ocrx_word' id='word_1_741' title='bbox 3774 4265 3933 4317; x_wconf 82' lang='lat' dir='ltr'><strong>verbis</strong></span> 
     </span>
    </p>
   </div>
   <div class='ocr_carea' id='block_1_89' title="bbox 2346 4356 3928 4433">
    <p class='ocr_par' dir='ltr' id='par_1_89' title="bbox 2346 4356 3928 4433">
     <span class='ocr_line' id='line_1_89' title="bbox 2346 4356 3928 4433; baseline -0.007 -16"><span class='ocrx_word' id='word_1_742' title='bbox 2346 4365 2471 4418; x_wconf 85' lang='lat' dir='ltr'><strong>meis</strong></span> <span class='ocrx_word' id='word_1_743' title='bbox 2491 4378 2604 4430; x_wconf 62' lang='lat' dir='ltr'><strong>qua</strong></span> <span class='ocrx_word' id='word_1_744' title='bbox 2629 4363 2985 4432; x_wconf 87' lang='lat' dir='ltr'><strong>implebuntur</strong></span> <span class='ocrx_word' id='word_1_745' title='bbox 3005 4364 3059 4416; x_wconf 88' lang='lat' dir='ltr'><strong>in</strong></span> <span class='ocrx_word' id='word_1_746' title='bbox 3089 4372 3316 4431; x_wconf 87' lang='lat' dir='ltr'><strong>tempore</strong></span> <span class='ocrx_word' id='word_1_747' title='bbox 3337 4378 3435 4416; x_wconf 90' lang='lat' dir='ltr'><strong>suo</strong></span> <span class='ocrx_word' id='word_1_748' title='bbox 3464 4359 3614 4433; x_wconf 86' lang='lat' dir='ltr'><strong>(Luc.</strong></span> <span class='ocrx_word' id='word_1_749' title='bbox 3641 4374 3682 4424; x_wconf 83' lang='lat' dir='ltr'><strong>l,</strong></span> <span class='ocrx_word' id='word_1_750' title='bbox 3707 4357 3797 4422; x_wconf 76' lang='grc'><strong>18,</strong></span> <span class='ocrx_word' id='word_1_751' title='bbox 3820 4356 3928 4423; x_wconf 73' lang='lat'><strong>20).</strong></span> 
     </span>
    </p>
   </div>
   <div class='ocr_carea' id='block_1_90' title="bbox 2350 4453 3932 4529">
    <p class='ocr_par' dir='ltr' id='par_1_90' title="bbox 2350 4453 3932 4529">
     <span class='ocr_line' id='line_1_90' title="bbox 2350 4453 3932 4529; baseline -0.007 -15"><span class='ocrx_word' id='word_1_752' title='bbox 2350 4460 2429 4514; x_wconf 80' lang='lat' dir='ltr'><strong>Ex</strong></span> <span class='ocrx_word' id='word_1_753' title='bbox 2452 4474 2559 4529; x_wconf 92' lang='lat' dir='ltr'><strong>quo</strong></span> <span class='ocrx_word' id='word_1_754' title='bbox 2587 4457 2936 4526; x_wconf 88' lang='lat' dir='ltr'><strong>perspicuum</strong></span> <span class='ocrx_word' id='word_1_755' title='bbox 2967 4465 3081 4522; x_wconf 89' lang='lat' dir='ltr'><strong>est,</strong></span> <span class='ocrx_word' id='word_1_756' title='bbox 3123 4455 3303 4526; x_wconf 88' lang='lat' dir='ltr'><strong>jnstos</strong></span> <span class='ocrx_word' id='word_1_757' title='bbox 3333 4456 3551 4525; x_wconf 88' lang='lat' dir='ltr'><strong>quidem</strong></span> <span class='ocrx_word' id='word_1_758' title='bbox 3591 4463 3651 4510; x_wconf 92' lang='lat' dir='ltr'><strong>et</strong></span> <span class='ocrx_word' id='word_1_759' title='bbox 3678 4453 3932 4508; x_wconf 85' lang='lat' dir='ltr'><strong>immacu-</strong></span> 
     </span>
    </p>
   </div>
   <div class='ocr_carea' id='block_1_91' title="bbox 641 4526 2227 4618">
    <p class='ocr_par' dir='ltr' id='par_1_91' title="bbox 641 4533 2227 4603">
     <span class='ocr_line' id='line_1_91' title="bbox 641 4533 2227 4603; baseline 0.005 -19"><span class='ocrx_word' id='word_1_760' title='bbox 641 4546 799 4602; x_wconf 89' lang='lat' dir='ltr'><strong>quere</strong></span> <span class='ocrx_word' id='word_1_761' title='bbox 832 4548 942 4596; x_wconf 88' lang='lat' dir='ltr'><strong>me,</strong></span> <span class='ocrx_word' id='word_1_762' title='bbox 969 4533 1208 4587; x_wconf 90' lang='lat' dir='ltr'><strong>ostendit</strong></span> <span class='ocrx_word' id='word_1_763' title='bbox 1235 4533 1533 4600; x_wconf 88' lang='lat' dir='ltr'><strong>hominem,</strong></span> <span class='ocrx_word' id='word_1_764' title='bbox 1575 4534 1620 4588; x_wconf 93' lang='lat' dir='ltr'><strong>si</strong></span> <span class='ocrx_word' id='word_1_765' title='bbox 1651 4535 1924 4603; x_wconf 88' lang='lat' dir='ltr'><strong>voluerit,</strong></span> <span class='ocrx_word' id='word_1_766' title='bbox 1970 4547 2026 4593; x_wconf 89' lang='lat' dir='ltr'><strong>et</strong></span> <span class='ocrx_word' id='word_1_767' title='bbox 2051 4538 2227 4595; x_wconf 76' lang='lat' dir='ltr'><strong>fecerit</strong></span> 
     </span>
    </p>
   </div>
   <div class='ocr_carea' id='block_1_92' title="bbox 2331 4526 3932 4618">
    <p class='ocr_par' dir='ltr' id='par_1_92' title="bbox 2346 4526 3932 4618">
     <span class='ocr_line' id='line_1_92' title="bbox 2346 4526 3932 4618; baseline -0.006 -12"><span class='ocrx_word' id='word_1_768' title='bbox 2346 4526 2486 4606; x_wconf 77' lang='lat' dir='ltr'><strong>latos</strong></span> <span class='ocrx_word' id='word_1_769' title='bbox 2507 4548 2638 4614; x_wconf 92' lang='lat' dir='ltr'><strong>dici;</strong></span> <span class='ocrx_word' id='word_1_770' title='bbox 2663 4549 2761 4605; x_wconf 89' lang='lat' dir='ltr'><strong>sed</strong></span> <span class='ocrx_word' id='word_1_771' title='bbox 2792 4550 2840 4604; x_wconf 90' lang='lat' dir='ltr'><strong>si</strong></span> <span class='ocrx_word' id='word_1_772' title='bbox 2877 4549 3208 4618; x_wconf 88' lang='lat' dir='ltr'><strong>negligentia</strong></span> <span class='ocrx_word' id='word_1_773' title='bbox 3233 4548 3596 4618; x_wconf 83' lang='lat' dir='ltr'><strong>subrepserit,</strong></span> <span class='ocrx_word' id='word_1_774' title='bbox 3629 4560 3786 4617; x_wconf 91' lang='lat' dir='ltr'><strong>posse</strong></span> <span class='ocrx_word' id='word_1_775' title='bbox 3805 4558 3932 4598; x_wconf 82' lang='lat' dir='ltr'><strong>con-</strong></span> 
     </span>
    </p>
   </div>
   <div class='ocr_carea' id='block_1_93' title="bbox 639 4628 2244 4697">
    <p class='ocr_par' dir='ltr' id='par_1_93' title="bbox 639 4628 2244 4697">
     <span class='ocr_line' id='line_1_93' title="bbox 639 4628 2244 4697; baseline 0.007 -19"><span class='ocrx_word' id='word_1_776' title='bbox 639 4639 762 4694; x_wconf 65' lang='lat' dir='ltr'><strong>qute</strong></span> <span class='ocrx_word' id='word_1_777' title='bbox 784 4635 1056 4693; x_wconf 66' lang='lat' dir='ltr'><strong>praecepta</strong></span> <span class='ocrx_word' id='word_1_778' title='bbox 1082 4635 1241 4695; x_wconf 83' lang='lat' dir='ltr'><strong>sunt,</strong></span> <span class='ocrx_word' id='word_1_779' title='bbox 1281 4643 1442 4696; x_wconf 89' lang='lat' dir='ltr'><strong>posse</strong></span> <span class='ocrx_word' id='word_1_780' title='bbox 1488 4643 1611 4683; x_wconf 90' lang='lat' dir='ltr'><strong>esse</strong></span> <span class='ocrx_word' id='word_1_781' title='bbox 1644 4628 1966 4697; x_wconf 87' lang='lat' dir='ltr'><strong>perfectum.</strong></span> <span class='ocrx_word' id='word_1_782' title='bbox 1996 4632 2060 4686; x_wconf 87' lang='grc' dir='ltr'><strong>Λ.</strong></span> <span class='ocrx_word' id='word_1_783' title='bbox 2094 4633 2244 4690; x_wconf 84' lang='lat' dir='ltr'><strong>Vali-</strong></span> 
     </span>
    </p>
   </div>
   <div class='ocr_carea' id='block_1_94' title="bbox 644 4717 2246 4799">
    <p class='ocr_par' dir='ltr' id='par_1_94' title="bbox 644 4717 2246 4799">
     <span class='ocr_line' id='line_1_94' title="bbox 644 4717 2246 4799; baseline 0.006 -26"><span class='ocrx_word' id='word_1_784' title='bbox 644 4717 878 4774; x_wconf 88' lang='lat' dir='ltr'><strong>dissimo</strong></span> <span class='ocrx_word' id='word_1_785' title='bbox 907 4720 1120 4788; x_wconf 85' lang='lat' dir='ltr'><strong>quidem</strong></span> <span class='ocrx_word' id='word_1_786' title='bbox 1147 4736 1328 4792; x_wconf 91' lang='lat' dir='ltr'><strong>pugno</strong></span> <span class='ocrx_word' id='word_1_787' title='bbox 1359 4737 1448 4776; x_wconf 91' lang='lat' dir='ltr'><strong>me</strong></span> <span class='ocrx_word' id='word_1_788' title='bbox 1488 4723 1833 4792; x_wconf 88' lang='lat' dir='ltr'><strong>percussisti,</strong></span> <span class='ocrx_word' id='word_1_789' title='bbox 1887 4726 1958 4779; x_wconf 87' lang='lat' dir='ltr'><strong>ita</strong></span> <span class='ocrx_word' id='word_1_790' title='bbox 1989 4735 2046 4781; x_wconf 92' lang='lat' dir='ltr'><strong>ut</strong></span> <span class='ocrx_word' id='word_1_791' title='bbox 2067 4727 2246 4799; x_wconf 89' lang='lat' dir='ltr'><strong>caligo</strong></span> 
     </span>
    </p>
   </div>
   <div class='ocr_carea' id='block_1_95' title="bbox 644 4812 2246 4887">
    <p class='ocr_par' dir='ltr' id='par_1_95' title="bbox 644 4812 2246 4887">
     <span class='ocr_line' id='line_1_95' title="bbox 644 4812 2246 4887; baseline 0.007 -22"><span class='ocrx_word' id='word_1_792' title='bbox 644 4812 778 4866; x_wconf 88' lang='lat' dir='ltr'><strong>mihi</strong></span> <span class='ocrx_word' id='word_1_793' title='bbox 802 4821 929 4868; x_wconf 84' lang='lat' dir='ltr'><strong>ante</strong></span> <span class='ocrx_word' id='word_1_794' title='bbox 971 4814 1160 4869; x_wconf 86' lang='lat' dir='ltr'><strong>oculos</strong></span> <span class='ocrx_word' id='word_1_795' title='bbox 1189 4815 1469 4870; x_wconf 87' lang='lat' dir='ltr'><strong>obversari</strong></span> <span class='ocrx_word' id='word_1_796' title='bbox 1503 4817 1766 4887; x_wconf 59' lang='lat' dir='ltr'><strong>coeperit:</strong></span> <span class='ocrx_word' id='word_1_797' title='bbox 1799 4818 1894 4874; x_wconf 90' lang='lat' dir='ltr'><strong>sed</strong></span> <span class='ocrx_word' id='word_1_798' title='bbox 1925 4829 2104 4876; x_wconf 87' lang='lat' dir='ltr'><strong>tamen</strong></span> <span class='ocrx_word' id='word_1_799' title='bbox 2143 4821 2246 4878; x_wconf 86' lang='lat' dir='ltr'><strong>hoc</strong></span> 
     </span>
    </p>
   </div>
   <div class='ocr_carea' id='block_1_96' title="bbox 642 4907 2244 4982">
    <p class='ocr_par' dir='ltr' id='par_1_96' title="bbox 642 4907 2244 4982">
     <span class='ocr_line' id='line_1_96' title="bbox 642 4907 2244 4982; baseline 0.005 -20"><span class='ocrx_word' id='word_1_800' title='bbox 642 4907 822 4976; x_wconf 88' lang='lat' dir='ltr'><strong>ipsum</strong></span> <span class='ocrx_word' id='word_1_801' title='bbox 853 4907 1000 4976; x_wconf 90' lang='lat' dir='ltr'><strong>quod</strong></span> <span class='ocrx_word' id='word_1_802' title='bbox 1028 4907 1158 4964; x_wconf 86' lang='lat' dir='ltr'><strong>dicit</strong></span> <span class='ocrx_word' id='word_1_803' title='bbox 1187 4928 1200 4963; x_wconf 90' lang='lat'><strong>:</strong></span> <span class='ocrx_word' id='word_1_804' title='bbox 1259 4909 1319 4964; x_wconf 89' lang='lat' dir='ltr'><strong>Si</strong></span> <span class='ocrx_word' id='word_1_805' title='bbox 1341 4909 1415 4963; x_wconf 83' lang='lat' dir='ltr'><strong>vis</strong></span> <span class='ocrx_word' id='word_1_806' title='bbox 1437 4911 1697 4982; x_wconf 75' lang='lat' dir='ltr'><strong>perfectus</strong></span> <span class='ocrx_word' id='word_1_807' title='bbox 1732 4927 1872 4977; x_wconf 83' lang='lat' dir='ltr'><strong>esse,</strong></span> <span class='ocrx_word' id='word_1_808' title='bbox 1923 4915 1972 4968; x_wconf 89' lang='lat' dir='ltr'><strong>ei</strong></span> <span class='ocrx_word' id='word_1_809' title='bbox 2018 4914 2244 4979; x_wconf 88' lang='lat' dir='ltr'><strong>dicitur,</strong></span> 
     </span>
    </p>
   </div>
   <div class='ocr_carea' id='block_1_97' title="bbox 643 4999 2249 5076">
    <p class='ocr_par' dir='ltr' id='par_1_97' title="bbox 643 4999 2249 5076">
     <span class='ocr_line' id='line_1_97' title="bbox 643 4999 2249 5076; baseline 0.006 -26"><span class='ocrx_word' id='word_1_810' title='bbox 643 4999 735 5066; x_wconf 92' lang='lat' dir='ltr'><strong>qui</strong></span> <span class='ocrx_word' id='word_1_811' title='bbox 760 5013 867 5052; x_wconf 91' lang='lat' dir='ltr'><strong>non</strong></span> <span class='ocrx_word' id='word_1_812' title='bbox 896 5000 1093 5066; x_wconf 87' lang='lat' dir='ltr'><strong>potuit,</strong></span> <span class='ocrx_word' id='word_1_813' title='bbox 1121 5001 1292 5055; x_wconf 91' lang='lat' dir='ltr'><strong>immo</strong></span> <span class='ocrx_word' id='word_1_814' title='bbox 1322 5001 1536 5057; x_wconf 90' lang='lat' dir='ltr'><strong>noluit:</strong></span> <span class='ocrx_word' id='word_1_815' title='bbox 1579 5011 1636 5057; x_wconf 88' lang='lat' dir='ltr'><strong>et</strong></span> <span class='ocrx_word' id='word_1_816' title='bbox 1667 5003 1870 5058; x_wconf 90' lang='lat' dir='ltr'><strong>idcirco</strong></span> <span class='ocrx_word' id='word_1_817' title='bbox 1907 5021 2012 5059; x_wconf 89' lang='lat' dir='ltr'><strong>non</strong></span> <span class='ocrx_word' id='word_1_818' title='bbox 2045 5008 2249 5076; x_wconf 88' lang='lat' dir='ltr'><strong>potuit.</strong></span> 
     </span>
    </p>
   </div>
   <div class='ocr_carea' id='block_1_98' title="bbox 644 5090 2248 5170">
    <p class='ocr_par' dir='ltr' id='par_1_98' title="bbox 644 5090 2248 5170">
     <span class='ocr_line' id='line_1_98' title="bbox 644 5090 2248 5170; baseline 0.006 -25"><span class='ocrx_word' id='word_1_819' title='bbox 644 5090 730 5145; x_wconf 91' lang='lat' dir='ltr'><strong>Tu</strong></span> <span class='ocrx_word' id='word_1_820' title='bbox 750 5100 930 5145; x_wconf 88' lang='lat' dir='ltr'><strong>autem</strong></span> <span class='ocrx_word' id='word_1_821' title='bbox 953 5093 1188 5148; x_wconf 90' lang='lat' dir='ltr'><strong>ostende</strong></span> <span class='ocrx_word' id='word_1_822' title='bbox 1222 5093 1357 5148; x_wconf 88' lang='lat' dir='ltr'><strong>mihi</strong></span> <span class='ocrx_word' id='word_1_823' title='bbox 1377 5135 1390 5156; x_wconf 86' lang='lat'><strong>,</strong></span> <span class='ocrx_word' id='word_1_824' title='bbox 1421 5097 1514 5165; x_wconf 91' lang='lat' dir='ltr'><strong>qni</strong></span> <span class='ocrx_word' id='word_1_825' title='bbox 1543 5104 1598 5149; x_wconf 91' lang='lat' dir='ltr'><strong>ct</strong></span> <span class='ocrx_word' id='word_1_826' title='bbox 1626 5099 1866 5153; x_wconf 90' lang='lat' dir='ltr'><strong>voluerit</strong></span> <span class='ocrx_word' id='word_1_827' title='bbox 1900 5109 1956 5155; x_wconf 91' lang='lat' dir='ltr'><strong>et</strong></span> <span class='ocrx_word' id='word_1_828' title='bbox 1987 5102 2248 5170; x_wconf 91' lang='lat' dir='ltr'><strong>potuerit,</strong></span> 
     </span>
    </p>
   </div>
   <div class='ocr_carea' id='block_1_99' title="bbox 647 5181 2250 5263">
    <p class='ocr_par' dir='ltr' id='par_1_99' title="bbox 647 5181 2250 5263">
     <span class='ocr_line' id='line_1_99' title="bbox 647 5181 2250 5263; baseline 0.009 -28"><span class='ocrx_word' id='word_1_829' title='bbox 647 5181 794 5252; x_wconf 89' lang='lat' dir='ltr'><strong>qttod</strong></span> <span class='ocrx_word' id='word_1_830' title='bbox 820 5196 966 5236; x_wconf 94' lang='lat' dir='ltr'><strong>nunc</strong></span> <span class='ocrx_word' id='word_1_831' title='bbox 984 5183 1260 5252; x_wconf 90' lang='lat' dir='ltr'><strong>pollicitus</strong></span> <span class='ocrx_word' id='word_1_832' title='bbox 1277 5200 1356 5239; x_wconf 90' lang='lat' dir='ltr'><strong>es.</strong></span> <span class='ocrx_word' id='word_1_833' title='bbox 1373 5184 1431 5240; x_wconf 89' lang='lat' dir='ltr'><strong>C.</strong></span> <span class='ocrx_word' id='word_1_834' title='bbox 1457 5187 1594 5254; x_wconf 72' lang='lat' dir='ltr'><strong>Qua:</strong></span> <span class='ocrx_word' id='word_1_835' title='bbox 1617 5190 1764 5244; x_wconf 89' lang='lat' dir='ltr'><strong>enim</strong></span> <span class='ocrx_word' id='word_1_836' title='bbox 1785 5207 1872 5246; x_wconf 85' lang='lat' dir='ltr'><strong>me.</strong></span> <span class='ocrx_word' id='word_1_837' title='bbox 1893 5195 2038 5263; x_wconf 88' lang='lat' dir='ltr'><strong>cogit</strong></span> <span class='ocrx_word' id='word_1_838' title='bbox 2059 5209 2250 5250; x_wconf 88' lang='lat' dir='ltr'><strong>ncces-</strong></span> 
     </span>
    </p>
   </div>
   <div class='ocr_carea' id='block_1_100' title="bbox 649 5275 2250 5355">
    <p class='ocr_par' dir='ltr' id='par_1_100' title="bbox 649 5275 2250 5355">
     <span class='ocr_line' id='line_1_100' title="bbox 649 5275 2250 5355; baseline 0.004 -23"><span class='ocrx_word' id='word_1_839' title='bbox 649 5277 782 5332; x_wconf 87' lang='lat' dir='ltr'><strong>sitas</strong></span> <span class='ocrx_word' id='word_1_840' title='bbox 817 5275 1146 5340; x_wconf 88' lang='lat' dir='ltr'><strong>ostendere,</strong></span> <span class='ocrx_word' id='word_1_841' title='bbox 1192 5278 1282 5346; x_wconf 92' lang='lat' dir='ltr'><strong>qui</strong></span> <span class='ocrx_word' id='word_1_842' title='bbox 1321 5277 1546 5346; x_wconf 87' lang='lat' dir='ltr'><strong>perfecti</strong></span> <span class='ocrx_word' id='word_1_843' title='bbox 1589 5279 1824 5348; x_wconf 88' lang='lat' dir='ltr'><strong>fuerint,</strong></span> <span class='ocrx_word' id='word_1_844' title='bbox 1882 5299 2005 5336; x_wconf 89' lang='lat' dir='ltr'><strong>cum</strong></span> <span class='ocrx_word' id='word_1_845' title='bbox 2040 5287 2250 5355; x_wconf 87' lang='lat' dir='ltr'><strong>perspi-</strong></span> 
     </span>
    </p>
   </div>
   <div class='ocr_carea' id='block_1_101' title="bbox 645 5370 2246 5447">
    <p class='ocr_par' dir='ltr' id='par_1_101' title="bbox 645 5370 2246 5447">
     <span class='ocr_line' id='line_1_101' title="bbox 645 5370 2246 5447; baseline 0.006 -21"><span class='ocrx_word' id='word_1_846' title='bbox 645 5386 810 5426; x_wconf 89' lang='lat' dir='ltr'><strong>cuum</strong></span> <span class='ocrx_word' id='word_1_847' title='bbox 851 5370 922 5425; x_wconf 90' lang='lat' dir='ltr'><strong>sit</strong></span> <span class='ocrx_word' id='word_1_848' title='bbox 970 5385 1128 5442; x_wconf 91' lang='lat' dir='ltr'><strong>posse</strong></span> <span class='ocrx_word' id='word_1_849' title='bbox 1180 5386 1301 5427; x_wconf 91' lang='lat' dir='ltr'><strong>esse</strong></span> <span class='ocrx_word' id='word_1_850' title='bbox 1332 5373 1638 5444; x_wconf 88' lang='lat' dir='ltr'><strong>perfectos,</strong></span> <span class='ocrx_word' id='word_1_851' title='bbox 1695 5392 1761 5431; x_wconf 84' lang='lat' dir='ltr'><strong>ex</strong></span> <span class='ocrx_word' id='word_1_852' title='bbox 1810 5391 1876 5431; x_wconf 89' lang='lat' dir='ltr'><strong>eo</strong></span> <span class='ocrx_word' id='word_1_853' title='bbox 1921 5378 2067 5447; x_wconf 90' lang='lat' dir='ltr'><strong>quod</strong></span> <span class='ocrx_word' id='word_1_854' title='bbox 2095 5382 2188 5436; x_wconf 92' lang='lat' dir='ltr'><strong>uni</strong></span> <span class='ocrx_word' id='word_1_855' title='bbox 2216 5397 2246 5437; x_wconf 90' lang='lat' dir='ltr'><strong>a</strong></span> 
     </span>
    </p>
   </div>
   <div class='ocr_carea' id='block_1_102' title="bbox 713 5507 2236 5582">
    <p class='ocr_par' dir='ltr' id='par_1_102' title="bbox 713 5507 2236 5582">
     <span class='ocr_line' id='line_1_102' title="bbox 713 5507 2236 5582; baseline 0.011 -22"><span class='ocrx_word' id='word_1_856' title='bbox 713 5517 740 5544; x_wconf 72' lang='grc' dir='ltr'>ι</span> <span class='ocrx_word' id='word_1_857' title='bbox 762 5507 846 5582; x_wconf 88' lang='lat' dir='ltr'><strong>_In</strong></span> <span class='ocrx_word' id='word_1_858' title='bbox 873 5511 1081 5582; x_wconf 81' lang='lat' dir='ltr'><strong>regione</strong></span> <span class='ocrx_word' id='word_1_859' title='bbox 1101 5510 1356 5582; x_wconf 77' lang='lat' dir='ltr'><strong>Ausitide.</strong></span> <span class='ocrx_word' id='word_1_860' title='bbox 1382 5513 1456 5567; x_wconf 82' lang='lat' dir='ltr'><strong>ita</strong></span> <span class='ocrx_word' id='word_1_861' title='bbox 1485 5515 1670 5582; x_wconf 78' lang='lat' dir='ltr'><strong>legunt</strong></span> <span class='ocrx_word' id='word_1_862' title='bbox 1699 5529 1890 5568; x_wconf 92' lang='lat' dir='ltr'><strong>omnes</strong></span> <span class='ocrx_word' id='word_1_863' title='bbox 1917 5531 2049 5571; x_wconf 90' lang='lat' dir='ltr'><strong>mss.</strong></span> <span class='ocrx_word' id='word_1_864' title='bbox 2085 5520 2236 5576; x_wconf 85' lang='lat' dir='ltr'><strong>codi-</strong></span> 
     </span>
    </p>
   </div>
   <div class='ocr_carea' id='block_1_103' title="bbox 639 5579 2232 5660">
    <p class='ocr_par' dir='ltr' id='par_1_103' title="bbox 639 5579 2232 5660">
     <span class='ocr_line' id='line_1_103' title="bbox 639 5579 2232 5660; baseline 0.009 -26"><span class='ocrx_word' id='word_1_865' title='bbox 639 5591 733 5660; x_wconf 69' lang='lat' dir='ltr'><strong>ces</strong></span> <span class='ocrx_word' id='word_1_866' title='bbox 754 5579 904 5660; x_wconf 45' lang='lat' dir='ltr'><strong>jux-ta</strong></span> <span class='ocrx_word' id='word_1_867' title='bbox 932 5579 1098 5660; x_wconf 48' lang='lat' dir='ltr'><strong>leX.</strong></span> <span class='ocrx_word' id='word_1_868' title='bbox 1134 5581 1272 5637; x_wconf 81' lang='lat' dir='ltr'><strong>Editi</strong></span> <span class='ocrx_word' id='word_1_869' title='bbox 1302 5584 1422 5638; x_wconf 91' lang='lat' dir='ltr'><strong>libri</strong></span> <span class='ocrx_word' id='word_1_870' title='bbox 1467 5579 1603 5638; x_wconf 77' lang='lat' dir='ltr'><strong>falso</strong></span> <span class='ocrx_word' id='word_1_871' title='bbox 1633 5583 1753 5637; x_wconf 85' lang='lat' dir='ltr'><strong>Hus</strong></span> <span class='ocrx_word' id='word_1_872' title='bbox 1785 5599 2086 5654; x_wconf 86' lang='lat' dir='ltr'><strong>posuerunt</strong></span> <span class='ocrx_word' id='word_1_873' title='bbox 2133 5606 2232 5660; x_wconf 91' lang='lat' dir='ltr'><strong>pro</strong></span> 
     </span>
    </p>
   </div>
   <div class='ocr_carea' id='block_1_104' title="bbox 639 5649 1198 5706">
    <p class='ocr_par' dir='ltr' id='par_1_104' title="bbox 639 5649 1198 5706">
     <span class='ocr_line' id='line_1_104' title="bbox 639 5649 1198 5706; baseline 0.011 -6"><span class='ocrx_word' id='word_1_874' title='bbox 639 5649 895 5703; x_wconf 80' lang='lat' dir='ltr'><strong>Ausitide.</strong></span> <span class='ocrx_word' id='word_1_875' title='bbox 931 5653 1198 5706; x_wconf 67' lang='lat' dir='ltr'><strong>Maurum.</strong></span> 
     </span>
    </p>
   </div>
   <div class='ocr_carea' id='block_1_105' title="bbox 703 5717 2227 5797">
    <p class='ocr_par' dir='ltr' id='par_1_105' title="bbox 703 5717 2227 5797">
     <span class='ocr_line' id='line_1_105' title="bbox 703 5717 2227 5797; baseline 0.012 -27"><span class='ocrx_word' id='word_1_876' title='bbox 703 5717 731 5753; x_wconf 63' lang='grc' dir='ltr'>δ</span> <span class='ocrx_word' id='word_1_877' title='bbox 763 5719 985 5786; x_wconf 75' lang='lat' dir='ltr'><strong>Reginae</strong></span> <span class='ocrx_word' id='word_1_878' title='bbox 1024 5739 1127 5776; x_wconf 85' lang='lat' dir='ltr'><strong>ms.</strong></span> <span class='ocrx_word' id='word_1_879' title='bbox 1150 5738 1272 5778; x_wconf 89' lang='lat' dir='ltr'><strong>cum</strong></span> <span class='ocrx_word' id='word_1_880' title='bbox 1302 5727 1470 5781; x_wconf 87' lang='lat' dir='ltr'><strong>veteri</strong></span> <span class='ocrx_word' id='word_1_881' title='bbox 1502 5724 1634 5782; x_wconf 91' lang='lat' dir='ltr'><strong>edit.</strong></span> <span class='ocrx_word' id='word_1_882' title='bbox 1657 5735 1713 5781; x_wconf 89' lang='lat' dir='ltr'><strong>et</strong></span> <span class='ocrx_word' id='word_1_883' title='bbox 1734 5726 1998 5797; x_wconf 86' lang='lat' dir='ltr'><strong>Victorio,</strong></span> <span class='ocrx_word' id='word_1_884' title='bbox 2032 5735 2227 5796; x_wconf 82' lang='lat' dir='ltr'><strong>iustum</strong></span> 
     </span>
    </p>
   </div>
   <div class='ocr_carea' id='block_1_106' title="bbox 2346 4637 3928 4713">
    <p class='ocr_par' dir='ltr' id='par_1_106' title="bbox 2346 4637 3928 4713">
     <span class='ocr_line' id='line_1_106' title="bbox 2346 4637 3928 4713; baseline -0.006 -15"><span class='ocrx_word' id='word_1_885' title='bbox 2346 4643 2532 4699; x_wconf 91' lang='lat' dir='ltr'><strong>cidere</strong></span> <span class='ocrx_word' id='word_1_886' title='bbox 2554 4686 2569 4709; x_wconf 96' lang='lat'><strong>,</strong></span> <span class='ocrx_word' id='word_1_887' title='bbox 2597 4653 2649 4698; x_wconf 89' lang='lat' dir='ltr'><strong>et</strong></span> <span class='ocrx_word' id='word_1_888' title='bbox 2681 4659 2899 4713; x_wconf 84' lang='lat' dir='ltr'><strong>semper</strong></span> <span class='ocrx_word' id='word_1_889' title='bbox 2927 4643 3205 4697; x_wconf 89' lang='lat' dir='ltr'><strong>hominem</strong></span> <span class='ocrx_word' id='word_1_890' title='bbox 3241 4642 3292 4694; x_wconf 93' lang='lat' dir='ltr'><strong>in</strong></span> <span class='ocrx_word' id='word_1_891' title='bbox 3325 4640 3638 4696; x_wconf 88' lang='lat' dir='ltr'><strong>meditullio</strong></span> <span class='ocrx_word' id='word_1_892' title='bbox 3687 4637 3928 4710; x_wconf 86' lang='lat' dir='ltr'><strong>positum,</strong></span> 
     </span>
    </p>
   </div>
   <div class='ocr_carea' id='block_1_107' title="bbox 2351 4726 3932 4799">
    <p class='ocr_par' dir='ltr' id='par_1_107' title="bbox 2351 4726 3932 4799">
     <span class='ocr_line' id='line_1_107' title="bbox 2351 4726 3932 4799; baseline -0.006 -9"><span class='ocrx_word' id='word_1_893' title='bbox 2351 4745 2408 4790; x_wconf 93' lang='lat' dir='ltr'><strong>ut</strong></span> <span class='ocrx_word' id='word_1_894' title='bbox 2435 4744 2491 4790; x_wconf 76' lang='lat' dir='ltr'><strong>et</strong></span> <span class='ocrx_word' id='word_1_895' title='bbox 2514 4735 2583 4790; x_wconf 90' lang='lat' dir='ltr'><strong>de</strong></span> <span class='ocrx_word' id='word_1_896' title='bbox 2621 4735 2887 4790; x_wconf 89' lang='lat' dir='ltr'><strong>virtutum</strong></span> <span class='ocrx_word' id='word_1_897' title='bbox 2919 4734 3162 4790; x_wconf 90' lang='lat' dir='ltr'><strong>culmine</strong></span> <span class='ocrx_word' id='word_1_898' title='bbox 3191 4733 3260 4788; x_wconf 89' lang='lat' dir='ltr'><strong>ad</strong></span> <span class='ocrx_word' id='word_1_899' title='bbox 3292 4733 3424 4788; x_wconf 90' lang='lat' dir='ltr'><strong>vitia</strong></span> <span class='ocrx_word' id='word_1_900' title='bbox 3447 4733 3756 4799; x_wconf 88' lang='lat' dir='ltr'><strong>delabatur,</strong></span> <span class='ocrx_word' id='word_1_901' title='bbox 3799 4736 3850 4786; x_wconf 89' lang='lat' dir='ltr'><strong>et</strong></span> <span class='ocrx_word' id='word_1_902' title='bbox 3871 4726 3932 4782; x_wconf 91' lang='lat' dir='ltr'><strong>de</strong></span> 
     </span>
    </p>
   </div>
   <div class='ocr_carea' id='block_1_108' title="bbox 2351 4829 3932 4900">
    <p class='ocr_par' dir='ltr' id='par_1_108' title="bbox 2351 4829 3932 4900">
     <span class='ocr_line' id='line_1_108' title="bbox 2351 4829 3932 4900; baseline -0.006 -14"><span class='ocrx_word' id='word_1_903' title='bbox 2351 4831 2498 4887; x_wconf 91' lang='lat' dir='ltr'><strong>vitiis</strong></span> <span class='ocrx_word' id='word_1_904' title='bbox 2544 4830 2807 4885; x_wconf 86' lang='lat' dir='ltr'><strong>ascendat</strong></span> <span class='ocrx_word' id='word_1_905' title='bbox 2831 4829 2898 4884; x_wconf 89' lang='lat' dir='ltr'><strong>ad</strong></span> <span class='ocrx_word' id='word_1_906' title='bbox 2927 4829 3213 4893; x_wconf 89' lang='lat' dir='ltr'><strong>sublimia;</strong></span> <span class='ocrx_word' id='word_1_907' title='bbox 3267 4839 3321 4884; x_wconf 89' lang='lat' dir='ltr'><strong>et</strong></span> <span class='ocrx_word' id='word_1_908' title='bbox 3351 4845 3643 4900; x_wconf 90' lang='lat' dir='ltr'><strong>numquam</strong></span> <span class='ocrx_word' id='word_1_909' title='bbox 3676 4843 3796 4885; x_wconf 89' lang='lat' dir='ltr'><strong>eum</strong></span> <span class='ocrx_word' id='word_1_910' title='bbox 3821 4838 3932 4882; x_wconf 86' lang='lat' dir='ltr'><strong>esse</strong></span> 
     </span>
    </p>
   </div>
   <div class='ocr_carea' id='block_1_109' title="bbox 2350 4922 3930 4995">
    <p class='ocr_par' dir='ltr' id='par_1_109' title="bbox 2350 4922 3930 4995">
     <span class='ocr_line' id='line_1_109' title="bbox 2350 4922 3930 4995; baseline -0.004 -17"><span class='ocrx_word' id='word_1_911' title='bbox 2350 4937 2626 4988; x_wconf 90' lang='lat' dir='ltr'><strong>securum,</strong></span> <span class='ocrx_word' id='word_1_912' title='bbox 2653 4924 2749 4978; x_wconf 87' lang='lat' dir='ltr'><strong>sed</strong></span> <span class='ocrx_word' id='word_1_913' title='bbox 2776 4923 3170 4995; x_wconf 82' lang='lat' dir='ltr'><strong>semper705</strong></span> <span class='ocrx_word' id='word_1_914' title='bbox 3193 4933 3439 4978; x_wconf 86' lang='lat' dir='ltr'><strong>metuere</strong></span> <span class='ocrx_word' id='word_1_915' title='bbox 3471 4924 3523 4978; x_wconf 91' lang='lat' dir='ltr'><strong>in</strong></span> <span class='ocrx_word' id='word_1_916' title='bbox 3559 4922 3930 4992; x_wconf 88' lang='lat' dir='ltr'><strong>tranquillitate</strong></span> 
     </span>
    </p>
   </div>
   <div class='ocr_carea' id='block_1_110' title="bbox 2356 5017 3931 5088">
    <p class='ocr_par' dir='ltr' id='par_1_110' title="bbox 2356 5017 3931 5088">
     <span class='ocr_line' id='line_1_110' title="bbox 2356 5017 3931 5088; baseline -0.005 -16"><span class='ocrx_word' id='word_1_917' title='bbox 2356 5017 2700 5088; x_wconf 88' lang='lat' dir='ltr'><strong>naufragium</strong></span> <span class='ocrx_word' id='word_1_918' title='bbox 2731 5035 2745 5071; x_wconf 90' lang='lat'><strong>:</strong></span> <span class='ocrx_word' id='word_1_919' title='bbox 2777 5032 2839 5072; x_wconf 89' lang='lat' dir='ltr'><strong>ac</strong></span> <span class='ocrx_word' id='word_1_920' title='bbox 2867 5032 2964 5087; x_wconf 90' lang='lat' dir='ltr'><strong>per</strong></span> <span class='ocrx_word' id='word_1_921' title='bbox 2995 5017 3098 5071; x_wconf 89' lang='lat' dir='ltr'><strong>hoc</strong></span> <span class='ocrx_word' id='word_1_922' title='bbox 3123 5019 3397 5072; x_wconf 90' lang='lat' dir='ltr'><strong>hominem</strong></span> <span class='ocrx_word' id='word_1_923' title='bbox 3426 5017 3548 5072; x_wconf 90' lang='lat' dir='ltr'><strong>sine</strong></span> <span class='ocrx_word' id='word_1_924' title='bbox 3579 5024 3801 5086; x_wconf 81' lang='lat' dir='ltr'><strong>peccato</strong></span> <span class='ocrx_word' id='word_1_925' title='bbox 3823 5024 3931 5068; x_wconf 87' lang='lat' dir='ltr'><strong>esse</strong></span> 
     </span>
    </p>
   </div>
   <div class='ocr_carea' id='block_1_111' title="bbox 2350 5107 3929 5182">
    <p class='ocr_par' dir='ltr' id='par_1_111' title="bbox 2350 5107 3929 5182">
     <span class='ocr_line' id='line_1_111' title="bbox 2350 5107 3929 5182; baseline -0.006 -18"><span class='ocrx_word' id='word_1_926' title='bbox 2350 5125 2458 5164; x_wconf 92' lang='lat' dir='ltr'><strong>non</strong></span> <span class='ocrx_word' id='word_1_927' title='bbox 2489 5123 2668 5178; x_wconf 89' lang='lat' dir='ltr'><strong>posse,</strong></span> <span class='ocrx_word' id='word_1_928' title='bbox 2713 5108 2934 5164; x_wconf 88' lang='lat' dir='ltr'><strong>dicente</strong></span> <span class='ocrx_word' id='word_1_929' title='bbox 2969 5110 3268 5165; x_wconf 88' lang='lat' dir='ltr'><strong>Salomone</strong></span> <span class='ocrx_word' id='word_1_930' title='bbox 3297 5125 3312 5164; x_wconf 89' lang='lat'><strong>:</strong></span> <span class='ocrx_word' id='word_1_931' title='bbox 3346 5107 3469 5163; x_wconf 86' lang='lat' dir='ltr'><strong>Non</strong></span> <span class='ocrx_word' id='word_1_932' title='bbox 3497 5117 3572 5162; x_wconf 90' lang='lat' dir='ltr'><strong>est</strong></span> <span class='ocrx_word' id='word_1_933' title='bbox 3600 5108 3757 5162; x_wconf 86' lang='lat' dir='ltr'><strong>homo</strong></span> <span class='ocrx_word' id='word_1_934' title='bbox 3767 5111 3929 5182; x_wconf 84' lang='lat' dir='ltr'><strong>justus</strong></span> 
     </span>
    </p>
   </div>
   <div class='ocr_carea' id='block_1_112' title="bbox 2351 5199 3926 5276">
    <p class='ocr_par' dir='ltr' id='par_1_112' title="bbox 2351 5199 3926 5276">
     <span class='ocr_line' id='line_1_112' title="bbox 2351 5199 3926 5276; baseline -0.003 -21"><span class='ocrx_word' id='word_1_935' title='bbox 2351 5218 2506 5271; x_wconf 88' lang='lat' dir='ltr'><strong>super</strong></span> <span class='ocrx_word' id='word_1_936' title='bbox 2524 5214 2732 5267; x_wconf 88' lang='lat' dir='ltr'><strong>terram,</strong></span> <span class='ocrx_word' id='word_1_937' title='bbox 2756 5201 2844 5271; x_wconf 89' lang='lat' dir='ltr'><strong>qui</strong></span> <span class='ocrx_word' id='word_1_938' title='bbox 2865 5202 3024 5272; x_wconf 79' lang='lat' dir='ltr'><strong>faciat</strong></span> <span class='ocrx_word' id='word_1_939' title='bbox 3043 5202 3251 5264; x_wconf 89' lang='lat' dir='ltr'><strong>bonum,</strong></span> <span class='ocrx_word' id='word_1_940' title='bbox 3267 5210 3315 5254; x_wconf 90' lang='lat' dir='ltr'><strong>et</strong></span> <span class='ocrx_word' id='word_1_941' title='bbox 3333 5217 3434 5254; x_wconf 84' lang='lat' dir='ltr'><strong>non</strong></span> <span class='ocrx_word' id='word_1_942' title='bbox 3458 5211 3631 5270; x_wconf 88' lang='lat' dir='ltr'><strong>peccet</strong></span> <span class='ocrx_word' id='word_1_943' title='bbox 3655 5199 3926 5276; x_wconf 84' lang='lat' dir='ltr'><strong>(Eccl.vtt,</strong></span> 
     </span>
    </p>
   </div>
   <div class='ocr_carea' id='block_1_113' title="bbox 2350 5291 3928 5364">
    <p class='ocr_par' dir='ltr' id='par_1_113' title="bbox 2350 5291 3928 5364">
     <span class='ocr_line' id='line_1_113' title="bbox 2350 5291 3928 5364; baseline -0.003 -17"><span class='ocrx_word' id='word_1_944' title='bbox 2350 5293 2466 5364; x_wconf 76' lang='grc'><strong>21).</strong></span> <span class='ocrx_word' id='word_1_945' title='bbox 2514 5293 2581 5348; x_wconf 88' lang='lat' dir='ltr'><strong>Et</strong></span> <span class='ocrx_word' id='word_1_946' title='bbox 2627 5293 2821 5348; x_wconf 89' lang='lat' dir='ltr'><strong>eodem</strong></span> <span class='ocrx_word' id='word_1_947' title='bbox 2865 5293 2919 5348; x_wconf 89' lang='lat' dir='ltr'><strong>in</strong></span> <span class='ocrx_word' id='word_1_948' title='bbox 2953 5293 3161 5364; x_wconf 85' lang='lat' dir='ltr'><strong>Regum</strong></span> <span class='ocrx_word' id='word_1_949' title='bbox 3209 5292 3397 5348; x_wconf 86' lang='lat' dir='ltr'><strong>libro:</strong></span> <span class='ocrx_word' id='word_1_950' title='bbox 3455 5291 3637 5360; x_wconf 83' lang='lat' dir='ltr'><strong>Neque</strong></span> <span class='ocrx_word' id='word_1_951' title='bbox 3690 5295 3820 5348; x_wconf 88' lang='lat' dir='ltr'><strong>enim</strong></span> <span class='ocrx_word' id='word_1_952' title='bbox 3865 5295 3928 5345; x_wconf 82' lang='lat' dir='ltr'><strong>est</strong></span> 
     </span>
    </p>
   </div>
   <div class='ocr_carea' id='block_1_114' title="bbox 2351 5384 3929 5459">
    <p class='ocr_par' dir='ltr' id='par_1_114' title="bbox 2351 5384 3929 5459">
     <span class='ocr_line' id='line_1_114' title="bbox 2351 5384 3929 5459; baseline 0.001 -21"><span class='ocrx_word' id='word_1_953' title='bbox 2351 5386 2503 5440; x_wconf 78' lang='lat' dir='ltr'><strong>honto</strong></span> <span class='ocrx_word' id='word_1_954' title='bbox 2517 5386 2605 5456; x_wconf 88' lang='lat' dir='ltr'><strong>qui</strong></span> <span class='ocrx_word' id='word_1_955' title='bbox 2629 5403 2731 5440; x_wconf 89' lang='lat' dir='ltr'><strong>non</strong></span> <span class='ocrx_word' id='word_1_956' title='bbox 2759 5395 2936 5458; x_wconf 87' lang='lat' dir='ltr'><strong>peccet</strong></span> <span class='ocrx_word' id='word_1_957' title='bbox 2965 5385 3065 5458; x_wconf 88' lang='lat' dir='ltr'><strong>(IIl</strong></span> <span class='ocrx_word' id='word_1_958' title='bbox 3092 5384 3226 5457; x_wconf 83' lang='lat' dir='ltr'><strong>Reg.</strong></span> <span class='ocrx_word' id='word_1_959' title='bbox 3255 5401 3349 5441; x_wconf 88' lang='lat' dir='ltr'><strong>vut</strong></span> <span class='ocrx_word' id='word_1_960' title='bbox 3371 5428 3386 5453; x_wconf 94' lang='lat'><strong>,</strong></span> <span class='ocrx_word' id='word_1_961' title='bbox 3413 5385 3526 5459; x_wconf 64' lang='lat'><strong>46).</strong></span> <span class='ocrx_word' id='word_1_962' title='bbox 3552 5388 3630 5444; x_wconf 84' lang='lat' dir='ltr'><strong>Ac</strong></span> <span class='ocrx_word' id='word_1_963' title='bbox 3657 5386 3814 5444; x_wconf 82' lang='lat' dir='ltr'><strong>beato</strong></span> <span class='ocrx_word' id='word_1_964' title='bbox 3841 5385 3929 5440; x_wconf 80' lang='lat' dir='ltr'><strong>Da-</strong></span> 
     </span>
    </p>
   </div>
   <div class='ocr_carea' id='block_1_115' title="bbox 2345 5528 2889 5600">
    <p class='ocr_par' dir='ltr' id='par_1_115' title="bbox 2345 5528 2889 5600">
     <span class='ocr_line' id='line_1_115' title="bbox 2345 5528 2889 5600; baseline 0.007 -21"><span class='ocrx_word' id='word_1_965' title='bbox 2345 5541 2512 5600; x_wconf 74' lang='lat' dir='ltr'><strong>meum</strong></span> <span class='ocrx_word' id='word_1_966' title='bbox 2532 5528 2642 5582; x_wconf 88' lang='lat' dir='ltr'><strong>sine</strong></span> <span class='ocrx_word' id='word_1_967' title='bbox 2662 5537 2889 5600; x_wconf 87' lang='lat' dir='ltr'><strong>peccato.</strong></span> 
     </span>
    </p>
   </div>
   <div class='ocr_carea' id='block_1_116' title="bbox 2336 5598 3926 5739">
    <p class='ocr_par' dir='ltr' id='par_1_116' title="bbox 2336 5598 3926 5739">
     <span class='ocr_line' id='line_1_116' title="bbox 2336 5598 3926 5739; baseline 0.003 -88"><span class='ocrx_word' id='word_1_968' title='bbox 2336 5682 2369 5739; x_wconf 57' lang='grc' dir='ltr'><strong>Β</strong></span> <span class='ocrx_word' id='word_1_969' title='bbox 2412 5608 2437 5719; x_wconf 55' lang='lat'><strong>&#39;0</strong></span> <span class='ocrx_word' id='word_1_970' title='bbox 2469 5598 2635 5681; x_wconf 55' lang='lat' dir='ltr'><strong>Vetus</strong></span> <span class='ocrx_word' id='word_1_971' title='bbox 2658 5598 2850 5667; x_wconf 81' lang='lat' dir='ltr'><strong>editio,</strong></span> <span class='ocrx_word' id='word_1_972' title='bbox 2875 5609 2931 5657; x_wconf 92' lang='lat' dir='ltr'><strong>et</strong></span> <span class='ocrx_word' id='word_1_973' title='bbox 2957 5602 3236 5673; x_wconf 88' lang='lat' dir='ltr'><strong>Erasmus,</strong></span> <span class='ocrx_word' id='word_1_974' title='bbox 3271 5619 3436 5675; x_wconf 89' lang='lat' dir='ltr'><strong>quem</strong></span> <span class='ocrx_word' id='word_1_975' title='bbox 3467 5601 3752 5662; x_wconf 78' lang='lat' dir='ltr'><strong>Victorius</strong></span> <span class='ocrx_word' id='word_1_976' title='bbox 3782 5598 3926 5661; x_wconf 85' lang='lat' dir='ltr'><strong>casti-</strong></span> 
     </span>
     <span class='ocr_line' id='line_1_117' title="bbox 2374 5683 2652 5736; baseline 0.004 -15"><span class='ocrx_word' id='word_1_977' title='bbox 2374 5683 2401 5721; x_wconf 89' lang='lat' dir='ltr'><strong>a</strong></span> <span class='ocrx_word' id='word_1_978' title='bbox 2436 5709 2448 5736; x_wconf 91' lang='lat'><strong>,</strong></span> <span class='ocrx_word' id='word_1_979' title='bbox 2477 5686 2529 5723; x_wconf 83' lang='lat' dir='ltr'><strong>tn</strong></span> <span class='ocrx_word' id='word_1_980' title='bbox 2554 5687 2652 5722; x_wconf 72' lang='lat' dir='ltr'><strong>me.</strong></span> 
     </span>
    </p>
   </div>
   <div class='ocr_carea' id='block_1_117' title="bbox 2374 5683 2652 5736">
    <p class='ocr_par' dir='ltr' id='par_1_117' title="bbox 2374 5683 2652 5736">
     <span class='ocr_line' id='line_1_118' title="bbox 2374 5683 2652 5736; baseline 0.004 -15"><span class='ocrx_word' id='word_1_981' title='bbox 2374 5683 2448 5736; x_wconf 88' lang='lat' dir='ltr'><strong>at,</strong></span> <span class='ocrx_word' id='word_1_982' title='bbox 2477 5686 2529 5723; x_wconf 79' lang='lat' dir='ltr'><strong>in</strong></span> <span class='ocrx_word' id='word_1_983' title='bbox 2554 5687 2652 5722; x_wconf 84' lang='lat' dir='ltr'><strong>me.</strong></span> 
     </span>
    </p>
   </div>
  </div>
