4054 6390
274 396 379 452 505

1172 392 1518 451 DlALOGUS
1557 387 1922 448 ADVERSUS
1960 386 2411 447 PELAGIANOS.
2456 388 2585 445 LIB.
2627 391 2670 446 1.

2845 125 2858 128 ..
2879 123 3006 129 —____
3013 115 3166 129 -—'d:‘—':=1
3175 115 3206 128 ’.η
3213 123 3242 128 ___
3259 123 3270 126 _

3462 393 3568 450 506

273 515 395 570 vid:
446 513 648 570 Delicta
685 515 802 588 quis
849 514 1129 590 intelligit?
1171 517 1234 570 ab
1281 517 1449 570 oculis
1508 514 1634 568 meis
1675 511 1869 566 munda
1896 517 1944 576 Α
1974 525 2111 565 rem.
2143 510 2280 579 Quid
2311 511 2375 565 ad
2421 510 2550 565 illttd
2592 511 2776 566 dicere
2805 518 2981 581 potes,
3023 509 3167 578 quod
3209 511 3452 580 quamvis
3498 512 3576 568 sis

274 621 356 660 me
379 615 406 645 α
437 618 485 661 et
507 608 570 661 ab
592 608 777 662 alienis
809 625 963 678 parce
981 625 1127 663 seruo
1155 617 1243 663 tuo
1275 607 1450 679 (Psal.
1481 622 1635 672 xvnt,
1669 603 1780 677 15).
1809 605 1874 659 Et

275 697 510 753 iterum:
546 698 629 753 Ne
655 701 813 755 intres
839 701 892 754 in
913 701 1170 773 judicium
1194 717 1308 755 cum
1331 703 1474 755 servo
1503 708 1610 759 tuo,
1635 698 1872 767 quianon

266 795 649 868 justiﬁcabitur
683 797 738 850 in
788 805 1060 870 conspectu
1101 808 1191 851 tuo
1261 796 1426 849 omnis
1472 795 1640 849 vivens
1697 791 1869 859 (Psal.

278 900 439 953 exui,
455 885 539 958 2).
557 887 618 942 Et
634 887 799 942 multa
820 889 925 943 alia
947 887 1145 958 quibus
1163 886 1468 956 Scripturze
1485 893 1684 939 sanctae
1697 883 1873 953 plena:

274 988 423 1034 sunt.

351 1071 440 1126 15.
484 1069 734 1141 Explodit
760 1080 1119 1143 argumentum
1142 1086 1208 1124 ex
1227 1067 1514 1140 Evangelia
1533 1067 1770 1122 Joannis.
1803 1095 1874 1105 —

280 1163 344 1220 ϐ.
386 1164 528 1232 Quid
545 1180 675 1234 ergo
690 1164 1042 1234 respondebis
1061 1165 1126 1218 ad
1147 1165 1276 1220 illud
1295 1165 1600 1232 exemplum
1617 1161 1759 1231 quod
1780 1175 1874 1230 po-

276 1255 362 1310 nit
393 1257 737 1328 Evangelista
768 1257 1032 1322 Joannes,
1068 1257 1272 1310 Scimus
1297 1257 1437 1328 quod
1463 1255 1628 1307 omnis
1656 1254 1746 1326 qui
1777 1270 1874 1308 na-

279 1353 360 1400 tus
389 1356 464 1401 est
490 1363 556 1401 ex
581 1345 712 1413 Deo,
745 1365 847 1402 non
875 1357 1084 1418 peccat;
1129 1349 1219 1402 sed
1246 1347 1506 1420 generatio
1540 1345 1635 1400 Dei
1668 1361 1876 1400 conser-

277 1446 364 1492 vat
389 1455 527 1505 eum,
560 1448 606 1492 et
627 1438 887 1511 malignus
915 1455 1015 1492 non
1043 1439 1379 1512 tangiteum?
1407 1438 1610 1493 Scimus
1632 1438 1876 1507 quoniam

276 1545 342 1584 ea:
367 1528 478 1584 Deo
506 1547 705 1596 sumus,
732 1540 781 1585 et
805 1531 1031 1584 mundus
1061 1541 1194 1584 totus
1220 1532 1274 1584 in
1304 1529 1532 1603 maligno
1561 1529 1756 1596 positus
1801 1537 1876 1581 est

280 1618 327 1690 (1
368 1617 527 1675 Joan.
576 1637 654 1688 tn,
707 1619 782 1690 9).
830 1623 894 1676 Α.
945 1621 1049 1676 Par
1097 1622 1217 1690 pari
1266 1622 1528 1686 referam,
1559 1631 1611 1675 et
1655 1635 1874 1690 parvam

279 1710 643 1782 Evangelistse
693 1713 1026 1782 Epistolam,
1082 1713 1381 1769 secundum
1453 1727 1672 1767 sensum
1727 1723 1873 1766 tuum

278 1803 488 1859 docebo
511 1805 612 1859 sibi
642 1819 764 1859 esse
793 1806 1149 1860 contrariam.
1184 1805 1240 1862 Si
1269 1806 1417 1860 enim
1445 1807 1627 1859 omnis
1658 1805 1747 1873 qui
1776 1818 1871 1857 na-

277 1904 364 1951 tus
388 1904 563 1952 estex
600 1897 732 1964 Deo,
767 1909 1052 1967 peccatum
1083 1912 1192 1952 non
1243 1898 1373 1952 facit
1423 1915 1435 1951 :

275 2003 400 2044 men
439 1990 558 2060 eius
603 1998 786 2045 manet
816 1991 868 2044 in
900 2005 992 2055 eo,
1028 2001 1083 2045 et
1126 2006 1232 2044 non
1262 1999 1441 2061 potest
1473 2005 1718 2060 peccare,
1747 1989 1873 2058 quia

277 2096 344 2137 ex
373 2083 482 2138 Deo
512 2091 671 2138 natus
701 2092 807 2147 est,
841 2099 942 2152 qua
972 2085 1364 2152 consequentia
1409 2083 1550 2136 idem
1599 2082 1650 2135 in
1679 2081 1872 2136 eodem

276 2173 400 2229 loco
450 2175 688 2246 loquitur
721 2194 734 2230 :
769 2177 829 2233 Si
856 2179 1142 2233 dixerimus
1181 2181 1428 2251 quoniam
1463 2189 1725 2251 peccatum
1773 2195 1875 2232 non

276 2264 547 2332 habemus,
578 2269 679 2339 ipsi
707 2286 798 2323 nos
826 2270 1147 2336 seducimus,
1175 2282 1223 2325 et
1265 2272 1446 2324 ueritas
1489 2273 1542 2325 in
1589 2272 1732 2324 nobis
1777 2289 1879 2324 non

277 2365 356 2408 est
379 2355 426 2424 (l
454 2353 613 2410 Joan.
644 2373 682 2423 ι,
717 2356 816 2429 8)?
853 2360 1076 2430 Ignoras
1127 2361 1413 2425 rationem,
1465 2360 1685 2416 hmsitas
1717 2372 1877 2431 atque

281 2446 543 2502 turbaris.
591 2450 729 2504 Audi
760 2452 1011 2505 eumdem
1059 2453 1458 2522 EVangelistam
1491 2471 1503 2504 :
1537 2453 1597 2507 Si
1643 2454 1880 2522 conﬁtea-

277 2553 400 2589 mnr
446 2551 656 2606 peccata
682 2552 879 2609 nostra,
912 2542 1084 2612 ﬁdelis
1137 2554 1182 2596 et
1200 2546 1378 2615 justus
1417 2553 1521 2607 est,
1555 2553 1608 2596 ut
1654 2543 1880 2597 dimittat

278 2629 430 2684 nobis
458 2643 666 2702 peccata
693 2644 891 2700 nostra,
917 2645 963 2688 et
1001 2635 1210 2688 munde:
1239 2652 1333 2689 nos
1359 2637 1422 2689 ab
1446 2638 1582 2690 onmi
1610 2637 1879 2707 iniquitate

279 2721 478 2793 (Ibid.,
501 2726 578 2795 9).
613 2725 766 2782 Tunc
795 2729 1073 2798 ergojnsti
1100 2745 1308 2794 sumus,
1335 2731 1550 2799 quando
1571 2747 1668 2786 nos
1689 2747 1880 2801 pecca-

278 2823 430 2871 tores
460 2818 715 2885 fatemur,
748 2830 802 2875 et
827 2821 1036 2890 justitia
1069 2830 1250 2876 nostra
1283 2837 1390 2876 non
1421 2838 1485 2878 ex
1511 2829 1736 2895 proprio
1765 2841 1877 2880 me-

276 2906 413 2973 rito,
469 2909 563 2963 sed
615 2925 682 2964 ex
737 2911 834 2966 Dei
886 2913 1138 2967 consistit
1193 2914 1603 2980 misericordia,
1663 2917 1878 2973 dicente

272 3008 466 3055 sancta
497 3001 775 3071 Scriptura
805 3022 817 3056 :
847 3003 1027 3059 Justus
1056 3017 1327 3061 accusator
1345 3009 1426 3061 sui
1445 3018 1516 3062 est
1541 3009 1593 3061 in
1620 3009 1878 3080 principio

272 3094 530 3148 sermonis
573 3093 760 3167 (Prov.
809 3113 962 3162 xvut,
1000 3098 1112 3170 17).
1149 3098 1217 3153 Ει
1261 3099 1313 3153 in
1361 3099 1469 3153 alio
1511 3100 1629 3154 loco
1655 3119 1667 3154 :
1698 3100 1799 3154 Dic
1824 3113 1878 3155 tu

275 3198 490 3260 peccata
515 3197 626 3254 tua,
657 3191 1037 3262 utjnstiﬁceris
1069 3189 1223 3262 (Isai.
1255 3209 1405 3258 ant,
1435 3195 1528 3260 ‘26,
1556 3211 1658 3248 sec.
1683 3195 1874 3265 LXX).

1977 605 2316 677 ingeniosus,
2346 605 2492 660 nulla
2539 605 2747 660 valebis
2773 615 2891 660 arte
2918 603 3288 660 subvertere?
3332 603 3574 659 Primum

1977 713 2171 767 ponam
2205 697 2273 752 de
2303 698 2881 761 veteriTestameuto,
2914 697 3115 753 deinde
3161 695 3229 752 de
3277 712 3443 751 novo.
3472 696 3580 752 Ve-

1975 794 2106 844 teris
2129 789 2465 844 Testamenti
2500 790 2753 858 princeps
2783 789 2993 862 Moyses
3017 797 3100 844 est
3127 805 3140 855 ;
3185 789 3336 853 novi,
3390 787 3571 844 Domi-

1977 897 2076 937 nus
2103 891 2264 952 atque
2308 882 2578 938 Salvator.
2613 882 2826 954 Moyses
2871 881 3110 952 loquitur
3153 881 3217 936 ad
3268 883 3573 951 populum:

1977 976 2204 1048 Perfecti
2245 985 2405 1030 estote
2433 976 2488 1029 in
2516 985 2790 1046 conspectu
2821 973 3036 1028 Domini
3061 973 3159 1029 Dei
3206 975 3363 1028 vestri
3393 973 3577 1045 (Dent.

1976 1084 2129 1131 xvnt,
2164 1068 2275 1138 15).
2308 1067 2375 1122 Ει
2396 1067 2650 1122 Salvator
2678 1067 2742 1121 ad
2781 1067 3074 1135 Apostolos
3102 1084 3114 1120 :
3145 1066 3325 1121 Estote
3363 1067 3576 1139 perfecti

1975 1159 2107 1212 sicut
2133 1157 2292 1212 Pater
2319 1168 2480 1212 vester
2506 1157 2721 1212 cwlestis
2752 1161 3010 1230 perfectus
3041 1169 3114 1213 est
3145 1158 3362 1230 (Matth.
3390 1174 3443 1224 γ,
3461 1158 3574 1230 48).

1979 1253 2083 1304 Aut
2114 1251 2254 1304 enim
2287 1249 2548 1320 possibile
2573 1258 2659 1304 est
2683 1249 3030 1305 audientibus
3059 1251 3239 1306 facere
3261 1251 3404 1322 quod
3431 1251 3578 1324 Moy-

1976 1354 2065 1395 ses
2089 1349 2144 1396 et
2176 1341 2432 1394 Dominus
2465 1353 2837 1411 prmcepcruut
2871 1361 2884 1397 :
2917 1353 3007 1397 ant
3029 1344 3073 1397 si
3099 1343 3438 1413 impossibile
3458 1352 3568 1408 est,

1980 1449 2086 1486 non
2115 1441 2198 1487 est
2227 1433 2384 1502 culpa
2415 1447 2601 1487 eorum
2632 1434 2721 1503 qui
2770 1433 2997 1489 obedire
3046 1449 3151 1488 non
3183 1441 3435 1504 possunt,
3477 1435 3572 1490 sed

1978 1527 2095 1596 ejus
2125 1528 2215 1597 qui
2264 1527 2620 1597 impossibilia
2669 1531 2948 1598 praecepit.
3001 1529 3065 1583 A.
3103 1528 3202 1584 Hic
3234 1529 3386 1583 locus
3437 1531 3578 1600 apud

1977 1619 2282 1689 imperitos,
2313 1630 2364 1675 et
2396 1620 2802 1690 Scripturarum
2833 1632 3144 1677 sanctarum
3172 1621 3576 1678 meditationem

1979 1727 2246 1782 usumque
2294 1722 2347 1767 et
2375 1713 2660 1767 scientiam
2713 1731 2818 1767 non
2868 1713 3163 1780 habentes,
3204 1714 3420 1770 videtur
3465 1717 3582 1786 opi-

1979 1803 2126 1857 nioni
2162 1813 2266 1858 tua:
2297 1803 2468 1871 prima
2513 1802 2690 1859 fronte
2720 1804 2976 1859 blandiri.
3007 1805 3272 1860 Czcterum
3300 1805 3580 1862 discussus

1487 1897 1740 1966 quoniam
1788 1910 1873 1950 se-
1905 1897 1949 1957 Β
1980 1894 2140 1950 facile
2171 1895 2420 1950 solvitur.
2455 1894 2664 1950 Etcum
2694 1897 3002 1951 testimonia
3030 1896 3434 1966 Scripturarum
3459 1897 3582 1953 aliis

1979 1987 2386 2056 comparaveris
2436 1986 2764 2041 testimoniis
2791 2029 2804 2054 ,
2855 2002 2922 2042 ne
2950 1987 3050 2043 sibi
3094 1987 3331 2058 Spiritus
3360 1997 3582 2044 sanctus

1978 2096 2077 2151 pro
2106 2081 2366 2150 qualitate
2411 2078 2656 2136 locorum
2707 2091 2759 2133 et
2805 2091 3105 2150 temporum
3159 2082 3409 2136 videatur
3458 2097 3580 2138 esse

1978 2175 2309 2238 contrarius,
2334 2174 2632 2230 secundum
2662 2173 2793 2227 illud
2821 2174 2962 2244 quod
2988 2176 3247 2244 scriptum
3268 2184 3352 2228 est
3380 2192 3394 2227 :
3417 2175 3583 2245 Abys-

1979 2282 2068 2319 sus
2098 2265 2339 2335 abyssum
2367 2267 2569 2319 invocat
2594 2267 2645 2318 in
2669 2281 2789 2320 voce
2812 2277 3189 2321 cataractarum
3219 2275 3428 2319 tuarum
3457 2264 3576 2331 (Ps.

1983 2376 2095 2426 xu,
2144 2359 2222 2423 8),
2275 2369 2401 2414 tunc
2429 2361 2632 2415 veritas
2663 2359 2967 2429 apparebit,
3015 2359 3119 2414 hoc
3149 2368 3253 2423 est,
3300 2357 3581 2414 Christum

1982 2454 2264 2524 possibilia
2297 2455 2622 2522 praecepisse
2651 2453 2924 2508 dicentem
2954 2471 2966 2508 :
3000 2451 3180 2506 Estote
3206 2452 3418 2522 perfecti
3449 2453 3580 2506 sicut

1983 2545 2142 2599 Pater
2172 2555 2331 2598 vester
2358 2545 2572 2600 caelestis
2602 2544 2859 2615 perfectus
2886 2554 2998 2609 est;
3027 2554 3079 2597 et
3126 2554 3304 2598 tamen
3343 2543 3583 2614 Aposto-

1982 2639 2063 2693 los
2090 2653 2195 2691 non
2228 2637 2392 2691 fuisse
2426 2636 2717 2705 perfectos.
2747 2637 2803 2690 C.
2837 2636 2951 2690 Non
2995 2636 3118 2691 dico
3158 2635 3285 2706 quid
3334 2634 3583 2705 Apostoli

1981 2728 2234 2794 fecerint,
2267 2728 2360 2781 sed
2391 2728 2516 2798 quid
2549 2727 2797 2782 Christus
2845 2727 3186 2798 prmceperit.
3221 2728 3404 2797 Neque
3435 2726 3582 2782 enim

1980 2820 2136 2889 culpa
2166 2820 2486 2888 imperantis
2513 2829 2615 2884 est,
2641 2819 2736 2874 sed
2760 2833 2948 2873 eorum
2978 2820 3068 2888 qui
3093 2818 3384 2872 audierunt
3416 2819 3588 2887 impe-

1982 2915 2147 2978 rium,
2181 2914 2324 2982 quod
2355 2915 2539 2982 utique
2572 2913 2811 2982 potuisse
2860 2913 2976 2967 fieri
3005 2929 3073 2967 ex
3103 2911 3309 2980 justitia
3341 2911 3461 2980 ejus
3491 2911 3584 2980 qui

1981 3004 2306 3075 imperabat,
2341 3004 2674 3074 agnoscitur.
2709 3008 2773 3059 Α.
2810 3004 3061 3059 Pulchre.
3092 3004 3228 3058 Nolo
3269 3019 3398 3074 ergo
3446 3003 3583 3058 mihi

1979 3100 2128 3155 dicas
2158 3115 2315 3170 posse
2345 3099 2620 3155 hominem
2644 3101 2763 3155 sine
2795 3108 3017 3169 peccato
3046 3114 3169 3154 esse
3201 3098 3246 3153 si
3277 3098 3413 3153 velit
3440 3117 3456 3154 :
3486 3096 3582 3152 sed

1980 3209 2143 3266 posse
2173 3194 2447 3250 hominem
2479 3194 2529 3248 id
2554 3209 2676 3249 esse
2700 3193 2844 3264 quod
2875 3193 3125 3266 Apostoli
3154 3193 3313 3265 707
3339 3208 3445 3247 non
3472 3191 3589 3246 fue-

276 3277 548 3333 Conclusit
578 3281 716 3334 enint
759 3279 900 3336 Deus
943 3287 1119 3338 omnia
1168 3284 1259 3338 sub
1289 3296 1514 3356 peccato.
1561 3296 1614 3338 nt
1643 3288 1877 3341 omnibus
1906 3277 1951 3340 C
1986 3295 2131 3340 runt.
2157 3285 2215 3339 C.
2243 3286 2375 3340 Tam
2408 3285 2632 3340 stultum
2666 3302 2751 3342 me
2790 3297 2971 3357 putas,
3005 3295 3062 3340 ιιι
3108 3287 3336 3340 audeam
3371 3285 3475 3338 huc
3504 3285 3586 3338 lo-

274 3372 588 3426 misereatur
632 3371 833 3442 (Galat.
881 3391 960 3442 ιιι,
992 3375 1106 3447 22).
1144 3377 1207 3431 Et
1238 3377 1351 3432 haec
1385 3379 1622 3433 hominis
1670 3395 1877 3434 summa

273 3473 366 3519 est
389 3462 623 3532 justitia,
656 3464 917 3535 quidquid
960 3469 1197 3536 potuerit
1249 3469 1451 3525 habere
1497 3471 1740 3539 virtutis,
1774 3486 1879 3527 non

273 3569 443 3610 suum
476 3564 668 3623 putare
698 3569 842 3622 esse,
877 3559 973 3612 sed
1011 3559 1229 3613 Domini
1259 3559 1351 3629 qui
1381 3561 1612 3633 largitus
1640 3573 1746 3618 est.
1777 3563 1881 3629 Qui

272 3661 416 3712 ergo
445 3655 602 3701 natus
646 3659 728 3705 est
760 3663 829 3703 ex
862 3649 995 3717 Deo,
1031 3666 1137 3705 non
1168 3663 1379 3721 peccat,
1409 3653 1667 3721 quamdiu
1691 3669 1880 3711 semen

276 3737 381 3794 Dei
413 3748 598 3794 manet
623 3741 675 3795 in
701 3756 786 3805 co,
819 3750 873 3796 et
904 3756 1010 3796 non
1041 3751 1219 3812 potest
1245 3759 1492 3813 peccare,
1521 3748 1644 3815 quia
1673 3762 1736 3802 ex
1771 3749 1882 3804 Deo

270 3840 440 3889 natus
467 3845 572 3890 est.
601 3835 707 3892 Sed
756 3839 877 3909 quia
928 3841 981 3895 in
1011 3855 1140 3912 agro
1171 3842 1456 3898 Dominico
1489 3843 1704 3916 (Manli.
1737 3846 1879 3915 xm),

272 3923 589 3982 dormiente
617 3929 1034 4000 patrefamllias,
1066 3934 1316 3990 inimicus
1351 3941 1515 3989 homo
1554 3937 1760 3991 zizania
1792 3951 1881 3991 Stl-

275 4017 639 4087 perseminat,
668 4031 721 4076 et
753 4021 1024 4080 frumento
1073 4028 1234 4094 bono,
1283 4027 1409 4082 dum
1456 4030 1749 4095 nescimus,
1804 4031 1881 4086 lo-

275 4109 416 4165 lium
446 4125 752 4182 avenasque
795 4118 1015 4172 steriles
1046 4129 1195 4174 sator
1226 4131 1524 4175 nocturnus
1554 4122 1834 4177 interserit
1865 4141 1878 4177 :

272 4201 406 4257 ideo
450 4206 709 4274 parabola
761 4208 865 4260 ista
912 4210 1223 4280 Evangelici
1257 4214 1664 4283 patrisfamilias
1696 4217 1882 4270 tormi-

273 4293 460 4351 danda
491 4305 608 4361 est;
661 4297 754 4366 qui
807 4307 1004 4367 purgat
1055 4315 1264 4366 aream,
1309 4315 1361 4358 et
1411 4305 1685 4361 frumento
1722 4307 1884 4378 706

271 4389 498 4444 horreis
544 4390 790 4454 condito,
841 4390 1024 4457 paleas
1071 4403 1354 4448 ventorum
1406 4395 1623 4452 ﬂatibus
1672 4399 1882 4468 disper-

274 4479 488 4552 gendas
518 4489 574 4535 et
602 4480 836 4537 urendas
881 4483 1098 4552 ignibus
1143 4484 1492 4555 derelinquit.
1545 4489 1697 4545 Unde
1737 4501 1789 4544 et
1826 4491 1878 4547 in

275 4573 519 4628 Jeremia
549 4573 813 4643 scriptum
858 4575 1089 4645 legimus
1120 4593 1134 4631 :
1169 4578 1307 4643 Quid
1351 4578 1516 4648 paleis
1552 4581 1620 4633 ad
1650 4581 1880 4650 frumen-

1985 3377 2115 3448 qui?
2141 3379 2203 3432 Α.
2236 3378 2387 3433 Licet
2415 3394 2519 3431 non
2568 3378 2807 3446 loquaris
2839 3396 2851 3431 :
2888 3390 3067 3433 tamen
3100 3393 3164 3432 ex
3207 3377 3586 3447 propositione

1987 3481 2098 3537 tua,
2145 3471 2262 3540 ipsa
2306 3472 2694 3540 consequentia
2719 3481 2775 3527 et
2805 3486 2987 3526 rerum
3021 3470 3219 3525 ordine
3251 3472 3452 3524 invitus
3483 3468 3586 3523 hoc

1984 3563 2246 3634 loqueris.
2295 3564 2350 3620 Si
2397 3566 2541 3619 enim
2591 3575 2770 3634 potest
2803 3569 2924 3621 esse
2975 3565 3138 3618 homo
3187 3563 3304 3617 sine
3335 3569 3582 3632 peccato,

1985 3655 2129 3725 quod
2159 3656 2453 3726 Apostolos
2499 3672 2608 3712 nun
2639 3656 2806 3711 fuisse
2852 3657 3200 3727 perspicuum
3251 3663 3368 3720 est,
3402 3662 3589 3722 posset

1984 3762 2107 3804 esse
2150 3764 2314 3818 super
2360 3750 2653 3819 Apostolus
2682 3751 2844 3804 homo
2873 3768 2883 3801 :
2918 3760 2975 3803 ut
3021 3760 3224 3803 taceam
3253 3748 3320 3801 de
3349 3745 3584 3800 Pati-iar-

1984 3840 2103 3896 chis
2129 3851 2186 3896 et
2209 3842 2516 3912 Prophetis,
2546 3859 2775 3912 qttorum
2816 3843 2867 3896 in
2897 3843 3038 3912 Lege
3070 3858 3174 3897 non
3209 3842 3304 3894 fuit
3346 3837 3585 3909 perfecta

1980 3932 2214 4003 ju5titia,
2249 3934 2548 3989 secundum
2583 3935 2713 3988 illud
2741 3934 2990 4004 Apostoli
3024 3952 3037 3988 :
3069 3933 3258 3985 Omnes
3287 3932 3423 3986 enim
3465 3948 3585 4001 pec-

1984 4038 2245 4093 caverunt,
2277 4037 2323 4080 et
2365 4027 2595 4099 indigent
2623 4026 2789 4097 gloria
2834 4024 2933 4080 Dei
2963 4041 2980 4078 :
2999 4023 3281 4097 justiﬁcati
3301 4024 3466 4094 gratis
3493 4039 3584 4093 per

1987 4131 2011 4160 ο
2066 4119 2166 4176 Dei
2215 4122 2468 4194 gratiam,
2501 4137 2591 4189 per
2636 4121 2743 4193 [AL
2795 4119 2919 4174 add.
2965 4119 3154 4189 ipsius)
3183 4115 3587 4186 redemptionem

1983 4229 2099 4283 qua:
2121 4222 2195 4265 est
2223 4213 2274 4264 in
2297 4210 2502 4265 Christo
2529 4211 2698 4266 Iesu:
2728 4229 2878 4283 quem
2915 4209 3189 4282 praposuit
3227 4206 3366 4260 Deus
3407 4207 3586 4277 propi-

1986 4305 2224 4358 tiatorem
2253 4303 2430 4373 (Rom.
2463 4318 2543 4367 ιιι,
2575 4303 2664 4369 25,
2699 4302 2815 4373 94).

2059 4395 2144 4450 14.
2193 4393 2425 4464 Opponit
2471 4397 2814 4450 testimonium
2844 4395 3008 4447 Pauli
3048 4392 3116 4445 ad
3146 4390 3385 4461 Philipp.
3417 4417 3490 4428 —-
3518 4388 3580 4443 (Γ.

1985 4491 2112 4547 Haec
2142 4491 2542 4562 argumentatio
2573 4501 2815 4544 tortuosa
2845 4501 2949 4553 est,
2985 4486 3422 4542 Ecclesiasticam
3452 4485 3584 4540 sim-

1986 4585 2277 4654 plicitatem
2311 4585 2454 4637 inter
2482 4582 2934 4653 philosolthorum
2965 4581 3175 4648 spineta
3217 4578 3578 4634 caneludens.

279 4676 421 4731 tum,
453 4665 578 4718 dicit
605 4666 860 4723 Dominus
891 4669 1108 4743 (Jerem.
1144 4689 1299 4740 χχιιι,
1329 4674 1461 4745 28)?
1491 4677 1668 4731 Palcte
1697 4688 1878 4734 autem
1907 4665 1962 4724 D
1986 4675 2126 4742 Quid
2147 4675 2426 4730 Aristmeli
2459 4684 2514 4729 et
2538 4675 2748 4729 Paulo?
2778 4673 2918 4740 Quid
2951 4674 3162 4728 Platoni
3195 4683 3250 4729 et
3285 4672 3485 4729 Petro?
3516 4671 3585 4728 Ut

277 4775 310 4815 a
336 4758 614 4814 frumento
647 4759 698 4814 in
728 4767 1196 4820 consummatione
1226 4767 1411 4821 smculi
1433 4779 1771 4833 separantur.
1805 4772 1878 4826 Ex

283 4867 396 4916 quo
423 4849 758 4920 approbatur
787 4852 916 4908 dum
940 4871 1129 4911 sumus
1170 4857 1222 4912 in
1248 4872 1478 4929 corpore
1507 4860 1614 4914 isto
1641 4863 1878 4928 mortali,

279 4940 309 4979 λ)
339 4943 543 4996 mixtos
570 4957 693 4999 esse
719 4961 840 4999 cum
875 4947 1074 5002 tritico.
1105 4948 1258 5016 Quod
1287 4951 1333 5004 si
1361 4953 1683 5020 opposueris
1713 4969 1881 5023 quare

279 5031 490 5089 dixerit
516 5049 529 5086 :
562 5032 629 5087 Et
660 5053 762 5090 non
791 5048 958 5107 potest
983 5055 1208 5110 peccare,
1229 5043 1351 5112 quia
1372 5059 1435 5097 ex
1459 5043 1564 5097 Deo
1591 5054 1743 5098 natus
1767 5057 1879 5100 est:

281 5127 494 5193 audies,
519 5138 572 5182 et
596 5129 687 5184 ubi
710 5133 814 5185 erit
841 5135 1122 5201 praemium
1155 5135 1446 5191 voluntatis
1468 5136 1562 5194 ?Si
1585 5138 1730 5192 enim
1759 5139 1882 5195 ideo

282 5235 392 5276 non
427 5231 640 5292 peccat,
673 5225 798 5293 quia
832 5241 1060 5295 peccare
1090 5245 1196 5283 non
1231 5239 1432 5299 potest,
1465 5231 1695 5286 liberum
1731 5233 1884 5288 tolle-

284 5321 374 5368 tur
399 5314 713 5382 arbitrium,
745 5326 802 5371 et
848 5333 1188 5390 nequaquam
1235 5331 1480 5378 nostrum
1514 5323 1628 5391 fiet,
1660 5323 1755 5379 sed
1781 5341 1880 5379 na-

283 5410 422 5459 turai
451 5405 674 5472 bonum,
709 5423 830 5477 qua:
854 5421 1072 5478 peccata
1101 5427 1206 5467 non
1239 5415 1436 5484 capiet.

357 5500 447 5555 M.
492 5496 612 5553 Duo
639 5501 745 5555 alia
769 5519 832 5556 ex
861 5502 1034 5558 Veteri
1064 5522 1125 5557 ac
1161 5504 1309 5559 Novo
1345 5506 1688 5564 Testamento.
1719 5540 1791 5550 —
1819 5509 1879 5566 C.

288 5587 502 5645 Dudum
549 5591 795 5648 faciliora
827 5595 1109 5666 proposui,
1137 5605 1194 5651 ut
1235 5609 1287 5652 te
1325 5597 1392 5652 ad
1424 5599 1632 5669 majora
1659 5615 1882 5656 exerce-

289 5792 327 5822 ._
361 5758 387 5784 τι
427 5746 485 5801 In
520 5747 794 5818 plerisque
833 5749 986 5806 libris
1027 5752 1244 5808 additur
1271 5752 1520 5822 Domine,
1568 5756 1797 5812 Hebraeo
1829 5767 1886 5813 et

285 5816 479 5889 Graeco
509 5816 970 5889 texturenueute.
995 5863 998 5867 ν
1033 5877 1036 5880 ,

361 5888 388 5927 δ
429 5886 707 5946 Victorius
738 5886 925 5948 mixtas
952 5891 1143 5964 voluit,
1175 5895 1384 5953 scilicet
1418 5899 1618 5970 paleas.

1992 4765 2086 4819 ille
2113 4766 2260 4819 enim
2295 4766 2548 4835 princeps
2575 4765 3047 4836 philosOphorum,
3078 4765 3150 4820 ita
3180 4766 3264 4820 hic
3289 4765 3589 4836 Apostolo-

1990 4874 2109 4914 rum
2143 4859 2266 4924 fuit,
2297 4874 2460 4928 super
2483 4874 2644 4927 quem
2679 4859 2924 4913 Ecclesia
2970 4859 3183 4913 Domini
3229 4859 3414 4914 stabili
3443 4859 3584 4913 mole

1989 4951 2210 5007 fundata
2238 4959 2344 5021 est,
2374 4965 2494 5020 quae
2520 4965 2621 5005 nec
2650 4951 2853 5022 impetu
2885 4950 3151 5020 ﬂuminis,
3184 4967 3284 5006 nec
3315 4951 3425 5004 ulla
3457 4961 3586 5004 tem-

1989 5054 2200 5115 pestate
2247 5041 2573 5098 concutitur.
2626 5043 2690 5097 A.
2743 5042 3134 5107 thetoricaris,
3180 5051 3236 5097 et
3279 5041 3406 5096 dum
3453 5041 3585 5096 mihi

1989 5136 2182 5208 objicis
2215 5132 2634 5201 philosophiam,
2665 5134 2730 5188 ad
2761 5133 3052 5189 Ora'torum
3091 5145 3270 5188 castra
3301 5143 3584 5186 transcen-

1987 5228 2092 5285 dis.
2125 5227 2328 5282 Verum
2358 5224 2482 5279 audi
2517 5224 2644 5293 quid
2673 5226 2816 5282 idem
2848 5227 2993 5282 dicat
3017 5226 3214 5282 Orator
3245 5237 3403 5280 tuus:
3429 5243 3447 5276 ι
3485 5224 3587 5279 Dc-

1987 5322 2106 5377 sine
2127 5322 2510 5376 communibus
2541 5319 2676 5374 locis
2704 5339 2715 5374 :
2742 5321 2887 5375 domi
2916 5321 3071 5376 nobis
3102 5322 3200 5374 ista
3228 5327 3580 5374 nascuntur.»

1991 5413 2125 5486 (Cic.
2152 5413 2240 5467 lib.
2276 5427 2328 5466 tv
2357 5411 2518 5465 Acad.
2565 5411 2816 5484 Quam)
2849 5409 2908 5466 C.
2942 5413 3101 5467 Nulla
3154 5413 3238 5466 hic
3273 5411 3585 5480 eloquentia

1987 5515 2090 5572 est,
2139 5505 2321 5560 nullus
2350 5503 2638 5560 Oratornm
2674 5504 2879 5569 tumor,
2929 5521 3163 5573 quorum
3206 5503 3453 5557 deﬁnitio
3481 5513 3584 5574 est,

1985 5601 2171 5656 dicere
2214 5599 2281 5656 ad
2328 5600 2764 5672 persuadendum
2797 5599 3232 5664 accommodate,
3267 5598 3363 5652 sed
3397 5616 3585 5669 puram

2067 5767 2092 5832 ἐ
2135 5757 2288 5832 lde_m
2338 5757 2467 5829 legit
2489 5757 2791 5832 ,ιιιειὶβρίιιὶΔ
2814 5756 2977 5832 gratis
3023 5758 3364 5832 perAgratiam
3404 5761 3601 5831 ipsius;

1990 5829 2076 5916 cui
2109 5839 2162 5884 et
2207 5825 2727 5896 Grmcfcdnsentit,
2766 5825 3073 5900 Binatbpsvm
3111 5825 3304 5906 δωρεὰν
3345 5825 3603 5910 τῇαὐτσΰ

1991 5921 2194 5968 χαριτι.
