4036 6330
522 175 625 235 507

1774 178 1834 235 S.
1879 178 2151 241 EUSEBII
2184 180 2569 243 HIEROt‘iYMI

3727 185 3837 247 508

517 306 657 363 p'tt‘D
689 306 945 351 sermone
971 292 1270 367 quaerimus
1305 292 1589 349 veritatem
1637 311 1650 348 :
1690 294 1797 351 Aut
1826 295 2118 363 Dominum
2146 302 2200 371 Α
2226 312 2368 365 mus,
2400 298 2682 373 accepisse
2709 297 2853 370 quod
2886 313 2996 359 non
3038 300 3368 372 accepimus,
3397 314 3522 361 esse
3553 301 3836 373 perfectos

522 406 627 443 non
663 386 1020 457 impossibilia
1056 388 1413 461 praecepisse,
1449 396 1509 447 ut
1555 388 1668 447 sint
1716 389 1768 443 in
1820 389 1979 463 culpa
2030 390 2120 465 qui

521 480 803 554 possibilia
837 495 943 537 non
980 479 1216 538 fecerint
1261 499 1275 535 :
1320 490 1412 535 aut
1453 479 1497 535 si
1546 495 1658 539 non
1707 490 1936 555 possunt
1984 482 2122 549 fieri,

522 588 631 633 non
655 589 754 629 eos
782 575 872 644 qui
922 573 1284 646 impossibilia
1328 589 1435 629 non
1478 572 1715 643 faciunt;
1747 572 1842 631 sed
1875 590 1999 633 eum
2030 574 2125 647 qui

521 667 885 737 impossibilia
920 669 1202 743 praecepit,
1233 666 1377 741 quod
1407 667 1557 725 nefas
1582 666 1726 722 dictu
1750 667 1845 735 sit,
1870 667 2122 729 convinci

522 761 830 834 injustitize.
862 761 927 833 _A.
962 759 1133 821 Video
1166 773 1218 818 te
1248 770 1442 817 contra
1469 775 1651 829 mores
1682 768 1804 816 tuos
1826 759 2124 825 vehemen-

518 866 605 912 ter
635 869 758 911 esse
785 862 1147 925 commotum,
1179 863 1235 910 et
1276 862 1570 929 propterea
1610 854 1980 924 argumentari
2025 851 2124 909 de-

521 948 723 1005 sinam.
768 946 877 1005 Sed
924 962 1219 1019 parumper
1249 955 1303 1015 te
1335 945 1707 1016 interrogabo,
1749 944 1878 1017 quid
1920 944 1990 1005 de
2032 944 2125 1007 illo

522 1038 770 1111 Apostoli
806 1036 928 1093 loco
950 1039 1183 1106 sentias,
1210 1053 1372 1111 quem
1399 1036 1586 1095 scribit
1614 1039 1679 1095 ad
1705 1036 2119 1111 Pltilippenses:

525 1131 651 1187 Non
678 1132 802 1202 quia
819 1136 937 1205 jam
965 1132 1159 1205 accepi,
1174 1142 1263 1186 aut
1278 1135 1393 1206 jam
1412 1131 1672 1204 perfectus
1693 1131 1810 1186 sim.
1830 1129 2123 1202 Persequor

521 1234 694 1277 autent
732 1223 779 1277 si
810 1222 1246 1293 comprehendam
1271 1239 1291 1278 :
1314 1223 1368 1277 in
1389 1238 1491 1295 quo
1514 1232 1542 1260 α
1578 1224 1933 1296 apprehensus
1956 1238 2068 1285 sum
2090 1238 2122 1277 a

522 1314 748 1369 Christo.
774 1313 1011 1383 Fratres,
1038 1332 1131 1389 ego
1154 1331 1233 1370 me
1265 1314 1485 1370 necdum
1524 1315 1750 1370 arbitror
1788 1313 2124 1387 comprehen-

520 1406 681 1463 disse.
714 1405 888 1462 Unum
924 1417 1137 1474 autem,
1190 1406 1533 1478 posteriorum
1574 1406 1910 1474 Oblivisceris,
1955 1407 2026 1463 ad
2064 1423 2123 1467 ea

521 1519 639 1575 qua!
658 1503 833 1574 priora
852 1513 971 1558 sunt
992 1493 1081 1557 me
1093 1502 1393 1567 extendens,
1408 1505 1569 1574 juxta
1585 1502 1902 1579 prepositum
1915 1517 2121 1572 sequor,

522 1596 591 1651 ad
617 1597 847 1651 brevium
888 1613 1127 1673 superate
1164 1595 1447 1650 vocationis
1500 1591 1598 1651 Dei
1639 1596 1693 1650 in
1723 1594 1929 1653 Christo
1970 1592 2118 1655 Jesu.

2225 390 2317 460 qui
2357 390 2595 451 nondum
2637 390 2861 462 perfecti
2913 393 3144 455 sumus?
3192 393 3331 469 Quid
3375 410 3504 467 ergo
3560 397 3834 468 sapimus,

2224 478 2389 535 immo
2419 481 2547 553 quid
2597 496 2790 553 Sapere
2832 483 3094 545 debemus
3154 486 3244 556 qui
3300 487 3533 565 perfecti
3588 502 3704 549 non
3746 505 3836 544 su-

2224 575 2379 629 mus?
2420 573 2769 646 imperfectos
2816 592 2917 637 nos
2955 593 3079 637 esse
3128 580 3404 649 confiteri,
3470 591 3526 637 et
3595 581 3836 649 necdum

2223 666 2728 736 comprehendisse,
2762 670 2995 729 necdum
3025 672 3326 741 accepisse.
3362 672 3489 729 Hasc
3517 688 3626 735 ess
3663 675 3834 737 homi-

2225 758 2309 813 nis
2333 773 2461 812 vera
2488 759 2777 829 sapientia,
2824 760 3199 829 imperfectum
3230 778 3353 818 esse
3381 778 3441 818 se
3480 779 3653 820 nosse
3696 784 3711 821 :
3757 776 3834 829 at-

2222 865 2351 925 que,
2385 858 2444 906 ut
2471 851 2543 908 ita
2566 852 2778 921 loquar,
2809 862 3127 915 cunctorum
3153 857 3204 913 in
3234 871 3403 915 carne
3430 856 3712 929 iustorum
3739 859 3836 913 im-

2227 938 2462 1013 perfecta
2499 941 2762 1017 perfectio
2807 955 2912 1002 est.
2963 945 3118 1007 Unde
3147 958 3201 1007 et
3245 948 3296 1004 in
3339 949 3664 1011 Proverbiis
3706 951 3836 1027 legi-

2226 1049 2345 1088 mus
2376 1052 2389 1087 :
2424 1033 2504 1088 Ad
2530 1034 2915 1109 intelligendam
2953 1038 3208 1101 iustitiam
3253 1054 3425 1099 ueram
3453 1040 3659 1112 (Prov.
3692 1058 3740 1110 ι,
3779 1043 3834 1109 3,

2222 1146 2322 1193 sec.
2360 1126 2547 1201 LXX).
2578 1126 2691 1184 Nisi
2722 1130 2869 1191 enim
2894 1131 3255 1195 essetetfalsa
3275 1133 3831 1208 justitia,numquam

2225 1223 2321 1281 Dei
2361 1238 2486 1287 vera
2521 1223 2736 1292 justitia
2775 1223 3074 1283 diceretur.
3125 1227 3190 1285 Et
3236 1227 3291 1283 in
3342 1228 3536 1287 eodem
3584 1229 3836 1300 Apostoli

2225 1316 2346 1373 loco
2372 1316 2618 1389 sequitur
2648 1333 2661 1372 :
2696 1316 2763 1379 Et
2800 1319 2846 1379 si
2890 1319 3018 1391 quid
3045 1319 3199 1379 aliter
3226 1322 3429 1383 sentitis
3468 1330 3519 1378 et
3565 1323 3669 1379 hoc
3694 1323 3836 1387 nobis

2228 1407 2365 1471 Deus
2391 1406 2419 1445 ι)
2447 1408 2687 1469 reuelabit
2720 1408 2892 1482 (Phil.
2924 1427 3003 1479 ιιι,
3049 1410 3164 1484 15).
3214 1412 3348 1473 Rem
3396 1428 3594 1473 novam
3646 1414 3833 1477 audio.

2224 1501 2324 1568 Qui
2358 1501 2517 1572 paulo
2539 1510 2664 1559 ante
2682 1502 2915 1571 dixerat,
2944 1501 3069 1561 Non
3087 1505 3209 1579 quia
3225 1509 3343 1578 jam
3372 1508 3575 1575 accepi,
3605 1517 3704 1565 aut
3720 1511 3837 1580 jam

2226 1596 2484 1663 perfectus
2511 1610 2643 1660 sum,
2670 1594 2835 1669 709
2861 1602 2920 1652 et
2944 1610 3039 1655 vas
3066 1595 3375 1663 electionis,
3404 1598 3495 1669 qui
3524 1613 3629 1670 pro
3654 1601 3835 1661 conli-

528 1687 790 1761 Quotquot
822 1705 944 1765 ergo
977 1689 1213 1761 perfecti,
1248 1687 1346 1747 hoc
1376 1688 1676 1760 sapiamus;
1708 1696 1757 1744 et
1795 1688 1839 1745 si
1870 1687 1997 1761 quid
2021 1686 2123 1745 ali.
2152 1693 2197 1752 Β
2226 1685 2413 1743 dentia
2466 1687 2765 1745 habitantis
2796 1690 2847 1745 in
2889 1704 2949 1749 se
2995 1689 3201 1753 Christi
3244 1692 3482 1749 audebat
3524 1694 3716 1765 loqui:
3749 1696 3832 1757 Att

521 1792 598 1837 ter
622 1782 825 1853 sapitis,
849 1781 946 1836 hoc
970 1800 1090 1857 ergo
1125 1799 1322 1854 quoque
1346 1781 1485 1837 Deus
1521 1780 1662 1838 vobis
1700 1780 1943 1839 reuelabit
1972 1779 2125 1853 (Phi-

526 1873 659 1947 lipp.
691 1891 769 1943 ιιι,
799 1876 867 1933 12
885 1876 1075 1948 scqq.),
1103 1876 1268 1949 708
1293 1884 1348 1932 et
1374 1882 1597 1942 caetera,
1626 1890 1745 1946 qua:
1778 1884 1830 1935 te
1856 1874 1996 1933 scire
2016 1892 2121 1935 non

527 1964 719 2023 dubito
746 1976 800 2023 et
841 1982 944 2022 nos
972 1968 1254 2025 brevitatis
1286 1968 1468 2027 studio
1494 1966 1856 2045 praeterimus.
1892 1966 2031 2027 Dicit
2065 1982 2125 2029 se

524 2060 759 2125 necdum
788 2061 1302 2133 comprehendisse,
1353 2070 1411 2120 et
1448 2078 1791 2141 nequaquam
1837 2076 1960 2119 esse
2001 2077 2125 2132 per-

523 2151 751 2223 fectum,
779 2154 878 2215 sed
902 2156 1078 2213 instar
1106 2154 1374 2231 sagittarii
1395 2155 1462 2213 ad
1493 2157 1830 2229 propositum
1862 2163 1919 2211 et
1943 2154 2012 2210 ad
2044 2155 2122 2212 si—

523 2263 693 2319 gnum
720 2248 903 2319 jacula
930 2248 1192 2321 dirigere,
1236 2264 1397 2321 quem
1429 2248 1551 2327 [ΑΙ.
1601 2247 1779 2322 quod]
1810 2247 2125 2323 significan-

524 2343 632 2399 tius
664 2341 840 2401 Grteci
873 2344 1063 2401 σκόπον
1108 2343 1422 2409 nominant,
1456 2359 1524 2398 ne
1564 2342 1758 2416 sagitta
1798 2344 1866 2399 ad
1910 2356 2121 2415 partem

521 2438 811 2495 declinans
843 2438 1097 2505 alteram,
1131 2437 1443 2507 imperitum
1471 2437 1722 2494 ostendat
1749 2436 2119 2508 sagittarium.

522 2531 589 2587 Et
619 2530 821 2591 asserit
850 2531 1263 2601 praeteritorum
1307 2545 1367 2587 se
1407 2544 1627 2604 semper
1669 2528 1942 2595 oblivisci,
1970 2537 2027 2584 et
2056 2526 2124 2585 ad

519 2625 700 2695 priora
745 2638 967 2694 semper
1011 2622 1235 2681 extendi
1275 2640 1289 2678 :
1328 2637 1426 2693 per
1468 2637 1589 2693 qua:
1633 2621 1794 2679 docet
1844 2620 2123 2693 praeterita

522 2716 870 2787 negligenda,
902 2724 961 2772 et
991 2714 1171 2771 futura
1203 2714 1469 2786 cupienda
1496 2730 1511 2785 ;
1543 2723 1601 2770 ut
1640 2714 1784 2786 quod
1810 2713 1973 2775 ltodie
2000 2728 2126 2787 per-

524 2807 728 2863 fectum
760 2809 988 2879 putavit,
1015 2808 1144 2865 dum
1176 2809 1245 2865 ad
1277 2809 1505 2867 meliora
1552 2816 1609 2864 et
1648 2807 1826 2881 priora
1876 2804 2126 2867 extendiv

525 2906 638 2964 tur,
669 2913 794 2954 cras
836 2898 1222 2969 imperfectum
1269 2900 1436 2959 fuisse
1482 2899 1791 2959 convincat.
1835 2898 2010 2973 Atque
2051 2898 2122 2961 ita

526 3006 624 3062 per
651 2990 895 3063 singulos
921 2991 1141 3062 gradus,
1170 2992 1298 3049 dum
1331 3006 1624 3067 numquam
1658 2991 1713 3049 in
1741 2991 1999 3059 Statione.
2024 2988 2121 3055 sed

2227 1780 2627 1850 experimentum
2654 1781 2885 1848 quaeritis
2916 1786 3048 1856 ejus,
3078 1784 3167 1854 qui
3193 1784 3249 1838 in
3284 1800 3364 1839 me
3391 1786 3621 1857 loquitur
3651 1786 3835 1847 Chris-

2229 1880 2311 1925 tus
2336 1870 2403 1942 (ll
2429 1870 2550 1926 Cor.
2586 1887 2703 1938 snt,
2732 1872 2827 1943 5)?
2879 1884 2933 1931 et
2968 1885 3147 1931 tamen
3195 1876 3522 1948 simpliciter
3561 1879 3835 1945 fatebatur

2227 1977 2288 2021 se
2315 1977 2420 2025 non
2450 1978 2573 2027 esse
2615 1964 2915 2041 perfectum
2957 1985 2972 2021 :
3001 1982 3145 2026 nunc
3169 1967 3314 2037 quod
3356 1968 3457 2024 sibi
3488 1971 3715 2039 praprie
3741 1971 3835 2029 da-

2229 2057 2478 2128 nrgabat,
2509 2058 2675 2115 mittit
2703 2058 2755 2113 in
2787 2059 3022 2127 turbam,
3047 2061 3332 2135 iungitque
3359 2077 3421 2123 se
3445 2077 3573 2127 cum
3596 2065 3830 2131 eiciaris.

2228 2159 2280 2205 et
2310 2152 2423 2206 ait:
2461 2150 2725 2223 Quotquot
2769 2169 2889 2225 ergo
2936 2154 3186 2226 perfecti,
3230 2156 3326 2210 hoc
3371 2158 3668 2229 sapiamus.
3726 2157 3833 2217 Sed

2228 2258 2332 2313 qua
2365 2242 2577 2303 ratione
2601 2244 2704 2301 hoc
2724 2244 3188 2318 dixerit,exponit
3209 2248 3262 2303 in
3287 2251 3674 2316 sequentibus.
3699 2251 3827 2319 Hoc,

2230 2335 2424 2409 inquit,
2458 2335 2757 2407 sapiamus,
2793 2338 2887 2407 qui
2934 2338 3186 2399 volumus
3230 2340 3536 2405 secundum
3584 2343 3834 2401 humanm

2227 2427 2536 2499 fragilitatis
2569 2430 2846 2487 modulum
2870 2446 2995 2489 esse
3017 2434 3266 2504 perfecti,
3297 2435 3528 2495 necdum
3553 2452 3666 2499 nos
3684 2448 3837 2494 accew

2232 2520 2396 2591 pisse,
2429 2520 2658 2577 necdum
2691 2522 3195 2594 comprehendisse,
3228 2526 3459 2589 necdum
3480 2544 3609 2591 esse
3627 2528 3831 2602 perfec-

2230 2621 2334 2668 tos.
2369 2612 2440 2673 Et
2462 2615 2589 2685 quia
2620 2614 2850 2670 necdum
2886 2618 3114 2685 perfecti
3141 2633 3349 2685 sumus,
3392 2630 3446 2677 et
3472 2620 3711 2679 forsitan
3735 2623 3832 2678 ali.-

2230 2712 2312 2761 tcr
2361 2704 2623 2781 sapimus,
2670 2721 2830 2776 quam
2865 2710 3039 2779 poscit
3073 2726 3195 2768 vera
3228 2721 3283 2775 et
3328 2713 3574 2784 perfecta
3626 2716 3833 2787 perfec—

2230 2796 2410 2859 tiuzsi
2438 2796 2569 2868 quid
2613 2797 2779 2857 aliter
2823 2802 3097 2873 sapimus,
3146 2812 3203 2859 et
3243 2805 3400 2865 aliter
3453 2808 3829 2880 intelligimus,

2228 2901 2386 2958 quam
2419 2887 2514 2944 Dei
2541 2888 2705 2946 habet
2732 2892 2961 2951 scientia
2990 2910 3003 2959 ;
3034 2905 3089 2949 et
3120 2895 3225 2957 hoc
3254 2896 3414 2954 nobis
3448 2899 3601 2959 Deus
3625 2902 3833 2959 revelar

2228 2981 2326 3049 bit,
2357 2993 2420 3043 ut
2460 2999 2745 3057 precemur
2783 3002 2905 3043 cum
2954 2988 3148 3053 David,
3193 2999 3358 3061 atque
3403 2991 3654 3052 dicamus
3688 3011 3702 3049 ι
3733 2992 3831 3051 Rev

527 3101 752 3156 semper
773 3086 828 3142 in
862 3101 1027 3143 cursu
1058 3095 1165 3154 est,
1195 3084 1567 3156 imperfectum
1592 3084 1811 3155 doceat,
1843 3084 1987 3154 quod
2026 3084 2125 3143 ιιοφ
2151 3082 2198 3159 β
2229 3077 2343 3132 vela
2371 3077 2548 3135 oculos
2576 3094 2735 3143 meos,
2766 3090 2816 3141 et
2839 3081 3176 3143 considerabo
3204 3083 3469 3147 mirabilia
3495 3086 3564 3141 de
3586 3087 3725 3160 Lege
3744 3097 3829 3142 tua

526 3180 703 3235 mines
755 3177 1083 3247 putabamus
1122 3191 1245 3234 esse
1290 3175 1627 3248 perfectum:
1666 3176 1952 3251 solamque
1994 3190 2124 3253 per-

527 3270 823 3326 fectionem
854 3277 909 3327 et
937 3284 1123 3325 veram
1151 3270 1441 3343 justitiam,
1471 3269 1569 3327 Dei
1598 3276 1805 3329 tantum
1838 3267 2128 3345 virtutibus

525 3361 910 3432 coaptandam.
942 3359 1239 3417 Secundum
1269 3362 1608 3431 prapositum,
1634 3360 1828 3430 inquit,
1852 3376 2128 3439 persequor

523 3458 593 3513 ad
624 3455 856 3511 bravium
883 3471 1118 3530 superna:
1142 3455 1421 3513 vocationis
1459 3451 1559 3511 Dei
1586 3454 1639 3513 in
1674 3453 1876 3513 Christo
1903 3451 2049 3515 Iesu.
2081 3452 2126 3515 0

526 3550 777 3618 apostole
804 3549 994 3617 Paule,
1027 3550 1249 3621 ignosce
1274 3549 1404 3607 milii
1435 3549 1588 3620 quasi
1631 3549 1965 3609 homunculo
2006 3563 2125 3613 mea

525 3640 654 3699 vitia
699 3639 1005 3707 conﬁtenti,
1051 3640 1097 3697 si
1143 3641 1403 3697 audacter
1471 3642 1825 3711 interrogem.
1885 3637 2031 3703 Dicis
2074 3649 2127 3701 te

524 3732 756 3790 necdum
803 3732 1107 3807 accepisse,
1153 3739 1211 3788 et
1251 3732 1481 3791 necdum
1528 3730 2038 3803 comprehendisse,
2070 3740 2128 3791 et

528 3824 759 3883 necdum
808 3841 932 3887 esse
972 3824 1308 3897 perfectum,
1355 3834 1413 3885 et
1463 3825 1864 3897 praeteritorum
1910 3840 2129 3897 semper

526 3914 794 3983 oblivisci,
829 3926 883 3973 et
902 3916 971 3973 ad
1002 3918 1183 3988 priora
1207 3926 1259 3974 te
1285 3915 1537 3984 extendi;
1569 3918 1612 3974 si
1635 3933 1744 3989 quo
1766 3917 1929 3979 modo
1950 3916 2128 3989 possis

530 4027 819 4069 occurrere
844 4012 900 4069 in
930 4014 1334 4073 resurrectione
1364 4022 1733 4081 mortuorum,
1771 4022 1824 4071 et
1864 4011 2128 4084 consequi

526 4104 777 4160 bravium
823 4119 1077 4175 supernae
1126 4106 1452 4163 vocationis.
1500 4103 1570 4161 Et
1614 4105 1894 4181 quomodo
1936 4106 2125 4167 statim

526 4196 734 4261 infers:
771 4198 1033 4271 Quotquot
1059 4214 1182 4273 ergo
1211 4199 1429 4272 perfecti
1459 4198 1572 4271 [AL
1606 4197 1734 4253 add.
1783 4197 2005 4270 sumus],
2029 4196 2128 4253 hoc

527 4290 778 4363 sapimus,
806 4291 925 4349 sive
965 4292 1265 4363 sapiamus?
1306 4291 1521 4349 diversa
1574 4289 1719 4347 enim
1770 4299 1898 4349 sunt
1937 4305 2125 4355 exem-

525 4381 699 4452 plaria
732 4400 742 4436 :
774 4396 826 4438 et
865 4385 994 4455 quid
1039 4386 1302 4457 sapimus,
1340 4384 1459 4445 sive
1510 4385 1809 4459 sapiamus,
1858 4398 1961 4442 nos
2003 4399 2127 4443 esse

2230 3171 2348 3247 (Ps.
2381 3188 2565 3240 cxvnt,
2602 3172 2715 3246 18).

2300 3264 2389 3323 15.
2426 3264 2632 3336 Duplex
2670 3267 2939 3340 perfectio,
2969 3278 3019 3324 et
3041 3271 3272 3342 justitia.
3296 3302 3368 3313 —
3434 3273 3514 3330 Ex
3547 3290 3663 3347 quo
3703 3290 3828 3346 per-

2225 3358 2473 3435 spicuum
2499 3369 2604 3428 est,
2627 3360 2766 3425 duas
2796 3363 2849 3425 in
2877 3361 3180 3435 Scripturis
3202 3369 3409 3423 sanctis
3456 3385 3584 3426 esse
3627 3369 3833 3441 perfec-

2229 3452 2437 3518 tiones;
2472 3453 2718 3524 duasque
2755 3453 3019 3524 justitias,
3052 3465 3109 3514 et
3141 3456 3278 3513 duos
3310 3460 3557 3517 timores.
3592 3463 3825 3519 Primam

2228 3541 2618 3615 perfectionem
2647 3554 2704 3603 et
2726 3548 3155 3616 comparabilem
3199 3550 3483 3607 veritatem
3507 3556 3831 3624 perfectam-

2228 3650 2334 3709 que
2348 3635 2671 3706 justitiam,c
2695 3647 2747 3694 et
2767 3638 3045 3711 timorem,
3061 3641 3151 3711 qui
3174 3652 3258 3699 est
3280 3645 3493 3705 initium
3524 3650 3827 3717 sapientia,

2230 3726 2325 3783 Dei
2357 3727 2646 3788 virtutibus
2693 3731 3087 3803 coaptandam;
3121 3735 3418 3795 secundam
3471 3746 3679 3803 autem,
3712 3750 3830 3809 qua

2230 3834 2338 3879 non
2370 3818 2544 3875 solum
2577 3820 2918 3889 hominibus,
2942 3822 3039 3879 sed
3068 3832 3125 3882 et
3168 3827 3316 3883 omni
3365 3839 3635 3886 creaturae
3678 3844 3827 3886 com-

2229 3911 2385 3981 petit,
2410 3920 2464 3971 et
2487 3911 2766 3984 fragilitati
2790 3924 3017 3983 uestrae,
3034 3919 3188 3989 juxta
3211 3919 3341 3974 illud
3364 3922 3584 3991 quodin
3605 3921 3829 3979 Psalmis

2228 4005 2428 4061 dicitur
2462 4024 2475 4061 :
2513 4004 2636 4063 Non
2681 4009 3047 4079 iustiﬁcabitur
3090 4012 3146 4067 in
3188 4024 3466 4084 conspectu
3516 4025 3609 4071 tuo
3670 4013 3829 4072 omnis

2228 4102 2398 4157 vivens
2436 4099 2557 4174 (Ps.
2604 4116 2771 4170 csLtt,
2816 4103 2923 4172 2):
2969 4104 2994 4140 τί
3043 4120 3165 4169 eam
3205 4106 3501 4178 justitiam,
3542 4125 3670 4180 qua:
3719 4120 3826 4163 non

2228 4194 2658 4266 comparatione,
2675 4195 2774 4255 sed
2808 4195 2903 4253 Dei
2924 4197 3180 4265 scientia,
3197 4198 3399 4257 dicitur
3418 4216 3540 4258 esse
3563 4201 3820 4273 perfecta.

2227 4287 2334 4344 .lob
2387 4301 2604 4359 quoque
2644 4297 2702 4345 et
2751 4287 3048 4349 Zacharias
3090 4301 3147 4347 et
3190 4290 3474 4349 Elisabetlt
3522 4295 3649 4364 justi
3696 4288 3824 4353 dicti

2230 4392 2377 4451 sunt,
2408 4382 2705 4447 secundum
2739 4392 2762 4420 θ
2796 4399 2917 4443 eam
2966 4384 3259 4454 justitiam,
3288 4402 3411 4458 quae
3459 4387 3632 4458 possit
3669 4388 3722 4443 in
3751 4385 3830 4439 in—

523 4474 834 4553 perfectos?
859 4478 1339 4551 comprehendisse
1364 4479 1509 4551 quod
1553 4492 1662 4539 non
1705 4477 2125 4550 comprehendi-
2150 4471 2204 4543 Β
2223 4477 2498 4550 justitiam
2528 4475 2821 4548 aliquando
2847 4477 3072 4545 mutari,
3100 4486 3155 4543 et
3183 4494 3294 4539 non
3324 4480 3629 4539 secundum
3663 4480 3824 4541 illam.

598 4645 624 4674 α
662 4635 871 4716 Iterum
896 4636 1126 4716 Victor.,_
1157 4642 1208 4696 in
1235 4660 1336 4715 quo
1367 4652 1412 4698 et
1439 4642 1798 4716 apprehensus
1828 4661 1965 4713 sum,
1993 4658 2117 4701 cum

523 4708 715 4789 Grani?
742 4707 812 4789 ἐφ’
841 4710 876 4765 ἆ
894 4714 978 4766 καὶ
996 4707 1320 4789 Μτελήφθῇν.

596 4780 628 4863 ιι
664 4779 886 4863 [legium
913 4798 1018 4838 ms.
1046 4779 1285 4863 set-unda
1307 4802 1472 4845 manu
1514 4788 1604 4844 hic
1638 4795 1803 4860 atque
1828 4788 1969 4845 infra
1995 4802 2119 4845 cum

527 4853 694 4909 veteri
725 4853 987 4921 editione,
1016 4858 1278 4913 reuelauit.

599 4924 706 5003 °_ln
736 4922 961 5003 Regium
984 4942 1085 4981 ms.
1119 4929 1331 4992 istltmc,
1355 4941 1403 4986 et
1424 4932 1681 5000 timorem,
1705 4932 1795 5003 qui
1814 4942 1891 4991 est
1915 4931 2124 5003 initium

524 4994 904 5068 sapientiaiet
928 5008 1327 5068 consequenter
1358 5018 1457 5055 non
1488 4994 1998 5068 solum'h'ominibus.
2028 5000 2120 5057 sed

525 5066 668 5120 omni
681 5074 952 5156 ereptura,
969 5066 1185 5156 parietis
1197 5072 1579 5156 subnotantur,
1595 5066 2120 5156 quasiespungenda

527 5154 590 5215 ac
605 5134 961 5215 repudianda;
974 5134 1272 5215 inﬂictorii
1297 5149 1474 5215 autem
1493 5134 2121 5215 editione,quema'dmo-

528 5208 655 5299 dum
687 5207 1127 5299 vetet-Liba
1150 5219 1279 5299 ante
1312 5212 1617 5299 Eiastnum.
1649 5232 1750 5287 qua
2010 5218 2121 5299 uti.-

526 5295 665 5357 tnttr,
690 5278 901 5348 penitus
923 5278 1323 5357 desiderantur.
1349 5278 1691 5342 Martianmus
1704 5278 1964 5357 reposuit,
1982 5295 2037 5341 et
2053 5286 2125 5340 vi.

527 5353 669 5405 tiose
712 5360 975 5427 praeterea
1007 5353 1155 5422 legit,
1183 5355 1387 5427 initium
1416 5357 1684 5427 sapientiae
1715 5353 1829 5419 Dei,
1858 5356 2130 5412 virtutibus

524 5421 892 5494 coaptandam,
920 5438 1041 5480 cum
1069 5421 1420 5494 perspicuum
1439 5421 1529 5493 sit,
1559 5428 1656 5483 Dei
1687 5444 1882 5483 nomen
1913 5429 1982 5483 ad
2028 5443 2126 5481 voc

526 5507 644 5547 cem
662 5492 931 5569 virtutibus
954 5492 1297 5569 referendum
1323 5514 1466 5561 esse,
1489 5492 1593 5552 non
1609 5500 1672 5551 ad
1693 5499 1979 5569 sapientior.
1995 5497 2126 5552 Nam

526 5574 582 5640 et
608 5563 767 5632 paulo
807 5568 1063 5636 superius
1103 5585 1320 5639 quoque
1346 5571 1557 5625 dictum
1598 5579 1705 5635 Bel,
1737 5563 1902 5629 solum
1928 5572 2133 5640 perfec-

526 5637 729 5711 tionem‘
771 5642 820 5688 et
864 5652 1037 5695 veram
1068 5637 1351 5711 justitiam,
1389 5640 1481 5696 Dei
1512 5650 1716 5697 tantum
1751 5637 2134 5701 uirtuti—basca—

534 5702 841 5785 optandam,
865 5722 969 5762 non
996 5702 1257 5779 juititium
1306 5702 1406 5768 Dei
1459 5721 1660 5767 tantum
1701 5712 1994 5785 virtutibus,
2021 5721 2132 5779 etc.

2189 4686 2197 4695 .
2225 4642 2305 4699 Ad
2337 4642 2453 4698 lucc
2474 4641 2592 4715 voci
2621 4638 2915 4715 hominibus
2939 4638 3149 4696 addidit
3171 4643 3386 4715 sanctis,
3415 4642 3560 4715 quod
3588 4643 3641 4715 in
3665 4638 3823 4701 nullis

2225 4729 2360 4770 mss.
2405 4712 2739 4768 invenimus.
2771 4708 2897 4766 llaec
2945 4725 3047 4765 uos
3095 4708 3379 4783 paulisper
3419 4708 3769 4769 emendaturus
3796 4723 3825 4765 θ

2234 4786 2513 4851 Vaticano,
2537 4798 2569 4838 e
2595 4782 2751 4854 cujus
2777 4782 3063 4837 dumtaxat
3084 4783 3191 4838 fide
3222 4782 3283 4840 in
3306 4793 3457 4839 textu
3489 4785 3822 4843 retinnimus;

2228 4866 2487 4919 ceterum
2537 4853 2860 4911 laciniosutn
2906 4868 3219 4923 sermonem
3269 4872 3417 4919 esse.
3445 4855 3819 4923 turbatumque

2230 4918 2474 5001 sensum,
2511 4927 2769 5001 munibus
2812 4934 3075 5001 patet,_cx
3118 4918 3205 4987 bis
3233 4928 3473 5001 maxime
3498 4944 3617 4998 qua:
3646 4918 3826 4982 subse-

2225 4995 2487 5071 quuntur.
2520 4995 2705 5052 Facile
2736 4997 2898 5052 verba
2930 4996 3141 5066 aliquot
3170 4995 3664 5072 excideruntfqutc
3688 5008 3818 5052 mss.

2226 5071 2490 5125 indicant.

2297 5140 2324 5179 ἀ
2351 5141 2499 5201 Idem
2545 5137 2769 5212 ίξςξιιίιιαι
2820 5155 2952 5208 ms.,
3000 5143 3071 5212 ad
3105 5157 3218 5197 eam
3251 5142 3541 5212 justitiam,
3576 5133 3826 5212 quemad-

2227 5213 2446 5269 modum
2479 5222 2533 5268 et
2559 5209 2833 5266 Victorius
2860 5212 3013 5285 legit.
3045 5209 3359 5282 Legendum
3396 5228 3560 5282 porro
3591 5209 3823 5273 vulcatur

2228 5286 2521 5366 CDI‘IU‘aI‘lfl
2563 5296 2896 5366 sensu,_eaqt
2936 5284 3222 5366 justitiam,
3253 5300 3373 5366 qua:
3422 5284 3819 5357 comparatione,

2229 5354 2319 5410 sed
2349 5371 2453 5427 non
2474 5351 2576 5407 Dei
2603 5352 2820 5427 scientia
2842 5351 3036 5427 dicitur
3068 5370 3175 5408 esse
3197 5351 3454 5427 perfecta.

2305 5435 2329 5465 θ
2358 5426 2493 5481 Eam
2527 5424 2941 5497 justitiatn,etc.
2967 5425 3148 5480 Locus
3194 5424 3420 5479 inultum
3472 5425 3821 5497 depravattlsl

2232 5497 2356 5564 quia
2384 5494 2614 5551 multum
2641 5496 2962 5551 tenebrosus
2988 5507 3042 5552 et
3070 5497 3250 5551 varius
3283 5498 3336 5552 in
3370 5512 3499 5551 mss.
3532 5494 3820 5552 codicibus.

2238 5569 2356 5624 0υο
2385 5570 2458 5626 ita
2490 5568 2679 5637 legunt
2706 5577 2827 5634 Post
2869 5567 3174 5637 Scriptura:
3216 5570 3579 5623 versiculum:
3610 5567 3679 5621 ad
3718 5573 3823 5616 eam

2230 5640 2513 5722 justitiam,
2540 5639 2841 5722 qutepossit
2890 5641 2944 5691 in
2993 5640 3307 5711 injustitiaus
3346 5638 3632 5722 aliquando
3668 5641 3826 5722 muta:

2242 5700 2305 5778 ri,
2339 5720 2469 5778 etc.,
2499 5700 2856 5777 et'otuittunt,
2885 5726 3003 5782 qua:
3030 5700 3135 5771 uois
3160 5700 3566 5783 comparatione,
3607 5709 3695 5765 sed
3735 5700 3824 5791 υέξ
