4036 6362
226 319 329 383 509

1127 322 1468 379 MALOGUS
1506 321 1876 379 ADVERSUS
1916 321 2372 382 PELAGIANOS.
2417 325 2546 380 LIB.
2594 326 2632 379 Ι.

3425 325 3533 382 ΜΟ

223 459 341 515 qua:
369 455 665 514 numquam
699 439 897 496 mutari
931 448 1130 510 putcst,
1164 449 1189 475 α
1217 439 1286 494 de
1312 451 1416 508 qua
1444 437 1646 493 dicitur
1677 455 1690 493 :
1716 437 1830 510 Ego
1859 439 1910 500 Α
1937 438 2159 494 modum
2193 450 2380 496 tenere
2412 440 2689 494 virtutum.
2724 437 3056 495 Putamusne
3087 453 3246 495 unam
3301 450 3355 496 et
3382 456 3531 497 eam-

223 535 388 600 Detts,
414 545 461 590 et
485 553 586 590 non
627 543 796 588 mutor
823 532 1080 604 (.ilalaclt.
1108 545 1189 593 ut,
1211 531 1293 600 6.)
1327 531 1395 585 Et
1425 530 1530 586 hoc
1573 539 1654 586 est
1685 530 1830 600 quod

223 627 526 699 Apostolus
565 627 678 681 alio
725 627 844 680 loco
874 621 1060 679 scribit
1095 639 1108 676 :
1140 621 1348 676 Etenim
1394 638 1497 675 non
1527 631 1602 676 est
1631 621 1832 692 gloriﬁ-

221 728 414 783 catum,
431 720 568 788 quod
586 719 931 792 glori/iculum
953 723 1024 772 est
1041 725 1249 788 propter
1267 716 1595 770 excellentem
1609 715 1831 787 gloriam

223 810 286 884 (ll
312 809 434 867 Cor.
468 826 550 876 ut,
575 809 688 882 10),
713 810 856 881 quod
897 809 1150 864 videlicet
1178 808 1332 878 Legis
1352 807 1562 878 justitia
1588 807 1653 861 ad
1682 822 1831 861 com-

221 903 558 975 parationem
593 902 934 973 Evangelica:
960 901 1169 972 gratim,
1190 917 1296 956 non
1316 900 1565 954 videatur
1586 914 1707 954 esse
1724 899 1833 969 jus-

221 996 360 1051 titia.
395 995 456 1050 Si
475 997 630 1058 enim,
654 996 746 1058 ait,
765 994 904 1065 quod
935 993 1217 1047 destruitur
1245 993 1529 1064 gloriosum
1555 1002 1649 1058 cst,
1669 992 1828 1045 multo

221 1089 388 1158 magis
417 1089 555 1157 quod
579 1087 745 1160 710
773 1095 1056 1155 permanet,
1089 1088 1184 1140 erit
1216 1087 1268 1139 in
1300 1086 1468 1156 gloria
1489 1084 1678 1158 (lbid.,
1715 1083 1824 1154 Η).

220 1179 287 1234 Et
315 1180 509 1234 iterum
535 1197 548 1232 :
576 1178 659 1233 Eat
681 1188 828 1249 parte
854 1180 1068 1242 scimus,
1091 1186 1135 1231 et
1166 1195 1228 1231 ex
1261 1187 1406 1247 parte
1431 1176 1824 1247 prophetamus.

221 1271 348 1326 Cum
383 1281 556 1326 autem
608 1273 802 1328 venerit
851 1272 994 1340 quod
1032 1271 1319 1340 perfectum
1356 1280 1467 1337 est,
1495 1269 1829 1323 destruentur

218 1364 314 1418 illa
366 1379 482 1436 quae
526 1381 590 1419 ex
636 1373 782 1434 parte
823 1369 943 1417 sunt
971 1362 1013 1433 (l
1050 1361 1168 1416 Cor.
1211 1378 1328 1428 xm,
1354 1360 1432 1430 9).
1465 1361 1550 1426 Et,
1583 1360 1826 1415 Videmus

217 1473 357 1511 nunc
409 1473 502 1527 per
543 1457 809 1528 speculum
845 1465 891 1510 et
926 1457 977 1510 in
1016 1457 1310 1526 arnigmate,
1333 1463 1452 1508 tunc
1490 1461 1660 1508 autem
1692 1453 1826 1521 facie

222 1549 289 1602 ad
316 1549 529 1618 faciem.
577 1547 729 1602 Nunc
762 1563 1016 1619 cognosco
1055 1563 1120 1602 ea:
1159 1556 1327 1618 parte,
1357 1555 1480 1600 tunc
1513 1553 1824 1617 cognoscam

217 1641 346 1695 sicut
378 1649 424 1695 et
454 1641 688 1713 cognitus
718 1655 831 1694 sum
864 1639 1057 1712 (lbid.,
1093 1639 1204 1708 Η).
1236 1639 1300 1694 Ει
1325 1640 1378 1692 in
1413 1638 1646 1693 Psalmis
1680 1637 1824 1692 :Mi-

220 1734 408 1788 rabilis
457 1734 593 1802 facta
620 1743 693 1787 est
732 1733 945 1787 scientia
974 1740 1063 1785 tua
1103 1748 1168 1785 ex.
1195 1747 1294 1798 me,
1322 1731 1614 1801 confortata
1649 1737 1750 1793 est,
1777 1735 1824 1782 et

1936 530 2057 584 dem
2090 529 2144 584 ln
2175 543 2404 600 utquue
2433 530 2605 586 fuisse
2633 531 2926 601 jusﬁtiam,
2951 540 3006 588 et
3031 549 3137 588 non
3172 534 3290 603 plus
3331 533 3532 590 habere

1935 620 2250 674 meritorum
2280 636 2427 686 eum,
2463 622 2554 692 qui
2582 622 2700 692 plus
2725 622 2977 678 omnibus
3007 623 3311 680 laboravit?
3340 623 3530 682 Multa

1933 712 2224 764 mansiones
2272 721 2389 764 sunt
2419 714 2564 780 apud
2609 711 2821 768 Patrem
2852 713 3033 787 (Joan.
3074 731 3185 780 xrv,
3220 715 3301 788 2).
3332 719 3453 786 quia
3480 727 3535 772 et

1932 805 2128 858 merita
2182 804 2420 859 diversa.
2487 807 2652 860 Stella
2717 825 2748 861 a
2781 806 2930 862 stella
2967 807 3140 876 diﬂ'ert
3189 809 3242 862 in
3293 811 3536 867 claritate

1933 895 1975 968 (l
2002 894 2126 950 Cor.
2157 913 2243 963 xv,
2277 899 2394 968 Η),
2429 910 2480 954 et
2521 900 2570 953 in
2603 915 2709 955 uno
2741 900 3004 956 Ecclesiae
3029 917 3259 972 corpore
3291 904 3534 958 nietnbra

1931 987 2143 1042 diversa
2164 999 2307 1044 sunt.
2338 987 2506 1046 liabet
2535 993 2614 1046 sol
2650 993 2912 1064 fulgorem
2946 1009 3126 1061 suum,
3161 995 3282 1050 luna
3314 1011 3530 1068 quoque

1933 1083 2108 1135 noctis
2155 1083 2404 1137 tenebras
2453 1095 2718 1156 temperat
2754 1103 2766 1139 :
2799 1094 2854 1140 et
2898 1088 3143 1158 quinque
3177 1087 3354 1143 sidera
3402 1089 3532 1162 alia,

1931 1189 2050 1243 qua:
2086 1183 2348 1228 vocantur
2375 1176 2637 1242 errantia,
2667 1177 2900 1231 diversis
2926 1186 2983 1231 et
3014 1177 3266 1232 cursibus
3293 1186 3348 1232 et
3373 1179 3534 1233 lumi-

1930 1265 2092 1319 nibus
2138 1265 2337 1320 cmlum
2399 1277 2708 1338 peragrant.
2767 1267 3196 1323 Innumerabiles
3231 1280 3360 1325 sunt
3401 1271 3527 1325 alite

1929 1357 2123 1421 stellae,
2149 1373 2282 1427 quas
2308 1359 2512 1413 micare
2540 1357 2592 1412 in
2629 1359 2970 1414 ﬁrmamento
2999 1362 3296 1416 cernimus.
3328 1360 3386 1416 In
3420 1361 3535 1416 sin-

1927 1451 2072 1520 gulis
2093 1450 2308 1505 diversa
2341 1462 2466 1504 sunt
2501 1453 2727 1516 lumina,
2757 1462 2810 1506 et
2844 1463 3021 1507 tamen
3065 1454 3116 1506 in
3147 1467 3246 1507 suo
3275 1470 3533 1524 unaqum-

1927 1560 2032 1614 que
2060 1544 2291 1614 perlecta
2321 1553 2424 1609 est,
2462 1545 2531 1599 ita
2562 1543 2862 1609 dumtaxat,
2899 1555 2957 1600 ut
2986 1550 3395 1616 comparatione
3419 1562 3533 1600 ma-

1921 1638 2080 1706 joris,
2120 1637 2453 1707 perfectione
2495 1648 2698 1694 careat.
2747 1635 2804 1693 In
2852 1655 3084 1708 corpore
3117 1657 3352 1710 qttoque,
3378 1639 3533 1711 cuius

1926 1731 2170 1786 membra
2223 1730 2439 1786 diversa
2502 1743 2652 1798 sunt,
2683 1733 2826 1786 aliud
2874 1733 3261 1799 oculus,aliud
3316 1751 3531 1804 manus,

217 1841 319 1879 non
335 1833 513 1894 potero
541 1826 611 1878 ad
640 1821 888 1896 eam(Ps.
915 1838 1181 1889 cxxxvut,
1203 1821 1281 1894 6).
1318 1823 1384 1877 Et
1415 1823 1615 1876 iterum
1646 1839 1659 1875 :
1693 1820 1820 1874 Esi-
1852 1823 1900 1885 Β
1928 1823 2072 1877 aliud
2098 1839 2213 1894 pes,
2246 1834 2431 1894 agunt.
2459 1825 2613 1880 Unde
2642 1834 2695 1880 et
2717 1826 3013 1895 Apostolus
3037 1827 3202 1882 dicit:
3224 1825 3344 1881 Non
3367 1837 3536 1899 potest

219 1919 492 1972 stimabant
520 1933 824 1991 cognoscere
852 1917 984 1980 hoc;
1013 1915 1160 1970 labor
1182 1924 1251 1970 est
1287 1917 1341 1968 in
1374 1923 1652 1980 conspectu
1682 1929 1817 1978 meo,

215 2011 377 2066 donec
397 2013 652 2066 introeant
670 2012 722 2064 in
743 2011 1098 2064 sanctuarium
1131 2007 1248 2073 Dei,
1273 2017 1318 2061 et
1339 2006 1625 2076 intelligam
1649 2008 1702 2058 in
1725 2022 1821 2058 no-

214 2104 442 2158 cissimis
471 2119 652 2158 eorum
673 2101 791 2171 (Ps.
820 2116 985 2164 usu,
1014 2099 1102 2166 16,
1132 2100 1242 2169 l7).
1271 2101 1334 2153 Et
1363 2101 1416 2152 in
1444 2100 1639 2153 eodem
1666 2097 1818 2151 loco:

215 2195 286 2250 Ut
302 2201 603 2269 jumentum
626 2197 795 2263 {actus
827 2208 942 2246 sum
978 2191 1119 2260 apud
1141 2199 1211 2258 te,
1241 2199 1288 2244 et
1316 2207 1409 2259 ego
1437 2204 1635 2260 semper
1658 2197 1823 2242 tecum

210 2285 412 2355 (lbid.,
441 2284 563 2355 25).
611 2285 677 2338 Et
717 2284 987 2340 Jeremias
1019 2298 1034 2338 ε
1071 2283 1278 2337 Stultus
1320 2283 1486 2350 factus
1536 2289 1609 2334 est
1660 2280 1824 2333 omnis

210 2376 372 2431 homo
403 2389 436 2429 rt
466 2377 678 2430 scientia
709 2373 925 2447 (levem.
958 2391 1010 2441 κ,
1042 2373 1158 2444 14).
1193 2375 1256 2428 Et
1287 2373 1426 2428 idem
1457 2372 1657 2426 Paulus
1691 2385 1824 2441 apo-

210 2469 394 2523 stolus
442 2485 455 2520 :
502 2465 750 2532 Fatuum,
801 2463 1119 2536 inquit,Dei
1140 2466 1512 2533 sapientiusest
1531 2464 1824 2518 hominibus

219 2561 261 2631 (l
289 2559 415 2615 Cor.
443 2575 484 2627 ι,
514 2559 633 2629 ‘25).
664 2559 728 2613 Et
761 2560 930 2614 multa
981 2559 1110 2623 alia,
1140 2573 1260 2626 quae
1307 2557 1489 2612 studio
1537 2553 1822 2610 brevitatis

213 2653 435 2708 omitto.

291 2747 381 2800 l6.
413 2744 606 2798 Justus
635 2745 901 2799 hominum
927 2743 1329 2813 comparatione,
1353 2759 1455 2797 non
1487 2742 1580 2796 Dei
1609 2743 1820 2796 dicitur.

217 2837 348 2892 —-C.
380 2835 596 2907 Argute
621 2835 956 2905 quidem,mi
982 2835 1182 2899 Attice,
1204 2836 1625 2904 memoriterqne
1656 2835 1826 2890 dixis-

217 2933 274 2987 ti.
299 2932 407 2989 Sed
451 2932 608 2984 labor
635 2941 758 2984 tuus
783 2939 837 2984 et
870 2931 1154 2997 multiplex
1189 2929 1624 2984 testimoniorum
1655 2929 1822 2996 repli-

216 3027 377 3091 catio,
411 3039 560 3079 mea:
585 3024 724 3095 parti
753 3023 988 3094 prolicit.
1021 3022 1208 3092 Neque
1231 3023 1375 3076 enim
1403 3038 1505 3092 ego
1546 3022 1821 3076 hominem

215 3116 324 3172 Deo
377 3130 676 3186 comparo,
705 3115 801 3170 sed
844 3115 967 3170 aliis
1017 3114 1348 3181 hominibus,
1379 3130 1609 3185 quorum
1652 3114 1825 3168 colla-

1927 1917 2107 1970 oculus
2157 1917 2326 1974 dicere
2363 1920 2561 1984 manui,
2611 1935 2713 1972 non
2767 1936 2818 1973 es
2879 1921 3004 1974 mihi
3057 1924 3394 1988 necessaria;
3441 1931 3534 1976 aut

1925 2007 2111 2060 iterum
2159 2019 2311 2077 caput
2356 2010 2590 2078 pedibus,
2623 2027 2724 2062 non
2766 2011 3002 2064 desidero
3028 2029 3239 2083 cperant
3278 2024 3524 2067 vestram.

1930 2097 2202 2169 Numquid
2236 2116 2411 2154 onmes
2439 2101 2676 2168 Apostoli
2697 2102 2723 2154 Ρ
2751 2103 3000 2173 numquid
3032 2119 3206 2157 omnes
3235 2105 3536 2174 prOphctw?

1928 2189 2180 2258 numquid
2211 2205 2386 2243 omnes
2434 2192 2713 2260 magistri?
2752 2193 3005 2262 nuinquid
3041 2210 3214 2246 omnes
3250 2206 3270 2231 ε
3322 2203 3537 2250 cunctas

1927 2277 2116 2332 habent
2146 2281 2396 2333 virtutes?
2423 2282 2672 2351 numquid
2701 2299 2874 2336 omnes
2906 2284 3212 2337 donationes
3234 2283 3419 2337 habent
3451 2302 3537 2339 sa-

1929 2372 2191 2426 nitatum?
2217 2374 2468 2442 numquid
2497 2391 2672 2426 omnes
2701 2375 2893 2446 linguis
2923 2375 3245 2445 loquuntur?
3276 2376 3526 2447 numquid

1929 2479 2105 2518 omnes
2171 2465 2626 2532 interpretantur?
2683 2466 3034 2521 Afmulamini
3092 2467 3230 2521 dona
3303 2471 3533 2541 majora.

1933 2557 2121 2612 Omnia
2150 2568 2319 2612 autem
2343 2556 2452 2612 haec
2483 2570 2731 2629 operatur
2758 2577 2892 2613 unus
2922 2571 3079 2630 atque
3101 2559 3239 2614 idem
3272 2561 3528 2634 Spiritus,

1929 2650 2168 2705 diridens
2203 2653 2450 2724 singulis,
2481 2650 2505 2689 ι]
2539 2653 2814 2722 unicuique
2865 2663 3018 2722 prout
3065 2656 3172 2708 vult
3201 2653 3245 2724 (l
3279 2652 3401 2707 Cor.
3437 2669 3534 2719 XII,

1926 2745 1990 2798 21
2012 2745 2194 2815 seqq.).
2217 2745 2273 2799 In
2293 2761 2400 2816 quo
2429 2746 2720 2816 diligenter
2750 2747 2992 2813 attende,
3012 2745 3155 2822 quod
3181 2763 3287 2800 non
3305 2747 3534 2816 dixerit,

1927 2835 2226 2892 secundum
2258 2842 2402 2908 quod
2438 2840 2867 2910 unumquodque
2905 2841 3209 2895 membrum
3238 2842 3404 2912 cupit,
3436 2838 3532 2896 sed

1930 2929 2226 2984 secundum
2283 2931 2424 2998 quod
2478 2931 2592 3000 ipse
2627 2931 2737 2985 vult
2772 2932 3033 3001 Spiritus.
3058 2928 3245 3000 Neque
3277 2931 3417 2986 enim
3453 2931 3537 2985 di-

1927 3039 2050 3077 cere
2083 3031 2263 3094 potest
2295 3038 2387 3077 vas
2430 3023 2593 3093 ligula
2631 3039 2750 3090 suo,
2776 3039 2946 3092 quare
2988 3025 3059 3077 ita
3102 3023 3186 3078 vel
3226 3025 3296 3076 ita
3331 3038 3416 3078 me
3449 3023 3527 3078 ie-

1928 3114 2092 3168 cisti?
2125 3115 2205 3168 An
2233 3133 2336 3169 non
2367 3115 2517 3168 habet
2548 3116 2742 3185 ﬁgulus
2774 3123 3074 3188 potestatem
3107 3116 3170 3169 de
3197 3116 3375 3170 eodem
3400 3117 3534 3184 luto,

213 3209 378 3275 tione,
407 3207 515 3277 qui
565 3205 802 3260 studium
850 3205 1085 3270 dederit,
1118 3213 1293 3274 potest
1344 3221 1466 3260 esse
1525 3207 1814 3274 perlectus.
1847 3213 1891 3274 ς
1927 3208 2072 3261 aliud
2096 3224 2179 3262 vas
2197 3209 2879 3278 facereinhonorent,aliud
2901 3210 2952 3261 in
2975 3207 3537 3277 contmneliam(Rom.

213 3301 285 3355 Ar
308 3317 404 3373 per
436 3303 559 3356 hoc
588 3300 805 3370 quando
835 3300 1062 3366 dicitur,
1093 3299 1257 3353 homo
1303 3309 1486 3370 potest
1533 3315 1654 3355 esse
1709 3301 1828 3355 sine

219 3404 438 3464 peccato
504 3394 555 3448 si
601 3393 858 3457 voluerit,
883 3395 1035 3460 juxta
1072 3407 1384 3447 mensuram
1436 3394 1691 3457 hominis,
1719 3408 1827 3447 non

219 3486 365 3556 juxta
399 3487 504 3542 Dei
565 3484 764 3540 dicitur
817 3484 1179 3555 maiestatem,
1215 3485 1371 3553 cujus
1422 3486 1832 3553 cntnparatinnc

231 3581 372 3634 nulla
397 3587 664 3636 creatura
703 3586 884 3648 potest
912 3592 1038 3634 esse
1070 3578 1330 3647 perlecta.
1368 3577 1428 3630 Α.
1461 3577 1505 3631 0
1529 3575 1832 3643 Critobulo,

231 3671 342 3727 lucc
368 3685 694 3727 memorans
727 3684 938 3725 mecum
971 3669 1325 3738 tacis.ltitego
1341 3671 1484 3724 enim
1511 3670 1612 3724 hoc
1633 3670 1830 3732 sentin,

225 3767 422 3821 nullam
472 3773 790 3820 creaturam
821 3763 1121 3818 secundum
1154 3778 1337 3817 veram
1378 3772 1834 3818 consummatam-

221 3873 324 3927 que
347 3859 646 3928 justitiam,
679 3871 838 3926 posse
867 3870 991 3911 esse
1021 3857 1337 3926 perlectam.
1371 3855 1640 3911 Caeterum
1663 3857 1832 3910 alium

220 3948 439 4005 ditl'erre
457 3950 532 4003 ab
562 3948 690 4014 alio,
705 3955 759 4002 et
775 3948 1020 4002 diversas
1035 3961 1157 4001 esse
1178 3949 1228 4000 in
1251 3947 1557 4002 hominibus
1574 3947 1836 4016 justitias,

225 4043 357 4098 nulli
378 4043 616 4100 dubium
644 4051 730 4096 est
762 4059 778 4095 :
804 4048 858 4094 et
883 4041 965 4094 vel
1006 4041 1264 4109 majorem
1293 4056 1416 4095 85:38
1440 4041 1602 4094 alium
1629 4041 1715 4095 vel
1740 4042 1842 4095 mi-

225 4144 511 4199 norem,et
544 4133 1035 4188 tamensecundum
1069 4143 1268 4188 statum
1297 4146 1348 4188 et
1366 4149 1838 4188 tuensnratusuam

226 4241 386 4296 posse
412 4225 646 4297 bjustos
684 4225 974 4293 notuiuari,
1019 4225 1110 4296 qui
1160 4226 1390 4280 aliorum
1435 4227 1843 4295 comparatione

223 4319 352 4390 justi
368 4335 476 4376 non
495 4329 646 4375 sunt.
674 4317 834 4374 Verbi
851 4319 1046 4389 gratia,
1065 4320 1259 4374 Paulus
1273 4321 1573 4390 apostolus,
1590 4333 1683 4374 vas
1702 4323 1844 4375 elec-

227 4413 414 4478 tionis,
441 4414 538 4483 qui
571 4411 688 4482 plus
729 4410 982 4466 omnibus
1021 4411 1298 4482 Apostolis
1345 4412 1626 4478 laboravit,
1661 4411 1847 4481 utique

229 4503 410 4573 jusms
438 4515 559 4560 erat
591 4505 838 4560 scribens
859 4504 922 4560 ad
945 4504 1288 4560 Timotheum
1317 4521 1330 4558 :
1363 4502 1629 4559 Certamen
1657 4505 1844 4560 bonum

1932 3318 2010 3366 ts,
2050 3301 2113 3356 2|
2150 3303 2206 3372 )‘l
2261 3301 2414 3356 Unde
2459 3312 2863 3371 coasequenter
2924 3301 3164 3371 adjecit,
3219 3303 3539 3356 ιεηιιιιωηῑιιί

1934 3393 2072 3446 dona
2105 3395 2348 3463 majora:
2386 3404 2442 3448 ιιι
2492 3395 2543 3447 in
2601 3395 2704 3448 lide
2751 3405 2806 3449 et.
2856 3393 3118 3448 industria
3155 3394 3277 3464 plus
3319 3393 3535 3447 cxleris

1934 3489 2356 3542 charismatibus
2383 3487 2582 3542 habere
2614 3501 2939 3553 mereamur,
2967 3488 3332 3558 melioresque.
3363 3486 3534 3539 simus

1938 3581 2042 3644 his,
2070 3582 2161 3651 qui
2194 3584 2603 3650 compar-almae
2643 3580 2812 3635 nostri
2860 3580 2912 3634 in
2964 3578 3203 3634 secundo
3254 3578 3337 3632 vel
3377 3577 3542 3630 tertio

1935 3675 2106 3747 gradu
2141 3677 2298 3746 positi
2333 3684 2477 3729 sunt.
2505 3674 2561 3728 ln
2588 3693 2776 3744 tnagtia
2803 3673 2965 3729 domo
2991 3690 3117 3728 vasa
3144 3672 3362 3726 diversa
3390 3675 3541 3738 sunt,
3583 3665 3588 3670 ’

1938 3769 2038 3820 alia
2066 3781 2253 3829 aurea,
2286 3767 2392 3820 alia
2445 3779 2727 3836 argentea,
2761 3781 2932 3830 asnea,
2963 3763 3142 3818 ferrea
3164 3805 3176 3827 ,
3230 3761 3541 3830 ligneaque.

1942 3861 2008 3916 Et
2053 3869 2234 3917 tamen
2286 3860 2581 3915 secundum
2623 3860 2900 3914 tundnlnm
2940 3875 3122 3923 suum,
3158 3873 3278 3911 cum
3329 3871 3541 3911 τιηιριιιη

1939 3969 2034 4006 vas
2082 3951 2386 4022 perfectuu't
2417 3951 2508 4018 sit,
2541 3955 2954 4022 comparatione
2997 3948 3426 4022 argentei712
3453 3964 3544 4003 va-

1941 4047 2017 4102 sis
2059 4047 2438 4118 imperlectum
2471 4046 2696 4113 dicitur,
2732 4061 3055 4114 rursumque
3094 4052 3413 4113 argenteum
3447 4056 3546 4094 au-

1941 4141 2018 4196 rei
2066 4141 2356 4195 collatione
2413 4139 2655 4194 deterius
2695 4149 2794 4194 est.
2828 4139 3004 4208 Atque
3053 4139 3154 4190 hoc
3195 4134 3377 4200 modo,
3419 4134 3545 4190 dum

1943 4233 2048 4287 sibi
2082 4234 2313 4288 invicem
2363 4240 2777 4306 cotnparantur,
2829 4229 3144 4301 imperfecta
3201 4238 3254 4282 et
3301 4223 3546 4297 perlecta

1945 4335 2071 4381 sunt
2101 4326 2306 4380 omnia.
2340 4324 2397 4379 ln
2429 4339 2558 4394 agro
2593 4333 2749 4380 terra:
2780 4323 2956 4386 boum,
2988 4330 3042 4374 et
3072 4335 3138 4374 ex
3169 4333 3272 4371 una
3303 4327 3550 4373 semente

1947 4421 2268 4476 tricenarius
2314 4429 2367 4473 et
2413 4418 2799 4488 sexagenarius
2849 4425 2904 4469 et
2947 4409 3296 4468 centenarius
3342 4409 3551 4466 fructus

1949 4515 2192 4569 exoritur
2227 4531 2240 4567 :
2277 4512 2409 4582 ipsis
2441 4508 2688 4566 numeris
2729 4506 3001 4560 indicatur
3034 4506 3205 4574 impar
3236 4519 3358 4560 esse
3401 4503 3551 4575 quod

233 4599 448 4663 certari,
471 4613 678 4651 cursum
722 4600 1090 4665 consummavi,
1121 4597 1278 4667 ﬁdem
1303 4599 1498 4652 servavi
1520 4614 1538 4664 ;
1568 4600 1631 4650 de
1659 4609 1832 4652 emero

1951 4610 2212 4668 nascitur,
2247 4616 2301 4661 et
2336 4618 2512 4659 tamen
2557 4601 2612 4657 in
2643 4615 2742 4654 suo
2769 4614 2973 4668 genere
3009 4596 3248 4670 perfecta
3281 4605 3408 4652 sunt
3435 4598 3554 4651 sin-

233 4691 465 4762 reposita
488 4701 563 4744 est
595 4691 718 4744 mihi
743 4692 1186 4764 coronajustitlte,
1210 4705 1364 4760 quam
1387 4690 1566 4744 reddet
1582 4689 1708 4744 mihi
1730 4689 1840 4745 Do-

232 4785 406 4838 minus
436 4785 599 4857 711
632 4785 683 4838 in
713 4786 809 4839 illa
828 4786 912 4839 die
920 4786 1098 4855 justus
1116 4783 1320 4857 judex:
1349 4799 1452 4837 non
1474 4783 1641 4837 solum
1671 4792 1841 4837 autem

235 4878 384 4946 mihi,
409 4881 502 4933 sed
525 4890 572 4933 ct
585 4878 819 4933 omnibus
831 4881 922 4949 qui
947 4879 1170 4952 diligunt
1189 4879 1460 4933 adventum
1482 4881 1595 4952 ejus
1617 4879 1683 4949 (ll
1703 4878 1836 4933 Tim.

238 4989 317 5039 ιν,
338 4973 393 5038 7,
426 4973 461 5028 8
491 4977 531 5045 ).
561 4974 749 5030 Justus
779 4983 899 5029 erat
945 4985 998 5029 et
1027 4975 1348 5030 Timotheus
1393 4974 1690 5045 discipulus
1723 4975 1842 5044 eius

239 5076 292 5122 et
337 5068 598 5136 imitator,
623 5083 784 5141 quem
809 5069 972 5125 docet
1009 5069 1138 5142 quid
1170 5083 1332 5141 agere
1357 5068 1575 5136 debeat,
1599 5079 1654 5124 ct
1679 5084 1840 5142 quem

243 5256 450 5327 scientia
483 5257 678 5312 dicitur
705 5272 814 5327 esse
842 5255 1093 5327 perfecta.
1123 5253 1226 5310 Job
1250 5272 1452 5327 quoque
1478 5265 1527 5310 et
1553 5256 1840 5310 Zacharias

243 5337 288 5399 et
302 5325 718 5399 Elisabethjusti
738 5325 866 5380 dicti
879 5336 997 5380 sunt
1010 5328 1293 5381 secundum
1316 5325 1426 5381 eam
1437 5369 1449 5381 .
1470 5327 1578 5382 Srn
1589 5344 1675 5382 sus
1692 5327 1844 5396 liqui-

248 5397 343 5452 dus
373 5414 494 5453 esse
529 5397 707 5464 potest
729 5414 793 5453 ex
817 5399 1295 5467 consequentibus.
1323 5399 1409 5452 ubi
1429 5400 1635 5466 justitia
1660 5401 1842 5468 aliqua

251 5467 438 5524 dicitur
469 5468 707 5540 perfecta
745 5471 1158 5540 comparatione
1185 5469 1324 5522 facta
1373 5471 1515 5523 inter
1559 5467 1839 5536 homines;

241 5553 364 5607 qua:
391 5541 547 5595 nttlla
573 5554 696 5596 esse
719 5548 901 5610 potest
923 5541 1073 5607 juxta
1103 5539 1197 5594 Dei
1225 5541 1565 5606 majestatem
1588 5551 1643 5595 et
1662 5541 1843 5596 scien-

253 5611 397 5664 tiam.
431 5612 616 5666 Prima
645 5613 808 5682 igitur
834 5611 1037 5679 iustitia
1057 5653 1093 5682 ,_
1113 5611 1180 5665 de
1207 5626 1311 5678 qua
1336 5609 1434 5682 illic
1463 5611 1843 5682 Hieronymus,

1947 4699 2092 4768 gula.
2126 4697 2404 4752 Elisabeth
2439 4705 2493 4751 et
2535 4691 2851 4757 Zacharias,
2883 4706 2990 4760 quo
3033 4689 3366 4756 testimonio,
3391 4688 3550 4759 quasi

1952 4788 2353 4857 impenetrabili
2388 4788 2557 4840 uteris
2616 4785 2830 4854 clypeo,
2886 4799 2984 4835 nos
3037 4782 3237 4837 docere
3296 4787 3546 4852 possunt,

1950 4889 2153 4954 quanto
2187 4881 2469 4935 inferiores
2502 4887 2625 4932 sunt
2656 4879 2830 4931 beatae
2881 4874 3062 4932 Mariae
3106 4878 3294 4929 matris
3339 4875 3555 4930 Domini

1949 4973 2266 5036 sanctitate,
2299 4987 2414 5042 qua:
2447 4971 2781 5027 conscientia
2823 4968 2876 5023 in
2921 4984 2979 5023 se
3022 4967 3318 5020 habitantis
3353 4965 3446 5020 Dei
3493 4966 3559 5020 li-

1949 5069 2082 5126 bere
2111 5066 2412 5139 proclamat
2441 5083 2453 5120 :
2488 5063 2624 5120 Ecce
2655 5065 2788 5117 enim
2814 5079 2876 5118 ea:
2904 5061 3003 5117 hoc
3034 5060 3234 5116 beatam
3264 5074 3346 5113 me
3379 5059 3552 5114 dicent

1950 5265 2055 5319 est,
2089 5271 2207 5326 qua:
2246 5262 2416 5326 potest
2451 5252 2644 5306 mutari
2681 5251 2734 5305 iu
2763 5252 3105 5326 injustitiam.
3139 5251 3406 5305 Mantum.

2025 5337 2049 5364 ⁸
2084 5324 2279 5380 lierum
2308 5324 2524 5395 Regium
2560 5339 2687 5382 ms..
2715 5332 2762 5376 et
2786 5342 2886 5395 qua
2911 5324 3128 5378 dicitur.

2023 5397 2050 5436 λ’
2079 5398 2331 5452 Fortasse.
2364 5389 2604 5466 legend,
2639 5389 2990 5465 posse'justos
3035 5393 3293 5448 nominari
3323 5389 3551 5442 aliorum

1950 5472 2360 5554 comparatione,
2390 5471 2478 5554 qui
2494 5471 2626 5554 justi
2657 5485 2757 5554 non
2787 5474 2928 5548 sunt.
3106 5533 3153 5554 ,Δ
3421 5531 3431 5542 .

2029 5555 2049 5579 ε
2071 5533 2195 5596 ’Βηο
2225 5555 2355 5595 mss.
2393 5533 2561 5595 Vatic.
2593 5549 2648 5594 et
2677 5537 2870 5606 ltegin.
2899 5533 3153 5606 numquid
3182 5547 3357 5585 omnes
3384 5533 3551 5584 virtu-

1955 5615 2066 5669 tes?
2089 5613 2358 5684 numquid,
2387 5622 2494 5668 etc.

2027 5686 2053 5725 ἀ
2080 5675 2302 5756 Reginae
2346 5675 2482 5745 ms"
2524 5683 2783 5756 dividens
2809 5679 3022 5747 propria
3067 5675 3346 5756 unicuique
3397 5684 3553 5743 prout

249 5693 330 5734 est
355 5697 445 5745 ea.
477 5699 598 5751 qua:
629 5680 932 5739 Virtutibus
967 5691 1026 5739 ot
1068 5680 1293 5751 Angelis
1329 5681 1505 5736 beatis
1547 5680 1849 5750 coaptando

1961 5760 2092 5814 vult.
2128 5749 2298 5816 Vatia.
2329 5759 2568 5814 dividens
2593 5753 2811 5825 singulis
2832 5761 2984 5822 prout
3009 5749 3135 5804 uult.

252 5760 366 5818 est;
396 5753 516 5809 sive
540 5755 986 5824 inconparabilis
1024 5755 1312 5825 perfectio,
1358 5762 1418 5810 et
1457 5756 1662 5826 justitia
1716 5757 1851 5812 Dei:

261 5825 488 5884 sectanda
524 5835 705 5882 autem
726 5869 740 5894 ,
773 5843 895 5900 quae
937 5829 1195 5901 competit
1223 5839 1425 5884 nostra:
1466 5828 1761 5900 fragilitati,
1791 5844 1857 5888 ea
