4036 6328
496 199 593 255 5H

1756 188 1811 246 S.
1857 188 2127 247 EUSEBII
2164 186 2544 244 HIERONYMI

3698 179 3818 236 512

498 326 677 366 omnes
699 308 1069 379 generationes.
1120 304 1256 372 Quia
1273 301 1282 309 '
1293 302 1411 373 fecit
1442 300 1568 355 mihi
1599 316 1787 372 magna
1806 301 1892 371 qui
1920 308 2098 371 potens
2125 302 2180 361 Α
2203 297 2474 367 Propheta
2495 294 2893 365 subiectionem
2910 294 2993 349 sui
3016 294 3069 348 in
3089 292 3250 347 ﬁnem
3274 289 3569 361 praesumit
3586 288 3814 344 dicens:

496 412 592 469 est,
616 411 663 455 et
683 410 917 455 sanctum
942 413 1125 452 nomen
1156 398 1291 469 ejus.
1318 392 1386 449 Et
1408 393 1765 448 misericordia
1791 396 1899 465 ejus
1920 410 1951 445 a
1978 408 2097 461 pro—
2208 392 2400 446 Nonne
2439 391 2550 446 Deo
2578 389 2603 427 ἀ
2641 392 2739 445 soli
2770 392 3003 460 subjecta
3052 390 3148 443 erit
3197 389 3373 441 anima
3394 387 3552 451 mea?
3589 385 3652 439 ab
3699 388 3817 457 ipso

498 495 643 566 genie
669 494 722 547 in
759 492 1031 565 proqenies
1060 489 1350 544 timentibus
1382 503 1520 540 eum.
1551 484 1700 539 Fecit
1730 485 2008 555 potentiam
2045 484 2099 536 in

501 585 712 639 brachio
740 601 835 638 suo
855 582 1009 655 (Luc.
1044 598 1080 647 ι,
1106 581 1171 635 41
1199 590 1243 634 et
1272 579 1459 650 seqq.).
1481 576 1537 631 ln
1570 593 1680 647 quo
1706 575 2097 640 animadverte,

502 675 648 748 quod
680 678 889 729 beatam
923 688 983 728 se
1028 686 1151 727 esse
1192 671 1357 733 dicat,
1391 684 1496 723 non
1546 668 1767 737 proprio
1801 669 1994 721 merito
2022 676 2103 719 at-

503 782 610 839 que
634 765 856 831 virtute,
885 764 981 820 sed
1013 763 1107 817 Dei
1140 763 1194 817 in
1238 777 1296 817 se
1326 760 1620 815 habitantis
1654 760 1963 813 clementia.
1989 758 2105 827 Ipse

504 872 723 930 quoque
752 856 1133 925 Joannes;quo
1158 853 1331 921 major
1364 866 1472 905 non
1507 850 1602 905 fuit
1630 850 1774 905 inter
1802 857 1957 904 natos
1990 864 2107 901 mu-

507 949 725 1009 lierum,
753 948 1069 1018 parentibus
1095 945 1210 1000 suis
1247 944 1439 998 melior
1469 952 1576 997 est.
1608 942 1723 995 Non
1757 943 1899 995 enim
1932 942 2107 996 solum

510 1040 846 1105 hominibus,
876 1040 970 1095 sed
1014 1049 1069 1094 et
1113 1037 1333 1108 Angelis
1365 1036 1676 1091 testimonio
1707 1035 1921 1090 Domini
1960 1049 2111 1090 com-

515 1141 759 1205 paratur.
790 1132 855 1186 Et
888 1140 1066 1186 tamen
1097 1131 1188 1199 qui
1220 1128 1431 1183 cunctis
1454 1126 1767 1182 hominibus
1794 1134 1910 1181 erat
1942 1125 2113 1194 major

516 1228 570 1282 in
623 1236 787 1291 terra,
837 1222 1062 1278 minimo
1114 1222 1166 1276 in
1205 1236 1372 1292 regno
1402 1222 1668 1275 caelorum
1712 1220 1891 1274 minor
1948 1216 2116 1272 fuisse

518 1316 855 1390 perhibetur.

592 1409 681 1462 l7.
710 1406 775 1459 Id
817 1404 975 1461 etiam
1014 1405 1070 1458 in
1102 1403 1376 1457 collatione
1421 1412 1747 1471 peccatorum
1778 1399 2020 1470 intelligi.
2048 1428 2119 1439 ——

520 1500 661 1570 Quid
694 1502 888 1555 mirum
920 1501 975 1553 in
1005 1498 1298 1553 collatione
1329 1498 1673 1561 Sanctorum,
1702 1496 1837 1547 alios
1861 1508 1984 1549 esse
2008 1507 2123 1546 me.

520 1594 712 1657 liores,
742 1600 800 1647 et
830 1591 968 1645 alios
997 1589 1309 1655 inferiores,
1343 1604 1463 1641 cum
1487 1602 1517 1641 e
1554 1586 1829 1641 contrario
1858 1587 1909 1638 in
1954 1583 2122 1639 colla-

2203 486 2338 539 enim
2384 494 2455 539 est
2498 484 2729 538 salutare
2774 500 2940 537 nteant
2982 480 3158 550 (Psal.
3191 496 3313 543 LXI,
3370 481 3445 547 l).
3481 480 3547 533 Et
3591 479 3716 549 quia
3758 479 3817 534 in

2205 590 2438 644 corpore
2487 575 2750 630 Ecclesia:
2797 583 2959 643 caput
3012 572 3262 627 Christus
3315 579 3431 635 est,
3488 569 3821 638 quibusdam

2208 668 2384 723 adhuc
2408 667 2838 736 repugnantibus
2869 666 3131 720 membris
3156 706 3170 729 ,
3200 663 3417 717 videtur
3447 678 3653 733 corpus
3680 678 3825 734 quoc

2208 776 2315 828 que
2352 761 2517 829 capiti
2551 775 2655 813 non
2690 774 2813 813 esse
2858 757 3189 826 subjectum.
3224 755 3471 825 Namque
3516 756 3561 809 si
3612 758 3824 825 patitur

2211 871 2375 909 unum
2425 854 2726 909 membrum
2754 894 2769 919 ,
2817 853 3227 922 compatiuntur
3273 849 3490 915 omnia,
3542 857 3599 902 et
3643 856 3823 902 totum

2212 960 2411 1015 corpus
2458 946 2649 1000 dolore
2692 946 2851 999 unius
2894 944 3125 998 membri
3173 943 3472 996 cruciatur.
3501 940 3659 1006 Quod
3699 940 3829 995 dico

2214 1041 2285 1094 ita
2334 1039 2673 1093 manifestius
2720 1038 2829 1093 fiet.
2866 1036 3136 1105 Quamdiu
3185 1036 3453 1090 habemus
3499 1036 3827 1091 thesaurum

2217 1133 2378 1187 istum
2413 1134 2463 1185 in
2492 1132 2634 1186 vasis
2668 1131 2924 1185 fictilibus
2950 1173 2963 1193 ,
2997 1140 3045 1184 et
3079 1128 3259 1200 fragili
3291 1144 3457 1183 carne
3507 1127 3830 1181 circumda-

2219 1240 2361 1287 mur,
2392 1225 2558 1278 immo
2588 1224 2802 1277 mortali
2839 1231 2895 1277 ct
2925 1220 3278 1290 corruptibili
3307 1261 3320 1283 ,
3354 1220 3545 1274 beatos
3572 1232 3698 1273 esse
3727 1231 3835 1272 nos

2220 1317 2522 1382 credimus,
2554 1316 2597 1369 si
2623 1316 2673 1369 in
2706 1314 2941 1384 singulis
2970 1313 3261 1368 virtutibus
3287 1354 3301 1377 ,
3328 1312 3686 1381 partibusque
3712 1308 3832 1363 vir-

2224 1418 2394 1463 tutum
2426 1410 2533 1465 Deo
2562 1410 2793 1477 subjecti
2840 1410 3010 1462 simus
3053 1405 3160 1477 [ΑΙ.
3194 1404 3426 1475 sumus].
3457 1403 3594 1458 Cum
3642 1414 3836 1456 autem

2224 1504 2454 1559 mortale
2476 1502 2580 1557 hoc
2603 1502 2849 1557 indutum
2879 1501 3039 1555 fuerit
3069 1498 3575 1561 immortalitate,et
3598 1509 3839 1565 corrup-

2226 1597 2393 1649 tivum
2420 1596 2521 1649 hoc
2552 1594 2961 1660 incorruptione
2990 1592 3269 1653 vestitmn,
3298 1600 3352 1643 et
3379 1589 3647 1658 absorpta
3678 1598 3840 1641 mors

520 1684 671 1739 tione
705 1693 1047 1754 peccatorum
1077 1684 1180 1736 hoc
1210 1680 1439 1749 intelligi
1481 1678 1683 1748 possit?
1706 1677 1786 1731 Ad
1815 1675 2118 1731 Jerusalem

2243 1687 2388 1742 'uerit
2420 1687 2473 1741 in
2513 1687 2714 1741 Christi
2743 1686 3002 1748 victoria,
3051 1694 3179 1738 tunc
3230 1684 3374 1737 Deus
3414 1683 3512 1736 erit
3546 1681 3727 1734 omnia
3773 1680 3841 1735 in

526 1776 749 1839 dicitur,
792 1790 912 1844 quae
963 1773 1148 1827 multis
1182 1780 1526 1842 peccatorum
1566 1778 1685 1823 erat
1724 1769 1975 1823 confossa
2007 1765 2124 1819 vul-

527 1869 752 1924 neribus
781 1907 793 1920 .
821 1865 1122 1932 Justi/icata
1163 1874 1238 1919 est
1284 1862 1516 1918 Sodoma
1561 1878 1623 1914 ex
1670 1871 1717 1913 te
1747 1858 1965 1933 (Thren.
2000 1870 2073 1925 ιν)
2107 1874 2120 1911 :

527 1976 637 2018 non
676 1961 820 2031 quod
847 1959 1082 2015 Sodoma
1117 1974 1212 2028 per
1251 1972 1311 2012 se
1346 1957 1488 2026 jnsta
1522 1957 1614 2021 sit,
1648 1970 1770 2025 qua:
1802 1954 1854 2009 in
1893 1962 2127 2007 aeternos

526 2052 767 2121 collapsa
809 2052 1025 2105 cineres
1053 2048 1211 2122 (Gen.
1248 2046 1387 2118 xix),
1416 2046 1566 2101 audit
1608 2061 1705 2115 per
1744 2043 2081 2100 Ezechielem
2111 2061 2123 2097 :

530 2144 764 2200 Sodoma
785 2145 1083 2197 restituetur
1106 2142 1160 2194 in
1186 2142 1457 2212 antiquum
1486 2139 1700 2207 (Ezeclt.
1733 2153 1848 2201 xvr,
1875 2136 1966 2206 52)
1996 2134 2127 2188 :sed

523 2237 668 2308 quod
692 2236 1101 2307 comparatione
1131 2234 1506 2289 sceleratioris
1526 2231 1829 2287 Jerusalem
1848 2228 1963 2283 haec
1981 2229 2127 2298 justa

529 2330 794 2384 videatur.
845 2328 939 2382 llla
995 2328 1141 2381 enim
1189 2326 1284 2381 Dei
1337 2325 1534 2379 Filium
1590 2324 1901 2388 trucidavit,
1936 2330 1961 2358 α
2011 2321 2131 2375 haec

533 2430 758 2492 propter
786 2418 1173 2474 abundantiam
1222 2418 1397 2488 panis,
1427 2426 1481 2471 et
1512 2432 1609 2487 per
1653 2416 1881 2470 luxuriae
1923 2413 2133 2483 magni-

529 2514 774 2567 tudinem
828 2511 1061 2567 excessit
1117 2510 1335 2564 modum
1391 2508 1650 2563 libidinis.
1702 2508 2034 2562 Publicanus
2077 2506 2129 2558 in

530 2604 868 2675 Evangelio(
897 2602 1027 2656 Luc.
1058 2600 1233 2670 xvm),
1258 2602 1350 2671 qui
1374 2601 1712 2670 pcrcuticbat
1742 2597 2131 2668 pectus,quasi

533 2695 848 2750 thesaurum
874 2696 1266 2763 cogitationum
1299 2692 1681 2760 pessimarum,
1708 2701 1761 2744 et
1792 2690 2131 2744 conscientia

531 2787 1082 2851 delictorum,oculos
1113 2801 1220 2839 non
1250 2786 1483 2839 audebat
1509 2784 1784 2847 attollere,
1810 2783 2136 2851 superbien-

539 2881 609 2932 tis
658 2877 919 2930 Pharisaei
971 2877 1263 2930 collatione
1314 2876 1370 2928 lit
1414 2876 1634 2944 justior.
1674 2875 1737 2927 Et
1777 2874 2012 2927 Thamar
2036 2874 2136 2927 sub

540 2972 725 3041 specie
776 2970 1080 3025 meretricis
1111 2968 1253 3023 fallit
1302 2967 1518 3030 Judam,
1550 2975 1606 3022 et
1656 2967 1823 3036 ipsius
1866 2966 2133 3022 sententia

2226 1779 2479 1833 omnibus
2512 1796 2524 1830 :
2560 1787 2615 1831 ut
2647 1792 2751 1832 non
2782 1778 2854 1831 sit
2884 1785 3091 1831 tantum
3130 1777 3182 1829 in
3213 1774 3505 1830 Salomone
3533 1772 3841 1841 sapientia,

2230 1874 2282 1926 in
2314 1870 2482 1925 David
2509 1872 2673 1925 animi
2721 1869 3083 1925 mansuetudo
3110 1912 3124 1935 ,
3159 1870 3212 1923 in
3248 1869 3365 1923 Elia
3395 1878 3447 1924 et
3480 1868 3716 1923 Phinees
3742 1882 3845 1923 ze-

2228 1964 2342 2029 lus,
2378 1965 2431 2017 in
2479 1963 2751 2017 Abraham
2787 1962 2941 2025 fides;
2994 1962 3045 2015 in
3098 1961 3295 2025 Petro,
3329 1960 3415 2014 cui
3448 1960 3651 2013 dictum
3701 1966 3786 2014 est
3820 1972 3841 2013 :

2236 2056 2417 2111 Simon
2438 2054 2682 2119 Joannis,
2708 2071 2850 2108 amas
2874 2071 2955 2108 me
2979 2052 3157 2125 (Joan.
3194 2069 3306 2119 xxi,
3340 2051 3452 2123 l5),
3479 2052 3724 2123 perfecta
3749 2050 3842 2105 di-

2232 2148 2432 2210 lectio;
2470 2148 2521 2201 in
2554 2147 2840 2202 electionis
2863 2161 2992 2200 vase
3024 2145 3262 2199 studium
3290 2144 3625 2214 prmdicandi
3648 2186 3662 2209 ,
3694 2152 3748 2198 et
3777 2144 3842 2198 in

2232 2238 2397 2310 714
2424 2240 2634 2293 caeteris
2657 2239 2739 2293 vel
2773 2238 2897 2292 bina
2926 2238 3009 2290 vel
3036 2237 3174 2291 trina
3200 2252 3216 2302 ;
3247 2238 3343 2291 sed
3372 2244 3517 2290 totus
3543 2236 3595 2290 in
3624 2236 3845 2291 cunctis

2232 2333 2334 2397 sit,
2366 2341 2419 2387 et
2451 2334 2503 2386 in
2528 2332 2677 2387 omni
2698 2332 2957 2386 virtutum
2987 2329 3158 2385 choro
3185 2330 3512 2385 Sanctorum
3533 2371 3546 2396 ,
3578 2341 3847 2385 numerus

2234 2425 2497 2494 glorietur
2520 2466 2534 2489 ,
2570 2434 2623 2479 et
2648 2426 2715 2478 sit
2750 2424 2888 2477 Deus
2916 2423 3097 2475 omnia
3131 2423 3182 2475 in
3207 2423 3481 2476 omnibus.

2309 2518 2395 2571 19.
2430 2517 2689 2581 Quamdiu
2730 2516 2943 2568 rivimus
2990 2523 3198 2566 cunctas
3234 2514 3447 2566 virtutes
3493 2512 3686 2565 habere
3730 2528 3843 2566 non

2238 2629 2533 2684 possumus.
2552 2610 2695 2665 —C.
2720 2610 2953 2665 “Nullus
2975 2623 3104 2679 ergo
3122 2608 3477 2673 Sanctorum,
3499 2608 3756 2678 quamdiu
3782 2607 3843 2661 in

2238 2704 2343 2758 isto
2373 2703 2699 2771 corpusculo
2727 2712 2831 2763 est,
2860 2709 3087 2756 cunctas
3114 2708 3293 2769 potest
3320 2700 3523 2754 habere
3556 2700 3794 2754 virtutes
3815 2699 3843 2753 ἲ

2239 2796 2303 2849 Α.
2338 2794 2527 2848 Nullus
2552 2838 2565 2859 ,
2599 2794 2719 2863 quia
2756 2808 2895 2847 nunc
2930 2809 2995 2846 ex
3030 2800 3184 2861 parte
3217 2791 3614 2861 prOphetamus
3644 2833 3658 2855 ,
3690 2799 3747 2845 et
3772 2804 3845 2845 ex

2240 2894 2394 2957 parte
2422 2885 2823 2956 cognoscimus.
2850 2884 2958 2940 Nec
2989 2884 3131 2939 enim
3164 2894 3390 2952 possunt
3410 2883 3590 2936 omnia
3622 2897 3744 2937 esse
3786 2883 3842 2936 in

2242 2980 2501 3035 omnibus
2532 2979 2845 3034 hominibus
2880 2979 3043 3049 :quia
3084 2992 3190 3032 non
3220 2986 3306 3031 est
3328 2977 3656 3031 immortalis
3699 2976 3845 3030 filius

539 3066 629 3136 (ιυὶ
661 3065 922 3132 deceptus
975 3072 1099 3127 οςῑ,
1146 3071 1386 3117 meretur
1432 3061 1625 3116 audire
1668 3060 2011 3130 :Justiﬁcata
2064 3069 2137 3113 εει
2165 3075 2209 3136 C
2244 3071 2499 3127 hominis.
2638 3071 2705 3125 Et
2755 3069 3030 3139 quomodo
3076 3068 3350 3138 legimus;
3542 3083 3707 3122 unm“
3750 3067 3847 3119 ha.

543 3158 774 3214 Thamar
804 3157 967 3226 magis
1011 3173 1164 3227 quam
1195 3172 1287 3225 ego
1310 3153 1463 3226 (Gen.
1526 3170 1761 3219 xxxvm,
1808 3152 1922 3224 56).
1975 3153 2137 3224 713

544 3252 621 3307 Ex
655 3250 848 3321 quibus
885 3250 1138 3304 omnibus
1168 3250 1523 3319 approbatur,
1551 3266 1655 3303 non
1690 3249 1867 3303 solum
1890 3249 1957 3304 ad
1988 3265 2139 3304 coor-

546 3346 888 3417 paratiOnem
931 3344 1131 3399 divina:
1185 3344 1483 3413 Majestatis
1512 3343 1761 3398 homines
1799 3358 2137 3412 nequaquam

544 3454 669 3495 esse
702 3437 1002 3508 perfectos,
1036 3436 1130 3491 sed
1158 3452 1226 3491 ne
1250 3436 1581 3505 Angelorum
1622 3436 1839 3504 quidem
1886 3446 1939 3490 et
1978 3446 2143 3490 caete-

544 3548 733 3587 rorum
767 3530 1069 3596 hominum,
1093 3530 1184 3598 qui
1222 3528 1484 3583 virtutum
1528 3528 1769 3583 culmina
1803 3529 2139 3583 conscende-

545 3636 842 3689 runt;cum
894 3631 950 3677 et
980 3631 1034 3676 tu
1078 3622 1169 3691 qui
1218 3622 1410 3675 melior
1462 3636 1524 3675 es
1568 3620 1796 3676 alterius
1824 3620 2140 3688 collatione,

544 3734 705 3788 quem
733 3717 1109 3787 imperfectum
1129 3731 1253 3770 esse
1278 3714 1696 3779 monstraveris,
1717 3729 1931 3768 rursum
1950 3714 2017 3768 ab
2037 3715 2145 3769 alio

546 3819 599 3864 te
631 3822 906 3879 prmeunte
938 3809 1171 3863 vincaris
1203 3826 1216 3861 :
1244 3824 1307 3861 ac
1342 3823 1440 3876 per
1472 3807 1575 3861 hoc
1598 3823 1705 3862 non
1737 3807 1938 3863 habeas
1961 3823 2143 3862 veram

549 3901 960 3972 perfectionem,
987 3918 1109 3972 qua:
1149 3902 1193 3955 si
1240 3900 1478 3970 perlecta
1512 3900 1605 3966 sit,
1640 3901 1784 3955 nulla
1832 3917 1891 3955 re
1920 3901 2143 3971 indiget.

623 3994 711 4049 18.
758 3994 1028 4058 Quomodo
1070 3994 1281 4064 perfecti
1300 3993 1577 4066 jubeamur
1618 3994 1883 4048 esse.-—-C.
1920 3995 1986 4048 Et
2015 4010 2147 4064 quo-

553 4087 743 4153 modo,
772 4085 953 4140 Attice
974 4127 989 4153 ,
1022 4086 1089 4139 ad
1121 4085 1512 4155 perfectionem
1538 4087 1757 4141 divinus
1790 4102 1970 4142 sermo
1997 4086 2024 4125 b
2048 4104 2148 4142 nos

554 4180 852 4250 provocat?
880 4179 944 4234 A.
978 4179 1089 4233 llac
1138 4180 1350 4234 ratione
1393 4194 1497 4249 qua
1545 4179 1688 4247 dixi,
1740 4188 1800 4233 ut
1845 4182 2148 4236 secundum

549 4272 697 4328 vires
736 4280 955 4327 nostras
984 4271 1357 4341 unusquisque
1398 4279 1659 4341 quantum
1688 4272 1921 4326 valuerit
1960 4281 2149 4326 exten-

550 4366 735 4431 datur,
769 4366 813 4420 si
835 4382 942 4436 quo
967 4365 1130 4419 modo
1158 4365 1329 4435 possit
1350 4365 1670 4435 pervenire,
1707 4373 1763 4419 et
1792 4364 2151 4436 comprehen-

2242 3167 2424 3221 buerit
2453 3207 2468 3232 ,
2499 3180 2687 3220 omnes
2720 3163 2738 3202 τ
2772 3164 2983 3220 videtur
3010 3163 3213 3218 habere
3236 3165 3463 3218 virtutes
3484 3164 3507 3216 ?
3526 3166 3589 3218 Α.
3614 3162 3849 3217 Partici—

2244 3260 2497 3328 patione,
2532 3272 2636 3311 non
2663 3256 3018 3327 proprietate.
3048 3254 3284 3310 Necesse
3311 3264 3395 3309 est
3425 3254 3573 3309 enim
3605 3295 3620 3318 ,
3654 3263 3712 3307 ut
3732 3254 3850 3307 sin-

2242 3352 2351 3423 guli
2393 3352 2667 3407 excellant
2696 3352 2747 3405 in
2774 3349 3131 3420 quibusdam;
3162 3358 3218 3403 et
3248 3358 3425 3403 tamen
3460 3348 3563 3403 hoc
3594 3345 3738 3417 quod
3767 3346 3847 3401 leo

2244 3446 2390 3516 gisse
2434 3455 2484 3499 te
2513 3444 2689 3510 dicis,
2734 3444 2825 3498 ubi
2874 3444 3135 3513 scriptum
3175 3445 3246 3497 sit
3276 3444 3479 3498 nescio.
3514 3442 3571 3496 ϐ.
3622 3440 3848 3510 Ignoras

2246 3537 2387 3591 hanc
2432 3536 2894 3604 Philosolihorum
2926 3550 3047 3591 esse
3098 3536 3468 3591 sententiam?
3498 3536 3561 3588 A.
3588 3534 3693 3589 Sed
3737 3548 3847 3588 non

2245 3628 2653 3698 Apostolorum.
2686 3626 2872 3697 Neque
2910 3628 3055 3681 enim
3089 3628 3222 3682 mihi
3254 3643 3399 3682 cura:
3430 3636 3515 3682 est
3544 3626 3672 3695 quid
3698 3626 3853 3679 Aris-

2248 3722 2484 3787 toteles,
2532 3721 2626 3776 sed
2680 3721 2808 3787 quid
2856 3722 3057 3776 Paulus
3106 3722 3314 3778 doceat.
3364 3721 3422 3775 C.
3475 3720 3716 3775 Obsecro
3758 3730 3847 3784 te,

2248 3831 2431 3872 nonne
2462 3816 2630 3870 Jacoh
2661 3816 2943 3885 apostolus
2974 3814 3167 3869 scribit
3202 3814 3405 3886 (Iacob.
3440 3830 3498 3879 ιι,
3530 3813 3645 3883 10),
3672 3813 3763 3883 qui
3799 3812 3852 3866 in

2250 3925 2360 3964 uno
2390 3907 2679 3962 offenderit
2707 3949 2720 3971 ,
2768 3923 2890 3962 eum
2942 3922 3065 3961 esse
3111 3908 3352 3961 omnium
3388 3907 3585 3961 reum?
3618 3905 3682 3960 Λ.
3729 3904 3853 3974 Ipse

2250 4002 2405 4057 locus
2433 4018 2493 4055 se
2527 4002 2941 4069 interpretatur.
2975 4000 3090 4054 Non
3122 4002 3266 4054 enim
3297 3999 3437 4053 dixit
3487 3998 3632 4053 unde
3664 4013 3852 4067 θωρα-

2250 4104 2334 4150 rat
2361 4095 2656 4163 disputatio
2683 4136 2696 4161 ,
2727 4094 2818 4164 qui
2847 4094 3067 4148 divitem
3116 4090 3343 4162 pauperi
3375 4093 3424 4145 in
3459 4091 3669 4145 honore
3716 4106 3857 4159 prte-

2254 4187 2471 4251 tulerit,
2503 4200 2629 4241 rcus
2650 4194 2734 4241 est
2760 4185 3011 4240 adulterii
3043 4184 3128 4238 vel
3160 4183 3460 4239 homicidii.
3489 4181 3546 4237 In
3576 4182 3676 4236 hoc
3700 4183 3847 4235 enim

2252 4278 2483 4334 delirant
2503 4278 2694 4343 Stoici,
2720 4279 2868 4348 paria
2890 4286 3285 4333 contendentes
3314 4292 3438 4332 esse
3468 4283 3703 4345 peccata.
3734 4273 3849 4327 Sed

2253 4376 2326 4429 ita
2361 4391 2373 4426 :
2398 4373 2498 4439 Qui
2524 4373 2654 4427 dixit
2680 4414 2695 4439 ,
2729 4390 2831 4426 non
2849 4371 3207 4433 mwchaberis,
3234 4370 3366 4424 dixit
3388 4379 3435 4424 et
3455 4412 3469 4435 ,
3495 4384 3593 4421 non
3619 4366 3851 4432 occides;

549 4457 681 4512 dere
710 4457 955 4511 bravinm
992 4472 1244 4527 supernae
1272 4457 1591 4511 vocationis.
1622 4456 1868 4527 Denique
1893 4457 2133 4527 omnipo-

2252 4467 2393 4539 quod
2431 4467 2525 4521 etsi
2562 4482 2663 4520 non
2730 4464 2949 4529 occidis,
3010 4464 3283 4517 maecltaris
3332 4471 3535 4527 autem,
3588 4464 3758 4531 factus
3800 4474 3852 4511 es

549 4560 670 4605 tens
700 4549 863 4616 Deus,
890 4550 979 4604 cui
1006 4551 1167 4605 docet
1190 4550 1481 4620 Apostolus
1498 4549 1651 4619 juxta
1674 4548 2139 4619 dispensationem

549 4646 731 4703 carnis
752 4656 1041 4715 assumpta:
1063 4646 1464 4716 subjiciendum
1512 4645 1747 4712 Filium,
1798 4657 1852 4700 ut
1898 4647 1963 4701 sit
2002 4646 2144 4700 Deus

552 4744 727 4798 omnia
757 4744 809 4796 in
842 4742 1075 4795 omnibus
1103 4742 1145 4813 (l
1175 4740 1295 4795 Cor.
1322 4741 1437 4811 xv),
1466 4740 1753 4810 perSpicue
1779 4740 2145 4803 demonstrat,

549 4848 571 4875 ε
630 4851 969 4909 nequaquam
1020 4835 1119 4889 sibi
1168 4843 1365 4890 cuncta
1393 4849 1523 4891 esse
1570 4835 1837 4905 subjecta.
1887 4834 2041 4891 Unde
2096 4843 2150 4889 et

627 5008 654 5036 η
680 4999 951 5069 Lacunam
994 4995 1221 5069 implere
1268 4997 1482 5069 videtur
1520 4996 1811 5052 Vaticanus
1855 4997 2026 5061 liber,
2057 5001 2148 5069 qui

554 5072 674 5126 haec
703 5068 884 5132 addit,
916 5084 1016 5136 qua
1047 5068 1311 5138 impietate
1341 5068 1471 5119 nihil
1501 5069 1671 5138 majus
1702 5078 1814 5135 est;
1846 5070 1953 5123 haec
1978 5068 2151 5124 autem

555 5141 835 5210 superbivit
855 5149 1063 5207 propter
1090 5136 1485 5210 abundantiam,
1518 5136 1625 5192 etc.

629 5213 655 5251 ι)
688 5210 943 5265 Voculam
984 5225 1077 5263 nos
1112 5223 1179 5262 ex
1216 5208 1480 5263 Vaticano
1529 5214 1890 5280 reposuimus.
1934 5213 2052 5267 Mox
2097 5215 2151 5268 in

556 5285 817 5340 hactenus
875 5282 1036 5337 editis
1086 5289 1203 5334 erat
1242 5282 1591 5351 unusquisque
1641 5298 1933 5338 nostrorum
1986 5301 2151 5351 quam

552 5366 683 5423 tum,
716 5366 821 5410 etc.
853 5353 969 5409 Non
1016 5352 1386 5427 displicuisset
1425 5365 1677 5420 nostrum,
1719 5358 1800 5427 vel
1838 5359 2150 5427 justorum;

556 5422 803 5482 sedcum
838 5441 1012 5497 neque
1049 5426 1101 5479 in
1142 5422 1423 5497 Vaticano,
1454 5440 1644 5497 neque
1686 5427 1739 5478 in
1773 5422 1997 5494 Regina:
2039 5442 2141 5480 ms.

555 5513 665 5554 vox
700 5499 788 5553 illa
822 5495 1106 5561 habeatur,
1138 5496 1310 5550 satius
1338 5495 1593 5549 duximus
1622 5497 2062 5564 espttngendam.

631 5580 653 5608 ο
692 5569 933 5639 Negandi
976 5568 1296 5637 particulam
1338 5583 1683 5639 nequaquam,
1724 5574 1923 5639 utpote
1964 5568 2149 5622 sensui

560 5636 923 5696 necessariam
946 5636 1259 5703 srull'ecimus
1281 5655 1346 5691 ex
1378 5652 1507 5692 mss.
1535 5636 1803 5693 Victorius
1828 5652 2047 5708 quoque
2071 5640 2151 5693 in-

557 5712 820 5765 terseruit
852 5714 1033 5780 (quem
1059 5708 1350 5777 aliquando
1381 5709 1663 5762 consulere
1690 5708 2033 5763 \lartianmus
2058 5710 2149 5764 dc»

2251 4574 2597 4631 transgressor
2626 4559 2750 4629 legis
2781 4555 2992 4630 (Ibid).
3022 4555 3185 4611 Levia
3212 4570 3335 4609 cum
3369 4553 3578 4609 levibus
3607 4594 3620 4613 ,
3655 4560 3713 4607 et
3734 4565 3853 4621 gra-

2255 4654 2339 4706 via
2372 4668 2493 4707 cum
2540 4652 2793 4721 gravibus
2838 4656 3247 4717 comparantur.
3283 4645 3391 4701 Nec
3422 4644 3593 4698 ferula
3625 4643 3850 4712 dignum

2256 4746 2473 4810 vitium,
2510 4745 2687 4813 gladio
2717 4741 3099 4797 vindicandum
3128 4751 3249 4804 est;
3284 4753 3384 4793 nec
3414 4736 3596 4807 gladio
3626 4735 3848 4807 dignum

2255 4841 2433 4895 scelus
2456 4882 2471 4905 ,
2504 4839 2677 4895 ferula
2708 4837 3093 4894 coercendum.
3128 4833 3188 4890 C.
3220 4834 3381 4898 Esto,
3415 4841 3475 4887 ut
3502 4832 3686 4886 nullos
3708 4832 3850 4886 San—

2253 5002 2482 5072 buisset)
2512 5012 2565 5057 et
2602 5001 2804 5057 foedum
2840 4999 3053 5054 Erasmi
3098 5012 3340 5053 errorem
3380 4994 3679 5052 emendare
3723 5010 3847 5067 pro-

2254 5073 2434 5128 fessus
2459 5084 2562 5127 est.

2324 5143 2347 5180 ά
2378 5145 2580 5210 νειιίοη
2621 5142 2810 5197 Nonne
2853 5142 2961 5197 Deo
3009 5141 3239 5210 subjecta
3277 5139 3422 5203 erit.,
3464 5148 3598 5203 etc.,
3645 5139 3847 5207 absque

2252 5216 2371 5279 sibi,
2404 5232 2563 5285 quam
2591 5230 2778 5269 vocem
2810 5224 2994 5269 textus
3018 5210 3197 5266 nullus
3224 5210 3369 5281 quod
3395 5211 3590 5276 sciam,
3617 5222 3711 5264 aut
3733 5226 3853 5264 vcr—

2253 5288 2336 5341 sio
2369 5288 2475 5341 ulla
2508 5287 2724 5355 recipit.

2328 5370 2349 5394 (⁸
2382 5358 2510 5412 Vid.
2541 5350 2740 5412 librum
2772 5356 2838 5410 de
2867 5354 3048 5411 Gestis
3075 5353 3282 5421 Pelagii
3307 5368 3427 5417 cap.
3464 5353 3551 5415 Η,
3576 5368 3726 5405 num.
3757 5350 3845 5405 δὲ.

2333 5429 2351 5465 τ
2388 5427 2627 5485 Verbum
2658 5428 2862 5482 videtur
2884 5428 2937 5480 in
2962 5426 3183 5488 Regina:
3217 5440 3317 5478 ms.
3343 5423 3711 5477 desideratur.
3736 5422 3850 5476 (Σιε-

2259 5510 2435 5555 terum
2473 5499 2662 5555 confer
2694 5499 2978 5561 Augustini
3022 5496 3325 5559 EpiStolam
3360 5495 3426 5548 ad
3461 5494 3846 5563 Hieronymum

2259 5573 2399 5627 inter
2444 5571 2894 5641 Hieronymianas
2936 5569 2988 5622 in
3022 5568 3344 5641 recensione
3394 5578 3577 5619 nostra
3626 5563 3839 5641 l52_de

2258 5644 2381 5701 loco
2405 5642 2619 5710 Jacobi,
2649 5635 2749 5709 Qui
2778 5638 3051 5705 o/fenderit
3092 5638 3148 5692 in
3174 5654 3275 5691 uno
3308 5641 3479 5707 factus
3508 5646 3581 5689 est
3624 5635 3843 5690 omnium

2260 5728 2395 5767 rem.
