4054 6396
217 410 317 467 515

215 613 355 683 quod
388 619 569 678 potest
616 610 825 677 facere,
861 612 903 664 si
938 610 1169 677 fecerit,
1201 626 1323 666 esse
1375 609 1692 679 perfectum.
1746 611 1808 661 Α.

216 702 332 759 Non
360 712 517 759 tenes
563 704 691 774 quid
724 719 886 774 supra
939 703 1217 759 dixerim?
1262 701 1321 759 C.
1364 702 1633 769 Quidnam
1683 699 1813 755 illud

215 796 341 851 est?
366 796 433 848 A.
465 795 769 852 Perfectum
799 811 919 853 esse
950 795 1005 851 in
1034 812 1100 852 eo
1148 796 1291 869 quod
1323 795 1449 852 fecit
1474 837 1487 860 ,
1530 804 1586 851 et
1614 796 1815 865 imper-

215 888 415 945 fectum
446 889 499 943 in
545 904 643 957 eo,
692 890 833 961 quod
861 888 1043 945 facere
1076 904 1184 945 non
1219 888 1413 959 potuit.
1444 886 1505 941 C.
1537 886 1647 943 Sed
1676 887 1819 942 sicut

214 982 494 1050 perfectus
517 988 603 1036 est
646 980 698 1034 in
727 996 792 1037 eo
839 981 981 1050 quod
1015 982 1140 1036 fecit
1166 1025 1179 1047 ,
1226 980 1351 1051 quia
1384 980 1561 1035 facere
1600 977 1816 1046 voluit,

215 1072 290 1127 ita
323 1081 375 1126 et
405 1072 460 1125 in
484 1086 582 1138 eo,
617 1087 712 1141 per
740 1072 885 1140 quod
918 1072 1276 1142 imperfectus
1305 1080 1426 1137 est,
1455 1071 1581 1141 quia
1608 1085 1713 1126 non
1744 1071 1820 1125 fe-

215 1163 287 1218 cit
314 1204 328 1228 ,
366 1161 673 1233 perfectura
706 1178 827 1220 esse
853 1163 1100 1233 potuisse
1119 1205 1134 1230 ,
1164 1164 1209 1219 si
1236 1162 1415 1219 facere
1440 1162 1722 1219 voluisset.
1752 1162 1815 1216 Α.

217 1256 353 1323 Quis
393 1255 544 1311 enim
570 1271 677 1311 non
708 1257 821 1311 vult
845 1256 1029 1313 facere
1067 1257 1208 1326 quod
1242 1256 1537 1328 perfectum
1565 1258 1689 1312 est?
1716 1255 1823 1310 Aut

216 1350 341 1421 quis
367 1366 479 1404 non
505 1350 714 1405 cunctis
760 1352 943 1421 cupiat
983 1350 1178 1405 ﬂorere
1209 1350 1537 1404 virtutibus?
1562 1349 1619 1405 Si
1651 1357 1818 1403 totum

218 1442 459 1511 requiris
500 1441 569 1494 ab
612 1442 901 1509 omnibus,
930 1442 1092 1513 715
1139 1442 1285 1496 tollis
1324 1457 1505 1496 rerum
1535 1441 1822 1497 diversita-

215 1541 331 1590 tem
353 1576 367 1598 ,
398 1543 456 1590 et
475 1536 773 1604 gratiarum
800 1534 1115 1589 distantiam
1144 1576 1158 1601 ,
1212 1544 1267 1589 et
1294 1534 1571 1590 Creatoris
1596 1533 1823 1589 artiﬁcis

217 1628 577 1693 varietatem,
614 1626 767 1696 cujus
805 1641 961 1682 sacro
1008 1626 1282 1696 Propheta
1328 1636 1486 1682 sonat
1532 1627 1774 1681 carmine
1808 1643 1820 1677 :

220 1719 419 1775 Omnia
446 1721 499 1775 in
527 1720 781 1791 sapientia
812 1721 984 1790 fecisti
1015 1719 1188 1790 (Psal.
1221 1735 1338 1785 cm,
1364 1718 1482 1790 Ἃ).
1515 1718 1825 1790 lndignetur

215 1811 446 1878 lucifer,
479 1826 645 1882 quare
671 1811 939 1881 fulgorem
972 1812 1116 1866 luna:
1147 1827 1253 1865 non
1288 1811 1504 1867 habeat.
1550 1809 1697 1866 Luna
1730 1825 1823 1863 su-

1106 401 1451 463 DIALOGUS
1493 400 1860 461 ADVERSUS
1901 396 2356 459 PELAGIANOS.
2400 400 2530 457 LIB.
2572 401 2613 456 1.

217 532 424 579 ctorum
452 531 641 574 omnes
662 518 893 574 virtutes
922 518 1140 585 habeat;
1171 520 1274 573 hoc
1301 527 1451 575 certe
1475 518 1651 581 dabis,
1676 519 1726 571 in
1751 533 1815 573 eo
1847 520 1894 581 Α

3404 403 3509 462 514

1994 516 2084 571 ‘20.
2106 515 2369 581 Quantum
2384 515 2536 569 homo
2553 531 2584 567 a
2601 514 2711 569 Deo
2730 514 3035 581 ili/ferat.-—
3049 515 3108 571 ϐ.
3141 516 3347 574 Nimius
3367 534 3427 574 es
3458 521 3512 575 in

1918 624 2023 665 una
2060 618 2224 678 atque
2254 609 2445 664 eadem
2475 609 2775 678 quaestione
2804 650 2814 671 ,
2848 617 2907 662 nt
2934 608 3262 676 persuadere
3302 610 3516 663 coneris

1920 704 2198 759 hominem
2231 704 2483 758 universa
2517 703 2679 758 simul
2714 702 2917 758 habere
2948 703 3111 775 716
3158 718 3264 757 non
3314 718 3475 772 posse
3500 743 3517 769 ,

1920 799 2071 866 quasi
2105 806 2195 852 aut
2246 797 2505 851 inviderit
2533 805 2627 850 aut
2665 809 2775 849 non
2810 795 3047 865 potuerit
3080 798 3222 850 Deus
3258 802 3522 866 praestare

1920 889 2140 958 imagini
2168 896 2223 943 et
2251 886 2600 942 similitudini
2643 901 2757 941 suae
2781 927 2796 953 ,
2831 894 2890 940 ut
2921 886 2971 940 in
3013 886 3266 942 omnibus
3293 902 3525 956 respon-

1920 982 2045 1037 deat
2074 997 2174 1037 sno
2199 981 2467 1037 Creatori.
2495 982 2558 1034 Α.
2596 980 2782 1051 Egone
2814 981 3047 1045 nimius,
3083 996 3149 1035 an
3186 982 3278 1036 tu?
3308 982 3400 1052 qui
3428 996 3523 1037 so-

1922 1074 2033 1128 luta
2065 1074 2350 1143 proponis;
2384 1084 2438 1129 et
2472 1088 2577 1128 non
2609 1072 2871 1143 intelligis
2894 1073 3039 1127 aliud
3071 1088 3192 1130 esse
3213 1074 3524 1130 similitudi-

1923 1181 2080 1232 nem,
2110 1164 2256 1219 aliud
2287 1165 2651 1230 aequalitatem
2684 1183 2698 1218 :
2751 1164 2883 1219 illud
2926 1165 3193 1233 picturam
3219 1206 3235 1230 ,
3270 1165 3375 1222 hoc
3403 1181 3526 1223 esse

1924 1254 1949 1293 ά
1984 1257 2296 1311 veritatem.
2329 1256 2502 1312 Verus
2536 1270 2708 1326 equus
2754 1270 3071 1325 camporum
3120 1258 3295 1327 spatia
3348 1269 3525 1313 trans-

1925 1348 2076 1403 volat
2101 1388 2115 1413 ,
2149 1349 2325 1417 pictus
2367 1347 2559 1417 parieti
2601 1346 2774 1401 haeret
2799 1347 2850 1401 in
2882 1362 3067 1402 curru.
3099 1346 3286 1402 Ariani
3314 1348 3406 1403 Dei
3440 1348 3529 1403 Fi-

1927 1439 2000 1495 lio
2027 1456 2132 1493 non
2158 1440 2488 1505 concedunt,
2507 1439 2650 1509 quod
2686 1449 2739 1493 tu
2771 1438 2919 1493 omni
2939 1438 3149 1494 homini
3176 1440 3390 1495 tribuis.
3417 1440 3525 1497 Alii

1929 1546 2035 1585 non
2062 1530 2268 1585 audent
2288 1530 2658 1601 perfectumin
2685 1528 2904 1586 Christo
2931 1528 3210 1583 hominem
3241 1530 3490 1587 confiteri
3508 1573 3525 1600 ,

1931 1639 2001 1678 ne
2022 1623 2307 1693 suscipere
2337 1623 2389 1676 in
2418 1637 2484 1677 eo
2514 1621 2750 1676 hominis
2779 1630 3001 1691 peccata
3039 1629 3303 1692 cogantur
3333 1640 3347 1677 :
3375 1622 3530 1693 quasi

1930 1717 2206 1789 potentior
2232 1717 2301 1771 sit
2323 1718 2528 1772 creatio
2553 1714 2849 1780 Creatore;
2879 1725 2933 1770 et
2965 1714 3200 1786 idipsum
3232 1714 3376 1770 filius
3414 1725 3532 1770 tan-

1932 1821 2043 1865 tum
2076 1811 2347 1876 hominis,
2402 1808 2548 1880 quod
2584 1809 2677 1864 Dei
2706 1808 2901 1863 Filius.
2931 1807 3037 1863 Aut
3082 1809 3244 1880 igitur
3285 1823 3536 1879 propone

215 1921 318 1976 per
341 1906 460 1960 suis
501 1905 805 1961 defectibus
833 1915 890 1961 et
930 1906 1122 1961 labore
1151 1914 1408 1960 causetur
1432 1948 1445 1970 ,
1482 1920 1580 1959 cur
1622 1918 1820 1959 annum
1855 1914 1904 1974 Β
1930 1903 2068 1968 alia,
2100 1903 2301 1972 quibus
2334 1900 2736 1971 respondeam;
2770 1910 2862 1955 aut
2896 1900 3085 1956 desine
3114 1903 3433 1971 superbire,
3479 1910 3536 1958 et

211 1999 350 2055 solis
377 1999 643 2055 circulum
675 2000 902 2069 singulis
932 2000 1214 2055 mensibus
1239 1999 1475 2068 expleat.
1511 1998 1605 2054 Sol
1632 2012 1829 2067 quera—

212 2097 332 2157 tur,
366 2090 504 2161 quid
537 2090 827 2147 otl'enderit
854 2101 911 2145 ut
956 2091 1101 2146 luna:
1149 2106 1314 2145 cursu
1345 2090 1548 2145 tardior
1584 2091 1674 2145 sit.
1710 2091 1831 2146 Cla-

208 2200 432 2241 memus
462 2195 518 2241 et
547 2199 649 2240 nos
679 2184 1019 2249 homunculi,
1052 2184 1181 2253 quid
1223 2198 1403 2238 causae
1445 2183 1744 2249 exstiterit,
1774 2192 1832 2238 ut

207 2276 478 2332 homines
506 2286 562 2331 et
591 2292 696 2329 non
726 2276 921 2345 Angeli
954 2276 1077 2328 facti
1120 2274 1292 2328 simus
1319 2292 1331 2327 :
1362 2290 1687 2344 quamquam
1718 2260 1833 2328 ma-

203 2370 387 2439 gister
414 2376 607 2422 vester
627 2408 641 2431 ,
671 2375 697 2402 ιι
747 2367 773 2421 ὁ
803 2369 1051 2443 ἀρχαῖος,
1087 2366 1156 2421 de
1188 2366 1345 2435 cujus
1377 2367 1492 2420 hazc
1522 2367 1668 2420 fonte
1710 2381 1835 2434 pro-

203 2458 462 2523 cedunt,
501 2472 692 2511 omnes
742 2457 1040 2511 rationales
1099 2466 1382 2511 creaturas
1427 2472 1582 2527 aequo
1629 2467 1837 2513 asserat

195 2554 333 2625 jure
358 2551 626 2607 conditas
654 2593 669 2617 ,
700 2560 761 2605 ut
790 2552 962 2604 instar
988 2550 1374 2620 quadrigarum
1397 2558 1452 2604 et
1480 2564 1737 2604 curruum
1767 2548 1835 2604 de

205 2644 550 2701 mrceribus
578 2652 843 2697 exeuntes
863 2683 878 2708 ,
910 2642 961 2696 in
996 2642 1179 2697 medio
1210 2641 1388 2711 spatio
1421 2642 1503 2695 vel
1532 2651 1830 2709 corruant,

202 2739 297 2794 vel
352 2736 789 2808 praetervolent,
838 2742 893 2790 et
947 2734 1014 2789 ad
1066 2743 1251 2803 optata
1318 2735 1656 2803 perveniant.
1712 2735 1836 2789 Ele-

199 2829 409 2903 phanti
444 2837 621 2882 tantae
670 2826 864 2893 molis,
918 2834 975 2882 et
1013 2826 1249 2897 gryphes
1282 2826 1334 2880 in
1383 2842 1481 2881 sua
1512 2826 1538 2863 ι)
1569 2827 1835 2897 gravitate

197 2932 565 2982 causentur,
611 2933 708 2972 cur
748 2917 1031 2987 quaternis
1093 2916 1320 2986 pedibus
1368 2916 1653 2983 incedant,
1711 2933 1833 2972 cum

198 3028 452 3081 muscae,
487 3010 840 3078 calicesque,
869 3016 925 3064 et
950 3017 1150 3063 czetera
1179 3008 1554 3077 hujuscemodi
1588 3010 1835 3062 animan-

200 3109 275 3162 tia
307 3108 419 3162 sub
452 3104 719 3176 pennulis
746 3118 912 3158 senos
939 3102 1110 3173 pedes
1140 3102 1406 3166 habeant,
1438 3114 1492 3157 et
1520 3102 1685 3172 aliqui
1716 3118 1837 3157 ver-

200 3200 399 3256 miculi
454 3199 611 3261 sint,
641 3197 730 3265 qui
774 3196 938 3249 tantis
968 3195 1195 3265 pedibus
1226 3203 1503 3258 scatcant,
1540 3205 1627 3260 ut,
1673 3196 1836 3249 inmt-

1932 1995 1996 2050 da
2028 1995 2257 2065 gloriam
2283 1994 2418 2050 Deo.
2451 1992 2510 2047 C.
2538 1993 2828 2047 Immemor
2848 2007 2909 2047 es
2938 2002 2961 2029 ε
2990 1993 3368 2062 responsionis
3400 2002 3529 2059 tuae;

1931 2098 1987 2142 et
2011 2086 2137 2141 dum
2155 2085 2824 2157 argumentajargumentis
2840 2084 3144 2149 connectis,
3164 2100 3224 2137 ac
3241 2101 3335 2153 per
3350 2084 3533 2155 Scrip-

1933 2190 2176 2236 turarum
2210 2181 2510 2235 latissimos
2547 2193 2805 2249 campos,
2854 2177 3085 2233 infrenis
3121 2176 3248 2248 equi
3278 2178 3536 2232 libertate

1933 2274 2221 2329 baccharis
2244 2316 2258 2339 ,
2288 2288 2456 2342 super
2485 2272 2786 2327 fortissima
2826 2272 3131 2341 quaestione
3161 2310 3174 2335 ,
3208 2272 3295 2326 cui
3326 2268 3538 2341 pollici-

1936 2374 2022 2420 tus
2061 2380 2120 2419 es
2169 2376 2222 2419 te
2252 2366 2304 2419 in
2355 2364 2824 2435 consequentibus
2860 2378 3285 2434 responsurum,
3318 2362 3539 2418 omnino

1938 2459 2192 2524 tacuisti,
2224 2458 2558 2512 oblivionem
2591 2458 2859 2512 simulans
2881 2499 2897 2523 ,
2924 2466 2981 2511 ut
3040 2456 3421 2513 necessitatem
3449 2471 3541 2512 re-

1936 2552 2249 2622 Sponsionis
2267 2551 2553 2607 evaderes.
2580 2550 2804 2621 Sedpego
2818 2551 3017 2605 stultus
3039 2551 3105 2605 ad
3130 2550 3323 2605 horam
3350 2549 3538 2617 tribui,

1936 2644 2084 2716 quod
2119 2647 2378 2716 petebas,
2432 2646 2753 2701 existimans
2791 2644 3107 2700 oblaturum
3151 2654 3348 2714 sponte
3399 2643 3544 2714 quod

1934 2751 2259 2806 acceperas,
2292 2746 2346 2791 et
2380 2751 2487 2791 non
2542 2736 2885 2790 admonitum
2934 2735 3170 2791 reddere
3201 2735 3346 2805 quod
3379 2735 3547 2791 debe-

1937 2826 2055 2881 bas.
2090 2828 2155 2880 A.
2189 2826 2303 2882 Nisi
2342 2826 2535 2891 fallor,
2568 2826 2638 2881 de
2681 2825 3043 2897 possibilihus
3076 2826 3348 2881 mandatis
3374 2824 3545 2884 dilata

1936 2929 2020 2975 est
2053 2920 2360 2989 responsio.
2396 2919 2544 2974 Pone
2574 2921 2740 2989 igitur
2766 2930 2823 2974 ut
2856 2921 3117 2975 volueris.

2008 3011 2098 3064 2i.
2129 3010 2404 3074 Quomodo
2432 3010 2699 3078 possibilia
2719 3012 2971 3064 mandata
3002 3009 3100 3064 Dei
3129 3011 3410 3067 sint.—C.
3438 3013 3550 3069 Aut

1937 3103 2221 3174 possibilia
2256 3103 2400 3156 Deus
2434 3102 2688 3156 mandata
2717 3101 2899 3168 dedit,
2935 3113 3029 3156 aut
3069 3102 3456 3173 impOSsibilia.
3490 3104 3549 3162 Si

1939 3194 2219 3264 possibilia
2248 3236 2261 3261 ,
2292 3194 2345 3248 in
2387 3204 2572 3248 nostra
2605 3202 2879 3264 potestate
2909 3206 2993 3249 εει
3033 3210 3095 3249 ea
3129 3196 3347 3263 facere,
3378 3197 3424 3252 si
3456 3212 3552 3253 ve-

198 3291 531 3349 merabiles
559 3288 717 3344 simul
762 3295 975 3347 motus,
1020 3286 1168 3339 nulla
1196 3286 1342 3340 acies
1383 3285 1833 3355 comprehendat.
1864 3292 1910 3353 (ζ
1944 3284 2127 3339 limus.
2173 3285 2227 3339 Si
2280 3284 2643 3354 impossibilia
2669 3327 2682 3352 ,
2734 3300 2837 3342 nec
2868 3285 2918 3339 in
2948 3284 3051 3340 hoc
3097 3288 3179 3353 rei
3223 3302 3452 3353 sumus,
3502 3288 3552 3343 si

200 3384 371 3439 Dicat
418 3382 556 3436 haec
603 3378 839 3432 Marcion
874 3385 928 3431 et
958 3391 1147 3431 omnes
1176 3376 1450 3442 lia-retici,
1483 3377 1575 3445 qui
1619 3375 1844 3431 Creato-

196 3477 282 3533 ris
329 3471 621 3543 operibus
654 3468 909 3523 illudunt.
958 3467 1211 3523 Vestrum
1243 3467 1519 3522 decretura
1567 3467 1845 3539 hucusque

195 3567 565 3642 perveniet,
619 3571 679 3619 ut
706 3563 835 3618 dum
883 3562 1093 3633 singula
1144 3562 1580 3629 calumniantur,
1628 3577 1844 3616 manum

196 3661 480 3732 injiciant
515 3656 670 3721 Deo,
701 3670 798 3710 cur
822 3655 969 3710 solus
996 3654 1138 3711 Deus
1160 3656 1261 3720 sit,
1285 3670 1381 3710 cur
1414 3655 1671 3709 inviderit
1695 3670 1849 3710 crea-

200 3756 351 3811 turis
372 3796 389 3821 ,
420 3760 488 3806 ut
523 3763 641 3803 non
668 3763 857 3803 omnes
883 3747 1073 3803 eadem
1100 3748 1336 3817 polleant
1360 3748 1662 3817 majestate.
1695 3746 1846 3815 Quod

197 3851 341 3906 licet
378 3862 503 3903 non
544 3843 747 3899 dicatis
782 3844 1005 3915 (neque
1033 3843 1177 3897 enim
1229 3852 1334 3896 tam
1377 3843 1552 3897 insani
1592 3843 1758 3905 estis,
1790 3848 1851 3895 ut

199 3950 409 4010 aperte
444 3948 471 3975 ο
517 3933 843 4004 repugnetis
872 3934 1043 4001 Deo),
1072 3943 1248 3989 tamen
1297 3933 1420 3989 aliis
1449 3934 1629 3989 verbis
1679 3932 1855 4002 loqui-

200 4033 390 4100 mini,
451 4045 591 4087 rem
626 4029 750 4091 Dei,
787 4028 992 4083 homini
1031 4029 1356 4098 copulantes
1383 4070 1396 4094 ,
1448 4038 1505 4083 ut
1549 4030 1618 4083 sit
1650 4029 1855 4098 absque

154 4101 163 4110 .
197 4132 455 4198 peccato
483 4164 499 4188 ,
534 4119 691 4190 quod
729 4128 783 4173 et
837 4121 977 4174 Deus
1007 4130 1111 4175 est.
1162 4120 1318 4176 Unde
1370 4121 1662 4189 Apostolus
1692 4135 1855 4191 super

196 4218 457 4273 diversis
494 4214 768 4268 intonans
796 4211 987 4279 gratiis
1033 4212 1273 4279 loquitur
1308 4229 1320 4263 :
1356 4210 1643 4265 Divisiones
1675 4213 1849 4266 dona-

200 4313 424 4365 tionum
459 4312 629 4365 sunt,
664 4302 801 4354 idem
841 4309 1010 4353 autent
1043 4300 1313 4367 Spiritus;
1342 4311 1388 4354 et
1437 4302 1715 4357 divisiones
1746 4305 1846 4356 mi-

201 4400 587 4457 nisteriorum
630 4402 784 4458 sunt,
829 4391 921 4444 sed
968 4390 1104 4443 idem
1143 4389 1397 4446 Dominus
1431 4407 1448 4445 :
1501 4401 1547 4447 et
1576 4394 1854 4449 divisiones

198 4496 615 4566 operationum
653 4491 803 4549 sunt;
855 4498 989 4537 unus
1037 4491 1208 4535 autem
1252 4481 1431 4548 Deus,
1480 4485 1567 4552 qui
1614 4494 1855 4554 operatur

198 4591 403 4648 omnia
427 4588 491 4641 in
520 4580 770 4639 omnibus
801 4578 847 4651 (Ι
876 4576 998 4632 Cor.
1027 4591 1126 4643 xu,
1157 4574 1215 4642 4,
1248 4574 1329 4645 5).

1948 3392 2053 3431 non
2086 3376 2348 3443 facimus,
2384 3377 2527 3447 quod
2583 3378 2809 3447 implere
2842 3393 2949 3432 non
2998 3394 3312 3449 possumus.
3345 3382 3425 3437 Ac
3456 3397 3555 3450 per

1948 3471 2053 3524 hoc
2081 3470 2195 3525 sive
2219 3471 2503 3539 possibilia
2523 3471 2673 3526 dedit
2706 3472 2848 3527 Deus
2872 3473 3128 3528 mandata
3159 3516 3173 3540 ,
3204 3476 3319 3530 sive
3345 3475 3553 3543 impos-

1949 3563 2155 3628 sibilia,
2187 3571 2367 3633 potest
2397 3564 2559 3618 homo
2598 3564 2715 3619 sine
2745 3574 2968 3633 peccato
3005 3580 3126 3619 esse
3147 3607 3160 3630 ,
3194 3565 3239 3619 si
3282 3563 3435 3619 velit.
3485 3564 3551 3619 Α.

1950 3656 2149 3724 Quaeso
2174 3666 2233 3710 ut
2264 3656 2535 3725 patienter
2574 3656 2792 3722 audias;
2830 3670 2938 3711 non
2968 3658 3112 3711 enim
3137 3657 3205 3711 de
3234 3655 3556 3711 adversario

1948 3748 2260 3815 victoriam,
2292 3748 2386 3803 sed
2412 3758 2601 3803 contra
2643 3748 2984 3804 mendacium
3018 3749 3314 3819 qumrimus
3343 3748 3545 3802 verita-

1952 3853 2084 3899 tem.
2112 3844 2253 3898 Deus
2290 3844 2583 3913 possibiles
2620 3843 2772 3898 dedit
2804 3846 3044 3898 humano
3076 3842 3094 3880 ί
3146 3842 3331 3911 generi
3364 3857 3559 3900 omnes

1952 3947 2098 3993 artes
2121 3978 2135 4003 ,
2160 3936 2360 4007 quippe
2387 3952 2523 4007 quas
2543 3937 2759 4006 plurimi
2791 3936 3100 3992 didicerunt
3122 3933 3301 4005 (Plato
3317 3936 3370 3989 in
3400 3936 3555 4007 Sym-

1956 4029 2125 4101 posio)
2156 4045 2175 4082 :
2218 4038 2277 4082 ut
2310 4039 2517 4084 taceam
2560 4028 2629 4084 de
2676 4028 2783 4095 his,
2817 4043 2949 4099 quas
2981 4029 3155 4085 Grmci
3192 4037 3215 4074 8
3248 4028 3553 4100 βαναύσους

1958 4131 2196 4188 vocant,
2229 4137 2330 4177 nos
2362 4121 2427 4175 ad
2455 4136 2619 4191 opera
2653 4122 2813 4193 717
2841 4136 3096 4176 manuum
3130 4119 3407 4191 pertinere
3436 4136 3562 4190 pos-

1958 4228 2146 4267 sumus
2179 4211 2367 4266 dicere
2400 4227 2414 4265 :
2449 4211 2597 4266 verbi
2649 4216 2821 4282 gratia
2852 4255 2867 4279 ,
2900 4211 3348 4283 grammaticam,
3375 4210 3565 4268 rheto-

1958 4305 2124 4361 ricam
2150 4347 2164 4371 ,
2222 4304 2584 4375 philosophia:
2632 4306 2734 4360 tria
2768 4321 2968 4375 genera
2992 4348 3006 4373 ,
3054 4304 3331 4376 physicam
3356 4344 3372 4371 ,
3416 4304 3563 4359 ethi-

1960 4414 2118 4467 cam,
2174 4398 2439 4469 logicam,
2492 4399 2851 4469 geometriam
2903 4414 3152 4468 quoque,
3210 4409 3265 4454 et
3309 4407 3565 4455 astrono-

1962 4493 2150 4553 miam.
2193 4491 2575 4562 astrologiam,
2610 4489 3035 4557 arithmeticam,
3071 4488 3099 4525 ιι
3127 4491 3413 4558 musicam,
3443 4506 3565 4563 qua:

1963 4595 2017 4639 et
2038 4585 2173 4654 ipsa:
2206 4594 2389 4655 partes
2419 4580 2781 4655 philosophiae
2809 4590 2935 4636 sunt
2962 4599 2974 4636 :
3010 4580 3339 4639 medicinam
3372 4584 3562 4652 etiam,

287 4780 315 4805 η
356 4765 427 4823 Id
447 4769 551 4837 est
586 4759 853 4837 antiquus.
878 4756 992 4837 Hoc
1016 4756 1241 4837 nomine
1275 4755 1557 4837 Platonem
1580 4756 1740 4837 linnui
1769 4771 1864 4810 vo-
1890 4763 1945 4825 1)
1970 4762 2155 4825 stione,
2187 4761 2557 4837 cuipollicitus
2582 4780 2658 4837 es,
2690 4762 2815 4837 tein
2836 4764 3261 4837 consequentibus
3292 4782 3575 4837 responsu—

201 4842 374 4900 lehat
429 4827 736 4890 Erasmus.
784 4829 1052 4884 Vit-torius
1084 4839 1140 4885 et
1185 4827 1545 4900 Martianaeus
1573 4830 1863 4895 Origenem

208 4898 597 4977 intelligunt.
644 4900 1485 4977 V_i_de_Garnerium__Diss_ertat.
1534 4898 1586 4952 in
1638 4900 1865 4977 Marium

207 4968 652 5046 Merca‘trorem,
685 4972 808 5026 Veri
847 4972 1011 5046 etiam
1058 4972 1239 5046 simile
1286 4970 1357 5024 sit
1386 4968 1632 5046 ’Apxazoo
1670 4969 1862 5046 Origg.

210 5072 354 5111 nem
394 5043 678 5105 convicio
717 5044 949 5111 quodam
980 5044 1262 5113 appellari,
1299 5042 1452 5113 quod
1476 5054 1666 5113 auctor
1701 5044 1867 5096 exsti-

214 5128 357 5183 terit
387 5117 604 5194 operis~
630 5118 749 5194 περὶ
776 5116 981 5194 fama.»
1002 5111 1023 5179 ;'
1050 5111 1283 5183 eumque
1310 5111 1604 5169 festivitate
1636 5113 1867 5183 quadam

212 5184 529 5255 sermonis
568 5184 811 5241 irrideri.

301 5268 329 5305 ι»
363 5265 517 5319 Haec
548 5256 813 5310 videlicet
840 5255 1076 5310 celebris
1100 5256 1331 5325 quaestio
1364 5266 1504 5322 erat,
1539 5272 1698 5325 quam
1736 5266 1790 5311 et
1815 5256 1872 5311 S.

215 5335 525 5396 Barnaba:
574 5329 639 5383 in
688 5326 1173 5393 llecognitiouibus
1216 5327 1732 5382 Pseudo-Clementi
1778 5327 1874 5381 ad-

215 5408 469 5476 scriptis
546 5397 872 5476 Ph_il_osophi
937 5400 1453 5476 preposuerantad
1513 5398 1875 5476 illudi-udum.

218 5468 360 5537 lani
390 5483 582 5531 antea
634 5468 727 5523 lth.
760 5485 815 5522 ιιι
859 5482 1048 5523 contra
1079 5468 1331 5523 Rulinum
1369 5471 1505 5523 hanc
1544 5470 1647 5523 sibi
1682 5484 1881 5537 propo-

219 5566 376 5609 nens
426 5545 852 5610 Hieronymus,
902 5549 1157 5610 tanquam
1208 5541 1453 5595 inutilem
1501 5540 1880 5595 difficultatem

218 5621 613 5691 εχμιυβςΐίιι.

307 5682 328 5729 ἒ
370 5687 541 5745 Editi
578 5684 846 5755 pugnetis,
874 5682 1238 5737 renitentibus
1268 5697 1401 5736 mss.

301 5762 330 5801 α
372 5762 519 5815 Mss.
537 5798 555 5819 ,
579 5753 697 5805 ‘hoc
724 5770 833 5807 esse
855 5754 1089 5821 corporis
1111 5756 1394 5807 veritatem.

308 5846 333 5870 ε’
364 5824 684 5895 Rescribit
720 5823 991 5895 Yictorius
1020 5826 1314 5895 sponsionis
1347 5840 1413 5878 ex
1453 5838 1589 5878 mss.
1619 5834 1782 5893 atque
1821 5843 1891 5881 ex

224 5919 303 5969 οο
326 5948 341 5976 ,
376 5898 545 5975 quod
586 5893 783 5950 subdit
814 5893 1206 5965 Hieronymus,
1236 5912 1395 5966 super
1430 5896 1716 5967 fortissima
1744 5914 1890 5969 quic-

1975 4848 2114 4896 rum,
2151 4835 2359 4887 omnino
2392 4836 2621 4895 tacuisti,
2653 4834 2958 4886 oblivionem
2982 4834 3255 4889 simulans.

2054 4903 2071 4941 ί
2108 4905 2250 4977 idem
2294 4902 2571 4977 Victorius
2603 4918 2679 4977 ex
2725 4902 2900 4977 tribus
2939 4902 3295 4971 Florentinis,
3345 4906 3576 4977 aliisque

1977 4974 2245 5030 ltrixianis
2270 4988 2403 5048 mss.
2438 4974 2647 5048 ingenio
2676 4973 2919 5048 scripsit,
2953 4990 3064 5048 pro
3080 4978 3253 5048 generi
3270 4992 3289 5039 ;
3315 4992 3382 5029 ex
3408 4973 3584 5045 eoque

1980 5050 2195 5116 probat,
2229 5042 2373 5116 quod
2402 5042 2587 5098 subdit
2614 5042 2927 5116 S.7D0ctor,
2958 5042 3099 5111 Quis
3121 5058 3375 5107 nostrum,
3399 5042 3584 5115 quam-

1979 5115 2053 5171 bis
2081 5119 2145 5169 sit
2172 5115 2489 5188 ingeniosus,
2526 5115 2713 5184 poterit
2741 5116 2920 5188 omnia
2946 5117 3415 5188 comprehendere?

2056 5198 2079 5233 Β
2119 5186 2283 5241 Vetus
2315 5186 2447 5265 edit.
2488 5189 2822 5265 gnxavmégL
2856 5187 3012 5265 falso.
3047 5186 3250 5265 Cra-ce
3280 5198 3458 5265 autem
3489 5190 3589 5265 βάν

1988 5279 2177 5319 muco;
2218 5258 2437 5326 proprie
2484 5256 2670 5312 denis
2700 5257 2909 5312 artibus
2952 5259 3178 5330 dicitur,
3221 5276 3343 5330 qua:
3389 5256 3591 5317 lucina:

1988 5345 2181 5399 opera,
2213 5339 2307 5383 aut
2333 5329 2532 5382 camini
2560 5330 2869 5401 agitantur;
2905 5329 3031 5384 inde
3064 5347 3195 5386 vero
3222 5329 3288 5385 ad
3320 5331 3594 5401 quaslibet

1994 5400 2340 5455 mechanicas
2398 5400 2785 5470 signiﬁcandas
2839 5403 3165 5456 translatum
3216 5412 3301 5456 est
3340 5400 3587 5470 nomen,

1992 5471 2136 5542 quod
2170 5471 2424 5525 videlicet
2458 5471 2753 5527 illiberales
2783 5472 2914 5532 sint,
2947 5481 3110 5535 atque
3132 5487 3319 5527 earum
3351 5472 3592 5530 artifices

2000 5544 2068 5597 ab
2094 5541 2394 5596 honoribus
2424 5546 2860 5598 secluderentur.
2891 5542 2948 5595 S.
2992 5543 3269 5607 Clemens,
3297 5542 3459 5611 epist.
3484 5561 3502 5598 1
3530 5548 3598 5603 ad

1993 5612 2331 5689 Corinthios,
2362 5613 2672 5689 ﬁgurandam;
2695 5614 3191 5689 μεμαρτυρημένους
3213 5614 3471 5683 appellat,
3497 5620 3593 5689 qui

2000 5684 2284 5739 liberaliter
2310 5686 2691 5740 ministrarunt.

2072 5752 2098 5791 ιι
2133 5755 2331 5809 Vocem
2356 5758 2605 5811 musicam
2626 5767 2751 5810 ante
2783 5770 2883 5809 nos
2904 5754 3204 5821 Wetorius,
3228 5770 3293 5809 ex
3319 5755 3441 5811 aliis
3462 5774 3599 5821 mss.

2002 5826 2234 5881 suffecit.
2259 5826 2366 5881 Pro
2396 5827 2603 5884 Grmcis
2636 5827 2995 5897 verbis,_qua3
3042 5828 3469 5897 subsequuntur,
3504 5848 3602 5893 ve-

2004 5908 2091 5954 tus
2122 5896 2288 5953 editio
2310 5898 2376 5953 ad
2401 5899 2705 5957 recentium
2746 5895 3082 5955 medicorum
3111 5895 3356 5968 sensum,
3378 5914 3410 5957 e
3439 5902 3606 5971 ϐιρδς
