4036 6362
579 277 693 357 sui

1846 267 2649 342 S.EUSEBHlﬂERONYMi

3771 272 3866 344 sm

579 427 701 482 qua!
733 410 787 465 in
811 408 908 462 tria
942 403 1233 469 dividitur,
1264 403 1455 477 δόγμα,
1492 399 1719 473 μέθοδον,
1753 401 2021 477 ἐμπειρίαν
2057 399 2165 468 εῙιιι

2285 399 2427 470 quod
2461 398 2630 466 dixit,
2671 397 3174 468 irreprehensibilis,
3232 408 3324 454 aut
3353 399 3533 455 nullus
3559 441 3572 466 ,
3602 408 3698 456 aut
3724 417 3864 460 rarus

583 504 661 558 ris
716 515 932 570 quoque
984 508 1040 554 et
1097 498 1276 567 legum
1341 496 1647 552 scientiam.
1705 493 1840 560 Quis
1891 502 2179 559 nostrum,

582 595 833 664 quamvis
859 595 934 647 sit
962 591 1316 662 ingeniosus,
1363 591 1566 660 poterit
1610 591 1792 644 omnia
1831 588 2186 657 comprehen-

578 687 747 752 dere,
780 701 904 741 cum
936 684 1424 756 eloquentissimus
1455 683 1656 738 Orator
1704 680 1928 753 (Cicero)
1960 681 2028 735 de
2061 681 2182 736 rbe-

581 781 752 836 torica
772 817 788 846 ,
819 788 874 835 et
903 779 1039 848 iuris
1068 778 1294 832 scientia
1327 775 1652 846 disputans,
1685 775 1923 831 dixerit:
1963 791 1982 826 ι
2013 773 2180 829 Pauci

577 889 743 930 unum
772 881 1030 942 possunt,
1062 881 1350 940 utrumque
1379 884 1561 923 netno.
1600 887 1618 920 ι
1655 867 1815 923 Vides
1843 882 1974 936 ergo
1996 907 2011 931 ,
2036 865 2180 935 quod

581 969 729 1024 Deus
756 965 1018 1037 possibile
1039 964 1296 1034 iusserit,
1325 973 1379 1018 et
1402 972 1584 1018 tamen
1613 961 1665 1015 id
1689 1000 1703 1026 ,
1733 960 1881 1031 quod
1919 959 2180 1029 possibile

573 1073 690 1130 est,
723 1077 826 1134 per
854 1071 1100 1116 naturam
1153 1062 1360 1116 nullum
1394 1074 1556 1129 posse
1587 1056 1695 1130 [ΑΙ.
1727 1055 1995 1126 ροιυίεευ]
2030 1070 2180 1109 com-

575 1155 744 1221 plere.
789 1152 946 1208 Dedit
993 1154 1176 1222 itaque
1216 1160 1492 1222 praecepta
1538 1149 1796 1215 diversa,
1842 1148 2178 1216 virtutesque

576 1248 788 1312 varias,
821 1261 959 1318 quas
998 1261 1190 1302 omnes
1237 1246 1400 1301 simul
1452 1244 1652 1300 habere
1699 1258 1809 1299 non
1859 1256 2172 1312 possumus.

574 1337 754 1409 Atque
783 1340 853 1393 ita
889 1339 986 1404 lit,
1019 1347 1076 1393 ut
1099 1337 1245 1408 quod
1287 1339 1338 1392 in
1371 1337 1478 1392 alio
1526 1345 1620 1391 aut
1646 1336 1878 1406 primum
1909 1375 1924 1400 ,
1955 1342 2049 1388 aut
2093 1345 2175 1388 tu-

575 1438 687 1485 tum
720 1439 837 1495 est,
874 1430 927 1484 in
953 1429 1060 1484 alio
1090 1443 1154 1483 es
1181 1439 1334 1498 parte
1370 1441 1648 1484 versetur:
1677 1437 1731 1482 et
1756 1438 1938 1481 tamen
1969 1441 2076 1480 non
2105 1427 2174 1480 sit

572 1522 628 1578 in
660 1524 923 1587 crimine,
954 1523 1051 1594 qui
1078 1537 1187 1578 non
1220 1523 1384 1578 habet
1407 1524 1619 1586 omnia,
1644 1537 1744 1577 nec
1773 1522 2173 1577 condemnetur

568 1630 640 1672 ex
669 1631 766 1683 eo,
792 1617 936 1686 quod
965 1632 1072 1672 non
1101 1616 1302 1683 habet;
1326 1616 1421 1671 sed
1443 1616 1774 1684 justitlcetur
1810 1633 1874 1670 ex
1906 1629 2006 1682 eo,
2025 1614 2169 1685 quod

572 1711 838 1780 possidet.
876 1712 1077 1766 Delinit
1125 1709 1424 1780 Apostolus
1454 1751 1469 1777 ,
1499 1710 1678 1780 qualis
1707 1711 1997 1780 episcopus
2048 1723 2169 1764 esse

2285 505 2388 548 est.
2425 493 2560 560 Quis
2597 500 2679 546 est
2718 491 2888 559 enim,
2919 492 3006 560 qui
3055 507 3162 547 non
3208 493 3363 563 quasi
3397 491 3451 547 in
3483 492 3712 561 pulchro
3755 510 3864 552 cor-

2285 602 2419 657 pore
2449 595 2543 641 aut
2573 601 2784 641 ntcvum
2815 625 2829 651 ,
2893 592 2986 640 aut
3006 587 3309 642 verrucam
3361 586 3597 642 habeat?
3644 586 3704 642 Si
3733 589 3860 644 enim

2283 680 2402 748 ipse
2434 680 2728 750 Apostolus
2769 679 2906 734 dicit
2930 680 3000 735 de
3031 679 3215 745 Petro,
3247 680 3391 750 quod
3424 695 3531 736 non
3561 690 3713 736 recto
3742 681 3864 751 pede

2283 774 2573 830 incesserit
2616 776 2668 830 in
2709 774 2992 846 Evangelii
3023 776 3255 831 veritate
3277 817 3291 841 ,
3317 784 3374 832 et
3402 777 3670 831 intentum
3701 791 3866 846 repre-

2282 867 2572 924 ltonsibilis
2605 866 2792 935 luerit,
2850 876 2909 922 ut
2958 877 3014 923 et
3068 868 3350 924 Barnabas
3378 868 3647 925 adductus
3701 869 3768 922 sit
3817 869 3861 924 in

2279 961 2534 1018 eundem
2554 961 2962 1016 simulationem
2994 959 3198 1030 (Galat.
3232 960 3294 1030 tt)
3325 976 3341 1014 :
3373 961 3496 1032 quis
3521 959 3865 1030 indignabitur

2281 1053 2335 1108 id
2391 1054 2497 1110 sibi
2553 1053 2835 1124 denegari,
2862 1053 3006 1124 quod
3061 1054 3320 1123 princeps
3349 1054 3734 1123 Apostolorum
3771 1069 3862 1109 nun

2281 1146 2512 1202 tribuit?
2543 1145 2780 1212 Deinde,
2812 1147 2963 1200 unius
2988 1147 3168 1200 uxoris
3189 1147 3356 1200 olrunt
3384 1185 3398 1211 ,
3437 1145 3691 1209 sobrium,
3721 1145 3862 1215 pudi-

2281 1255 2426 1308 cum,
2464 1251 2725 1308 ornatum,
2757 1241 3099 1314 hospitalem,
3136 1251 3192 1296 ut
3221 1241 3468 1311 reperis
3497 1258 3510 1292 :
3542 1242 3677 1296 illud
3706 1251 3859 1308 certe,

2277 1335 2420 1404 quod
2449 1335 2701 1404 sequitur
2734 1332 3040 1399 ἃιδακτικὸν.
3091 1335 3179 1405 qui
3223 1334 3384 1407 possit
3422 1333 3608 1388 (locere
3640 1349 3658 1388 ι
3689 1348 3791 1389 non
3817 1343 3866 1388 ut

2277 1428 2679 1498 interpretatur
2706 1429 2894 1483 Latina
2928 1427 3277 1499 simplicitas,
3311 1429 3533 1483 docilem
3557 1469 3572 1494 ,
3600 1443 3723 1484 cum
3773 1439 3867 1485 eas-

2277 1522 2409 1577 teris
2431 1520 2727 1577 virtutibus
2757 1521 3049 1577 difﬁculter
3077 1523 3344 1578 invenies.
3384 1519 3712 1577 Vinolenth
3738 1532 3864 1594 quu-

2273 1627 2382 1688 quo
2408 1625 2455 1669 et
2487 1630 2862 1684 percussorem,
2892 1625 2940 1670 et
2963 1617 3129 1695 turpis
3157 1617 3284 1670 lucri
3311 1616 3581 1686 cupidum,
3635 1615 3867 1687 repudiat

2277 1710 2578 1779 Apostolus
2613 1727 2626 1762 :
2663 1718 2719 1765 et
2746 1726 2844 1780 pro
2875 1710 2960 1765 bis
2986 1710 3138 1780 cupit
3160 1720 3507 1776 mansuetum,
3538 1713 3743 1782 absque
3759 1711 3865 1782 jur-

571 1803 770 1859 debeat
798 1846 812 1868 ,
843 1805 1092 1860 scribens
1121 1806 1184 1858 ad
1212 1803 1558 1858 Ttnmtbeum
1586 1821 1597 1855 :
1631 1803 1845 1871 Oportet
1875 1804 2178 1873 episcopum
2207 1792 2254 1859 Β
2281 1805 2391 1874 git),
2423 1807 2546 1859 sine
2570 1804 2819 1869 avaritia,
2852 1811 2908 1858 et
2939 1813 2997 1859 ut
3020 1804 3244 1859 domum
3281 1820 3434 1858 suam
3466 1805 3667 1874 optime
3695 1813 3860 1876 regat,

569 1907 682 1950 esse
709 1897 1209 1964 irreprehensibilem
1230 1937 1244 1960 ,
1277 1898 1429 1950 unius
1460 1896 1639 1950 uxoris
1671 1897 1836 1948 virum
1863 1935 1876 1959 ,
1924 1896 2173 1963 sobrium,

570 1993 821 2064 pudicum
847 2035 860 2060 ,
895 2002 1157 2057 ornatum,
1193 1993 1500 2063 hospitalem
1522 2035 1534 2056 ,
1564 2001 1591 2030 ι
1609 1991 1828 2046 docilem
1853 2033 1866 2057 ,
1891 2008 1996 2046 non
2024 1993 2172 2046 vino-

567 2086 793 2151 lentum,
827 2101 929 2140 non
959 2099 1312 2156 percussorem
1342 2102 1360 2152 ;
1390 2086 1480 2139 sed
1511 2093 1833 2138 mansuetum
1855 2125 1868 2150 ,
1917 2099 2020 2138 non
2070 2085 2174 2137 liti-

567 2179 773 2249 giosum
803 2221 816 2245 ,
845 2181 958 2233 sine
1001 2181 1221 2233 avaritia
1247 2219 1261 2244 ,
1296 2179 1506 2232 domum
1534 2193 1683 2233 suam
1711 2179 1838 2232 bene
1880 2189 2173 2251 regentem,

571 2271 711 2339 ﬁlios
742 2270 1008 2324 habentem
1039 2272 1272 2326 subditos
1311 2287 1428 2325 cum
1477 2273 1618 2324 omni
1651 2271 1907 2341 pudicitia
1949 2272 2002 2342 (i
2034 2271 2168 2325 Tim.

569 2373 651 2426 nt,
683 2364 785 2416 ﬁet
810 2364 1003 2434 seqq)
1051 2364 1119 2418 Et
1150 2365 1346 2418 lterum
1375 2380 1395 2418 :
1444 2363 1569 2418 Non
1613 2365 1958 2436 neaphgtum,
1993 2381 2056 2418 ne
2093 2365 2175 2418 in-

568 2455 726 2523 ﬂatus
767 2455 820 2508 in
837 2456 1104 2526 judicium
1132 2456 1329 2508 incidat
1358 2455 1577 2509 diaboli.
1616 2457 1835 2527 Oportet
1862 2466 2035 2509 autem
2059 2472 2174 2508 eum

561 2549 721 2602 etiam
752 2549 1106 2602 testimonium
1131 2548 1327 2617 deforis
1350 2548 1538 2602 habere
1564 2548 1783 2616 bonum,
1817 2565 1877 2602 ne
1899 2550 1952 2603 in
1981 2565 2174 2619 oppro—

560 2639 733 2693 brium
778 2640 1000 2704 incidat,
1035 2649 1081 2694 et
1113 2640 1355 2710 laqueum
1386 2640 1581 2694 diaboli
1625 2640 1819 2711 (Ibid.,
1850 2641 1906 2707 ϐ,
1940 2642 2021 2711 7).
2045 2639 2170 2694 Tito

563 2743 785 2801 quoque
811 2733 1062 2788 scribens
1089 2733 1359 2802 discipulo
1381 2773 1394 2796 ,
1434 2733 1624 2800 quales
1655 2732 1949 2802 episcopos
1978 2733 2172 2787 debent

567 2823 854 2888 ordinare,
878 2824 1037 2878 brevi
1063 2837 1323 2880 sermone
1355 2823 1693 2878 demonstrat
1724 2842 1735 2876 :
1764 2823 1893 2877 Ideo
1919 2826 2106 2893 reliqui
2129 2835 2175 2876 te

569 2913 736 2966 Creten
760 2953 774 2977 ,
811 2923 868 2966 ut
910 2927 1026 2984 quae
1053 2915 1254 2984 reliqua
1299 2925 1444 2980 sunt,
1480 2916 1710 2981 corrigas
1736 2955 1752 2980 ,
1797 2925 1846 2969 et
1887 2916 2171 2969 constituas

566 3019 661 3075 per
684 3003 914 3059 civitates
959 3006 1313 3076 presbyteros,
1358 3008 1489 3060 sicut
1538 3023 1634 3078 ego
1686 3008 1906 3076 prtecepi
1946 3008 2057 3060 tibi.
2112 3009 2172 3062 Si

563 3098 680 3167 quis
709 3106 788 3150 est
816 3096 925 3151 sine
952 3099 1167 3152 crimine
1196 3141 1208 3165 ,
1258 3099 1416 3153 unius
1448 3103 1623 3154 uxoris
1669 3101 1774 3164 vir,
1806 3101 1945 3169 ﬁlios
1976 3100 2168 3156 habens

2275 1897 2533 1967 quodque
2572 1896 2958 1951 difﬁcillimum
2989 1906 3104 1962 est;
3130 1907 3187 1951 ut
3216 1896 3356 1966 ﬁlios
3387 1897 3566 1951 ltabcat
3594 1896 3860 1968 subjectos,

2273 2005 2390 2044 cum
2421 1989 2562 2042 omni
2609 1989 2886 2060 pudicitia,
2913 1989 2999 2044 vel
3029 1989 3171 2044 [ilius
3201 1989 3408 2055 carnis,
3432 1988 3519 2044 vel
3549 1987 3696 2045 ﬁlios
3727 1987 3859 2044 lidei.

2277 2082 2410 2164 Cum
2435 2084 2605 2147 omni,
2642 2083 2848 2154 inquit.
2909 2085 3182 2152 pudicitia.
3245 2083 3361 2137 Neu
3393 2081 3419 2122 δ
3446 2084 3496 2137 ei
3528 2082 3729 2138 sufﬁcit
3753 2096 3865 2152 pro-

2274 2178 2448 2248 priam
2473 2179 2673 2234 habere
2699 2178 3011 2248 pudicitiam
3040 2221 3053 2243 ,
3104 2176 3208 2232 nisi
3253 2192 3317 2233 ea
3369 2177 3608 2232 illioram
3637 2188 3687 2233 et
3713 2175 3866 2232 comi-

2274 2281 2388 2327 tum
2455 2286 2519 2325 ac
2582 2269 2954 2325 ministrorum
3009 2269 3217 2340 pudore
3272 2269 3612 2336 decoretur,
3665 2269 3862 2323 dicente

2276 2365 2443 2420 David
2470 2383 2481 2416 :
2503 2364 2781 2418 Ambulans
2795 2365 2847 2416 in
2872 2364 2956 2416 via
2978 2363 3328 2425 luunaculam,
3349 2362 3430 2415 hic
3448 2361 3577 2414 mihi
3595 2374 3616 2400 ο
3633 2361 3866 2415 ministra-

2275 2459 2345 2513 bit
2377 2457 2494 2530 (Ps.
2526 2473 2584 2522 υ,
2644 2456 2722 2526 ϐ).
2779 2455 3208 2512 Consideremus
3255 2469 3474 2524 quoque
3503 2454 3738 2509 ἐπίτασιν
3766 2449 3859 2523 [ΔΙ.

2277 2547 2550 2619 σύντασιν]
2580 2547 2856 2618 pudicitia!
2879 2589 2891 2612 ,
2924 2547 3062 2614 ﬁlios
3102 2546 3372 2600 habentem
3403 2546 3640 2600 subditos
3667 2546 3717 2599 in
3737 2541 3861 2598 omni

2275 2642 2525 2711 pudicitia
2549 2656 2565 2704 ;
2597 2648 2658 2694 ut
2683 2654 2788 2694 non
2813 2639 2988 2693 solum
3019 2654 3210 2709 Opere,
3243 2637 3342 2693 sed
3371 2651 3634 2693 sermons
3661 2649 3857 2706 quoque

2273 2741 2329 2786 et
2349 2732 2570 2785 nutibus
2599 2745 2658 2786 se
2687 2732 2998 2786 abstineant
3024 2732 3092 2786 ab
3123 2729 3478 2800 impudicitiis
3505 2745 3518 2784 ε
3542 2743 3617 2786 ne
3647 2729 3778 2784 forte
3803 2727 3863 2782 il-

2277 2825 2366 2879 lud
2395 2823 2595 2878 incidat
2636 2824 2776 2885 iieli,
2809 2825 2900 2894 qui
2927 2834 3079 2879 certe
3122 2824 3425 2893 increpavit
3476 2821 3624 2878 ﬁlios
3653 2835 3776 2879 suos
3793 2819 3863 2875 tli-

2274 2933 2403 2974 ceus
2435 2935 2448 2972 :
2480 2917 2657 2973 Nolite
2685 2962 2699 2986 ,
2758 2919 2856 2987 ﬁlii
2910 2920 3006 2972 mei
3027 2960 3042 2984 ,
3074 2917 3237 2972 nolite
3259 2934 3277 2971 :
3305 2934 3406 2972 non
3433 2918 3626 2972 bonam
3678 2917 3857 2988 fumant

2273 3013 2429 3067 audio
2458 3029 2550 3083 ego
2577 3013 2641 3067 de
2662 3014 2801 3068 vobis
2837 3013 2881 3084 (l
2913 3013 3042 3084 Reg.
3078 3025 3149 3078 tt,
3179 3010 3298 3083 ει).
3329 3011 3650 3081 Corripuit,
3697 3021 3750 3066 et
3778 3023 3860 3079 pu-

2274 3107 2420 3161 nitus
2446 3115 2558 3176 est,
2589 3108 2717 3178 quia
2749 3095 2856 3160 non
2889 3109 3166 3177 corripere
3209 3106 3422 3171 debuit,
3466 3105 3563 3161 sed
3621 3104 3858 3175 abjicere.

567 3191 748 3262 fideles
773 3230 788 3258 ,
817 3208 912 3246 nec
939 3193 995 3247 in
1019 3195 1348 3249 accusatione
1378 3196 1623 3264 luxuriae,
1648 3206 1734 3250 aut
1761 3214 1865 3250 non
1888 3196 2164 3268 subjectos.
2198 3180 2243 3244 C
2274 3199 2415 3268 Quid
2447 3202 2628 3268 faciet,
2665 3202 2752 3272 qui
2785 3204 2984 3270 gaudet
3029 3201 3094 3255 ad
3131 3200 3283 3268 vitia,
3309 3201 3401 3271 qui
3429 3201 3728 3256 emendare
3759 3208 3855 3253 non

569 3282 786 3353 Oportet
816 3293 990 3340 autem
1020 3287 1318 3356 epismpum
1345 3304 1457 3342 esse
1485 3290 1596 3343 sine
1624 3291 1867 3356 crimine,
1910 3289 2028 3345 sive
2059 3292 2170 3344 sine

559 3383 896 3438 accusatione
937 3382 1064 3455 (hoc
1093 3385 1238 3437 cnim
1270 3386 1439 3454 magis
1486 3387 1779 3460 ἀνέγκλητος
1812 3386 2012 3457 sonat),
2036 3387 2170 3440 sicut

563 3476 972 3547 dispensatorem
1019 3476 1114 3532 Dei
1143 3495 1243 3532 non
1278 3490 1571 3549 protervum
1598 3521 1612 3546 ,
1660 3497 1762 3534 non
1807 3480 2117 3534 iracundum
2147 3521 2162 3546 ,

566 3584 669 3624 non
692 3569 1008 3624 vinolentum
1041 3611 1056 3636 ,
1110 3585 1213 3624 non
1263 3587 1650 3640 percussorem,
1679 3590 1782 3626 non
1827 3573 1993 3641 turpis
2035 3573 2168 3626 lucri

561 3660 904 3732 uppetitorem
929 3677 947 3726 ;
975 3661 1064 3714 sed
1093 3659 1258 3732 718
1289 3660 1625 3728 hospitalem,
1675 3661 1966 3731 benignum,
2012 3663 2165 3732 pudi-

565 3769 708 3819 cum,
731 3755 954 3824 justum,
987 3763 1255 3818 sanctum,
1288 3754 1630 3808 continentem
1654 3795 1667 3819 ,
1701 3752 2008 3807 obtinentem
2041 3755 2165 3808 doc-

568 3847 718 3900 trinae
733 3847 935 3915 ﬁdelem
962 3861 1269 3910 sermonem,
1292 3856 1347 3898 ut
1369 3845 1528 3918 possit
1561 3846 1822 3900 exhortari
1849 3845 1907 3898 in
1934 3846 2167 3900 doctrina

541 3950 730 4006 "sana,
757 3949 809 3993 et
841 3938 1251 3994 contradicentes
1279 3953 1555 4010 coarguere
1587 3936 1716 4007 (Tit.
1742 3953 1781 4001 ι,
1814 3935 1848 3990 5
1874 3936 2062 4008 seqq.).
2096 3936 2168 3994 Ut

564 4031 902 4087 diversarum
925 4045 1280 4101 personarum
1309 4030 1451 4084 varia
1483 4038 1752 4099 prteccpta
1783 4044 1927 4084 nunc
1948 4027 2164 4097 sileam,

563 4126 712 4182 circa
741 4125 993 4181 mandata
1021 4125 1266 4194 episcopi
1290 4139 1377 4179 me
1399 4123 1622 4179 tenebo.

637 4219 729 4274 2‘2.
787 4220 863 4273 Ab
907 4219 1141 4284 exeruplo
1191 4218 1460 4282 virtutum,
1514 4235 1639 4288 quas
1683 4217 1868 4274 habere
1918 4219 2163 4288 iubentur

562 4313 808 4384 episcopi.
854 4343 926 4352 —
969 4312 1099 4368 Vult
1122 4321 1272 4368 certe
1317 4312 1462 4367 Deus
1488 4311 1626 4368 tales
1658 4327 1782 4369 esse
1833 4311 2158 4385 episcopos,

561 4405 678 4461 sive
694 4405 1065 4476 presbyteros,
1081 4405 1273 4475 quales
1287 4419 1381 4461 ras
1400 4404 1688 4460 electionis
1713 4404 1892 4462 docet.
1919 4406 2158 4464 Primum

2276 3292 2477 3348 audet?
2533 3295 2624 3363 qui
2673 3293 3061 3348 conscientiam
3091 3289 3119 3329 ά
3149 3307 3304 3347 suam
3356 3292 3587 3359 metuit;
3633 3303 3690 3348 ct
3733 3287 3857 3360 quod

2271 3397 2502 3442 cunctus
2533 3387 2763 3456 populus
2780 3387 3044 3452 clamitat,
3077 3383 3290 3440 nescire
3314 3399 3373 3441 se
3397 3384 3668 3439 simulat?
3689 3380 3854 3451 Quod.

2272 3494 2378 3549 quc
2412 3478 2578 3551 719
2615 3479 2883 3548 sequitur,
2918 3487 2941 3515 ο
2974 3478 3272 3552 ἀνέγκλητον
3303 3495 3316 3530 :
3348 3487 3404 3531 ut
3445 3477 3616 3531 etiam
3666 3487 3695 3531 a
3724 3473 3856 3529 nullo

2271 3581 2598 3627 accusetur:
2630 3580 2688 3626 ut
2746 3573 2941 3626 bonam
2994 3571 3305 3642 Opinionem
3362 3571 3430 3626 ab
3470 3568 3555 3625 bis
3607 3570 3699 3642 qui
3739 3565 3855 3622 foris

2269 3679 2397 3724 sunt
2428 3666 2626 3722 habeat
2651 3684 2663 3721 :
2696 3677 2752 3721 ut
2777 3667 2941 3721 etiam
2966 3666 3273 3722 maledictis
3303 3665 3744 3721 adversariorum
3773 3673 3856 3718 ca-

2269 3768 2420 3825 reat;
2456 3769 2507 3814 et
2531 3759 2727 3828 quibus
2754 3757 3001 3813 doctrina
3024 3757 3296 3830 displicet,
3333 3758 3548 3828 placeat
3576 3768 3851 3814 conversa-

2268 3853 2345 3908 tio
2376 3869 2388 3904 :
2420 3861 2547 3921 puto
2575 3849 2719 3921 quod
2752 3867 2858 3906 non
2885 3851 3045 3906 facile
3094 3852 3165 3905 sit
3192 3851 3471 3921 reperire,
3519 3850 3852 3916 maximeque

2269 3944 2427 4010 illud,
2459 3955 2513 3998 ut
2551 3954 2727 4014 potens
2757 3944 2824 3998 sit
2849 3944 3156 3998 adversariis
3199 3944 3457 4009 resistere,
3487 3951 3541 3998 et
3583 3952 3850 4014 perversae

2270 4038 2586 4107 opprimere
2651 4046 2707 4092 et
2775 4051 3036 4106 superare
3083 4037 3380 4092 doctrinas.
3432 4033 3451 4072 τ
3482 4035 3613 4092 Vult
3654 4045 3711 4090 ut
3759 4047 3851 4087 non

2271 4131 2556 4201 neopltytus
2589 4133 2878 4200 episcopus
2907 4130 3212 4197 ordinetur,
3255 4129 3399 4202 quod
3439 4129 3686 4186 ridemus
3735 4141 3853 4182 nos-

2273 4225 2374 4280 tris
2403 4225 2738 4294 temporibus
2776 4239 2874 4294 pro
2903 4239 3116 4282 summa
3145 4225 3268 4296 eligi
3291 4224 3523 4296 iustitia.
3551 4225 3609 4281 Si
3659 4221 3850 4294 baptis-

2272 4334 2417 4374 mum
2445 4318 2627 4373 statim
2653 4317 2856 4388 justunt
2881 4317 3102 4385 faceret,
3127 4326 3182 4373 et
3208 4318 3355 4372 omni
3387 4315 3602 4386 plenum
3619 4309 3847 4386 iustitia,

2269 4425 2609 4482 nequaquam
2639 4409 2827 4481 utique
2853 4410 3155 4481 Apostolus
3186 4409 3515 4482 ne0pbytum
3558 4401 3844 4471 refutaret;

560 4589 940 4666 satorismanu
968 4591 1472 4666 Ιρεῇι,Διαιτητικὸν,
1501 4589 1558 4666 id_
1578 4591 1850 4666 astrictus
1875 4593 2148 4660 rationem;
2176 4595 2227 4656 D
2256 4597 2425 4666 nymi,
2472 4595 2703 4650 dicentis
2756 4595 3068 4666 episcopum
3122 4597 3476 4653 criminosum
3517 4611 3622 4652 non
3653 4594 3841 4650 audere

560 4663 982 4742 φαρμακξγτικὸν,
1015 4663 1177 4742 idest
1200 4662 1559 4742 medicamenti
1586 4663 1847 4742 rationem
1859 4680 1876 4728 ;
1904 4686 2154 4742 χειρουρ-

557 4734 700 4810 φησιν
724 4774 739 4798 ,
770 4734 821 4788 id
851 4742 935 4789 est
962 4735 1134 4804 operis
1181 4734 1445 4788 malicorii
1494 4734 1782 4801 rationem;
1828 4734 1970 4805 juris
1997 4734 2154 4808 'qu'o-

563 4821 692 4877 que,
723 4815 834 4862 etc.

632 4887 658 4917 ι
683 4877 817 4933 Mss.
852 4877 1023 4934 nostri
1050 4877 1145 4934 hic
1174 4885 1342 4948 atque
1364 4877 1505 4932 inira
1529 4877 1804 4934 docibilem
1833 4879 2152 4949 praeierunt.

561 4951 730 5005 Paulo
751 4959 876 5020 post
900 4964 1090 5006 vocem
1117 4950 1326 5014 bonum,
1350 4964 1474 5020 qua
1502 4949 1570 5004 ad
1595 4952 1949 5006 testimonium
1981 4952 2156 5008 reler-

565 5030 650 5076 tur
667 5062 682 5086 ,
707 5037 814 5075 non
844 5020 1070 5076 habent.

631 5090 658 5130 ιι
689 5091 860 5146 Vatic.
892 5107 996 5147 ms.
1019 5105 1143 5146 cum
1169 5087 1414 5146 Victoria
1437 5100 1496 5147 et
1525 5092 1796 5162 Brixianis
1839 5093 2002 5150 codd.
2027 5092 2150 5149 Non

555 5165 693 5220 enim
723 5163 918 5231 sufﬁcit
948 5163 1242 5233 episcopum
1269 5165 1534 5233 propriam
1566 5163 1769 5232 habere,
1797 5172 1907 5220 etc.

632 5246 655 5275 ο
684 5229 988 5306 meum;
1037 5229 1306 5306 Bri'xianis
1358 5229 1520 5306 codd.
1571 5229 1914 5292 ministrabat.
1945 5237 2148 5306 Sicque

553 5316 642 5366 est
668 5304 810 5376 apud
844 5304 980 5359 LXX
1007 5347 1020 5369 ,
1069 5305 1683 5378 ἐλειτούργᾳηῌβὺτπὲυθ
1715 5316 1898 5362 tamen
1923 5309 1975 5363 in
1997 5304 2148 5364 futu-

551 5394 634 5468 ro.
656 5378 990 5506 ‘Parbueloipost
1025 5390 1127 5447 pro
1157 5375 1500 5443 inpudicitiis
1529 5391 1661 5432 mss.
1692 5380 1870 5433 nostri
1916 5380 2145 5452 impudi-

553 5467 630 5506 cis
677 5466 726 5504 ia
806 5465 837 5504 n
869 5491 882 5504 .

553 5455 630 5506 cis
656 5455 882 5506 habent.

627 5521 653 5561 ά
697 5522 799 5589 Qui
822 5519 1190 5576 conscientiam
1419 5517 1688 5592 tissimus
1711 5512 1805 5574 hic
1843 5523 1993 5577 addit
2018 5537 2144 5592 par-

554 5595 770 5649 ticulam
800 5592 1124 5664 negativam,
1153 5590 1241 5662 qui
1261 5589 1625 5664 conscientiam
1646 5605 1793 5664 suam
1815 5608 1917 5647 non
1939 5589 2142 5661 metuit,

553 5675 818 5736 vocatque
845 5661 1054 5736 lardum
1083 5661 1324 5736 errorem
1355 5661 1565 5736 Erasmi
1589 5701 1602 5726 ,
1631 5662 1774 5732 quod
1813 5665 1932 5736 sine
1979 5679 2144 5736 nega-

554 5735 702 5788 tione
729 5733 940 5802 legerit,
971 5735 1057 5801 qui
1085 5733 1449 5787 conscientiam
1489 5747 1637 5786 suam
1663 5735 1863 5789 metuit.
1906 5733 2011 5792 Sed
2053 5733 2142 5792 cr-

501 5823 504 5826 ·
549 5813 633 5860 rat
676 5804 790 5872 ipse
819 5802 1111 5869 Marianas,
1157 5815 1267 5859 non
1313 5802 1626 5875 intelligens
1668 5815 1902 5864 mentem
1953 5807 2142 5866 Hiero-

2255 4667 2383 4722 vitia
2412 4668 2589 4722 aliena
2616 4667 2966 4737 redarguere,
3011 4669 3134 4736 quia
3189 4671 3347 4725 timet
3399 4670 3673 4738 propriam
3718 4681 3840 4722 con-

2255 4739 2538 4812 scientiam
2561 4755 2582 4812 ;_
2607 4739 2834 4806 ideoque
2851 4739 3108 4812 simulare
3125 4753 3185 4796 se
3209 4741 3445 4812 nescire,
3461 4739 3605 4812 quod
3618 4746 3839 4812 cunctus

2256 4811 2490 4880 pupulas
2537 4810 2796 4864 clamitat.
2862 4807 3131 4866 Praeterea
3193 4825 3384 4867 omnes
3432 4807 3581 4866 'n'iss.
3630 4808 3838 4865 codices

2257 4883 2430 4953 nostri
2459 4883 2646 4952 legunt
2665 4883 2786 4936 sine
2845 4890 3078 4950 negante
3135 4883 3420 4953 particula.
3485 4881 3749 4937 Massam.
3776 4907 3839 4920 .—

2260 4952 2508 5008 Vatican.
2546 4953 2916 5007 cmtscientiam
2963 4954 3044 5009 sui
3089 4952 3290 5011 metuit.
3341 4953 3620 5010 Victorius
3650 4954 3837 5007 Aucto-

2259 5023 2336 5079 ris
2384 5033 2626 5080 mentem
2669 5037 2778 5079 nen
2819 5035 3106 5082 assecutus
3135 5024 3204 5083 de
3230 5039 3334 5084 suo
3365 5026 3575 5083 addidit
3612 5019 3834 5095 negandi

2261 5096 2612 5167 particulam,
2639 5112 2740 5150 non
2769 5097 2972 5162 metuit,
2991 5107 3098 5152 etc.

2335 5176 2357 5204 ε
2400 5166 2649 5238 Sequitur
2674 5167 2985 5240 ᾂνὲγγλητον.
3008 5167 3164 5238 Apud
3190 5169 3534 5240 Apostolum,
3555 5167 3577 5222 ἰ
3603 5165 3742 5222 'l‘im.
3758 5177 3830 5240 ll}.

2256 5234 2501 5317 sequitur
2527 5244 2598 5311 μὴ
2621 5234 2879 5317 uermes,
2921 5255 3024 5295 non
3062 5234 3422 5317 neophgtuur:
3451 5234 3632 5317 «pro
3674 5247 3743 5293 eo
3780 5234 3832 5317 in

2253 5310 2894 5385 cunctisesempl'aribus
2921 5325 3053 5385 mss.
3087 5313 3208 5380 lego
3233 5310 3549 5385 ἇνέγκλητον,
3587 5310 3711 5385 sine
3739 5310 3832 5360 cri-

2252 5382 2411 5448 mine,
2435 5382 2552 5438 sive
2575 5390 2632 5436 ut
2659 5379 2822 5454 supra
2845 5383 2918 5454 ait
2944 5379 3340 5454 Hieronymus,
3359 5383 3469 5438 sine
3487 5379 3831 5454 accuratiore;

2251 5454 2392 5523 quod
2420 5455 2672 5509 convenit
2703 5447 2828 5508 huic
2858 5451 2999 5519 loco,
3047 5463 3102 5507 ut
3131 5447 3167 5507 a'
3187 5447 3333 5509 nullo
3380 5461 3670 5523 accusetur.
3725 5447 3830 5502 Hoc

2252 5521 2342 5580 me
2384 5524 2646 5594 compulit
2691 5533 2903 5580 mutare
2951 5534 3191 5580 veterem
3233 5525 3522 5581 lectionem
3565 5521 3827 5594 editorum

2252 5587 2537 5672 librorum:
2564 5596 2912 5672 Man-riam—
2938 5595 3082 5654 Olim
3104 5601 3174 5669 μή
3214 5597 3479 5672 νεόφυτον,
3499 5592 3648 5665 quod
3677 5587 3827 5663 paulo

2253 5666 2481 5723 inferius
2530 5668 2882 5735 expenditur.

2329 5737 2349 5776 ί
2386 5739 2622 5795 Verbum
2653 5739 2760 5794 vult
2785 5753 2922 5795 mss.
2951 5740 3128 5796 nostri
3153 5753 3260 5798 non
3296 5745 3615 5810 agnoscunt.
