4036 6384
196 325 292 394 517

1087 333 1430 391 DIALOGUS
1469 329 1839 390 ADVERSUS
1877 325 2335 388 PELAGIANOS.
2380 332 2509 387 LIB.
2553 333 2594 388 1.

3385 333 3490 392 518

192 448 282 504 sed
321 449 628 519 baptismus
659 455 842 502 vetera
870 451 1089 516 peccata
1111 447 1442 514 consciudit,
1475 459 1647 503 novas
1669 447 1781 502 vir-
1811 445 1863 508 Α
1889 443 2063 509 dices.
2081 447 2136 503 Si
2154 461 2260 503 non
2279 461 2669 521 possum,ergo
2687 461 2968 521 peccatum
2986 451 3490 508 nonhabcoJ-lahes

191 549 332 598 tutes
383 550 491 598 non
547 542 777 607 tribuit,
814 539 1041 596 dimittit
1071 555 1101 596 e
1130 555 1378 604 carcere,
1415 549 1466 596 et
1517 539 1782 608 dimisso,

190 634 236 689 si
267 633 640 700 laboraverit,
672 633 891 705 prtemia
945 633 1256 703 pollicetur.
1309 635 1416 688 Aut
1472 633 1676 697 nullus,
1705 633 1787 687 in—

188 742 372 797 quam,
400 735 493 782 aut
523 737 680 783 rarus
709 729 813 793 est,
841 727 930 798 qui
954 729 1135 782 omnia
1171 727 1387 794 ltabcat,
1419 739 1541 798 qua:
1586 721 1786 782 habere

187 817 353 872 debet
377 819 688 889 episcopus.
713 817 780 874 Et
804 828 984 874 tamen
1031 819 1075 874 si
1106 833 1267 873 unum
1296 815 1376 874 vel
1409 819 1519 874 duo
1548 820 1612 873 de
1638 829 1787 874 cata-

187 907 310 978 Ιοεο
339 911 600 964 virtutum
644 911 901 980 episcopo
952 911 1200 982 cuiquam
1230 909 1538 975 defuerint,
1565 925 1674 965 non
1708 921 1786 964 ta-

187 1011 307 1057 men
337 1002 448 1074 [Αί.
476 1002 684 1074 statim]
732 1004 866 1075 justi
900 1005 1112 1059 carebit
1167 1005 1472 1060 vocabulo:
1504 1021 1602 1060 nec
1631 1021 1696 1060 ex
1721 1019 1787 1060 eo

185 1095 556 1165 damnabitur,
589 1097 732 1168 quod
780 1115 886 1153 non
916 1098 1114 1166 liabet,
1166 1098 1261 1154 sed
1314 1113 1380 1154 ex
1436 1111 1503 1154 eo
1558 1107 1788 1152 corona-

186 1192 367 1258 bitur,
417 1191 558 1261 quod
627 1189 892 1262 possidet.
956 1192 1148 1247 Omnia
1211 1191 1357 1248 enim
1413 1190 1788 1259 baberenet

187 1285 336 1340 nullo
382 1284 626 1354 indigere
651 1328 665 1349 ,
709 1286 930 1340 virtutis
969 1285 1088 1355 ejus
1126 1297 1212 1342 est
1248 1287 1336 1357 qui
1378 1296 1647 1357 peccatum
1684 1297 1786 1338 non

187 1379 329 1448 fecit,
357 1394 448 1432 nec
478 1377 631 1431 dolus
655 1378 890 1430 inventus
917 1386 993 1431 est
1026 1378 1082 1431 in
1110 1394 1200 1432 ore
1219 1379 1333 1448 ejus
1361 1378 1486 1448 ηυξ
1526 1389 1640 1430 cum
1668 1389 1785 1430 ma-

184 1468 518 1534 lediceretur,
571 1474 675 1522 non
704 1466 735 1507 ι’
761 1469 1126 1536 remaledixit(
1157 1469 1176 1524 Ι
1204 1468 1324 1524 Pet.
1349 1482 1408 1532 ll,
1451 1468 1523 1521 ii
1553 1466 1574 1539 >
1621 1484 1636 1523 :
1691 1467 1783 1539 qui

183 1561 526 1618 conﬁdenter
553 1561 821 1616 virtutum
875 1561 1216 1617 conscientia
1260 1560 1622 1630 loquebatur:
1655 1559 1788 1614 Ecce

187 1657 321 1710 renit
347 1657 582 1728 princeps
599 1657 779 1710 natandi
793 1657 972 1728 hujus,
991 1665 1039 1711 et
1061 1657 1113 1710 in
1138 1672 1217 1710 me
1234 1655 1424 1709 invenit
1451 1654 1582 1707 nihil
1595 1652 1654 1725 (1
1659 1668 1780 1708 oan.

187 1767 304 1818 xlv,
329 1752 442 1824 50).
473 1754 578 1818 Qui
596 1766 718 1807 enm
755 1761 885 1808 esset
912 1755 964 1807 in
986 1754 1155 1820 forma
1186 1752 1281 1806 Dei
1307 1795 1321 1817 ,
1353 1765 1676 1822 nequaquam
1705 1767 1784 1804 rn-

1893 549 2174 606 peccatnm
2202 555 2371 610 quare
2397 557 2502 596 non
2521 542 2740 608 feceris,
2762 543 2903 614 quod
2929 545 3070 599 alius
3089 548 3262 614 potuit
3288 545 3488 600 facere.

1890 629 2238 702 Rursumque
2255 631 2366 699 ille,
2385 633 2543 704 cujus
2559 642 2611 688 ttt
2630 637 3039 706 Comparatione
3055 637 3292 692 deterior
3306 651 3382 702 cs,
3401 636 3492 691 vel

1892 723 1969 778 tui
2005 724 2056 779 in
2084 725 2189 780 alia
2223 727 2443 795 virtute,
2476 730 2562 783 vel
2594 729 2820 785 alterius
2845 733 2950 785 crit
2978 729 3264 786 collatione
3298 748 3459 802 pcrca

1891 823 1976 872 lor
2018 829 2223 888 :atque
2256 820 2328 874 ita
2379 819 2436 874 ilt
2462 863 2474 885 ,
2533 830 2590 876 ut
2636 838 3034 895 quemcumque
3076 824 3304 893 primum
3337 835 3488 894 puta-

1890 911 2057 976 veris,
2107 911 2288 968 minor
2314 913 2383 969 sit
2410 929 2498 979 eo,
2527 914 2620 984 qui
2662 931 2721 971 se
2754 917 2806 971 in
2849 917 2951 971 alia
2990 928 3143 988 parte
3175 917 3349 989 major
3378 929 3482 973 est.

1960 1002 2050 1057 9.4.
2081 1002 2220 1058 Deus
2243 1013 2407 1075 potest
2432 1021 2634 1061 servare
2658 1007 2916 1063 hominem
2943 1011 3054 1063 sine
3080 1023 3310 1081 peccato.
3342 1043 3410 1050 —
3428 1012 3484 1066 (ἰ.

1890 1091 1943 1149 Si
1975 1109 2080 1149 non
2113 1106 2291 1168 potest
2323 1098 2486 1154 homo
2515 1113 2634 1155 esse
2658 1099 2777 1156 sine
2805 1111 3050 1173 peccato,
3079 1104 3354 1174 quomodo
3399 1103 3490 1159 Ju-

1890 1187 1988 1242 das
2022 1190 2212 1247 scribit
2250 1192 2542 1261 Apestolus
2583 1213 2596 1250 :
2629 1193 2697 1250 Ei
2726 1207 2897 1250 autem
2935 1197 3020 1264 qui
3070 1209 3250 1268 potens
3281 1211 3354 1254 est
3406 1218 3492 1256 ros

1888 1295 2187 1338 conservare
2211 1286 2322 1340 sine
2348 1299 2576 1356 peccato,
2601 1298 2648 1341 et
2679 1289 2990 1344 constituere
3016 1303 3134 1345 ante
3161 1306 3489 1364 corrapertum

1888 1376 2071 1444 gloria:
2103 1395 2212 1433 sua:
2258 1381 2617 1438 immaculatos
2648 1379 2796 1454 (Iud.
2830 1401 2866 1449 t,
2896 1382 2990 1454 ει)
3019 1384 3042 1438 ?
3070 1383 3188 1452 Quo
3247 1387 3495 1442 testimo-

1890 1467 1980 1521 nio
2008 1470 2397 1540 comprobatur
2423 1489 2584 1544 posse
2621 1475 2897 1532 hominem
2935 1491 3056 1531 esse
3086 1476 3207 1533 sine
3240 1489 3486 1550 peccato,

1889 1565 1942 1612 et
1973 1562 2240 1617 maculam
2275 1581 2379 1619 non
2411 1563 2635 1622 habere.
2671 1569 2731 1620 Α.
2761 1567 2876 1622 Non
2912 1565 3194 1641 intelligis,
3218 1587 3338 1640 qua:
3365 1588 3491 1640 pro-

1890 1655 2158 1723 posueris.
2183 1653 2368 1727 Neque
2390 1659 2534 1713 enim
2566 1661 2728 1714 homo
2759 1671 2933 1732 potest
2961 1678 3082 1718 esse
3102 1660 3219 1717 sine
3246 1673 3486 1731 peccato,

1889 1745 2031 1813 quod
2077 1755 2166 1800 tua
2217 1747 2377 1803 liabet
2427 1754 2737 1816 sententia;
2778 1752 2871 1806 sed
2916 1756 3132 1822 potest,
3176 1752 3223 1808 si
3257 1755 3492 1808 voluerit

187 1845 364 1913 pinum
389 1845 670 1899 arbitratus
700 1856 773 1899 est
805 1846 1050 1913 malem
1078 1861 1132 1899 se
1156 1860 1266 1899 esse
1298 1842 1424 1908 Deo,
1449 1843 1542 1896 sed
1573 1855 1627 1895 se
1677 1843 1784 1896 emi-
1821 1831 1866 1900 Β
1894 1835 2056 1906 Deus,
2085 1835 2362 1896 hominem
2397 1857 2617 1898 scrvare
2658 1845 2776 1898 siue
2812 1855 3053 1915 peccato,
3084 1857 3137 1900 et
3169 1845 3493 1900 immacula-

186 1939 402 2003 nmtit-it,
439 1942 663 2008 {orntum
708 1941 840 1992 serui
869 1941 1149 2008 accipiens,
1173 1947 1221 1992 et
1252 1939 1421 2006 {uetus
1448 1947 1521 1989 est
1548 1929 1790 1989 obcdiens

183 2045 344 2100 usque
365 2033 434 2084 ad
462 2041 699 2096 mortem,
728 2041 944 2085 mortem
989 2041 1158 2084 autem
1181 2030 1370 2082 cruris.
1405 2027 1684 2095 Propterea
1705 2029 1792 2080 do-

183 2125 328 2176 navit
357 2125 401 2176 ei
424 2123 566 2176 Dens
590 2137 798 2185 nomen,
827 2123 965 2191 quod
1017 2132 1092 2175 est
1125 2136 1284 2186 supra
1307 2134 1454 2172 autne
1483 2133 1688 2182 nomen,
1738 2126 1792 2169 ut

183 2213 239 2265 in
271 2215 478 2264 nomine
523 2209 653 2264 Jesu
695 2211 902 2278 ﬂectant
931 2226 1063 2279 gena
1092 2208 1349 2274 calestia,
1404 2206 1696 2272 terrestria,
1745 2214 1792 2259 et

178 2306 400 2375 inferna
426 2301 691 2373 (Philipp.
721 2318 779 2367 tt,
803 2302 837 2355 fi
864 2300 1050 2373 seqq).
1079 2302 1134 2358 Si
1161 2313 1292 2370 ergo
1321 2301 1374 2354 in
1403 2311 1508 2353 una
1536 2298 1782 2368 episcOpi

181 2407 427 2468 persona
448 2411 615 2465 pauca
638 2406 904 2465 praecepta
933 2405 1023 2448 aut
1046 2407 1416 2464 nequaquam,
1445 2399 1538 2445 aut
1559 2390 1795 2444 difticui-

183 2498 277 2544 ter
335 2488 623 2552 invenies;
663 2487 791 2558 quid
840 2487 1004 2542 iacies
1056 2486 1126 2541 de
1186 2486 1335 2539 omni
1395 2485 1616 2539 homine
1645 2521 1662 2550 ,
1701 2482 1793 2554 qui

187 2592 394 2638 cuncta
418 2581 584 2636 debet
607 2581 838 2650 implere
869 2579 1160 2634 mandata?

263 2675 354 2730 25.
377 2675 546 2728 Etiam
563 2676 613 2728 in
628 2675 984 2745 corporalibus
1001 2689 1106 2728 non
1125 2674 1300 2727 omnia
1315 2685 1492 2728 omnes
1512 2673 1795 2730 nabere—-

190 2769 274 2824 Ει
304 2767 684 2837 corporalibus
713 2766 1126 2821 consideremus
1155 2767 1484 2836 spiritantia.
1519 2766 1673 2822 Alius
1704 2783 1796 2822 ve-

189 2861 287 2916 lox
331 2869 418 2915 est
475 2859 727 2930 pedibus,
753 2860 850 2914 sed
881 2873 988 2913 non
1021 2859 1174 2915 fortis
1219 2873 1404 2914 manu.
1457 2859 1555 2915 ille
1608 2860 1795 2915 tardus

189 2954 440 3019 incessu,
461 2953 556 3009 sed
589 2953 870 3008 stabitisiu
901 2952 1090 3022 prndio
1118 2963 1223 3007 est.
1258 2953 1355 3008 llic
1383 2954 1668 3024 pulchram
1697 2954 1798 3008 ita-

191 3049 292 3104 bet
338 3047 560 3111 faciem,
612 3047 707 3103 sed
737 3062 913 3103 raucae
941 3049 1091 3103 vocis
1121 3059 1226 3101 est.
1259 3048 1412 3102 Atius
1443 3057 1662 3115 tetram,
1695 3048 1793 3103 sed

196 3141 346 3198 duici
401 3141 771 3196 modulatione
823 3149 1031 3196 cantat.
1079 3139 1236 3195 illum
1267 3139 1608 3210 ingeniosum
1637 3181 1650 3203 ,
1700 3139 1795 3195 sed

1896 1940 2006 1985 tum
2065 1943 2163 1986 sua
2206 1933 2582 1990 misericordia
2633 1936 2930 1992 custodire.
2967 1931 3078 1991 Hoc
3107 1945 3161 1992 et
3203 1954 3302 2007 ego
3333 1935 3490 2005 dico,

1892 2018 2037 2092 Quod
2090 2021 2202 2077 Deo
2247 2037 2439 2079 cuncta
2503 2025 2785 2096 possibilia
2833 2035 2976 2081 Sunt.
3040 2027 3255 2083 llomini
3313 2037 3494 2082 autem

1897 2129 2002 2170 non
2029 2117 2290 2186 quidquid
2333 2119 2568 2173 voluerit
2599 2117 2858 2190 passibile
2885 2131 2964 2174 ρει
2995 2137 3008 2184 ;
3062 2132 3115 2174 et
3174 2121 3413 2176 maxime
3445 2122 3496 2175 id

1896 2223 2040 2274 esse,
2067 2211 2210 2280 quod
2241 2209 2442 2266 nullam
2467 2209 2663 2282 legeris
2692 2211 2896 2270 habere
2923 2224 3252 2270 creaturam.
3285 2215 3345 2270 (ἶ.
3376 2213 3491 2272 Non

1896 2300 2020 2355 dico
2047 2297 2325 2356 hominem
2355 2317 2476 2358 esse
2517 2306 2636 2359 sine
2683 2316 2931 2376 peccato,
2962 2307 3105 2376 quod
3140 2307 3230 2362 tibi
3267 2305 3495 2364 forsitan

1899 2393 2162 2463 possibile
2190 2395 2432 2463 videtur;
2472 2398 2566 2451 sed
2600 2413 2760 2467 posse
2791 2414 2914 2456 esse
2946 2401 2990 2454 si
3041 2399 3193 2456 velit.
3229 2401 3386 2458 Aliud
3418 2414 3502 2459 est

1897 2483 2042 2541 enim
2099 2501 2257 2553 esse,
2291 2487 2437 2543 aliud
2493 2501 2676 2560 posse.
2725 2491 2877 2559 Esse,
2911 2494 3108 2562 qtttcl'il
3139 2496 3445 2565 exemplum
3483 2513 3497 2553 :

1900 2589 2082 2648 posse,
2115 2581 2356 2636 ostendit
2387 2583 2599 2652 imperii
2627 2581 2788 2656 721
2815 2586 3122 2640 veritatem.
3155 2587 3215 2640 Α.
3250 2587 3498 2656 Nugaris,

1897 2685 1998 2728 nec
2019 2675 2314 2730 meministi
2339 2673 2484 2730 illius
2507 2678 2815 2745 proverbii:
2842 2695 2859 2728 ‹
2890 2678 3086 2734 Actum
3118 2687 3184 2734 ne
3200 2691 3420 2750 agas;ct
3448 2681 3501 2735 itt

1898 2763 2092 2821 eodem
2141 2780 2302 2822 οωηο
2349 2770 2654 2835 rolutaris,
2701 2767 2870 2825 immo
2898 2767 3129 2828 laterem
3162 2773 3366 2827 lavas.»
3395 2769 3503 2828 Pro

1897 2873 2003 2930 quo
2027 2859 2158 2915 nihil
2192 2861 2338 2916 aliud
2373 2859 2598 2929 audies,
2635 2865 2738 2919 nisi
2772 2861 2898 2932 πως,
2947 2866 3091 2938 quod
3123 2866 3384 2921 omnibus
3409 2882 3503 2935 pa-

1899 2959 2015 3007 tet:
2050 2963 2164 3008 rem
2189 2956 2244 3010 ιε
2275 2953 2419 3010 velle
2459 2957 2701 3024 lirma're,
2736 2975 2856 3028 qua:
2888 2974 2988 3014 nec
3017 2972 3122 3023 cst,
3160 2975 3260 3015 nec
3289 2961 3384 3014 fuit
3410 3002 3424 3026 ,
3453 2968 3509 3016 et

1901 3043 2128 3099 forsitan
2160 3059 2260 3102 nec
2285 3041 2464 3102 futura
2491 3053 2595 3103 est.
2628 3049 2803 3119 Atque
2841 3053 2898 3103 ut
2927 3050 3050 3121 ipso
3077 3049 3244 3106 verbo
3275 3060 3418 3117 utar,
3451 3062 3508 3107 et

1899 3135 2188 3192 stuilitiath
2217 3141 2521 3197 ἀσυστάτου
2549 3137 2712 3212 [3188.
2749 3142 3030 3214 εικγειηιεη]
3069 3144 3191 3214 (non
3221 3143 3504 3199 consisten-

197 3235 530 3291 oHiviosum
566 3252 579 3288 :
614 3234 756 3289 hunc
787 3247 1116 3299 memorem,
1145 3233 1242 3288 sed
1268 3234 1405 3288 tardi
1437 3233 1686 3288 videmus
1715 3233 1796 3287 iu-
1825 3208 1870 3276 ο
1901 3225 1989 3298 tis)
2022 3233 2519 3300 argumentationis
2573 3233 2892 3300 ostendam,
2921 3247 3043 3290 esse
3099 3250 3290 3306 posse,
3321 3245 3376 3292 te
3422 3240 3509 3292 aio

194 3328 372 3399 genii.
432 3327 485 3380 In
535 3327 666 3396 ipsis
697 3325 1110 3390 controversiis,
1166 3325 1222 3379 in
1278 3325 1474 3395 quibus
1523 3324 1798 3395 quondam

198 3421 361 3490 pueri
393 3420 644 3486 lusimus,
667 3434 779 3474 non
800 3433 993 3474 omnes
1021 3418 1276 3473 similiter
1304 3418 1390 3473 vel
1414 3418 1468 3472 in
1494 3418 1799 3488 protemiis,

197 3513 370 3586 720
391 3515 474 3568 vel
500 3515 552 3568 iu
577 3514 1004 3579 narrationibus,
1047 3511 1131 3567 vel
1169 3513 1226 3566 in
1256 3511 1572 3567 excessibus
1591 3554 1604 3578 ,
1631 3512 1716 3566 vel
1747 3512 1798 3564 itt

197 3607 539 3676 argumentis
560 3647 574 3671 ,
603 3616 696 3662 aut
725 3607 1101 3675 exemplorum
1145 3607 1305 3675 copia
1325 3649 1339 3671 ,
1377 3615 1433 3659 et
1464 3605 1799 3675 epilogorum

198 3698 491 3754 dulcedine
515 3714 579 3755 se
595 3709 766 3770 agunt
795 3715 808 3751 :
833 3698 930 3754 sed
959 3698 1291 3768 elmtnentire
1329 3706 1441 3752 sum
1479 3698 1584 3752 alia
1641 3707 1803 3769 atque

195 3790 313 3846 alia
339 3791 392 3846 in
425 3801 575 3861 parte
595 3792 889 3846 dissimiles
930 3802 1073 3844 συξη.
1131 3791 1209 3846 De
1239 3791 1372 3844 viris
1412 3791 1583 3862 magis
1624 3791 1802 3846 eccie-

193 3884 446 3940 siasticis
473 3884 682 3954 loquar.
719 3883 873 3937 Multi
909 3897 1078 3952 super
1107 3883 1401 3953 Evangelia
1448 3883 1590 3938 bene
1629 3882 1804 3938 disse-

194 3986 352 4039 runt,
378 3977 473 4032 sed
507 3977 559 4030 in
589 3977 975 4046 explanatione
1004 3975 1250 4045 Apostoli
1281 3977 1519 4045 impares
1540 3975 1625 4030 sui
1654 3983 1800 4030 sunt.

193 4069 313 4126 Alii
340 4084 460 4123 cum
515 4069 567 4123 in
592 4067 966 4123 lnstrumento
993 4079 1138 4122 neve
1163 4067 1368 4136 optime
1409 4068 1683 4123 senuerint
1707 4107 1721 4132 ,
1751 4068 1803 4122 iu

194 4161 439 4216 Psalmis
461 4171 516 4216 et
542 4159 717 4216 veteri
747 4158 1101 4214 Testamento
1120 4160 1256 4214 muti
1288 4169 1433 4214 sunt.
1469 4160 1584 4216 Hoc
1628 4168 1804 4215 totum

198 4254 354 4320 dico,
384 4253 533 4324 quod
576 4269 679 4306 non
719 4253 891 4306 omnia
943 4267 1218 4324 possumus
1247 4247 1628 4324 omnes(Virg.
1683 4249 1801 4306 Ed.

197 4346 305 4414 γη)
338 4361 350 4396 :
379 4353 652 4414 rarisque
677 4354 770 4398 aut
799 4343 982 4397 nullus
1011 4352 1096 4397 est
1121 4343 1373 4410 divitum,
1402 4345 1495 4413 qui
1545 4345 1602 4398 in
1651 4343 1806 4398 omni

193 4437 512 4492 substantia
551 4450 649 4491 sua
695 4435 848 4504 paria
889 4435 1139 4490 universa
1169 4436 1470 4506 possideat.
1522 4435 1807 4491 Possibilia

195 4530 478 4600 praecepit
504 4529 680 4593 (heus,
725 4539 782 4584 et
820 4543 922 4600 ego
959 4528 1159 4585 fateor.
1204 4529 1315 4586 Sed
1363 4529 1483 4582 inec
1525 4527 1808 4597 possibilia

1902 3319 2084 3376 dicere
2109 3363 2122 3386 ,
2147 3324 2294 3394 quod
2327 3337 2448 3380 esse
2483 3339 2590 3379 non
2621 3326 2813 3395 possit.
2844 3325 2956 3382 Iloc
2988 3329 3131 3383 enim
3160 3371 3174 3392 .
3205 3327 3350 3400 quod
3379 3341 3508 3400 pro-

1904 3415 2172 3484 posuisti,
2198 3431 2363 3487 posse
2395 3417 2676 3474 hominem
2709 3421 2826 3476 sine
2857 3431 3086 3491 peccato
3131 3435 3253 3479 esse
3283 3424 3328 3476 si
3353 3421 3504 3489 velit,

1904 3516 1999 3561 aut
2026 3521 2217 3564 verum
2243 3518 2345 3576 est,
2371 3519 2464 3565 aut
2485 3509 2681 3567 falsum
2705 3523 2810 3568 est.
2835 3509 2895 3567 Si
2925 3527 3110 3568 verum
3137 3524 3240 3580 est,
3276 3511 3506 3570 ostende

1904 3601 2024 3670 quis
2046 3602 2211 3657 fuerit
2240 3621 2252 3656 :
2285 3605 2332 3659 si
2373 3603 2572 3659 falsum
2602 3621 2616 3669 ;
2651 3603 2916 3676 quidquid
2947 3605 3142 3661 falsum
3190 3616 3305 3674 est,
3338 3620 3506 3660 num-

1904 3683 2066 3764 quam
2093 3694 2210 3751 ﬁeri
2241 3705 2444 3766 potest.
2468 3695 2667 3754 Verum
2701 3696 2815 3754 ha'c
2842 3699 2997 3768 quasi
3031 3700 3254 3768 explosa
3286 3705 3508 3755 tacean-

1906 3794 2017 3853 tur,
2042 3788 2172 3842 etin
2205 3789 2484 3844 scrinioiis
2509 3789 2705 3845 vestris
2739 3800 2947 3846 tantum
2983 3791 3297 3857 mussitant,
3329 3789 3510 3862 publi-

1906 3893 2023 3934 cam
2049 3878 2248 3936 faciem
2271 3879 2646 3936 formidanda.

1975 3971 2068 4026 25.
2122 3971 2337 4026 Librum
2386 3971 2591 4045 Pelagii
2639 3975 2892 4044 confiunt.
2922 4006 2991 4016 —
3020 3973 3384 4032 TranScamus
3439 3979 3508 4034 ad

1907 4062 2034 4130 aiia,
2069 4064 2122 4118 in
2153 4065 2347 4134 quibus
2384 4074 2647 4136 perpetua
2679 4069 2926 4123 oratione
2977 4065 3236 4124 utendum
3285 4078 3392 4136 est,
3437 4071 3510 4126 ita

1909 4154 2212 4219 dumtaxat,
2247 4165 2305 4210 ut
2338 4156 2538 4214 habeas
2568 4167 2888 4230 potestatem
2919 4161 3206 4217 refellendi
3259 4169 3314 4216 et
3365 4173 3513 4233 qure-

1909 4249 2062 4305 rcndi
2089 4250 2135 4304 si
2160 4249 2286 4320 quid
2309 4250 2569 4306 volueris.
2589 4251 2647 4305 C.
2676 4254 2903 4308 Audiam
2921 4255 3211 4322 patienter,
3233 4267 3340 4307 non
3367 4253 3511 4308 enim

1910 4342 2085 4398 dicam
2113 4340 2378 4409 libenter;
2407 4351 2466 4399 et
2497 4353 2520 4383 ο
2548 4345 2720 4414 magis
2745 4345 2988 4400 mirabor
3015 4345 3290 4414 ingenium
3314 4386 3328 4412 ,
3359 4344 3515 4415 cujus

1911 4445 2103 4506 stupeo
2134 4437 2445 4494 falsitatem.
2477 4437 2540 4513 Α.
2587 4437 2776 4494 Utrum
2823 4437 2957 4493 falsa
2990 4439 3098 4493 sint
3127 4453 3194 4493 an
3241 4453 3366 4494 vera
3395 4455 3515 4510 quae

1912 4529 2157 4584 dicturus
2197 4539 2351 4599 sunt,
2387 4540 2506 4586 cum
2557 4529 2791 4584 audieris
2835 4537 2963 4585 tunc
2999 4531 3276 4600 probabis.
3323 4529 3518 4588 (3.1.0-

198 4629 417 4676 cuncta
447 4621 640 4690 singuli
667 4622 867 4676 habere
897 4638 1001 4676 non
1024 4637 1314 4692 possumus
1349 4640 1362 4676 :
1393 4637 1501 4675 non
1525 4621 1810 4676 imbecilli-
1838 4594 1888 4653 D
1917 4641 2085 4696 quere
2113 4633 2174 4680 ut
2219 4627 2320 4692 vis,
2367 4627 2498 4681 mibi
2530 4626 2808 4682 decretum
2855 4636 2935 4680 est
2963 4627 3008 4681 si
3035 4629 3364 4697 respondere
3409 4643 3517 4685 non

201 4723 328 4771 tate
353 4723 593 4781 naturte,
637 4731 705 4770 ne
735 4715 1058 4772 calumniam
1115 4717 1279 4772 iacias
1313 4716 1452 4780 Deo;
1498 4714 1593 4770 sed
1643 4715 1811 4769 animi

199 4806 538 4863 lassitudine
562 4849 576 4874 ,
605 4809 693 4878 qui
723 4818 950 4863 cunctas
978 4810 1137 4864 simul
1166 4820 1220 4864 et
1247 4822 1468 4879 semper
1491 4820 1601 4862 non
1625 4816 1814 4878 potest

199 4902 418 4957 habere
453 4901 706 4957 virtutes.
749 4903 909 4970 Quod
935 4907 991 4958 et
1019 4904 1064 4960 si
1089 4904 1139 4958 in
1165 4917 1230 4958 eo
1262 4902 1446 4974 arguis
1473 4899 1811 4966 Creatorem,

203 5015 385 5070 quare
403 5000 459 5054 te
487 4997 647 5054 talem
677 4999 1023 5068 condiderit,
1058 5002 1148 5071 qui
1177 5000 1396 5056 deﬁcias
1429 5001 1816 5071 atquelasscs-

205 5106 332 5156 cas;
357 5092 533 5148 dicam
563 5095 785 5161 iterum,
823 5095 1002 5163 major
1031 5096 1132 5149 erit
1184 5095 1563 5165 reprehensio,
1598 5096 1644 5150 si
1689 5112 1812 5151 eum

205 5186 457 5242 volueris
496 5198 754 5244 accusare
777 5230 790 5254 ,
825 5199 993 5260 quare
1019 5197 1076 5243 te
1119 5188 1286 5244 Deum
1323 5205 1431 5244 non
1455 5187 1666 5246 fecerit.
1705 5189 1814 5247 Sed

293 5355 316 5422 ει
349 5343 544 5410 Vatia,
577 5358 638 5422 et_
677 5349 824 5402 nulla
849 5347 1084 5422 indigere
1113 5350 1294 5422 t'irtute
1317 5388 1336 5417 ,
1376 5349 1490 5419 ejus
1521 5357 1614 5415 est,
1667 5359 1802 5414 etc.,

208 5419 298 5492 cui
331 5434 400 5492 es
424 5431 582 5489 parte
607 5417 832 5492 Regina:
859 5417 998 5474 libe'r
1021 5419 1324 5492 consentit.
1399 5417 1438 5492 '_
1509 5483 1512 5486 _

285 5489 314 5528 ι’
349 5485 439 5545 Sic.
467 5505 640 5556 mss.;
670 5485 800 5546 editi
840 5503 967 5545 vero
992 5491 1282 5545 maledixit.
1306 5489 1481 5544 Paulo
1509 5485 1651 5548 infra
1685 5490 1813 5546 Vic-

212 5571 349 5630 tor.,
373 5562 464 5616 sed
487 5563 817 5631 semetipsum
855 5563 1160 5630 minanirit,
1194 5577 1259 5617 ex
1283 5560 1473 5618 Graeco
1503 5562 1706 5618 ἑαυτὸν.

289 5644 310 5671 ε
345 5633 461 5688 Duo
491 5634 857 5705 mssrrn'os‘tti,
898 5644 946 5688 et
977 5634 1201 5688 mirabor
1217 5633 1505 5703 ingenium,
1539 5635 1692 5705 cujus
1718 5648 1818 5686 nta-

207 5707 500 5779 gis_s_t‘up.’o
532 5704 832 5779 [uisitatmn

1917 4728 2169 4788 potuero,
2202 4720 2374 4786 magis
2403 4719 2589 4785 silere,
2625 4733 2788 4787 quam
2832 4717 3116 4774 mendacio
3143 4721 3517 4789 acquiescere.

1918 4815 1979 4866 Α.
2009 4803 2152 4881 Quid
2195 4811 2428 4867 interest
2475 4821 2654 4864 utrum
2685 4819 2735 4864 te
2769 4817 3062 4876 tacentem,
3087 4823 3157 4865 an
3209 4813 3518 4880 l0quentem

1918 4920 2195 4975 superem,
2219 4903 2445 4976 etjuxta
2466 4901 2649 4959 Protei
2671 4900 2902 4956 fabulam
2923 4901 3238 4975 vigilantem
3284 4902 3518 4971 capiam,

1919 4999 2028 5054 dan
2041 4995 2504 5053 dormientem‘tC.
2525 4994 2659 5051 Cum
2684 4993 2892 5050 dixeris
2910 5011 3030 5066 qua:
3056 4993 3524 5061 volueris,audics

1919 5101 2039 5164 quae
2061 5103 2404 5162 nequaquam
2427 5091 2585 5146 velis.
2619 5089 2832 5146 Veritas
2861 5091 3008 5146 enim
3039 5091 3289 5146 laborare
3315 5097 3523 5160 potest,

1919 5185 2062 5240 vinci
2107 5199 2213 5240 non
2243 5193 2443 5256 potem.
2478 5183 2540 5240 Α.
2589 5179 2790 5242 Libet”
2823 5185 3119 5241 Sententias
3161 5195 3277 5240 tuas
3299 5197 3522 5255 parent-

1913 5353 2119 5400 suerat.
2169 5337 2366 5399 Notum
2412 5357 2604 5413 porro,
2654 5341 2797 5413 quod
2848 5343 3103 5400 Proteum
3156 5342 3523 5399 dormientem

1922 5416 2068 5486 cepit

2021 5485 2195 5535 Pastor
2219 5484 2460 5535 Aristaeus
2486 5484 2679 5546 fugiens
2704 5483 2887 5535 Peneia
2913 5485 3124 5548 Tempe,

1921 5559 2289 5632 quodAVirgil.
2321 5577 2372 5616 tv
2403 5560 2605 5630 Georg.
2635 5563 2804 5615 canit.

2002 5629 2214 5704 {Notat
2244 5633 2544 5704 sententias
2561 5629 2772 5701 ’Pelagii
2795 5647 2858 5704 ex
2887 5632 3004 5704 cjus
3025 5631 3162 5704 libro
3183 5629 3529 5704 Eulogiat'stnt

1925 5701 2220 5788 ξεί-οξυξύδ
2250 5702 2564 5788 βενίρικήδ,
2587 5701 2956 5788 ⁴Κιτιξρὶιεέιονιέηι
2977 5701 3204 5788 ῥαδινῆς,
3317 5701 3528 5788 inodum

286 5775 310 5814 ἀ
332 5765 547 5857 Yiiiosé
569 5774 845 5857 litartiautc
857 5791 916 5830 us
943 5790 1046 5829 non
1075 5789 1171 5843 pro
1193 5791 1278 5857 on,
1305 5772 1447 5844 quod
1469 5788 1602 5829 mss.
1631 5789 1794 5830 onme

1923 5765 2084 5857 (libri
2111 5765 2578 5857 Testimoniorum.
2587 5765 2612 5839 ⁴)
2633 5765 2708 5857 ε
2720 5765 3286 5857 ⁸(ἰωνιοίεωὶ.Λιεῐιιιντῂινίηδ
3329 5779 3516 5857 ρναθιὶτ

205 5847 537 5920 praeferunt.
571 5843 849 5903 Victorius
879 5860 1091 5917 quoque
1116 5845 1306 5904 eodem
1326 5843 1498 5904 sensu
1523 5861 1646 5902 num
1665 5859 1826 5918 repo-

1933 5833 2109 5915 bnato,
2138 5835 2196 5900 ut
2226 5833 2540 5902 Gennadius
2565 5833 2945 5915 loquitur'cap.
2970 5833 3058 5901 49.
