4054 6378
592 305 701 362 519

1850 296 1908 351 S.
1953 292 2222 353 EUSEBII
2264 293 2653 351 HIERONYMI
3787 296 3875 355 520

594 430 691 486 per
721 414 1015 474 discutere,
1071 416 1129 464 ut
1166 408 1474 480 intelligant
1523 415 1823 465 sectatores
1879 408 1975 470 tui,
2033 424 2194 478 quam
2222 410 2275 470 Α
2304 413 2405 471 tes,
2438 406 2655 463 dicente
2683 408 2985 477 Apostolo:
3018 407 3340 477 Hujusmodi
3369 406 3507 462 enim
3535 406 3735 462 Christo
3782 408 3874 463 Do-

590 508 831 562 divinum
881 503 931 556 in
974 510 1026 556 tc
1059 502 1328 557 mirentur
1356 502 1654 571 ingenium.
1708 500 1853 554 Dicis
1880 542 1893 566 ,
1926 498 2052 557 Sine
2078 517 2193 570 pec-

591 606 704 651 cato
742 612 851 650 esse
878 611 981 649 non
1024 611 1197 665 posse,
1241 595 1340 647 nisi
1363 594 1452 664 qui
1484 593 1753 647 scientiam
1790 592 1914 663 legis
1936 591 2196 673 habuerit,

590 704 693 760 per
719 688 865 759 quod
908 702 1153 757 magnam
1182 694 1389 755 partem
1421 684 1856 740 Christianorum
1890 684 2137 738 excludis
2167 698 2199 737 a

586 782 820 853 iustitia,
850 788 905 837 et
955 780 1044 849 qui
1092 778 1415 849 praedicator
1447 794 1506 833 es
1555 776 1962 846 impeccantize,
2009 790 2199 830 omnes

590 892 765 948 prope
794 886 1112 947 peccatores
1130 888 1252 928 esse
1276 872 1614 943 pronuntias.
1645 872 1855 938 Quotus
1874 868 2017 925 enim
2052 869 2201 939 quis-

592 986 701 1039 que
731 966 1171 1023 Christianorum
1216 965 1381 1019 habet
1423 965 1557 1034 legis
1603 961 1885 1019 scientiam
1907 1004 1921 1028 ,
1951 976 2110 1031 quam
2146 960 2197 1015 in

594 1062 782 1118 multis
811 1060 1132 1115 Doctoribus
1161 1058 1441 1122 Ecclesiae;
1482 1068 1575 1111 aut
1605 1071 1751 1121 raro,
1784 1067 1878 1110 aut
1907 1054 2202 1110 difficulter

594 1154 881 1211 invenias?
910 1152 1110 1209 Verum
1155 1160 1210 1206 tu
1250 1158 1413 1205 tanta:
1450 1164 1509 1204 es
1551 1148 1919 1213 liberalitatis,
1951 1148 2113 1219 722
2145 1154 2204 1200 ut

588 1247 833 1303 favorem
887 1246 983 1301 tibi
1038 1242 1179 1313 apud
1229 1242 1537 1298 Amazonas
1583 1251 1699 1294 tuas
1743 1239 2026 1304 concilies,
2055 1247 2112 1292 ut
2145 1239 2198 1292 in

592 1341 700 1394 alio
733 1339 854 1393 loco
899 1337 1225 1408 scripseris,
1272 1334 1558 1389 Scientiam
1604 1332 1728 1404 legis
1783 1333 1937 1386 etiam
1982 1331 2202 1401 feminas

592 1430 779 1487 habere
801 1430 981 1485 debere
1001 1445 1020 1483 :
1050 1444 1173 1484 cum
1196 1428 1493 1498 Apostolus
1524 1426 1719 1481 doceat
1757 1440 1879 1480 esse
1913 1425 2201 1479 tacendum

594 1524 918 1582 mulieribus
948 1524 1001 1578 in
1025 1521 1305 1585 Ecclesia;
1330 1529 1385 1575 et
1413 1521 1456 1574 si
1482 1520 1611 1589 quid
1635 1520 1907 1589 ignorant,
1940 1520 2086 1573 domi
2118 1516 2203 1571 vi-

596 1635 690 1678 ros
714 1633 844 1674 suos
874 1617 1081 1672 debere
1119 1614 1411 1669 consulere
1442 1613 1459 1681 (
1486 1610 1652 1667 lCor.
1684 1627 1773 1665 xiv
1794 1610 1833 1681 ).
1862 1610 1972 1665 Nec
2004 1608 2205 1664 sufficit

596 1714 696 1771 tibi
724 1713 942 1768 dedisse
968 1709 1170 1780 agmini
1202 1717 1297 1763 tuo
1325 1707 1610 1761 scientiam
1641 1704 2067 1773 Scripturarum,
2098 1702 2201 1757 nisi

2304 499 2442 552 mino
2465 510 2638 553 nostro
2662 516 2767 553 non
2794 501 3043 565 serviunt,
3073 504 3161 554 ειςι
3193 517 3287 554 suo
3310 502 3494 554 ventri.
3523 499 3589 553 Et
3614 516 3703 571 per
3725 499 3874 554 dulces

2302 607 2560 670 serirtones
2590 601 2636 646 et
2664 592 3038 647 benedictiones
3082 592 3243 664 723
3290 593 3537 647 seducunt
3566 593 3725 647 corda
3750 596 3876 647 inno-

2304 666 2524 737 centium
2552 683 2731 754 (Rom.
2779 701 2892 749 xw,
2930 685 3043 754 18).
3092 684 3321 753 Semper
3364 684 3655 753 insidiosa,
3686 684 3875 751 callida,

2303 775 2499 831 blanda
2530 785 2615 830 est
2639 775 2898 831 adulatio.
2951 775 3290 845 Pulchreque
3333 776 3584 831 adulator
3614 776 3753 847 apud
3781 776 3877 847 phi-

2305 868 2562 938 losophos
2606 868 2862 923 delinitur
2912 866 3135 921 blandus
3164 868 3424 923 inimicus.
3463 868 3679 922 Veritas
3722 883 3877 923 amara

2304 972 2388 1018 est
2408 1004 2423 1030 ,
2442 961 2469 1000 ι’
2490 978 2699 1032 rugosa:
2723 962 2919 1017 frontis
2939 978 3001 1016 ac
3026 962 3217 1026 ll‘lSllS,
3244 962 3581 1031 oll'enditque
3600 972 3877 1032 correptos.

2304 1055 2460 1112 Unde
2504 1064 2560 1111 et
2605 1058 2901 1125 Apostolus
2950 1055 3229 1126 loquitur:
3282 1054 3536 1109 Inimicus
3570 1057 3709 1111 vobis
3735 1057 3877 1124 {actus

2302 1167 2441 1214 sum,
2492 1150 2754 1203 veritatem
2786 1150 2960 1203 dicens
3007 1148 3146 1203 vobis
3173 1146 3374 1220 (Galat.
3410 1164 3489 1216 IV,
3526 1146 3660 1218 16)?
3693 1147 3758 1203 Et
3795 1148 3879 1203 Co-

2306 1242 2477 1299 micus
2503 1260 2515 1294 :

2399 1342 2703 1405 Obsequium
2724 1344 2922 1406 amicos,
2948 1342 3131 1393 veritas
3149 1340 3312 1391 odium
3336 1344 3481 1404 parit.

2305 1446 2647 1518 Quapropter
2698 1458 2753 1504 et
2801 1447 3007 1502 Pascha
3050 1462 3173 1502 cum
3222 1446 3679 1502 amaritudinibus
3727 1460 3885 1503 come-

2306 1538 2505 1604 dimus,
2522 1549 2577 1594 et
2601 1554 2697 1595 vas
2719 1540 3008 1596 electionis
3034 1540 3413 1595 docetPascha
3444 1540 3816 1597 celebrandum
3841 1541 3884 1595 in

2306 1631 2532 1685 veritate
2580 1640 2637 1688 et
2680 1633 2993 1687 sinceritate
3041 1631 3098 1702 (l
3129 1630 3251 1687 Cor.
3304 1630 3399 1700 v);
3430 1632 3635 1687 veritas
3666 1634 3718 1688 in
3748 1633 3883 1689 nobis

2305 1725 2377 1778 sit
2406 1725 2716 1790 sinceritas,
2750 1735 2804 1779 et
2834 1726 3145 1780 amaritudo
3176 1725 3319 1779 illico
3346 1737 3727 1797 consequetur.

598 1825 785 1867 earum
816 1822 949 1862 voce
997 1815 1050 1860 et
1096 1802 1326 1858 canticis
1369 1800 1678 1856 delecteris.
1726 1798 1917 1868 Jungis
1963 1797 2106 1851 enim
2150 1803 2203 1851 et

2378 1817 2468 1870 27.
2505 1817 2693 1871 Omnia
2728 1816 2829 1872 Dei
2872 1817 3137 1872 voluntate
3161 1819 3291 1888 regi.
3320 1848 3393 1858 --
3420 1818 3551 1873 Illud
3598 1835 3726 1873 vero
3753 1817 3885 1890 quod

598 1902 757 1975 ponis
784 1902 836 1956 in
864 1900 1041 1967 titulo,
1071 1897 1222 1965 Quod
1248 1904 1292 1950 et
1315 1895 1518 1965 femina:
1548 1893 1658 1947 Deo
1697 1890 1923 1963 psallere
1959 1890 2196 1946 debeant.

598 1994 731 2063 Quis
758 1994 901 2050 enim
945 1994 1158 2063 ignorat
1187 1986 1530 2060 psallendum
1578 2001 1698 2041 esse
1724 1984 1942 2039 feminis
1970 1985 2022 2037 in
2050 1983 2201 2037 cubi-

598 2089 734 2145 culis
764 2087 899 2152 suis,
930 2099 985 2141 et
1015 2086 1219 2154 absque
1248 2082 1492 2137 virorum
1540 2080 1843 2150 frequentia
1873 2090 1927 2134 et
1971 2093 2201 2148 congre-

597 2183 815 2252 gatione
849 2177 1167 2234 turbarum?
1210 2175 1409 2230 Verum
1446 2184 1498 2228 tu
1528 2173 1701 2228 donas
1732 2170 1876 2241 quod
1908 2186 2015 2225 non
2050 2171 2198 2237 licet;

597 2272 828 2344 utquod
860 2270 1169 2328 verecunde
1203 2268 1383 2323 facere
1430 2266 1702 2332 debeant,
1752 2276 1808 2320 et
1853 2264 2062 2334 absque
2090 2263 2199 2317 ullo

598 2365 828 2433 arbitro,
862 2363 1105 2434 magistri
1138 2361 1464 2415 auctoritate
1488 2359 1845 2429 proclament.

671 2460 764 2515 26.
789 2458 926 2513 Item
952 2455 1142 2511 librum
1163 2453 1368 2527 Pelagii
1390 2457 1761 2524 confutat—Jl
1780 2451 1945 2506 Addis
1971 2457 2198 2519 printer-

597 2570 659 2611 ea
683 2551 822 2625 (Tit.
856 2566 981 2617 xm,
1012 2549 1084 2603 al.
1119 2547 1265 2617 nv),
1301 2547 1520 2602 Servum
1553 2544 1651 2598 Dei
1684 2543 1816 2599 nihil
1864 2558 2107 2595 amarum
2136 2539 2200 2592 de

597 2664 687 2703 ore
714 2664 807 2701 suo
834 2688 848 2712 ,
898 2643 989 2698 sed
1032 2657 1234 2711 semper
1262 2640 1401 2710 quod
1423 2638 1575 2693 dulce
1618 2647 1691 2692 est
1739 2646 1786 2691 et
1821 2654 1976 2691 suave
2022 2634 2202 2688 debere

598 2744 869 2811 proferre;
916 2748 971 2791 et
1000 2736 1155 2806 quasi
1185 2735 1325 2789 alius
1349 2734 1421 2787 sit
1446 2747 1637 2787 servus
1686 2731 1813 2795 Dei,
1844 2731 1980 2783 alius
2009 2728 2201 2783 doctor

595 2844 654 2889 et
683 2830 941 2886 sacerdos
973 2829 1251 2891 Ecclesiae,
1287 2825 1485 2896 prioris
1510 2825 1718 2879 oblitus
1764 2823 2074 2888 sententias,
2107 2838 2200 2889 po-

599 2924 685 2980 nis
715 2923 767 2976 iu
799 2922 905 2974 alio
948 2920 1105 2973 titulo
1144 2918 1285 2989 (Tit.
1325 2934 1500 2983 xxvn,
1543 2915 1618 2969 al.
1649 2916 1796 2985 χχιι)
1820 2957 1834 2980 ,
1884 2912 2201 2968 sacerdotem

598 3021 705 3076 sive
745 3021 1008 3075 doctorem
1036 3018 1266 3074 omnium
1293 3026 1437 3070 actus
1477 3013 1735 3085 speculari
1765 3014 1968 3075 debere,
1991 3021 2038 3065 et
2064 3011 2203 3080 [idu-

598 3114 801 3168 cialiter
824 3117 1081 3184 corripere
1095 3119 1362 3181 peccantes
1386 3125 1472 3175 ne,
1496 3124 1591 3177 pro
1617 3108 1795 3161 iisdem
1817 3106 2067 3160 rationem
2084 3107 2201 3159 red-

2306 1908 2359 1962 in
2389 1909 2498 1963 alio
2527 1908 2679 1978 ponis
2707 1910 2830 1963 loco
2859 1909 2879 1981 (
2918 1909 3023 1963 Tit.
3056 1926 3188 1964 xm
3208 1908 3251 1980 ),
3293 1910 3481 1964 Omnes
3502 1910 3749 1967 voluntate
3777 1927 3891 1981 pro-

2306 2002 2421 2072 pria
2445 2002 2578 2071 regi,
2610 2002 2731 2071 quis
2756 2002 3188 2057 Christianorum
3219 2012 3399 2072 potest
3419 2003 3607 2058 audire
3630 2004 3653 2057 ?
3673 2003 3733 2059 Si
3758 2004 3888 2059 enim

2306 2110 2414 2149 non
2448 2109 2610 2158 unus,
2638 2109 2740 2149 nec
2771 2095 2948 2164 pauci,
2982 2110 3080 2151 nec
3106 2096 3285 2161 multi,
3313 2095 3404 2151 sed
3438 2111 3631 2151 omnes
3656 2107 3889 2168 reguntur

2308 2188 2527 2257 propria
2574 2187 2878 2252 voluntate,
2928 2188 3016 2242 ubi
3049 2188 3153 2242 erit
3183 2188 3447 2242 auxilium
3488 2188 3620 2244 Dei?
3664 2191 3732 2244 Et
3772 2204 3885 2259 quo-

2307 2282 2471 2336 modo
2500 2282 2630 2337 illud
2660 2282 2932 2352 exponis?
2961 2282 3003 2334 Α
3032 2281 3257 2335 Domino
3288 2299 3495 2353 gressus
3521 2282 3747 2338 hominis
3782 2285 3887 2338 diri-

2306 2377 2539 2445 guntur(
2566 2374 2715 2430 Psal.
2764 2391 2944 2439 xxxvr,
2974 2375 3046 2429 25
3068 2374 3111 2445 );
3141 2384 3217 2440 et,
3251 2374 3374 2429 Non
3400 2385 3475 2429 est
3518 2378 3572 2431 in
3611 2376 3887 2433 Itomineria

2307 2473 2419 2540 ejus
2448 2469 2468 2541 (
2491 2467 2684 2524 Jerem.
2711 2486 2768 2533 χ,
2805 2469 2876 2522 22
2901 2467 2946 2539 );
2974 2477 3050 2536 et,
3087 2467 3255 2523 Nemo
3280 2478 3443 2539 potest
3471 2471 3755 2540 quidquam
3774 2471 3887 2524 acci-

2306 2577 2442 2630 pere,
2478 2563 2579 2615 nisi
2607 2563 2785 2615 datum
2833 2562 2989 2631 fuerit
3022 2562 3067 2615 ei
3113 2561 3353 2633 desuper.
3398 2561 3465 2615 Et
3498 2564 3550 2616 in
3608 2564 3720 2619 alio
3766 2564 3885 2628 loco,

2311 2654 2450 2719 Quid
2496 2655 2631 2707 enim
2676 2654 2833 2709 habes
2879 2653 3014 2724 quod
3074 2670 3176 2707 non
3223 2654 3513 2723 accepisti?
3564 2652 3633 2708 Et
3680 2656 3727 2709 si
3768 2671 3891 2709 acre-

2306 2744 2452 2813 pisti,
2496 2745 2624 2815 quid
2674 2744 2940 2815 gloriaris,
2990 2746 3141 2816 quasi
3214 2762 3316 2800 non
3368 2747 3631 2817 acceperis
3691 2747 3744 2817 (l
3787 2746 3888 2801 Cor.

2305 2853 2381 2904 ιν,
2417 2839 2783 2905 7)?diceute
2830 2841 3064 2896 Domino
3119 2840 3442 2897 Salvatore:
3500 2842 3628 2897 Non
3680 2840 3891 2897 descendi

2309 2933 2371 2985 de
2400 2935 2545 2999 (telo,
2578 2943 2633 2986 ut
2662 2935 2852 3004 faciant
2895 2936 3207 2988 voluntatem
3248 2952 3435 3000 meam,
3464 2938 3554 2991 sed
3599 2938 3892 2991 voluntatem

2306 3028 2419 3097 ejus
2457 3026 2546 3095 qui
2573 3042 2652 3079 me
2697 3026 2833 3080 misit
2882 3025 3056 3081 Patris
3082 3025 3275 3099 (Joan.
3326 3044 3376 3091 v,
3433 3028 3565 3099 30).
3594 3029 3662 3083 Et
3714 3030 3764 3083 in
3807 3027 3892 3081 alio

2307 3117 2427 3172 loco
2453 3136 2463 3171 :
2505 3117 2681 3183 Pater,
2710 3120 2755 3173 si
2783 3132 2805 3158 ο
2830 3120 2943 3188 [ieri
2972 3129 3161 3190 potest,
3196 3130 3421 3175 transeat
3444 3140 3475 3175 a
3516 3138 3594 3175 me
3637 3124 3777 3176 calix
3796 3122 3888 3175 iste.

596 3210 685 3262 dat
717 3206 840 3279 [ΑΙ.
876 3202 1131 3274 reddas],
1173 3211 1221 3255 et
1257 3217 1431 3256 eorum
1475 3200 1688 3269 sanguis
1720 3199 1785 3251 de
1830 3198 1937 3251 suis
1969 3197 2202 3251 manibus

2318 3208 2682 3265 Verumtamen
2729 3228 2831 3265 non
2874 3211 3012 3280 quod
3067 3229 3162 3283 ego
3189 3212 3326 3278 volo,
3376 3212 3466 3267 sed
3494 3213 3628 3266 sicut
3669 3226 3729 3267 tu
3766 3212 3891 3281 (Luc.

596 3302 917 3373 requiratur.
945 3298 1058 3354 Nec
1081 3296 1247 3352 semel
1279 3295 1488 3349 dixisse
1518 3302 1828 3357 contentus,
1863 3291 2094 3361 idipsum
2120 3306 2206 3345 re-

595 3396 791 3467 plicas,
823 3404 881 3450 et
920 3393 1164 3448 inculcas
1197 3389 1336 3461 (Tit.
1368 3389 1532 3457 xxxi)
1561 3387 1876 3440 sacerdotem
1897 3386 2002 3439 sive
2023 3385 2204 3437 docto-

593 3508 704 3547 rem
736 3490 929 3545 nemini
969 3486 1178 3542 adulari
1208 3484 1411 3550 dcbere,
1450 3483 1538 3537 sed
1563 3485 1810 3535 audenter
1835 3496 2007 3533 omnes
2038 3479 2203 3533 corri-

595 3602 735 3657 pere,
770 3601 833 3638 ne
857 3592 905 3639 et
936 3600 989 3637 se
1014 3590 1062 3634 et
1087 3597 1172 3635 eos
1201 3579 1290 3650 qui
1313 3594 1427 3631 eum
1453 3576 1696 3641 audiunt,
1727 3574 1927 3643 perdat.
1959 3572 2204 3627 Tantane

595 3687 680 3734 est
710 3679 763 3733 in
813 3691 921 3730 uno
948 3689 1117 3745 opere
1166 3670 1504 3727 dissonantia
1525 3711 1539 3735 ,
1576 3678 1635 3724 ut
1658 3668 1788 3739 quid
1820 3668 1970 3738 prius
1999 3664 2204 3719 dixeris

599 3770 857 3827 nescias?
888 3769 946 3826 Si
973 3768 1118 3823 enim
1163 3779 1355 3821 servus
1402 3764 1496 3819 Dei
1525 3763 1660 3818 nihil
1691 3776 1941 3817 amarum
1995 3759 2063 3814 de
2106 3773 2204 3813 suo

598 3864 761 3921 debet
791 3880 886 3920 ore
908 3863 1157 3933 proferre
1179 3902 1195 3929 ,
1219 3860 1316 3916 sed
1341 3874 1556 3929 semper
1590 3856 1734 3927 quod
1763 3856 1920 3911 dulce
1949 3861 2007 3911 et
2042 3866 2205 3908 suave

600 3970 715 4017 est:
748 3969 841 4014 aut
869 3958 1123 4014 sacerdos
1150 3964 1205 4011 et
1234 3956 1429 4010 doctor
1454 3954 1601 4009 servi
1634 3952 1726 4006 Dei
1753 3966 1857 4005 non
1890 3957 2082 4014 erunt,
2113 3947 2205 4017 qui

602 4052 932 4108 ﬁducialiter
958 4050 1161 4105 debent
1186 4047 1465 4115 corripere
1492 4052 1798 4113 peccantes,
1831 4052 1886 4097 et
1910 4040 2044 4095 nulli
2074 4039 2207 4092 adu-

596 4145 720 4209 lari,
753 4142 849 4199 sed
876 4142 1136 4197 audacter
1163 4152 1353 4193 omnes
1392 4136 1714 4206 increpare;
1746 4143 1839 4189 aut
1867 4133 1913 4189 si
1945 4131 2206 4188 sacerdos

602 4247 656 4295 et
682 4238 898 4301 doctor,
926 4252 1033 4290 non
1065 4233 1242 4289 solum
1271 4231 1416 4287 servi
1442 4230 1559 4295 Dei,
1589 4229 1685 4285 sed
1715 4230 1855 4284 inter
1876 4243 2064 4283 servos
2087 4228 2205 4295 ejus

600 4330 958 4401 principalem
993 4334 1180 4383 tenent
1200 4326 1401 4391 locum,
1432 4322 1632 4377 frustra
1664 4322 1835 4376 servis
1864 4321 1959 4375 Dei
1986 4319 2202 4375 blandi-

600 4423 705 4477 tias
740 4431 794 4477 et
847 4419 1161 4475 dulcedines
1199 4416 1492 4472 reservasti
1514 4457 1528 4481 ,
1558 4429 1682 4470 cum
1711 4414 1812 4468 hoc
1843 4413 2059 4482 proprie
2095 4412 2205 4465 haz-

603 4513 905 4569 reticorum
936 4512 1026 4577 sit,
1054 4520 1321 4567 eteorum
1345 4509 1435 4580 qui
1457 4508 1712 4578 decipere
1736 4506 2202 4578 cupiuntaudien-

2309 3317 2445 3368 χχιι,
2498 3303 2613 3372 42).
2667 3302 2735 3356 Et
2776 3304 2831 3357 in
2859 3302 3117 3358 Oratione
3158 3305 3482 3360 Dominica:
3526 3306 3649 3359 Fiat
3685 3308 3895 3361 voluntas

2308 3404 2419 3459 tua,
2443 3397 2575 3449 sicut
2599 3396 2652 3449 in
2676 3396 2801 3450 caelo
2823 3405 2868 3449 et
2896 3397 2949 3449 in
2976 3406 3111 3451 terra
3138 3397 3371 3469 (Matth.
3395 3414 3466 3464 γι,
3494 3400 3561 3456 10
3580 3397 3620 3469 ).
3646 3400 3766 3469 Qua
3787 3415 3895 3456 sen-

2310 3489 2492 3543 tentia:
2541 3489 2846 3546 temeritate
2890 3489 3073 3546 aufers
3122 3491 3217 3546 Dei
3258 3506 3419 3548 omne
3451 3494 3803 3563 praesidium?
3842 3492 3897 3548 Et

2307 3580 2450 3649 quod
2488 3580 2541 3633 in
2572 3582 2679 3635 alio
2725 3582 2847 3637 loco
2879 3583 3074 3638 frustra
3126 3588 3345 3640 conaris
3387 3585 3714 3657 adjungere,
3735 3586 3761 3624 ἀ
3791 3585 3896 3640 Non

2308 3672 2498 3741 absque
2527 3671 2625 3726 Dei
2653 3676 2854 3746 gratia,
2909 3676 3186 3745 quomodo
3238 3678 3429 3732 sentiri
3472 3679 3646 3746 velis,
3702 3696 3767 3735 ex
3811 3680 3895 3731 hoc

2306 3763 2428 3819 loco
2474 3766 2829 3837 intelligitur,
2860 3767 2987 3822 dum
3032 3768 3259 3838 gratiam
3305 3770 3424 3839 ejus
3455 3786 3563 3824 non
3604 3771 3673 3826 ad
3705 3770 3900 3842 singula

2310 3860 2480 3916 refers
2506 3875 2696 3931 Opera,
2723 3861 2821 3918 sed
2851 3862 2919 3917 ad
2947 3862 3277 3919 conditionis
3303 3878 3366 3918 ac
3396 3864 3530 3935 legis
3556 3875 3611 3920 et
3641 3864 3800 3922 liberi
3822 3878 3898 3919 ar-

2311 3952 2456 4007 bitrii
2488 3963 2837 4022 potestatem.

2379 4044 2469 4099 28.
2503 4045 2797 4115 Impiorum
2826 4056 2873 4099 et
2899 4046 3193 4117 iniquorum
3218 4048 3511 4102 diversitas.
3527 4078 3599 4088 —-
3622 4048 3760 4105 Illud
3783 4060 3898 4103 vero

2308 4140 2450 4209 quod
2476 4144 2528 4193 in
2556 4142 2807 4209 sequenti
2840 4142 2998 4210 ponis
3018 4143 3297 4215 capitulo(
3322 4142 3428 4195 Tit.
3455 4159 3583 4211 an,
3609 4143 3681 4198 al.
3713 4144 3898 4213 usu):

2310 4229 2378 4286 In
2405 4232 2489 4284 die
2505 4232 2699 4304 judicii
2746 4234 2938 4303 iniquis
2969 4243 3016 4288 et
3039 4236 3400 4304 peccatoribus
3441 4252 3543 4290 non
3564 4236 3896 4308 parcendum,

2308 4325 2398 4379 sed
2422 4326 2627 4379 (sternis
2663 4342 2746 4379 eos
2787 4326 2991 4397 ignibus
3030 4328 3342 4391 exurendos,
3376 4327 3518 4383 ferre
3557 4330 3678 4398 quis
3714 4336 3897 4399 potest,

2314 4430 2337 4454 υ
2363 4427 2416 4472 et
2434 4418 2766 4473 interdicere
2798 4419 3298 4474 tetnisericordiam
3319 4420 3435 4487 Dei,
3452 4428 3649 4477 etante
3670 4420 3901 4489 diemju-

2310 4511 2437 4567 dicii
2464 4514 2531 4567 de
2554 4513 3045 4584 sententiajudicis
3058 4512 3222 4585 724.
3230 4514 3497 4583 judicare,
3522 4524 3581 4570 ut
3599 4514 3647 4571 si
3676 4513 3902 4571 voluerit

679 4665 706 4694 ει
735 4655 1029 4710 Numerum
1058 4651 1482 4719 uniuscujusque
1532 4647 1672 4702 tituli
1713 4647 1864 4701 addit
1905 4647 2210 4719 vetustissi-
2238 4652 2291 4712 D
2316 4650 2441 4719 caelo
2463 4692 2475 4715 ,
2510 4650 2582 4702 ita
2604 4660 2649 4703 et
2673 4651 2725 4703 in
2750 4658 2905 4704 terra.

604 4745 725 4785 mus
755 4727 978 4796 Reginae
1008 4738 1109 4779 ms.
1143 4718 1601 4796 quemadmodum
1631 4730 1757 4796 ante
1786 4718 2206 4796 Erastnnm‘edi-

606 4800 666 4857 ti.
701 4789 876 4869 Atque
920 4807 1067 4852 esset
1134 4789 1312 4849 tndem
1344 4807 1523 4860 operae
1559 4791 1785 4861 pretium
1818 4789 2024 4859 singula
2059 4790 2239 4843 Pelaa.

606 4876 746 4920 niani
782 4870 902 4920 libri
928 4812 1166 4920 canittiia
1189 4905 1202 4920 .
1235 4883 1266 4920 e
1297 4866 1491 4920 auibus
1537 4864 1824 4918 sententia:
1874 4862 1991 4915 istm
2025 4861 2205 4920 profe-

1080 4884 1111 4921 ll

602 4876 746 4945 giaui
782 4861 902 4945 libri
928 4861 1166 4937 capitula
1189 4905 1202 4927 ,
1235 4883 1266 4921 e
1297 4866 1491 4934 quibus
1537 4864 1824 4945 sententia:
1874 4862 1991 4945 istae
2025 4861 2205 4945 profe-

603 4932 800 4999 ium."
822 4984 835 5007 ,
865 4942 919 4995 in
947 4932 1094 4995 testu
1127 4932 1527 5008 repraesentare
1548 4978 1561 4999 ,
1590 4934 1734 5003 quod
1766 4933 1945 5008 simile
1987 4944 2068 5008 est
2099 4932 2209 4986 fac-

605 5025 719 5069 tum
772 5015 842 5067 ah
892 5006 1244 5079 Hieronymo.
1296 5007 1400 5063 Sed
1448 5023 1569 5061 cum
1624 5007 1832 5079 numeri
1870 5006 2205 5079 notationem

606 5086 814 5140 nullam
844 5082 1077 5137 habeant
1098 5074 1211 5132 alia
1252 5079 1497 5146 quasdam
1529 5075 1858 5145 exemplaria
1888 5074 2207 5146 antiquissi-

608 5171 720 5217 ma,
754 5163 866 5206 tum
907 5168 1025 5220 qua:
1079 5145 1298 5211 habent,
1330 5150 1383 5199 in
1413 5147 1877 5220 numericisuotts
1926 5145 2201 5220 interdum

607 5218 938 5285 dissideant,
972 5225 1086 5290 ipse
1112 5235 1239 5272 vero
1270 5220 1646 5290 Ιιειττεςὶοτοιιςῐ)
1678 5218 2043 5286 liber-jamdiu
2080 5232 2201 5290 per-

609 5298 756 5359 ierit,
793 5308 971 5363 neque
1024 5290 1159 5363 adeo
1187 5290 1239 5363 in
1292 5302 1545 5358 promptu
1573 5289 2067 5363 sitlectioiremex
2115 5289 2205 5363 illo

608 5358 895 5430 asserere,
917 5365 1085 5419 satius
1112 5362 1364 5415 duximus
1411 5372 1567 5415 notas
1606 5361 1729 5414 illas
1759 5376 1824 5415 ex
1867 5358 2036 5428 Regio
2082 5359 2205 5415 cod.

609 5441 663 5495 in
696 5439 940 5508 margine
965 5449 1237 5505 apponere
1261 5475 1276 5500 ,
1304 5431 1638 5487 Variantibus
1676 5430 2054 5485 tantummodo
2084 5432 2214 5485 Sub-

609 5522 1018 5643 "0532mm"
1050 5593 1241 5647 rugosa
1267 5575 1416 5644 ίτοηδ
1465 5589 1526 5626 ⁰⁰
1567 5571 1733 5624 ίτίδίίδ
1778 5568 1992 5636 amanda
2041 5572 2215 5642 “(ique

614 5661 900 5718 correptos.
932 5659 1038 5704 etc.

690 5734 713 5762 ο
750 5711 979 5788 Quidam
1031 5733 1189 5784 mss.,
1236 5719 1280 5772 si
1310 5712 1567 5788 possibile_
1587 5720 1659 5766 est
1676 5727 1849 5788 :‘mo-x
1879 5711 2053 5788 Vatic.
2086 5730 2210 5770 cum

615 5784 795 5862 Regio
810 5830 827 5858 ,
856 5807 960 5845 non
985 5789 1122 5859 quod
1166 5805 1259 5858 ego
1286 5784 1401 5843 voto
1427 5828 1444 5855 ,
1474 5784 1567 5841 sed
1587 5791 1665 5841 tu.
1693 5784 1936 5859 Denique
1959 5824 1977 5854 ,
1998 5786 2129 5841 sicut
2157 5788 2213 5842 in

2386 4718 2411 4757 ἀ
2448 4721 2568 4793 de.
2603 4721 2801 4775 librum
2849 4721 2918 4777 de
2960 4721 3141 4778 Gestis
3170 4721 3376 4791 Pelagii
3408 4737 3528 4793 cap.
3560 4723 3629 4786 5,
3660 4741 3715 4780 n.
3753 4726 3817 4789 5,
3862 4729 3909 4778 et

2316 4807 2430 4861 seq.
2466 4792 2571 4846 Pro
2603 4793 2780 4846 sentiri
2806 4834 2821 4855 ,
2852 4792 2995 4861 quod
3042 4794 3341 4862 prmferunt
3372 4792 3531 4860 mss.,
3564 4806 3683 4851 erat
3710 4797 3904 4851 sentire.

2317 4864 2470 4917 Patet
2513 4878 2647 4937 vero
2698 4866 2933 4937 maxime
2982 4880 3047 4937 ex
3095 4865 3449 4935 sequentibus
3500 4866 3817 4937 Pelagianos
3852 4878 3907 4918 ea

2317 4935 2586 4988 sententia
2614 4933 2803 5003 gratia:
2832 4933 3213 4991 necessitatem
3246 4938 3435 4992 tollere
3463 4933 3722 4993 voluisse.

2393 5016 2415 5041 υ
2446 5004 2705 5077 Voculam
2739 5013 2785 5059 et
2816 5006 3019 5061 rectius
3073 5024 3204 5063 mss.
3236 5009 3505 5077 ignorant.
3562 5008 3733 5063 Porro
3789 5007 3909 5061 falsa

2320 5077 2436 5130 haec
2466 5090 2577 5129 erat
2612 5076 2812 5146 Pelagii
2845 5080 3167 5146 propositio,
3203 5076 3326 5145 quia
3358 5082 3584 5133 nimium
3615 5078 3908 5149 generalis.

2315 5157 2371 5219 et
2405 5150 2678 5219 absoluta,
2712 5164 2888 5219 neque
2922 5149 3290 5219 distinguebat
3328 5152 3471 5205 inter
3498 5152 3833 5219 graviorum,
3862 5154 3913 5202 et

2314 5217 2579 5271 leviorum
2630 5217 2916 5273 criminum
2971 5217 3112 5275 reos.
3169 5223 3438 5276 Prazterea

2318 5289 2456 5343 infra
2485 5289 2838 5362 ostendemus
2889 5305 2954 5345 ex
3007 5292 3181 5355 Epist.
3238 5292 3426 5346 Hilarii
3481 5288 3807 5362 Syracusani
3850 5288 3912 5341 ad

2318 5360 2702 5440 Augustinum,
2738 5363 2953 5432 iniquos
2977 5376 3033 5418 et
3061 5371 3381 5440 peccatores
3415 5360 3771 5440 appellabant
3801 5376 3909 5440 eos.
4002 5360 4003 5435 ξ

2318 5431 2408 5501 qui
2440 5434 2492 5484 in
2514 5431 2719 5488 divitiis
2764 5430 3175 5502 permanerent,
3215 5435 3427 5489 etiamsi
3462 5430 3529 5487 de
3561 5436 3690 5501 ipsis
3716 5430 3915 5502 divitiis

2320 5500 2718 5574 eleeutosynas,
2750 5500 2799 5559 et
2828 5503 2930 5558 alia
2964 5520 3128 5574 opera
3162 5506 3302 5559 bona
3333 5500 3608 5569 facerent;
3641 5506 3828 5574 sicque
3853 5500 3915 5554 ad

2324 5577 2528 5642 majora
2579 5584 2634 5630 et
2678 5576 3001 5645 perfectiora
3047 5576 3427 5642 hortabantur,
3477 5586 3589 5629 uta
3620 5576 3914 5630 minoribus

2317 5645 2683 5701 deterrerent.
2708 5647 2824 5700 V'id.
2846 5645 3005 5708 infra,
3030 5647 3125 5702 lib.
3154 5647 3537 5714 n,subﬁnem;
3564 5647 3758 5703 librum
3784 5659 3914 5715 quo-

2319 5732 2424 5788 que
2451 5718 2518 5772 de
2547 5717 2729 5773 Gestis
2752 5717 2977 5788 Pelagii,
3001 5733 3121 5790 cap.
3153 5720 3208 5786 ὅ,
3238 5735 3391 5773 num.
3422 5717 3477 5773 9.

3542 5221 3768 5291 elagiani
3788 5264 3801 5285 ,
3858 5226 3911 5291 ut
4002 5221 4003 5251 ³
