4054 6390
198 354 278 411 εει
1078 349 1422 409 DIALOGUS
1461 347 1827 407 auvsnsus
1864 345 2320 407 PELAGIANOS.
2366 348 2495 405 LIB.
2538 349 2578 404 ι.
3373 355 3479 415 522

199 469 377 540 iniquis
402 467 858 540 etpeecatoribus
879 481 1126 537 parcere,
1153 478 1204 523 te
1225 467 1638 537 praescribente,
1664 481 1772 522 non
1801 470 1854 527 A
1880 475 2099 539 surgunt
2145 464 2288 536 impii
2318 464 2371 517 in
2411 462 2636 535 judicio.
2671 461 2790 517 Jam
2837 463 2983 517 enim
3021 464 3074 517 in
3120 467 3478 531 perditionem

198 561 388 633 possit?
416 561 560 617 Dicis
581 562 725 616 enim
752 580 764 615 :
805 581 823 614 σ
845 561 1116 630 Scriptum
1150 571 1234 616 est
1257 561 1308 615 in
1341 559 1644 616 centesimo
1669 568 1778 614 ter-

202 654 264 707 tio
289 653 529 718 psalmo:
561 653 819 724 Deﬁciunt
849 662 1140 722 peccatores
1169 670 1200 705 a
1247 661 1382 706 terra
1416 662 1463 706 et
1493 650 1680 720 iniqui,
1710 651 1782 702 ita

200 754 246 799 ttt
273 761 370 799 non
397 745 520 801 sint.
551 746 618 800 Et
648 746 700 800 in
735 744 875 800 Isaia
900 766 913 800 :
937 743 1311 800 Combureutur
1335 743 1500 812 iniqui
1529 752 1573 796 et
1598 757 1782 810 pecca-

200 848 317 894 tores
345 838 522 904 simul,
543 848 589 894 et
605 840 693 910 qui
708 838 1003 909 relinquunt
1025 835 1220 903 Deum,
1235 835 1743 891 consutumabuntur.
1759 851 1776 885 i

197 929 257 984 Et
294 945 402 984 non
432 929 692 1000 intelligis
734 929 1215 985 coutmiuationem
1265 927 1360 982 Dei
1393 927 1665 982 interdum
1698 941 1785 980 so-

197 1036 313 1076 nare
340 1020 726 1077 clementiam?
756 1021 874 1077 Non
903 1025 1049 1077 enim
1073 1021 1206 1076 dicit
1230 1029 1254 1056 δ
1274 1035 1369 1075 eos
1401 1019 1619 1074 aeternis
1652 1018 1787 1088 igni-

196 1114 284 1168 bus
308 1115 640 1182 exurendos,
674 1114 769 1171 sed
799 1131 828 1170 a
862 1125 1005 1171 terra
1036 1114 1296 1178 deiicere,
1328 1122 1382 1168 et
1423 1112 1636 1181 iniquos
1668 1125 1788 1166 esse

194 1222 421 1264 cessare.
449 1209 608 1263 Aliud
644 1210 787 1264 enim
817 1219 901 1264 est
937 1209 1084 1279 ipsos
1113 1224 1142 1261 a
1174 1217 1402 1279 peccato
1425 1216 1479 1261 et
1505 1205 1788 1274 iniquitate

194 1297 490 1363 desistere,
531 1309 587 1355 et
627 1300 768 1354 aliud
823 1301 973 1370 ipsos
1005 1300 1181 1370 perire
1236 1301 1286 1352 in
1338 1306 1679 1369 perpetuum,
1735 1305 1790 1351 et

194 1395 406 1449 uternis
440 1394 652 1465 ignibus
682 1396 1046 1450 concremari.
1089 1393 1330 1462 Denique
1361 1392 1529 1446 Isaias
1573 1391 1641 1446 de
1682 1407 1789 1462 quo

195 1487 343 1557 ponis
363 1489 760 1552 testimonium,
782 1488 1177 1553 Comburentur,
1202 1486 1398 1557 inquit,
1426 1495 1720 1556 peccatores
1742 1495 1787 1540 et

193 1581 350 1649 iniqui
380 1582 577 1636 simul:
615 1600 720 1637 non
745 1583 930 1648 addit,
962 1583 1014 1636 in
1065 1591 1350 1637 mternurn.
1384 1580 1453 1634 Et
1499 1582 1587 1651 qui
1631 1579 1792 1635 relin-

193 1684 350 1745 quunt
381 1674 571 1744 Deum,
621 1676 1134 1731 consummabantur.
1170 1676 1398 1747 Proprie
1427 1675 1528 1728 hoc
1575 1675 1642 1729 de
1676 1675 1788 1727 lue-

195 1767 370 1821 reticis
398 1766 654 1838 loquitur,
675 1769 769 1837 qui
799 1778 1006 1822 rectum
1034 1765 1161 1820 fidei
1183 1767 1451 1820 tramitem
1481 1767 1791 1835 relinquen—

1884 567 2008 612 sunt
2039 555 2390 626 pra'judicali.
2426 554 2607 625 Neque
2645 564 2940 624 peccatores
2988 555 3149 626 725
3173 558 3225 609 in
3266 561 3482 614 consilio

1877 652 2140 722 justorum
2171 648 2341 720 (Psal.
2365 664 2402 713 1,
2429 648 2507 712 5).
2535 648 2693 701 Aliud
2724 648 2866 702 enim
2897 657 2980 702 est
3001 653 3228 718 gloriam
3256 651 3486 718 perdt-re

1886 743 2240 814 resurgendi,
2270 741 2416 797 aliud
2465 740 2643 812 perire
2693 751 2975 810 perpetuo.
3026 741 3236 804 Veniet.
3290 744 3486 812 inquit,

1888 839 2036 904 liora,
2067 839 2122 890 in
2147 853 2248 907 qua
2277 852 2452 889 omnes
2482 836 2569 902 qui
2616 836 2668 888 in
2701 836 2950 905 sepulcris
2999 846 3140 903 sunt,
3166 839 3378 892 audient
3409 855 3490 892 t'O-

1888 948 1993 986 cem
2016 933 2149 1002 ejus,
2174 938 2218 983 et
2241 928 2590 1002 egrediantur,
2621 931 2704 999 qui
2736 931 2866 982 bona
2885 933 3137 1000 fecerunt,
3160 931 3211 984 in
3233 949 3487 987 resurrec-

1888 1025 2077 1077 tionem
2119 1023 2272 1088 vitta;
2321 1023 2410 1092 qui
2457 1031 2625 1076 autem
2658 1023 2795 1075 mula
2839 1033 3068 1093 egerunt,
3121 1025 3176 1077 in
3223 1043 3483 1080 resurrec-

1890 1117 2078 1169 tionem
2121 1115 2315 1187 judicii
2362 1113 2554 1183 (Joan.
2619 1131 2680 1179 ν,
2743 1114 2834 1186 5').
2895 1115 3049 1171 Unde
3105 1126 3158 1171 et
3198 1120 3489 1189 Apostolus

1892 1208 2083 1264 eodem
2109 1222 2294 1271 sensu,
2330 1210 2453 1278 quia
2477 1207 2668 1262 eodem
2697 1218 2750 1262 et
2783 1209 2994 1277 spiritu,
3031 1211 3266 1280 loquitur
3292 1215 3355 1266 ad
3385 1214 3488 1268 Ro—

1895 1318 2124 1358 manos:
2163 1301 2482 1371 Quicumque
2519 1303 2650 1354 enim
2683 1302 2793 1355 sine
2822 1302 2929 1372 lege
2979 1319 3333 1374 peccaverunt,
3384 1308 3492 1361 sine

1894 1396 2002 1464 lege
2024 1395 2282 1465 peribunt.
2320 1392 2386 1447 Et
2417 1395 2718 1463 quicumque
2767 1394 2818 1446 in
2863 1395 2971 1464 lege
2997 1408 3352 1466 peccat'euut,
3407 1416 3495 1465 per

1896 1485 2454 1558 legemjudicabunlur
2481 1487 2497 1554 (
2524 1484 2678 1540 Rom.
2723 1501 2779 1548 tt,
2817 1485 2882 1538 1'2
2904 1489 2942 1551 ).
2976 1486 3107 1541 Sine
3140 1488 3257 1557 lege
3300 1491 3496 1558 impius

1896 1589 1999 1644 est,
2033 1579 2121 1649 qui
2173 1579 2226 1633 in
2268 1589 2530 1634 arternum
2569 1579 2786 1648 peribit.
2819 1579 2875 1633 In
2933 1581 3050 1650 lege
3101 1591 3354 1650 peccator
3379 1599 3498 1639 cre-

1896 1673 2032 1729 dens
2062 1674 2114 1728 in
2164 1675 2355 1740 Deum,
2408 1675 2496 1744 qui
2533 1690 2626 1744 per
2682 1675 2850 1744 legem
2903 1674 3256 1743 iudicabitur,
3287 1686 3341 1731 et
3389 1694 3498 1734 non

1901 1768 2120 1836 peribit.
2152 1769 2206 1822 Si
2231 1776 2544 1839 peceatores
2574 1776 2627 1822 et
2656 1769 2820 1838 iniqui
2859 1769 3081 1824 arternis
3122 1771 3333 1841 ignibus
3360 1790 3494 1828 exu-

199 1867 278 1914 tes
333 1860 891 1925 consummabunutr,
953 1861 999 1915 si
1050 1858 1327 1914 noluerint
1381 1857 1447 1912 ad
1501 1857 1789 1912 Dominum
1823 1877 1870 1937 Β
1899 1868 2112 1924 runtur,
2143 1875 2249 1915 IIOII
2273 1861 2431 1916 times
2476 1861 2803 1915 sententiam
2834 1869 3016 1927 tuam,
3048 1864 3136 1931 qui
3172 1864 3412 1934 iniquum
3444 1877 3500 1922 et

195 1953 428 2022 reverti,
452 1970 613 2024 quem
661 1954 1089 2024 dereliquerunt.
1121 1954 1253 2019 Quae
1297 1954 1567 2008 sententia
1598 1961 1652 2007 et
1699 1952 1793 2006 tibi

193 2054 373 2114 parata
401 2057 508 2107 est.
535 2047 578 2100 si
606 2045 915 2116 neglexeris
939 2047 1005 2099 ad
1035 2045 1259 2100 meliora
1292 2045 1562 2101 converti.
1589 2044 1795 2100 Deinde

187 2139 338 2210 cujus
371 2149 458 2195 est
499 2141 856 2203 temeritatis,
910 2138 1128 2206 iniquos
1176 2147 1232 2193 et
1278 2147 1589 2207 peccatores
1618 2137 1799 2208 impiis

184 2233 436 2303 jungere;
472 2232 564 2302 qui
596 2248 626 2286 a
658 2234 816 2286 nobis
839 2233 918 2284 sic
951 2230 1301 2286 deﬁniuntur.
1335 2230 1570 2285 Omnisb
1600 2231 1798 2302 impius

186 2324 408 2394 iniquus
451 2333 538 2379 est
574 2333 631 2378 et
678 2333 953 2394 peccator,
986 2338 1087 2378 nec
1118 2325 1504 2393 reciprocatur,
1538 2334 1593 2378 ut
1622 2325 1800 2394 possi—

185 2434 310 2472 mus
337 2416 551 2483 dicere,
585 2421 763 2471 omnis
795 2426 1047 2486 peccator
1081 2426 1133 2470 et
1159 2417 1372 2485 iniquus
1402 2417 1566 2470 etiam
1603 2417 1799 2485 impius

180 2520 290 2566 est.
329 2509 592 2580 Impietas
620 2509 765 2562 enim
813 2509 1031 2578 proprie
1061 2507 1127 2562 ad
1155 2522 1250 2563 eos
1281 2510 1536 2576 pertinet,
1585 2509 1674 2578 qui
1707 2523 1801 2562 no-

183 2603 359 2658 titiam
394 2603 489 2657 Dei
523 2617 630 2657 non
659 2601 891 2668 habent,
935 2601 1020 2656 vel
1050 2602 1322 2671 cognitam
1367 2601 1800 2672 transgressione

181 2702 494 2752 mutarunt.
523 2694 816 2750 Peccatum
843 2703 1027 2749 autem
1052 2701 1108 2748 et
1132 2693 1389 2763 iniquitas
1414 2709 1512 2761 pro
1539 2693 1801 2762 qualitate

182 2789 470 2857 vitiorum,
514 2799 635 2859 post
665 2788 871 2858 peccati
900 2796 956 2841 et
997 2786 1298 2855 iniquitatis
1322 2787 1572 2854 vulnera,
1610 2785 1802 2856 recipit

178 2887 503 2942 sanitatem.
537 2882 691 2939 Unde
717 2883 981 2949 scriptum
1013 2890 1095 2935 est
1123 2900 1134 2934 :
1185 2880 1355 2935 Multa
1382 2879 1593 2951 ﬂagella
1621 2895 1801 2949 pecca-

181 2979 306 3032 toris
334 2977 354 3050 (
386 2977 487 3032 Ps.
529 2991 682 3041 xxxn,
715 2974 818 3043 10)
865 2993 877 3026 ;
909 2983 963 3027 et
995 2987 1099 3028 non
1136 2973 1386 3028 interitus
1415 2973 1797 3041 sempiternus.

179 3071 240 3125 Et
285 3086 387 3140 per
441 3068 627 3122 omnia
691 3065 904 3136 ﬂagella
955 3075 1118 3135 atque
1157 3065 1428 3120 cruciatus
1480 3064 1802 3120 emendatur

176 3164 369 3219 Israel.
407 3163 579 3230 Quem
609 3161 744 3214 enim
777 3158 950 3230 diligit
988 3159 1242 3213 Dominus
1288 3160 1540 3231 corripit:
1567 3161 1798 3232 ﬂagellat

1901 1961 2237 2021 peccatorem
2269 1961 2320 2008 te
2349 1968 2470 2008 esse
2497 1951 2679 2006 dicis?
2709 1952 2773 2004 Et
2796 1955 3193 2022 argumentaris
3219 1955 3497 2012 hominem

1899 2062 2010 2100 non
2041 2062 2162 2100 esse
2195 2048 2315 2101 sine
2349 2054 2594 2117 peccato,
2633 2045 2728 2098 sed
2777 2061 2896 2100 esse
2947 2062 3126 2116 posse.
3162 2049 3303 2118 Ergo
3350 2053 3500 2106 solus

1899 2140 1989 2193 illc
2018 2140 2282 2206 salvetur,
2310 2141 2399 2208 qui
2431 2153 2726 2208 numquam
2757 2138 2876 2204 fuit,
2907 2155 3004 2194 nec
3025 2151 3136 2205 est,
3170 2141 3261 2195 sed
3293 2143 3504 2198 futurus

1901 2240 2004 2295 est,
2036 2232 2201 2302 726
2229 2240 2321 2283 aut
2351 2229 2573 2284 forsitan
2603 2244 2703 2283 nec
2735 2227 2981 2283 futurus:
3030 2238 3086 2285 et
3115 2242 3341 2300 pereant
3385 2248 3500 2288 om-

1901 2336 2031 2388 nes,
2088 2337 2226 2391 quos
2269 2331 2418 2374 retro
2468 2322 2633 2374 fuisse
2658 2321 2908 2389 legimus.
2942 2322 3020 2374 'i'u
3076 2322 3190 2390 ipse
3222 2323 3313 2392 qui
3346 2325 3505 2377 Catu-

1903 2416 2064 2468 niana
2097 2413 2219 2485 [Αι.
2253 2411 2582 2483 Catoniana]
2637 2413 2794 2466 nobis
2848 2413 3052 2467 inflaris
3103 2416 3394 2483 superbia,
3451 2427 3506 2472 et

1903 2506 2159 2561 llIiloiiisd
2191 2505 2432 2561 humeris
2479 2506 2817 2569 iutumescis,
2853 2521 2956 2574 qua
3001 2507 3335 2572 temeritate,
3381 2524 3505 2577 pec—

1902 2613 2076 2666 cator,
2107 2601 2353 2670 magistri
2384 2614 2579 2653 nomen
2607 2597 2885 2651 assumis?
2933 2597 3037 2652 Aut
3066 2600 3109 2652 si
3131 2603 3310 2668 justus
3338 2615 3417 2663 es.
3451 2609 3508 2656 et

1903 2696 2208 2750 humilitate
2263 2693 2488 2749 simulas
2546 2700 2914 2762 peccatorem,
2968 2693 3286 2747 mirabimur
3343 2706 3505 2765 atque

1903 2787 2258 2858 gaudebimus
2279 2785 2478 2840 habere
2499 2794 2550 2839 te
2580 2784 2755 2839 solum
2779 2794 2830 2838 et
2858 2785 3138 2853 possidere
3166 2801 3286 2840 eum
3312 2787 3502 2851 sociis,

1901 2882 2046 2953 quod
2104 2897 2203 2935 nec
2252 2880 2718 2942 Patriarcharum,
2772 2895 2871 2934 nec
2922 2880 3348 2950 Prophetarum,
3407 2898 3508 2936 nec

1901 2973 2287 3043 Apostolorum
2341 2970 2605 3041 QUiSplaI’II
2668 2971 2871 3024 habuit.
2924 2971 2978 3025 Si
3010 2970 3116 3042 [Αἰ.
3148 2971 3263 3043 Sin]
3322 2984 3502 3028 autem

1903 3067 2166 3137 Origenes
2213 3080 2404 3120 omnes
2456 3063 2807 3119 rationabiles
2858 3074 3138 3118 creaturas
3196 3066 3325 3120 dicit
3392 3085 3500 3124 non

1905 3175 2025 3216 esse
2056 3159 2378 3229 perdendas,
2410 3169 2464 3213 et
2492 3157 2709 3212 diabolo
2737 3159 2924 3212 tribuit
2953 3160 3346 3226 poenitentiam,
3373 3163 3501 3230 quid

171 3267 353 3311 autem
386 3269 600 3310 omnem
622 3252 792 3320 [ilium
818 3267 968 3320 quem
994 3251 1177 3319 recipit
1200 3250 1386 3321 (Hebr.
1412 3267 1507 3316 xu,
1533 3252 1612 3322 6).
1641 3251 1796 3306 Aliud
1828 3264 1874 3327 ρ
1905 3253 1970 3307 ad
2003 3268 2122 3318 nos,
2156 3256 2246 3321 qui
2274 3260 2327 3306 et
2351 3251 2624 3304 diabolum
2653 3261 2708 3304 et
2748 3251 3011 3306 satellites
3055 3253 3171 3321 ejus
3202 3269 3502 3323 omnesque

169 3359 253 3405 est
273 3348 509 3405 caedere
541 3344 782 3414 magistri
812 3353 866 3397 et
895 3344 1136 3412 parentis
1165 3342 1359 3398 affectu
1387 3361 1399 3397 :
1429 3345 1574 3398 aliud
1604 3357 1793 3400 contra

163 3441 543 3501 adversarios
565 3437 772 3493 crudeli
804 3437 986 3492 animo
1011 3439 1299 3494 desaevire.
1332 3439 1504 3506 Quam
1531 3452 1552 3479 ο
1575 3442 1647 3495 ob
1668 3456 1795 3496 cau-

159 3552 305 3603 sam,
345 3542 408 3590 et
437 3534 496 3588 in
532 3531 708 3602 primo
748 3529 966 3584 Psalmo
1010 3530 1262 3585 canitur:
1296 3533 1549 3598 Quoniam
1581 3548 1682 3586 non
1712 3550 1794 3587 re—

230 3686 260 3715 ιι
289 3673 464 3742 Quod
497 3669 697 3726 deerat
717 3685 805 3724 eos
821 3669 1100 3742 sufﬁcitur
1132 3685 1160 3724 e
1188 3685 1324 3725 mss.
1357 3682 1412 3725 et
1444 3670 1704 3727 Victorio.

227 3747 256 3786 ¹ι
295 3741 514 3802 Iisdem
552 3757 691 3812 pene
720 3741 904 3796 verbis
948 3743 1005 3796 S.
1055 3741 1290 3796 Hilarius
1333 3743 1385 3796 in
1419 3743 1556 3811 psal.
1598 3760 1648 3798 ιε
1683 3743 1806 3798 Non

155 3821 352 3884 omnis,
390 3818 492 3889 qui
523 3822 772 3885 peccator
818 3822 914 3877 est,
945 3821 991 3866 et
1039 3813 1229 3880 impius
1260 3815 1584 3884 est:impius
1632 3826 1804 3869 autem

150 3909 254 3946 non
287 3897 471 3964 potest
504 3902 620 3940 non
641 3900 751 3964 esse
772 3893 1031 3964 peccator,
1062 3895 1170 3940 etc.

226 3974 249 4002 ε
281 3957 452 4030 Quod
483 3966 660 4014 caute
682 3957 968 4030 legendum
1002 3965 1189 4030 monet
1217 3958 1589 4023 Martianmus,
1623 3959 1802 4012 locum

143 4025 379 4090 adducit
415 4031 700 4088 Servatus
725 4027 907 4100 Lupus
931 4028 983 4100 i_u
1014 4025 1347 4081 Collectaneo
1375 4030 1439 4082 de
1469 4031 1630 4084 tribus
1655 4046 1802 4100 qua:-

143 4106 440 4168 stionibus,
498 4109 567 4156 ut
616 4115 769 4152 suam
816 4098 884 4152 de
930 4097 1419 4154 Prtedestinatione
1473 4097 1798 4157 sententiam

147 4178 396 4247 probet:
435 4177 497 4228 in
532 4186 699 4247 quem
746 4183 967 4247 sensum
999 4169 1102 4247 alia
1153 4187 1218 4247 est
1263 4171 1594 4247 Hieronymo
1648 4171 1800 4226 testi-

141 4238 335 4302 inonia
379 4263 454 4301 ex
525 4238 694 4312 tertio
735 4238 913 4312 hujus
941 4241 1321 4312 operisglibro
1356 4244 1406 4294 in
1454 4238 1589 4302 line.
1637 4253 1799 4312 atque

140 4335 209 4376 ex
238 4310 708 4374 Climmentariis
734 4310 784 4362 in
814 4308 1006 4362 Isaiam
1040 4310 1250 4363 recitat.
1284 4311 1418 4366 Hine
1445 4321 1594 4368 certe
1621 4308 1800 4368 hausit

140 4390 806 4453 pseudo-“ierttttymtls
826 4378 878 4431 in
907 4378 1256 4453 Breviarioiu
1273 4382 1605 4453 Psalterium
1630 4403 1641 4438 τ
1673 4384 1795 4438 Νοη

135 4464 296 4525 dixit,
333 4461 477 4532 quia
510 4471 626 4510 non
647 4447 964 4532 vresurgaut,
995 4447 1084 4532 sed
1111 4451 1233 4532 quia
1264 4452 1316 4503 in
1334 4453 1539 4523 judicio
1565 4472 1667 4508 non
1709 4472 1794 4508 re-

132 4519 412 4602 surgunt;
440 4538 570 4594 iam
600 4522 830 4602 enim-de
849 4519 928 4573 Itis
951 4519 1354 4602 prtejudicatuni
1377 4533 1471 4602 est.

203 4592 479 4658 dvlnuttit
540 4595 792 4666 proceris
846 4601 1068 4666 statura;
1120 4592 1392 4666 hominem
1424 4593 1593 4649 fuisse
1628 4595 1788 4650 Pela-

125 4677 316 4746 gium,
355 4661 554 4746 autem
585 4675 645 4719 et.
667 4667 729 4746 in
753 4661 978 4746 _Prtefat.
1013 4662 1108 4717 lib.
1140 4679 1198 4718 ιιι
1227 4665 1277 4717 in
1309 4663 1603 4746 Jereniiam
1633 4677 1794 4721 vocat

126 4735 409 4820 hippian.
462 4741 617 4817 (leg.
648 4735 912 4820 Albinum)
947 4750 1166 4816 canem,
1205 4739 1470 4820 grandem
1519 4748 1563 4790 et
1605 4754 1792 4820 corpu-

122 4804 367 4880 leiitum,
399 4804 602 4880 et'qui
631 4804 853 4859 calcibus
885 4807 1045 4875 magis
1077 4804 1238 4878 possit
1278 4810 1455 4863 stevire
1484 4825 1641 4879 quam
1666 4804 1792 4864 den-

124 4894 292 4944 tibus.

199 4972 224 4999 θ
263 4961 445 5018 Hunc
505 4953 706 5008 locum
760 4949 1007 5018 plerique
1036 4964 1228 5005 omnes
1273 4951 1587 5020 suggillant.
1620 4961 1673 5005 et
1696 4967 1786 5006 ea-

119 5033 550 5088 ιηιηηίωηιιιο,
616 5037 683 5076 ac
734 5037 839 5075 non
896 5021 1058 5075 modo
1091 5021 1450 5089 heterodoxi,
1499 5025 1676 5092 qualis
1708 5031 1792 5077 est

118 5105 472 5160 Stanislaus
529 5096 864 5152 Pannonius
923 5094 1306 5159 Anahaplista,
1338 5094 1431 5148 lib.
1493 5097 1556 5149 de
1600 5095 1789 5148 Divina

117 5172 547 5246 ριείιαηινορῑα,
611 5167 686 5218 ad
754 5163 1016 5246 nefariam
1066 5165 1788 5246 haeresim.perstrueadam

115 5235 456 5318 hsu,.p,,m';
498 5253 715 5318 venum
747 5236 910 5318 etiam
945 5235 1263 5318 doctissimi
1297 5237 1412 5318 .VII‘I
1443 5253 1521 5318 _ac
1578 5254 1790 5318 summe

115 5309 426 5377 ρειιιὸιίοί,
462 5311 788 5384 qualis‘est
843 5315 994 5384 certe
1029 5309 1342 5384 Abriceusis
1371 5309 1663 5379 episeopus
1690 5314 1790 5362 lia-

115 5394 223 5446 ηίρι
271 5377 538 5446 "uetitis
578 5383 642 5435 in
677 5377 1042 5446 ()rigeuianis.
1077 5379 1168 5432 lib.
1197 5395 1256 5445 tt,
1281 5381 1517 5434 alienum
1548 5377 1788 5447 pronun-

115 5466 260 5516 tiaut
301 5481 332 5514 ει
361 5468 538 5513 recta
581 5450 726 5506 ﬁde.
771 5451 880 5503 Nec
903 5448 1123 5502 dubium
1158 5451 1202 5503 si
1225 5453 1681 5518 quemadmodum
1707 5455 1788 5504 iu-

115 5541 557 5606 ιονρωωηιιηι,
590 5595 602 5606 .
637 5521 1271 5606 Hieronymus.dixerit,
1324 5521 1543 5606 diabolo
1578 5537 1786 5606 tantum

111 5592 282 5675 alq'ug
310 5604 526 5672 impiis
579 5592 913 5675 (minitabas.
945 5593 1031 5657 qui
1052 5592 1408 5674 notitianrDei
1435 5611 1535 5646 non
1573 5593 1785 5675 flabant,

112 5665 529 5745 sefupuerhzis
563 5666 850 5743 destinari
886 5678 1111 5745 ιιωηειςβ
1144 5665 1348 5745 iniquis
1373 5667 1790 5745 vero_christiac

110 5733 256 5816 nis;
293 5744 547 5803 tametsi
592 5733 932 5816 graviorum
974 5738 1240 5816 scelerum
1266 5734 1403 5816 .reis,
1446 5735 1789 5816 εμιιιιιιιιιυόο

112 5804 551 5887 temporarias.
587 5805 856 5887 Seduwn
887 5819 1005 5886 eam
1037 5805 1203 5887 fuisse
1231 5804 1348 5874 ejus
1383 5815 1623 5887 mentem
1655 5823 1790 5887 etut-

114 5875 310 5962 tetitlo,
342 5892 394 5947 si
432 5875 771 5942 commode
813 5879 979 5945 possit
1005 5876 1282 5932 catholico
1307 5891 1472 5934 sensu
1497 5879 1692 5950 accipi,
1720 5892 1788 5933 ne

572 5976 876 6036 ΡΑτιιοι..
926 5967 1164 6030 XXIII.

1903 3346 2094 3416 impios
2118 3354 2172 3400 et
2194 3345 2642 3415 praevaricatores
2673 3344 2900 3398 dicimus
2932 3348 3111 3411 perire
3137 3358 3420 3416 perpetuo,
3447 3357 3504 3403 et

1902 3437 2243 3493 Christianos
2272 3440 2315 3491 si
2351 3439 2403 3492 iit
2433 3447 2455 3474 ο
2483 3450 2705 3506 peccato
2738 3439 3002 3507 prteventi
3035 3441 3256 3507 fuerint,
3289 3441 3501 3494 salvan-

1901 3531 2000 3587 dos
2026 3546 2150 3587 esse
2180 3540 2304 3600 post
2333 3531 2564 3600 poenas?

1912 3668 2358 3724 invidiosissime:
2399 3668 2682 3723 calumnia:
2726 3677 2909 3739 pateat
2953 3672 3283 3725 sanetissimi
3328 3671 3504 3728 Patris

1910 3742 2180 3797 doctrina.
2215 3739 2479 3809 Equidem
2533 3741 2576 3792 si
2613 3741 2769 3807 hujus
2803 3743 3176 3796 tantummodo
3201 3744 3299 3796 luci
3329 3747 3502 3812 suspi-

1909 3816 1994 3870 cio
2020 3812 2296 3883 purganda
2322 3814 2414 3877 sit,
2446 3812 2604 3864 facile
2648 3812 3014 3880 praestiterim,
3048 3814 3120 3867 ita
3154 3821 3494 3882 exponendo,

1907 3883 2367 3954 quemadmodum
2398 3893 2614 3936 nativus
2638 3885 2901 3936 orationis
2923 3900 3116 3938 sensus
3143 3901 3250 3951 pra:
3273 3902 3330 3939 se
3354 3888 3423 3939 fet
3444 3899 3493 3941 t:

1906 3959 2218 4010 christianos
2267 3969 2373 4008 non
2430 3965 2612 4009 tamen
2666 3957 3087 4023 praevaricatores
3140 3973 3274 4022 quos
3331 3960 3496 4013 modo

1905 4028 2086 4096 impiis
2135 4025 2542 4086 annumeravit,
2577 4028 2620 4078 si
2642 4027 2710 4098 fin
2766 4039 2974 4096 peccato
3006 4029 3249 4097 prwventi
3280 4031 3494 4098 fuerint,

1907 4102 2095 4169 utique
2127 4099 2350 4160 leviore,
2387 4098 2529 4165 quod
2561 4112 2588 4148 a
2637 4097 2794 4169 Lege
2815 4100 3189 4169 praevaricatio
3247 4097 3350 4150 non
3401 4104 3491 4167 sit,

1904 4167 2183 4224 salv‘undos
2200 4185 2308 4221 esse
2331 4181 2653 4237 postpositus,
2684 4167 2892 4222 scilicet
2915 4178 3161 4239 purgatm
3178 4168 3276 4233 ias,
3302 4174 3497 4238 quibus

1904 4241 2076 4295 deleri
2137 4252 2416 4310 peccatum
2473 4252 2657 4306 queat.
2718 4239 2920 4293 Verum
2966 4242 3165 4293 scimus
3213 4243 3280 4294 de
3335 4242 3493 4310 hujus

1904 4311 2008 4366 loci
2057 4326 2219 4365 sensu
2257 4325 2321 4363 ex
2375 4308 2606 4363 duorum
2658 4310 2888 4363 aliorum
2919 4311 3210 4365 collatione
3236 4313 3372 4367 velle
3399 4308 3493 4368 ad-

1904 4384 2177 4437 versarios
2229 4383 2369 4435 sumi
2419 4381 2709 4448 judicium.
2775 4383 3021 4436 Alterum
3082 4394 3360 4451 opponunt
3421 4403 3485 4440 ex

1901 4454 2324 4508 Cointuentariis
2351 4452 2402 4505 iu
2433 4451 2626 4505 Isaiam
2675 4467 2794 4519 cap.
2829 4454 3019 4504 ultimo
3051 4471 3062 4503 :
3092 4454 3239 4507 Sicut
3279 4458 3486 4524 diaboli,

1821 4536 1871 4596 D
1900 4536 1947 4578 el
1977 4525 2203 4578 omnium
2229 4530 2529 4592 negatorum
2557 4533 2708 4592 atque
2740 4523 3043 4596 impiorum,
3072 4528 3158 4592 qui
3181 4529 3413 4581 dixi-runt
3439 4533 3489 4583 in

1897 4599 2050 4649 corde
2079 4614 2194 4658 suo,
2223 4612 2328 4648 non
2361 4603 2447 4649 est
2487 4596 2646 4655 Deus,
2676 4594 2932 4666 credimus
2971 4605 3161 4649 wteruu
3203 4609 3489 4666 tormenta;

1894 4669 1970 4720 sic
2012 4679 2336 4732 peccatorum
2378 4676 2530 4735 atque
2558 4665 2850 4735 impiorum,
2890 4677 2935 4735 et
2987 4678 3152 4720 tamen
3182 4665 3486 4725 curialium-

1895 4755 2028 4800 rum,
2061 4753 2278 4807 quorum
2332 4734 2649 4810 operaigue
2687 4734 2985 4810 probanda.
3022 4750 3172 4808 atque
3222 4744 3491 4810 purganda

1895 4820 2034 4868 sunt,
2070 4808 2742 4866 moderatamarbitramur,
2762 4817 2808 4858 et
2839 4808 3050 4860 mixtam
3079 4808 3358 4868 (latrantia:
3377 4832 3492 4868 sen-

1895 4878 2345 4946 tetttiamjudicis.
2374 4877 2620 4929 Alterum
2648 4893 2710 4930 ex
2743 4893 2830 4940 eo,
2864 4880 3005 4944 quod
3033 4883 3219 4936 eadem
3252 4901 3301 4936 in
3333 4886 3488 4938 (join-

1896 4948 2180 5005 meutariis
2233 4961 2448 5016 quoque
2488 4948 2600 4999 suis
2634 4948 2685 4999 in
2715 4947 2872 5016 epist.
2899 4951 2962 5001 ad
2992 4951 3257 5014 Ephesius
3280 4960 3334 5007 δ.
3383 4957 3486 5008 Do-

1895 5033 2013 5076 ctor
2047 5019 2366 5089 asperserit,
2402 5027 2448 5070 et
2480 5018 2652 5093 Ilulitti
2688 5022 3142 5083 reprehensiones
3179 5026 3481 5093 dcclinans,

1895 5095 1990 5146 lib.
2025 5108 2061 5144 ιι
2085 5094 2381 5160 Apologiw,
2412 5105 2560 5141 lttltll.
2591 5089 2641 5154 7,
2669 5092 2945 5155 scripserit
2981 5110 2992 5144 :
3020 5093 3171 5158 Quod
3192 5104 3358 5148 autent
3390 5089 3488 5149 im;

1897 5164 2124 5231 precaris
2159 5165 2427 5229 {ratrtbus.
2461 5163 2556 5213 hoc
2578 5171 2674 5224 est,
2709 5162 3117 5218 criminatoribus
3141 5168 3241 5220 tuis
3269 5183 3487 5224 (meritos

1895 5238 2034 5305 ignes
2067 5250 2184 5286 cum
2229 5233 2464 5306 diabolo,
2501 5249 2602 5284 nou
2652 5244 2752 5286 tant
2799 5238 2981 5300 fratres
3017 5237 3140 5289 milii
3168 5241 3350 5292 t'ideris
3375 5259 3488 5306 prc-

1894 5304 2073 5379 ntere,_
2106 5322 2257 5379 quam
2290 5304 2556 5379 diabolum
2585 5307 2865 5379 sublevare,
2902 5323 3013 5358 cum
3065 5310 3247 5362 iisdem
3302 5304 3487 5379 quibus

1893 5377 2164 5432 christiani
2217 5375 2422 5448 ignibus
2478 5378 2769 5442 puniendus
2815 5377 2898 5430 sit.
2951 5379 3042 5430 llis
3073 5385 3116 5432 si
3146 5375 3486 5448 upputiuttitts

1894 5459 2152 5504 sexcenta
2182 5452 2349 5514 ipsius
2397 5448 2707 5520 Hieronymi
2743 5448 3049 5502 teSIiuiOnia
3081 5456 3274 5520 quibus
3324 5463 3486 5507 (νων-

1896 5537 1995 5574 nas
2024 5519 2289 5573 malorum
2320 5519 2768 5581 christianormu,
2803 5519 2891 5588 qui
2931 5522 3138 5587 absque
3169 5524 3484 5588 ιιαειιίιυιιιῐει

1895 5593 2274 5653 decesserint,
2325 5591 2534 5645 futuras
2592 5606 2779 5660 ρωιιιιε
2810 5607 3070 5658 expresse
3121 5595 3379 5659 tradidit,
3411 5601 3485 5653 nil

1894 5663 2126 5731 amplius
2184 5662 2362 5716 evinci
2414 5666 2644 5728 volunt,
2699 5678 2859 5732 quam
2922 5675 3162 5714 mutasse
3195 5666 3342 5717 illum
3390 5671 3489 5723 ali-

1893 5736 2111 5804 quando
2133 5731 2484 5802 seutentiaut,
2503 5751 2601 5790 nec
2617 5739 2790 5788 unicae
2805 5749 3022 5801 St'll'lpt‘t'
3037 5734 3274 5800 opinioni
3301 5740 3456 5794 adlue
3470 5776 3489 5784 -

1893 5809 2054 5860 sisse.
2085 5808 2248 5870 Quasi
2285 5820 2414 5858 vero
2444 5805 2495 5859 in
2532 5810 2635 5870 his,
2671 5821 2809 5874 quos
2839 5815 3124 5873 tantopere
3150 5811 3492 5867 ealttmuian-

1895 5879 2159 5943 turlocis,
2189 5877 2469 5932 abnormis
2524 5894 2642 5949 ejus
2681 5878 2942 5933 doctrinae
2985 5893 3141 5932 error
3189 5879 3276 5933 sit.
3315 5882 3496 5946 Dixit;

2903 5969 2975 6031 17
