4054 6388
190 382 285 443 5‘25

1084 381 1429 441 DIALOGUS
1465 379 1828 439 ADVERSUS
1866 381 2314 441 PELAGIANOS.
2360 385 2491 441 LIB.
2536 385 2576 441 1.

3378 393 3482 447 526

187 501 312 558 illud
365 509 547 557 tacere
578 502 873 571 debueras,
919 518 989 558 ne
1035 504 1313 559 contraria
1363 504 1464 558 sibi
1492 503 1549 558 in
1578 502 1772 558 eodem
1803 504 1858 563 Α
1885 517 2007 558 nem
2065 502 2184 558 sine
2234 504 2397 559 sorde
2439 512 2495 559 et
2544 504 2658 559 sine
2709 513 2931 574 peccato
2965 517 2984 544 ε
3017 520 3163 573 esse,
3190 510 3485 580 statimque

187 594 305 649 loco
331 593 517 648 dicere
557 593 854 660 videreris,
888 593 1109 650 Inimico
1133 612 1409 665 numquam
1441 612 1548 650 esse
1569 596 1781 649 creden-

188 686 307 740 dum
332 686 530 756 (Exod.
564 686 746 758 χχιιι).
779 688 886 743 Sed
915 688 1189 760 quomodo
1221 688 1481 757 diligatur
1503 688 1778 753 inimicus,

187 789 239 835 et
270 779 360 833 lex
392 779 756 851 docet(Deut.
811 796 945 846 χιιι,
976 780 1035 851 4)
1074 799 1087 835 :
1117 780 1435 836 iumentum
1478 780 1781 836 adversarii

182 869 231 927 si
252 871 539 937 ceciderit,
572 872 972 929 sublevandum
1009 890 1022 926 :
1058 883 1113 929 et
1136 871 1471 944 Apostolus:
1501 872 1560 928 Si
1591 871 1782 926 esurie-

178 965 248 1019 rit
274 965 515 1019 inimicus
546 976 685 1033 tuus,
714 966 825 1020 ciba
853 967 1040 1033 illum;
1071 968 1115 1020 si
1136 966 1342 1033 sitierit,
1376 966 1445 1021 da
1475 965 1557 1020 illi
1583 975 1779 1038 potum.

186 1055 297 1111 Hoc
319 1057 454 1111 enim
486 1058 700 1125 faciens,
723 1059 970 1113 carbones
997 1060 1133 1130 ignis
1156 1058 1490 1131 congregabis
1520 1072 1673 1127 super
1693 1072 1781 1110 ca-

181 1160 270 1222 put
301 1156 422 1224 ejus
452 1151 635 1222 (Rom.
665 1166 764 1219 xu,
797 1151 892 1223 20)
925 1170 939 1218 ;
971 1167 1077 1206 non
1107 1154 1160 1207 in
1194 1153 1546 1208 maledictum
1575 1161 1630 1207 et
1655 1167 1783 1207 cun-

178 1244 612 1310 demnatiunem,
642 1258 701 1301 ut
745 1247 996 1317 plerique
1026 1246 1362 1313 existimant,
1392 1246 1484 1301 sed
1516 1245 1570 1299 in
1602 1259 1785 1321 corre-

175 1341 419 1395 ctionem
472 1347 528 1395 et
586 1339 1010 1410 paenitudinem,
1041 1349 1102 1394 ut
1133 1348 1422 1409 superatus
1472 1320 1779 1401 beneﬁciis;

179 1439 494 1488 ‘excoctus
532 1432 749 1487 fervore
794 1429 1081 1486 'charitatis
1119 1471 1132 1495 ,
1194 1429 1448 1484 inimicus
1507 1442 1629 1483 esse
1682 1427 1784 1481 de-

182 1523 364 1581 sistat.

254 1618 346 1673 '51.
372 1617 453 1672 An
510 1634 721 1691 regnum
766 1615 1013 1671 caelorum
1042 1616 1095 1669 in
1124 1616 1279 1669 reteri
1321 1614 1363 1667 T
1370 1624 1464 1669 est.
1503 1613 1785 1684 repromis—

178 1726 318 1765 sum.
351 1742 421 1751 —
448 1709 615 1765 Addis
646 1721 940 1777 prieterea,
983 1709 1227 1778 Regnum
1266 1709 1512 1763 cwlorum
1553 1708 1705 1762 etiam
1732 1707 1787 1761 in

174 1801 511 1859 Testamento
539 1804 692 1858 reteri
716 1802 1011 1873 repromitti
1067 1802 1200 1873 (Tit.
1248 1801 1483 1871 cxxut):
1518 1804 1787 1872 ponisque

1878 596 2056 666 jungit
2078 597 2414 663 testimonia,
2444 597 2498 651 in
2524 597 2721 667 quibus
2752 598 3014 667 scriptum
3054 606 3137 653 est
3166 600 3309 668 apud
3337 600 3438 656 Job
3468 622 3480 655 ;

1884 688 2013 753 Quis
2041 689 2172 742 enim
2202 690 2425 743 mundus
2447 706 2477 742 a
2504 689 2786 743 sordibus?
2833 706 2922 744 nec
2947 691 2991 743 si
3017 692 3169 745 unius
3199 692 3351 745 etiam
3382 693 3485 747 diei

1884 783 1948 836 sit
1994 782 2097 835 vita
2142 784 2254 854 ejus
2304 783 2356 835 in
2415 792 2553 836 terra
2582 780 2727 855 (Job.
2778 798 2888 849 xtv,
2923 782 3036 854 li).
3084 783 3151 838 Et
3178 784 3230 839 in
3262 784 3485 841 Psalmo

1884 872 2340 943 quinquagesimo
2369 872 2551 941 (Vers.
2603 871 2658 945 6)
2686 891 2698 927 :
2727 872 2861 929 Ecce
2886 874 2941 929 in
2971 875 3331 946 iniquitatibus
3357 894 3483 932 con-

1885 978 2061 1033 ceptus
2084 979 2219 1031 sum,
2250 974 2296 1017 et
2328 965 2380 1017 in
2407 965 2629 1035 peccatis
2653 964 2679 1000 ά
2703 966 2938 1036 concepit
2962 982 3040 1020 me
3066 976 3227 1021 mater
3252 984 3384 1021 utea.
3418 968 3487 1024 Et

1887 1057 1940 1111 in
1967 1055 2215 1127 Epistula
2244 1057 2471 1113 Joannis
2508 1075 2519 1110 :
2547 1057 2609 1113 Si
2628 1056 2928 1125 dixerimus,
2954 1062 3077 1131 quia
3101 1072 3363 1130 peccatum
3387 1079 3493 1117 non

1887 1148 2154 1211 habemus,
2207 1150 2549 1220 nosmetipsos
2597 1150 2917 1223 decipimus,
2962 1162 3009 1207 et
3037 1156 3227 1209 veritas
3258 1157 3311 1209 in
3343 1156 3488 1210 nobis

1888 1256 1991 1294 non
2014 1249 2089 1294 est
2113 1240 2332 1309 (lJoan.
2358 1258 2394 1308 ι,
2420 1241 2500 1313 8).
2524 1241 2607 1296 Tu
2637 1256 2665 1296 e
2698 1243 2920 1299 diverso
2948 1246 3176 1311 asseris,
3206 1246 3370 1303 Posse
3396 1251 3491 1304 ho-

1888 1334 2079 1390 minem
2095 1338 2205 1391 sine
2226 1348 2434 1408 peccato
2462 1354 2572 1390 esse
2598 1353 2615 1391 :
2646 1346 2699 1392 et
2736 1346 2794 1392 ut
2822 1337 2928 1394 hoc
2952 1355 3142 1395 verum
3176 1339 3383 1397 dixisse
3408 1344 3492 1397 vi-

1888 1427 2095 1495 dearis,
2121 1430 2307 1484 statim
2333 1430 2605 1499 adiungis,
2640 1429 2708 1483 Et
2741 1430 2835 1485 Dei
2867 1431 3113 1485 mandata
3145 1434 3301 1502 facile
3325 1442 3494 1488 custo-

1890 1523 2022 1589 dire,
2047 1524 2089 1577 si
2112 1523 2252 1589 velit,
2304 1538 2425 1592 qua:
2455 1534 2547 1577 aut
2578 1538 2758 1590 rarus,
2809 1532 2902 1578 aut
2930 1525 3110 1579 nullus
3138 1524 3402 1595 implevit.
3435 1527 3491 1583 Si

1889 1617 2037 1671 enim
2065 1615 2246 1670 facilia
2274 1624 2424 1679 sunt,
2476 1614 2681 1670 debent
2706 1631 2733 1669 a
2758 1614 3006 1684 pluribus
3060 1617 3341 1672 custodiri.
3393 1617 3490 1675 Sin

1889 1718 2097 1776 autem,
2147 1718 2206 1764 ut
2234 1709 2597 1765 concedamus
2648 1708 2765 1774 tibi,
2799 1724 2953 1765 rarus
2983 1711 3275 1781 quisquam
3300 1728 3361 1768 ea
3391 1712 3496 1768 im-

1892 1803 2042 1872 plere
2067 1810 2268 1872 potest,
2299 1802 2644 1857 manifestum
2677 1811 2764 1856 est
2811 1817 2933 1858 csse
2959 1802 3186 1860 difﬁcile
3214 1806 3354 1874 quod
3404 1821 3494 1861 ra-

174 1897 494 1952 testimonia
525 1895 593 1953 de
642 1898 994 1968 apocrypbis,
1022 1912 1145 1951 cum
1188 1898 1541 1967 perspicuum
1572 1896 1664 1961 sit,
1700 1910 1788 1950 rc-
1816 1895 1864 1955 Β
1893 1911 2010 1950 rum
2040 1904 2141 1949 est.
2175 1897 2351 1964 Atque
2380 1905 2439 1951 ut
2467 1894 2572 1950 huc
2601 1908 2820 1965 augeas,
2851 1906 2903 1950 et
2932 1897 3363 1967 magnitudinem
3386 1909 3495 1955 tua)

170 2005 344 2060 gnum
381 1990 654 2045 oculorum
690 1991 927 2058 primum
958 1990 1011 2043 in
1046 1989 1347 2059 Evangelio
1381 1987 1664 2057 prrcdicari
1692 2004 1788 2056 per

172 2080 449 2137 Joannem
486 2082 812 2152 Baptistam,
870 2091 925 2136 ct
982 2081 1275 2135 Dominum
1322 2078 1687 2143 Salvaturcm,
1733 2088 1789 2134 et

170 2172 495 2242 Apostolus.
530 2174 677 2242 Lege
711 2172 1025 2241 Evangelia.
1057 2171 1294 2226 Joannes
1324 2170 1565 2240 Baptista
1591 2172 1791 2225 clamat

171 2264 225 2319 in
250 2264 519 2319 deserto:
561 2264 927 2317 Pwnitentiam
968 2264 1131 2332 agite,
1163 2263 1598 2333 appropinquavit
1655 2264 1790 2316 enim

164 2374 398 2429 regnum
417 2356 665 2411 caelorum
690 2355 913 2429 (Matth.
942 2371 1025 2423 ιιι,
1052 2354 1130 2427 1).
1153 2355 1221 2410 Et
1253 2356 1320 2409 de
1354 2355 1637 2410 Saluatore
1660 2357 1791 2410 scri-

166 2462 333 2522 ptum
368 2460 455 2505 cst
487 2468 498 2504 :
534 2449 619 2504 Ea:
645 2466 705 2503 eo
756 2459 986 2519 tempore
1014 2450 1164 2519 ctepit
1192 2449 1477 2519 praedicare
1507 2458 1549 2502 et
1580 2449 1790 2503 dicere:

164 2543 553 2599 Paenitentiam
598 2544 756 2613 agite,
787 2543 1221 2615 appropinquavit
1250 2543 1388 2596 enim
1407 2559 1619 2613 regnum
1642 2542 1793 2596 cutio-

164 2654 289 2692 rum
318 2636 551 2709 (Matth.
582 2652 658 2704 ιν,
688 2637 801 2706 17).
834 2636 897 2690 Et
944 2636 1141 2690 iterum
1179 2655 1190 2689 :
1246 2634 1513 2689 Circuibat
1540 2634 1695 2689 Jesus
1722 2636 1794 2687 ci-

158 2732 356 2786 uitates
390 2741 442 2785 ct
473 2731 634 2798 vicos,
668 2731 856 2785 docens
886 2732 939 2783 in
956 2732 1230 2801 synagogis
1257 2729 1363 2801 [AL
1400 2728 1684 2800 synagoga]
1702 2744 1792 2781 eo-

161 2841 305 2891 rum,
359 2837 419 2879 er
464 2823 762 2895 prtedicans
794 2840 1010 2896 regnum
1071 2822 1169 2876 Dei
1199 2822 1417 2896 (Matth.
1473 2838 1548 2887 1x,
1584 2818 1695 2891 55).
1729 2821 1796 2875 Et

160 2918 463 2989 Apostoiis
500 2917 789 2987 prtecipit:
825 2915 904 2970 Ite
947 2926 993 2969 et
1041 2915 1339 2987 prtcdicate,
1392 2915 1635 2980 dicentes,
1669 2930 1795 2982 quo-

156 3015 309 3069 niam
332 3011 791 3086 appropinquavit
812 3027 1026 3084 regnum
1052 3010 1315 3064 clzlorum.
1341 3008 1421 3063 Tu
1451 3017 1631 3062 autem
1672 3007 1795 3062 illos

157 3108 516 3166 Manichreos
541 3119 726 3171 vocas,
748 3102 784 3141 δ
803 3106 931 3176 quia
954 3104 1088 3174 Legi
1118 3102 1475 3173 Evangeiium
1503 3099 1797 3171 pracferen-

153 3214 265 3272 tes,
292 3205 353 3260 in
388 3204 499 3259 illa
530 3202 808 3266 umbram,
835 3198 894 3252 in
920 3198 1029 3252 hoc
1048 3196 1341 3251 veritatem
1374 3210 1493 3249 esse
1521 3194 1792 3261 dicamus,

1893 1989 2113 2044 virtutis
2145 1987 2426 2049 ostendas.
2460 1987 2604 2059 quod
2635 1987 2849 2043 scilicet
2872 1988 2938 2043 de
2967 1988 3112 2044 bono
3138 1992 3493 2047 conscientia:

1895 2082 2156 2135 thesauro
2185 2090 2209 2118 ο
2239 2090 2494 2135 eructare
2544 2080 2811 2143 credaris,
2868 2086 3026 2146 ponis
3070 2083 3125 2136 in
3177 2086 3375 2139 titulo:
3417 2085 3496 2141 Ne

1895 2174 2071 2228 leviter
2109 2175 2315 2245 quidem
2346 2190 2455 2228 esse
2495 2173 2813 2243 peccandum
2846 2172 2970 2243 (Tit.
3004 2176 3218 2247 cxxrn).
3268 2176 3337 2230 Et
3368 2179 3494 2248 quid

1896 2267 1967 2320 sit
2007 2264 2109 2319 hoc
2146 2267 2340 2331 leviter,
2372 2281 2440 2320 ne
2470 2266 2611 2319 forte
2661 2264 2713 2318 in
2750 2280 2916 2335 opere
2950 2275 3001 2321 te
3047 2266 3248 2338 aliquis
3296 2269 3497 2326 dixisse

1896 2359 2266 2423 existimaret,
2292 2358 2561 2413 annectis.
2602 2355 2621 2393 τ
2648 2355 2849 2411 Malum
2877 2374 2969 2412 uec
2999 2361 3330 2432 cogitandum
3365 2361 3494 2433 (Tit.

1897 2465 2115 2515 cxxxvt,
2140 2450 2211 2504 al.
2245 2448 2452 2518 cxxx1),
2480 2463 2657 2518 neque
2682 2449 2831 2503 illius
2857 2453 3145 2506 sentcntiae
3172 2455 3498 2512 recordaris:

1901 2540 2103 2595 Delicta
2125 2542 2239 2610 quis
2266 2540 2504 2612 intelligit
2530 2541 2639 2595 ?ab
2668 2542 2883 2597 occultis
2916 2545 3041 2599 meis
3092 2545 3257 2618 730
3304 2551 3499 2604 munda

1899 2650 1998 2700 me,
2050 2632 2297 2699 Domine,
2354 2643 2397 2687 et
2448 2634 2512 2687 ab
2563 2635 2749 2689 alienis
2798 2652 2950 2704 parce
3008 2653 3152 2692 servo
3211 2648 3298 2694 tuo
3325 2640 3498 2711 (Psal.

1900 2744 2050 2795 svnt,
2090 2726 2181 2798 15)
2219 2743 2231 2776 :
2283 2742 2404 2781 cum
2454 2726 2703 2781 Ecclesia
2737 2728 2901 2783 etiam
2950 2745 3012 2784 ea
3064 2747 3189 2801 qurc
3221 2746 3318 2802 per
3348 2733 3498 2803 igno-

1899 2820 2131 2876 rantiam
2156 2819 2550 2887 delinquimus,
2580 2832 2635 2875 et
2663 2822 2776 2875 sola
2808 2824 3144 2893 cogitatione
3188 2841 3493 2895 peccamus,

1900 2913 2099 2969 delicta
2125 2928 2248 2969 esse
2276 2910 2513 2968 fateatur
2545 2932 2557 2966 :
2587 2913 2641 2969 in
2668 2923 2895 2981 tantum,
2920 2926 2978 2970 ut
3000 2916 3206 2973 hostias
3234 2935 3330 2989 pro
3354 2934 3503 2975 erro-

1900 3024 1959 3064 re
1981 3009 2171 3079 jubeat
2194 3007 2379 3063 offerri
2406 3006 2597 3078 (Hebr.
2621 3011 2709 3079 ιι),
2739 3019 2794 3065 et
2825 3009 3076 3065 Pontifex
3101 3013 3192 3082 qui
3225 3028 3321 3082 pro
3363 3030 3497 3069 cun-

1900 3112 1988 3155 cto
2021 3100 2222 3171 populo
2250 3099 2596 3169 deprecatur,
2623 3107 2747 3154 ante
2781 3114 2880 3171 pro
2909 3116 2969 3156 sc
3000 3101 3193 3158 oﬂ‘erat
3222 3104 3494 3173 victimas,

1899 3195 1991 3264 qui
2022 3203 2172 3251 certe
2214 3209 2504 3263 numquam
2539 3208 2635 3263 pro
2666 3193 2787 3248 aliis
2825 3194 3114 3265 juberetur
3145 3197 3362 3266 oll'ert‘e,
3396 3203 3500 3255 nisi

151 3312 207 3357 et
238 3316 357 3357 non
390 3296 676 3365 intelligis
704 3293 871 3365 729
897 3291 1184 3347 stultitiam
1238 3301 1387 3344 tuam
1437 3286 1794 3357 impudentiae
1820 3277 1865 3339 C
1894 3288 2076 3360 justus
2107 3290 2223 3360 ipse
2251 3298 2423 3353 esset,
2453 3304 2552 3343 nec
2580 3304 2797 3343 rursum
2831 3306 2925 3357 pro
2952 3306 3009 3345 se
3034 3291 3336 3357 oli'erret,si
3374 3311 3501 3364 pec-

146 3395 533 3465 copuiatam.
583 3385 749 3441 Aliud
794 3398 917 3439 esse
956 3382 1063 3455 [Αι.
1122 3380 1226 3452 est]
1282 3380 1543 3434 damnare
1570 3377 1792 3446 Legem,

146 3488 304 3560 quod
342 3480 709 3540 Manichacus
736 3476 903 3542 facit;
930 3474 1082 3530 aliud
1100 3473 1233 3545 Legi
1260 3469 1525 3544 praeferre
1552 3470 1797 3539 Evange-

144 3579 464 3648 lium,qnac
499 3571 809 3642 apostolica
838 3569 1085 3625 doctrina
1111 3579 1213 3623 est.
1245 3567 1302 3621 lu
1339 3565 1429 3620 illa
1453 3564 1596 3620 enim
1627 3562 1794 3629 servi,

144 3675 201 3730 in
237 3676 353 3729 hoc
386 3680 660 3741 praesens
685 3664 948 3720 Dominus
1002 3663 1278 3733 loquitur;
1314 3661 1386 3715 ibi
1433 3659 1792 3730 promittitur,

148 3765 241 3819 hic
266 3762 596 3832 impletur;
624 3756 699 3812 ibi
726 3756 901 3823 initia,
930 3757 1018 3811 hic
1041 3754 1306 3825 perfectio
1330 3762 1442 3816 est;
1472 3752 1526 3807 iu
1555 3751 1642 3806 illa
1667 3764 1798 3820 ope-

145 3872 277 3912 rum
309 3853 697 3910 fundamenta
739 3849 1041 3919 jaciuutur,
1074 3848 1161 3901 hic
1194 3846 1324 3901 ﬁdei
1358 3855 1412 3901 et
1468 3846 1654 3916 gratia:
1681 3844 1797 3899 cul-

142 3964 283 4008 men
318 3947 672 4019 imponitur.
709 3944 823 3999 lloc
854 3947 1159 4014 posuimus,
1190 3953 1247 3995 ut
1268 3942 1470 4011 egregii
1495 3950 1796 4011 praecepto-

145 4047 226 4101 ris
258 4041 547 4100 doctrina
574 4046 1005 4093 monstraretur.

216 4139 319 4196 5'2.
364 4134 722 4205 Praecipuum
757 4130 1159 4200 Pelagianorum
1181 4130 1480 4183 sententiam
1505 4128 1794 4198 impugnat.

139 4262 212 4273 —-
242 4229 634 4287 Centcsimus
654 4223 841 4279 titulus
869 4231 971 4284 cst,
999 4220 1160 4273 Posse
1183 4222 1439 4273 hominem
1466 4220 1575 4273 sine
1593 4227 1797 4288 peccato

142 4342 281 4392 esse,
320 4335 373 4381 et
414 4323 524 4377 Dei
582 4316 833 4373 mandata
865 4315 1017 4385 facile
1044 4315 1323 4379 custodire,
1352 4314 1395 4366 si
1422 4313 1563 4379 velit,
1597 4313 1663 4367 de
1691 4327 1799 4383 quo

138 4421 375 4478 abunde
411 4420 646 4474 dicmtn
688 4420 795 4466 est.
847 4407 1092 4476 Cumque
1126 4423 1185 4461 se
1212 4406 1546 4461 imitatorem
1569 4448 1583 4473 ,
1635 4408 1801 4461 immo

130 4518 522 4587 'explctorem
562 4506 754 4575 operis
783 4502 926 4559 beati
960 4501 1210 4571 Martyris
1239 4500 1522 4571 Cypriani,
1554 4501 1801 4556 scriben-

132 4611 207 4665 tis
239 4608 317 4666 ad
350 4604 682 4674 Quirinum
716 4595 881 4670 (Mss.
929 4592 1231 4665 Cirinum],
1258 4608 1377 4648 esse
1401 4593 1659 4660 fateatur,
1693 4612 1799 4651 non

1901 3390 2021 3436 cato
2050 3389 2261 3437 careret
2293 3380 2635 3451 ignorantiae.
2669 3381 3049 3438 Scilicetnunc
3073 3383 3205 3439 milii
3237 3387 3500 3441 latissima

1901 3474 2310 3543 Scripturarum
2358 3473 2531 3541 Spatia
2561 3482 2585 3518 8
2621 3474 2958 3544 peragranda
3005 3485 3154 3544 sunt,
3186 3489 3242 3532 ut
3272 3479 3496 3535 doceam

1901 3581 2148 3622 errorem
2180 3575 2233 3621 ct
2260 3566 2626 3637 ignorantiam
2652 3582 2773 3621 esse
2802 3577 3108 3636 peccatum.

1971 3662 2060 3718 '55.
2108 3660 2235 3714 Esse
2285 3670 2497 3731 peccata
2547 3661 2877 3730 ignorantiae.
2907 3692 2978 3703 υ-
3018 3661 3077 3716 C.
3108 3664 3354 3720 Obsecro
3408 3676 3457 3721 te
3483 3711 3495 3731 ,

1902 3768 2082 3809 nonne
2110 3752 2288 3822 legisti
2321 3769 2333 3804 :
2372 3751 2475 3818 Qui
2517 3750 2701 3805 viderit
2734 3753 3006 3807 mulierem
3038 3753 3107 3806 ad
3128 3757 3499 3825 concupiscen—

1902 3846 2024 3900 dum
2052 3862 2185 3911 eam,
2208 3848 2323 3916 jam
2347 3843 2627 3898 nuechatus
2657 3854 2731 3898 est
2749 3862 2859 3899 cum
2881 3848 2935 3899 in
2958 3848 3113 3901 corde
3142 3866 3234 3902 suo
3278 3850 3492 3920 (Matth.

1901 3956 1959 4006 ν,
1986 3938 2083 4010 28)
2109 3940 2133 3992 ?
2164 3938 2279 3992 Non
2309 3951 2438 4007 ergo
2470 3938 2620 3992 solus
2648 3948 2904 4008 aspectus
2933 3948 2990 3994 et
3023 3940 3291 3996 incentiva
3336 3946 3493 4002 vitio-

1902 4046 2020 4087 rum
2047 4038 2373 4101 reputantur
2406 4030 2457 4083 in
2504 4040 2822 4098 peccatum;
2874 4031 2972 4087 sed
3005 4047 3066 4086 ca
3100 4034 3297 4102 quibus
3344 4040 3498 4093 attri-

1901 4125 2121 4179 buimus
2142 4137 2448 4179 assensum.
2481 4123 2589 4176 Aut
2616 4123 2758 4178 enim
2794 4126 2965 4180 vitare
2998 4131 3497 4195 possuuiusmalam

1902 4217 2336 4287 cogitationem,
2400 4224 2454 4268 et
2508 4226 2913 4286 consequenter
2962 4232 3252 4287 possumus
3306 4238 3496 4281 carere

1901 4320 2161 4381 peccato;
2195 4317 2286 4362 aut
2311 4307 2355 4361 si
2388 4308 2560 4363 vitare
2588 4323 2695 4363 non
2731 4324 3041 4378 possumus,
3078 4327 3182 4367 non
3219 4328 3498 4384 reputatur

1900 4403 1956 4458 in
2003 4411 2286 4474 peccatum
2319 4398 2367 4467 ιι,
2399 4402 2542 4470 quod
2590 4404 2771 4457 caveri
2821 4418 2926 4456 non
2962 4414 3159 4471 potest.
3193 4407 3254 4460 Λ.
3288 4408 3498 4468 Callide

1904 4496 2121 4567 quidem
2152 4494 2578 4564 argumentaris,
2630 4494 2725 4548 scd
2762 4511 2867 4548 non
2902 4496 3161 4568 intelligis
3209 4516 3501 4573 argumen-

1907 4592 2168 4645 tationem
2200 4599 2345 4643 tuam
2369 4597 2555 4642 contra
2577 4600 2762 4641 sacras
2793 4587 3104 4657 Scripturas
3150 4591 3350 4653 facere.
3383 4599 3495 4656 Vo-

128 4668 426 4769 intelligit
452 4711 519 4750 se
554 4694 617 4748 in
640 4668 832 4746 eodem
862 4704 1026 4759 opere
1054 4688 1255 4743 dixisse
1284 4689 1576 4742 contraria.
1624 4686 1716 4743 ille
1748 4691 1800 4745 in
1826 4668 1878 4728 Ῑ)
1907 4684 2028 4738 lunt
2056 4685 2199 4737 cnim
2231 4683 2446 4752 eloquia
2471 4682 2879 4750 Scripturarnm
2926 4684 3089 4739 etiam
3142 4689 3498 4759 ignorantiam

131 4787 660 4868 quinquagesimo
687 4792 881 4856 quarto
912 4784 1069 4839 titulo
1105 4782 1247 4838 tertii
1274 4780 1415 4847 libri,
1446 4782 1602 4851 ponit
1630 4784 1803 4838 nemi-

208 4946 233 4974 °
270 4934 444 4991 Unus
476 4924 679 4982 Vatic.
734 4931 941 4977 excocto
986 4922 1182 4991 {rigore
1230 4920 1361 4983 odii,
1396 4919 1666 4973 oharitalis
1695 4921 1792 4973 ini-

131 5010 307 5064 micus
329 5019 455 5061 esse
476 4996 735 5054 desistat.
756 4994 910 5051 Alius
931 4994 1071 5048 haud
1102 4993 1235 5047 satis
1256 4994 1413 5057 bene,
1436 4992 1542 5064 odii
1565 4992 1680 5063 igne
1707 5007 1795 5046 ea;-

132 5090 285 5135 cocto
317 5121 332 5144 ,
376 5075 605 5146 frigore
649 5067 913 5146 charitatis
939 5106 953 5131 ,
1009 5067 1286 5146 inimicus,“
1324 5074 1427 5146 etc~
1482 5063 1559 5146 υς
1600 5063 1793 5146 ἔφης,

119 5135 335 5223 quenti
356 5135 593 5223 Pelagii
626 5139 1018 5209 propositione
1045 5136 1227 5191 recole
1254 5136 1312 5191 S.
1344 5136 1573 5205 August.
1600 5135 1697 5189 lib.
1728 5135 1795 5189 (le

276 5222 326 5277 is
361 5218 521 5277 αὔ.

131 5225 563 5350 ῧῗιίῖεὲλιέε
598 5297 780 5356 penes
820 5281 1227 5346 Martiatueum,
1277 5280 1527 5350 aliosque
1570 5294 1661 5332 cur
1700 5276 1797 5331 Le-

166 5368 226 5422 i.
274 5377 396 5422 etc.

133 5385 184 5441 gl
210 5411 234 5478 ἒ
274 5383 603 5502 Egi-rapte
634 5426 914 5502 hactenus
936 5424 1249 5502 obtinuerat
1276 5424 1798 5502 sine_peccato__possc

134 5526 273 5569 esse.
307 5496 529 5565 cuntra
556 5513 737 5569 (ιιιίιιιι
761 5505 853 5549 aut
876 5496 1179 5569 Cyprianus
1209 5496 1455 5569 scripsit,
1488 5506 1579 5547 aut
1608 5496 1801 5549 lliero-

134 5552 699 5655 Etﬁiuvsviuiéd'uu,
752 5579 844 5621 aut
903 5552 1134 5655 (finique
1186 5552 1482 5647 prml‘erunt
1514 5580 1643 5620 mss.
1684 5575 1796 5655 tum

136 5635 482 5725 quibn‘snos
504 5646 764 5701 utimur,
797 5635 1296 5725 tuniCo‘rbeiensis
1324 5651 1467 5725 unus
1511 5635 1802 5725 penesPe-

135 5707 469 5783 ιῖεξιίριίηος
508 5719 576 5775 S.
626 5710 916 5778 Augustini
946 5710 1209 5783 editores,
1241 5710 1291 5763 in
1323 5707 1522 5779 quibus
1546 5707 1801 5762 omnibus

139 5781 379 5853 verbum
417 5804 595 5864 posse
628 5781 1071 5864 nguinvepitur.
1257 5853 1266 5863 .
1486 5850 1495 5859 .

210 5850 629 5922 il—illrrtl'IIObUS
660 5850 966 5923 Vaticanis,
998 5853 1047 5905 in
1072 5853 1293 5922 peccatis
1324 5850 1541 5923 peperit,
1570 5862 1677 5923 etc.

216 5950 239 5979 ρ
269 5939 463 5998 γοωε
502 5930 657 5989 catt.
681 5929 744 5980 σε
766 5922 960 5995 ﬁegin.
984 5937 1117 5990 πει,
1139 5922 1372 5978 mertare
1396 5922 1624 5976 conaris.

1910 4777 2116 4832 habere
2148 4784 2428 4843 peceatum
2464 4792 2475 4827 :
2510 4773 2657 4828 unde
2682 4783 2734 4828 ct
2762 4773 2863 4829 Job
2891 4773 3033 4847 (Job.
3053 4779 3093 4849 ι)
3117 4781 3274 4839 o’ﬂ'ert
3298 4785 3503 4845 hostias

1978 4918 1996 4953 τ
2036 4916 2129 4971 Sic
2160 4927 2291 4985 mss.
2325 4920 2487 4981 atque
2525 4911 2655 4985 editi
2687 4912 2906 4976 passim.
2936 4912 3042 4969 PP.
3070 4917 3409 4980 Beuedictini
3438 4928 3496 4985 S.

1904 4986 2190 5066 Augustini
2219 4984 2481 5066 editores,
2517 4982 2709 5066 malum
2751 4999 2853 5066 nec.
2873 4988 3091 5066 cogitari
3118 5006 3135 5042 :
3170 5008 3273 5046 non
3303 4982 3496 5066 displi;

1905 5052 2054 5132 ceret.
2095 5056 2137 5132 si
2190 5054 2530 5132 addidissent
2560 5052 2756 5132 debere.
2798 5052 3009 5112 Vide.
3041 5057 3271 5132 August.
3299 5067 3365 5122 de
3394 5052 3499 5125 Ce-

1903 5133 2002 5186 stis
2038 5128 2239 5197 Pelagii
2267 5124 2476 5197 capsl,
2509 5140 2658 5178 num.
2693 5126 2777 5179 12.

1978 5213 2002 5249 ις
2048 5196 2707 5273 PerperamMartianatus
2746 5205 3060 5273 peragenda,
3117 5206 3501 5271 dissentienti-

1906 5276 2006 5330 bus
2032 5269 2166 5327 mss.
2196 5280 2360 5340 atque
2391 5269 2549 5340 editis
2572 5269 3030 5337 castigatioribus.

1979 5343 2010 5425 h-
2047 5338 2535 5425 Scilicetil'ormale,
2560 5349 2616 5393 ut
2641 5343 2846 5412 aliquid
2875 5362 2903 5397 c
2934 5352 3243 5425 scholarum
3276 5358 3501 5425 pulvere

1908 5417 2247 5488 adducamus
2288 5415 2343 5488 in
2396 5413 2656 5488 medium,
2720 5432 2824 5468 non
2874 5421 3183 5488 materialc;
3212 5413 3328 5479 huic
3355 5413 3502 5486 enim

1910 5490 2016 5565 dun
2062 5486 2338 5565 Pelagiani
2371 5483 3011 5565 etml'uittlere‘atnabant.
3037 5483 3245 5565 Similis
3268 5507 3351 5550 cst
3385 5483 3507 5565 per;

1902 5562 2134 5633 vulgata
2164 5558 2259 5611 illa
2304 5558 2577 5633 sententia
2609 5557 2666 5611 Ξ.
2703 5559 2984 5633 AuguStiui
3022 5578 3037 5613 :
3071 5562 3201 5627 Quis
3249 5557 3421 5633 peccat
3454 5575 3507 5629 in

1908 5650 1964 5687 eo
1994 5632 2135 5703 quod
2190 5630 2356 5703 caveri
2390 5645 2489 5703 non
2516 5638 2678 5703 potest
2706 5630 2930 5703 ?__quatn
2968 5632 3037 5683 ita
3062 5630 3323 5691 adversus
3356 5642 3508 5698 licia-

1908 5700 2527 5775 giantrrumcalntnnias
2555 5700 2821 5767 defendit,
2854 5710 2920 5775 ut
2954 5718 3063 5775 non
3097 5717 3383 5771 promam,
3418 5733 3514 5773 ηρ,

1911 5772 2001 5846 get
2022 5774 2106 5828 vel
2140 5774 2406 5848 originale
2434 5782 2746 5848 peceatum,
2778 5772 2940 5848 quod
2967 5774 3155 5844 utique
3186 5784 3363 5837 caveri
3401 5772 3509 5848 non

1916 5844 2116 5915 βυίθείν
2164 5844 2251 5895 νθί
2304 5844 2944 5921 πέσεεδθττιιθιπηβεοουιὶ
2998 5851 3320 5907 maternus.
3378 5844 3516 5921 Vide

1916 5913 2056 5987 opus
2092 5923 2383 5983 utrumque
2409 5926 2598 5971 contra
2627 5913 2925 5972 lulianum.
