4036 6366
583 270 691 328 527

1831 255 1890 312 S.
1933 251 2206 313 EUSEBII
2244 253 2627 312 HIERONYMI
3761 254 3844 312 5‘28

581 398 682 454 pro
705 380 831 435 ﬁliis
855 379 988 442 suis,
1023 391 1093 431 ne
1124 376 1269 432 forte
1294 388 1391 444 per
1412 373 1777 445 ignorantiam
1809 371 1864 426 in
1900 372 2187 442 cogitatio—
2213 385 2267 445 Α
2291 374 2480 428 cubitu
2506 374 2673 428 fuerit
2698 371 3090 434 contristatus;
3121 377 3178 425 et
3224 369 3504 440 acquiesce
3528 370 3746 425 tamdem
3766 371 3850 426 hu-

587 490 658 530 ne
690 470 1055 542 peccaverint.
1081 468 1152 522 Et
1179 468 1270 537 qui
1301 467 1442 537 ligna
1471 464 1658 527 csedit,
1692 464 1737 516 si
1767 463 1942 518 securi
1979 477 2041 516 ac
2072 462 2186 517 fer-

582 582 646 620 ro
679 565 922 634 fugiente
975 562 1044 617 de
1076 561 1246 631 ligno,
1282 561 1447 614 homo
1495 557 1916 622 fueritoccisus,
1950 571 2184 626 pergere

573 660 801 728 jubctur
824 655 1006 728 (Deut.
1037 654 1154 724 xix)
1184 653 1252 708 ad
1287 653 1478 707 urbem
1514 651 1872 722 fugitivorum
1904 661 1958 705 et
1979 649 2186 704 tamdiu

578 752 654 808 ibi
685 766 831 815 esse,
865 748 1133 820 quamdiu
1161 747 1432 804 Sacerdos
1462 745 1733 799 maximus
1788 744 2078 809 moriatur,
2132 741 2186 796 id

579 855 687 910 est,
747 843 1050 899 redimatur
1097 839 1367 911 sanguine
1419 838 1724 894 Salvatoris
1753 878 1768 902 ,
1803 846 1899 891 aut
1930 837 1984 890 in
2025 835 2189 890 domo

580 936 951 1010 baptismatis,
982 946 1076 990 aut
1109 937 1162 989 in
1192 933 1542 1003 poenitentia,
1577 947 1700 1002 qua:
1732 932 1980 985 imitatur
2006 929 2185 998 bapti-

585 1032 781 1087 smatis
797 1030 1028 1100 gratiam
1061 1042 1158 1098 per
1187 1025 1522 1081 iueﬁ‘abilem
1555 1023 1904 1079 clementiam
1944 1021 2190 1076 Salvato-

579 1124 679 1191 ris,
700 1123 792 1193 qui
822 1137 931 1176 non
954 1121 1070 1174 vult
1093 1129 1120 1156 ³
1148 1119 1329 1189 perire
1353 1131 1707 1188 quemquam,
1754 1130 1854 1169 nec
1879 1113 2189 1169 delectatur

586 1216 867 1272 mortibus
892 1222 1266 1283 peccatorum,
1296 1211 1391 1265 sed
1421 1217 1481 1264 ut
1509 1218 1904 1264 convertantur
1922 1218 1978 1263 et
2005 1207 2192 1261 vivant

583 1310 802 1384 (Ezech.
829 1308 1008 1380 xuii).
1028 1307 1085 1362 C.
1109 1307 1260 1378 Rogo
1283 1322 1402 1376 qua:
1422 1315 1506 1359 est
1529 1307 1629 1358 ista
1655 1303 1888 1373 justitia,
1908 1312 1963 1355 ut
1988 1302 2040 1356 in
2066 1315 2189 1371 pec-

582 1414 712 1458 cato
743 1410 936 1458 tenear
990 1399 1221 1464 erroris,
1256 1403 1412 1467 cujus
1462 1406 1674 1451 reatum
1705 1411 1812 1449 non
1865 1395 2031 1448 habet
2059 1409 2190 1448 cou-

584 1495 854 1551 scientia?
909 1493 1107 1548 Nescio
1131 1506 1217 1545 me
1242 1504 1524 1561 peccasse,
1555 1497 1611 1544 et
1638 1487 1759 1557 ejus
1791 1487 1870 1542 rei
1898 1501 2058 1555 quam
2093 1499 2190 1540 ne-

582 1588 722 1653 scio,
757 1600 946 1656 poenas
979 1584 1108 1639 luo?
1130 1583 1197 1637 Et
1226 1581 1352 1651 quid
1386 1581 1507 1650 plus
1529 1578 1748 1645 faciam,
1783 1578 1829 1632 si
1857 1587 2051 1647 sponte
2066 1590 2190 1646 pec-

587 1678 838 1735 cavero?
891 1678 956 1730 A.
1014 1677 1061 1730 A
1113 1691 1199 1729 me
1250 1673 1542 1730 sententiae
1589 1683 1646 1726 ct
1685 1671 2062 1741 dispositionis
2091 1670 2188 1726 Dei

2293 479 2467 518 manu:
2493 463 2797 533 fragilitati,
2828 478 2951 532 qua:
2975 463 3142 516 etiam
3170 460 3394 531 pulchra
3423 477 3646 531 corpora
3674 462 3845 532 diligit,

2291 567 2347 612 et
2375 557 2646 612 deformia
2675 556 3000 612 detestatur.
3033 556 3205 626 Luget
3233 555 3398 610 Jacob
3429 564 3654 610 mortem
3677 557 3760 610 ﬁlii
3781 559 3848 612 sui

2290 650 2517 720 Joseph,
2549 662 2603 707 et
2636 651 2806 706 multo
2836 660 3082 720 tempore
3105 651 3536 705 consolationem
3568 667 3670 707 non
3685 653 3850 722 recipit

2291 745 2452 817 732
2492 744 2730 800 ﬁliorum
2757 785 2773 808 ,
2835 744 3283 813 respondetque:
3317 741 3520 813 Lageus
3563 754 3609 798 et
3653 761 3848 816 gemens,

2291 840 2478 890 vadam
2504 839 2574 890 ad
2600 839 2866 908 infernum
2887 836 3040 908 (Gen.
3080 851 3193 902 vni,
3226 835 3319 907 55)
3353 853 3366 888 :
3403 846 3457 891 et
3489 835 3674 904 probat
3696 852 3749 891 se
3775 837 3853 891 1ιο-

2291 932 2521 996 minem,
2554 931 2684 985 dum
2709 931 2891 1000 justus
2935 932 3151 1000 ignorat
3172 929 3298 998 quid
3327 939 3506 984 actum
3537 929 3608 982 sit
3645 929 3707 982 de
3733 928 3853 999 justo

2291 1022 2408 1077 filio
2431 1022 2659 1092 Josepli.
2707 1024 2760 1077 ln
2808 1024 3006 1078 Exodo
3037 1025 3300 1092 scriptum
3332 1030 3419 1077 est
3447 1040 3457 1074 :
3494 1021 3554 1076 Si
3580 1024 3852 1093 percusserit

2291 1113 2481 1184 aliquis
2511 1117 2822 1186 quempiam,
2852 1125 2898 1170 et
2925 1125 3159 1168 ntortuus
3211 1115 3391 1182 fuerit,
3421 1124 3583 1168 morte
3610 1115 3852 1169 moriatur.

2293 1207 2393 1264 Sin
2423 1216 2594 1262 autem
2625 1210 2726 1262 non
2753 1208 2947 1271 volens,
2971 1208 3062 1262 sed
3095 1207 3233 1261 Deus
3255 1207 3470 1259 tradidit
3496 1223 3608 1261 eum
3645 1207 3694 1260 in
3716 1207 3856 1260 mani-

2292 1301 2385 1355 bus
2407 1303 2542 1373 ejus,
2575 1301 2708 1355 dabo
2737 1301 2829 1354 tibi
2849 1301 3044 1364 locum,
3069 1300 3136 1352 ad
3160 1316 3311 1369 quem
3333 1300 3600 1371 confugiat
3616 1300 3698 1370 qui
3739 1300 3853 1352 occi-

2291 1397 2425 1450 derit
2456 1395 2658 1468 (Exod.
2686 1413 2797 1461 xxi,
2827 1396 2916 1463 12,
2950 1396 3060 1462 15).
3097 1395 3278 1463 lnquo
3302 1394 3596 1449 notandum
3621 1392 3854 1464 est,quod

2293 1491 2439 1547 Deus
2463 1490 2682 1546 tradidit
2711 1490 2986 1544 hominem
3015 1490 3068 1542 in
3094 1503 3286 1542 manus
3308 1489 3448 1558 ejus,
3481 1497 3534 1542 et
3567 1487 3658 1542 ille
3680 1488 3759 1553 qui
3785 1500 3858 1542 oc-

2290 1584 2422 1638 cidit
2470 1599 2567 1653 per
2611 1583 3004 1651 ignorantiam,
3035 1581 3230 1634 exsilio
3261 1579 3673 1634 condemnatur.
3698 1578 3752 1632 ln
3776 1577 3858 1633 Le-

2290 1678 2460 1732 vitico
2489 1675 2512 1714 ἀ
2541 1678 2626 1732 lex
2659 1677 2882 1747 ponitur
2910 1694 2923 1728 :
2949 1675 3137 1729 Anima
3165 1674 3211 1728 si
3233 1674 3517 1743 peccaverit
3538 1674 3590 1726 in
3615 1680 3859 1740 conspectu

587 1773 747 1845 731
779 1786 976 1828 Causas
1003 1769 1282 1841 requiris?
1311 1766 1629 1838 ReSPOHdel
1656 1767 1836 1820 Sillim:
1880 1765 2187 1836 illlcrl'oga-
2216 1777 2262 1835 Β
2292 1770 2504 1826 Domini
2532 1789 2635 1826 non
2661 1781 2863 1841 sponte,
2894 1787 2956 1823 ea:
2979 1768 3213 1822 omnibus
3239 1767 3508 1838 prwceptis
3528 1765 3862 1833 Domini,qute

581 1867 716 1920 tioni
743 1878 846 1918 tua:
872 1863 1010 1918 liber
1049 1859 1341 1931 Sapientia:
1368 1877 1381 1912 :
1412 1858 1615 1912 Altiora
1642 1867 1690 1910 te
1718 1873 1781 1912 ne
1807 1858 2096 1927 quaesieris,
2139 1867 2186 1912 et

578 1958 805 2030 fortiora
834 1966 882 2010 te
911 1971 974 2009 ne
995 1963 1253 2009 scrutatus
1277 1953 1440 2024 fueris
1463 1951 1656 2024 (Eccli.
1694 1967 1773 2015 ιιι,
1807 1950 1922 2018 22).
1986 1950 2055 2004 Et
2083 1950 2185 2004 ali-

579 2049 636 2105 bi
671 2066 685 2103 ε
721 2048 852 2102 Noli
872 2064 983 2102 esse
1004 2048 1211 2115 sapiens
1239 2044 1486 2108 multum,
1509 2053 1554 2097 et
1577 2043 2054 2113 noliargumentari
2069 2042 2187 2111 plus

574 2158 732 2211 quam
754 2150 993 2211 oporteat
1012 2139 1238 2209 (Eccles.
1263 2153 1358 2203 vn,
1378 2138 1492 2205 l7).
1516 2136 1582 2190 Et
1600 2137 1653 2190 in
1673 2135 1701 2174 ι)
1721 2136 1912 2190 eodem
1933 2136 2054 2190 loco
2082 2155 2094 2188 :
2119 2133 2187 2189 In

578 2236 838 2306 sapientia
863 2245 908 2290 et
935 2236 990 2288 in
1017 2233 1347 2303 simplicitate
1382 2231 1557 2285 cordis
1583 2233 1797 2301 queerite
1828 2230 1997 2284 Deum
2026 2230 2183 2302 (Sap.

581 2346 621 2395 ι,
657 2330 734 2399 1).
764 2330 842 2384 Ac
870 2345 938 2383 ne
969 2328 1109 2382 forte
1156 2325 1282 2380 huic
1329 2325 1593 2380 volumini
1638 2326 2014 2388 contradicas,
2060 2325 2186 2378 audi

585 2420 931 2491 Apostolum,
959 2417 1290 2488 Evangelica
1321 2416 1666 2486 clangentem
1688 2417 1812 2470 tuba
1843 2433 1855 2468 :
1886 2415 1930 2468 0
1959 2414 2185 2469 altitudo

584 2516 884 2570 divitiarum
907 2513 1181 2584 sapientice
1204 2520 1249 2566 et
1273 2511 1501 2565 scientia:
1521 2509 1636 2573 Dei,
1665 2528 1820 2580 quam
1871 2509 2185 2563 inscrutabi-

577 2611 650 2664 lia
672 2609 1009 2683 suntjudicia
1037 2610 1172 2680 ejus,
1201 2615 1247 2658 et
1271 2617 1291 2644 ε
1329 2604 1708 2676 investigabilcs
1729 2603 1824 2656 via:
1871 2604 1982 2672 ejus
2005 2603 2024 2654 !
2057 2601 2186 2666 Quis

577 2703 714 2756 enim
761 2701 998 2773 cognovit
1046 2715 1253 2752 sensum
1302 2696 1554 2750 Domini?
1584 2707 1671 2749 aut
1713 2699 1828 2765 quis
1856 2695 2187 2748 consiliarius

584 2798 699 2867 ejus
727 2797 824 2865 fuit
851 2794 1032 2865 (Rom.
1065 2808 1142 2858 χι,
1173 2793 1263 2857 55,
1301 2789 1392 2860 54)
1419 2790 1442 2841 ?
1483 2790 1607 2844 Ista:
1649 2798 1776 2842 sunt
1830 2788 2184 2858 quastiones,

581 2887 651 2942 de
671 2886 867 2954 quibus
919 2898 974 2938 et
1005 2883 1062 2937 in
1114 2883 1224 2938 alio
1268 2883 1393 2936 loco
1441 2880 1635 2935 scribit
1669 2899 1683 2935 :
1718 2879 1920 2934 Stultas
1948 2890 2114 2932 autem
2139 2889 2188 2932 et

583 2979 873 3032 ineruditus
894 2977 1202 3046 quwstiones
1236 2975 1426 3038 devita,
1460 2975 1630 3029 sciens
1663 2975 1910 3044 quoniam
1941 2973 2059 3028 lites
2094 2989 2182 3043 ge-

588 3083 775 3128 nerant
819 3071 887 3142 (ll
926 3069 1070 3125 Tim.
1111 3085 1170 3136 ιι,
1205 3068 1262 3136 ﬁ,
1320 3069 1397 3139 5).
1434 3067 1504 3121 Et
1550 3066 1919 3122 Ecclesiastes
1947 3067 2047 3138 (de
2073 3081 2187 3137 quo

2290 1881 2392 1918 non
2415 1872 2612 1933 Oportet
2643 1864 2780 1932 ﬁeri,
2808 1862 3089 1932 feceritque
3117 1876 3280 1913 unum
3304 1876 3366 1913 ea:
3390 1859 3480 1921 eis,
3507 1858 3604 1912 sive
3628 1856 3861 1926 Pontifex

2291 1959 2470 2026 fuerit,
2521 1960 2628 2011 sive
2669 1958 2834 2010 omnis
2880 1972 3170 2027 synagoya,
3217 1963 3266 2007 et
3311 1953 3537 2023 reliquus
3565 1949 3796 2020 populus,
3826 1958 3864 2001 et

2292 2063 2470 2121 postea
2518 2051 2759 2104 didicerit
2805 2059 3069 2120 peccatum
3116 2064 3290 2114 suum,
3353 2047 3492 2117 quod
3539 2045 3754 2115 peccavit
3789 2058 3862 2113 per

2298 2146 2674 2218 ignorantiam,
2706 2142 2887 2209 offeret
2910 2159 3116 2207 munus,
3150 2142 3355 2194 hircum
3378 2140 3442 2192 de
3462 2139 3656 2207 capris,
3687 2152 3862 2190 mascu-

2291 2239 2396 2291 lum
2411 2238 2799 2290 immaculatum
2817 2251 2834 2288 :
2849 2244 2896 2287 et
2914 2244 3065 2305 ponet
3083 2250 3263 2287 manus
3281 2247 3401 2285 suas
3417 2247 3574 2298 super
3587 2238 3731 2301 caput
3748 2231 3856 2299 ejus,

2288 2329 2662 2400 interficietque
2690 2328 2843 2382 illum
2873 2329 2928 2381 in
2968 2327 3080 2380 loco
3109 2326 3193 2379 ubi
3247 2335 3542 2378 mactantur
3597 2321 3861 2376 holocausta

2290 2440 2464 2477 coram
2511 2421 2761 2490 Domino,
2802 2426 2925 2493 quia
2956 2437 3050 2492 pro
3082 2431 3290 2490 peccato
3316 2429 3389 2474 est
3423 2418 3610 2489 (Levit.
3643 2434 3710 2483 iv,
3735 2418 3786 2481 2,
3809 2415 3864 2468 l5

2286 2524 2334 2569 et
2362 2516 2551 2587 seqq.).
2581 2516 2885 2585 Statimque
2910 2515 2960 2568 in
3005 2513 3366 2583 sequentibus
3401 2531 3412 2566 :
3445 2513 3512 2568 Si
3550 2512 3757 2583 tetigerit
3780 2508 3863 2562 ali-

2287 2608 2414 2677 quid
2457 2608 2804 2670 immundum,
2855 2606 2996 2677 quod
3053 2623 3155 2660 non
3202 2604 3355 2658 liceat
3385 2614 3619 2676 tangere,
3651 2612 3693 2656 et
3712 2598 3863 2670 fecerit

2288 2716 2380 2769 per
2403 2701 2772 2770 ignorantiam,
2803 2709 2850 2752 et
2901 2709 3078 2768 postea
3122 2698 3385 2764 didicerit,
3435 2692 3546 2752 sive
3602 2692 3865 2766 promiserit

2293 2793 2514 2864 aliquid,
2544 2804 2590 2848 et
2623 2795 2777 2862 fuerit
2799 2792 3006 2856 oblitus,
3036 2793 3387 2865 pronuntiabit
3432 2802 3697 2862 peccatum
3715 2806 3862 2854 suum,

2291 2889 2344 2940 in
2365 2905 2467 2958 quo
2491 2904 2729 2954 peccasse
2759 2903 2814 2940 se
2841 2888 3117 2957 perspicit,
3148 2896 3196 2941 et
3238 2886 3416 2953 offeret
3441 2885 3668 2942 Domino
3696 2900 3779 2955 pro
3798 2883 3864 2935 his

2289 2995 2404 3050 qua:
2423 2982 2672 3047 peccavit,
2697 2997 2886 3052 agnam
2914 2981 3018 3033 sive
3045 2997 3254 3051 capram
3282 2996 3376 3051 pro
3407 2989 3621 3048 peccato
3642 2995 3730 3034 suo
3749 2975 3864 3048 quod

2293 3075 2540 3142 peccavit,
2571 3085 2617 3127 et
2646 3074 2944 3142 precabitur
2973 3089 3065 3143 pro
3088 3091 3145 3127 eo
3180 3072 3422 3127 sacerdos
3461 3090 3618 3144 super
3663 3077 3862 3144 peccato,

585 3178 736 3221 certe
785 3163 926 3218 libro
976 3162 1120 3215 nulla
1162 3171 1248 3216 est
1279 3161 1604 3230 atnbiguitas
1628 3160 1668 3232 ),
1704 3159 1848 3225 Dixi,
1884 3160 2075 3230 inquit,
2107 3177 2187 3214 sa-

2294 3175 2342 3220 et
2375 3166 2660 3221 dimittetur
2682 3167 2728 3220 ei
2752 3177 3038 3236 peccatum.
3066 3167 3165 3221 Sin
3195 3177 3364 3220 autem
3413 3182 3524 3220 non
3570 3162 3866 3238 pra’valnerit

585 3259 734 3328 piens
773 3255 998 3328 efﬁciar,
1045 3263 1092 3308 et
1119 3254 1234 3325 ipsa
1279 3252 1428 3323 longe
1455 3256 1594 3323 facta
1617 3263 1852 3306 estame.
1909 3251 2188 3323 Profunda

590 3349 946 3423 profunditas,
973 3346 1086 3416 quis
1111 3362 1226 3400 eam
1273 3346 1498 3399 inveniet
1527 3344 1752 3411 (Eccles.
1806 3359 1899 3410 vn,
1933 3342 2026 3409 24,
2045 3343 2187 3413 25)?

588 3449 632 3499 A
667 3459 755 3498 me
804 3440 1028 3511 quazris,
1061 3451 1233 3508 quare
1269 3438 1466 3507 ﬁgulus
1497 3436 1644 3490 aliud
1672 3451 1766 3490 vas
1795 3437 1982 3493 fecerit
2005 3438 2056 3491 in
2091 3437 2189 3491 lio-

582 3550 802 3601 norcm,
836 3532 983 3588 aliud
1016 3533 1070 3586 in
1093 3530 1511 3594 contumeliam,
1546 3537 1601 3584 et
1629 3543 1735 3584 non
1760 3528 1843 3584 vis
1872 3528 2190 3598 acquiesce-

587 3645 651 3684 re
671 3628 863 3694 Paulo,
886 3641 984 3697 pro
1017 3641 1115 3680 suo
1141 3624 1377 3678 Domino
1402 3621 1766 3692 respondenti
1793 3640 1805 3674 :
1838 3621 1882 3676 0
1909 3623 2095 3678 homo!
2134 3633 2188 3676 tu

589 3725 702 3794 quis
721 3739 796 3789 es,
828 3721 916 3790 qui
943 3717 1254 3791 respondeas
1278 3715 1389 3770 Deo
1414 3715 1589 3787 (Rom.
1625 3731 1698 3781 lx,
1729 3715 1821 3787 ΞΟ)
1847 3719 1870 3769 7

660 3817 752 3872 54.
797 3814 1027 3884 Opponit
1063 3811 1459 3878 Scripturarum
1501 3807 1816 3862 testimonia.
1844 3806 2068 3862 ——Audi
2100 3824 2188 3863 er-

594 3925 664 3982 go
693 3908 933 3965 breviter
967 3905 1277 3961 testimonia
1307 3903 1735 3972 Scripturarum,
1764 3912 1821 3957 ut
1860 3904 2044 3968 stulta,
2084 3904 2190 3959 im-

593 4020 684 4059 mo
711 4003 876 4073 impia
924 3997 1224 4055 sciscitatio
1251 4005 1341 4051 tua
1374 3997 1427 4051 in
1460 4007 1783 4066 perpetuum
1837 3997 2186 4052 conticescat.

586 4096 854 4168 Loquitur
874 4095 1020 4149 Deus
1049 4093 1101 4147 in
1125 4090 1346 4153 Genesi,
1381 4088 1504 4144 Non
1535 4089 1782 4162 adjiciam
1813 4091 1948 4144 ultra
1969 4089 2191 4144 maledi-

589 4207 702 4247 cere
734 4201 884 4244 terrtc
929 4196 1142 4258 propter
1185 4199 1342 4255 opera
1394 4181 1682 4250 hominum,
1709 4183 1831 4253 quia
1855 4183 2092 4254 apposita
2120 4190 2194 4237 est

589 4300 734 4339 mens
761 4281 983 4336 hominis
1011 4278 1290 4350 diligenter
1313 4276 1383 4329 ad
1414 4275 1552 4328 mala
1579 4293 1609 4328 a
1638 4275 1857 4345 pueritia
1883 4273 2036 4345 (Gen.
2071 4292 2187 4342 vrtl,

585 4375 708 4446 21).
737 4372 1010 4430 Abraham
1052 4379 1106 4427 et
1146 4369 1304 4434 Sara,
1357 4366 1545 4422 audita
1602 4368 2040 4437 repromissione
2096 4367 2194 4423 lilii

589 4469 765 4528 Isaac,
791 4466 974 4520 rident
1003 4463 1056 4518 in
1082 4462 1250 4518 corde
1268 4475 1390 4526 suo,
1421 4468 1478 4514 et
1505 4458 1664 4514 tacita
1696 4458 1953 4529 cogitatio
1978 4473 2085 4513 non
2116 4458 2196 4512 la-

2294 3275 2474 3312 manus
2501 3263 2634 3331 ejus,
2667 3269 2719 3311 ut
2751 3258 2936 3324 o/ferat
2962 3275 3103 3312 ovem
3127 3275 3222 3328 pro
3256 3269 3279 3296 θ
3307 3261 3535 3328 peccatis
3578 3260 3682 3314 suis
3707 3255 3864 3328 quibus

2291 3353 2542 3424 peccavit,
2577 3352 2708 3406 duos
2740 3360 2991 3416 turtures,
3019 3361 3108 3404 aut
3130 3350 3263 3405 duos
3313 3350 3490 3420 pullos
3539 3351 3866 3405 columbarum

2293 3448 2478 3516 offeret
2522 3444 2769 3509 Domino,
2803 3461 2961 3498 unum
2991 3460 3084 3511 pro
3109 3453 3346 3514 peccato,
3393 3453 3438 3497 et
3468 3462 3634 3499 unum
3662 3446 3712 3498 in
3738 3442 3866 3496 holo-

2293 3546 2527 3589 caustum
2551 3553 2569 3590 :
2595 3544 2641 3590 et
2669 3537 2889 3607 portabit
2920 3553 2979 3590 ea
3007 3536 3076 3589 ad
3104 3536 3425 3590 sacerdotem
3444 3576 3459 3599 ,
3489 3548 3537 3593 et
3579 3537 3758 3608 offeret
3794 3549 3866 3587 sa-

2292 3628 2468 3682 cerdos
2497 3629 2550 3680 id
2574 3633 2712 3697 quod
2740 3645 2833 3698 pro
2854 3637 3062 3700 peccato
3091 3639 3162 3683 est
3193 3611 3460 3699 primum,
3498 3641 3544 3685 et
3576 3632 3629 3684 in
3664 3631 3770 3701 ipso
3796 3643 3868 3679 re-

2293 3719 2649 3774 conciliabitur
2673 3738 2767 3792 pro
2795 3731 3000 3792 peccato
3025 3722 3162 3792 quod
3189 3724 3434 3794 peccavit,
3466 3733 3516 3777 et
3538 3724 3810 3778 dimittetur
3832 3716 3871 3770 ei

2296 3812 2482 3884 (Levit.
2506 3828 2560 3878 v,
2591 3813 2625 3867 5
2653 3813 2808 3884 seq.).
2831 3810 3149 3881 Cmteraque
3177 3814 3260 3869 his
3285 3814 3507 3882 similia,
3540 3830 3662 3885 quae
3712 3808 3872 3867 studio

2295 3906 2577 3962 brevitatis
2602 3907 2816 3973 omitto,
2849 3922 2916 3962 ne
2945 3906 3218 3962 fastidium
3247 3907 3532 3963 stomacho
3556 3917 3648 3964 tuo
3679 3905 3872 3961 faciam.

2294 3998 2350 4053 In
2375 3999 2844 4069 consequentibus
2865 4014 3083 4070 quoque
3112 4011 3297 4055 narrat
3320 3999 3538 4072 Moyses
3561 4000 3725 4072 (Ibid.
3752 3995 3872 4063 ,vm)

2296 4093 2441 4163 quod
2475 4093 2526 4148 in
2558 4095 2973 4150 consecratione
3002 4095 3185 4149 Aaron
3201 4105 3254 4151 et
3279 4095 3515 4150 ﬁliorum
3546 4096 3664 4166 ejus
3684 4091 3876 4149 obtule-

2297 4188 2370 4243 rit
2399 4187 2628 4241 vitulum
2655 4202 2752 4258 pro
2774 4197 2998 4258 peccato
3016 4201 3068 4244 et
3101 4191 3341 4258 posuerit
3369 4191 3553 4244 Aaron
3577 4200 3632 4245 et
3656 4189 3745 4243 ﬁlii
3770 4186 3877 4255 ejus

2301 4296 2501 4336 manus
2532 4295 2696 4350 super
2717 4295 2868 4349 eum,
2898 4297 3066 4352 super
3088 4290 3251 4352 eaput
3300 4281 3562 4338 videlicet
3593 4281 3766 4345 vituli,
3795 4278 3878 4348 qui

2298 4385 2416 4430 erat
2454 4390 2555 4445 pro
2611 4386 2835 4444 peccato
2860 4417 2874 4443 ,
2907 4385 2963 4431 et
2991 4378 3310 4431 mactaverit
3335 4392 3479 4442 eum,
3509 4385 3563 4432 et
3592 4374 3776 4430 tulerit
3817 4371 3880 4426 de

2301 4465 2417 4535 ejus
2470 4467 2759 4535 sanguine,
2809 4476 2865 4522 et
2891 4469 3133 4539 posuerit
3179 4483 3344 4539 super
3374 4483 3577 4524 cornua
3609 4467 3802 4523 altaris
3831 4467 3877 4520 in

593 4569 672 4614 tet
693 4557 976 4613 scientiam
1006 4557 1122 4611 Dei.
1155 4555 1471 4625 Arguuntur
1504 4553 1554 4606 in
1600 4551 1735 4618 risu,
1768 4559 1825 4606 et
1848 4551 1966 4622 ipsa
1990 4551 2187 4622 cogita-

2297 4558 2527 4613 circuitu
2556 4559 2724 4629 digito
2752 4576 2872 4626 suo,
2904 4568 3065 4629 atque
3094 4561 3266 4617 altare
3297 4561 3664 4618 mundaverit.
3688 4558 3878 4616 Simili-

596 4653 698 4718 tio,
727 4651 880 4721 quasi
905 4665 1032 4720 pars
1059 4647 1404 4704 inﬁdelitatis
1455 4644 1898 4714 reprehenditur.
1933 4644 2188 4700 Attamen

593 4759 703 4800 non
736 4759 803 4800 ex
831 4758 899 4800 eo
933 4741 1078 4813 quod
1105 4742 1319 4819 risere,
1363 4737 1683 4794 difﬁdentia:
1735 4737 2189 4818 condemnentur,

591 4838 686 4896 sed
716 4853 780 4893 ex
805 4852 870 4894 eo
892 4835 1040 4908 quod
1067 4817 1258 4905 pestea
1287 4832 1661 4900 crediderunt,
1709 4831 1928 4902 justitiaa
1957 4812 2189 4902 palmam

585 4943 936 5004 acceperunt.
992 4931 1091 4985 Lot
1149 4929 1329 4985 nescit
1361 4928 1415 4982 in
1447 4927 1742 4982 concubitu
1783 4926 2020 4982 ﬁliarum
2061 4927 2191 4998 quid

591 5028 806 5092 fecerit,
840 5041 894 5082 et
918 5025 1224 5081 inebriatus
1245 5024 1313 5076 ab
1345 5023 1426 5078 eis
1472 5037 1578 5076 non
1610 5021 1772 5077 habet
1812 5022 2018 5077 crimen
2060 5038 2191 5078 con-

586 5126 854 5188 scientia},
879 5132 934 5176 et
964 5130 1143 5174 tamen
1158 5133 1316 5172 error
1344 5119 1395 5170 in
1439 5117 1575 5170 vitio
1597 5124 1700 5170 est.
1735 5116 1915 5186 Argue
1945 5126 2187 5172 sanctum

587 5220 766 5275 virum
793 5213 984 5280 Jacob,
1018 5227 1187 5283 quare
1209 5209 1413 5264 Rachel
1462 5210 1756 5264 formosam
1787 5209 2062 5277 dilexerit,
2094 5227 2190 5280 pro

582 5329 691 5387 qua
719 5323 774 5369 et
798 5307 1024 5366 servivit
1051 5307 1223 5360 multo
1255 5313 1523 5373 tempore,
1549 5313 1603 5358 et
1635 5302 1688 5357 in
1722 5303 1832 5357 Line
1857 5304 2032 5374 primo
2059 5318 2191 5359 con-

661 5466 688 5494 ι
747 5453 904 5511 Unus
962 5450 1138 5508 Vatic.
1174 5491 1188 5516 ,
1232 5448 1321 5519 qui
1382 5463 1484 5502 non
1556 5444 1664 5498 vult
1708 5443 1923 5514 perdere
2006 5461 2184 5515 quem-

587 5536 1004 5653 qugmi’izltgi‘ius
1035 5601 1081 5648 et
1105 5595 1158 5647 in
1185 5591 1291 5645 alio
1313 5589 1428 5644 loco
1451 5587 1690 5655 reponit,
1736 5601 1858 5638 nam
1915 5586 2185 5643 Ecclesia-

583 5672 703 5725 stici
732 5685 922 5732 unum,
950 5667 1178 5720 alterum
1226 5661 1534 5732 Sapienitge
1559 5657 1928 5732 testimonium
1974 5671 2077 5732 est.
2108 5659 2185 5732 At.

584 5743 744 5864 iqodo
774 5728 1215 5820 tiber'Sapientice
1243 5728 1444 5789 dicitur
1475 5729 1806 5799 Hieronymo
1834 5728 1974 5784 liber
1997 5730 2183 5787 Eccle-

588 5826 615 5866 s
643 5820 818 5864 astrcn.

2299 4661 2382 4706 tcr
2413 4652 2463 4706 in
2491 4652 2652 4724 733
2680 4653 2853 4707 ariete
2885 4651 3093 4716 fecerit,
3133 4652 3279 4708 etde
3329 4655 3597 4725 sanguine
3623 4653 3739 4724 ejus
3765 4651 3879 4706 teti-

2295 4744 2437 4814 gerit
2467 4744 2766 4800 auriculam
2791 4745 2909 4813 ejus
2939 4744 3248 4810 dexteram,
3269 4755 3321 4800 et
3345 4760 3565 4800 manum
3591 4746 3878 4804 dexteram,

2297 4848 2351 4894 et
2383 4840 2748 4895 summitatem
2782 4839 2940 4908 pedis
2961 4839 3163 4895 dextri.
3190 4841 3257 4896 Et
3284 4849 3408 4910 post
3433 4841 3606 4896 multa
3633 4841 3881 4909 alia,qua:

2299 4947 2523 4986 narrare
2556 4932 2929 5002 longissimum
2963 4941 3068 5000 est,
3102 4937 3440 4989 enumeratis
3460 4933 3658 4990 diebus
3684 4942 3878 5002 septem

2300 5024 2374 5078 ita
2400 5023 2632 5094 legimus
2660 5042 2672 5076 :
2704 5020 2928 5078 Factum
2951 5034 3020 5079 est
3055 5040 3256 5095 quoque
3283 5025 3364 5079 die
3387 5034 3590 5091 octavo,
3633 5035 3678 5080 et
3702 5018 3880 5077 vocavit

2296 5117 2501 5189 Moyses
2527 5119 2719 5184 Aaron,
2746 5127 2791 5172 et
2818 5120 2955 5188 ﬁlios
2977 5123 3109 5191 ejus,
3142 5128 3193 5172 et
3224 5135 3396 5173 omnes
3426 5120 3657 5174 seniores
3701 5114 3879 5177 Israel,

2292 5220 2337 5266 et
2361 5210 2493 5264 dixit
2514 5210 2583 5263 ad
2609 5215 2816 5266 Aaron:
2843 5211 2988 5266 Tolle
3009 5213 3224 5266 vitulum
3248 5211 3311 5265 de
3339 5210 3503 5265 bobus
3552 5227 3653 5284 pro
3674 5204 3882 5280 peccatis

2292 5304 2403 5376 [AL
2429 5305 2684 5378 peccato],
2718 5316 2765 5361 et
2783 5307 2994 5362 arietem
3015 5307 3066 5360 in
3094 5305 3453 5361 holocaustum
3475 5305 3882 5362 immaculatum,

2371 5459 2392 5485 ο
2434 5447 2948 5511 Aliliiannotamus,
2978 5446 3068 5501 uhi
3121 5445 3425 5501 versiculus
3477 5445 3585 5499 istc
3629 5442 3881 5503 occurrit,

2292 5519 2379 5574 vix
2409 5519 2554 5573 credi
2588 5534 2746 5588 posse
2776 5517 3152 5590 investigabiles
3201 5533 3299 5588 pro
3338 5514 3786 5590 ininvestigabiles
3818 5513 3884 5566 le-

2291 5599 2490 5664 ctutna
2523 5591 2898 5664 Hieroiiymo._

2363 5658 2390 5698 ά
2433 5663 2485 5715 In
2523 5663 2693 5717 veteri
2727 5658 2861 5716 edit.
2882 5658 2976 5716 lea:
3001 5662 3298 5729 exponitur.

2367 5742 2388 5768 ο
2432 5734 2586 5795 Mss”
2618 5731 2725 5787 Pro
2753 5743 2962 5805 peccato
2985 5749 3079 5785 suo
3104 5749 3205 5801 quo
3251 5733 3473 5805 peccavit
3506 5770 3522 5791 ,
3553 5729 3884 5805 assentiente

2289 5803 2481 5861 Graeco
2509 5812 2657 5861 textu
2686 5801 2807 5884 napi
2829 5815 2919 5866 τῆς
2947 5804 3202 5879 ἁμαρτίας
3233 5805 3412 5871 αὐτοῦ,
3440 5801 3496 5863 ἧς
3524 5803 3750 5876 ἥμαρτε.

3985 931 3988 1127 l
