4054 6390
181 491 273 548 529

1068 489 1409 548 DIALOGUS
1447 488 1817 548 ADVERSUS
1852 486 2309 546 PELAGIANOS.
2353 486 2483 544 LIB.
2526 488 2568 542 Ι.

2843 88 3010 101 ﬂia—rr—
3021 87 3086 98 .—_.-_-

3362 492 3465 549 550

181 625 222 668 et
267 618 452 686 offeres
506 629 591 668 eos
638 615 691 668 in
753 624 1024 684 conspectu
1079 613 1290 668 Domini
1320 631 1337 668 :
1366 622 1413 668 et
1467 611 1756 666 senioribus
1789 621 1838 679 Α
1870 609 1936 664 Ει
1967 618 2094 679 post
2132 609 2297 663 multa
2357 609 2616 677 scriptum
2664 615 2748 661 est
2800 605 2992 676 (Num.
3048 622 3167 673 xw,
3214 606 3348 679 l8):
3405 607 3474 662 Et

188 705 342 761 Israel
372 707 595 777 loquere,
627 708 843 762 dicens:
872 707 1060 761 Tollite
1079 706 1282 760 hircum
1311 707 1374 760 de
1403 706 1572 777 capris
1603 720 1760 758 unum

182 819 268 872 pro
310 811 536 870 peccato,
589 813 633 857 et
666 804 878 857 vitulum
920 802 1311 857 immaculatum
1363 800 1666 855 anniculam
1705 801 1758 853 in

181 893 548 948 holocaustum.
601 893 841 966 Dixitque
898 895 1102 966 Moyses
1134 897 1200 948 ad
1227 894 1400 947 Aaron
1432 910 1448 945 :
1478 892 1674 945 Accede
1692 891 1760 944 ad

178 985 336 1040 altare
361 996 404 1040 et
438 990 520 1058 fac
554 1005 646 1059 pro
691 997 898 1057 peccato
929 999 1039 1049 tuo.
1070 997 1125 1043 et
1154 987 1385 1056 reliqua.
1437 985 1763 1054 Rursumque

179 1079 382 1132 elevavit
408 1081 582 1133 Aaron
629 1098 810 1134 manus
855 1099 971 1135 suas
998 1097 1150 1152 super
1177 1080 1445 1151 papulum,
1476 1088 1527 1131 et
1559 1076 1765 1130 benedi-

175 1171 247 1225 xit
297 1173 386 1224 eis.
421 1170 798 1242 Descenditque
824 1190 938 1226 cum
968 1175 1164 1244 fecisset
1209 1190 1302 1243 pro
1344 1181 1551 1243 peccato
1599 1182 1642 1224 et
1671 1170 1764 1223 ho-

176 1263 405 1319 locausta
433 1275 480 1318 et
512 1265 732 1321 salutari
761 1266 948 1338 (Leuit.
976 1284 1049 1333 ix,
1090 1269 1111 1322 ί
1143 1283 1282 1338 seqq.
1314 1272 1352 1331 ).
1380 1265 1569 1319 Mulier
1600 1279 1758 1334 gene-

174 1369 257 1409 rat
284 1356 485 1412 liberos
515 1358 632 1428 lege
656 1358 884 1414 naturali
904 1367 957 1412 et
985 1358 1254 1412 immunda
1278 1359 1441 1422 est,si
1465 1355 1760 1409 masculum

173 1450 467 1520 pepererit,
519 1451 710 1506 diebus
740 1451 1204 1521 quadraginta;si
1235 1450 1515 1514 feminam,
1565 1448 1763 1504 diebus

171 1541 470 1610 octoginta.
500 1544 704 1596 Accusa
727 1540 1062 1608 Creatorem,
1095 1558 1194 1597 cur
1232 1541 1573 1597 immundum
1607 1539 1770 1611 quid-

171 1646 330 1699 quam
361 1632 601 1687 nominet
635 1633 779 1702 quod
829 1635 944 1702 ipse
982 1633 1247 1688 condidit.
1299 1633 1368 1688 Et
1424 1649 1532 1688 non
1587 1632 1762 1686 solum

171 1726 285 1792 ipsa
311 1724 585 1779 immunda
615 1735 720 1789 est,
753 1725 848 1780 sed
878 1737 930 1781 et
959 1741 1120 1782 omne
1151 1726 1295 1797 quod
1325 1727 1584 1797 tetigerit.
1606 1723 1767 1779 Cunt-

165 1831 266 1885 que
285 1817 414 1881 dies,
445 1819 638 1886 inquit,
671 1821 992 1890 purgationis
1025 1823 1136 1893 ejus
1169 1821 1409 1890 completi
1438 1821 1629 1890 fuerint
1677 1837 1766 1873 stt-

163 1928 254 1980 per
276 1911 390 1979 filio
419 1922 508 1964 aut
536 1913 669 1981 ﬁlia,
703 1913 880 1981 offeret
914 1932 1104 1988 agnum
1129 1915 1430 1969 anniculunt
1459 1914 1768 1968 immacula-

1865 721 2002 759 nunc
2038 704 2400 774 magniﬁcetur
2441 701 2693 772 fortitudo
2737 699 2984 769 Domini,
3032 702 3164 754 sicut
3208 699 3411 754 locutus
3437 699 3466 738 ιι

1864 814 1953 863 es,
1993 798 2200 862 dicens,
2238 795 2489 849 Dominus
2539 795 2847 867 longanimis
2891 803 2939 848 et
2979 792 3156 848 multa:
3182 793 3475 846 misericor-

1865 891 1964 944 dia:
1983 933 1997 955 ,
2025 892 2264 958 auferens
2302 887 2619 956 iniquitatem
2648 897 2695 941 et
2722 885 2946 948 scelera,
2980 895 3026 939 et
3065 885 3324 939 mandans
3369 900 3474 939 non

1864 983 2019 1052 faciet
2059 983 2377 1035 innocentem
2427 995 2445 1034 :
2482 995 2582 1048 pro
2608 994 2715 1049 quo
2745 977 3096 1048 Septuaginta
3129 975 3476 1046 interpretati

1865 1084 1994 1132 sunt
2019 1118 2032 1142 ,
2061 1087 2107 1130 et
2137 1075 2422 1129 emundans
2455 1091 2555 1128 non
2584 1072 2850 1126 mundabit
2885 1088 3028 1126 reum
3048 1113 3062 1137 ,
3095 1071 3240 1142 quod
3271 1070 3482 1126 Scilicet

1866 1172 2028 1226 etiam
2064 1180 2183 1239 post
2211 1169 2623 1240 indulgentiam,
2672 1183 2799 1222 reus
2826 1167 2894 1220 sit
2925 1167 3160 1236 propria:
3186 1167 3476 1222 conscien-

1867 1266 1977 1318 tiae.
2027 1264 2304 1334 Cumque,
2352 1263 2458 1329 ait,
2503 1260 2835 1331 iguoraverit
2869 1260 3135 1329 populus,
3175 1270 3230 1314 et
3286 1259 3481 1314 fecerit

1867 1375 2033 1414 unum
2075 1374 2143 1414 ex
2181 1358 2263 1412 his
2287 1373 2405 1428 quae
2435 1355 2616 1410 facere
2646 1369 2751 1408 non
2789 1352 3010 1419 debuit,
3051 1362 3175 1423 post
3211 1367 3476 1406 caeremo-

1869 1453 2078 1508 uiarum
2117 1452 2330 1522 longum
2373 1451 2618 1506 ordinem
2663 1447 2892 1503 infertur
2922 1457 2976 1502 et
3007 1447 3204 1501 dicitur
3235 1464 3248 1500 :
3282 1444 3477 1512 Olferte

1869 1546 2069 1599 hircum
2108 1562 2378 1616 caprarum
2397 1562 2490 1617 pro
2547 1554 2785 1614 peccato,
2831 1550 2879 1595 et
2942 1541 3166 1610 placabit
3218 1539 3475 1595 Sacerdos

1871 1655 1964 1709 pro
2007 1639 2146 1692 omni
2187 1654 2446 1710 synagoga
2484 1637 2712 1706 filiorum
2757 1632 2960 1698 Israel,
3018 1642 3066 1686 et
3119 1632 3480 1704 prapitiabitur

1869 1732 1916 1785 ei
1965 1729 2249 1794 Dominus,
2295 1730 2417 1800 quia
2492 1729 2785 1801 ignorantia
2834 1736 2909 1781 est
2960 1744 2978 1780 :
3027 1735 3074 1779 et
3124 1727 3223 1798 ipsi
3260 1724 3479 1793 oﬁ'erent

1873 1823 2178 1877 oblationem
2225 1839 2372 1876 suam
2414 1823 2468 1875 in
2498 1821 2814 1890 sacrificium
2855 1818 3076 1874 Domino
3124 1837 3218 1891 pro
3267 1829 3479 1892 peccato

1871 1933 1964 1969 suo
1989 1917 2041 1969 in
2090 1925 2359 1987 conspectu
2385 1919 2518 1986 ejus,
2565 1914 2805 1984 quoniam
2852 1914 3142 1967 nescierunt
3189 1911 3377 1983 (Nunt.
3411 1914 3476 1980 7,

162 2014 291 2066 tum,
316 2015 364 2058 et
391 2003 591 2075 pullum
622 2007 999 2074 columbarum,
1033 2018 1079 2062 et
1110 2017 1360 2061 turturent
1411 2024 1505 2077 pro
1533 2017 1762 2079 peccato,
1796 2019 1845 2078 B
1869 2012 1968 2078 28,
1998 2012 2113 2081 29).
2147 2012 2331 2082 lbique
2357 2011 2574 2065 additur
2600 2030 2610 2065 :
2655 2010 2714 2066 Si
2737 2011 2909 2063 anima
2934 2026 3037 2062 una
3079 2010 3358 2079 peccaverit
3390 2025 3479 2080 per

160 2097 232 2150 ad
255 2101 448 2150 ostium
472 2098 792 2153 tabernaculi
827 2109 850 2136 η
877 2101 1155 2154 testimonii
1198 2101 1478 2165 sacerdoti,
1508 2102 1598 2169 qui
1640 2099 1768 2166 offe-

158 2198 233 2242 ret
260 2206 323 2243 ea
375 2191 430 2243 in
462 2201 739 2261 conspectu
783 2190 1016 2257 Domini,
1048 2202 1094 2246 et
1121 2193 1346 2264 expiabit
1383 2209 1476 2263 pro
1506 2210 1568 2246 ea
1596 2209 1768 2246 sacer-

154 2285 250 2338 dos
282 2283 479 2357 (Leoit.
513 2302 608 2351 xu,
639 2285 673 2340 6
697 2295 743 2338 et
775 2303 912 2356 seqq.
936 2287 974 2356 ).
1005 2287 1079 2342 De
1117 2288 1340 2355 leproso
1387 2303 1606 2357 quoque
1633 2288 1770 2342 dici-

154 2386 266 2444 tur,
323 2377 479 2447 quod
509 2379 562 2431 iu
603 2378 692 2432 die
735 2380 1071 2449 purgationis
1129 2379 1248 2448 ejus
1281 2380 1541 2434 offeratur
1572 2396 1672 2451 pro
1700 2396 1768 2436 eo

152 2471 387 2524 victima
443 2486 543 2540 pro
601 2479 844 2540 peccato,
899 2472 1113 2542 duoque
1145 2482 1384 2528 turtures
1404 2482 1460 2528 et
1486 2475 1592 2529 duo
1635 2475 1770 2544 pulli

146 2562 544 2618 columbarum
581 2580 594 2615 :
628 2579 766 2619 unus
823 2580 921 2634 pro
966 2573 1211 2635 peccato,
1261 2566 1401 2621 alius
1433 2568 1484 2620 in
1514 2567 1772 2623 holocau-

146 2666 295 2710 stum
334 2656 538 2727 (lbid.,
572 2657 679 2727 l5).
715 2658 777 2711 Et
806 2659 896 2728 qui
929 2657 1130 2713 ﬂuxum
1160 2661 1388 2715 seminis
1417 2664 1642 2730 patitur,
1677 2678 1771 2718 eo—

147 2749 278 2804 dem
302 2747 572 2803 sacrificii
597 2749 791 2804 ordine
831 2767 929 2820 pro
946 2760 1181 2819 peccato
1209 2764 1262 2808 et
1291 2753 1611 2810 holocausto
1636 2756 1772 2811 libe-

149 2851 328 2896 ratur.
368 2842 441 2896 Et
474 2842 543 2896 ad
591 2851 900 2898 extremum
955 2845 1229 2900 infertur:
1266 2845 1559 2902 Timoratos
1613 2850 1775 2919 facite

147 2935 291 3003 filios
322 2933 508 2989 Israel
538 2933 601 2988 ab
627 2935 970 2990 immunditiis
993 2939 1124 3002 suis,
1168 2947 1213 2990 et
1239 2956 1340 2992 non
1367 2941 1650 2994 morientur
1674 2959 1770 3013 pro

145 3039 366 3098 peccato
391 3045 516 3094 suo,
546 3029 593 3083 si
617 3032 1072 3084 contaminat‘erint
1089 3031 1475 3085 tabernaculum
1496 3044 1771 3089 testamen-

145 3123 182 3174 ti
205 3121 412 3194 (Leuit.
447 3136 550 3188 xv,
577 3121 693 3192 3i).
720 3123 824 3191 lpsi
849 3138 1066 3192 quoque
1095 3123 1274 3178 Aaron
1331 3126 1665 3195 praccipitur,
1712 3138 1771 3182 ut

144 3231 254 3270 non
277 3216 440 3270 omni
478 3225 731 3284 tempore
761 3214 1098 3283 ingrediatur
1123 3217 1173 3269 in
1199 3218 1395 3272 Sancta
1416 3218 1769 3281 Sanctorum.

139 3325 208 3362 ne
241 3309 398 3363 forte
432 3306 733 3362 moriatur.
793 3305 1053 3377 Cumque,
1109 3309 1217 3371 ait,
1277 3308 1495 3364 coluerit
1540 3311 1770 3378 intrare,

1872 2107 2241 2177 ignorantiam,
2259 2105 2438 2172 oﬂ'eret
2460 2121 2666 2176 capram
2689 2103 2987 2157 anniculam
3009 2119 3104 2172 pro
3125 2103 3484 2174 peccatoigno-

1873 2197 2057 2249 rantiaz
2074 2212 2245 2249 coram
2271 2195 2513 2260 Domino,
2535 2205 2580 2249 et
2599 2193 2959 2265 deprecabitur
2973 2209 3067 2262 pro
3081 2210 3139 2247 ea
3157 2195 3395 2246 sacerdos
3416 2209 3476 2247 eo

1873 2290 2010 2360 quod
2065 2291 2398 2360 ignoraverit,
2441 2306 2534 2361 pro
2565 2298 2772 2359 peccato
2821 2286 3131 2356 ignorantia:
3164 2302 3339 2339 coram
3368 2283 3481 2339 Do-

1874 2381 2036 2446 mino,
2088 2392 2133 2435 et
2158 2382 2356 2453 rogabit
2386 2397 2480 2452 pro
2505 2397 2563 2433 ea
2585 2422 2599 2447 ,
2644 2390 2695 2434 et
2719 2378 3081 2449 propitiabitur
3104 2379 3150 2432 ei
3175 2377 3364 2447 (Leuit.
3401 2393 3481 2444 tv,

1873 2471 1943 2527 27
1991 2472 2152 2544 seqq).
2203 2473 2256 2527 In
2290 2473 2535 2528 kalendis
2566 2472 2907 2544 singulorum
2963 2471 3228 2526 mensium
3261 2471 3487 2526 ot'fertur

1877 2564 2057 2619 hircus
2084 2581 2369 2635 caprarum
2403 2582 2500 2634 pro
2523 2577 2744 2636 peccato
2765 2564 3018 2619 Domino.
3037 2563 3093 2618 lu
3118 2563 3322 2618 Pascha
3343 2577 3482 2634 quo-

1875 2673 1981 2727 que
2005 2673 2099 2725 per
2121 2657 2237 2712 dies
2262 2667 2405 2721 octo,
2431 2674 2460 2712 a
2493 2658 2582 2713 die
2611 2658 2824 2714 decimo
2847 2667 3041 2726 quarto
3068 2657 3274 2712 mensis
3303 2656 3485 2725 primi,

1877 2765 2049 2818 usque
2079 2749 2143 2803 ad
2173 2750 2333 2821 735
2364 2749 2684 2819 vigesimum
2717 2750 2948 2819 primum
2979 2749 3120 2804 diem
3153 2747 3484 2803 sacriﬁcium

1877 2856 1975 2910 pro
2026 2851 2246 2909 peccato
2292 2853 2396 2897 est.
2447 2843 2503 2897 ln
2547 2843 2870 2897 Pentecoste
2917 2841 3096 2896 hircus
3134 2856 3230 2911 pro
3262 2851 3487 2911 peccato

1875 2936 2127 3003 oll‘ertur,
2157 2946 2212 2991 et
2245 2936 2294 2990 in
2344 2936 2590 2992 kalendis
2635 2937 2841 2992 mensis
2884 2937 3126 3006 septimi,
3162 2937 3376 3006 quando
3402 2943 3488 2989 tu-

1875 3031 2063 3086 barum
2111 3031 2335 3101 clangor
2375 3031 2643 3095 concinit,
2694 3030 2884 3085 eadem
2949 3029 3081 3084 hirci
3118 3043 3216 3099 pro
3260 3038 3486 3099 peccato

1873 3122 2065 3192 religio
2117 3133 2494 3178 conservatur.
2551 3123 2648 3177 Die
2699 3137 2916 3192 quoque
2972 3122 3184 3177 decimo
3235 3121 3482 3191 ejusdem

1877 3215 2082 3270 mensis
2112 3216 2326 3286 septimi
2351 3258 2365 3280 ,
2395 3215 2612 3285 quando
2641 3215 2909 3284 jejunium
2939 3225 3019 3269 est
3044 3229 3216 3285 usque
3243 3213 3309 3269 ad
3355 3229 3483 3270 ves-

1878 3324 2094 3378 peram,
2130 3310 2356 3364 oll'ertur
2405 3309 2590 3364 hircus
2616 3324 2902 3379 caprarum
2927 3323 3027 3379 pro
3073 3318 3318 3378 peccato,
3352 3323 3490 3378 prae-

138 3398 332 3466 oﬂ'erat
361 3396 600 3452 vitulum
622 3412 714 3468 pro
735 3407 962 3467 peccato,
995 3408 1039 3450 et
1064 3399 1276 3453 arietem
1302 3401 1353 3453 in
1383 3399 1766 3467 holocaustum,
1798 3402 1842 3464 C
1880 3410 1961 3455 ter
1991 3417 2112 3455 eum
2145 3401 2350 3456 hircum
2371 3445 2385 3466 ,
2427 3403 2516 3472 qui
2545 3411 2671 3457 ante
2701 3401 3081 3457 holocaustum
3135 3417 3233 3470 pro
3263 3411 3488 3472 peccato

131 3494 382 3562 duosque
399 3490 588 3542 hircos
611 3489 830 3558 accipiat
854 3491 916 3544 ab
935 3491 1172 3545 universo
1185 3495 1412 3564 populo;
1433 3511 1593 3548 unum
1605 3513 1670 3549 ex
1695 3499 1769 3550 eis

135 3583 332 3650 offerat
363 3597 474 3651 pro
507 3590 724 3652 peccato
755 3599 870 3649 suo,
919 3592 965 3635 et
996 3599 1155 3636 unum
1185 3601 1279 3655 pro
1309 3596 1517 3657 peccato
1561 3589 1767 3659 populi,

129 3686 175 3728 et
199 3679 434 3730 arietem
469 3675 528 3728 in
554 3672 918 3728 holocaustum
945 3675 1134 3748 (Leuit.
1168 3694 1277 3744 xvr,
1313 3679 1390 3749 5).
1421 3679 1586 3752 734
1611 3681 1771 3737 Alter

140 3768 444 3823 hircorum
478 3778 684 3822 cuncta
715 3778 934 3837 peccata
964 3771 1192 3841 suscipit
1247 3774 1424 3842 populi
1477 3777 1528 3828 iu
1579 3782 1767 3846 typum

131 3862 362 3918 Domini
423 3861 773 3928 Salvatoris,
813 3873 865 3917 et
897 3861 1126 3918 elicrtiu
1160 3866 1510 3922 solitudinem
1549 3879 1644 3924 :et
1693 3871 1774 3925 sic

125 3957 396 4023 placatur
433 3957 596 4011 Dens
627 3959 773 4010 omni
799 3957 1152 4013 multitudini.
1188 3961 1268 4014 Ad
1300 3971 1602 4018 extremum
1636 3965 1774 4020 dici-

122 4058 230 4102 tur.
267 4050 335 4103 Si
391 4046 694 4102 comederit
739 4047 891 4101 ltomo
935 4049 998 4102 de
1027 4052 1480 4123 sanctificatis'per
1522 4055 1771 4125 ignoran—

120 4143 271 4207 tiam,
336 4144 654 4209 imputatur
703 4141 748 4192 ei
802 4142 1047 4210 iniquitas
1101 4153 1250 4213 atque
1303 4145 1772 4210 delictum,etvoti

117 4255 236 4292 reus
270 4239 405 4292 erit.
473 4235 650 4292 Unde
699 4242 753 4287 et
797 4235 1095 4301 Apestolus
1143 4251 1324 4290 monet
1377 4241 1770 4296 eucharistiam

118 4329 339 4385 Domini
391 4346 533 4384 cum
593 4327 850 4381 cautione
878 4326 1222 4394 sumendam,
1256 4347 1321 4383 ne
1349 4330 1400 4384 in
1436 4334 1770 4388 condemna-

112 4424 335 4480 tionem
405 4422 590 4476 nobis
643 4434 920 4472 sumamus
960 4420 1468 4491 atquejndiciutnﬂ
1501 4423 1622 4479 Cor.
1656 4430 1760 4498 χι),

112 4515 166 4569 Si
219 4517 556 4570 damnatur
599 4513 653 4564 in
685 4510 803 4580 lege
847 4510 1171 4578 ignorantia,
1227 4523 1432 4579 quanto
1489 4518 1660 4586 magis
1716 4520 1767 4572 in

111 4611 446 4681 Evangelio
479 4605 870 4662 conscientia!

176 4707 280 4761 35.
313 4702 413 4756 Ea:
439 4699 816 4752 Numerorum
839 4697 991 4752 libro.
1011 4699 1462 4757 —Transeamus
1482 4704 1546 4757 ad
1570 4704 1771 4763 Nume-

1875 3507 1944 3546 ex
1995 3493 2113 3560 lege
2159 3502 2442 3548 mactatur.
2504 3495 2560 3549 lu
2609 3494 2798 3566 diebus
2829 3509 3045 3564 quoque
3095 3493 3485 3562 Sceuopegim,

1875 3587 2091 3656 quando
2123 3587 2424 3658 figebantur
2456 3589 2800 3644 tabernacula
2821 3631 2836 3655 ,
2865 3605 2892 3642 a
2926 3589 3014 3643 die
3039 3589 3254 3644 decimo
3295 3588 3487 3656 quinto

1875 3678 2119 3746 ejusdem
2155 3681 2355 3734 mensis
2393 3682 2604 3749 septimi
2648 3696 2817 3750 usque
2857 3681 2926 3735 ad
2964 3681 3107 3735 diem
3164 3678 3486 3750 vigesimum

1875 3771 2207 3837 secundum,
2256 3775 2398 3827 inter
2435 3773 2567 3826 alias
2597 3773 2847 3827 victimas
2888 3787 3104 3842 semper
3134 3787 3235 3841 pro
3269 3779 3492 3841 peccato

1875 3862 2059 3920 hircus
2089 3864 2422 3919 offerebatur
2447 3907 2461 3931 ,
2497 3877 2551 3919 ut
2596 3865 2727 3919 illud
2773 3866 3060 3935 itupleatur
3103 3865 3244 3918 beati
3277 3864 3442 3919 David
3471 3883 3482 3919 :

1877 3954 1992 4009 Tibi
2018 3959 2116 4011 soli
2143 3959 2367 4028 peccavi,
2396 3968 2443 4011 et
2472 3958 2667 4012 malum
2693 3974 2868 4011 coram
2898 3969 2944 4012 te
2971 3957 3101 4028 feci,
3141 3966 3196 4010 ut
3231 3958 3491 4029 justi/ice-

1875 4049 1946 4101 ris
1973 4052 2025 4103 in
2049 4051 2367 4124 sermonibus
2397 4053 2496 4104 tuis
2519 4094 2532 4115 ,
2567 4063 2614 4104 et
2639 4053 2815 4105 vincas
2867 4069 2983 4104 cum
3019 4051 3277 4122 judicaris
3309 4049 3483 4121 (Psal.

1876 4127 2076 4213 1:05).
2118 4143 2224 4198 Sex
2258 4146 2502 4198 civitates
2536 4145 2807 4214 eliguntur
2829 4146 3238 4208 exsiliieorum,
3263 4145 3350 4214 qui
3375 4159 3487 4200 non

1874 4244 2091 4302 sponte,
2125 4235 2218 4288 sed
2247 4251 2342 4304 per
2365 4237 2745 4304 ignorantiam,
2772 4239 3015 4307 veljactu
3039 4237 3254 4308 lapidis.
3277 4237 3362 4291 vel
3388 4239 3487 4292 im-

1877 4329 2124 4394 pulsione
2142 4343 2353 4389 manus,
2396 4329 2479 4382 vel
2503 4331 2646 4398 joco,
2673 4333 2753 4385 vel
2788 4331 3003 4385 lascivia
3030 4331 3230 4400 absque
3255 4330 3488 4388 inimici-

1876 4419 1987 4484 tiis,
2013 4418 2333 4475 infelicitate
2356 4423 2526 4492 magis
2546 4439 2705 4493 quam
2733 4423 3008 4476 voluntate
3026 4433 3409 4492 peccaverunt,
3433 4434 3491 4481 et

1877 4522 2056 4568 tamen
2088 4529 2195 4567 non
2224 4514 2431 4584 absque
2471 4514 2698 4569 Crimine
2741 4524 2898 4581 sunt,
2928 4515 3054 4569 dntn
3079 4516 3384 4588 relegantur
3425 4519 3483 4575 in

1876 4611 2230 4670 perpetuum,
2277 4615 2332 4657 et
2360 4615 2486 4658 ante
2526 4604 2888 4658 constitutum
2926 4604 3071 4660 diem
3098 4623 3237 4673 ,nec
3280 4611 3486 4680 suppli-

1875 4691 2122 4759 catione,
2157 4708 2256 4747 nec
2287 4695 2462 4763 pretio
2495 4710 2682 4750 eorum
2711 4696 2957 4751 reversio
2989 4697 3269 4769 impetrari
3301 4711 3355 4757 et
3384 4718 3474 4758 re-

105 4815 229 4866 ros,
253 4807 318 4854 et
345 4795 428 4852 ob
464 4790 958 4849 conteutiosorum
986 4793 1378 4864 impudentiam
1405 4797 1769 4869 refutandam,
1799 4785 1855 4845 1)
1881 4783 2013 4838 dimi
2042 4794 2238 4854 βυῑθεῑ·

104 4906 334 4946 summa
389 4898 661 4958 qua:th
706 4898 1011 4953 carpamus.
1047 4885 1342 4942 Nazartcus
1383 4898 1576 4944 sancto
1622 4893 1778 4949 crine

103 4979 511 5044 venerabilis,
573 4973 812 5028 alterius
864 4975 1042 5030 subita
1102 4988 1278 5032 morte
1331 4981 1666 5051 maculatur,
1721 4994 1776 5040 et

104 5090 307 5130 omnes
339 5074 475 5128 dies
501 5067 956 5124 consecrationis
987 5068 1105 5138 ejus
1131 5071 1394 5137 praeteriti
1424 5072 1564 5128 irriti
1597 5074 1768 5132 ﬁunt:

105 5181 430 5237 posteaque
483 5176 601 5233 pro
655 5172 722 5212 eo
767 5159 1066 5214 offeruntur
1102 5163 1210 5217 duo
1250 5173 1522 5232 turtures,
1569 5178 1623 5222 et
1661 5169 1771 5224 duo

106 5262 236 5326 pulli
303 5256 768 5316 columbarum,
819 5267 958 5306 unus
1009 5268 1107 5322 pro
1138 5270 1390 5324 peccato.
1439 5271 1493 5314 et
1531 5261 1674 5316 alter
1717 5263 1767 5317 in

105 5352 550 5410 holocaustum.
625 5345 691 5399 In
733 5344 824 5400 die
872 5361 1090 5417 quoque
1129 5353 1620 5410 consummationis
1653 5356 1772 5426 ejus

103 5445 349 5501 otiertur
401 5455 602 5513 agnus
653 5436 712 5489 in
745 5436 1065 5494 holocausta
1107 5449 1166 5495 et
1208 5457 1342 5512 agna
1385 5460 1482 5514 pro
1522 5459 1767 5515 peccato.

174 5616 200 5643 ιι
230 5604 430 5675 Variis.
461 5594 806 5675 testamenti,
834 5606 1095 5675 renuente
1118 5593 1310 5675 G_raeco
1331 5604 1422 5652 τοῦ
1440 5604 1763 5675 μαρτυρίου.

179 5675 207 5714 b
235 5673 529 5731 Mendose
577 5674 756 5718 antea
796 5672 914 5717 erat
955 5666 1116 5718 etiam
1153 5666 1206 5720 iu
1253 5682 1383 5721 mss.
1431 5666 1637 5724 Iocatus
1673 5682 1767 5726 est.

106 5746 322 5803 Toxlus
383 5763 444 5800 es
502 5738 695 5794 habet
753 5736 802 5787 in
860 5736 1055 5803 linguis
1086 5738 1356 5790 omnibus.
1391 5739 1496 5793 Pro
1530 5743 1770 5798 subvexa

107 5819 393 5875 sententia
442 5823 500 5869 et
557 5806 834 5882 mandans
869 5823 970 5882 non
1027 5807 1176 5872 faciet
1220 5811 1576 5882 innocentem,
1609 5830 1771 5882 quam

109 5905 230 5946 cum
292 5882 707 5958 Septuaginta
749 5877 899 5930 virali
957 5879 1404 5958 interpretatione
1447 5877 1667 5958 corticis,
1722 5887 1775 5940 in

113 5947 395 6018 versione'
433 5947 552 6012 «ἔχ’
582 5947 834 6023 Hebraeo
859 5948 1312 6023 quemadmodum
1353 5961 1405 6006 et
1445 5953 1499 6007 in
1548 5947 1776 6023 Vulgata

113 6034 351 6103 legitur,
425 6024 771 6084 nullumque
813 6018 1077 6073 innoxium
1132 6021 1504 6091 derelinquens.
1557 6027 1610 6079 In
1655 6018 1778 6097 ipso

1951 4880 2040 4934 56.
2094 4879 2180 4933 Ex
2232 4879 2652 4936 Deuteronomio.
2686 4883 2836 4938 —lu
2883 4885 3338 4955 Deuteronomio,
3390 4891 3485 4958 qui

1878 4969 2018 5025 liber
2069 4974 2478 5041 praeteritorum
2523 4977 2862 5030 enumeratio
2893 4987 3004 5041 est,
3055 4981 3342 5049 perspicue
3387 4979 3484 5036 de-

1879 5075 2250 5134 monstratur,
2283 5082 2390 5120 non
2421 5067 2471 5120 in
2519 5067 2779 5136 operibus
2813 5072 3017 5128 nostris
3044 5083 3205 5144 atque
3231 5074 3444 5143 justitia
3467 5118 3483 5142 ,

1875 5159 1971 5211 sed
2000 5159 2090 5212 Dei
2112 5158 2487 5214 misericordia
2512 5173 2608 5213 nos
2631 5164 2979 5230 conservari,
3007 5166 3223 5222 dicente
3250 5166 3483 5224 Domino

1879 5266 1975 5320 per
2003 5249 2226 5320 Moysen
2257 5267 2270 5302 ε
2303 5249 2386 5304 Ne
2415 5251 2557 5304 dicas
2589 5252 2643 5306 in
2671 5253 2826 5308 corde
2861 5266 2979 5327 tuo,
3022 5275 3137 5312 cum
3190 5259 3491 5313 suboerterit

1873 5358 1958 5395 eos
1992 5341 2244 5396 Dominus
2270 5341 2412 5396 Deus
2439 5353 2554 5398 tuus
2591 5362 2624 5398 a
2650 5345 2784 5414 facie
2810 5359 2897 5402 tua
2911 5349 3010 5403 :ln
3028 5352 3240 5422 justitia
3267 5367 3379 5404 mea
3400 5351 3486 5404 in-

1878 5436 2110 5491 troduxit
2149 5453 2230 5490 me
2280 5435 2536 5493 Dominus
2566 5481 2580 5505 ,
2630 5449 2686 5493 ut
2731 5443 3027 5510 possideam
3077 5455 3264 5499 (errant
3313 5442 3487 5510 hanc,

1876 5608 2109 5666 Hebraeo
2137 5617 2310 5678 textu,
2341 5616 2463 5693 opm
2485 5613 2557 5666 κν
2578 5618 2736 5696 .‘TPJ‘t,
2765 5629 2886 5684 quac
2917 5613 3118 5670 reddas
3146 5625 3196 5668 ct
3219 5616 3493 5678 innoxium

1881 5705 2118 5772 faciens,
2152 5723 2257 5760 non
2309 5708 2463 5778 faciet
2513 5709 2804 5762 innoxium.
2855 5707 2909 5762 lu
2943 5709 3137 5763 erco
3183 5722 3364 5765 autem
3410 5720 3495 5773 ναι

1881 5778 2186 5854 καθαρισςμῶ
2217 5780 2275 5833 οὐ
2299 5777 2536 5854 καθαριεῖ
2564 5781 2647 5835 τὸν
2675 5777 2877 5854 ἴγοχσζν.
2912 5778 2979 5832 Et
3004 5781 3342 5836 mundatione
3386 5801 3494 5844 non

1884 5848 2153 5921 ntuntlabit
2195 5865 2376 5921 reum;
2430 5848 2548 5920 qua:
2578 5848 2951 5904 t'unniaHt-itnul
2976 5854 3204 5917 contuli,
3233 5864 3291 5907 ut
3322 5870 3491 5921 quam

1885 5919 2198 5994 versionem
2243 5918 2731 5994 Hieronymushie
2777 5921 2990 5990 laudet,
3036 5939 3265 5994 quamve
3317 5918 3484 5987 intelé

1883 5988 2016 6057 ligat
2048 6002 2362 6056 expressam
2394 6005 2424 6045 e
2452 5988 2594 6045 LXX
2613 5991 2844 6061 judiees.
