4054 6404
539 410 639 470 531

1797 405 1857 462 S.
1898 402 2170 469 EUSEB"
2201 401 2584 467 ΗΙΕΒΟΝΫΜΙ

3746 400 3852 459 53?.

546 528 671 597 quia
715 525 768 582 in
812 521 1078 594 impietate
1099 522 1332 595 gentium
1370 521 1586 576 istarum
1611 518 1870 575 Dominus
1892 529 2151 578 consumet
2181 528 2220 582 Α
2255 520 2586 590 sumpserit?
2611 517 2864 574 Dicamus
2894 525 2948 573 et
2978 516 3122 573 aliud
3155 535 3166 571 :
3199 516 3319 570 Non
3340 526 3466 582 crat,
3499 517 3710 588 inquit,
3730 518 3850 571 cii-i-

537 633 624 672 eos
653 634 686 670 a
716 617 848 688 facie
885 627 974 674 tua
998 633 1015 669 :
1045 632 1146 672 non
1183 616 1237 670 in
1270 614 1480 687 justitia
1504 623 1593 670 tua
1615 659 1628 685 ,
1654 622 1701 667 et
1729 613 2008 670 directione
2030 612 2138 686 [ΑΙ.

542 711 838 784 dilectione]
877 712 1050 766 cordis
1075 710 1150 764 tui
1176 709 1421 774 intrabis,
1451 719 1506 764 ut
1529 708 1793 779 possideas
1826 717 2016 762 terram
2057 724 2145 762 eo.-

538 821 658 860 rum
686 821 703 858 :
733 804 824 858 sed
852 804 905 858 in
930 803 1189 874 impietate
1215 817 1391 855 eorum
1421 798 1675 854 Dominus
1701 797 1841 853 Deus
1869 811 1988 853 tuus
2015 816 2141 854 con-

541 909 707 952 sumet
733 913 818 956 eos
853 913 884 950 a
912 895 1186 966 facietua,
1217 904 1272 946 ut
1315 893 1522 948 suscitet
1564 891 1772 946 uerbum
1810 891 1948 962 quod
1995 891 2141 944 locu-

541 1002 625 1045 tus
649 1001 722 1045 est
769 988 1004 1057 patribus
1029 989 1168 1050 tuis,
1206 986 1503 1052 Abraham,
1555 985 1711 1042 Isaac
1752 997 1801 1042 et
1848 985 2029 1041 Jacob.
2072 986 2144 1040 Et

541 1086 671 1137 scies
694 1083 834 1153 quod
861 1098 962 1136 non
991 1081 1045 1135 in
1072 1080 1284 1152 justitia
1309 1089 1396 1132 tuo
1435 1078 1686 1134 Dominus
1720 1077 1857 1133 Deus
1898 1088 2014 1134 tuus
2043 1077 2141 1131 da-

544 1176 615 1229 bit
644 1175 734 1230 tibi
763 1183 950 1228 terram
981 1173 1258 1245 optimam,
1289 1179 1342 1226 ut
1372 1171 1634 1240 possideas
1659 1187 1806 1236 eam,
1837 1171 1958 1242 quia
1983 1186 2147 1243 popu-

540 1267 622 1320 lus
644 1268 790 1322 dura:
816 1265 1025 1320 cervicis
1063 1281 1116 1318 es
1141 1273 1216 1320 tu.
1249 1263 1303 1317 In
1328 1278 1394 1318 eo
1425 1270 1606 1318 autem
1633 1263 1776 1334 quod
1807 1263 1944 1319 dixit
1971 1281 1983 1316 :
2017 1261 2147 1318 Per-

541 1362 710 1427 fectus
749 1361 851 1416 eris
879 1375 996 1416 cum
1026 1367 1050 1395 ³
1089 1357 1314 1416 Domino
1348 1357 1453 1413 Deo
1480 1368 1604 1426 tuo,
1636 1373 1744 1428 quo
1782 1374 1948 1416 sensu
1993 1359 2148 1414 dixe-

540 1455 642 1521 rit,
682 1469 748 1510 ex
787 1452 1256 1526 consequentibus
1285 1452 1648 1524 approbatur.
1688 1450 1817 1508 Cum
1846 1453 2144 1525 ingressus,

543 1544 750 1616 inquit,
781 1544 941 1614 {ueris
969 1553 1158 1600 terram
1182 1585 1196 1609 ,
1229 1560 1383 1615 quam
1413 1542 1666 1600 Dominus
1698 1541 1835 1598 Deus
1862 1553 1979 1598 tuus
2008 1543 2149 1602 dabit

545 1638 668 1706 tibi,
701 1654 804 1691 non
835 1637 997 1692 disces
1026 1637 1194 1706 facere
1222 1636 1625 1692 abominationes
1651 1639 1877 1710 gentium
1903 1637 2110 1691 illarum
2129 1678 2146 1704 ,

547 1747 639 1784 nec
666 1729 948 1792 invenietur
972 1728 1026 1784 in
1057 1739 1103 1783 te
1140 1731 1229 1801 qui
1276 1729 1514 1786 traducat
1558 1730 1722 1802 736
1748 1730 1916 1801 ﬁlium
1964 1732 2038 1785 vel
2084 1731 2148 1799 ﬁ-

548 1824 671 1877 liam
717 1838 865 1878 suam
891 1838 982 1895 per
1027 1823 1216 1895 ignem.
1269 1821 1678 1877 Dirinotionibus
1719 1820 1745 1869 1?
1794 1820 1870 1876 uel
1914 1821 2149 1876 omnibus

2245 623 2351 676 tas,
2379 629 2535 683 quam
2579 629 2680 667 non
2730 611 2944 666 tradidit
2985 611 3239 665 Dominus
3278 610 3404 681 ﬁliis
3432 609 3635 675 Israel,
3662 611 3849 682 absun

2243 704 2384 759 Ευεο
2418 706 2506 777 qui
2555 704 2821 760 habitabat
2863 706 2917 762 in
2963 703 3180 760 Gabaon
3209 721 3226 760 :
3255 721 3428 760 omnes
3457 704 3738 777 pugnando
3775 720 3852 764 ce-

2243 807 2461 868 perunt,
2487 798 2656 866 quina
2684 795 2908 851 Domino
2951 799 3142 868 factum
3185 807 3323 864 erat,
3353 807 3409 850 ut
3454 797 3721 856 indururet
3762 812 3852 857 cor

2243 906 2418 944 eorum
2435 930 2448 956 ,
2474 899 2519 942 et
2545 899 2831 961 pugnarent
2858 889 3017 962 737
3047 899 3226 944 contra
3252 888 3420 948 Israel
3443 931 3458 956 ,
3487 899 3545 943 ut
3587 891 3852 960 interﬁce.

2245 991 2421 1036 rentur
2445 1000 2461 1038 .·
2487 991 2534 1035 et
2570 999 2668 1035 non
2715 981 2856 1051 ﬁeret
2892 983 2948 1037 in
2972 983 3044 1037 eis
3072 983 3427 1038 misericordia
3448 1023 3464 1049 ,
3492 993 3539 1037 et
3581 984 3850 1052 perirent,

2245 1076 2372 1129 sicut
2416 1076 2657 1148 praecepit
2701 1073 2954 1129 Dominus
2983 1072 3152 1145 Moysi
3179 1073 3334 1148 (Jos.
3362 1090 3446 1142 xi,
3483 1075 3582 1141 11,
3631 1074 3755 1146 12).
3789 1075 3851 1136 Si

2248 1169 2460 1225 Domini
2491 1169 2689 1224 factum
2720 1181 2802 1226 est
2828 1169 3138 1236 voluntate,
3172 1179 3230 1226 ut
3258 1183 3448 1242 pacem
3499 1185 3604 1226 non
3635 1169 3852 1238 recipe-

2249 1274 2391 1328 rent,
2446 1280 2545 1320 ncc
2590 1265 2932 1334 susciperent
2980 1263 3177 1330 Israel;
3219 1263 3465 1322 dicamus
3508 1262 3662 1333 juxta
3701 1262 3855 1333 Apo-

2249 1358 2488 1413 stolum:
2547 1356 2686 1424 Quid
2721 1374 2842 1426 ergo
2867 1356 2892 1392 ά
2921 1356 3195 1427 queritur?
3249 1354 3514 1418 Voluntati
3561 1355 3694 1412 enim
3736 1359 3854 1428 ejus

2249 1452 2363 1521 quis
2386 1461 2547 1522 potest
2569 1452 2802 1506 resistere
2833 1448 3016 1520 (Rom.
3049 1466 3122 1514 ut,
3182 1448 3312 1520 i9)?

2322 1545 2414 1602 38.
2459 1542 2539 1598 Ex
2566 1543 2765 1615 Regum
2792 1541 2956 1597 libris.
2990 1571 3058 1581 —
3087 1542 3164 1596 De
3193 1541 3414 1600 Samuel
3453 1549 3507 1603 et
3531 1539 3847 1598 Malachim.

2250 1635 2515 1692 Junathrts
2544 1636 2724 1691 favum
2776 1634 2951 1688 mellis
2983 1634 3220 1703 gustavit
3266 1634 3316 1686 in
3349 1640 3590 1702 sceptro,
3637 1641 3694 1686 et
3726 1632 3852 1688 illu-

2252 1730 2472 1786 minatis
2519 1728 2714 1793 oculis,
2761 1727 3120 1798 periclitatur,
3154 1726 3297 1796 quod
3345 1727 3594 1782 nesciens
3637 1724 3853 1786 fecerit.

2256 1824 2368 1879 lluc
2411 1823 2557 1880 enim
2606 1822 2892 1891 Scriptura
2937 1829 3192 1885 testatur,
3243 1819 3384 1889 quod
3434 1818 3768 1889 ignoraverit
3821 1834 3857 1880 a

548 1916 784 1987 auguriis
811 1923 859 1970 et
908 1913 1158 1985 maleﬁcia
1208 1915 1406 1968 artibus
1458 1924 1506 1970 et
1556 1914 1992 1970 incantationibus
2044 1932 2149 1970 non
2179 1934 2227 1997 Β
2255 1926 2406 1988 patre
2426 1932 2545 1974 esse
2577 1925 2934 1986 przeceptum,
2964 1930 3031 1969 ne
3066 1915 3351 1984 quisquam
3380 1921 3640 1983 gustaret,
3667 1911 3860 1970 donec

546 2011 735 2064 servies
762 2051 778 2080 ,
809 2018 863 2068 ut
917 2009 1196 2080 interroges
1224 2023 1401 2080 magos
1442 2017 1488 2062 et
1535 2007 1764 2062 hariolos
1807 2017 1855 2062 et
1896 2017 2143 2064 mortuos.

546 2102 874 2160 Abominatio
914 2103 1050 2158 enim
1079 2100 1292 2156 Domini
1313 2111 1388 2157 est
1416 2102 1583 2156 omnis
1609 2101 1694 2173 qui
1732 2103 1854 2173 facit
1898 2102 2028 2158 ham.
2081 2100 2151 2156 Et

550 2205 759 2270 propter
789 2196 882 2252 has
909 2193 1315 2255 abominationes
1343 2191 1600 2250 Dominus
1642 2193 1781 2248 Deus
1822 2204 1940 2248 tuus
1965 2209 2152 2249 consu-

548 2296 650 2340 met
682 2305 768 2344 eas
809 2305 840 2342 α
883 2288 1018 2359 [acie
1059 2296 1147 2350 tua
1171 2304 1189 2341 :
1220 2291 1479 2358 perfectus
1508 2290 1606 2342 eris
1637 2303 1753 2342 cum
1786 2285 2012 2342 Domino
2044 2286 2150 2342 Deo

547 2392 636 2436 tuo
665 2381 683 2456 (
713 2381 874 2438 Num.
907 2397 1076 2448 xvtu,
1102 2382 1170 2448 9,
1203 2381 1313 2452 10).
1351 2382 1592 2452 Denique
1620 2380 1789 2440 infert
1820 2399 1833 2435 :
1870 2381 2004 2448 Quia
2027 2398 2152 2453 gen-

550 2487 624 2530 tes
648 2478 757 2532 ista:
784 2493 911 2551 quas
934 2485 989 2529 tu
1013 2474 1324 2543 possidebis,
1353 2473 1581 2529 hariolos
1608 2485 1656 2529 et
1681 2475 1879 2530 diuinos
1901 2474 2148 2530 audiunt.

549 2567 669 2623 Tibi
705 2578 879 2626 autent
907 2586 1010 2623 non
1046 2568 1120 2622 sic
1151 2568 1291 2624 dedit
1318 2566 1571 2622 Dominus
1596 2566 1734 2621 Deus
1764 2576 1899 2621 tuus.
1928 2567 2149 2622 Statim-

547 2677 654 2733 que
682 2663 1002 2731 subiungit:
1049 2660 1368 2732 Prophetam
1405 2675 1566 2714 unum
1610 2675 1675 2713 ea:
1704 2670 1750 2714 te
1795 2659 1859 2712 de
1901 2658 2150 2730 fratribus

551 2757 656 2809 tuis
680 2757 811 2812 sicut
847 2772 926 2808 me
964 2755 1225 2810 suscitabit
1255 2754 1346 2809 tibi
1383 2753 1640 2809 Dominus
1689 2753 1826 2807 Deus
1866 2763 1985 2806 tuus
2015 2769 2032 2806 :
2071 2753 2153 2820 ip-

550 2862 662 2899 sum
702 2846 900 2902 audies.
948 2846 1022 2900 Ex
1051 2861 1157 2914 quo
1206 2845 1510 2900 ostenditur
1565 2843 1863 2913 perfectum
1911 2842 1999 2897 hic
2045 2843 2150 2897 diei

552 2952 659 2992 non
689 2938 780 3006 qui
824 2945 1049 2992 cunctas
1079 2939 1308 2993 virtutes
1336 2937 1565 3002 habent,
1596 2936 1691 2990 sed
1720 2937 1810 3006 qui
1853 2934 2150 3004 perfectura

550 3037 606 3082 et
637 3044 804 3082 unum
837 3037 1096 3098 sequatur
1123 3029 1310 3083 Deum.
1332 3028 1632 3100 Narratque
1653 3028 1906 3083 similiter
1927 3027 1994 3082 de
2025 3043 2154 3084 con-.-

555 3121 764 3176 tlitione
787 3121 1038 3180 exsulum
1066 3121 1156 3195 qui
1199 3136 1293 3190 per
1320 3121 1684 3192 ignorantiam
1717 3131 2100 3188 peccaverunt,
2127 3133 2147 3160 ο

555 3231 664 3283 quo
714 3216 1014 3288 confugere
1052 3214 1323 3280 debeant,
1377 3227 1538 3286 atque
1571 3213 1848 3284 subjungit
1882 3231 1893 3267 :
1930 3214 2150 3281 Quando

2250 2011 2480 2066 victoria
2511 2010 2720 2064 Domini
2739 2008 3128 2078 compleretur.
3156 2008 3208 2062 In
3233 2015 3439 2064 tantum
3470 2015 3648 2064 autem
3676 2005 3860 2064 iratus

2251 2117 2335 2161 est
2362 2107 2641 2170 Dominus,
2673 2114 2732 2160 ut
2754 2120 2878 2160 sors
2906 2105 3174 2160 inveniret
3205 2104 3500 2164 occultum,
3528 2110 3584 2158 et
3629 2102 3746 2172 ipse
3773 2101 3858 2156 fa-

2253 2208 2461 2254 teretur
2490 2199 2722 2252 dicens:
2773 2195 2990 2252 Gustavi
3019 2196 3075 2250 in
3119 2195 3412 2256 summitate
3455 2194 3668 2265 sceptri,
3715 2194 3855 2260 quod

2253 2301 2324 2348 est
2351 2293 2404 2345 in
2434 2307 2591 2348 manu
2620 2306 2754 2356 mea,
2786 2304 2972 2360 parum
2992 2287 3180 2352 mellis,
3206 2297 3250 2342 et
3283 2301 3396 2340 ecce
3424 2302 3520 2358 ego
3544 2285 3755 2340 morior.
3786 2284 3861 2340 Et

2252 2394 2443 2454 postea
2476 2383 2866 2438 intercessione
2888 2390 2944 2435 et
2973 2380 3228 2451 precibus
3256 2379 3437 2450 populi
3463 2379 3724 2434 liberatus
3744 2386 3856 2444 est,

2253 2477 2484 2535 dicentis
2507 2475 2576 2532 ad
2607 2475 2771 2530 Saul:
2827 2473 2971 2528 Nam
2998 2472 3254 2527 Jonathas
3294 2473 3566 2538 morietur,
3608 2473 3697 2541 qui
3734 2471 3861 2540 fecit

2253 2569 2470 2624 salutem
2516 2569 2649 2622 hanc
2689 2583 2928 2639 magnam
2967 2567 3023 2619 in
3053 2565 3256 2620 Israel?
3298 2565 3462 2620 Absit.
3504 2563 3642 2622 Viuit
3668 2561 3864 2620 Domi-

2255 2677 2398 2715 nus:
2442 2661 2486 2713 si
2526 2659 2764 2713 ceciderit
2802 2661 2862 2714 de
2899 2659 3107 2728 capillis
3148 2658 3335 2727 capitis
3379 2660 3496 2729 ejus
3541 2658 3594 2710 in
3636 2665 3858 2722 terram,

2253 2752 2373 2821 quia
2393 2767 2508 2804 cum
2536 2749 2757 2805 Domino
2775 2752 2896 2817 fecit
2922 2750 3057 2805 diem
3083 2749 3218 2804 hanc
3244 2766 3262 2804 :
3292 2761 3339 2804 et
3362 2750 3596 2805 liberavit
3633 2759 3655 2788 ο
3683 2767 3864 2820 popu-

2256 2845 2338 2897 lus
2359 2842 2644 2906 Jonathan,
2671 2854 2716 2896 et
2735 2860 2836 2898 non
2855 2853 2932 2898 est
2951 2853 3185 2898 mortuus
3207 2843 3249 2913 (1
3278 2843 3402 2913 Reg.
3432 2860 3542 2906 ειν,
3570 2845 3636 2900 lii
3661 2843 3862 2914 καφ).

2257 2936 2477 2992 Samuel
2532 2935 2780 2990 irascitur
2826 2935 2996 3001 Sauli,
3037 2944 3092 2990 et
3133 2950 3241 2990 non
3283 2936 3396 2990 vult
3435 2935 3515 2991 ire
3556 2951 3689 2990 cum
3727 2950 3864 3004 rege

2257 3028 2302 3099 (1
2330 3028 2461 3101 Reg.
2507 3044 2614 3090 xvt.
2645 3028 2701 3093 6,
2745 3029 2832 3098 7):
2882 3038 3066 3097 postea
3101 3028 3354 3098 precibus
3383 3028 3638 3095 vincitur,
3679 3037 3737 3084 ut
3763 3043 3864 3084 ns-

2254 3123 2442 3178 teudat
2473 3123 2691 3178 humani
2724 3124 2889 3177 animi
2924 3124 2974 3175 in
3004 3123 3278 3182 diversum
3320 3124 3695 3182 mutationem.
3724 3124 3864 3180 Per-

2253 3219 2328 3286 git
2368 3217 2670 3281 Bethleem,
2722 3218 2969 3288 singulos
3013 3218 3246 3276 ﬁliorum
3295 3217 3448 3278 Iesse
3500 3226 3656 3287 putat
3702 3217 3864 3288 ipsos

553 3307 888 3377 a'tliﬁcaveris
911 3309 1118 3362 domum
1140 3323 1320 3361 nouam
1345 3348 1358 3371 ,
1386 3307 1546 3378 facies
1592 3304 1866 3361 loriculam
1906 3316 2034 3363 tecto
2063 3317 2151 3361 tuo
2179 3320 2225 3384 ρ
2257 3326 2400 3377 esse,
2453 3327 2588 3382 quos
2631 3311 2896 3365 Dominus
2945 3312 3276 3378 requirebat.
3332 3308 3578 3380 Cumque
3629 3310 3866 3367 vidisset

552 3400 604 3452 in
633 3399 853 3452 circuitu
877 3441 892 3465 ,
926 3415 988 3456 ne
1011 3400 1277 3468 sanguinis
1313 3417 1427 3454 reus
1472 3399 1542 3456 sis
1567 3440 1581 3462 ,
1623 3415 1737 3453 cum
1785 3397 1972 3470 aliquis
2019 3401 2152 3460 ceci-

553 3494 685 3545 derit
713 3509 775 3544 ea:
800 3509 880 3547 ea.
911 3492 976 3546 Et
1005 3492 1195 3546 iterum
1225 3509 1238 3544 :
1283 3493 1342 3546 Si
1370 3492 1526 3564 fuerit
1553 3492 1602 3546 in
1640 3502 1686 3546 te
1712 3493 1809 3554 vir,
1839 3493 1927 3562 qui
1955 3509 2057 3546 non
2083 3493 2150 3548 sit

553 3584 779 3637 mundus
806 3602 836 3636 a
865 3593 1110 3637 nocturno
1137 3585 1317 3658 ﬂuxu,
1347 3585 1634 3658 egredietur
1677 3594 1820 3639 extra
1860 3595 2060 3650 castra,
2104 3595 2151 3640 et

554 3693 654 3732 non
686 3677 1002 3746 ingredietur
1032 3675 1251 3740 medium
1295 3686 1615 3740 castrorum,
1659 3691 1875 3745 cumque
1931 3676 2152 3730 advene-

553 3770 621 3821 rit
653 3784 878 3837 t'espera,
927 3769 1114 3822 lavabit
1155 3785 1207 3824 se
1232 3785 1385 3838 aqua,
1432 3777 1478 3822 et
1531 3778 1643 3840 post
1693 3767 1977 3822 accubitum
2026 3768 2152 3822 solis

557 3864 868 3935 ingredietur
900 3865 1122 3920 medi-um
1146 3878 1321 3918 eorum
1351 3860 1538 3932 (Leuit.
1572 3876 1661 3925 xv,
1699 3860 1812 3931 16).

561 3956 566 3960 ’
627 3956 715 4009 57.
741 3953 825 4012 Ea;
849 3953 1028 4012 lernae
1057 3953 1210 4008 libro.
1232 3985 1302 3994 —-
1321 3954 1396 4007 De
1417 3952 1545 4008 Jesu
1577 3953 1689 4006 ﬁlio
1716 3951 1862 4006 Nave
1891 3952 1997 4008 duo
2025 3961 2148 4007 tan-

554 4059 666 4104 tum
716 4064 912 4119 ponam
967 4048 1298 4103 testimonia.
1336 4047 1588 4101 Peccavit
1628 4045 1854 4113 Acban,
1897 4057 1952 4102 et
2008 4055 2153 4103 totus

550 4144 782 4214 populus
821 4141 1066 4206 otiendit.
1101 4141 1358 4211 Dixitque
1388 4139 1649 4198 Dominus
1680 4140 1746 4198 ad
1775 4140 1939 4197 Iosue
1966 4158 1978 4194 :
2028 4140 2151 4198 Non

552 4241 793 4306 poterunt
839 4241 978 4287 stare
1023 4232 1120 4302 ﬁlii
1172 4229 1342 4285 Israel
1390 4232 1445 4284 in
1506 4244 1780 4301 conspectu
1826 4233 2152 4291 inimicorum

552 4343 805 4395 suorum;
832 4327 922 4382 sed
950 4325 1108 4379 dorsa
1139 4333 1329 4378 vertent
1357 4323 1663 4378 adversariis
1691 4325 1824 4390 suis,
1872 4325 1994 4392 quia
2046 4326 2154 4394 {ac-

554 4431 661 4473 tum
691 4429 763 4474 est
788 4419 1062 4474 anathema
1097 4418 1153 4471 in
1195 4417 1289 4470 eis.
1320 4414 1389 4470 Et
1412 4431 1514 4470 non
1544 4415 1736 4470 addam
1759 4417 1813 4469 ut
1847 4417 1942 4471 sint
1984 4417 2153 4488 vobis-

558 4528 694 4578 cum,
728 4513 828 4566 nisi
871 4515 1143 4566 contritum
1171 4511 1326 4582 fuerit
1347 4509 1620 4564 anathema
1647 4509 1711 4562 de
1739 4509 1908 4564 medio
1933 4519 2153 4584 vestrum

557 4603 695 4674 (Jos.
730 4620 832 4670 \‘ll,
866 4604 978 4675 12).
1009 4604 1255 4675 Cumque
1302 4604 1644 4674 sacrilegium
1677 4612 2049 4671 quaereretur,
2101 4613 2156 4661 et

2257 3403 2408 3458 Eliab
2436 3419 2448 3456 :
2481 3405 2557 3458 ait
2585 3418 2599 3455 :
2636 3403 2767 3456 Ecce
2811 3404 2863 3456 in
2891 3412 3163 3473 conspectu
3197 3399 3410 3460 Domini
3451 3402 3691 3460 Christus
3717 3405 3862 3473 ejus.

2258 3493 2324 3546 Et
2349 3495 2421 3547 ait
2440 3491 2694 3548 Dominus
2726 3493 2794 3546 ad
2816 3510 2929 3547 eum
2955 3509 2971 3547 :
3002 3491 3088 3547 Ne
3116 3495 3362 3564 respicias
3397 3494 3464 3552 ad
3490 3494 3686 3550 vultum
3714 3494 3863 3563 ejus,

2256 3597 2303 3640 et
2344 3586 2412 3642 ad
2457 3596 2707 3642 staturam
2751 3587 2980 3657 corporis
3025 3586 3191 3650 illius,
3232 3587 3478 3656 quoniam
3507 3585 3672 3658 abjeci
3711 3601 3861 3642 eum.

2255 3679 2419 3733 Aliter
2447 3681 2583 3734 enim
2609 3679 2741 3732 ridet
2772 3677 2947 3746 Itonia,
2978 3679 3130 3732 aliter
3160 3677 3319 3734 Deus.
3355 3677 3526 3735 Homo
3552 3679 3688 3732 enim
3720 3677 3868 3733 videt

2253 3774 2309 3826 in
2341 3771 2492 3844 facie,
2525 3769 2664 3825 Deus
2695 3773 2748 3825 in
2790 3770 2963 3824 corde.
3014 3771 3191 3840 Atque
3229 3771 3280 3826 in
3312 3769 3456 3826 hunc
3503 3769 3724 3825 modum
3757 3783 3866 3838 per

2254 3881 2446 3922 omnes
2472 3875 2643 3932 errat,
2678 3881 2773 3936 per
2803 3879 2994 3920 omnes
3028 3866 3342 3935 corrigitur,
3374 3873 3432 3920 ut
3457 3873 3640 3935 pateat
3665 3863 3868 3919 buma-

2256 3975 2339 4014 na:
2369 3960 2566 4015 mentis
2588 3959 2898 4014 inlirmitas.
2932 3957 2951 3995 ί
2993 3958 3239 4016 lsbosetb
3266 3958 3393 4018 Saul
3426 3959 3568 4017 ﬁlius
3593 3956 3867 4016 interﬁci-

2257 4063 2343 4107 tur
2365 4052 2492 4107 tlolo
2520 4068 2550 4107 a
2581 4051 2803 4106 Rechab
2829 4061 2882 4106 et
2913 4051 3090 4106 Baana
3120 4051 3250 4106 ﬁliis
3277 4050 3542 4113 Rernmou
3571 4049 3862 4106 Berotite.

2254 4144 2498 4216 Cumque
2527 4146 2870 4200 nuntiassent
2899 4144 3091 4210 David,
3135 4152 3190 4200 et
3231 4153 3394 4214 caput
3430 4141 3732 4202 adversarii
3761 4143 3866 4199 de-

2255 4248 2646 4303 monstrarent,
2677 4237 2842 4292 occisi
2870 4248 2996 4292 sunt
3036 4252 3065 4291 a
3096 4237 3290 4301 David,
3320 4236 3534 4291 dicente
3563 4252 3574 4288 :
3621 4235 3729 4289 Viri
3755 4235 3861 4288 im—

2256 4333 2330 4401 pii
2361 4333 2660 4386 occiderunt
2684 4331 2848 4386 rirum
2879 4331 3084 4397 justum
3111 4333 3166 4382 in
3205 4329 3358 4382 domo
3391 4344 3488 4382 sua
3513 4337 3562 4383 et
3584 4327 3637 4380 in
3665 4327 3866 4382 lectulo

2254 4440 2368 4478 suo.
2403 4421 2562 4478 Certe
2590 4421 2835 4479 lsbosetb
2856 4423 3037 4493 justus
3075 4436 3180 4475 non
3218 4431 3357 4490 erat,
3391 4430 3446 4475 et
3482 4430 3659 4475 tamen
3692 4421 3746 4475 in
3787 4434 3868 4476 eo

2251 4517 2428 4586 justus
2457 4516 2786 4586 appellatur,
2819 4514 2962 4586 quod
2991 4515 3195 4584 absque
3221 4528 3366 4568 noxa
3402 4512 3721 4568 interfectus
3751 4521 3866 4567 cst.

2255 4609 2361 4664 Oza
2395 4610 2608 4676 levites,
2642 4625 2762 4664 cum
2797 4609 2934 4666 Area
2968 4607 3182 4662 Domini
3211 4605 3604 4662 transferretur
3632 4604 3862 4660 Jerusa-

553 4711 678 4751 sors
724 4696 984 4751 latentem
1030 4697 1334 4752 invenisset
1364 4712 1550 4761 reum,
1598 4696 1997 4754 interﬁciuntur
2026 4713 2148 4756 cum
2177 4703 2232 4764 D
2257 4701 2385 4766 lem,
2415 4713 2468 4755 et
2500 4700 2851 4755 lascivientes
2898 4700 3064 4755 boves
3093 4698 3390 4769 plaustrum
3439 4697 3491 4751 in
3533 4705 3745 4767 partem
3775 4694 3865 4752 al-

554 4789 746 4844 Achan
788 4790 885 4844 ﬁlii
913 4790 1029 4860 ejus
1050 4831 1065 4856 ,
1097 4798 1152 4845 et
1179 4791 1323 4856 ﬁliae,
1367 4791 1568 4858 boves,
1600 4791 1772 4860 asini,
1798 4807 2032 4865 pecora;
2072 4801 2150 4848 ta-

555 4881 948 4952 bernaculum,
988 4891 1044 4936 et
1089 4896 1449 4952 quaecumque
1505 4882 1710 4939 habere
1767 4885 1978 4954 potuit,
2028 4885 2150 4954 igne

552 4977 728 5032 deleta
761 4984 908 5030 sunt.
951 4974 1107 5041 Esto,
1141 4975 1255 5044 ipse
1278 4976 1583 5045 peccaverit
1613 4993 1625 5031 :
1655 4976 1781 5048 quid
1824 4976 2150 5035 commisere

551 5069 694 5123 ﬁlii?
719 5067 846 5140 quid
885 5068 1089 5123 boves?
1113 5068 1240 5138 quid
1271 5068 1449 5123 asini?
1478 5070 1608 5142 quid
1640 5070 1876 5140 pecora?
1905 5070 2009 5126 Fac
2037 5071 2151 5128 Deo

551 5161 880 5230 calumniam
928 5174 1096 5230 quare
1125 5175 1265 5228 unus
1307 5165 1646 5233 peccaverit,
1695 5173 1750 5220 et
1794 5178 1918 5234 pars
1967 5166 2150 5236 pepuli

549 5250 821 5318 trucidata
851 5251 953 5314 sit?
985 5251 1093 5318 Cur
1122 5260 1176 5308 et
1201 5250 1319 5322 ipse
1359 5252 1630 5328 lapidatur
1674 5254 1782 5329 [AL
1815 5257 2145 5331 lapidetur],

546 5353 605 5408 et
631 5343 812 5406 omnia
839 5357 961 5418 quae
987 5341 1190 5404 habere
1232 5346 1498 5414 potuerit,
1549 5347 1716 5420 ultrix
1761 5347 1976 5416 ﬂamma
2015 5365 2147 5412 con-

626 5494 651 5522 α
680 5482 832 5540 Unus
863 5480 1034 5534 Vatic.
1065 5495 1238 5535 coram
1265 5480 1488 5537 Domino
1517 5482 1652 5547 Deo,
1679 5490 1786 5537 etc.

621 5554 823 5640 buldem
872 5551 1046 5606 Vatio.
1081 5551 1494 5612 Divinationibus
1516 5595 1530 5620 ,
1557 5558 1612 5607 et
1645 5551 1932 5618 ominibus,
1977 5563 2022 5606 et
2053 5569 2145 5608 au.

549 5634 1043 5758 gu?§;5?l‘iit'rtnes
1070 5707 1193 5748 eum
1225 5694 1401 5752 veteri
1428 5694 1672 5758 editione
1691 5707 1792 5761 quo
1820 5703 1872 5748 et
1896 5699 2146 5764 quamdiu

549 5768 821 5816 conluaere
849 5763 1086 5816 debeant.
1116 5773 1222 5816 etc.

545 5768 703 5830 conlu
742 5780 821 5817 ere
849 5768 1086 5828 debeant,
1116 5773 1222 5820 etc.

616 5831 644 5872 τι
687 5785 956 5908 [lactentis
981 5835 1110 5908 editi
1140 5837 1266 5905 quid
1297 5852 1414 5908 ergo
1456 5834 1746 5908 qumritur?
1772 5833 2142 5895 Emendantur

616 5853 644 5872 “
687 5853 956 5890 "auctius
983 5853 1110 5886 Ctllll
1140 5853 1265 5905 quia
1297 5853 1414 5908 81⁸⁸90
1491 5853 1745 5890 ιιιεηιυτι
1774 5853 1812 5890 lli

555 5917 586 5960 tt
616 5902 858 5971 scriptis,
893 5912 946 5955 et
973 5901 1162 5956 Graeco
1191 5916 1344 5961 textu
1372 5914 1422 5966 τί
1447 5853 1525 5970 gn
1550 5907 1818 5978 μέμφεται.

2258 4805 2428 4850 teram
2457 4795 2838 4856 declinassent,
2858 4792 3008 4848 misit
3027 4806 3243 4848 manum
3263 4801 3319 4846 ut
3343 4799 3678 4846 sustentaret
3700 4789 3865 4844 incli-

2259 4897 2439 4944 natam
2467 4887 2687 4950 Arcam.
2715 4885 2879 4957 738
2904 4884 3207 4955 Statimque
3233 4883 3479 4953 sequitur
3503 4899 3516 4936 :
3567 4880 3744 4935 Iratus
3780 4889 3864 4934 ess

2260 4984 2408 5052 furor
2439 4979 2647 5036 Domini
2670 4980 2725 5034 in
2757 4977 2942 5043 Oeam,
2971 4988 3018 5033 et
3049 4976 3298 5046 percussit
3325 4990 3442 5030 eum
3474 4973 3615 5030 Deus
3656 4973 3726 5025 ibi
3757 4987 3863 5040 pro

2255 5081 2572 5153 ignorantia,
2609 5088 2655 5132 et
2696 5087 2928 5134 mortuus
2953 5089 3030 5134 est
3062 5079 3218 5148 juxta
3245 5076 3433 5132 Arcam
3465 5073 3582 5128 Dei.
3618 5072 3865 5128 Contris-

2254 5180 2492 5240 tatusque
2540 5170 2724 5236 David,
2751 5171 2888 5240 quod
2917 5179 3235 5240 percusserat
3279 5167 3530 5226 Dominus
3571 5167 3755 5231 Oeam,
3785 5165 3864 5218 ti-

2253 5263 2381 5316 muit
2423 5260 2704 5319 Dominum
2732 5264 2786 5317 in
2817 5264 2908 5317 illa
2939 5264 3042 5330 die,
3076 5273 3121 5324 et
3148 5263 3259 5318 ait:
3292 5260 3568 5328 Quomodo
3593 5257 3862 5330 ingredie—

2251 5362 2331 5416 tur
2374 5355 2444 5412 ad
2490 5371 2571 5410 me
2616 5355 2750 5412 Arca
2795 5355 3008 5414 Domini
3053 5355 3122 5426 (ll
3168 5354 3301 5426 Reg.
3349 5370 3422 5418 vr,
3453 5355 3508 5421 7,
3556 5353 3639 5423 8)?
3679 5348 3862 5409 David

2328 5488 2352 5517 ⁸
2394 5488 2551 5544 Falso
2580 5486 2844 5558 hactenus
2872 5487 3071 5558 vulgati
3120 5486 3351 5540 liberavit
3403 5485 3650 5558 Dominus
3679 5483 3862 5538 loria-

2251 5560 2392 5614 tham
2423 5576 2520 5631 pro
2548 5557 2790 5632 populus,
2820 5556 2984 5629 quod
3004 5573 3134 5615 mss.
3166 5571 3358 5613 clunes
3387 5556 3690 5628 praeferunt,
3727 5566 3861 5608 tex-

2253 5641 2445 5702 tusque
2469 5631 2583 5702 ipse
2613 5631 2929 5700 Scripturze.

2326 5695 2519 5757 f'Mss'.
2569 5703 2657 5756 hic
2700 5695 2862 5771 aique
2915 5701 3053 5756 inira
3105 5709 3423 5754 constanter
3472 5695 3852 5771 Miphibosetlr,

2290 5773 2391 5842 und
2446 5773 2636 5842 legisse
2686 5767 2855 5842 voluit
2902 5772 3162 5827 Erasmus
3197 5787 3411 5842 quoque
3455 5785 3576 5826 cum
3626 5767 3856 5842 scripsit

2290 5789 2391 5826 ιιοα
2446 5789 2636 5842 legisse
2686 5789 2855 5828 V0lllll.
2902 5789 3162 5827 bl'DSlllUS
3197 5789 3411 5841 quoque
3455 5789 3576 5826 cum
3626 5789 3856 5835 δυῐψδιι

2249 5789 2611 5912 Ἇιερὴὶηοεεειι
2637 5859 2656 5897 :
2684 5841 2933 5898 Jonathte
2959 5842 3098 5910 ﬁlius
3142 5853 3225 5898 est
3252 5857 3281 5912 a
3312 5841 3490 5906 Baaua
3523 5841 3753 5909 occisus,
3775 5845 3862 5908 ne

2249 5927 2318 5968 ex
2344 5911 2369 5968 1
2396 5911 2530 5984 Reg.
2556 5914 2713 5969 libro.
