4036 6330
235 294 346 349 535
1145 293 1491 352 DIALOGUS
1528 293 1907 353 ADVERSUS
1946 295 2399 354 FELAGIANOS.
2443 296 2573 352 LIB.
2617 297 2684 354 ll.
3441 303 3546 360 534

233 411 422 479 justus
461 411 806 482 etpropbeta
837 418 892 464 et
921 417 1114 464 unctus
1149 409 1207 464 iu
1245 425 1429 480 regem
1453 408 1574 482 (Ps.
1611 411 1846 479 ωιτη),
1875 415 1922 473 Α
1951 409 2084 463 valet
2121 410 2368 465 adversus
2400 411 2622 480 justum,
2671 419 2945 481 praplcrea
2985 413 3252 482 egreditur
3288 413 3549 484 judicium

238 520 408 573 quem
436 505 604 574 elegit
625 505 885 559 Dominus
905 502 1204 559 secundum
1228 518 1326 557 eor
1348 519 1531 568 mium,
1554 514 1614 558 ut
1638 503 1843 559 faceret
1947 519 2243 571 perversum
2275 505 2460 576 (Abac.
2489 521 2547 571 ll,
2583 506 2618 559 ‘2.
2644 507 2835 577 δέψει).
2861 507 2966 561 Pro
2992 523 3100 576 quo
3137 523 3200 563 se
3230 508 3342 577 ipse
3366 523 3552 576 repre-

243 607 474 652 cunctas
492 599 800 652 voluntates
821 597 956 666 ejus,
983 602 1041 650 ut
1062 596 1208 651 videt
1238 596 1596 665 ignorantiam
1627 596 1843 651 Domini

243 687 437 743 furore
475 690 740 758 punitum,
777 697 1005 743 terretur
1025 698 1193 758 atque
1221 687 1487 754 tristatur,
1519 705 1617 743 nec
1647 691 1845 760 qumrit

239 795 462 835 causam
512 796 538 833 a
581 781 827 845 Domino,
858 796 1027 849 quare
1049 779 1156 852 [AL
1181 780 1308 853 qua]
1340 783 1670 850 percusserit
1695 782 1843 851 igno-

240 880 479 937 rantem,
517 873 611 926 sed
641 873 872 927 similem
915 873 1241 928 sententiam
1273 875 1655 942 pertremiscit.
1698 874 1844 929 Prte-

241 968 387 1035 cepit
413 965 582 1018 David
617 965 842 1034 principi
883 967 1155 1021 exercitus
1180 965 1338 1031 Joah,
1367 975 1422 1020 ut
1453 974 1702 1021 numeret
1739 981 1840 1036 po-

242 1059 468 1130 pulum;
501 1057 796 1127 statimque
839 1058 1119 1128 Scriptura
1156 1069 1586 1114 commemorat:
1620 1058 1686 1112 Et
1722 1075 1841 1127 per-

243 1154 401 1206 cussit
430 1168 518 1205 cor
537 1168 689 1204 suum
722 1151 909 1220 David,
941 1162 991 1206 et
1019 1154 1149 1206 dixit
1178 1153 1246 1206 ad
1268 1151 1547 1206 Dominum
1573 1168 1591 1204 :
1625 1150 1841 1205 Peccavi

243 1247 584 1309 vehementer,
619 1244 739 1312 quia
769 1245 866 1298 hoc
891 1245 989 1313 feci
1015 1244 1079 1313 (ll
1107 1245 1238 1317 Reg.
1269 1261 1417 1311 xxw,
1455 1244 1570 1313 10).
1592 1244 1727 1298 Cum
1753 1244 1842 1313 ju-

245 1337 401 1392 beret
451 1348 505 1390 ut
553 1337 726 1401 fieret,
761 1338 944 1405 utique
975 1337 1101 1407 quid
1147 1337 1374 1403 diceret,
1425 1338 1737 1407 ignorabat;
1785 1347 1842 1394 et

243 1438 423 1484 tamen
458 1444 517 1483 se
547 1427 664 1498 ipse
690 1429 1064 1498 reprehendit,
1095 1441 1150 1486 et
1179 1445 1276 1500 pro
1305 1430 1404 1485 bac
1433 1431 1587 1500 culpa
1618 1439 1840 1500 septua-

242 1523 389 1591 ginta
445 1522 615 1576 millia
669 1523 947 1578 hominum
997 1522 1192 1593 Angeli
1240 1522 1420 1592 gladio
1473 1524 1834 1580 trucidantur.

241 1612 499 1670 Salomon
554 1615 840 1685 completis
912 1615 1096 1683 templi
1167 1616 1530 1681 caeremoniis,
1585 1625 1839 1686 utrasque

245 1708 452 1776 palmas
492 1708 721 1761 tetendit
765 1708 832 1762 ad
865 1709 1150 1762 Dominum
1176 1751 1188 1771 ,
1235 1721 1289 1763 et
1316 1709 1390 1762 ait
1431 1725 1443 1761 :
1493 1708 1622 1761 Cum
1661 1725 1841 1779 pecca-

1947 594 2192 651 hendens
2220 597 2364 665 quod
2399 612 2496 665 per
2545 599 2903 668 ignorantiam
2952 599 3024 654 sit
3078 599 3312 664 loeutus,
3358 597 3556 655 scribit.

1942 685 2226 744 Canticum
2257 690 2617 758 ptenitentiae.
2669 691 2724 747 Si
2759 701 3038 762 peccatum
3089 706 3196 746 non
3234 702 3352 747 erat
3392 691 3546 761 igno-

1943 780 2141 846 rantia,
2174 779 2454 849 superﬂuo
2478 781 2666 836 scribit
2695 782 2890 838 librant
2937 781 3310 852 plenitudinis.
3344 792 3399 840 et
3430 783 3551 836 ina-

1945 872 2088 927 niter
2116 873 2288 928 voluit
2318 873 2370 927 id
2414 873 2620 944 lugere,
2653 876 2796 945 quod
2825 885 3103 946 peccatum
3132 890 3238 930 non
3269 875 3453 932 habet.
3487 876 3548 932 lu

1946 964 2196 1021 Ezechiel
2243 977 2485 1022 extrema
2519 977 2688 1037 parte,
2737 969 2824 1022 ubi
2872 983 2970 1037 per
3012 967 3299 1024 aedilicium
3331 967 3546 1037 Templi

1944 1059 1998 1114 in
2028 1070 2211 1115 monte
2240 1062 2348 1127 siti,
2381 1061 2642 1117 Ecclesiae
2669 1064 2836 1118 multa
2861 1072 2982 1134 post
3009 1063 3204 1119 SiBCttltt
3238 1063 3432 1120 futurae
3457 1078 3547 1118 sa-

1944 1161 2224 1206 cramenta
2274 1164 2589 1218 narrantur,
2636 1154 2811 1223 primo
2854 1164 2909 1208 et
2947 1153 3182 1223 septimo
3211 1153 3299 1210 die
3343 1155 3552 1210 mensis

1943 1243 2101 1312 primi
2152 1242 2455 1299 olleruntur
2485 1246 2718 1300 victimae
2750 1260 2846 1315 pro
2878 1253 3100 1315 peccato
3143 1244 3250 1316 [ΑΙ.
3287 1245 3554 1317 peccatis]

1943 1335 2208 1401 ninnium,
2240 1335 2292 1389 in
2321 1352 2428 1405 quo
2462 1353 2556 1406 per
2582 1353 2846 1401 errorem,
2878 1346 2973 1392 aut
3010 1337 3372 1407 ignorantiam
3417 1352 3550 1407 pec-

1943 1439 2222 1482 caverunt.
2277 1430 2494 1498 Septem
2550 1445 2764 1499 quoque
2819 1429 3012 1486 diebus
3067 1429 3312 1495 Pascltm,
3361 1429 3549 1484 hircus

1944 1535 2162 1589 semper
2185 1536 2284 1587 pro
2307 1532 2530 1590 peccato
2560 1533 2855 1578 mactatur.
2882 1522 3110 1590 Septimi
3130 1522 3334 1578 mensis
3358 1522 3544 1592 quinta

1942 1611 2152 1668 decima
2197 1612 2308 1678 die,
2357 1613 2502 1669 idem
2558 1630 2654 1683 pro
2702 1614 2938 1685 peccatis
2974 1614 3363 1670 sacriﬁciorum
3413 1614 3551 1670 ordo

1942 1707 2273 1762 celebratur.
2300 1706 2370 1762 Et
2399 1716 2519 1777 post
2546 1709 2653 1763 alia
2687 1709 2944 1774 plurima,
2992 1723 3115 1778 qua:
3147 1723 3252 1764 non
3285 1716 3371 1764 est
3397 1708 3554 1763 istius

240 1801 369 1853 verit
394 1799 483 1853 tibi
518 1801 763 1870 papulas,
794 1817 896 1854 non
927 1812 1000 1857 est
1035 1803 1171 1854 enim
1209 1802 1362 1855 homo
1400 1802 1490 1868 qui
1529 1818 1629 1856 non
1669 1813 1840 1872 peccet
1869 1813 1914 1872 Β
1947 1801 2207 1871 temporis
2251 1801 2540 1872 replicare,
2592 1802 2856 1873 scriptum
2895 1811 2982 1858 est
3026 1819 3039 1855 :
3088 1799 3219 1855 Erat
3265 1811 3438 1856 autem
3475 1801 3549 1855 ibi

237 1890 333 1959 (Ill
363 1891 497 1963 Reg.
524 1909 641 1957 vnn,
660 1891 776 1962 46).
810 1893 945 1948 Allia
975 1894 1235 1963 propheta
1270 1894 1532 1952 Silonites
1561 1897 1843 1951 nesciebat

235 1983 304 2036 ad
371 1999 433 2039 se
485 1985 676 2038 venire
751 2000 972 2040 uxorem
1031 1984 1354 2048 Jeroboam;
1423 1985 1665 2055 dixitque
1726 1986 1838 2056 [AL

232 2077 364 2131 add.
397 2078 472 2149 ei]
505 2079 769 2134 Dominus
799 2096 811 2131 :
849 2079 984 2132 Ecce
1010 2095 1142 2133 uxor
1175 2078 1455 2132 Jeroboam
1497 2079 1839 2148 ingredietur,

232 2181 292 2224 ut
323 2181 524 2238 quierat
565 2171 719 2224 verba
748 2189 778 2224 ιι
819 2181 867 2226 te
901 2187 994 2238 pro
1027 2172 1136 2238 [ilio
1162 2187 1255 2225 suo
1274 2172 1364 2240 qui
1401 2180 1641 2241 aegrotat,
1686 2172 1842 2242 juxta

230 2266 338 2317 hoc
413 2272 462 2316 et
524 2267 678 2336 juxta
729 2264 823 2316 hoc
869 2263 1089 2330 loqueris
1133 2261 1242 2336 [AL
1294 2260 1548 2333 loquaris]
1616 2264 1684 2316 ad
1729 2280 1840 2317 eam

233 2354 332 2426 (lll
357 2355 490 2425 Reg.
524 2371 632 2419 xxv,
678 2356 755 2423 ii).
783 2356 997 2410 Eliseus
1023 2355 1248 2410 sedebat
1278 2357 1328 2409 in
1361 2364 1568 2420 nionte,
1598 2357 1746 2410 venit
1772 2357 1838 2412 ad

231 2462 365 2502 eum
396 2446 612 2512 mulier,
643 2448 797 2517 cujus
835 2449 978 2501 [ilius
1011 2458 1255 2503 mortuus
1282 2459 1420 2512 erat,
1454 2457 1508 2502 et
1532 2449 1840 2517 amplexata

236 2540 405 2611 pedes
427 2541 565 2608 ejus,
595 2540 940 2596 vociferatur.
968 2541 1289 2610 Repellente
1316 2549 1496 2595 autem
1522 2555 1642 2596 eam
1666 2540 1839 2606 Giezi,

235 2634 375 2690 dixit
416 2634 484 2688 ad
532 2649 658 2689 eum
687 2635 770 2689 vir
797 2635 931 2689 Dei:
960 2633 1174 2688 Dimitte
1211 2651 1346 2699 eam,
1389 2635 1636 2704 quoniam
1665 2635 1841 2688 anima

236 2729 352 2798 ejus
378 2729 431 2781 in
458 2729 804 2782 amaritudine
841 2739 936 2793 est,
982 2739 1028 2780 et
1074 2726 1327 2780 Dominus
1361 2726 1543 2781 celavit
1569 2743 1599 2779 a
1638 2743 1740 2791 me,
1784 2734 1840 2780 ut

238 2837 343 2874 non
371 2821 700 2876 annuntiaret
730 2821 854 2874 mihi
874 2819 968 2893 (IV
992 2819 1122 2890 Reg.
1157 2836 1229 2885 tv,
1257 2818 1373 2889 27).

314 2912 406 2967 59.
453 2911 532 2966 Ex
561 2911 693 2965 libro
723 2913 922 2966 dierum
961 2921 1008 2966 et
1033 2911 1334 2981 PrOpltetis.
1368 2941 1440 2953 —
1469 2911 1526 2965 In
1561 2911 1699 2966 libro
1722 2910 1838 2966 die-

238 3021 360 3060 rum
412 3005 640 3075 legimus
678 3021 691 3058 :
737 3003 975 3059 Fuerunt
1019 3007 1116 3073 lilii
1174 3005 1337 3059 Sobal
1381 3006 1544 3074 patris
1593 3003 1835 3060 Cariath-

226 3097 413 3164 jarim,
438 3097 526 3167 qui
553 3105 580 3134 ⁸
606 3095 978 3167 prophetabant
1000 3113 1062 3150 ea:
1094 3097 1328 3150 dimidio.
1356 3097 1423 3151 Et
1446 3098 1674 3152 iterum:
1704 3094 1834 3150 Filii

1943 1893 2088 1948 locus
2133 1894 2201 1946 ad
2231 1894 2566 1959 occidentem,
2600 1895 2835 1964 dixitque
2861 1894 2930 1948 ad
2965 1911 3042 1948 me
3067 1911 3086 1949 :
3136 1892 3244 1950 Iste
3271 1903 3344 1948 est
3383 1895 3552 1958 locus,

1946 1987 2030 2039 ubi
2057 2003 2273 2056 coquere
2297 1986 2479 2042 debent
2523 1987 2829 2042 Sacerdotes
2869 1988 3090 2040 hostiam
3135 2003 3228 2053 pro
3259 1996 3468 2055 peccato
3499 1995 3550 2040 et

1947 2096 2040 2146 pro
2096 2080 2392 2146 ignorantia
2424 2080 2641 2151 (Ezech.
2677 2097 2824 2144 XLVI,
2859 2080 2932 2149 1).
2985 2080 3251 2136 Jeremias
3308 2079 3550 2148 loquitur

1947 2169 2012 2223 ad
2042 2170 2210 2223 Deum
2235 2187 2245 2220 :
2278 2171 2422 2236 Scio,
2451 2169 2694 2237 Domine,
2721 2170 2890 2242 τω
2915 2171 3054 2242 quod
3089 2187 3190 2225 non
3228 2179 3299 2224 est
3326 2171 3550 2224 hominis

1947 2261 2026 2312 via
2075 2264 2188 2332 ejus
2211 2278 2230 2315 :
2269 2279 2359 2315 nec
2398 2265 2494 2316 viri
2534 2274 2631 2328 est,
2664 2275 2720 2317 ut
2761 2263 2989 2318 ambulet
3027 2273 3073 2317 et
3109 2263 3300 2333 dirigat
3341 2278 3549 2332 gressus

1945 2373 2087 2410 suos.
2123 2355 2351 2426 Ideoque
2371 2374 2585 2426 pravum
2614 2366 2689 2411 est
2727 2373 2814 2412 cor
2836 2357 3080 2423 hominis,
3113 2368 3161 2412 et
3188 2357 3544 2422 inscrutabile,

1947 2458 1993 2502 et
2023 2449 2139 2517 quis
2165 2458 2431 2518 cognoscet
2460 2449 2593 2502 illud
2622 2447 2837 2517 (Jerem.
2885 2465 2940 2514 ι,
2971 2447 3093 2520 Ξὸγῖ
3143 2447 3201 2503 In
3233 2446 3546 2502 Proverbiis

1947 2544 2212 2612 legimus:
2264 2543 2359 2597 Est
2406 2545 2489 2598 via
2541 2559 2656 2614 qua
2682 2545 2885 2601 videtur
2930 2553 3069 2599 recta
3112 2559 3221 2598 esse
3259 2541 3401 2611 apud
3451 2541 3545 2594 Ito-

1945 2638 2131 2701 mines,
2164 2647 2209 2691 et
2240 2637 2514 2692 novissima
2542 2638 2656 2706 ejus
2683 2638 2892 2692 veniunt
2916 2638 2972 2692 in
3005 2633 3328 2706 profundum
3354 2633 3548 2703 inferni

1943 2729 2126 2799 (Prov.
2180 2744 2297 2791 xw,
2333 2729 2447 2796 1%).
2501 2730 2641 2784 Ecce
2668 2739 2724 2784 et
2767 2729 2858 2786 hic
2903 2728 3189 2786 manifeste
3238 2726 3546 2796 ignorantia

1941 2819 2356 2884 condemnatur,
2385 2833 2507 2873 cum
2548 2818 2696 2874 aliud
2747 2827 2898 2888 putat
2929 2818 3114 2880 homo,
3146 2826 3199 2872 et
3227 2816 3328 2871 sub
3359 2817 3545 2884 specie

1941 2911 2188 2966 veritatis
2213 2911 2276 2965 ad
2313 2911 2522 2966 inferna
2548 2911 2844 2970 delabitur.
2879 2910 3082 2976 Multo,
3118 2910 3312 2979 inquit,
3342 2911 3545 2982 cogita-

1941 3012 2103 3064 tiones
2149 3011 2204 3063 in
2245 3009 2403 3063 corde
2430 3010 2649 3063 hominis
2681 3007 2864 3080 (Prov.
2895 3008 3047 3078 xu):
3079 3006 3176 3062 sed
3206 3021 3313 3062 non
3359 3015 3544 3062 tanien

1941 3105 2089 3159 illius
2118 3104 2389 3168 voluntas,
2421 3119 2542 3171 qua:
2573 3103 2781 3158 incerta
2803 3111 2860 3157 et
2879 3101 3148 3156 fluctuans
3174 3109 3338 3169 atque
3367 3106 3543 3153 muta-

235 3199 410 3242 autem
458 3189 638 3244 Salma
665 3189 829 3260 patris
879 3187 1142 3243 Bethleem
1191 3199 1239 3244 et
1273 3188 1595 3258 Newphathi
1642 3199 1902 3258 coronat]
1939 3198 2061 3251 bilis
2101 3205 2205 3262 est,
2239 3195 2334 3251 sed
2384 3195 2482 3250 Dei
2530 3194 2818 3249 consilium
2865 3193 3098 3248 obtinet.
3137 3190 3289 3258 Quis,
3339 3189 3544 3259 inquit,

237 3282 424 3337 domus
446 3281 604 3346 Joob.
628 3293 674 3336 et
696 3284 787 3354 qui
814 3283 1207 3354 praphetubant,
1236 3300 1299 3338 ea:
1324 3284 1540 3337 dimidio
1566 3283 1747 3347 Zarai.
1778 3295 1834 3340 et

232 3383 432 3429 cretera
461 3374 506 3443 (l
535 3373 719 3430 Paral.
748 3391 806 3438 lt,
829 3393 932 3431 sec.
954 3375 1138 3446 LXX).
1172 3375 1436 3431 Similiter
1456 3377 1639 3446 utique
1662 3376 1833 3431 sancti

233 3475 395 3521 erant
440 3469 532 3538 qui
581 3467 1002 3536 prephetabant,
1054 3479 1108 3524 et
1159 3479 1339 3526 tamen
1387 3469 1678 3537 perfectam
1727 3486 1834 3526 non

237 3570 557 3616 meruerunt
585 3561 833 3630 accipere
865 3563 1207 3632 prOphetiam
1235 3580 1249 3614 :
1286 3577 1625 3632 nequaquam
1655 3563 1723 3617 de
1753 3561 1836 3618 fu—

237 3662 362 3710 turo
409 3655 704 3712 secundum
762 3658 1153 3726 tropologiam:
1199 3656 1293 3711 sed
1347 3657 1832 3726 imprmsentiarum

228 3751 380 3820 juxta
416 3751 698 3808 historiam
729 3751 1139 3822 prophetautes.
1163 3751 1379 3805 Abacuc
1404 3750 1669 3820 propheta
1695 3751 1836 3804 lian-

235 3845 400 3900 ticum
431 3861 590 3901 suum
621 3846 721 3900 hoc
745 3845 989 3899 inscribit
1023 3845 1176 3899 titulo
1211 3863 1222 3898 :
1254 3843 1432 3898 Oratio
1459 3845 1670 3899 Abacuc
1713 3861 1832 3915 prov

232 3938 400 4007 pheta:
434 3955 534 4010 pro
561 3939 968 4012 ignorationibus
1000 3938 1106 4009 [ΑΙ.
1145 3938 1556 4009 ignorantibus].
1598 3938 1833 3993 Locutus

232 4033 375 4085 enim
401 4030 853 4086 fueratandarter
873 4031 938 4085 ad
970 4031 1280 4095 Dominum,
1309 4040 1364 4086 et
1391 4033 1640 4086 dixerat:
1673 4031 1836 4102 739

238 4122 539 4194 Usquequo,
577 4122 818 4188 Domine,
866 4124 1118 4191 clamabo,
1147 4133 1324 4178 etnon
1371 4125 1588 4178 audies?
1635 4123 1834 4194 Vocife-

233 4215 386 4270 rabor
409 4217 480 4268 ad
503 4227 550 4268 te
576 4217 675 4270 vim
707 4217 929 4284 patiens,
957 4227 1003 4270 et
1034 4234 1135 4271 non
1179 4217 1439 4272 salvebis?
1467 4217 1640 4282 Quare
1667 4226 1837 4270 osten-

233 4306 356 4360 disti
401 4307 529 4360 mihi
573 4308 894 4377 iniquitatem
922 4318 967 4360 et
1005 4308 1252 4372 laborem,
1297 4309 1464 4362 videre
1507 4307 1738 4374 praedam
1787 4317 1835 4361 et

232 4399 587 4468 injustitiam?
612 4397 803 4453 Contra
839 4417 916 4454 vis
947 4407 1143 4470 factum
1172 4412 1246 4455 est
1270 4401 1525 4464 indicium
1553 4410 1601 4453 et
1631 4410 1836 4452 contra-

234 4491 398 4544 dictio
440 4493 696 4560 potentior
720 4509 738 4546 :
779 4502 986 4564 prapter
1015 4495 1123 4548 hth
1151 4494 1373 4547 lacerata
1404 4503 1478 4546 est
1517 4494 1623 4558 lea‘,
1654 4501 1702 4545 et
1730 4509 1834 4547 non

1936 3290 2242 3360 gloriabitur
2267 3297 2469 3344 castum
2501 3305 2556 3342 se
2583 3287 2771 3341 habere
2794 3303 2884 3341 cor
2911 3285 3076 3353 (Ibid.
3101 3299 3194 3349 xx,
3218 3281 3301 3354 9)?
3331 3279 3400 3335 Et
3425 3281 3540 3351 quis

1935 3385 2160 3452 conﬁdet
2187 3384 2438 3438 mundum
2461 3400 2514 3437 se
2543 3399 2650 3437 esse
2670 3400 2700 3434 a
2723 3381 2969 3451 peccato?
2998 3379 3183 3433 Dulcis
3200 3387 3274 3432 est
3294 3377 3429 3431 enim
3442 3375 3539 3428 Ito-

1937 3480 2091 3532 minis
2119 3481 2268 3548 panis
2295 3476 2572 3540 mendacii,
2597 3484 2645 3528 et
2673 3484 2850 3545 postea
2875 3472 3169 3544 implebitur
3198 3486 3254 3524 os
3292 3471 3404 3540 ejus
3429 3465 3542 3519 cal-

1938 3570 2076 3622 culo.
2113 3570 2157 3621 Α
2201 3567 2426 3620 Domino
2455 3581 2661 3636 gressus
2697 3564 2922 3619 hominis
2959 3562 3276 3633 diriguntur,
3300 3554 3539 3610 mortalis

1935 3673 2107 3717 autem
2132 3661 2390 3733 quomodo
2409 3661 2544 3713 scire
2569 3661 2757 3728 poterit
2777 3658 2886 3712 vias
2908 3656 3068 3712 suas?
3094 3653 3274 3707 Omnis
3301 3649 3377 3704 vir
3396 3647 3541 3702 vide-

1937 3765 2020 3808 tur
2047 3755 2143 3808 sibi
2148 3756 2350 3821 justus,
2382 3752 2471 3806 sed
2495 3751 2706 3820 corrigit
2733 3749 2892 3804 corda
2941 3747 3170 3802 omnium
3198 3742 3360 3802 Deus.
3386 3738 3412 3778 ι)
3441 3736 3540 3793 Fi-

1937 3846 2036 3900 lius
2067 3845 2236 3900 malus
2263 3850 2468 3918 justum
2496 3861 2550 3900 se
2578 3844 2723 3914 facit,
2757 3853 2806 3897 et
2831 3858 2934 3896 non
2973 3840 3108 3894 lavat
3147 3836 3343 3894 exitum
3367 3851 3538 3891 suum.

1941 3936 2109 3992 Filius
2139 3937 2307 3991 malus
2355 3935 2583 3990 excelsos
2613 3933 2764 3988 habet
2794 3933 2996 3996 oculos,
3028 3941 3073 3984 et
3125 3927 3385 3997 palpebris
3425 3927 3537 3980 suis

1937 4032 2181 4085 elevatur.
2235 4029 2327 4083 Est
2378 4030 2512 4084 enim
2547 4033 2748 4101 justus,
2797 4028 2885 4096 qui
2927 4025 3059 4093 perit
3089 4023 3143 4076 in
3178 4020 3394 4089 justitia
3437 4035 3538 4073 sua

1937 4122 2120 4192 (Prov.
2151 4137 2242 4186 xx,
2288 4119 2374 4185 16,
2405 4119 2593 4190 seqq).
2630 4119 2785 4175 Unde
2815 4118 3013 4173 dicitur
3054 4113 3121 4170 ad
3162 4127 3325 4167 eum:
3358 4108 3440 4164 Ne
3464 4109 3537 4166 sis

1926 4217 2104 4288 justus
2132 4214 2369 4276 multum,
2403 4229 2496 4268 nec
2523 4213 2673 4282 quasi
2699 4228 2790 4283 per
2807 4209 3113 4281 sapientiam
3134 4220 3334 4276 quaeras
3355 4218 3536 4273 super-

1938 4311 2066 4380 ﬂua,
2098 4324 2164 4362 ne
2190 4309 2335 4379 forte
2373 4307 2722 4376 obstupescas.
2767 4303 3111 4370 Quaecumque
3155 4297 3292 4352 enim
3335 4294 3538 4350 labora-

1937 4401 2065 4454 verit
2100 4399 2252 4454 homo
2280 4409 2335 4454 ut
2364 4398 2612 4469 requirat,
2641 4411 2742 4450 non
2771 4393 3012 4447 inveniet.
3045 4391 3104 4444 Si
3125 4390 3312 4444 dixerit
3333 4386 3540 4454 sapiens

1939 4509 1992 4546 se
2016 4492 2324 4562 intelligere,
2356 4491 2584 4559 reperire
2611 4503 2715 4542 non
2755 4485 2964 4556 poterit.
3009 4479 3111 4534 Cor
3136 4480 3273 4534 enim
3302 4477 3538 4547 ﬁliorum

235 4584 469 4652 pervenit
509 4600 667 4655 usque
691 4586 761 4639 ad
786 4585 941 4654 ﬁnem
963 4587 1226 4659 judicium
1253 4603 1271 4640 :
1309 4586 1432 4656 quia
1467 4586 1659 4653 impius
1705 4601 1833 4655 prte-
1861 4581 1914 4640 D
1940 4585 2201 4639 hominum
2227 4582 2478 4652 repletum
2511 4590 2584 4635 est
2605 4577 2804 4632 malitia
2831 4572 3062 4645 (Eccles.
3084 4587 3178 4639 vtt,
3207 4573 3271 4626 17
3296 4570 3462 4644 seqq.)
3486 4580 3534 4624 ο.

311 4751 335 4778 ιι
371 4741 645 4816 Duo‘mss.
688 4742 776 4798 hic
805 4754 858 4800 et
889 4744 1047 4816 paulo
1097 4757 1210 4814 p05!
1245 4743 1440 4798 minori
1472 4757 1698 4796 numero
1738 4741 1827 4812 qui

235 4813 593 4882 praphetabat.

307 4885 336 4923 ιι
376 4885 546 4939 Totus
597 4886 680 4940 hic
727 4888 879 4941 locus
931 4903 996 4941 ex
1027 4885 1173 4941 LXX
1209 4885 1463 4940 versione
1515 4883 1833 4948 desumptns

236 4956 369 5012 hinc
396 4957 524 5011 inde
567 4965 669 5017 est.
700 4975 806 5014 non
839 4969 899 5012 ut
931 4959 1190 5014 hodierna
1224 4957 1517 5022 prteferunt
1559 4954 1836 5023 exempla-

236 5029 336 5081 ria.
372 5029 543 5082 Purro
573 5031 888 5090 versiCulus.
924 5028 1097 5084 Filius
1142 5030 1306 5082 malus
1339 5029 1636 5097 jitstuiit_se
1685 5028 1834 5096 facit,

235 5109 342 5152 etc.
378 5099 536 5152 aliter
556 5099 625 5152 ab
647 5099 950 5170 Augustino
979 5101 1176 5168 legitur
1203 5094 1362 5169 epist.
1393 5099 1462 5154 93
1487 5116 1500 5153 :
1529 5094 1700 5170 Filius
1723 5114 1834 5170 mu-

238 5170 320 5221 lus
341 5171 449 5236 ipse
473 5186 527 5223 se
543 5169 749 5241 justum
765 5173 908 5231 dicit.
938 5172 1132 5225 exitum
1163 5179 1333 5223 autem
1350 5186 1499 5223 suum
1523 5185 1622 5222 non
1646 5169 1829 5241 abluit.

241 5241 411 5296 Abest
436 5240 616 5296 autem
649 5244 749 5298 iste
793 5243 1095 5298 versiculus
1120 5259 1150 5297 a
1182 5243 1425 5312 Vulgta,
1457 5253 1510 5296 et
1554 5242 1605 5294 in
1642 5240 1835 5296 Grteco

1937 4738 2195 4794 inseritur
2241 4752 2359 4806 cap.
2391 4737 2486 4800 ‘24,
2514 4746 2567 4806 et
2599 4735 2699 4788 sub
2731 4729 3046 4806 alio_capite
3073 4730 3161 4806 ξς),
3205 4729 3534 4806 versuduo-

1941 4811 2178 4873 decimo,
2221 4800 2379 4876 quem
2412 4806 2466 4860 in
2500 4805 2690 4861 Graeco
2739 4802 2946 4876 confer.
2984 4804 3038 4855 In
3080 4801 3265 4876 Veteri
3295 4800 3540 4876 editione

1940 4881 2102 4935 verba
2126 4870 2217 4934 sed
2233 4870 2445 4949 corripit
2465 4875 2623 4930 corda
2649 4875 2882 4928 omnium
2903 4871 3061 4938 Deus,
3095 4875 3369 4941 pastltmc,
3401 4870 3540 4924 lavat

1942 4958 2138 5006 exitum
2166 4967 2340 5014 suum,
2373 4955 2791 5019 postpununtstr.

2017 5034 2037 5061 ο
2087 5023 2231 5076 Valla
2245 5010 2431 5074 rsfe'd.
2457 5010 2643 5091 addit:
2675 5017 2900 5091 Explicit
2921 5010 3536 5091 _liber_primtts._Qttibtts

1941 5095 2120 5147 verbis
2167 5092 2428 5161 appendit
2478 5089 2720 5145 notulam
2756 5084 2785 5143 ἐ
2849 5108 2867 5141 t
2917 5084 3319 5161 l)_uorYrati_can_i
3378 5097 3535 5147 mss.,

1941 5165 2089 5290 I'Linit
2110 5158 2386 5290 stipiti-ieris
2418 5162 2530 5218 libri
2558 5178 2679 5235 pars
2717 5162 2904 5233 prima.
2939 5159 3133 5230 Incipit
3160 5158 3388 5227 ejusdem
3419 5171 3540 5228 pars

1941 5255 1968 5290 α
1995 5247 2124 5290 tera.
2171 5249 2310 5289 ινιτ.

1939 5236 2124 5292 altera.
2154 5236 2310 5290 Eutr.

236 5378 3527 5405 Μ

1346 5507 1689 5594 LIBER
1763 5504 2413 5598 SECUNDUS.

1692 5675 2083 5690 ρ*

311 5798 472 5874 741
503 5800 556 5854 1.
589 5798 919 5871 Sacriﬁcium
948 5800 1585 5873 proignorantia,errore,
1619 5805 1724 5851 etc.
1746 5825 1815 5835 —

1921 5793 2142 5850 Cnt'roe.
2187 5793 2351 5850 Multa
2400 5794 2620 5868 quidem
2648 5795 2716 5854 de
2749 5793 3044 5867 Scripturis
3076 5793 3280 5852 sanctis
3326 5806 3533 5849 meme.
