4036 6326
538 254 641 309 555
1648 250 1651 253 ⁷
1780 249 1836 304 8.
1881 247 2152 305 EUSEBII
2190 247 2572 304 HIERONYMI
3725 244 3822 300 555

531 368 667 421 riter
684 365 1007 433 copioseque
1025 364 1233 430 dixisti,
1250 374 1343 419 etn
1362 364 1516 434 quasi
1538 363 1865 433 quibusdam
1890 363 2127 417 nubibus
2156 368 2205 424 Α
2234 364 2471 417 membris
2492 364 2633 428 meis,
2664 374 3039 435 repugnantem
3060 363 3162 433 legi
3183 362 3363 417 mentis
3399 378 3540 429 metr,
3581 373 3630 417 et
3664 367 3821 436 captio

533 459 734 512 clarum
768 458 918 509 uisus
948 470 1009 509 es
1034 456 1282 510 veritatis
1305 456 1487 509 lumen
1511 455 1749 523 operire,
1781 452 1877 507 sed
1906 454 2033 523 quid
2065 452 2130 507 ad

534 553 685 606 rem?
713 550 805 605 His
838 552 981 605 enim
1013 552 1223 604 cunctis
1260 550 1590 605 testimoniis
1621 550 1825 604 videris
1850 550 2129 604 hominum

536 662 796 700 accusare
828 656 1075 699 naturam
1105 688 1120 709 ,
1168 660 1231 698 ac
1264 660 1358 714 per
1402 645 1505 698 hoc
1552 644 1809 697 invidiam
1842 642 2049 698 referre
2082 646 2131 697 in

538 741 743 805 Deum,
784 740 827 793 si
864 740 997 794 tales
1029 740 1281 794 homines
1337 738 1611 803 condidit,
1656 746 1711 791 ut
1766 738 2045 791 oblivione
2082 746 2137 791 et

534 832 859 902 ignorantia:
892 842 1110 902 peccato
1134 847 1324 886 carere
1359 847 1464 885 non
1498 831 1725 900 possint.
1766 830 1842 883 Ex
1874 846 1978 897 quo
2007 844 2134 898 per-

536 927 784 994 Spicuum
814 935 919 988 est,
959 924 1235 978 hominem
1281 938 1465 992 posse,
1502 923 1547 975 si
1580 922 1833 985 Voluerit,
1870 937 1976 974 non
2010 935 2136 989 pec-

538 1035 683 1073 care.
719 1018 774 1071 Id
806 1022 949 1071 enim
980 1018 1127 1080 fecit,
1157 1017 1301 1087 quod
1340 1021 1513 1071 vitare
1542 1031 1646 1068 non
1680 1015 1872 1083 potuit.
1916 1012 2017 1068 Ubi
2042 1029 2138 1066 au-

537 1123 646 1167 tem
680 1112 923 1166 aufertur
955 1113 1314 1181 possibilitas,
1344 1110 1591 1166 aufertur
1638 1118 1691 1163 et
1718 1109 1933 1172 vitium,
1979 1122 2139 1161 nemo

540 1210 683 1261 enim
717 1209 767 1261 in
796 1223 863 1263 eo
909 1207 1326 1272 condemnatur,
1370 1205 1515 1274 quod
1559 1203 1738 1257 facere
1789 1219 1895 1255 non
1941 1202 2136 1271 potuit.

542 1304 732 1355 Arrtc.
765 1300 920 1367 Szepc
952 1299 1062 1352 dixi
1100 1308 1150 1352 te
1183 1314 1289 1351 non
1333 1297 1641 1365 intelligere
1687 1303 1919 1348 conatus
1960 1308 2134 1355 meos,

540 1409 640 1446 nec
669 1391 1025 1445 considerare
1067 1390 1198 1460 quid
1230 1387 1664 1460 argumenteris;
1700 1386 1797 1441 sed
1828 1385 1953 1455 quid
1996 1385 2138 1439 Deus

532 1486 781 1555 jusserit.
824 1485 930 1539 Pro
963 1484 1262 1546 oblivione,
1314 1498 1503 1537 errore
1541 1489 1595 1535 et
1625 1480 1948 1549 ignorantia,
1986 1478 2135 1547 quasi

542 1594 641 1647 pro
672 1586 892 1646 peccato
917 1576 1220 1630 ochrtlutur
1247 1575 1511 1629 sacriticia
1544 1591 1557 1627 :
1587 1574 1702 1627 sive
1727 1572 1829 1625 hoc
1854 1571 1995 1625 male
2018 1570 2142 1639 jux-

540 1681 589 1725 ta
626 1680 699 1733 te,
732 1671 845 1724 sive
874 1670 1013 1724 bene
1039 1669 1192 1738 juxta
1222 1683 1334 1732 me,
1361 1668 1505 1721 Deus
1538 1665 1818 1734 praecepit.
1848 1663 2027 1717 Meum
2056 1671 2139 1716 est

2235 467 2437 509 vantem
2466 473 2546 510 me
2576 458 2629 509 in
2659 457 2767 529 lege
2794 458 3010 526 peccati,
3058 472 3173 525 quia
3198 465 3272 510 est
3311 458 3367 508 in
3408 456 3644 509 membris
3685 458 3823 511 meis.

2238 549 2399 603 Miser
2431 567 2522 620 ego
2549 550 2725 616 homo,
2752 552 2870 620 quis
2910 566 2989 602 me
3036 549 3272 602 liberabit
3300 548 3363 601 de
3389 564 3605 615 corpore
3654 551 3826 603 mortis

2237 643 2446 713 hujus?
2488 642 2671 695 Gratia
2714 640 2812 695 Dei
2867 658 2958 712 per
3005 640 3186 695 Jesum
3237 640 3501 695 Christum
3552 641 3831 695 Dominum

2237 745 2469 788 nostrum
2501 734 2676 803 (Rom.
2709 750 2811 799 vn,
2854 733 2923 787 2:).
2953 737 3143 803 seqq).
3178 732 3235 785 C.
3271 732 3547 786 PrOtulisti
3592 733 3833 786 testimo-

2236 830 2405 893 nium,
2433 827 2575 897 quod
2611 842 2707 895 pro
2740 843 2826 881 me
2862 826 3012 880 facit.
3064 825 3307 880 Liberali
3352 840 3482 893 ergo
3512 825 3579 879 de
3610 840 3833 893 corpore

2237 920 2395 987 hujus
2421 920 2610 973 mortis
2633 936 2730 988 per
2747 920 2977 989 gratiam
3011 918 3226 971 Domini
3254 917 3429 971 nostri
3452 915 3581 971 .lesu
3604 916 3830 981 Christi,

2239 1028 2579 1085 nequaquam
2635 1013 2773 1067 ultra
2835 1027 3062 1082 peccare
3118 1010 3399 1065 debemus.
3467 1010 3528 1062 Α.
3597 1009 3832 1064 Liberali

2236 1108 2455 1178 quidem
2478 1122 2668 1161 sumus
2693 1105 2963 1175 baptismo
2987 1102 3434 1160 Salvatoris.Sed
3461 1102 3514 1157 id
3541 1102 3674 1157 mihi
3695 1104 3833 1157 edis—

2238 1216 2382 1265 sere,
2414 1217 2582 1271 quare
2612 1199 2818 1255 dixerit
2850 1219 2862 1253 :
2910 1200 3069 1252 Video
3115 1198 3272 1251 aliam
3304 1199 3469 1269 legem
3504 1199 3558 1252 in
3600 1199 3835 1251 membris

2239 1297 2365 1350 meis
2394 1306 2763 1365 repugnantem
2794 1295 2893 1364 legi
2926 1294 3109 1347 mentis
3137 1308 3284 1357 mete,
3314 1300 3360 1345 et
3383 1292 3729 1359 captivantem
3763 1307 3837 1343 me

2236 1391 2289 1443 in
2318 1391 2425 1459 lege
2454 1389 2671 1456 peccati,
2696 1404 2809 1457 qua:
2837 1388 2889 1441 in
2916 1387 3155 1442 membris
3185 1388 3311 1440 meis
3338 1396 3430 1440 est.
3467 1385 3601 1454 Qua:
3632 1394 3717 1440 est
3739 1387 3837 1441 ista

2242 1484 2331 1539 lex
2372 1498 2605 1552 regnans
2637 1484 2688 1537 in
2724 1482 2984 1537 membris
3013 1481 3280 1546 hominis,
3315 1488 3371 1536 et
3402 1495 3715 1550 repugnans
3761 1479 3837 1533 le-

2242 1578 2293 1648 gi
2328 1578 2528 1631 mentis
2564 1577 2727 1645 ejus?
2755 1576 3045 1648 Responde
3068 1576 3417 1644 simpliciter.
3447 1575 3662 1631 Taces?
3693 1573 3835 1629 Audi

2244 1671 2495 1726 eumdem
2584 1671 2901 1741 Apostolum
2970 1670 3314 1739 apertissime
3378 1668 3761 1737 praedicantem
3820 1685 3831 1721 :

540 1764 838 1818 observare
867 1763 1009 1831 quod
1052 1762 1250 1831 jussit;
1289 1771 1436 1814 tuum
1486 1759 1581 1812 Dei
1626 1757 1777 1827 jussa
1830 1754 2134 1826 reprehen—

2244 1764 2395 1831 Quod
2434 1763 2566 1816 enim
2594 1779 2798 1831 operor,
2830 1778 2932 1815 non
2960 1777 3233 1831 cognosco.
3271 1759 3393 1813 Non
3429 1760 3556 1814 enim
3584 1759 3727 1829 quod
3752 1775 3837 1812 vo-

541 1856 693 1910 dere.
739 1854 798 1909 C.
840 1855 1106 1922 Quoniam
1138 1854 1242 1907 vim
1286 1853 1419 1906 lacis
1461 1852 1760 1920 perSpicuae
1790 1849 2031 1909 veritati,
2085 1858 2141 1902 et

543 1965 631 2004 me
664 1948 832 2002 trahis
878 1949 941 2001 ad
977 1946 1388 2017 blasphemiam,
1444 1944 1739 1999 concedam
1794 1943 1890 1996 tibi
1940 1942 2042 1995 hoc
2085 1941 2138 1994 in

542 2043 710 2094 veteri
739 2042 877 2109 Lege
908 2051 1263 2109 praeceptum,
1298 2037 1364 2091 de
1394 2052 1497 2106 qua
1529 2037 1791 2105 scriptum
1826 2043 1909 2088 est
1939 2052 1950 2086 :
1996 2032 2141 2085 Vete-

541 2151 600 2185 ra
629 2134 943 2185 transierunt
965 2148 982 2185 :
1006 2148 1121 2185 ecce
1144 2135 1285 2201 facta
1316 2139 1434 2182 sunt
1466 2131 1638 2181 omnia
1683 2143 1813 2180 nova
1842 2124 1909 2197 (ll
1937 2124 2060 2179 Cor.
2082 2142 2136 2191 v,

541 2228 652 2297 l7).
677 2226 945 2296 Numquid
969 2235 1022 2281 et
1041 2226 1107 2280 de
1129 2224 1426 2295 Evangelio
1455 2224 1656 2293 poteris
1681 2222 1782 2276 hoc
1811 2221 2136 2291 approbare,

545 2321 883 2388 utpuniatur
912 2319 1183 2389 quispiam
1217 2334 1316 2388 pro
1341 2334 1407 2371 eo
1454 2316 1599 2387 quod
1642 2317 1869 2381 nesciat,
1913 2325 1966 2368 et
2014 2322 2141 2369 ante

541 2428 730 2481 pceuas
764 2414 898 2475 luat,
926 2428 1086 2481 quam
1122 2428 1246 2466 reus
1270 2411 1340 2465 sit
1365 2410 1716 2465 conscientia:
1742 2409 1849 2481 [ΑΙ.
1880 2409 2139 2478 ignorau-

542 2508 631 2560 tize
662 2507 720 2579 ]?
747 2512 810 2560 Α.
848 2507 979 2560 Dum
1014 2507 1348 2576 ignoramus,
1375 2505 1707 2559 Manichacus
1736 2503 1892 2557 nobis
1915 2517 2142 2557 consur-

541 2601 618 2668 git
645 2610 890 2668 repente,
924 2600 1016 2665 qui
1051 2598 1248 2668 Legem
1278 2597 1410 2652 dicit
1434 2598 1715 2659 abolitam,
1749 2605 1804 2649 et.
1832 2596 1979 2649 solos
2020 2594 2143 2647 novi

544 2690 1167 2758 TestamentiJegendos
1197 2690 1387 2743 libros.
1420 2686 1478 2739 ϐ.
1514 2687 1651 2753 Quid
1685 2689 1829 2739 enim
1861 2701 1889 2736 a
1920 2702 2008 2738 me
2049 2700 2142 2737 au—

546 2780 757 2845 divisli,
790 2792 845 2833 ut
882 2780 986 2833 hoc
1015 2780 1301 2833 autumes?
1334 2780 1399 2833 Et
1429 2780 1536 2831 Lex
1578 2778 1722 2831 enim
1775 2777 2019 2845 patribus
2049 2776 2144 2829 da-

548 2878 623 2931 ta,
672 2885 768 2937 pro
815 2881 1059 2937 tempore
1092 2871 1264 2939 justa,
1315 2879 1368 2923 et
1418 2877 1607 2922 sancta
1640 2878 1745 2931 est,
1792 2879 1847 2921 et
1888 2868 2144 2922 veniente

548 2961 826 3031 Evangelii
880 2960 1231 3029 perfectione,
1288 2962 1477 3015 viliora
1523 2970 1830 3015 cessarunt.
1887 2960 1950 3012 Α.
2002 2960 2144 3028 Ergo

552 3067 890 3123 nequaquam
912 3052 1312 3107 observandum
1337 3062 1442 3119 est,
1462 3053 1605 3123 quod
1628 3053 1772 3122 Lege
1796 3053 2144 3122 prmcipitur?

2245 1857 2296 1910 lo
2315 1898 2328 1920 ,
2357 1871 2542 1923 operor
2578 1871 2595 1907 :
2622 1854 2712 1907 sed
2735 1854 2875 1924 quod
2904 1854 3011 1918 odi,
3033 1853 3168 1906 illud
3198 1854 3355 1923 facio.
3388 1851 3480 1907 Sin
3506 1859 3673 1903 autem
3702 1852 3838 1920 quod

2245 1950 2381 2012 nolo,
2410 1949 2503 2001 hoc
2531 1948 2687 2019 facio,
2719 1948 2981 2001 consentio
3000 1948 3123 2016 legi,
3143 1948 3383 2015 quoniam
3404 1944 3535 1998 bona
3562 1954 3656 2000 est.
3689 1943 3837 1999 Nunc

2244 2051 2413 2093 autem
2442 2056 2759 2109 nequaquam
2784 2056 2876 2109 ego
2898 2055 3085 2111 Operor
3102 2038 3255 2103 illud,
3286 2037 3376 2090 sed
3400 2037 3535 2106 quod
3564 2038 3619 2090 in
3650 2054 3725 2090 me
3754 2038 3838 2090 ha-

2245 2134 2391 2196 bitat,
2416 2142 2695 2201 peccatum.
2726 2132 2850 2185 Scio
2872 2132 3009 2185 enim
3031 2131 3167 2198 quod
3199 2146 3300 2183 non
3327 2130 3521 2182 habitat
3545 2130 3598 2182 in
3632 2146 3726 2193 me,
3752 2130 3835 2182 hoc

2245 2236 2317 2280 est
2347 2227 2401 2280 in
2427 2242 2581 2279 carne
2603 2241 2735 2289 mea,
2780 2225 2988 2279 bonum.
3054 2223 3202 2278 Velle
3247 2224 3382 2277 enim
3434 2223 3645 2295 adjacet
3694 2223 3832 2286 mihi,

2244 2322 2447 2389 operari
2491 2329 2662 2373 autem
2710 2320 2899 2372 bonum
2929 2335 3032 2371 non
3073 2319 3297 2371 invenio.
3345 2316 3469 2371 Non
3522 2319 3683 2382 enim,
3712 2318 3834 2385 quod

2244 2413 2376 2477 volo,
2410 2412 2617 2476 bonum,
2654 2412 2750 2465 hoc
2775 2428 2875 2481 ago
2895 2426 2914 2464 :
2935 2411 3025 2466 sed
3047 2410 3186 2480 quod
3211 2410 3350 2477 nolo,
3391 2411 3608 2474 malum,
3644 2412 3736 2463 hoc
3763 2415 3835 2481 fa-

2244 2506 2341 2557 cio.
2370 2505 2430 2559 Si
2451 2516 2621 2560 autem
2644 2505 2783 2574 quod
2804 2506 2946 2569 nolo,
2972 2505 3069 2558 hoc
3089 2522 3183 2577 ego
3204 2504 3362 2573 facio,
3397 2521 3722 2576 nequaquam
3748 2522 3832 2574 ego

2247 2613 2430 2663 operor
2461 2597 2614 2661 illud,
2643 2600 2733 2651 sed
2760 2597 2897 2667 quod
2923 2596 3121 2650 habitat
3161 2598 3214 2649 in
3245 2614 3323 2651 me
3353 2607 3625 2665 peccatum
3651 2595 3825 2667 (Ibid.,

2246 2688 2315 2742 15
2354 2687 2543 2758 seqq).
2587 2686 2647 2742 C.
2680 2689 2842 2742 Miror
2885 2698 2935 2743 te
2964 2689 3237 2744 hominem
3289 2688 3618 2758 prudentem
3656 2690 3733 2745 sic
3759 2690 3832 2743 in—

2247 2780 2493 2851 telligere
2518 2780 2863 2848 Apostolum,
2900 2791 2957 2835 ut
3007 2780 3180 2835 eumb
3213 2796 3279 2836 ex
3328 2795 3566 2850 persona
3621 2797 3739 2849 sua,
3784 2789 3831 2835 et

2246 2888 2352 2927 non
2394 2889 2459 2927 ex
2485 2874 2715 2927 aliorum
2760 2874 2875 2929 haec
2907 2873 3067 2946 743
3098 2876 3282 2930 dicere
3312 2875 3537 2929 sentias.
3575 2876 3677 2942 Qui
3700 2874 3828 2930 enim

2245 2966 2578 3021 conscientia
2609 2967 2659 3021 in
2689 2982 2746 3020 se
2772 2966 3043 3035 loquentis
3072 2968 3275 3022 Christi
3300 2969 3472 3023 libere
3495 2969 3791 3040 proclamat
3815 2986 3827 3025 :

2248 3058 2325 3113 An
2357 3059 2759 3129 experimentum
2804 3060 3031 3129 quaeritis
3071 3064 3205 3131 ejus,
3252 3062 3339 3130 qui
3382 3061 3435 3113 in
3495 3076 3581 3114 me
3621 3061 3830 3131 loquitur

549 3144 608 3198 C.
641 3145 899 3213 Quaedam
958 3145 1329 3209 observanda,
1376 3146 1622 3217 quaedam
1678 3148 2141 3215 prmtermittenda
2172 3128 2217 3191 (ἶ
2251 3151 2484 3206 Christus
2534 3152 2575 3223 (Ι
2621 3154 2742 3208 Cor.
2777 3128 2901 3215 stu,
2952 3153 3047 3221 5)?
3090 3128 3159 3207 lit
3191 3128 3393 3207 inralio
3438 3154 3598 3208 loco:
3633 3128 3830 3209 cursum

548 3248 698 3291 sunt.
734 3239 797 3290 A.
826 3237 1092 3304 Quoniam
1145 3250 1197 3295 te
1224 3239 1382 3295 video
1425 3255 1547 3295 esse
1595 3240 2005 3306 doctissimum,
2058 3241 2143 3295 dic

547 3330 680 3385 mihi
710 3346 831 3400 qua:
874 3330 940 3384 de
966 3333 1134 3385 veteri
1171 3332 1520 3387 Testamento
1562 3332 1859 3389 observare
1889 3334 2143 3399 debeam,

546 3433 601 3479 et
628 3440 749 3493 qua:
783 3424 1115 3493 relinquere.
1156 3422 1215 3478 C.
1245 3425 1493 3479 Mandata
1522 3425 1819 3480 observare
1854 3426 2140 3490 debemus,

546 3532 668 3586 qua:
709 3517 775 3570 ad
829 3517 993 3570 vitam
1026 3527 1080 3571 et
1111 3532 1293 3571 mores
1328 3519 1604 3586 pertinent
1633 3518 2018 3587 corrigendos,
2073 3518 2143 3574 de

548 3615 743 3684 quibus
772 3614 978 3669 dictum
1009 3624 1094 3668 est
1128 3631 1139 3667 :
1174 3613 1482 3667 Mandatum
1518 3612 1727 3668 Domini
1756 3614 1984 3667 lucidum
2019 3612 2143 3666 illu-

549 3707 750 3760 minans
780 3705 956 3760 oculos
1007 3705 1123 3777 (Ps.
1170 3722 1331 3770 xvm,
1376 3707 1455 3776 9).
1491 3706 1623 3773 Qua:
1666 3714 1846 3761 autem
1879 3706 1945 3759 ad
1976 3720 2141 3761 eiure—

548 3803 757 3855 monias
788 3802 967 3871 Legis,
1002 3810 1058 3856 et
1083 3802 1220 3855 ritus
1269 3801 1661 3855 sacriﬁciorum
1710 3801 2013 3869 pertinent,
2059 3816 2144 3855 re-

548 3895 842 3965 linquenda
875 3905 1022 3949 sunt.
1070 3896 1130 3950 Α.
1163 3895 1387 3965 Ignosce
1433 3895 1597 3958 mihi,
1631 3910 1754 3949 cum
1784 3894 1943 3965 Legis
1982 3893 2141 3965 742

547 3998 601 4045 et
620 3989 860 4043 omnium
888 3989 1295 4059 Scripturarum
1320 3988 1607 4044 scientiam
1628 3989 1867 4059 jactites,
1895 4005 2002 4043 non
2020 3992 2140 4043 ani-

547 4083 846 4137 madvertis
874 4083 1001 4152 quid
1032 4083 1191 4138 velim
1235 4082 1446 4138 dicere.
1481 4080 1538 4136 C.
1584 4081 1695 4136 lloc
1726 4083 1975 4151 intelligo
1998 4083 2139 4151 quod

548 4177 808 4246 loqueris,
841 4186 893 4229 et
922 4192 1028 4231 non
1073 4175 1219 4243 quod
1253 4185 1423 4229 taces.
1456 4175 1519 4228 Α.
1554 4174 1757 4231 Tacere
1804 4176 1897 4230 tibi
1928 4175 2137 4243 videor,

544 4270 636 4339 qui
668 4271 831 4322 tantis
860 4268 1130 4338 exemplis
1171 4267 1377 4323 docere
1409 4277 1461 4322 te
1492 4267 1658 4331 volui,
1695 4282 1926 4337 peccare
1967 4268 2141 4322 homi-

545 4378 667 4416 nem
698 4379 794 4431 per
826 4361 1189 4432 ignorantiam
1222 4381 1234 4414 :
1283 4371 1339 4416 et
1371 4376 1470 4430 pro
1509 4369 1752 4427 peccato,
1796 4370 1854 4414 ut
1894 4360 1946 4414 iu
1996 4360 2141 4431 Lege

545 4456 781 4520 hostias,
812 4455 884 4507 ita
930 4457 1063 4509 etin
1116 4454 1416 4526 Evangelio
1464 4452 1794 4508 offerendam
1847 4453 2141 4523 paenitudi-

545 4548 708 4603 nem?

617 4640 672 4694 ‘2.
715 4638 1026 4709 Exemplum
1056 4659 1082 4695 e
1123 4641 1198 4695 Ν.
1252 4641 1313 4695 Τ.
1364 4643 1418 4695 in
1449 4642 1683 4712 Apostoli
1712 4660 1948 4714 persona.
1974 4675 2043 4685 ——
2075 4642 2133 4699 C.

536 4737 612 4791 Da
648 4736 1016 4791 testimoiiium
1043 4738 1166 4791 novi
1190 4736 1567 4803 lustrumenti,
1597 4736 1685 4791 ubi
1718 4752 1874 4793 error
1905 4747 1959 4792 et
1984 4739 2137 4808 igno-

537 4830 739 4893 rantia,
773 4838 827 4883 et
854 4830 1266 4899 impossibilitas
1299 4830 1539 4885 mandati
1574 4840 1823 4885 teneatur
1866 4832 1917 4885 in
1946 4834 2134 4887 crimi-

536 4939 625 4978 ne.
656 4923 720 4976 A.
752 4922 866 4976 Non
898 4938 1121 4979 necesse
1153 4934 1234 4977 est
1260 4924 1427 4977 multa
1460 4922 1722 4993 proferre.
1752 4923 1928 4978 Unum
1956 4923 2136 4993 prole-

536 5031 678 5080 ram,
702 5015 786 5067 cui
810 5026 962 5069 certe
985 5014 1363 5069 contradicere
1391 5030 1497 5068 non
1527 5017 1755 5083 poteris.
1785 5016 1889 5069 Vas
1911 5016 2133 5071 electio-

540 5112 625 5163 nis
654 5108 936 5176 perspicue
964 5108 1203 5174 loquitur
1232 5126 1243 5161 :
1274 5106 1549 5161 Consentio
1572 5110 1706 5162 enim
1736 5109 1838 5179 legi
1866 5108 1959 5163 Dei
1982 5112 2131 5177 iuxta

534 5200 833 5256 interiorem
896 5198 1171 5252 hominem.
1225 5198 1385 5252 Video
1432 5208 1602 5253 autem
1657 5199 1814 5254 aliam
1864 5201 2025 5273 legem
2075 5203 2127 5254 in

612 5350 635 5377 α
663 5341 825 5408 Quasi
848 5342 1157 5410 quibusdam
1177 5343 1634 5398 nubibus.Sensus
1656 5342 1879 5395 omnino
1903 5342 2139 5405 liquidus

534 5427 693 5478 quem
730 5414 961 5467 retinent
994 5427 1122 5466 mss.
1157 5415 1410 5469 codices:
1445 5415 1592 5468 illum
1633 5414 1853 5467 minime
1900 5415 2135 5466 assecuti

536 5481 806 5536 Marianus
856 5494 910 5538 et
949 5485 1065 5547 alii,
1128 5486 1227 5539 hoc
1284 5486 1445 5539 modo
1497 5486 1676 5554 legere
1708 5483 1997 5535 voluerunt
2026 5501 2038 5534 :
2067 5482 2133 5537 Et

538 5555 687 5621 quasi
718 5555 1027 5621 quibusdam
1056 5557 1301 5609 discitssis
1326 5553 1566 5614 nubibus,
1594 5556 1792 5606 clarum
1819 5553 1956 5606 visus
1979 5569 2030 5606 es
2052 5570 2136 5607 ve-

537 5625 705 5678 ritatis
736 5627 909 5680 lumen
933 5627 1155 5695 aperire.
1187 5628 1444 5681 Erasmus
1466 5624 1807 5748 liabeiivisus
1837 5637 1935 5689 pro
1966 5625 2132 5679 nisus.

1666 5708 1879 5747 ABTIAN.

1666 5708 1879 5747 ABTIAN.

610 5761 635 5799 δ
660 5763 794 5819 Vide
823 5750 882 5822 S.
912 5768 1271 5838 Augustinum
1306 5769 1358 5823 in
1392 5750 1695 5823 Retraetat.
1723 5770 1777 5821 et
1797 5764 1972 5835 Opere
2006 5780 2135 5822 cou-

2246 3248 2614 3312 consummavi,
2644 3248 2797 3315 ﬁdem
2824 3248 3040 3309 servavi,
3067 3248 3129 3302 de
3152 3259 3335 3302 ctelero
3359 3249 3590 3319 reposita
3620 3258 3691 3303 est
3721 3247 3832 3301 mihi

2246 3356 2435 3394 corona
2455 3342 2675 3413 justitia:
2705 3340 2773 3412 (ll
2801 3340 2937 3394 Tim.
2974 3356 3053 3405 ιν,
3086 3341 3140 3408 7,
3170 3340 3230 3409 8)
3258 3358 3270 3395 :
3308 3342 3408 3395 iste
3440 3342 3540 3395 hoc
3574 3340 3645 3397 de
3674 3354 3730 3395 se
3753 3338 3827 3393 di-

2246 3450 2370 3489 cere
2399 3444 2610 3503 poterat
2641 3476 2656 3500 ,
2692 3434 2910 3501 Operari
2950 3438 3133 3488 bonum
3171 3449 3272 3488 non
3299 3435 3539 3488 invenio?
3585 3444 3639 3491 et
3671 3476 3685 3501 ,
3720 3432 3828 3487 Non

2243 3526 2382 3598 quod
2407 3528 2540 3591 volo,
2570 3526 2776 3592 bonum,
2818 3527 2913 3579 hoc
2940 3527 3076 3594 facio
3105 3542 3123 3580 :
3161 3528 3251 3581 sed
3276 3527 3413 3596 quod
3442 3528 3588 3592 nolo,
3627 3527 3825 3589 malum,

2246 3620 2340 3673 hoc
2364 3619 2503 3687 ago?
2532 3618 2669 3684 Quid
2710 3618 2843 3671 illud
2876 3628 2996 3672 erat
3025 3619 3175 3683 boni,
3209 3618 3352 3687 quod
3385 3618 3611 3673 volebat
3640 3618 3827 3679 facere,

2245 3722 2299 3767 et
2325 3726 2431 3765 non
2463 3713 2713 3780 poterat?
2747 3710 2813 3765 Et
2852 3711 2978 3781 quid
3012 3711 3145 3765 illud
3173 3719 3288 3766 erat
3319 3711 3465 3776 mali,
3499 3710 3647 3781 quod
3688 3708 3827 3764 nole—

2244 3805 2355 3871 bat,
2389 3815 2442 3858 et
2473 3815 2650 3858 tamen
2685 3803 2860 3858 vitare
2892 3819 2996 3858 non
3032 3804 3291 3873 poterat?
3324 3803 3468 3873 Ergo
3502 3818 3613 3859 non
3642 3819 3707 3859 ex
3738 3816 3821 3856 sua

2246 3915 2475 3969 persona
2510 3900 2612 3953 hoc
2640 3898 2804 3953 dicit:
2837 3898 2931 3952 sed
2972 3914 3039 3953 ex
3085 3912 3316 3967 persona
3345 3896 3564 3968 generis
3598 3894 3824 3956 humani,

2244 4008 2365 4062 qua:
2400 3993 2541 4047 vitiis
2571 3992 2814 4062 subjacet
2844 3992 2913 4046 ob
2940 3992 3123 4046 carnis
3152 3990 3523 4061 fragilitatem.

2318 4088 2367 4141 5.
2415 4084 2498 4139 Ea;
2537 4089 2685 4155 cujus
2725 4102 2947 4151 persona
2988 4083 3188 4138 Paulus
3227 4086 3431 4139 locutus
3478 4086 3543 4139 sit
3593 4083 3826 4146 aliudque

2244 4179 2355 4248 ejus
2386 4177 2747 4233 testimonium.
2774 4205 2845 4215 —
2884 4177 2945 4228 Α.
2980 4174 3175 4230 Parum
3213 4175 3344 4229 mihi
3378 4174 3544 4239 tollis,
3576 4185 3631 4229 ut
3662 4180 3822 4228 totum

2244 4272 2472 4326 tribuas.
2507 4271 2615 4337 Ego
2645 4270 2791 4324 enim
2822 4286 2984 4324 unum
3010 4270 3307 4335 hominem,
3341 4269 3464 4324 licet
3493 4264 3818 4336 Apastolum,

2245 4364 2487 4433 intelligo
2511 4362 2619 4434 [ΑΙ.
2649 4361 3044 4433 iutelligebamj
3075 4361 3360 4431 subjacere
3392 4369 3627 4430 peceato,
3659 4366 3713 4411 tu
3741 4363 3823 4409 to-

2246 4465 2359 4509 tum
2401 4454 2691 4508 humanum
2721 4468 2893 4523 genus
2932 4453 3155 4507 asseris.
3185 4450 3340 4518 Quod
3372 4453 3416 4506 si
3446 4464 3630 4506 verum
3669 4455 3751 4502 est
3776 4446 3822 4500 in

2245 4564 2467 4619 genere,
2489 4558 2739 4603 tenemus
2760 4557 2815 4602 et
2836 4548 3097 4616 speciem.
3126 4546 3259 4601 Nam
3278 4558 3331 4601 et
3356 4546 3647 4616 Apostolus
3670 4544 3824 4598 homo

2246 4652 2323 4696 est
2343 4659 2355 4705 ;
2377 4654 2427 4695 et
2447 4642 2492 4695 si
2510 4644 2671 4695 homo
2690 4650 2794 4707 est,
2811 4640 2896 4694 vel
2912 4640 3134 4705 dealiis,
3161 4640 3246 4695 vel
3261 4639 3328 4693 de
3342 4656 3400 4694 se
3413 4641 3567 4710 quasi
3584 4642 3739 4694 homo
3752 4637 3823 4690 lo-

2242 4736 2450 4805 quitur:
2472 4734 2631 4789 Miser
2642 4750 2734 4804 ego
2745 4733 2921 4798 homo,
2936 4739 3047 4803 quis
3061 4750 3139 4787 me
3155 4734 3384 4788 liberabit
3398 4734 3463 4787 de
3478 4750 3687 4806 corpore
3699 4747 3823 4785 mor-

2243 4829 2305 4882 tis
2318 4828 2508 4893 huius?
2524 4826 2617 4880 Et:
2642 4827 2902 4893 Quoniam
2916 4843 3015 4879 non
3029 4827 3227 4881 habitat
3244 4828 3295 4880 in
3310 4843 3405 4892 me,
3423 4826 3520 4881 hoc
3534 4838 3633 4891 est,
3649 4828 3701 4879 in
3717 4840 3821 4879 car—

2243 4939 2304 4977 ne
2321 4939 2453 4986 mea,
2473 4921 2661 4975 bonum
2690 4920 2868 4987 (Rom.
2898 4936 2991 4987 vn,
3023 4920 3524 4992 24).Corruptibile
3550 4921 3692 4975 enim
3706 4932 3819 4971 cor-

2242 5032 2341 5088 pus
2362 5024 2619 5087 aggravat
2642 5015 2900 5082 animam,
2936 5015 3190 5084 Deprimit
3227 5025 3427 5069 terrena
3452 5014 3698 5069 habitatio
3713 5026 3821 5065 sen-

2239 5127 2351 5165 sum
2378 5111 2538 5163 multa
2583 5121 2604 5149 °
2646 5120 2907 5164 curantem
2952 5109 3129 5180 (Rom.
3166 5126 3240 5175 Ix,
3272 5111 3386 5179 15).
3421 5109 3481 5165 (Σ.
3526 5110 3613 5165 Sic
3645 5108 3819 5177 loque-

2239 5204 2334 5269 ris,
2376 5203 2529 5273 quasi
2561 5218 2661 5273 ego
2692 5202 2794 5258 hoc
2820 5218 2887 5259 ex
2919 5218 3153 5275 persona
3180 5204 3404 5273 generis
3442 5202 3660 5258 humani
3688 5196 3819 5254 acri.

2246 5353 2327 5397 tra
2354 5344 2632 5398 lulianum
2661 5345 2854 5411 primo,
2888 5345 2978 5398 ubi
3010 5344 3155 5399 hunc
3196 5358 3441 5408 sensum,
3477 5358 3633 5414 quem
3675 5340 3817 5396 Pela-

2243 5415 2383 5475 giani
2414 5417 2692 5483 proposito
2724 5416 2870 5468 Pauli
2907 5417 3029 5470 loco
3063 5416 3392 5471 tribuebant.
3434 5425 3488 5467 et
3530 5429 3683 5484 quem
3714 5414 3818 5479 ipse

2243 5485 2295 5539 iu
2346 5488 2615 5556 prioribus
2661 5488 2773 5540 suis
2802 5486 3304 5542 elucubratiouibus
3354 5484 3815 5553 fueratamplexa-

2243 5566 2348 5621 tus,
2388 5558 2629 5621 pluribus
2663 5558 2959 5627 impugnat.

2317 5640 2337 5665 ε
2385 5629 2655 5681 Victorius
2701 5621 2864 5681 inulla
2903 5630 3205 5698 cogitantem
3249 5643 3315 5682 ex
3359 5626 3630 5682 Brixianis
3660 5621 3811 5679 codd.

2241 5710 2292 5755 et
2330 5700 2522 5755 Graeco
2548 5706 2662 5755 νοῦν
2691 5699 3063 5771 πολυφρόντιδα
3081 5741 3095 5767 ,
3122 5708 3183 5789 ttl
3210 5698 3325 5769 ipse
3356 5698 3609 5769 explicat.
