4054 6386
65 383 116 690 gi

66 799 72 850 l

66 868 84 946 ξ

67 953 75 1008 .1

160 385 277 441 537

1089 388 1432 448 DIALOGUS
1468 388 1838 449 ADVERSUS
1878 392 2336 452 PELAGIANOS.
2377 394 2506 450 LIB.
2538 395 2601 449 ll.

3373 401 3477 459 558

160 504 346 574 piam,
378 515 434 562 et
460 521 566 562 non
586 522 650 562 ex
671 521 904 576 persona
923 510 1227 580 peccatoris
1249 509 1358 582 [ΑΙ.
1379 509 1774 582 peccatorum].
1807 513 1856 572 Α
1887 513 2174 584 omnisque
2200 521 2451 569 creatura
2476 524 2700 584 peccato
2717 516 2983 588 subiacet,
3012 526 3069 573 et
3092 514 3298 588 indiget
3321 520 3481 577 mise-

158 598 232 653 Α.
271 598 344 652 Et
377 599 498 668 quis
530 598 626 653 tibi
660 599 762 654 hoc
803 600 1084 668 concedet,
1111 611 1169 656 ut
1211 617 1278 657 ex
1321 616 1551 671 persona
1591 616 1783 672 pecca-

157 688 311 744 toris
348 690 452 746 hoc
483 691 734 762 loquatur
763 692 1099 762 Apostolus?
1139 693 1196 750 Si
1240 694 1386 750 enim
1427 710 1492 749 ex
1545 710 1778 765 persona

154 783 488 854 peccatoris
529 785 632 839 hoc
680 786 905 856 accipis,
938 787 1175 843 debebat
1218 788 1444 844 dicere:
1488 789 1648 843 Miser
1680 804 1782 858 ego

155 890 458 948 peccator,
489 891 544 936 et
577 897 706 948 non,
739 885 892 938 miser
920 901 1011 956 ego
1040 885 1212 939 homo.
1257 885 1430 939 Homo
1459 887 1658 955 quippe
1683 900 1777 938 na-

154 981 310 1028 tura:
340 985 462 1038 est,
497 987 751 1046 peccator
797 977 1123 1032 voluntatis.
1173 978 1287 1034 Nisi
1340 977 1479 1033 forte
1518 987 1573 1033 et
1612 978 1776 1041 illud,

67 1077 73 1122 ζ
152 1066 312 1136 quod
348 1068 621 1138 scriptum
647 1078 765 1125 est:
799 1070 1019 1126 Vanitas
1043 1073 1328 1126 vanitatum
1371 1080 1418 1124 et
1445 1073 1615 1125 omnia
1639 1072 1782 1125 vani-

153 1171 238 1215 tas
275 1160 519 1232 (Eccles.
553 1179 600 1228 ι,
632 1163 715 1233 2),
745 1165 814 1218 ad
845 1175 1159 1233 peccatores
1187 1166 1443 1230 refertur,
1482 1173 1536 1220 et
1573 1178 1679 1219 non
1713 1164 1778 1220 ad

155 1270 369 1311 omnes
403 1255 680 1312 homines.
714 1258 785 1314 Et
809 1259 1009 1314 iterum
1037 1278 1049 1313 :
1092 1258 1448 1314 Verumtamen
1477 1259 1532 1312 in
1558 1259 1781 1329 imagine

159 1356 186 1383 ει
233 1349 640 1416 perambulabat
679 1350 831 1405 homo
875 1352 992 1420 (Ps.
1025 1368 1265 1418 xxxviii,
1311 1350 1396 1423 7);
1437 1365 1500 1406 ac
1530 1349 1733 1405 deinde
1767 1368 1779 1405 :

161 1440 352 1495 Homo
396 1445 611 1497 vanitati
656 1446 971 1499 assimilatas
1003 1455 1104 1508 est,
1149 1446 1256 1499 dies
1293 1446 1406 1515 ejus
1439 1443 1572 1499 velut
1598 1444 1778 1497 umbra

156 1543 538 1602 pertranseunt
568 1535 686 1609 (Ps.
715 1552 908 1602 cum,
954 1535 1032 1608 4).
1067 1535 1123 1593 Si
1151 1538 1252 1591 hoc
1284 1536 1436 1591 Pauli
1467 1536 1778 1592 testimonio

156 1643 273 1684 non
318 1629 585 1696 moveris,
635 1630 757 1684 audi
801 1631 945 1685 aliud
992 1630 1236 1700 ejusdem
1269 1630 1361 1686 cui
1399 1631 1777 1686 contradicere

154 1737 274 1776 non
303 1731 500 1793 potes:
532 1721 684 1777 Nihil
723 1723 852 1777 mihi
879 1725 1118 1779 conscius
1147 1741 1292 1789 sum,
1325 1735 1380 1780 et
1423 1734 1623 1779 cmtera
1657 1722 1683 1760 b
1720 1723 1777 1796 (l

155 1815 286 1870 Cor.
322 1832 402 1883 tv,
434 1815 514 1888 4).
546 1816 677 1872 Mire
709 1835 722 1872 :
768 1833 869 1873 nec
899 1819 1166 1887 meipsum
1204 1819 1390 1888 judico
1424 1838 1436 1873 :
1474 1819 1605 1872 nihil
1641 1818 1773 1872 mihi

1883 604 2120 660 ricordia
2152 605 2269 673 Dei,
2297 606 2513 662 dicente
2541 606 2817 678 Scriptura
2847 627 2862 664 τ
2906 609 3271 664 Misericordia
3299 608 3483 665 Domi-

1883 699 1935 752 ni
1953 700 2109 771 plena
2136 710 2210 754 est
2243 708 2379 754 terra
2409 699 2529 771 (Ps.
2566 718 2741 764 χχχιι,
2768 703 2823 769 5,
2857 714 2905 756 et
2930 718 3130 771 cxvm,
3164 702 3282 774 64).
3323 703 3392 759 Ει
3415 719 3482 760 ne

1882 793 2036 862 quasi
2070 793 2306 846 maculas
2348 793 2608 863 quasdam
2641 794 2694 849 in
2738 796 2939 850 sanctis
2966 796 3097 850 viris
3133 795 3326 851 videar
3362 812 3485 866 per-

1882 887 2136 952 scrutari,
2170 887 2222 939 iu
2251 886 2447 955 quibus
2471 902 2662 942 errore
2687 895 2816 942 sunt
2843 887 2950 960 [Αι.
2975 888 3104 960 sint]
3128 888 3284 958 lapsi,
3312 903 3481 958 pauca

1883 976 2173 1046 proferam,
2209 993 2327 1046 qua:
2360 993 2464 1033 non
2506 979 2572 1033 ad
2623 979 2907 1048 singulos,
2955 979 3051 1034 sed
3098 979 3164 1035 ad
3205 995 3397 1036 omnes
3427 982 3480 1036 in

1881 1084 2168 1125 commune
2223 1071 2550 1140 pertineant.
2603 1072 2659 1126 In
2718 1072 2996 1127 tricesimo
3043 1073 3220 1144 primo
3273 1075 3480 1144 psalmo

1881 1162 2062 1234 (Vers.
2095 1163 2150 1236 5)
2183 1165 2445 1234 scriptum
2483 1174 2605 1220 est:
2644 1165 2796 1233 Dixi,
2829 1167 3178 1237 pronuntiabo
3207 1168 3479 1223 adversum

1881 1273 1961 1310 me
1980 1257 2290 1323 injustitiam
2311 1274 2478 1312 meam
2517 1257 2761 1323 Domino,
2792 1268 2839 1313 et
2871 1268 2923 1312 tu
2964 1259 3206 1314 dimisisti
3245 1261 3483 1330 impieta-

1881 1361 1980 1403 tem
2011 1349 2181 1402 cordis
2220 1350 2339 1403 mei.
2382 1349 2688 1419 Statimque
2736 1350 2989 1419 sequitur
3020 1368 3032 1402 :
3068 1348 3176 1404 Pro
3216 1351 3332 1415 hac,
3380 1351 3485 1405 hoc

1882 1452 1984 1505 est,
2014 1441 2311 1510 impietate,
2343 1441 2458 1495 sive
2487 1443 2770 1508 iniquitate
2801 1443 3118 1512 (utrumque
3144 1444 3290 1497 enim
3325 1443 3484 1497 intel-

1881 1535 1969 1605 ligi
1997 1535 2195 1606 potest)
2221 1535 2386 1590 orabit
2413 1534 2482 1588 ad
2508 1545 2554 1588 te
2583 1536 2750 1589 omnis
2779 1545 2989 1590 sanctus
3026 1537 3078 1589 in
3128 1546 3352 1607 tempore
3390 1553 3482 1607 op-

1882 1639 2124 1700 portuno.
2158 1627 2212 1684 ει
2240 1635 2463 1683 sanctus
2486 1637 2600 1694 est,
2622 1627 2896 1697 quomodo
2924 1636 3044 1682 orat
3089 1641 3188 1699 pro
3229 1627 3483 1699 iniquita-

1883 1722 1971 1778 te?
2001 1722 2058 1778 Si
2089 1722 2429 1792 iniquitatem
2465 1719 2651 1785 habet,
2684 1735 2789 1790 qua
2814 1721 3021 1776 ratione
3041 1730 3262 1776 sanctus
3297 1721 3483 1791 appel-

1881 1817 2056 1872 latur?
2085 1816 2242 1871 Juxta
2273 1815 2422 1869 illum
2453 1814 2709 1870 videlicet
2753 1813 3000 1879 modum,
3045 1815 3135 1885 qui
3167 1823 3222 1871 et
3269 1816 3322 1870 in
3371 1817 3481 1871 alio

156 1908 424 1964 conscius
454 1923 598 1976 sum,
633 1926 732 1965 nec
783 1919 962 1966 tamen
993 1910 1160 1983 744
1198 1912 1251 1966 in
1302 1911 1404 1966 hoc
1443 1911 1771 1981 justifieatus
1801 1893 1850 1953 Β
1878 1911 1996 1964 loco
2023 1911 2315 1965 scribitur;
2346 1909 2546 1980 Septies
2571 1908 2717 1962 cadet
2742 1907 2852 1980 [AL
2896 1908 3058 1980 cadit}
3093 1911 3288 1980 justus,
3323 1919 3370 1963 et
3399 1927 3482 1965 re-

155 2016 305 2058 sum.
337 2001 446 2069 Qui
483 2004 585 2057 hoc
635 2004 870 2067 diccbat,
923 2006 1132 2059 nullius
1184 2006 1368 2073 utique
1414 2006 1618 2072 peccati
1669 2005 1768 2057 sibi

156 2095 422 2149 ccnscius
450 2103 587 2150 erat.
619 2095 725 2151 Sed
751 2097 874 2166 quia
914 2097 1119 2166 legerat
1148 2139 1162 2163 ,
1197 2096 1396 2151 Delicta
1435 2097 1547 2167 quis
1575 2097 1761 2149 intelli-

155 2187 225 2256 git
250 2185 376 2255 (Ps.
411 2204 580 2252 xvut,
612 2187 702 2260 l3)
729 2189 753 2242 ?
787 2189 853 2244 Et
882 2206 896 2242 :
947 2189 1084 2244 Sunt
1129 2191 1225 2243 via:
1248 2205 1361 2259 qute
1387 2189 1626 2243 videntur
1664 2190 1772 2241 viro

146 2283 336 2353 justas,
364 2282 648 2336 novissima
677 2295 845 2337 autem
869 2300 1050 2338 catum
1077 2285 1357 2354 respiciunt
1378 2285 1432 2337 in
1454 2283 1771 2354 profundunt

152 2375 356 2445 inferni
382 2373 574 2446 (Prov.
603 2392 714 2443 xw,
749 2377 862 2446 1‘2).
895 2377 960 2431 Et
993 2378 1188 2432 iterum
1221 2394 1234 2430 :
1267 2376 1445 2431 Omnis
1475 2377 1551 2429 vir
1573 2376 1773 2429 videtur

155 2467 255 2522 sibi
272 2472 487 2540 justus,
518 2467 658 2522 Deus
687 2480 857 2523 autent
887 2471 1044 2524 corda
1073 2469 1340 2524 hominum
1375 2469 1551 2540 dirigit
1586 2467 1770 2540 (Prov.

156 2577 282 2628 nt,
318 2561 414 2631 4);
449 2561 656 2617 idcirco
687 2565 1026 2635 temperabat
1049 2564 1393 2630 sententiam,
1421 2580 1486 2617 ne
1512 2563 1651 2616 forte
1678 2577 1772 2632 per

160 2653 537 2722 ignorantiam
566 2653 905 2724 deliquisset,
940 2655 1176 2710 maxime
1198 2670 1320 2710 cum
1351 2654 1634 2722 Scriptura
1667 2664 1772 2708 tes-

161 2753 302 2801 tctttr
333 2764 349 2801 :
385 2745 484 2800 Est
519 2747 717 2817 justus,
741 2749 828 2818 qui
857 2749 986 2818 perit
1007 2749 1061 2801 in
1078 2749 1287 2820 justitia
1334 2762 1426 2800 sua
1459 2744 1628 2811 (Eccl.
1661 2760 1766 2811 vn,

125 2869 134 2872 -
164 2839 271 2910 16).
310 2838 381 2893 Ει
412 2838 545 2893 alibi
573 2857 590 2894 :
620 2839 770 2894 Iuste
795 2841 934 2910 quod
953 2843 1157 2914 justum
1187 2849 1258 2894 est
1284 2838 1556 2892 sectaberis
1585 2836 1767 2906 (Deut.

163 2948 286 2999 xvi,
318 2932 439 3003 20),
485 2949 558 2987 ne
597 2933 854 3003 opiniooe
899 2945 919 2972 ε
955 2934 1200 2988 veritatis
1235 2950 1260 2984 a
1289 2933 1495 3003 justitia
1527 2930 1767 2986 decline-

163 3039 302 3091 mus,
340 3025 696 3082 recordantes
728 3026 910 3082 Saulis
947 3035 1002 3081 et
1025 3029 1194 3096 Agag.

230 3119 286 3175 4.
335 3119 534 3174 Plures
556 3124 732 3193 justos
757 3138 886 3186 esse,
921 3123 1172 3176 neminem
1203 3122 1312 3175 sine
1347 3130 1576 3190 peccato.
1611 3151 1680 3160 ——-
1704 3119 1763 3172 C.

163 3209 238 3266 Nc
261 3212 612 3268 contendere
643 3213 848 3278 videar,
893 3222 948 3268 et
989 3215 1040 3267 in
1087 3213 1361 3267 diversum
1390 3212 1593 3282 absque
1619 3227 1770 3266 men-

164 3315 284 3357 sura
317 3304 513 3360 funem
540 3306 780 3371 trahere,
804 3306 996 3359 saltem
1030 3304 1131 3358 hoc
1161 3305 1290 3359 mihi
1315 3302 1338 3340 d
1369 3304 1628 3369 concede,
1657 3304 1770 3374 jus-

167 3401 244 3447 tos
275 3396 327 3448 in
359 3394 671 3463 Scripturis
715 3395 982 3464 plurimos
1010 3395 1291 3466 appellari.
1335 3396 1396 3449 Α.
1448 3395 1561 3449 Non
1595 3395 1768 3448 solum

166 3487 456 3556 plurimos,
494 3488 593 3544 scd
644 3489 1088 3544 innumerabiles.
1137 3489 1195 3544 C.
1246 3489 1303 3546 Si
1344 3489 1768 3544 innumerabiles

165 3580 289 3649 justi
320 3593 492 3646 sunt,
532 3591 587 3635 et
627 3582 730 3637 hoc
758 3583 941 3653 negari
973 3597 1076 3637 non
1110 3583 1298 3653 possit,
1343 3581 1471 3652 quid
1506 3581 1650 3636 male
1691 3581 1789 3640 lo-.

168 3683 314 3728 cutus
336 3690 482 3739 sum,
519 3689 680 3743 posse
701 3689 821 3730 esse
850 3674 1126 3730 hominem
1157 3676 1274 3730 sine
1315 3685 1557 3745 peccato,
1599 3675 1641 3729 si
1676 3689 1766 3728 ve-

169 3765 262 3820 lit?
292 3769 406 3824 lloc
451 3776 545 3825 est
569 3769 691 3824 aliis
720 3769 905 3825 verbis
945 3770 1148 3837 dicere,
1184 3784 1344 3839 posse
1385 3769 1592 3838 justum
1640 3768 1759 3823 sine

169 3875 381 3929 peccato
419 3878 570 3930 esse,
607 3863 657 3917 in
688 3877 754 3918 eo
784 3864 926 3934 quod
964 3864 1138 3930 justus
1181 3872 1282 3918 est.
1319 3864 1381 3917 A.
1413 3863 1596 3918 Justos
1639 3876 1763 3917 esse

171 3955 426 4022 concedo,
462 3957 591 4012 sine
612 3956 758 4011 omni
787 3967 968 4012 autem
999 3966 1224 4027 peccato
1262 3958 1485 4012 omnino
1531 3972 1636 4010 non
1679 3969 1765 4010 as—

169 4049 389 4103 sentior.
423 4057 446 4085 θ
477 4050 697 4104 Etenim
739 4050 946 4118 absque
977 4051 1128 4116 vitio,
1161 4050 1304 4120 quod
1345 4051 1533 4106 Graece
1564 4050 1764 4105 dicitur

169 4145 328 4209 κακία,
357 4144 640 4198 hominem
669 4157 832 4213 posse
859 4158 980 4196 esse
1003 4143 1090 4197 aio
1121 4162 1134 4196 ε
1173 4146 1549 4222 ἀναμάρτητον,
1597 4143 1648 4197 id
1681 4154 1767 4198 est

172 4233 272 4287 sine
295 4247 504 4307 peccato
539 4251 682 4303 esse,
715 4249 874 4304 nego,
920 4235 969 4286 id
1018 4237 1160 4289 enim
1192 4237 1290 4289 soli
1327 4237 1436 4290 Dvo
1481 4240 1757 4307 competit,

241 4406 267 4434 °
322 4397 576 4452 Vatican.
630 4403 685 4449 et
728 4393 1027 4456 Victorius,
1055 4396 1349 4465 (pertransit
1385 4411 1504 4450 cum
1544 4398 1763 4465 Vulgata

173 4467 297 4548 edit.
329 4481 383 4524 ct
413 4469 610 4524 Graeco
636 4466 1014 4542 διαπορεύεται.
1049 4464 1330 4519 Erasmum
1356 4470 1603 4536 sequitur
1627 4464 1763 4523 Mar-

177 4547 421 4594 Itan-.uus.

240 4581 621 4680 l'tuliiwlieginte
658 4624 771 4680 ms.
808 4617 862 4662 et
897 4609 1069 4680 veteri
1113 4606 1351 4662 editione
1377 4607 1594 4680 additur
1624 4625 1767 4664 reco-
1792 4581 1846 4640 D

174 4679 322 4733 lenda
358 4679 483 4733 dicit
523 4679 829 4734 testimonia.
889 4680 943 4733 In
994 4679 1103 4733 alio
1151 4688 1331 4732 autem
1379 4679 1636 4732 Vaticano
1686 4684 1766 4735 sic

178 4753 407 4806 nectitur
437 4753 620 4818 locus,
652 4750 805 4822 Nihil
829 4751 955 4804 mihi
1001 4751 1238 4804 conscius
1259 4767 1395 4815 sum,
1436 4767 1529 4803 nec
1578 4768 1658 4804 me
1686 4753 1764 4822 ip-

177 4836 280 4876 sum
298 4824 508 4895 judico,
533 4833 666 4886 etc.,
690 4821 912 4895 omissis
941 4839 1062 4893 qua:
1095 4824 1517 4895 interscrttntnr.

246 4904 266 4930 θ
300 4893 569 4949 Fortasse
598 4894 777 4949 verius
801 4893 974 4948 Valic.
1009 4893 1248 4962 puritatis
1295 4895 1426 4963 legit
1457 4908 1552 4961 pro
1581 4894 1763 4947 verita-

181 4963 258 5016 tis.
284 4965 402 5019 Mox
428 4976 607 5020 autem
638 4981 738 5036 pro
776 4966 919 5036 Agag
970 4966 1206 5025 nomine,
1243 4967 1384 5035 quod
1423 4966 1764 5036 reposuimus

180 5047 385 5105 class,
421 5035 684 5092 hactenus
730 5035 1057 5100 obtinuerat,
1092 5035 1294 5103 Achan,
1332 5036 1487 5105 enjus
1541 5035 1762 5090 historia

184 5101 262 5157 hic
289 5101 508 5161 minime
552 5109 619 5163 ad
665 5124 776 5163 rem
808 5118 914 5172 est,
946 5117 1131 5161 contra
1165 5106 1255 5161 illa
1281 5101 1466 5164 Saulis
1499 5117 1551 5162 et
1581 5106 1762 5177 Agag,

184 5187 332 5250 quam
362 5190 549 5250 repete
575 5196 641 5237 ex
670 5180 914 5250 [Regum
955 5194 1073 5248 cap.
1109 5193 1196 5246 xv,
1226 5181 1360 5234 satis
1390 5181 1532 5235 bene
1564 5196 1762 5249 propo-

185 5247 278 5299 sito
305 5249 554 5312 quadrat.

250 5313 274 5352 δ
311 5318 483 5374 Vatic.
519 5323 787 5389 concedes,
810 5331 863 5378 et
887 5337 1012 5376 mox
1042 5340 1144 5376 non
1176 5332 1364 5392 potest,
1395 5322 1521 5393 quid
1539 5322 1665 5377 mali
1687 5323 1763 5376 lo-

187 5395 323 5440 cutus
346 5408 457 5444 sum
476 5397 500 5452 ,’
519 5405 624 5451 ctc.

253 5469 276 5494 θ
314 5460 531 5531 Regina:
559 5481 664 5520 ms.
699 5481 822 5519 cum
855 5465 1023 5519 veteri
1063 5463 1320 5529 editione,
1360 5479 1456 5518 nec
1490 5478 1595 5517 non
1625 5464 1765 5520 alius

190 5522 518 5602 Corlteieiisis
541 5550 708 5602 penes
739 5535 1136 5600 Benetlictinos,
1171 5522 1376 5588 Etenim
1399 5535 1591 5602 absque
1619 5537 1762 5598 vitio,

190 5600 320 5685 quod
350 5600 552 5658 Graece
574 5607 767 5662 dicitur
799 5610 1176 5685 ἀναμάρτῃτρν,
1205 5607 1305 5685 ῥοιὶ
1353 5600 1763 5685 Πιόηζυηιρριὶι,

193 5676 438 5744 oninisque
469 5689 733 5744 creatura,
763 5676 906 5743 etc.,
939 5676 1160 5732 uiuis-sis
1203 5676 1544 5731 intermediis
1591 5679 1761 5742 κακία,

195 5733 433 5821 hominem
460 5763 605 5821 posse
625 5733 734 5802 esse
763 5733 866 5813 aio,
892 5733 946 5803 et
968 5749 1022 5802 id
1047 5758 1124 5804 est
1151 5751 1261 5803 sine
1285 5757 1490 5816 peccato
1522 5764 1649 5821 esse,
1677 5733 1766 5801 ne;

197 5811 506 5893 gmid‘ennu.
550 5819 752 5893 Recole
782 5811 1151 5893 pervulgatam
1184 5811 1514 5893 sententiam
1559 5819 1585 5874 ὁ
1615 5821 1766 5892 μόνος

199 5880 535 5959 ἀναμάρτητὸς
561 5880 705 5959 Θέὸς,
739 5880 878 5946 solus
905 5880 1016 5948 side
1041 5899 1246 5960 peccato
1280 5880 1420 5946 Deus
1451 5899 1542 5946 cst.

1871 2013 2043 2074 surget
2071 2003 2255 2073 (Prov.
2302 2019 2448 2070 xxuv,
2485 2003 2595 2074 16).
2633 2003 2733 2069 Et,
2776 2001 2959 2057 Justus
2999 2003 3163 2076 745
3210 2016 3482 2062 accusator

1872 2101 1952 2153 sui
1980 2102 2118 2153 estin
2136 2100 2388 2171 principio
2407 2098 2660 2152 sermonis
2686 2096 2870 2165 (Prov.
2904 2114 3067 2165 xvnt,
3096 2097 3208 2169 1⁵5).
3229 2100 3293 2154 Et
3312 2099 3477 2156 alias:

1875 2193 2096 2246 Alienati
2112 2191 2216 2264 [AL
2237 2190 2536 2262 abalienati]
2556 2199 2676 2244 sunt.
2705 2199 2996 2260 peccatores
3016 2209 3047 2244 a
3065 2189 3243 2257 vulva,
3277 2207 3478 2246 errave-

1873 2296 1993 2340 runt
2013 2288 2074 2339 ab
2090 2295 2252 2350 utero,
2269 2286 2426 2339 locuti
2443 2293 2561 2336 sunt
2585 2284 2718 2354 falsa
2739 2282 2910 2352 (Psal.
2931 2299 3058 2348 LVII,
3074 2282 3157 2352 4).
3179 2282 3277 2337 Vcl
3295 2283 3474 2338 statim

1876 2389 1926 2431 ut
1955 2379 2062 2431 nati
2089 2387 2232 2438 sunt,
2255 2376 2574 2446 subjacuere
2599 2385 2819 2446 peccato
2840 2377 2892 2430 in
2909 2376 3316 2432 similitudinem
3341 2391 3478 2447 prac-

1876 2471 2222 2525 varicationis
2247 2469 2400 2536 Adm,
2425 2472 2514 2540 qui
2538 2479 2618 2523 est
2650 2468 2825 2524 forma
2853 2469 3050 2535 futuri;
3077 2469 3160 2522 vel
3190 2479 3339 2524 certe
3367 2478 3477 2523 sta-

1875 2563 1967 2616 tim
1999 2572 2053 2615 nt
2082 2561 2149 2615 tle
2189 2570 2342 2615 utero
2375 2561 2619 2630 virginali
2655 2569 2811 2614 natus
2841 2569 2924 2615 est
2969 2560 3241 2625 ChriStus,
3271 2559 3338 2615 de
3369 2576 3477 2630 quo

1873 2655 2131 2724 scriptum
2171 2664 2290 2708 est:
2327 2653 2508 2707 Omnis
2532 2654 2618 2723 qui
2665 2655 2828 2723 aperit
2860 2655 3087 2720 vulvam,
3128 2663 3339 2708 sanctus
3365 2652 3478 2708 Do-

1872 2749 2011 2802 mino
2037 2748 2299 2802 vocabitur
2323 2747 2520 2815 (Exod.
2554 2763 2681 2811 xm,
2723 2748 2780 2813 9.,
2812 2759 2860 2802 et
2889 2764 3075 2815 xxxrv,
3121 2748 3245 2819 19);
3286 2763 3477 2803 omnes

1875 2842 2114 2896 haeretici
2172 2848 2522 2902 erraverunt,
2577 2856 2683 2894 non
2734 2842 3101 2909 intelligentes
3152 2842 3472 2913 mysterium

1874 2935 2171 2989 nativitatis
2217 2934 2353 3004 ejus.
2388 2933 2664 3002 Magisque
2693 2934 2760 2989 ad
2793 2936 3082 3005 specialem
3132 2935 3472 2989 nativitatem

1872 3027 2199 3093 Salvatoris,
2237 3041 2397 3096 quam
2436 3027 2500 3082 ad
2533 3028 2775 3082 omnium
2816 3028 3094 3082 hominum
3141 3027 3331 3082 rcterri
3377 3043 3475 3098 po-

1875 3132 1979 3177 test
2011 3123 2113 3177 ltoc
2149 3123 2292 3193 quod
2331 3125 2563 3186 dicitur,
2615 3121 2740 3186 Qui,
2791 3123 2956 3193 aperit
2998 3121 3197 3174 vulvam
3221 3162 3236 3186 ,
3265 3131 3474 3176 sanctus

1874 3215 2147 3271 vocabitur
2183 3214 2404 3270 Domino
2445 3214 2637 3269 Ezeclt.
2674 3231 2747 3278 tu,
2801 3215 2901 3277 45,
2956 3213 3068 3283 Η).
3113 3213 3274 3269 Solus
3326 3215 3469 3269 enim

1874 3308 2124 3363 Christus
2151 3309 2364 3362 clausas
2394 3319 2575 3377 portas
2604 3307 2782 3362 vulvm
2818 3305 3102 3376 virginalis
3158 3302 3175 3342 ί
3233 3306 3470 3373 aperuit,

1873 3418 1994 3472 quae
2026 3409 2205 3455 tamen
2235 3401 2436 3454 clausa:
2472 3399 2673 3468 jngiter
2719 3406 3156 3467 permanserunt.
3213 3397 3338 3450 Haac
3387 3407 3472 3450 est

1874 3503 2029 3563 porta
2066 3491 2347 3546 Orientalis
2374 3491 2581 3554 clausa,
2612 3505 2708 3562 per
2739 3505 2898 3558 qnam
2932 3490 3081 3544 solus
3115 3489 3358 3543 Pontifex
3389 3488 3474 3541 in-

1872 3585 2116 3655 greditur
2157 3593 2212 3639 et
2241 3583 2534 3654 egreditur,
2567 3593 2619 3638 et
2651 3582 3003 3637 nihilominus
3033 3596 3248 3650 semper
3277 3581 3460 3635 clausa

1875 3689 1976 3733 est.
2026 3675 2156 3731 Illud
2201 3691 2419 3746 quoque
2466 3675 2608 3746 quod
2645 3676 2696 3729 in
2731 3675 3004 3728 volumine
3050 3673 3154 3728 Job
3211 3672 3470 3740 scriptum

1877 3780 1961 3827 cst
1995 3790 2006 3824 :
2043 3768 2310 3840 Numquid
2339 3768 2563 3821 mundus
2592 3768 2685 3821 erit
2717 3767 2873 3820 homo
2903 3781 3078 3819 coram
3113 3763 3247 3830 Deo,
3295 3773 3386 3816 aut
3417 3765 3470 3818 in

1869 3864 2105 3935 operibus
2122 3863 2227 3916 suis
2249 3861 2710 3930 irreprehensibilis
2738 3860 2855 3912 vir?
2888 3858 2947 3913 Si
2974 3865 3217 3910 adversus
3247 3855 3468 3926 famulos

1867 3975 1987 4012 suos
2010 3975 2111 4011 non
2138 3955 2324 4018 credit,
2358 3963 2404 4007 et
2435 3962 2613 4007 contra
2635 3953 2860 4021 Angelos
2886 3967 3102 4021 pravum
3147 3949 3272 4018 quid
3320 3965 3468 4019 repe-

1867 4053 1975 4118 rit;
2019 4059 2208 4122 quanto
2239 4049 2408 4118 magis
2440 4048 2493 4101 in
2517 4049 2617 4111 liis,
2663 4048 2750 4117 qui
2801 4048 3029 4100 habitant
3081 4045 3259 4098 domos
3301 4045 3466 4100 luteas

1867 4145 2008 4214 (Job.
2043 4162 2115 4210 IV,
2152 4145 2238 4209 17,
2270 4143 2396 4212 18)!
2429 4159 2459 4196 e
2489 4143 2683 4211 quibus
2709 4151 2762 4197 et
2790 4157 2888 4195 nos
2916 4141 2982 4196 de
3008 4141 3198 4196 eodem
3234 4140 3346 4194 luto
3375 4155 3468 4195 su-

1869 4223 2194 4304 ιιιῖιὲςριιυό
2223 4238 2264 4289 si
2291 4237 2590 4291 asset-ueris
2620 4235 2722 4290 hoc
2742 4235 2848 4291 dici
2879 4250 2943 4290 ex
2978 4249 3213 4306 persona
3247 4233 3470 4304 Eliphas

1951 4399 1968 4437 ί
2012 4400 2244 4471 Optima:
2275 4399 2494 4471 Patrum
2531 4409 2642 4453 tum
2659 4398 3114 4471 Grmcorumhtum
3149 4397 3461 4455 Latinorum

1875 4468 2741 4542 partis,'etEphesinipraeterea
2786 4468 3008 4522 Concilii
3052 4469 3326 4542 decretum
3357 4482 3459 4537 est,

1875 4540 2133 4611 perpetuo
2147 4541 2443 4598 Catholica:
2462 4540 2722 4595 Ecclesia:
2734 4554 3006 4594 consensu
3022 4541 3458 4606 comprobatum,

1871 4622 1927 4684 et
1956 4614 2262 4668 Ezechielis
2307 4627 2452 4676 XLIV,
2491 4612 2548 4674 ‘2,
2593 4613 2823 4684 oraculo
2851 4611 3283 4684 corroboratum,
3317 4617 3460 4684 quod

1869 4682 2068 4736 Christi
2123 4697 2321 4753 corpus
2351 4684 2557 4736 clausis
2586 4686 2720 4735 uteri
2754 4681 2852 4736 SS.
2908 4680 3143 4753 Virginis
3188 4680 3461 4753 repagulis

1870 4756 2060 4808 eodem
2091 4755 2251 4808 modo
2281 4752 2426 4806 foras
2459 4753 2738 4824 prodierit,
2769 4768 2876 4820 quo
2924 4751 2990 4806 ad
3023 4751 3334 4824 Discipulos
3365 4760 3464 4811 ob-

1869 4828 2066 4899 seratis
2099 4825 2308 4878 foribus
2328 4825 2656 4899 penetravit.
2687 4823 2842 4899 _|lunc
2874 4836 3157 4890 propterea
3193 4825 3462 4899 Hierony-

1868 4899 1939 4948 mi
1977 4898 2149 4949 locnm
2177 4894 2416 4947 nonnulli
2463 4893 2882 4953 calumniantur,
2916 4911 3051 4960 quos
3096 4899 3236 4949 inter
3284 4893 3463 4952 Gene-

1870 4965 2099 5020 hrardns
2123 4964 2336 5020 Collect.
2363 4977 2482 5030 cap.
2519 4965 2570 5027 6,
2605 4973 2660 5016 ut
2683 4962 3025 5024 Origcniamc
3074 4969 3368 5020 sententia}
3395 4968 3462 5023 de

1869 5037 2109 5104 Virginei
2161 5035 2380 5090 claustri
2431 5035 2717 5106 apertiOne
2773 5035 2825 5089 in
2873 5046 3028 5106 partu
3069 5037 3459 5102 patrocinetur.

1870 5108 2090 5170 Verum,
2125 5107 2266 5176 quod
2301 5106 2526 5160 doctiss.
2559 5104 2784 5159 ﬂuetius
2813 5104 3019 5174 monet,
3053 5123 3114 5162 ea
3150 5107 3235 5162 his
3285 5110 3467 5165 \erbis

1868 5181 2122 5246 exceptio
2143 5176 2449 5232 adhibenda
2473 5188 2578 5240 est,
2604 5192 2707 5246 qua
2738 5178 2805 5232 ad
2857 5179 3181 5234 solvendum
3223 5178 3350 5234 huic
3387 5183 3463 5237 si-

1868 5251 2052 5324 milem
2076 5249 2350 5324 fitnbrosii
2381 5249 2558 5324 locum
2588 5261 2824 5324 usus_est
2846 5250 2902 5306 S.
2928 5251 3187 5324 Thomas,
3215 5267 3266 5320 p.
3299 5269 3381 5316 ιιι,
3404 5271 3458 5324 q.

1867 5323 1958 5386 28,
1984 5337 2038 5376 a.
2067 5319 2121 5384 2,
2151 5321 2230 5375 sic
2257 5334 2451 5389 nempe
2470 5320 2682 5374 locutos
2711 5321 2902 5378 Patres
2931 5337 3052 5377 cum
3102 5319 3235 5377 illud
3284 5319 3463 5380 Evan-

1865 5393 2078 5463 gelista:
2126 5399 2485 5460 exponerent,
2543 5391 2706 5446 Omne
2750 5393 3094 5448 masculinum
3155 5394 3465 5463 adaperiens

1866 5462 2071 5518 vulvam
2097 5473 2331 5517 sanctum
2363 5463 2580 5516 Domino
2620 5463 2881 5517 vocabitur
2912 5465 3097 5534 :quod
3139 5462 3356 5532 quidem
3395 5484 3458 5522 ex

1868 5536 2084 5603 vulgata
2130 5535 2380 5601 loquendi
2421 5535 2816 5589 consuetudine
2867 5547 3185 5602 usurpatum
3215 5545 3330 5601 est,
3355 5553 3464 5594 non

1866 5607 1931 5657 ad
1977 5604 2391 5675 significandum
2440 5606 2666 5674 virginei
2700 5607 2920 5659 claustri
2965 5607 3333 5675 apertionem;
3368 5612 3464 5665 sed

1866 5680 2069 5730 exitum
2100 5678 2381 5731 dumtaxat
2405 5681 2572 5746 prolis
2602 5679 2669 5731 (le
2698 5687 2871 5732 utero.
2905 5679 3098 5730 Statim
3137 5677 3259 5731 ideo
3284 5681 3466 5738 subdit

1870 5749 2045 5814 llier.,
2068 5765 2183 5818 qute
2225 5759 2392 5821 tamen
2429 5748 2621 5804 clausae
2639 5752 2840 5821 jugiter
2869 5758 3282 5821 pernmnset'unt.
3328 5751 3465 5810 Vide

1869 5836 1988 5888 qua:
2018 5826 2211 5890 contra
2257 5820 2533 5874 Jovinian.
2588 5819 2795 5875 ha’c‘de
2837 5835 2896 5874 re
2942 5819 3203 5890 disputat,
3227 5832 3282 5878 et
3323 5823 3465 5882 libro

1868 5899 2058 5946 contra
2084 5889 2388 5946 Helvidium
2411 5907 2464 5944 n.
2493 5891 2581 5959 18,
2603 5899 2716 5945 not.
