4054 6360
484 235 494 244 ’
594 259 702 316 559

1849 253 1910 314 S.
1952 255 2227 318 EUSEB"
2264 255 2638 316 RWYMI

3812 257 3912 314 5&0

593 367 950 434 'I‘hemanitze,
1002 366 1246 440 intellige
1291 381 1398 428 non
1429 367 1497 423 ab
1532 381 1598 426 eo
1633 365 1766 435 dici;
1808 367 1903 426 sed
1949 368 2020 424 ab
2063 367 2191 436 illo,
2219 373 2270 436 Α
2299 366 2484 440 (Prov.
2515 384 2606 433 xx,
2648 367 2745 438 9)?
2770 367 2876 425 Fac
2912 367 3057 439 quod
3085 376 3140 425 et
3169 368 3281 437 hic,
3310 368 3330 410 ί
3361 370 3502 441 quis,
3543 385 3661 426 non
3693 386 3794 442 pro
3821 373 3911 428 im-

594 463 682 532 qui
717 461 818 518 sub
851 474 1080 530 persona
1112 459 1306 532 Augeli
1335 460 1388 518 in
1420 462 1628 521 visione
1657 471 1713 520 ct
1750 462 2088 518 rcvelatione
2114 462 2197 519 lo-

592 554 776 624 quitur
809 553 860 608 ei
889 554 1192 612 sententias
1221 555 1340 612 Dei.
1385 555 1494 613 Sed
1538 565 1657 613 esto
1686 566 1742 612 ut
1786 557 2035 627 loquatur
2087 557 2200 612 Eli-

2301 463 2568 534 possibili,
2601 463 2697 520 sed
2728 477 2828 533 pro
2853 461 3060 519 difﬁcili
3085 463 3306 520 dixerit.
3331 463 3490 519 Tolle
3523 480 3668 536 ergo
3697 477 3915 522 senten-

2300 557 2453 624 tiam,
2480 565 2538 612 et
2585 554 2714 611 rade
2760 554 2918 626 747
2947 555 3018 612 de
3069 556 3212 612 libro
3255 567 3364 623 tuo,
3415 555 3644 611 Facilia
3692 557 3791 613 Dei
3819 575 3914 615 esse

596 647 768 717 pltas,
820 647 966 716 quod
1009 648 1295 718 perspicue
1339 647 1583 720 Angelus
1630 649 1887 720 loquitur,
1937 650 2200 721 numquid
2302 648 2573 704 mandata.

596 754 702 796 nou
733 739 838 794 hoc
867 755 932 796 ex
963 755 1192 812 persona
1220 739 1322 796 Job
1345 744 1565 811 prout-ie
1589 741 1792 800 dicitur
1819 761 1834 799 :
1858 741 2100 797 Tentatio
2127 752 2201 798 est

596 834 701 888 vita
731 831 953 888 hominis
985 850 1142 904 super
1171 841 1360 889 terram
1401 834 1546 908 (Job.
1579 850 1685 902 vn,
1737 834 1834 906 1)?
1864 836 1931 892 Et
1965 855 1978 894 :
2008 836 2071 893 Si
2111 851 2204 908 ego

600 925 827 995 peccavi,
868 925 994 996 quid
1023 942 1232 997 possunt
1262 930 1434 998 facere
1467 926 1658 998 (Ibid,
1707 927 1840 999 20)?
1887 930 1953 982 Et
1981 946 1996 982 :
2032 929 2206 996 Quare

604 1018 791 1074 oblitus
822 1035 896 1084 es,
930 1035 1022 1074 nec
1068 1020 1235 1091 fecisti
1281 1021 1569 1091 iniquitatis
1619 1037 1746 1078 meae
1786 1022 2127 1091 oblivionem,
2159 1034 2208 1080 et

609 1111 1026 1168 emundationem
1055 1117 1245 1184 peccati
1276 1115 1412 1171 mei?
1440 1115 1708 1183 Quomodo
1737 1117 1873 1172 enim
1906 1126 2070 1189 potest
2099 1133 2212 1176 esse

597 1210 773 1278 justus
799 1205 950 1260 homo
978 1223 1133 1277 super
1166 1217 1355 1262 terram
1384 1210 1525 1277 apud
1555 1206 1724 1264 Deum
1751 1207 1942 1280 (Ibid.,
1973 1209 2114 1280 ‘21)?
2143 1210 2212 1266 Et

607 1302 798 1356 iterum
837 1313 850 1352 :
883 1298 944 1354 Si
986 1305 1135 1371 fuero
1156 1305 1359 1374 justus,
1409 1318 1512 1358 non
1538 1303 1713 1358 audiet
1742 1319 1858 1369 me;
1888 1303 1978 1360 sed
2003 1303 2211 1378 judicio

607 1394 719 1461 eius
766 1395 1007 1469 indigebo
1047 1392 1191 1464 (Job.
1242 1409 1320 1462 ιχ,
1368 1394 1465 1460 15,
1495 1394 1612 1467 29).
1647 1393 1813 1468 746
1841 1396 1907 1452 Et
1948 1410 2208 1452 rursum:

613 1486 749 1553 Quia
801 1505 917 1544 sum
967 1488 1181 1557 impius,
1212 1505 1304 1544 cur
1332 1492 1530 1559 frustra
1558 1489 1782 1557 laboro?
1807 1489 1869 1546 Si
1894 1490 2030 1545 lotus
2062 1494 2215 1561 fuero

614 1589 638 1618 ⁸
669 1583 804 1646 nire,
837 1591 887 1637 et
916 1583 1406 1652 mundisgmanibus,
1436 1585 1564 1638 satis
1593 1600 1671 1637 me
1699 1585 1853 1640 sorde
1879 1585 2107 1642 tinxisti.
2151 1585 2215 1640 Si

612 1691 886 1745 peccavero
908 1716 922 1742 ,
955 1676 1214 1732 custodias
1259 1692 1358 1730 me.
1393 1676 1469 1730 Ab
1492 1677 1762 1747 iniquitate
1790 1688 1964 1730 autem
2004 1694 2086 1731 me
2109 1694 2214 1733 non

2375 741 2428 798 5.
2467 741 2707 796 Occurrit
2731 741 3005 813 objectioni
3033 757 3096 797 eo:
3122 741 3373 814 Evangel.
3403 740 3663 798 Joannis.
3681 774 3754 786 —
3771 743 3908 812 Quod

2305 837 2350 892 si
2374 835 2502 892 illud
2551 835 2777 891 Joannis
2820 834 3068 903 Apostoli
3123 837 3478 906 opposueris,
3515 835 3782 892 Mandata
3810 842 3908 910 ejus

2307 945 2410 984 non
2428 939 2550 984 sunt
2577 929 2755 1000 gravia
2779 927 2822 1000 (ι
2848 927 3009 984 Joan.
3041 943 3098 994 ν,
3128 929 3210 998 5),
3241 937 3296 984 ct
3339 927 3410 984 de
3437 930 3752 998 Evangelio
3782 949 3795 984 :
3822 930 3909 985 Ju-

2309 1038 2430 1094 gum
2460 1037 2628 1074 meum
2656 1036 2809 1076 suave
2849 1030 2945 1085 est,
2975 1029 3021 1073 et
3058 1036 3188 1076 onus
3227 1036 3395 1074 meum
3447 1020 3566 1075 leve
3599 1021 3820 1093 (Matth.
3843 1037 3908 1088 at,

2310 1113 2433 1188 30);
2489 1113 2748 1171 facillime
2792 1115 3139 1172 revinceris:
3179 1113 3315 1170 levia
3365 1115 3514 1172 enim
3577 1128 3794 1172 certum
3835 1125 3906 1172 est

2313 1208 2516 1264 dixisse
2540 1207 2814 1279 Evangelii
2839 1207 3089 1264 mandata
3113 1207 3181 1264 ad
3205 1212 3691 1279 comparationem
3737 1226 3912 1281 super-

2313 1304 2551 1360 stitionis
2569 1302 2832 1366 καθίετε,
2866 1304 2918 1358 in
2944 1319 3050 1373 qua
3070 1304 3220 1357 varia
3240 1306 3710 1359 caeremoniarum
3729 1318 3910 1374 genera

2313 1397 2705 1466 quaerebantur
2724 1436 2739 1458 ,
2769 1410 2893 1464 qua:
2923 1394 3070 1464 juxta
3098 1394 3360 1462 litteram,
3403 1405 3456 1449 et
3485 1396 3751 1466 Apostoli
3780 1395 3909 1452 Petri

2315 1490 2671 1557 sententiam,
2701 1489 2881 1544 nullus
2901 1489 3079 1558 potuit
3103 1490 3345 1559 explere.
3382 1489 3546 1545 Unde
3579 1498 3637 1546 et
3675 1491 3727 1543 in
3779 1489 3908 1544 Acti-

2316 1582 2418 1638 bus
2446 1581 2829 1651 Apostolorum
2860 1579 3119 1636 scribitur
3147 1599 3159 1634 :
3195 1579 3353 1635 Nunc
3379 1597 3501 1651 ergo
3531 1583 3666 1651 quid
3716 1580 3906 1636 tentatis

2319 1684 2344 1722 8
2370 1676 2633 1746 imponere
2644 1675 2837 1746 jugum
2880 1689 3037 1744 super
3073 1673 3319 1728 cervicem
3366 1671 3768 1742 discipulorum,
3787 1669 3910 1742 quod

617 1769 774 1840 facies
805 1769 1125 1822 innocentem
1147 1766 1337 1840 (Ibid,
1373 1767 1487 1839 50).
1519 1768 1589 1824 Et
1620 1787 1632 1823 :
1663 1768 1726 1824 Si
1747 1769 1904 1840 impie
1933 1786 2104 1840 egero,
2137 1786 2214 1825 va:
2247 1773 2291 1832 Β
2319 1783 2482 1834 neque
2505 1775 2677 1838 patres
2705 1766 2896 1831 nostri,
2920 1781 3086 1838 neque
3126 1781 3219 1820 nos
3253 1774 3452 1834 portare
3486 1764 3755 1835 potuimus
3778 1781 3799 1817 :
3829 1762 3911 1818 sed

617 1861 743 1915 mihi
773 1859 919 1929 (Job.
951 1877 1006 1928 ι,
1035 1861 1144 1932 15).
1175 1862 1241 1920 Ει
1269 1880 1283 1916 :
1317 1861 1379 1918 Si
1409 1867 1557 1932 fuero
1579 1865 1772 1934 justus,
1805 1879 1910 1917 non
1937 1871 2115 1933 potero
2139 1879 2222 1918 re-

614 1956 835 2024 spirare.
857 1952 1056 2009 Plenus
1077 1955 1210 2009 enim
1227 1971 1320 2027 ego
1341 1971 1454 2010 sum
1474 1957 1773 2028 ignominia
1803 1955 2015 2028 (Ibid.).
2041 1957 2107 2011 Et
2122 1957 2224 2011 ite-

613 2061 731 2102 rum
759 2064 772 2102 :
806 2047 934 2114 Quis
947 2048 1080 2102 enim
1097 2049 1192 2103 erit
1218 2048 1442 2104 mundus
1463 2066 1496 2104 a
1517 2049 1669 2103 sorde
1685 2050 1710 2102 .9
1736 2049 1815 2105 Ne
1842 2067 1975 2106 unus
1989 2051 2221 2122 quidem,

614 2140 830 2196 etiamsi
857 2140 1014 2196 unius
1043 2140 1150 2195 dici
1173 2141 1330 2212 fuerit
1355 2142 1460 2200 vita
1481 2143 1593 2213 ejus
1617 2159 1774 2212 super
1798 2155 2011 2209 terram,
2053 2153 2101 2196 et
2129 2159 2223 2197 nu-

619 2233 890 2288 merabiles
916 2250 1112 2289 menses
1140 2235 1280 2290 illius
1315 2233 1460 2294 (Job.
1494 2250 1584 2304 xv,
1616 2234 1728 2305 14).
1756 2235 1914 2304 Quod
1945 2237 1989 2290 si
2013 2234 2222 2312 dixeris

619 2341 920 2395 pronomen
946 2328 1091 2398 quis,
1119 2343 1225 2382 non
1258 2342 1356 2397 pro
1400 2328 1749 2396 impossibili,
1801 2328 1898 2385 sed
1949 2328 2222 2383 interdum

619 2433 718 2488 pro
744 2418 951 2476 dilﬁcili
978 2420 1173 2491 accipi,
1201 2421 1545 2492 respondebo
1571 2422 1666 2476 tibi
1693 2441 1708 2476 :
1744 2422 1812 2478 Et
1835 2423 1922 2476 ubi
1948 2434 2032 2477 est
2064 2421 2220 2488 illud,

620 2511 764 2582 quod
798 2519 1002 2569 temere
1031 2513 1324 2584 protulisti,
1356 2512 1562 2568 Fat-ilia
1604 2513 1700 2568 Dei
1722 2530 1830 2569 esse
1871 2515 2142 2581 mandata,
2168 2522 2226 2570 et

619 2617 680 2658 ea
715 2605 874 2660 facile
905 2619 1068 2675 posse
1094 2606 1398 2676 compleri?
1426 2607 1646 2663 dicente
1670 2607 1949 2677 Scriptura
1980 2626 1994 2661 :
2050 2607 2141 2662 Vir
2170 2608 2225 2664 in

623 2695 652 2735 δ
683 2697 864 2752 dolore
895 2698 1094 2753 laborat
1116 2700 1234 2766 sibi,
1265 2710 1311 2754 et
1331 2701 1432 2755 vim
1452 2702 1579 2772 facit
1601 2701 1878 2771 perditioni
1907 2701 2220 2772 sute(Proo.

616 2801 736 2853 xvt,
763 2786 856 2853 26,
886 2804 991 2842 sec.
1020 2788 1212 2862 LXX),
1242 2803 1298 2845 ut
1328 2807 1590 2864 oppressa
1618 2803 1674 2848 et
1700 2793 1986 2864 subiugata
2029 2803 2084 2849 et
2110 2809 2228 2851 mo-

623 2877 801 2934 riente
829 2893 1021 2946 carne,
1060 2883 1213 2937 vivat
1241 2885 1293 2938 in
1324 2902 1389 2941 eo
1416 2884 1664 2956 spiritus.
1713 2885 2128 2958 Ridiculamque
2158 2887 2226 2950 ίι.

625 2971 730 3026 lam
761 2974 1162 3043 expositionem
1199 2977 1582 3034 Demosthenis
1606 2989 1627 3017 ο
1661 2979 1852 3045 vestri,
1882 2995 1989 3034 non
2022 2980 2226 3038 dixisse

618 3065 722 3122 Job
757 3084 772 3124 :
809 3067 939 3133 Quis
961 3069 1056 3124 erit
1086 3073 1309 3125 mundus
1339 3089 1371 3124 a
1395 3081 1642 3144 peccato;
1669 3073 1767 3132 sed
1797 3075 1912 3144 quis
1951 3076 2046 3130 erit
2076 3092 2228 3132 mun-

2324 1875 2414 1930 per
2449 1859 2670 1931 gratiam
2715 1856 2922 1911 Domini
2948 1855 3079 1912 Jesu
3105 1857 3297 1912 salvari
3340 1856 3620 1921 credimus,
3667 1854 3912 1925 quemad-

2324 1951 2533 2006 modum
2553 1951 2701 2005 etilli
2726 1950 2864 2021 (Act.
2890 1966 2980 2017 xv,
3013 1948 3127 2021 10).
3166 1949 3404 2006 Jacobus
3436 1948 3741 2020 Apostolus
3790 1946 3911 2002 scri-

2328 2045 2404 2100 bit
2434 2063 2446 2100 :
2479 2044 2552 2100 Si
2568 2045 2780 2118 judicas
2810 2043 2995 2117 legem,
3025 2061 3127 2099 non
3157 2061 3208 2099 es
3259 2049 3423 2116 factor
3440 2043 3601 2114 legis,
3640 2042 3728 2098 sed
3759 2043 3911 2114 judes

2326 2138 2530 2210 (Jacob.
2555 2155 2631 2205 tv,
2665 2137 2774 2210 Η).
2805 2136 2902 2194 llle
2917 2137 3129 2209 jndicat
3157 2138 3362 2207 legem,
3395 2139 3490 2209 qui
3533 2136 3694 2200 dicit,
3726 2131 3904 2203 aliquid

2326 2249 2433 2288 non
2459 2233 2605 2303 juSIe
2648 2241 3006 2302 praeceptum,
3047 2241 3102 2289 et
3149 2231 3517 2302 ignorantiam
3569 2246 3679 2286 non
3731 2230 3909 2283 habere

2325 2326 2455 2400 [AL
2487 2325 2685 2398 habet]
2733 2335 3048 2395 peccatum;
3082 2336 3136 2382 et
3180 2325 3381 2381 frustra
3431 2325 3626 2380 offerri
3687 2324 3905 2378 victimas

2327 2437 2427 2490 pro
2453 2436 2664 2489 errore,
2696 2421 2839 2492 quod
2878 2421 3087 2486 peccati
3137 2436 3243 2476 non
3300 2420 3466 2476 habet
3512 2418 3906 2476 conscientiam.

2325 2516 2516 2586 Neque
2541 2518 2685 2572 enim
2718 2517 2768 2570 in
2816 2517 2935 2586 lege
2982 2516 3122 2571 ratio
3148 2515 3436 2586 quaeritur,
3467 2516 3573 2570 sed
3615 2511 3903 2568 auctoritas.

2327 2609 2476 2668 Idem
2510 2610 2565 2666 in
2587 2609 2775 2663 eadem
2802 2609 2934 2664 dicit
2959 2609 3200 2678 Epistola
3240 2627 3253 2662 :
3287 2607 3380 2662 Ira
3408 2609 3513 2663 viri
3549 2607 3800 2680 justitiam
3827 2600 3909 2656 Dei

2329 2719 2432 2758 non
2461 2711 2701 2772 cperatur
2732 2701 2938 2775 (Jacob.
2970 2718 3009 2764 ι,
3040 2703 3169 2770 ‘20);
3202 2711 3257 2756 et
3287 2702 3411 2771 quis
3459 2711 3718 2758 nostrum
3745 2708 3906 2752 carere

2328 2807 2504 2868 potest
2530 2799 2632 2859 ira.
2659 2798 2728 2854 de
2753 2814 2858 2869 qua
2887 2799 3152 2868 scriptum
3179 2805 3267 2852 est
3296 2814 3310 2851 :
3364 2796 3456 2850 Ira
3518 2797 3689 2868 perdit
3730 2795 3863 2850 etiam
3882 2786 3910 2826 ιι

2328 2889 2581 2962 sapientes
2639 2888 2830 2958 (Prov.
2891 2891 3020 2963 xv)?
3072 2889 3583 2960 Signiﬁcanterque
3633 2903 3738 2943 non
3794 2885 3906 2939 iram

2332 2983 2447 3049 Dei,
2473 2983 2571 3038 sed
2600 2983 2734 3038 iram
2782 2983 2885 3039 viri
2932 2986 3138 3054 posuit.
3190 2983 3270 3038 Ira
3310 2983 3454 3039 enim
3505 2981 3603 3038 Dei
3639 2981 3773 3049 justa
3805 2983 3900 3029 est:

2330 3077 2406 3129 ira
2451 3080 2631 3131 autem
2666 3075 2764 3130 viri
2815 3075 2884 3130 de
2914 3075 3226 3146 perturbata
3259 3083 3442 3130 mente
3476 3064 3750 3146 procedit.
3776 3064 3905 3124 Unde

621 3160 769 3214 dusa
798 3162 970 3229 sorde,
1007 3174 1296 3232 praetereo,
1325 3180 1429 3236 qua
1476 3166 1708 3236 probare
1748 3176 2000 3234 conatur,
2035 3169 2226 3228 sordes
2255 3166 2294 3226 (ἶ
2331 3180 2384 3226 et
2413 3170 2466 3226 in
2500 3170 2721 3226 Psalmo
2752 3169 2952 3224 dicitur
3000 3186 3013 3222 :
3050 3168 3371 3234 Irascimini,
3412 3178 3465 3222 et
3519 3168 3682 3222 nolite
3722 3171 3908 3233 peccare

625 3268 930 3323 pannorum
971 3257 1260 3327 signiﬁcari
1299 3258 1356 3313 in
1387 3258 1634 3328 infantia,
1672 3276 1780 3318 non
1805 3261 1932 3320 vitia
1974 3272 2223 3330 peceato-

623 3361 767 3402 rum.
801 3349 911 3404 Aut
932 3358 1083 3405 certe
1105 3350 1150 3404 si
1187 3366 1295 3406 non
1334 3353 1414 3407 sic
1449 3353 1725 3425 intelligit,
1757 3355 1920 3412 dicite
1965 3370 2062 3412 vos
2096 3356 2225 3426 quid

620 3441 841 3495 sentiat.
898 3440 1029 3496 Tam
1071 3445 1216 3499 enim
1252 3445 1530 3504 involutus
1557 3448 1583 3484 σε
1612 3448 1790 3506 dictor
1818 3458 1926 3514 est,
1970 3460 2024 3505 et
2053 3451 2225 3510 nimio

620 3532 910 3589 verborum
938 3537 1194 3606 squalore
1220 3549 1533 3610 coopertus,
1573 3551 1628 3596 ut
1653 3542 2021 3612 suspicionem
2055 3543 2226 3615 magis

615 3642 777 3698 quam
808 3630 1220 3700 intelligentiam
1253 3633 1440 3689 lectori
1485 3637 1740 3704 przeheat.
1774 3635 1856 3694 Ad
1909 3648 2221 3698 extremum

622 3720 820 3778 infert:
853 3720 966 3796 Ego
994 3733 1164 3779 autem
1192 3727 1261 3780 ad
1289 3725 1400 3784 Istoc
1443 3729 1569 3800 quid
1608 3729 1974 3792 respondebo?
2006 3729 2226 3788 Manum

626 3830 788 3870 meam
811 3833 995 3883 ponam
1017 3835 1240 3886 superos
1265 3837 1468 3890 meum,
1491 3824 1650 3878 semel
1667 3822 1870 3881 loeutus
1892 3839 2010 3880 sum
2029 3864 2045 3887 ,
2068 3827 2124 3877 in
2145 3840 2226 3878 se—

623 3909 792 3972 cundo
821 3926 920 3966 non
942 3912 1138 3968 addam
1160 3912 1302 3984 (Job.
1335 3931 1522 3981 xxxix,
1553 3915 1671 3989 5t).
1717 3916 1860 3972 Ecce
1908 3916 2013 3974 Job
2040 3927 2226 3978 noster

629 4009 652 4037 θ
679 4001 757 4056 vir
785 4002 1162 4062 immaculatus
1179 4017 1231 4062 et
1252 4007 1451 4078 justus,
1469 4018 1526 4064 et
1549 4010 1669 4065 sine
1696 4010 1942 4080 querela,
1973 4019 2028 4066 et
2052 4010 2224 4068 absti-

633 4107 767 4150 nens
795 4109 856 4150 se
887 4095 956 4151 ab
978 4098 1123 4152 omni
1157 4099 1324 4165 malo,
1351 4100 1496 4169 quali
1522 4100 1629 4156 ﬁne
1656 4102 1882 4171 justitiae
1906 4112 2222 4170 coronatur,

631 4193 686 4238 ut
713 4187 1089 4243 misericordia
1121 4188 1218 4243 Dei
1246 4189 1523 4261 indigeat?
1556 4191 1668 4246 Hoc
1690 4202 1771 4248 est
1807 4193 1959 4260 illud,
1999 4193 2142 4264 quod
2171 4194 2227 4250 in

629 4277 939 4335 Proverbiis
965 4281 1226 4352 legimus:
1252 4282 1381 4348 Quis
1407 4282 1714 4358 gloriabitur
1738 4295 1937 4340 castum
1954 4301 2010 4341 se
2037 4287 2226 4342 habere

621 4375 748 4429 eor.’
773 4375 872 4431 Aut
902 4379 1016 4448 quis
1079 4378 1305 4450 conﬁdet
1362 4396 1416 4434 se
1463 4379 1714 4436 mundum
1769 4396 1884 4435 esse
1927 4398 1960 4434 α
2008 4389 2222 4453 peccato

2332 3261 2508 3334 (Psal.
2537 3278 2611 3328 ιν,
2633 3263 2728 3334 26)
2764 3280 2776 3316 :
2809 3262 2899 3333 qui
2929 3261 3235 3316 versiculus
3257 3276 3417 3331 quem
3453 3273 3680 3315 sensum
3712 3253 3902 3312 habeat,

2330 3355 2625 3426 Apostolus
2654 3355 2817 3412 docet
2845 3371 2857 3407 :
2893 3354 2988 3410 Sol
3018 3369 3121 3408 non
3148 3354 3349 3407 occidat
3397 3369 3562 3423 super
3610 3343 3904 3404 iracundiam

2331 3445 2792 3517 vestram(Ephes.
2819 3461 2891 3510 tv,
2919 3445 3007 3514 5);
3039 3455 3400 3514 ntpeccatnm
3451 3442 3685 3497 omnino
3728 3437 3788 3491 sit
3829 3427 3901 3486 vel

2328 3540 2522 3596 leviter
2547 3539 2706 3600 irasci
2738 3555 2752 3593 :
2781 3538 2990 3610 iustitia
3043 3548 3250 3603 autem,
3307 3536 3443 3590 iram
3483 3533 3653 3591 celeri
3698 3524 3904 3600 poenitu-

2329 3635 2458 3691 dine
2489 3634 2755 3704 mitigare.
2789 3633 2944 3690 Unde
2973 3649 3070 3704 pro
3098 3637 3277 3688 otioso
3332 3633 3501 3688 verbo
3550 3624 3802 3686 reddituri
3825 3634 3903 3674 su-

2329 3743 2448 3782 mus
2466 3727 2734 3782 rationem
2765 3727 2818 3780 in
2863 3727 2952 3779 die
2978 3724 3193 3794 judicii.
3236 3724 3304 3780 Et
3332 3724 3388 3779 in
3437 3723 3637 3779 eodem
3689 3719 3904 3782 Evange'

2329 3819 2403 3875 lio
2434 3819 2702 3887 legimus:
2741 3817 2842 3884 Qui
2870 3818 3108 3872 irascitur
3140 3817 3294 3883 fratri
3332 3831 3425 3869 suo
3455 3817 3570 3869 sine
3592 3825 3763 3874 causa,
3803 3814 3900 3855 rm

2327 3912 2426 3966 erit
2437 3911 2643 3984 judicia
2677 3909 2893 3982 (Matth.
2932 3925 2979 3973 ν,
3007 3909 3124 3979 22).
3154 3909 3307 3965 Licet
3348 3909 3401 3962 in
3456 3909 3728 3978 plerisque
3770 3893 3906 3994 codi—,

2326 4002 2480 4058 cibus
2506 4001 2766 4071 antiquis,
2809 3999 2822 4036 ί
2859 4002 2968 4056 sine
2995 4016 3174 4068 causa,
3202 3999 3445 4054 additum
3480 4014 3591 4053 non
3621 3997 3710 4058 sit,
3733 3999 3786 4044 ut
3810 3999 3901 4040 θοις

2326 4096 2454 4152 licet
2471 4112 2539 4152 ne
2556 4110 2683 4151 cum
2711 4111 2872 4152 causa
2897 4094 3118 4164 quidem
3146 4092 3651 4151 debeamusirasci.
3677 4086 3800 4156 Quis
3817 4080 3901 4134 lto-.

2326 4191 2529 4245 minum
2561 4191 2754 4260 poterit
2787 4189 2993 4256 dicere,
3028 4189 3213 4260 quodi
3261 4191 3360 4255 ira,
3390 4205 3511 4260 qua:
3568 4188 3765 4252 absque
3800 4176 3898 4245 i"5‘

2325 4284 2440 4338 tilia
2471 4293 2578 4349 est,
2613 4283 2666 4337 in
2699 4284 3096 4353 sempiternum
3143 4283 3276 4337 vitio
3322 4282 3556 4338 careat?
3591 4279 3655 4334 Et
3685 4277 3894 4329 iterum:

2325 4378 2409 4435 Ne
2430 4378 2669 4454 glorieris
2695 4379 2749 4434 in
2771 4379 3074 4445 crastinum,
3117 4377 3282 4431 nescis
3330 4376 3466 4430 enim
3507 4372 3632 4447 quid
3655 4361 3900 4424 adveniens

701 4572 1048 4652 {Perperam
1071 4592 1193 4652 cum
1213 4579 1432 4652 antiqua
1463 4577 1596 4652 odit.
1621 4578 1877 4633 Erasmus
1904 4577 2076 4643 nitro;
2105 4584 2216 4631 tum
2247 4582 2300 4642 D
2325 4588 2380 4633 ut
2405 4579 2474 4633 ibi
2522 4580 2843 4651 puriﬁcetur,
2872 4589 3129 4652 tanquam,
3148 4579 3237 4650 qui
3275 4578 3507 4652 pollutus
3554 4573 3705 4646 fuerit
3729 4570 3779 4652 in
3802 4564 3896 4636 ipsa

631 4644 833 4721 Vatic..
858 4658 911 4721 et
931 4648 1154 4721 mundus
1185 4644 1441 4704 manibus.
1467 4649 1688 4721 Regina!
1733 4661 1916 4705 autem
1949 4663 2052 4704 ms.
2096 4663 2218 4703 cum

630 4717 822 4772 eadem
849 4718 1112 4783 editione,
1139 4731 1186 4773 et
1229 4724 1452 4775 nmndus
1476 4717 1658 4776 mundi
1681 4721 1936 4775 manibus.

703 4787 730 4826 δ
772 4789 889 4844 Duo
943 4807 1072 4845 mss.
1117 4789 1206 4846 Vir
1245 4794 1298 4846 in
1329 4792 1588 4847 laboribus
1630 4793 1852 4859 laborat,
1885 4799 1994 4848 etc.
2031 4790 2224 4848 Graece

629 4875 862 4943 quoque.
879 4868 965 4943 est
985 4864 1110 4943 ἀνὴρ
1141 4865 1189 4943 ἐν
1216 4864 1385 4943 novos:
1404 4873 1567 4943 novei.

705 4943 727 4972 ο
770 4933 1047 5002 Pelagium
1079 4933 1180 4988 isub
1226 4935 1609 4992 Demosthenis
1639 4935 1861 4991 nomine
1912 4933 1965 4989 in
2001 4949 2225 5004 perver-

628 5017 748 5056 sum
782 5005 994 5078 irrideri
1020 5007 1221 5078 sentio,
1257 5016 1312 5060 et
1340 5011 1699 5076 comprobant
1728 5021 1850 5078 quae
1873 5007 2222 5078 subsequum

631 5083 738 5148 tur.
768 5073 1022 5148 Attamen
1045 5074 1329 5148 Origenes,
1363 5073 1517 5148 cujus
1547 5094 1694 5148 saepe
1720 5073 1902 5133 verbis
1947 5073 2222 5148 Pelagiani

630 5143 1016 5218 loquebantur,
1044 5145 1192 5214 prior
1215 5156 1302 5218 est
1328 5143 1642 5216 huiusmodi
1677 5161 1867 5204 auctor
1895 5143 2224 5218 interpreta-

634 5215 818 5269 tionis.
857 5215 936 5270 En
967 5216 1084 5285 ejus
1115 5217 1274 5271 verba
1322 5215 1514 5275 Latine
1563 5222 1771 5276 reddita
1812 5237 1881 5276 ex
1931 5215 2130 5274 llomit.
2158 5219 2228 5276 η

633 5287 686 5341 in
714 5286 1053 5361 Levitlcum:
1090 5287 1270 5342 Omnis
1300 5293 1388 5361 qui
1409 5292 1696 5361 ingreditur
1721 5291 1858 5345 hunc
1891 5293 2140 5346 mundum
2170 5292 2227 5346 in

628 5359 854 5434 quadam
877 5351 1489 5434 contaminatione'efﬂci’
1516 5362 1730 5417 dicitur.
1764 5362 1986 5434 PrOpter
2011 5362 2149 5434 quod
2179 5369 2229 5416 et

633 5431 905 5502 Scriptura
933 5431 1100 5486 dicit:
1128 5431 1296 5486 Nemo
1328 5431 1559 5489 mundus
1597 5451 1624 5488 a
1655 5435 1838 5500 sorde,
1865 5431 2037 5502 necrsi
2071 5436 2228 5487 unius

631 5500 934 5578 tliei'l'ucrit
964 5503 1100 5578 vita
1122 5505 1258 5572 ejus.
1297 5503 1572 5578 Hocoipso
1601 5519 1750 5578 ergo,
1788 5502 1926 5574 quod
1957 5501 2025 5578 in
2072 5501 2223 5578 pulsa

629 5575 810 5645 matris
851 5583 926 5626 est
965 5573 1183 5641 positus,
1211 5584 1257 5628 et
1297 5576 1436 5645 quod
1465 5572 1733 5630 materiam
1765 5572 1993 5643 corporis
2033 5574 2096 5625 ab
2119 5575 2225 5626 ori-

629 5644 746 5717 gine
773 5645 978 5717 paterni
1004 5646 1209 5698 seminis
1242 5647 1419 5717 sumit,
1443 5648 1496 5700 in
1532 5654 1681 5717 patre
1707 5653 1754 5696 et
1785 5647 1837 5696 in
1866 5650 2026 5717 matre
2052 5652 2228 5717 conta-

633 5713 854 5786 minatus
878 5715 982 5786 dici
1006 5723 1190 5782 potest.
1236 5715 1337 5768 Aut
1369 5713 1683 5786 neseis'quia
1716 5729 1830 5786 cum
1877 5713 2229 5786 quadraginta

633 5781 832 5841 dierum
864 5781 1030 5852 factus
1055 5786 1206 5854 fuerit
1235 5803 1360 5852 puer
1391 5781 1678 5853 masculus,
1708 5781 1922 5855 offertur
1946 5786 2014 5840 ad
2033 5781 2224 5854 altare,

2331 4640 2766 4728 conceptionevel
2784 4640 2988 4728 paterni
3008 4640 3235 4728 seminis,
3263 4640 3339 4704 {vel
3369 4653 3500 4728 uteri
3531 4640 3779 4728 materni;

2400 4721 2424 4758 ι¹
2473 4716 2745 4777 Victorius
2768 4716 3026 4787 Dictator,
3062 4723 3151 4791 qui
3199 4716 3386 4778 vocem
3435 4723 3601 4774 dictor
3633 4716 3895 4782 impreSSO‘

2328 4808 2448 4848 rum
2479 4794 2702 4849 incuria:
2735 4793 2944 4849 tribuit.

2402 4875 2426 4902 ι’
2467 4864 2521 4918 In
2554 4881 2660 4918 uno
2705 4864 2908 4930 Vatic.,
2937 4881 3051 4920 vero
3091 4880 3189 4936 pro
3242 4866 3340 4933 uir,
3374 4865 3425 4919 in
3467 4863 3640 4918 altero
3670 4853 3890 4910 neutrum

2331 4934 2580 4991 habetur.

2403 5005 2422 5046 τ
2471 5008 2664 5062 Vocula
2696 5008 2811 5080 quis
2840 5009 3046 5080 in_mss.
3081 5007 3449 5080 desideratur.

2401 5087 2426 5124 Β
2468 5053 2688 5133 Addi-int
2709 5053 2848 5132 'tiiss.
2877 5053 3550 5146 'oeiinfidi'oomomm.
3583 5053 3890 5146 quorum‘fl‘l‘

2327 5158 2500 5204 terum
2544 5166 2737 5204 nomen
2771 5161 2824 5205 et
2849 5137 3074 5207 Graecus
3120 5152 3303 5216 habet,
3337 5162 3392 5205 et
3441 5137 3701 5232 Vulgu'tns
3744 5137 3888 5188 inter-

2366 5235 2453 5276 τρε
2462 5261 2474 5273 .

2329 5236 2622 5348 Ιπῗεὶῐηιιε
2653 5291 2856 5358 Vatic.,
2879 5293 3032 5347 etiam
3061 5293 3354 5363 prudentes.
3403 5347 3410 5353 _
3750 5345 3759 5358 ,

2410 5362 2420 5384 ς
2481 5362 2616 5384 λ-ι--
2659 5364 2712 5384 :_
2757 5365 3173 5384 ιι--μ.--μ.-ηεε-
3211 5365 3254 5384 g__
3294 5363 3600 5384 ιι-..ι.-.-.....
3654 5359 3698 5384 ΔΙ
3729 5342 3810 5384 Ιώ-
3839 5346 3885 5384 Ill

2410 5362 2423 5399 ί
2469 5342 2621 5419 tua
2659 5342 3622 5420 ίή⁷’ξόῖηἰῆἑῆὶεἷιέίῖἑῖἧῇξιιὶιιειευπη,
3653 5359 3702 5406 et
3727 5342 3810 5420 lib:
3839 5350 3866 5387 ιι

2328 5433 2382 5517 io
2404 5433 2681 5528 βριειῷεῆ
2703 5435 2974 5528 Ephesios
3001 5450 3211 5528 comma
3243 5437 3385 5489 istud
3396 5436 3710 5528 Js'ine‘oooflt;
3719 5409 3882 5528 ᾗ,ξῶ

2333 5493 2772 5579 tiuis'codicibus
2812 5507 3146 5579 eradendum
3190 5505 3488 5562 contendit.
3525 5500 3654 5579 Vide
3687 5493 3834 5579 ioterl

2331 5573 3878 5668 suntexorsi-Ieat!Esuriem?cestimim...

2407 5646 2420 5697 i
2454 5633 2633 5702 Malim
2663 5649 2774 5713 iraa,
2793 5633 3429 5738 scilioetvl150._Q‘fQ‘l“.is
3453 5633 3859 5738 ίηξθᾞίξὶωδῖῗξὲ

2330 5695 2631 5773 carere-se
2664 5695 2849 5788 pos’sitv
2886 5695 3093 5776 dicere.
3148 5695 3429 5790 'Aittju'xta
3479 5718 3698 5771 alterum
3731 5695 3877 5760 νέαισι

2332 5803 2435 5844 tus.
2477 5804 2664 5851 vocem
2697 5791 2820 5860 vitio
2841 5792 3186 5847 excluserim.
