4036 6462
452 361 564 423 543
1702 358 1764 415 S.
1806 356 2082 416 EUSEBII
2120 355 2497 414 HIERONYMI
2814 372 2817 377 ‘
3651 351 3761 407 5M

454 479 617 536 modo
642 492 775 548 ergo
799 475 953 532 solus
980 477 1093 543 lus,
1123 475 1272 531 solus
1297 474 1657 541 immortalis,
1702 487 1760 531 et
1787 476 1936 531 solus
1966 490 2052 530 sa-
2080 481 2134 539 Α
2160 473 2338 528 Nolite
2362 516 2377 539 ,
2407 473 2609 543 inquit,
2640 473 2970 541 vosmetipsos
3016 471 3267 543 decipere.
3310 470 3372 526 Si
3390 471 3507 543 quis
3547 471 3759 542 sapiens

448 569 605 643 piens
656 568 1001 638 appellatur,
1047 582 1171 623 cum
1220 567 1375 622 multi
1429 567 1809 635 immortales,
1866 576 1921 623 et
1977 568 2057 624 lu-
2158 577 2235 622 est
2261 568 2315 620 in
2336 566 2496 629 vobis,
2520 566 2573 619 in
2598 564 2789 619 steculo
2813 566 2930 628 isto,
2958 564 3136 634 fatuus
3158 563 3271 633 ﬁat,
3319 572 3377 617 ut
3415 563 3484 617 sit
3529 563 3761 635 sapiens.

451 675 545 720 ces
567 703 583 725 ,
633 668 691 717 et
733 659 1014 730 sapientes
1052 660 1160 715 sint
1188 675 1202 724 ;
1238 667 1264 696 α
1293 658 1373 714 sic
1398 658 1658 731 perfectio
1681 660 1920 716 hominis
1948 677 2055 716 non

450 769 518 814 ex
545 763 739 808 natura
768 771 782 807 :
812 752 908 808 sed
946 768 1011 808 ex
1053 752 1227 824 gratia
1271 753 1499 808 veniens
1525 795 1541 819 ,
1570 753 1919 822 imperfectos
1961 771 2057 812 eos

452 846 545 917 qui
578 844 801 913 perfecti
831 844 1084 901 videntur
1116 860 1263 912 esse,
1297 845 1658 901 demonstrat.
1689 846 1845 915 Quod
1875 858 2058 903 autem

457 938 725 1007 scriptum
754 945 838 993 est
867 954 879 991 :
928 934 997 990 Et
1037 937 1248 1007 sanguis
1274 935 1402 991 Iesu
1429 938 1527 1007 ﬁlii
1554 941 1668 1010 ejus
1718 939 1935 992 mundat
1964 955 2060 994 nos

458 1029 524 1084 ab
553 1030 693 1084 omni
718 1038 931 1099 peccato
965 1028 1005 1099 (l
1033 1026 1191 1083 Ioan.
1227 1045 1268 1095 ι,
1301 1028 1394 1099 7),
1424 1026 1452 1067 δ
1484 1037 1593 1085 tam
1633 1031 1685 1085 in
1712 1031 2062 1088 confessione

458 1124 803 1193 baptismatis
830 1164 844 1189 ,
893 1138 1057 1193 quam
1100 1123 1152 1177 iu
1191 1123 1483 1179 clementia
1532 1124 1889 1193 paenitudinis
1920 1125 2065 1181 acci-

462 1217 720 1288 piendum
754 1225 857 1271 est.
890 1216 998 1272 Sed
1021 1215 1168 1271 aliud
1191 1224 1275 1270 est
1303 1214 1556 1270 mundari
1578 1231 1609 1271 a
1636 1217 1767 1283 Deo,
1796 1217 1942 1272 aliud
1969 1232 2065 1288 per

462 1324 523 1365 se
565 1324 689 1365 esse
732 1308 854 1363 sine
898 1307 1052 1364 vitio.
1099 1307 1157 1363 Si
1201 1307 1348 1362 enim
1387 1307 1541 1376 juxta
1592 1306 1696 1363 Job
1734 1323 1748 1361 :
1782 1307 1933 1363 Luna
1962 1326 2066 1365 non

462 1399 720 1470 splendet,
746 1409 794 1454 et
817 1398 984 1454 stella:
1005 1416 1109 1453 non
1138 1407 1259 1453 sunt
1288 1399 1499 1453 munda:
1527 1400 1582 1453 in
1608 1410 1883 1469 conspectu
1911 1402 2026 1471 ejus
2046 1446 2063 1469 ,

463 1501 659 1564 quanto
688 1493 853 1564 magis
898 1490 1073 1554 homo,
1099 1491 1337 1561 putredo,
1368 1500 1416 1544 et
1441 1489 1581 1561 ﬁlius
1608 1491 1860 1557 hominis,
1884 1494 2069 1548 vermis

416 1613 423 1619 -
466 1582 611 1658 (Iob.
644 1600 771 1651 xxv,
792 1583 846 1648 5,
882 1584 937 1653 6)
962 1585 975 1636 l
1006 1581 1180 1637 Omne
1202 1582 1347 1638 enim
1376 1596 1440 1637 os
1468 1582 1792 1651 obstruitur,
1818 1592 1874 1640 et
1900 1586 2071 1639 obno-

2162 659 2436 731 Sapientia
2454 658 2593 713 enim
2621 656 2825 721 mundi,
2855 654 3078 711 stultitia
3103 666 3175 710 est
3201 655 3341 728 apud
3372 652 3543 709 Deum
3567 655 3606 725 (I
3636 653 3763 709 Cor.

2160 771 2218 811 ιιι
2248 798 2263 822 ,
2294 753 2360 809 19
2386 753 2427 824 ).
2482 752 2730 807 Dominus
2773 752 3033 823 cognoscit
3078 751 3414 822 cogitationes
3450 748 3719 803 hominum
3741 794 3759 817 ,

2160 850 2280 920 quia
2307 862 2451 901 name
2476 855 2593 901 sunt
2617 844 2787 917 (Psal.
2812 859 2962 909 xcru,
2999 842 3109 910 11).
3142 842 3208 896 Ει
3237 842 3431 897 iterum
3470 859 3484 893 :
3520 840 3590 895 In
3616 839 3766 895 nullo

2163 943 2299 999 enim
2340 942 2468 995 mihi
2506 941 2742 995 conscius
2782 957 2919 1007 sum,
2961 938 3050 991 sed
3079 954 3171 992 nec
3214 938 3268 990 in
3317 936 3415 991 hoc
3437 936 3765 1009 justiﬁcatus

2163 1051 2298 1096 sum,
2327 1035 2448 1106 quia
2483 1034 2573 1104 qui
2599 1049 2681 1086 me
2703 1032 2933 1103 judicat,
2971 1028 3220 1085 Dominus
3251 1037 3321 1083 est
3353 1028 3398 1100 (Ι
3421 1026 3544 1083 Cor.
3580 1044 3654 1090 tv,
3677 1027 3765 1097 ι).

2166 1126 2377 1181 Dicitur
2403 1137 2458 1181 et
2485 1126 2663 1191 vobis,
2712 1125 2801 1194 qui
2841 1124 2959 1178 sine
2988 1133 3212 1192 peccato
3252 1137 3349 1176 vos
3381 1136 3505 1177 esse
3544 1120 3725 1176 dicitis
3750 1162 3768 1187 ,

2166 1220 2296 1289 quid
2324 1219 2535 1274 habetis
2561 1218 2705 1287 quod
2751 1233 2857 1272 non
2904 1216 3237 1285 accepistis?
3280 1215 3338 1271 Si
3386 1226 3568 1270 autem
3619 1228 3775 1270 acce-

2168 1312 2345 1381 pistis,
2370 1310 2499 1382 quid
2530 1310 2861 1380 gloriamini,
2892 1309 3045 1377 quasi
3092 1322 3199 1363 non
3230 1306 3601 1376 acceperitis?
3644 1305 3775 1359 Iam

2170 1407 2389 1461 saturati
2418 1406 2559 1468 estis,
2580 1409 2696 1475 jam
2718 1404 2898 1457 divites
2926 1402 3050 1473 facti
3072 1402 3195 1456 estis
3224 1400 3243 1473 (
3270 1400 3439 1465 Ibid.,
3473 1398 3575 1470 8).
3615 1398 3684 1453 Et
3714 1404 3776 1452 ut

2171 1499 2406 1555 sciamus
2446 1514 2555 1552 non
2589 1514 2654 1551 ex
2688 1496 2883 1555 nobis.
2916 1496 3009 1551 sed
3053 1511 3117 1550 ex
3164 1494 3253 1550 Dei
3286 1503 3484 1550 cuncta
3532 1491 3780 1562 pendere

2166 1591 2373 1663 judicio
2405 1610 2417 1644 :
2457 1588 2693 1655 Veniam,
2728 1589 2924 1658 inquit,
2956 1588 3107 1642 citius
3142 1587 3211 1640 ad
3253 1603 3340 1640 vos
3362 1627 3377 1651 ,
3426 1586 3473 1639 si
3516 1583 3783 1638 Dominus

468 1677 593 1732 xius
624 1686 707 1731 cst
738 1676 918 1730 omnis
945 1673 1181 1730 mundus
1215 1675 1323 1731 Deo
1354 1692 1368 1730 :
1405 1675 1542 1741 Quia
1575 1692 1639 1730 ea;
1674 1677 1914 1749 operibus
1944 1676 2071 1751 legis
2171 1687 2388 1740 voluerit
2418 1687 2436 1753 (
2462 1682 2627 1751 Ibid.,
2659 1682 2725 1738 19
2748 1682 2790 1754 ).
2837 1682 2938 1749 Qui
2967 1682 3112 1737 enim
3138 1680 3306 1745 dicit,
3340 1681 3536 1734 veniam
3559 1682 3631 1733 ad
3660 1695 3783 1744 vos,

472 1786 573 1824 non
592 1768 972 1839 justiﬁcabitur
998 1769 1163 1822 omnis
1190 1784 1311 1823 caro
1332 1785 1506 1823 coram
1529 1785 1587 1824 eo
1614 1768 1808 1841 (Rom.
1842 1787 1900 1825 ιιι
1927 1813 1941 1837 ,
1979 1772 2070 1837 19,

2187 1779 2417 1836 ostendit
2447 1794 2506 1834 se
2531 1779 2691 1842 velle,
2726 1786 2994 1832 monstrat
3021 1790 3245 1846 cupere,
3277 1774 3537 1844 promittit
3565 1773 3789 1828 adven-

474 1863 593 1935 20).
630 1863 890 1933 Nullaque
920 1863 1179 1918 distantia
1211 1872 1294 1919 est
1316 1878 1691 1933 personarum.
1724 1863 1912 1921 Omnes
1936 1867 2072 1921 enim
2101 1864 2149 1923 Β
2176 1880 2313 1928 tum.
2346 1871 2454 1927 Sed
2488 1880 2545 1923 ut
2586 1870 2798 1924 cautius
2829 1870 2945 1922 haec
2977 1868 3228 1937 loquatur
3248 1910 3264 1933 ,
3288 1865 3449 1921 infert
3469 1907 3485 1930 ,
3514 1866 3560 1919 si
3589 1862 3790 1918 Domi—

478 1968 839 2031 peccaverunt,
880 1968 928 2013 et
959 1959 1191 2033 indigent
1220 1959 1391 2031 gloria
1420 1958 1519 2014 Dei
1547 1977 1565 2015 :
1594 1962 1874 2033 justiﬁcati
1914 1964 2076 2034 gratis
2177 1981 2275 2018 nus
2304 1961 2542 2017 voluerit.
2578 1961 2634 2018 Si
2663 1960 2785 2031 quis
2814 1961 2960 2016 enim
2992 1968 3145 2029 putat
3172 1974 3233 2014 se
3258 1958 3383 2029 quid
3413 1970 3601 2023 nosse,
3644 1970 3786 2012 nec-

477 2070 570 2125 per
593 2052 815 2125 gratiam
845 2053 1008 2124 ipsius
1044 2051 1232 2123 (Ibid.,
1257 2053 1352 2119 23,
1386 2052 1506 2124 24).
1550 2054 1607 2110 Si
1638 2064 1817 2109 autem
1846 2056 2071 2110 scribit:

476 2144 855 2201 Existimamus
884 2147 989 2215 ﬁde
1006 2147 1295 2220 justiﬁcari
1317 2145 1573 2201 hominem
1593 2148 1704 2203 sine
1731 2148 1968 2221 operibus
1998 2148 2075 2203 le-

478 2237 579 2308 gis,
605 2238 856 2309 siquidem
883 2255 1014 2292 unus
1040 2246 1116 2292 est
1137 2236 1300 2304 Deus,
1330 2240 1417 2310 qui
1437 2239 1695 2311 justiﬁcat
1725 2241 2076 2296 circumcisio-

478 2346 593 2385 nem
633 2347 697 2385 ex.
724 2330 853 2402 lege,
888 2340 937 2385 et
962 2332 1269 2402 prteputium
1297 2348 1363 2385 ex
1402 2332 1506 2401 ﬁde
1543 2333 1563 2405 (
1587 2331 1728 2387 Ibid.
1756 2375 1771 2400 ,
1801 2334 1872 2389 28
1896 2377 1911 2401 ,
1944 2334 2036 2407 50)
2062 2354 2076 2390 :

481 2424 773 2480 manifeste
802 2424 1077 2490 ostendit,
1110 2440 1215 2478 non
1259 2426 1312 2479 in
1342 2425 1577 2481 hominis
1619 2427 1814 2482 merito
1840 2469 1855 2494 ,
1882 2429 1975 2482 sed
2024 2429 2077 2483 iu

484 2516 579 2573 Dei
606 2519 776 2588 gratia
804 2518 1224 2588 cssejustitiam,
1250 2520 1339 2588 qui
1369 2518 1487 2575 sine
1512 2520 1647 2591 legis
1668 2520 1929 2591 operibus
1956 2536 2078 2575 cre-

483 2608 731 2665 dentium
762 2611 991 2680 suscipit
1021 2610 1207 2666 fidem.
1254 2609 1410 2668 Unde
1441 2613 1688 2682 sequitur
1735 2630 1749 2665 :
1799 2610 2081 2667 Peccatum

486 2702 640 2755 vestri
679 2719 780 2755 non
810 2702 1181 2756 dominabitur.
1213 2702 1364 2757 Cur?
1391 2702 1526 2769 Quia
1540 2698 1647 2757 non
1680 2705 1799 2758 estis
1826 2704 1917 2757 sub
1948 2702 2079 2776 lege,

480 2794 572 2847 sed
600 2794 693 2847 sub
719 2795 890 2865 gratia
918 2794 1096 2866 (Rom.
1125 2810 1200 2861 vr,
1233 2796 1346 2862 M).
1400 2793 1519 2848 Non
1548 2796 1682 2850 enim
1713 2795 1947 2860 volentis,
1992 2812 2083 2849 ne-

482 2900 581 2955 que
605 2885 856 2938 currentis
874 2926 890 2953 ,
920 2886 1009 2939 sed
1038 2887 1325 2940 miserentis
1353 2895 1426 2940 est
1456 2885 1556 2940 Dei
1584 2886 1776 2957 (Rom.
1810 2905 1862 2942 ix
1886 2932 1902 2955 ,
1950 2888 2077 2959 l6).

490 2972 642 3028 Unde
665 2984 712 3027 et
736 2985 909 3047 gentes
937 2993 1052 3048 qua:
1081 2995 1183 3032 non
1206 2980 1530 3033 sectabantur
1548 2980 1831 3052 justitiam,
1854 2998 2084 3053 compre-

484 3065 770 3121 henderunt
790 3070 1073 3140 justitiam,
1093 3070 1353 3143 justitiam
1391 3081 1561 3125 autem
1596 3088 1660 3125 ea:
1689 3083 1711 3110 ο
1742 3072 1865 3141 ﬁde.
1913 3073 2082 3129 Israel

484 3168 658 3215 autem
703 3178 915 3233 sequens
959 3162 1121 3236 legem
1153 3164 1411 3235 justititz,
1459 3166 1512 3218 in
1551 3164 1713 3237 legem
1735 3168 1953 3241 justitiae
1981 3184 2083 3222 non

2176 2055 2303 2112 dum
2335 2055 2508 2119 novit,
2541 2054 2683 2108 sicut
2712 2068 2875 2108 nosse
2905 2062 3139 2122 oportet.

2249 2150 2303 2205 9.
2338 2147 2536 2203 Iterum
2583 2163 2648 2202 ea:
2691 2144 2960 2217 Apostolo.
2989 2174 3062 2185 —
3095 2142 3199 2198 Vas
3229 2142 3513 2198 electionis
3560 2139 3790 2195 humili-

2182 2249 2292 2294 tate
2322 2238 2569 2309 dejectus
2595 2278 2611 2304 ,
2644 2239 2812 2292 immo
2839 2235 3175 2291 conscientia
3204 2232 3513 2304 fragilitatis
3543 2247 3657 2287 sua:
3694 2232 3788 2287 lo-

2178 2332 2367 2401 quitur
2402 2349 2416 2383 :
2452 2329 2564 2399 Ego
2586 2345 2705 2384 sum
2729 2329 2972 2382 minimus
2998 2326 3386 2397 Apostolorum,
3418 2325 3507 2395 qui
3542 2340 3644 2378 non
3668 2341 3789 2378 sum

2181 2426 2368 2495 dignus
2397 2424 2569 2478 vocari
2598 2424 2876 2493 Apostolus
2903 2464 2918 2489 ,
2945 2420 3195 2491 quoniam
3216 2427 3511 2490 persecutus
3542 2433 3658 2469 sum
3688 2413 3794 2469 Ec-

2180 2515 2389 2571 clesium
2429 2514 2571 2569 Dei:
2600 2515 2766 2586 gratia
2793 2522 2964 2566 autem
3006 2509 3101 2564 Dei
3148 2526 3261 2562 sum
3290 2508 3346 2561 id
3389 2506 3530 2579 quod
3559 2523 3694 2574 sum,
3739 2514 3792 2561 et

2181 2610 2351 2682 gratia
2379 2609 2541 2678 ipsius
2567 2608 2622 2661 in
2655 2623 2735 2660 me
2774 2622 2934 2659 vacua
2958 2622 3059 2658 non
3091 2604 3233 2675 fuit;
3271 2602 3363 2657 sed
3392 2601 3627 2656 omnibus
3672 2598 3791 2655 illis

2182 2703 2405 2771 amplius
2432 2702 2680 2762 laboravi,
2707 2715 2809 2753 non
2834 2714 2930 2772 ego
2953 2707 3149 2760 autem,
3177 2692 3204 2732 ἀ
3231 2695 3324 2749 sed
3348 2695 3518 2766 gratia
3551 2693 3647 2747 Dei
3669 2708 3795 2764 qua:

2182 2810 2381 2850 mecum
2405 2803 2480 2847 est
2508 2792 2571 2866 (ι
2595 2792 2715 2846 Cor.
2744 2808 2761 2847 ι
2786 2833 2801 2859 ,
2834 2792 2889 2857 9,
2921 2790 2989 2846 10
3013 2789 3054 2861 ).
3108 2789 3244 2843 Dicit
3295 2803 3356 2844 se
3388 2787 3509 2858 plus
3531 2785 3792 2841 omnibus

2184 2888 2459 2959 Apostolis
2485 2887 2782 2952 laborasse,
2811 2886 3102 2954 statimque
3131 2882 3372 2937 laborem
3405 2895 3562 2935 suum
3593 2880 3661 2934 ad
3688 2879 3793 2935 Dei

2185 2982 2351 3037 refert
2379 2978 2639 3033 auxilium
2673 2996 2686 3033 :
2715 2977 2837 3032 Non
2867 2993 2994 3048 ego,
3026 2975 3300 3046 inquiens,
3332 2974 3423 3028 sed
3463 2974 3637 3047 gratia
3667 2969 3793 3039 Dei,

2185 3090 2301 3147 qute
2327 3089 2524 3127 mecum
2552 3072 2664 3139 esl(
2694 3071 2734 3126 ll
2767 3069 2884 3126 Cor.
2919 3085 2998 3134 ιιι,
3021 3067 3055 3122 4
3082 3068 3102 3139 )
3127 3084 3142 3133 ;
3174 3068 3314 3122 sicut
3344 3076 3400 3121 et
3431 3067 3481 3120 in
3524 3065 3636 3119 alio
3666 3064 3795 3119 loco

2188 3167 2424 3237 laquitur
2453 3184 2466 3219 :
2499 3164 2775 3218 Fiduciam
2802 3171 2975 3216 autem
3010 3159 3166 3216 talem
3204 3159 3447 3214 habemus
3487 3175 3581 3228 per
3608 3155 3796 3212 Iesum

486 3253 735 3319 pervenit,
766 3256 1007 3324 quoniam
1034 3272 1134 3309 non
1165 3273 1229 3310 ex
1253 3256 1376 3326 ﬁde,
1407 3261 1497 3311 sed
1525 3275 1589 3313 ea:
1608 3261 1861 3331 operibus.
1899 3260 2079 3327 Ollen-
2111 3248 2157 3311 C
2188 3260 2448 3317 Christum
2479 3264 2545 3317 ad
2573 3260 2761 3327 Deum,
2791 3278 2893 3315 non
2919 3260 3040 3328 quia
3065 3274 3129 3313 ex
3144 3256 3288 3310 nobis
3314 3256 3439 3328 ipsis
3468 3255 3798 3325 sufﬁcientes

489 3357 675 3401 aerum
700 3350 835 3402 enim
872 3349 924 3403 in
953 3349 1175 3420 lapidem
1203 3349 1499 3417 oll'ensionis
1525 3352 1547 3426 (
1570 3350 1735 3419 Ibid.,
1758 3354 1850 3420 50,
1871 3372 2009 3425 seqq.
2040 3354 2081 3423 ).

489 3437 641 3495 Finis
669 3442 805 3495 enim
834 3440 960 3515 legis
996 3442 1234 3499 Christus
1270 3444 1338 3498 ad
1366 3446 1629 3517 justitiam
1677 3449 1816 3502 omni
1856 3448 2085 3502 credenti

492 3531 673 3604 (Rom.
707 3550 764 3600 χ,
793 3533 873 3605 4).

561 3625 614 3681 8.
652 3625 737 3681 Ea:
761 3626 996 3698 Apostoli
1027 3627 1301 3699 Epistolis.
1332 3661 1402 3670 —
1423 3633 1646 3688 Cunctas
1675 3648 1845 3703 prope
1872 3634 2087 3702 Episto-

494 3718 559 3774 la:
590 3718 836 3786 Apostoli
872 3721 975 3775 hoc
1007 3722 1208 3779 habent
1236 3724 1557 3794 principium
1585 3743 1599 3779 :
1628 3724 1810 3780 Gratia
1854 3726 1992 3781 vobis
2038 3735 2086 3781 et

491 3825 595 3879 pax
622 3828 653 3863 a
681 3809 791 3865 Deo
822 3812 977 3868 Patre
1002 3823 1051 3868 et
1080 3812 1286 3869 Christo
1311 3815 1437 3871 Iesu
1469 3816 1688 3872 Domino
1715 3820 1876 3892 751
1911 3829 2086 3873 nostro

399 3971 403 3974 ν
492 3900 557 3970 (l
585 3899 706 3955 Cor.
742 3919 784 3968 ι,
826 3903 900 3975 ὅ)
931 3947 944 3972 ,
975 3915 1032 3961 et
1058 3906 1221 3961 simili
1252 3908 1358 3962 line
1383 3909 1731 3965 clauduntur.
1779 3910 1863 3966 Ad
1893 3909 2086 3966 Coriu-

492 3994 636 4049 thios
665 4012 884 4066 quoque
910 4000 1173 4056 scribitur
1204 4019 1217 4056 :
1254 3999 1323 4057 Ut
1349 4019 1449 4057 non
1480 4003 1757 4076 indigeatis
1783 4002 1895 4058 ulla
1925 4005 2090 4059 dona-

493 4089 632 4142 tione
652 4133 666 4152 ,
717 4102 1064 4164 exspectantes
1104 4094 1463 4151 reuelationem
1494 4094 1705 4151 Domini
1750 4101 1914 4153 nostri
1961 4098 2089 4153 Iesu

493 4176 709 4249 Christi,
735 4187 824 4252 qui
847 4194 896 4238 et
926 4187 1248 4254 conﬁrmabit
1279 4204 1364 4242 vos
1386 4205 1544 4260 usque
1565 4191 1621 4244 in
1652 4191 1807 4260 ﬁnem
1835 4193 1948 4246 sine
1982 4194 2087 4247 eri.

493 4273 630 4326 mine
653 4274 707 4327 in
741 4276 824 4330 die
852 4273 1067 4331 Domini
1096 4280 1258 4333 nostri
1284 4278 1415 4335 Iesu
1444 4279 1637 4336 Christi
1663 4282 1681 4355 (
1704 4280 1870 4353 Ibid.,
1905 4285 1961 4349 7,
1990 4284 2083 4358 8).

498 4363 648 4421 Licet
681 4383 811 4439 ergo
840 4370 988 4425 nulla
1015 4371 1356 4442 indigeamus
1393 4373 1684 4431 donatione
1707 4420 1722 4443 ,
1771 4387 1951 4432 tamen
1996 4393 2089 4433 ex-

494 4468 806 4527 spectamus
836 4463 1224 4519 rovelationem
1257 4465 1473 4521 Domini
1504 4467 1673 4522 nostri
1701 4467 1832 4524 Iesu
1861 4467 2085 4536 Christi,

490 4554 583 4621 qui
617 4561 744 4605 tunc
771 4568 873 4609 nos
906 4557 957 4610 in
999 4559 1249 4614 omnibus
1295 4560 1680 4627 conﬁrmabit,
1731 4572 1785 4618 et
1837 4562 2089 4618 ostendet

2188 3358 2349 3411 simus
2378 3364 2620 3425 reputare
2648 3352 2866 3426 aliquid,
2901 3353 3049 3428 quasi
3074 3366 3138 3405 ea:
3166 3358 3341 3404 nostro
3362 3365 3379 3402 :
3400 3347 3489 3400 sed
3517 3348 3794 3416 sufﬁcien-

2188 3449 2260 3501 tia
2288 3458 2460 3501 nostra
2485 3464 2552 3502 ea:
2581 3445 2689 3500 Deo
2715 3455 2809 3508 est,
2838 3444 2928 3516 qui
2953 3452 3000 3499 et
3030 3460 3123 3498 nos
3153 3442 3335 3514 dignos
3357 3441 3519 3514 752
3544 3440 3667 3507 fecit
3698 3440 3799 3492 mi.

2189 3542 2377 3595 nistros
2405 3540 2522 3594 novi
2547 3538 2861 3593 Testamenti
2888 3540 2907 3611 (
2934 3537 2976 3592 ll
3005 3535 3127 3591 Cor.
3160 3551 3219 3590 tu
3244 3576 3259 3600 ,
3291 3535 3388 3589 4-6
3406 3537 3448 3605 ).
3495 3533 3614 3587 Non
3645 3533 3795 3586 enim

2185 3634 2517 3705 iustiﬁcetur
2549 3634 2713 3687 homo
2743 3649 2809 3687 ex
2855 3630 3117 3699 cperibus
3148 3629 3283 3699 legis
3315 3670 3330 3695 ,
3370 3627 3471 3682 nisi
3501 3642 3598 3696 per
3630 3625 3792 3680 ﬁdem

2189 3726 2318 3781 Iesu
2352 3724 2576 3779 Christi.
2610 3723 2763 3780 Unde
2790 3722 2991 3777 infert:
3020 3719 3086 3774 Et
3116 3736 3211 3774 nos
3236 3722 3289 3773 in
3314 3716 3496 3773 Iesum
3524 3715 3793 3771 Christum

2191 3818 2522 3874 credidimus.
2567 3825 2623 3870 ut
2646 3815 2995 3888 justiﬁcemur
3023 3828 3086 3867 ea:
3110 3810 3215 3881 ﬁde
3258 3809 3475 3873 Christi,
3505 3817 3551 3863 et
3583 3823 3685 3861 non
3731 3822 3796 3859 ex

2192 3912 2428 3985 operibus
2458 3913 2602 3983 legis,
2636 3912 2760 3982 quia
2786 3926 2849 3964 ea:
2875 3908 3114 3979 operibus
3143 3904 3271 3978 legis
3294 3920 3395 3957 non
3409 3901 3794 3985 justiﬁcabitur

2194 3984 2360 4060 omnis
2387 4021 2508 4059 caro
2542 4002 2683 4073 (Gal.
2712 4019 2769 4065 ll,
2799 4000 2913 4069 16).
2939 4000 3001 4055 Si
3027 3999 3160 4053 enim
3186 4014 3248 4053 ea:
3274 3996 3385 4068 lege
3399 3984 3631 4067 justitia,
3669 4008 3794 4062 ergo

2192 4100 2430 4156 Christus
2459 4100 2569 4152 sine
2596 4114 2751 4151 causa
2789 4105 3020 4149 mortuus
3044 4102 3119 4147 est
3148 4090 3355 4163 (Ibid.,
3386 4090 3453 4142 21
3482 4089 3524 4158 ).
3573 4085 3641 4141 In
3683 4085 3797 4156 lege

2190 4190 2489 4244 maledictio
2512 4198 2584 4242 est
2613 4205 2630 4253 ;
2665 4189 2921 4254 scriptum
2952 4194 3026 4240 est
3052 4186 3209 4249 enim,
3246 4180 3557 4236 Maledictus
3580 4178 3748 4233 omnis
3774 4218 3791 4244 ,

2190 4283 2279 4353 qui
2311 4298 2416 4335 non
2442 4292 2704 4349 permanet
2733 4282 2787 4333 in
2809 4278 3045 4332 omnibus
3071 4291 3189 4348 quae
3219 4275 3414 4345 scripta
3435 4281 3549 4328 sunt
3575 4272 3626 4323 in
3653 4269 3791 4322 libro

2192 4374 2367 4448 Legis,
2408 4382 2462 4427 ut
2511 4374 2669 4443 faciat
2701 4389 2781 4427 ea.
2833 4371 3071 4426 Christus
3116 4384 3209 4422 nos
3256 4366 3470 4420 redemit
3514 4364 3575 4418 de
3622 4358 3793 4415 male-

2193 4471 2417 4525 dictione
2440 4470 2567 4542 legis
2591 4511 2607 4536 ,
2654 4470 2818 4541 [actus
2861 4482 2955 4536 pro
2984 4462 3129 4518 nobis
3157 4461 3447 4516 maledictio
3494 4454 3662 4531 (Gal.
3694 4470 3793 4523 ιιι,

2195 4563 2284 4629 10,
2315 4563 2429 4632 15).
2462 4562 2525 4617 Si
2550 4564 2685 4615 enim
2708 4560 2831 4615 data
2858 4564 2984 4612 esset
3012 4555 3114 4622 lex,
3159 4569 3275 4624 quis
3305 4559 3474 4622 posset
3502 4549 3789 4617 viviﬁcare,

489 4642 610 4697 sine
641 4645 868 4700 crimine
893 4692 908 4714 ,
956 4665 1077 4705 cum
1108 4651 1229 4708 dies
1257 4652 1473 4709 Domini
1522 4656 1693 4712 nostri
1723 4655 1851 4713 Iesu
1882 4655 2088 4713 Christi
2120 4636 2168 4696 ί)
2194 4672 2310 4710 vere
2334 4672 2398 4710 ea:
2420 4653 2532 4728 lege
2562 4663 2689 4709 esset
2713 4651 2941 4726 justitia.
2968 4647 3074 4705 Sed
3101 4644 3348 4702 conclusit
3371 4643 3649 4715 Scriptura
3679 4655 3795 4694 om-

488 4742 545 4789 et
578 4736 759 4790 muudi
792 4736 915 4793 ﬁnis
942 4740 1245 4809 advenerit,
1279 4755 1337 4799 ut
1370 4762 1474 4800 nun
1503 4746 1772 4816 glorietur
1797 4750 1975 4805 omnis
2000 4764 2090 4804 ca-

488 4845 550 4885 ru
582 4831 634 4885 iu
658 4842 952 4903 conspectu
979 4837 1118 4906 ejus.
1154 4838 1352 4895 Paulus
1384 4840 1666 4911 plantavit,
1712 4841 1911 4913 Apollo
1943 4844 2085 4914 riga-

486 4926 565 4981 vit
596 4926 636 5000 (l
662 4924 782 4982 Cor.
811 4943 868 4996 ιι,
901 4928 982 4997 6),
1036 4931 1131 4988 sed
1160 4932 1427 4990 Dominus
1453 4936 1848 4991 incrementum
1890 4936 2040 4992 dedit
2072 4956 2086 4993 :

484 5035 619 5090 ergo
651 5038 830 5093 neque
858 5024 947 5094 qui
980 5025 1203 5094 plantat,
1225 5042 1400 5097 neque
1418 5029 1511 5099 qui
1540 5029 1704 5099 rigat,
1735 5040 1817 5085 est
1846 5030 2048 5100 aliquid
2072 5046 2087 5096 ;

484 5112 581 5167 sed
609 5114 699 5182 qui
736 5116 1130 5172 incrementum
1162 5116 1294 5185 dat,
1325 5120 1486 5175 Deus.
1532 5121 1708 5190 Ipsius
1753 5122 1897 5177 enim
1947 5124 2089 5191 agri-

484 5207 748 5273 cultura,
803 5208 979 5278 ipsius
1036 5211 1325 5267 aediﬁcatio
1391 5228 1600 5268 sumus.
1635 5213 1798 5269 Juxta
1853 5215 2083 5287 gratiam

486 5300 621 5367 Dei,
657 5301 812 5372 quasi
844 5303 1066 5373 sapiens
1096 5304 1426 5363 architectus
1467 5310 1612 5379 ponit
1648 5309 2079 5365 fundamentum.

559 5517 588 5582 εί
618 5508 922 5567 Laborabat
948 5526 1142 5568 sensus
1169 5513 1619 5582 interpunctionis
1641 5512 1804 5576 vitio;
1834 5513 1913 5566 sic
1939 5512 2081 5567 enim

485 5581 747 5654 scriptum
778 5592 933 5648 erat,
967 5582 1107 5639 luces
1133 5594 1180 5639 et
1218 5581 1478 5654 sapientes
1515 5584 1659 5638 sint?
1704 5583 1808 5636 sub
1852 5582 2087 5654 interru-

485 5653 644 5725 gandi
671 5664 817 5720 nota,
846 5656 1044 5711 exinde
1069 5671 1205 5711 nova
1234 5653 1512 5725 periodus,
1534 5654 1624 5709 Sic
1647 5653 1892 5723 perfectio
1927 5653 2092 5706 homi-

485 5722 589 5809 nis:
621 5734 753 5809 etc...
787 5727 838 5809 in
863 5722 1383 5809 fvulgalishacteuus
1415 5725 1587 5780 libris.

522 5841 531 5861 ,
558 5791 587 5830 ι»
617 5791 1110 5873 ﬁdduutﬂaticani
1136 5797 1438 5873 duu,mss.,_
1449 5794 1667 5850 mundat
1682 5794 1890 5873 quidem
1905 5811 2005 5873 nos
2029 5795 2094 5873 a_b

489 5867 629 5917 omni
658 5868 868 5932 peccato
890 5874 1016 5930 tam,
1050 5878 1157 5922 etc.
1185 5879 1344 5937 atquc
1373 5867 1511 5923 adeo
1543 5882 1671 5922 mox
1707 5871 1870 5923 vaces
1900 5870 1914 5935 ς
1956 5868 2095 5921 arci-

2194 4752 2282 4805 nia
2308 4750 2400 4806 sub
2426 4758 2655 4821 peccato,
2683 4756 2739 4801 ut
2768 4743 3100 4814 repromissio
3145 4757 3236 4811 per
3262 4739 3420 4809 ﬁdem
3445 4734 3573 4791 Iesu
3601 4733 3798 4791 Christi

2193 4844 2402 4897 daretur
2427 4838 2768 4895 credentibus.
2799 4836 2909 4891 Lex
2928 4850 3050 4907 ergo
3076 4831 3390 4905 pcedagogus
3416 4836 3589 4883 noster
3616 4827 3716 4898 fuit
3740 4825 3794 4878 in

2195 4934 2423 5001 Christo,
2450 4943 2507 4987 ut
2531 4949 2594 4987 ea:
2628 4932 2730 5002 ﬁde
2746 4930 3095 5004 justi/icemur
3116 4925 3135 4996 (
3155 4923 3292 4979 Ibid.
3321 4966 3335 4991 ,
3370 4919 3590 4990 21—24).
3641 4917 3798 4975 Unde

2193 5029 2363 5097 addit,
2391 5037 2445 5084 et
2476 5043 2585 5084 uno
2608 5026 2882 5083 versiculo
2904 5024 3083 5078 omnia
3111 5017 3546 5089 comprehendit,
3569 5014 3790 5071 dicens:

2196 5119 2447 5176 Evacuati
2474 5121 2592 5174 estis
2632 5136 2662 5171 a
2703 5115 2907 5171 Christo
2931 5155 2946 5180 ,
2980 5115 3068 5186 qui
3111 5115 3166 5168 in
3196 5111 3307 5184 lege
3328 5107 3695 5183 justiﬁcamini
3717 5145 3734 5174 ,
3764 5121 3799 5157 ιι

2194 5216 2365 5287 gratia
2394 5211 2656 5268 excidistis
2682 5208 2887 5280 (Gulut.
2919 5223 2971 5271 v,
3014 5206 3097 5272 4).

2266 5306 2355 5361 10.
2404 5305 2451 5359 Α
2490 5305 2634 5359 nullo
2662 5301 2825 5374 legem
2845 5316 2951 5357 esse
2981 5296 3309 5370 completam.
3341 5323 3413 5334 —
3442 5292 3570 5349 llaec
3598 5297 3794 5347 cuncta

2190 5514 2439 5585 piendum
2461 5520 2543 5585 est
2563 5527 2670 5585 non
2694 5518 3020 5585 agnoscunt.

2267 5596 2289 5624 ο
2322 5585 2472 5642 Unus
2500 5583 2700 5640 Vatic..
2716 5572 2981 5650 iustitiam
3006 5588 3173 5633 autem
3203 5593 3318 5650 qua:
3341 5583 3414 5650 est
3440 5591 3507 5650 eat
3538 5572 3658 5650 ﬁde.

2262 5653 2289 5693 (³
2322 5641 2414 5713 Sic
2437 5656 2587 5724 juxta
2617 5641 2887 5710 Graecum.
2946 5641 3247 5724 Vidchqum
3278 5648 3345 5701 de
3386 5647 3549 5724 hujus
3579 5644 3680 5724 luci
3715 5641 3796 5724 le-

2193 5728 2375 5781 ctione
2405 5713 2565 5797 sitpra
2608 5736 2930 5797 annotamns
2950 5764 2966 5789 ,
2998 5733 3054 5780 et
3083 5713 3536 5789 SCAugustinum
3578 5713 3678 5770 ltb.
3730 5713 3799 5767 de

2196 5796 2383 5854 Gratia
2414 5794 2670 5853 et'libero
2699 5794 2949 5851 arbitrio.
