4036 6336
170 249 280 306 545

1038 245 1383 308 DIALOGUS
1423 245 1792 308 ADVERSUS
1831 246 2286 307 PELAGIANOS.
2330 247 2461 305 LIB.
2502 247 2568 305 ll.

3367 253 3474 310 566

170 382 438 437 percurro
467 410 480 433 ,
516 376 575 422 ut
620 367 900 422 ostendam
930 383 958 421 a
986 367 1135 421 nullo
1168 368 1340 439 legem
1373 383 1495 423 esse
1527 367 1769 437 comple-
1799 372 1846 428 Α
1881 366 1945 419 Ει
1974 381 2094 436 quae
2119 375 2202 420 est
2224 366 2399 435 major
2426 365 2732 429 inimicitia,
2763 381 2920 434 quam
2946 363 3215 420 amicitias
3241 368 3481 422 necessi-

173 472 284 515 tam
317 504 329 524 ,
364 471 420 516 et
451 477 546 530 per
575 463 745 531 legem
777 462 1021 516 mandata
1051 463 1230 516 omnia
1262 478 1380 532 quae
1429 463 1775 517 continentur

170 552 226 608 in
255 553 394 624 lege.
435 555 577 611 Deus
601 565 687 610 est
711 559 852 610 enim
886 556 974 626 qui
999 563 1256 625 operatur
1286 557 1338 611 in
1371 558 1547 616 nobis.
1582 568 1635 611 et
1663 557 1774 612 vel-

172 645 228 700 le
261 655 317 699 t-t
350 647 630 716 perlicere.
681 647 915 702 Laborat
959 648 1252 718 Apostolus
1279 649 1559 720 (Philipp.
1595 651 1690 720 ιι),
1720 660 1775 705 et

165 737 327 806 juxta
351 739 616 808 justitiam
646 756 762 810 qua:
787 742 838 794 in
869 741 985 811 lege
1011 753 1114 807 est,
1144 742 1264 797 sine
1291 743 1629 812 querimonia
1644 759 1775 798 con—

166 837 464 898 versatus,
513 833 692 886 omnia
741 847 838 901 pro
869 833 1086 888 ChriSto
1128 834 1276 888 ducit
1321 835 1646 906 quisquilias
1672 878 1687 903 ,
1718 844 1777 892 ut

169 922 481 978 inveniatur
512 923 564 978 in
593 923 812 979 Christo
837 966 852 989 ,
881 942 989 979 non
1023 927 1230 981 habens
1260 943 1414 984 suam
1457 929 1729 1000 justitiam
1753 970 1770 997 ,

170 1033 294 1087 quae
335 1031 402 1072 ex
447 1017 603 1087 lege,
659 1018 755 1072 sed
801 1034 923 1088 qua:
966 1035 1034 1074 ex
1086 1020 1191 1074 ﬁde
1221 1018 1424 1076 Christi
1472 1032 1609 1078 esta
1641 1025 1771 1080 Deo.

173 1109 327 1165 Unde
356 1108 544 1164 scribit
569 1109 637 1164 ad
668 1109 1184 1166 Thessalonicenses
1215 1130 1226 1166 :
1263 1113 1460 1168 Fidelis
1490 1125 1661 1170 autem
1702 1124 1776 1171 est

172 1201 556 1272 Dominus,qui
577 1202 796 1256 servabit
821 1220 928 1268 eos,
953 1213 997 1257 et
1027 1206 1274 1258 custodiet
1299 1224 1330 1258 a
1355 1207 1492 1260 malo
1509 1206 1771 1276 (llThess.

173 1309 256 1358 ιιι,
287 1293 368 1364 5).
414 1294 556 1365 Ergo
609 1309 715 1348 non
765 1294 921 1350 liberi
972 1296 1181 1350 arbitrii
1214 1307 1480 1364 potestate
1504 1341 1518 1365 ,
1549 1299 1644 1353 sed
1681 1299 1774 1354 Dei

170 1387 460 1443 clementia
490 1403 901 1442 conservantur.
953 1390 1031 1444 Ac
1061 1405 1128 1444 ne
1159 1399 1316 1459 putes
1345 1394 1774 1461 argumentatio-

171 1480 332 1534 nibus
363 1480 516 1535 vanis
542 1521 558 1546 ,
591 1496 712 1550 quae
753 1492 971 1536 movent
1014 1482 1358 1538 audientibus
1400 1488 1731 1554 qua-stiones
1757 1526 1772 1550 ,

174 1575 461 1628 veritatem
487 1588 651 1642 posse
683 1574 807 1628 fidei
838 1574 1101 1640 subverti,
1132 1575 1272 1631 idem
1305 1577 1601 1646 Apostolus
1641 1578 1777 1633 scri—

174 1666 258 1721 bit
290 1668 354 1720 ad
385 1667 731 1722 Timotheum
769 1686 782 1722 :
817 1667 860 1721 0
897 1668 1189 1733 Timotheo,
1223 1669 1518 1739 depositum
1546 1672 1773 1734 custodi,

1879 467 1988 512 tate
2018 459 2275 514 sociare?
2316 457 2502 528 Neque
2549 459 2693 513 enim
2740 457 2875 511 dixit
2904 477 2915 509 :
2950 457 3097 528 Roga
3126 474 3248 514 eum
3295 467 3350 512 ut
3383 459 3480 514 tibi

1879 551 2239 615 concilietur;
2275 550 2393 617 sed,
2433 549 2810 606 Reconciliare
2839 549 3071 618 primum
3102 549 3254 604 fratri
3285 560 3398 616 tuo,
3427 557 3484 605 et

1877 643 1955 696 sic
1982 641 2179 697 oll'eres
2211 657 2406 697 munus
2433 653 2581 697 tuum
2615 643 2680 698 ad
2709 643 2897 698 altare.
2954 640 3070 696 Non
3103 643 3246 710 quod
3279 644 3482 712 impos-

1877 735 2054 790 sibilia
2094 737 2234 791 Deus
2267 737 2622 807 prreeeperit;
2676 736 2772 792 sed
2821 737 2872 791 in
2908 746 3114 790 tantum
3146 735 3173 774 ι)
3204 735 3483 806 patientia:

1877 829 2092 883 culmen
2122 828 2390 894 ascendit,
2425 837 2484 883 ut
2508 845 2680 899 ιιι-ονε
2711 829 3070 897 impossibilia
3101 843 3196 896 pro
3243 828 3482 882 difﬁcul-

1879 933 1987 978 tate
2021 924 2184 978 nimia
2241 924 2570 994 praecepisse
2636 924 2883 980 videatur
2958 923 3190 992 (Matth.
3227 939 3395 990 xvni,
3437 932 3486 976 et

1881 1017 2049 1072 Marc.
2082 1019 2158 1089 ts)
2195 1036 2206 1071 :
2253 1019 2318 1073 ad
2347 1018 2736 1074 destruendam
2783 1017 3111 1073 sententiam
3145 1027 3294 1071 tuam
3318 1058 3332 1079 ,
3379 1031 3484 1086 qua

1879 1111 2073 1165 scribis
2099 1151 2112 1174 ,
2167 1109 2371 1164 Facilia
2417 1127 2525 1163 esse
2569 1110 2665 1164 Dei
2706 1109 2972 1164 mandata.
3007 1108 3479 1163 Scandalizantetn

1881 1218 2124 1269 manum,
2159 1203 2374 1258 oculum
2405 1214 2457 1258 et
2484 1203 2676 1272 pedem
2701 1203 2955 1273 jubemur
2983 1201 3322 1256 abscindere.
3354 1201 3486 1257 Esto

1879 1313 1975 1368 per
2007 1299 2361 1368 tropologiam
2394 1299 2595 1353 dictum
2629 1299 2718 1361 sit,
2756 1312 2852 1367 pro
2891 1295 3268 1362 amicissimis,
3301 1307 3353 1351 et
3385 1310 3484 1366 pro

1881 1392 2322 1462 consanguineis,
2354 1401 2405 1447 et
2437 1393 2674 1446 fraterno
2706 1389 2866 1459 nobis
2894 1400 2946 1443 et
2977 1389 3251 1459 conjugali
3297 1403 3486 1444 amore

1882 1488 2146 1549 sociatis;
2181 1485 2408 1540 facilene
2466 1485 2795 1540 arbitramur
2826 1486 2898 1537 ob
2945 1481 3206 1552 quasdam
3250 1481 3489 1538 offensas

1881 1578 2046 1652 75ἀΙ
2074 1589 2275 1633 tantam
2305 1579 2483 1633 subito
2519 1576 2842 1632 abscindere
2890 1574 3258 1630 charitatem?
3303 1574 3489 1639 Quod-

1857 1690 1984 1746 _que
2017 1673 2216 1727 dicitur
2246 1689 2260 1725 :
2297 1672 2380 1727 Sit
2405 1689 2571 1726 sermo
2599 1681 2784 1734 vester,
2816 1680 2892 1725 est
2919 1681 3015 1735 est,
3043 1687 3143 1723 non
3172 1685 3275 1722 non
3301 1711 3315 1735 ,
3348 1669 3488 1739 quod

176 1761 406 1815 devitans
433 1761 729 1831 propltanas
766 1778 943 1815 vocum
975 1765 1219 1816 novitates
1267 1774 1313 1816 et
1340 1765 1773 1818 contradictiones
1805 1759 1852 1818 Β
1881 1777 2050 1820 autem
2083 1765 2306 1837 amplius
2334 1775 2430 1830 est,
2462 1783 2493 1817 a
2525 1764 2662 1819 malo
2689 1775 2762 1818 est
2794 1763 2812 1835 (
2841 1762 3029 1817 Matth.
3060 1778 3113 1828 v,
3149 1763 3217 1819 57
3243 1763 3299 1831 );
3331 1761 3489 1816 forsi-

179 1855 303 1924 falsi
331 1855 549 1909 nominis
567 1856 987 1922 scientiaz,quam
1014 1854 1224 1924 quidam
1243 1857 1614 1924 promittentes,
1640 1857 1778 1908 circa

175 1947 333 2014 ﬁdem
360 1956 661 2001 erraverunt
692 1949 712 2018 (
737 1946 782 2000 ll
804 1946 933 2000 Tim.
966 1963 1004 2013 ι,
1039 1949 1126 2012 15,
1163 1949 1230 2002 14
1252 1946 1292 2018 ).
1327 1948 1541 2003 Bonitas
1569 1951 1702 2002 enim
1732 1960 1778 2002 et

175 2043 536 2095 misericordia
563 2041 857 2096 Saluatoris
888 2041 1074 2106 nostri,
1092 2058 1192 2094 non
1216 2058 1280 2094 ea:
1304 2042 1542 2112 aperibus
1559 2044 1780 2113 justitia:

175 2149 296 2203 qua:
325 2134 563 2203 fecimus,
609 2134 696 2185 sed
723 2132 1007 2185 secundum
1050 2149 1197 2186 suam
1234 2134 1646 2187 misericordiam
1671 2135 1778 2187 sal-

176 2244 267 2282 vos
304 2244 397 2280 nos
425 2227 566 2296 fecit,
597 2237 650 2280 ut
670 2227 947 2298 justiﬁeati
975 2225 1116 2279 illius
1147 2229 1336 2299 gratia,
1370 2228 1601 2282 lueredes
1623 2230 1781 2283 simus

173 2319 464 2374 sectmdum
487 2335 626 2388 spem
656 2322 772 2372 vita:
792 2329 995 2372 interna:
1022 2318 1148 2390 (Tit.
1184 2336 1260 2385 ιιι,
1292 2319 1345 2386 5,
1371 2320 1448 2391 6).
1504 2321 1631 2376 Haec.
1661 2322 1784 2376 bre-

177 2413 320 2466 viter
345 2411 503 2480 quasi
535 2427 598 2465 cx
632 2412 894 2466 latissimo
922 2421 1084 2478 atque
1114 2411 1480 2480 pulcherrimo
1509 2414 1784 2482 Apostoli-

181 2523 260 2562 ca:
304 2507 569 2561 doctrinae
599 2515 754 2574 prato
781 2507 1084 2577 earpsimns
1117 2549 1130 2571 ,
1183 2517 1241 2562 ut
1272 2507 1423 2563 durae
1451 2509 1645 2564 frontis
1683 2511 1784 2564 im—

183 2598 441 2670 pudentia
475 2609 812 2652 conteratur.

257 2693 343 2745 ll.
392 2689 476 2745 Ex
522 2690 794 2762 Evangelii
831 2695 1120 2762 prteceptis.
1171 2725 1240 2734 —
1291 2694 1656 2749 Transeamus
1714 2694 1781 2749 ad

184 2783 494 2854 Evangelia,
531 2792 585 2837 et
613 2784 964 2852 Apostolicos
995 2786 1262 2855 igniculos
1291 2786 1594 2841 clarissima
1619 2786 1780 2841 Chri-

185 2877 251 2930 sti
287 2875 532 2945 lampade
563 2875 954 2945 eompleamus.
1008 2876 1188 2931 Omnis
1211 2919 1226 2944 ,
1256 2879 1372 2942 ait,
1401 2879 1489 2944 qui
1542 2878 1784 2932 irascitur

187 2969 340 3037 fratri
367 2985 463 3022 suo
489 2970 598 3024 sine
629 2985 806 3036 causa,
835 2986 954 3022 reus
979 2971 1076 3024 erit
1098 2970 1322 3042 judicio.
1355 2971 1518 3042 753
1557 2971 1658 3038 Qui
1686 2988 1784 3024 au-

187 3073 283 3116 tem
312 3063 497 3116 dixerit
523 3078 659 3117 mea
686 3062 849 3131 (quod
877 3061 1264 3130 interpretatur
1290 3070 1314 3098 ⁸
1335 3078 1496 3114 vanus
1525 3073 1568 3115 et
1595 3063 1784 3133 absque

1883 1868 1972 1913 tan
2003 1858 2070 1912 de
2100 1867 2281 1912 vestra
2313 1857 2498 1911 schola
2527 1855 2854 1926 reperiatur,
2888 1855 2977 1923 qui
3005 1868 3298 1923 numquam
3334 1868 3490 1908 men-

1883 1956 2011 2008 titus
2055 1955 2145 2013 sit.
2198 1968 2299 2007 nec
2339 1950 2572 2005 audierit
2598 1949 2732 2003 illud
2766 1947 3147 2016 PrOphetieum
3172 1957 3227 2002 et
3250 1947 3489 2016 Aposto-

1882 2048 2069 2111 licum,
2103 2045 2214 2116 Ego
2245 2047 2354 2098 dixi
2383 2046 2436 2098 in
2456 2061 2666 2099 excessu
2708 2043 2891 2096 mentis
2931 2057 3074 2102 mere.
3123 2041 3308 2094 Omnis
3331 2040 3486 2095 homo

1881 2138 2104 2192 mendax.
2132 2138 2149 2204 (
2176 2135 2324 2189 Psal.
2358 2150 2486 2200 cxv,
2515 2134 2550 2188 9.
2574 2136 2591 2205 )
2613 2177 2627 2200 ,
2660 2142 2718 2188 et
2759 2133 2964 2188 nesciat
2993 2133 3252 2202 scriptum
3285 2133 3337 2186 in
3379 2133 3486 2186 alio

1883 2231 2002 2283 loco
2029 2246 2042 2282 :
2080 2227 2150 2280 0s
2173 2228 2310 2296 quod
2339 2227 2606 2290 mentitur,
2635 2225 2821 2279 occidit
2851 2225 3076 2278 animam
3109 2224 3264 2295 (Sap.
3291 2239 3330 2289 ι,
3364 2224 3423 2278 Η
3445 2224 3488 2293 ).

1884 2320 2206 2375 Verberanti
2239 2318 2556 2383 maxillam,
2607 2316 2832 2372 alteram
2883 2317 3138 2387 jubemur
3185 2331 3488 2384 opponere.

1885 2412 2118 2466 Tollenti
2153 2411 2388 2464 tunicam
2417 2451 2431 2474 ,
2491 2409 2654 2464 etiam
2684 2411 2906 2480 pallium
2932 2407 3340 2464 concedendum
3381 2417 3487 2463 est.

1886 2502 2205 2574 Angarianti
2237 2518 2296 2557 se
2326 2502 2474 2556 mille
2507 2502 2778 2570 passibus,
2812 2501 3025 2556 duobus
3067 2503 3303 2558 millibus
3345 2502 3486 2557 colla

1887 2595 2176 2665 praebenda
2207 2603 2353 2648 sunt.
2388 2592 2590 2646 Petenti
2619 2602 2666 2646 te
2693 2595 2783 2659 da,
2817 2601 2864 2646 et
2897 2604 2916 2630 ε
2947 2591 3196 2646 volentem
3221 2611 3252 2646 a
3282 2602 3328 2647 te
3353 2593 3491 2645 acci-

1888 2705 2004 2756 pere
2026 2697 2279 2753 ntutuum,
2309 2703 2371 2740 ne
2400 2687 2648 2739 averseris
2667 2685 2820 2756 (Luc.
2839 2701 2910 2750 vt,
2935 2684 3049 2755 30).
3082 2686 3137 2739 Si
3166 2685 3306 2740 duos
3333 2701 3491 2739 num-

1886 2781 2062 2835 mulos
2095 2779 2339 2834 hahuero
2363 2819 2378 2844 ,
2409 2788 2465 2833 et
2509 2778 2646 2832 alius
2679 2777 3024 2848 poposcerit,
3058 2785 3151 2831 aut
3179 2777 3320 2831 dabo
3352 2778 3490 2847 ipsi,

1886 2880 1940 2925 et
1961 2870 2091 2924 mihi
2121 2868 2536 2924 mendicandum
2569 2868 2698 2932 erit,
2729 2876 2824 2922 aut
2844 2868 2888 2921 si
2919 2883 3025 2922 non
3050 2867 3276 2933 dedero,
3313 2879 3493 2924 trans-

1885 2979 2108 3033 gressor
2158 2964 2290 3033 legis
2340 2962 2604 3017 inveniar.
2657 2961 2791 3015 lllud
2833 2968 3011 3015 autem
3061 2959 3205 3029 quod
3237 2960 3488 3016 dicitur:

1888 3056 2105 3130 Diligite
2150 3057 2384 3109 inimicos
2431 3065 2620 3108 vestros
2645 3095 2660 3120 ,
2706 3053 2989 3122 benefacite
3029 3052 3110 3108 Itis
3153 3053 3238 3123 qui
3268 3053 3491 3108 oderunt

186 3156 416 3226 cerebro)
464 3171 578 3209 reus
627 3156 720 3208 erit
767 3153 986 3208 concilio
1020 3172 1037 3208 .·
1069 3153 1212 3209 haud
1241 3155 1460 3209 dubium
1493 3155 1621 3224 quin
1655 3155 1784 3210 San-
1813 3137 1856 3201 C
1892 3164 1996 3211 vos,
2028 3158 2073 3201 et
2103 3157 2241 3201 orate
2270 3164 2362 3217 pro
2399 3144 2814 3216 persequentibus
2859 3155 2906 3198 et
2938 3143 3376 3200 calumniantibus
3404 3162 3489 3200 vos

187 3259 404 3304 ctorum
432 3257 487 3302 ct
513 3247 755 3318 Angelici
781 3257 1024 3303 senatus.
1075 3248 1175 3312 Qui
1197 3256 1371 3300 autem
1397 3247 1584 3300 dixerit
1615 3253 1779 3316 fatue,

186 3359 304 3398 reus
333 3343 430 3396 erit
449 3342 693 3414 gehennae
721 3341 854 3410 ignis
885 3339 1100 3410 (Matth.
1131 3356 1184 3404 v,
1216 3339 1331 3410 29.).
1364 3339 1498 3408 Quis
1536 3349 1782 3395 nostrum

188 3442 369 3504 potest
418 3433 544 3486 huic
601 3432 731 3486 vitio
781 3446 886 3485 non
937 3431 1260 3500 subjacere,
1311 3447 1434 3485 cum
1485 3433 1646 3486 etiam
1687 3448 1785 3502 pro

186 3526 360 3581 otioso
393 3524 561 3580 verbo
594 3522 853 3578 reddituri
884 3523 1051 3576 simus
1084 3523 1348 3577 rationem
1375 3524 1427 3578 in
1451 3523 1785 3593 diejudicii?

189 3618 244 3674 Si
278 3620 360 3672 ira
388 3627 443 3671 et
489 3618 760 3671 sermonis
805 3616 1000 3685 injuria
1030 3624 1192 3686 atque
1222 3616 1490 3671 interdum
1519 3617 1675 3686 jocus
1698 3619 1787 3687 ju-

189 3711 353 3776 dicio,
388 3709 732 3779 concilioque
758 3751 771 3773 ,
821 3718 876 3763 et
926 3708 1188 3778 gehennze
1218 3709 1432 3779 ignibus
1461 3710 1782 3781 delegatur;

191 3805 316 3874 quid
352 3803 652 3857 merebitur
677 3801 913 3870 turpium
941 3817 1121 3856 rerum
1149 3803 1427 3871 appetitio,
1453 3812 1508 3857 et
1535 3805 1782 3869 avaritia,

188 3913 308 3968 qua:
358 3895 510 3951 radix
547 3908 629 3949 εει
657 3894 897 3949 omnium
927 3894 1236 3948 malorum?
1268 3895 1368 3960 Si,
1403 3895 1598 3965 inquit,
1631 3895 1785 3962 oﬂ'ers

192 3990 383 4044 donum
411 4001 554 4042 tuum
581 3989 648 4041 ad
673 3986 836 4040 altare
861 4026 874 4049 ,
905 3996 951 4040 et
982 3987 1051 4039 ibi
1079 3987 1238 4056 fueris
1283 3988 1582 4040 recordatus
1609 4028 1622 4050 ,
1669 3987 1789 4056 quia

193 4083 353 4151 frater
385 4092 501 4136 tuus
526 4081 676 4135 habet
704 4079 901 4151 aliquid
930 4082 1172 4134 adversus
1199 4089 1245 4132 te
1272 4121 1286 4144 ,
1335 4079 1535 4133 dimitte
1589 4080 1658 4132 ibi
1696 4080 1790 4132 do-

194 4195 316 4232 num
346 4188 490 4232 tuum
518 4188 635 4232 ante
673 4177 836 4230 altare
855 4218 872 4242 ,
903 4187 952 4231 et
983 4179 1106 4231 vade
1153 4178 1374 4246 primum
1399 4218 1413 4242 ,
1457 4176 1790 4230 reconciliare

193 4273 348 4343 fratri
376 4283 484 4335 tuo,
513 4283 559 4324 et
585 4282 706 4325 tunc
735 4273 935 4326 veniens
966 4272 1150 4338 offeres
1177 4289 1362 4326 munus
1383 4281 1528 4326 tuum
1559 4273 1576 4342 (
1599 4271 1786 4326 Matth.

193 4380 248 4430 v,
274 4365 368 4431 25,
399 4364 517 4434 24).
552 4365 682 4418 Mea:
712 4374 794 4419 est
825 4367 1138 4434 potestatis,
1185 4375 1240 4419 ut
1291 4382 1394 4419 non
1430 4367 1655 4422 habeam
1687 4367 1790 4421 ali-

196 4457 324 4525 quid
354 4468 540 4511 contra
571 4455 794 4511 fratrem
833 4473 1030 4514 meum.
1081 4457 1154 4513 Ut
1181 4465 1361 4511 autem
1392 4457 1481 4511 ille
1531 4457 1792 4513 adversus

1889 3241 2080 3314 (Ibid.,
2113 3241 2206 3307 27,
2237 3241 2330 3310 “28)
2365 3258 2377 3293 :
2412 3240 2632 3293 forsitan
2663 3240 2715 3294 in
2761 3249 2942 3293 vestro
2979 3249 3123 3294 cestu
3169 3240 3444 3294 invenitur
3472 3281 3488 3306 ,

1889 3336 2028 3406 apud
2064 3350 2163 3390 nos
2195 3349 2314 3388 rara
2345 3333 2468 3388 avis
2499 3341 2602 3388 est.
2633 3331 2732 3400 Qui
2758 3344 2981 3402 peccata
3011 3331 3334 3402 simpliciter
3361 3347 3494 3386 eon-

1896 3431 2119 3485 fitentur
2141 3470 2155 3494 ,
2211 3437 2489 3482 merentur
2519 3427 2823 3480 humilitate
2867 3426 3214 3482 clementiam
3245 3426 3493 3480 Salvato-

1891 3524 1964 3577 ris
1994 3540 2007 3574 :
2039 3521 2292 3592 quodque
2321 3522 2587 3590 sequitur,
2621 3518 2822 3584 Cavete,
2852 3535 2913 3573 ne
2935 3521 3216 3590 justitiam,
3251 3518 3353 3573 hoc
3382 3529 3490 3586 est,

1889 3617 2263 3687 eleemosynam
2288 3626 2503 3669 restrain
2531 3657 2545 3679 ,
2595 3614 2801 3684 faciatis
2846 3631 3018 3668 coram
3058 3613 3384 3676 hominibus,
3435 3623 3492 3666 ut

1891 3709 2168 3762 videamini
2215 3707 2278 3761 ab
2307 3709 2377 3761 eis
2407 3708 2422 3778 (
2449 3707 2639 3762 Matth.
2671 3723 2726 3762 vt
2747 3708 2808 3773 ,1
2843 3707 2902 3778 );
2947 3708 3131 3762 nescio
3173 3705 3292 3775 quis
3321 3705 3496 3774 possit

1889 3801 2140 3872 implere.
2172 3801 2252 3855 Ad
2282 3801 2615 3871 largiendum
2648 3798 2877 3855 frustum
2906 3800 3061 3870 panis
3085 3808 3138 3853 et
3161 3800 3316 3854 binos
3332 3814 3492 3856 num-

1890 3897 2066 3950 mulos
2095 3910 2275 3964 przeco
2302 3894 2630 3949 conducitur
2654 3935 2669 3960 ,
2721 3904 2774 3949 et
2823 3893 3187 3948 extendentes
3225 3908 3442 3950 manum
3471 3938 3488 3966 ,

1892 3991 1996 4045 huc
2025 3991 2260 4060 illucque
2287 3989 2755 4060 circumspicimus
2775 4029 2792 4054 ,
2826 4004 2946 4059 qum
2975 3987 3021 4042 si
3055 3987 3235 4041 nullus
3261 3987 3490 4055 viderit,

1892 4085 2224 4139 contractior
2253 4083 2329 4137 lit.
2377 4083 2508 4138 Esto
2557 4099 2696 4138 unus
2727 4082 2795 4137 de
2828 4081 2976 4137 mille
3014 4081 3320 4136 inveniatur
3349 4122 3362 4146 ,
3399 4085 3494 4153 qui

1894 4179 1993 4233 ista
2023 4194 2129 4231 non
2165 4176 2343 4232 faciat.

1971 4271 2054 4325 1‘2.
2085 4270 2242 4342 Urget
2272 4289 2335 4324 ex.
2356 4271 2537 4325 iisdem
2564 4269 3252 4344 pra’ceptis.—Responde,
3283 4285 3494 4342 qumso,

1897 4365 1986 4420 ubi
2014 4375 2138 4421 sunt
2169 4363 2348 4419 facilia
2371 4365 2664 4420 mandata?
2691 4362 2894 4428 Nolite,
2928 4361 3125 4431 inquit,
3153 4363 3366 4419 solliciti
3389 4383 3496 4421 esse

1897 4462 1960 4514 de
1987 4460 2233 4513 crastino.
2265 4456 2534 4512 Crastinus
2562 4457 2696 4510 enim
2741 4455 2852 4509 dies
2878 4453 3133 4511 sollicitus
3162 4457 3257 4512 erit
3294 4473 3389 4529 pro
3420 4477 3491 4514 sc.

195 4563 288 4604 me
317 4546 532 4612 habeat,
563 4561 653 4603 aut
685 4565 790 4603 non
822 4550 1050 4615 habeat,
1077 4549 1128 4603 in
1162 4549 1309 4603 illius
1337 4549 1614 4602 voluntate
1657 4565 1786 4603 con-
1819 4537 1873 4597 D
1901 4553 2245 4622 Sufﬁcit|tliei
2284 4553 2486 4606 malitia
2512 4568 2604 4606 sua
2646 4549 2837 4622 (lbid.,
2869 4550 2984 4621 3i).
3023 4551 3129 4606 Vos
3161 4553 3228 4608 de
3255 4556 3496 4611 crasrino

193 4642 361 4697 sistit.
397 4640 535 4708 Quid
564 4656 695 4713 ergo
716 4641 931 4710 faciam,
962 4643 1008 4698 si
1032 4644 1122 4698 ille
1150 4643 1492 4698 reconciliari
1522 4642 1792 4698 noluerit?

191 4735 538 4792 Obsecrem?
568 4734 776 4792 nectam
817 4752 995 4806 genua
1020 4737 1043 4790 ?
1092 4735 1196 4792 Sed
1225 4734 1414 4790 audire
1454 4744 1787 4790 contemnet.

194 4828 277 4884 An
306 4831 529 4886 obtorto
556 4829 703 4886 collo
746 4830 1019 4886 nolentem
1052 4830 1105 4885 in
1129 4830 1219 4900 jus
1247 4828 1500 4884 amicitiae
1537 4829 1742 4884 traham
1767 4831 1790 4885 ?

269 5001 295 5072 ξ·
335 4990 532 5072 gotum
552 4990 744 5072 deduci
777 4991 1107 5072 vocabulum
1126 4994 1280 5072 apﬁ,
1302 4989 1448 5072 quod
1475 4999 1558 5072 est
1580 5005 1792 5072 vanum.

267 5061 296 5101 ι)
339 5063 592 5118 Fortasse
619 5065 672 5117 in
705 5071 857 5118 recto
895 5065 1140 5131 patientia
1173 5061 1581 5117 ieseribendum
1604 5074 1708 5125 est,
1741 5071 1798 5116 ut

198 5135 269 5190 sit
291 5149 507 5198 sensus,
538 5135 811 5202 patientia:
836 5136 1007 5191 virtus
1034 5144 1138 5188 tam
1165 5134 1401 5204 perfecta
1433 5137 1590 5190 nobis
1613 5134 1799 5203 princi-

199 5207 364 5332 pihur,
393 5217 449 5259 ιιι
473 5206 539 5260 ad
562 5221 684 5261 eam
716 5210 1004 5278 pervenire
1035 5207 1426 5278 pr0pemodum
1458 5206 1798 5278 impossibile

200 5293 253 5332 Vl
297 5287 472 5332 eatur.

200 5287 472 5332 videatur.

275 5360 296 5387 ε
339 5348 470 5403 Mss.
498 5349 608 5404 duo
637 5365 760 5403 cum
790 5349 958 5404 veteri
987 5349 1146 5416 edit.,
1178 5361 1224 5404 et
1253 5351 1442 5404 volenti
1471 5367 1502 5402 a
1529 5359 1596 5410 te,
1617 5359 1725 5404 etc.

272 5417 298 5457 δ
343 5423 578 5485 Quorum
609 5419 859 5489 Epistula!
887 5421 1109 5475 biblinte.
1164 5422 1288 5477 ll:ec
1337 5422 1511 5490 lepide
1549 5421 1708 5487 dixit,
1744 5431 1801 5476 ut

203 5501 350 5547 notet
375 5493 683 5553 avaritiam.
717 5503 773 5549 et
802 5494 1129 5564 voluptatem
1165 5494 1364 5563 Pelagii
1393 5503 1446 5547 et
1468 5493 1686 5558 Juliani,
1710 5495 1801 5562 qui

207 5565 461 5634 epistolas
495 5580 828 5635 papyraceas
856 5566 1042 5634 procul
1076 5565 1378 5622 mittebant.
1414 5575 1471 5617 ut
1506 5564 1631 5619 inde
1661 5567 1802 5620 redi-

207 5647 327 5690 rent
355 5652 618 5692 munera:
654 5639 953 5706 alluditqne
996 5636 1064 5692 ad
1114 5637 1253 5691 dona
1299 5638 1580 5706 peregrina
1633 5639 1799 5691 missa

209 5708 507 5771 Salomoni.
541 5711 610 5762 ob
642 5709 1060 5764 admirationem
1094 5710 1395 5778 sapientiai.
1427 5710 1696 5762 Maurus.
1731 5740 1800 5751 -—-

211 5779 366 5838 Putat
409 5781 757 5838 Martiano-us
785 5783 980 5854 ,notari
1034 5781 1117 5837 his
1160 5780 1342 5837 verbis
1391 5781 1701 5850 avaritiam,
1749 5792 1804 5838 et

1900 4661 2005 4700 non
2039 4643 2313 4713 cogitatis,
2338 4656 2394 4700 et
2421 4647 2591 4699 instar
2625 4643 2806 4697 avium
2835 4644 3198 4712 praesentibus
3222 4653 3499 4705 contenti?

1900 4734 1924 4772 ἀ
1976 4752 2206 4805 quorum
2256 4737 2514 4808 Epistolas
2551 4736 2771 4792 biblinze
2816 4736 3043 4794 volitant
3082 4751 3232 4797 trans
3272 4743 3496 4801 ﬂumina

1900 4829 2219 4900 Etliiopize,
2250 4830 2412 4902 755
2442 4839 2500 4885 ut
2540 4828 2680 4885 inter
2703 4829 2894 4886 simias
2932 4840 2987 4887 et
3022 4847 3214 4904 pavos,
3260 4851 3396 4891 nova
3428 4837 3498 4894 de

1901 4989 2230 5058 voluptatem
2262 4991 2486 5061 Pelagii,
2518 4999 2592 5059 et,
2635 4991 2777 5062 quod
2806 5007 2938 5048 sane
2960 5003 3044 5050 est
3084 4995 3301 5061 tnirnm,
3336 5000 3498 5056 etiam

1901 5061 2155 5140 ejus_,_qni
2188 5062 2424 5140 nonde
2456 5061 2674 5140 Pelagio
2701 5079 2902 5140 nomen
2929 5065 3154 5123 dederat
3181 5074 3264 5140 (ut
3295 5085 3361 5124 ex
3391 5073 3503 5128 Ma-

1904 5135 1992 5210 rio
2019 5134 2318 5210 Mercatore
2341 5135 2496 5190 Com.
2527 5138 2583 5198 5,
2612 5145 2666 5190 et
2689 5135 2976 5192 Gennadio
3007 5134 3248 5210 constat)
3275 5141 3500 5209 Juliani,

1902 5206 2292 5278 quiepistolas
2335 5221 2664 5278 papyraceas
2703 5211 2892 5278 procul
2933 5206 3238 5276 mitterent,
3279 5229 3334 5268 ut
3376 5206 3501 5271 inde

1905 5277 2148 5332 redirent
2180 5294 2425 5332 munera.
2443 5277 2761 5335 ’Ahsurdius
2787 5283 2964 5337 adhuc
2995 5285 3234 5338 Joannes
3259 5283 3502 5341 Clericus

1905 5350 2074 5404 libros
2111 5350 2190 5404 ait
2235 5351 2506 5420 designari
2546 5352 2796 5418 Origenis
2834 5369 2862 5406 a
2910 5354 3106 5406 Rufino
3143 5355 3332 5410 Latine
3369 5359 3496 5411 red-

1905 5421 2068 5497 ditos,
2093 5438 2157 5497 ex
2175 5438 2365 5497 eoque
2385 5422 2604 5497 biblinas
2629 5423 2891 5497 Epistolas
2913 5425 3042 5485 diei,
3061 5427 3204 5495 qttod
3235 5427 3504 5497 Origenes

1904 5495 2078 5568 patria
2123 5493 2526 5550 Alexandrinus
2570 5495 2622 5550 in
2652 5493 2911 5568 Egyptia
2957 5493 3160 5568 papyro
3201 5493 3500 5568 scripserit.

1905 5565 2080 5641 Porro
2110 5568 2455 5641 perspicuum
2486 5576 2592 5629 est,
2620 5568 2786 5620 alludi
2816 5565 2967 5619 Isaia:
2992 5565 3166 5620 locum
3193 5565 3325 5639 cap;
3346 5587 3498 5641 xvm,

1867 5697 1877 5708 _
1904 5639 1938 5691 2
1964 5679 1976 5694 .
2008 5640 2158 5704 juxta
2204 5637 2346 5692 LXX
2370 5680 2385 5704 ,
2436 5642 2666 5695 ἐπέκεινα
2711 5645 2956 5709 ποταμῶν
3000 5637 3272 5702 Αἰθίοπίαςή
3303 5642 3329 5698 ὁ
3368 5637 3502 5702 timo;

1908 5711 2124 5786 ᾳτέλλων
2145 5711 2455 5786 inperitiae-ri
2481 5709 2668 5786 ὅμῃρσι,
2693 5713 2777 5786 ιταᾼί
2797 5711 3075 5786 ἐπιστολᾲς
3096 5712 3343 5786 βιϐλίνας,
3368 5719 3508 5772 ultra

1904 5784 2122 5851 ﬂumina
2151 5780 2453 5853 rEt/tiopite',
2470 5780 2556 5852 qui
2573 5780 2729 5834 mittit
2747 5783 2801 5835 in
2824 5797 2964 5837 mare
2980 5780 3181 5840 obsides
3201 5797 3247 5840 et
3263 5788 3508 5859 epistolas
