4054 6384
189 370 292 430 869

1084 365 1432 426 DIALOGUS
1469 360 1844 425 ADVERSUS
1884 354 2342 418 PELAGIANOS.
2386 356 2517 416 LIB.
2561 356 2625 415 ll.

3387 362 3491 420 550

190 500 387 556 magna
416 485 507 549 sit,
558 485 765 556 nescio.
798 482 879 541 De
907 485 1083 552 corde,
1116 485 1312 555 inquit,
1340 481 1674 555 egrediuntur
1701 494 1788 533 co-
1815 487 1870 550 Α
1891 477 1961 535 de
1988 475 2254 532 Domino:
2278 474 2343 530 Et
2374 490 2475 529 non
2502 484 2701 547 poterat
2720 473 2787 529 ibi
2817 490 2879 528 ne
2910 490 3065 529 unam
3092 476 3300 546 quidem
3328 484 3495 549 tacere

193 579 459 650 gitatienes
482 579 741 648 pessimis,
768 578 1069 644 homicidia,
1090 577 1373 639 adulteria,
1396 574 1787 646 fornicationes,

1894 572 2132 626 virtutem
2159 609 2174 634 ,
2220 569 2316 623 nisi
2341 568 2522 637 paucis
2562 567 2929 638 wgmtantibus
2972 585 3156 623 manus
3198 570 3494 637 imponens,

194 671 355 741 furta,
400 670 533 738 {also
574 670 886 734 testimonia,
936 668 1286 742 blasphemia.
1334 668 1463 725 Haec
1513 675 1632 720 sunt
1675 679 1791 736 qua:
1893 664 2299 738 sanat-ita“
2319 679 2440 730 eos,
2472 672 2523 718 et
2552 662 2905 717 admirabatur
2936 673 3146 734 propter
3179 665 3498 719 tincreduli-

195 760 531 831 coinquinant
552 760 783 815 homines
806 760 1019 832 (Matth.
1053 776 1141 826 xv,
1178 758 1293 829 19).
1324 757 1587 815 Procedat
1617 756 1708 826 qui
1738 756 1790 810 in

196 856 365 910 corde
394 869 494 907 suo
532 854 648 909 haec
688 869 799 910 non
827 868 949 910 esse
980 862 1232 921 testetur,
1258 862 1313 908 et
1342 853 1556 923 plenam
1586 852 1638 903 in
1668 863 1796 903 cor-

197 962 331 1017 pore
354 947 456 1002 isto
478 946 691 1002 mortali
718 946 982 1016 justitiam
1007 947 1333 1002 conlitebor.
1355 945 1456 1012 Qui
1482 943 1607 1006 vult,
1630 940 1792 1013 757

196 1040 387 1109 inquit,
422 1041 622 1094 salvare
660 1043 889 1095 animum
914 1058 1083 1105 suam,
1116 1040 1290 1111 perdet
1310 1055 1422 1093 eam
1447 1054 1465 1093 :
1493 1046 1539 1092 et
1563 1038 1649 1104 qui
1675 1051 1794 1106 per-

197 1136 391 1189 diderit
424 1135 653 1189 animant
696 1152 843 1189 suam
886 1145 1098 1206 propter
1125 1152 1225 1201 me,
1270 1134 1465 1189 salvam
1503 1131 1657 1202 faciet
1686 1142 1799 1185 eam

196 1229 416 1301 (Matth.
468 1245 567 1293 xu,
595 1228 713 1300 εδ).
750 1238 777 1265 η
824 1229 1024 1284 Iterum
1064 1228 1224 1283 dico:
1280 1227 1404 1282 liae
1449 1234 1577 1280 sunt
1619 1221 1797 1277 facilia

193 1321 492 1377 mandata?
534 1321 625 1375 Vc
652 1321 846 1375 mundo
868 1338 901 1375 α
937 1318 1222 1385 scandatis,
1251 1332 1451 1373 necesse
1477 1325 1553 1370 est
1587 1315 1720 1369 enim
1744 1322 1801 1367 ut

196 1415 403 1468 veniant
454 1412 705 1467 scandala
736 1413 953 1480 (Matth.
989 1429 1141 1480 xvnt,
1190 1411 1269 1483 7).
1311 1412 1377 1466 Et
1406 1420 1694 1480 propterea
1744 1405 1801 1461 in

199 1508 308 1561 alio
356 1508 474 1562 loco
514 1506 778 1576 seiiptum
808 1516 932 1562 est:
987 1504 1052 1559 In
1083 1504 1260 1559 multis
1305 1502 1643 1571 oﬂ‘endimuc,
1686 1501 1803 1557 sive

198 1616 452 1663 erramus,
498 1616 670 1654 omnes
703 1598 910 1669 (Jacob.
962 1614 1040 1666 ιιι,
1073 1599 1153 1668 2).
1189 1598 1306 1654 NOII
1340 1612 1512 1667 pauca
1555 1603 1800 1666 peccata,

200 1691 297 1749 sed
336 1692 528 1757 multa,
568 1707 667 1747 nec
704 1690 1090 1762 quorumdam,
1133 1691 1228 1746 sed
1284 1690 1529 1745 omnium
1571 1688 1747 1759 posuit
1789 1703 1802 1739 :

207 1785 395 1839 Omnes
423 1786 557 1837 enim
584 1800 700 1853 qute
725 1801 821 1839 sua
846 1795 965 1839 sunt
994 1792 1256 1853 quierunt,
1289 1794 1335 1838 et
1364 1800 1467 1837 non
1489 1799 1550 1836 ea
1574 1797 1691 1853 quae
1705 1778 1807 1835 Dei

1896 769 2052 814 tatem
2080 774 2259 812 eorum
2283 756 2473 827 (Marc.
2510 771 2584 822 Vl,
2614 756 2695 825 5).
2724 756 2989 813 Dominus
3022 758 3226 814 dicitur
3241 758 3375 830 {non
3408 774 3504 829 po-

1898 854 2067 908 tuisse
2098 852 2151 906 in
2174 849 2442 907 Nozaretb
2467 864 2535 933 ne
2560 864 2722 904 unam
2747 848 2966 920 quidem
3000 851 3181 907 facere
3208 855 3501 921 virtutem,

1900 952 1955 1001 et
1983 943 2322 1000 inﬁdelitatis
2355 943 2547 1000 alienae
2579 952 2804 1010 stupore
2829 943 3094 1000 retinetur
3123 962 3137 1000 :
3170 953 3227 1001 et
3269 960 3368 1001 vos
3398 962 3498 1017 po-

1903 1039 2057 1095 testis
2088 1053 2250 1094 omne
2270 1036 2417 1108 quod
2448 1035 2637 1092 vultis.
2672 1035 2916 1107 Denique
2955 1037 3007 1092 in
3041 1039 3501 1109 consequentibus

1901 1132 2156 1189 scribitur
2188 1150 2204 1188 :
2238 1131 2377 1186 Abiit
2411 1130 2466 1184 in
2491 1131 2620 1200 ﬁnes
2662 1129 2785 1200 Tyri
2814 1137 2862 1185 et
2892 1129 3126 1198 Sidonis,
3157 1140 3208 1186 et
3246 1133 3507 1204 ingressus

1903 1226 2146 1291 domum,
2180 1226 2432 1281 neminem
2478 1223 2678 1278 volebat
2722 1223 2877 1291 scine,
2917 1233 2969 1279 et
3010 1225 3170 1279 latere
3196 1241 3300 1281 non
3342 1229 3507 1297 potuit

1904 1317 2102 1388 (Marc.
2126 1332 2197 1373 vn
2215 1358 2231 1385 ,
2255 1316 2374 1389 24).
2397 1317 2540 1373 Vere
2570 1316 2757 1385 utique
2773 1316 3021 1386 cupiebat
3044 1317 3244 1384 latere,
3275 1330 3332 1374 et
3361 1318 3506 1389 quod

1904 1408 2205 1479 cupiebat,
2238 1424 2408 1478 quare
2439 1406 2620 1463 facere
2668 1422 2776 1462 non
2810 1417 3049 1477 poterat,
3091 1420 3149 1465 ut
3187 1409 3243 1464 in
3272 1411 3507 1466 adventu

1906 1518 2006 1557 suo
2036 1500 2278 1557 omnium
2307 1500 2701 1556 conscientiam
2728 1500 3069 1556 declinaret?
3122 1501 3334 1570 Qumris
3380 1518 3508 1557 cau-

1906 1608 2029 1658 sas,
2061 1608 2160 1648 cur
2201 1592 2372 1648 latere
2414 1608 2520 1648 non
2553 1590 2831 1662 potuerit?
2853 1588 2878 1627 ί¹
2904 1590 3092 1662 Cogita
3127 1595 3386 1662 assumpti
3418 1595 3513 1649 ho-

1909 1686 2075 1740 minis
2102 1685 2423 1751 veritatem,
2452 1695 2508 1741 et
2532 1684 2681 1739 omni
2712 1684 2927 1740 carebis
2948 1684 3225 1741 seandalo.
3267 1685 3325 1741 Si
3349 1684 3515 1741 Filius

1915 1779 2009 1835 Dei
2032 1779 2234 1849 aliquid
2263 1781 2316 1834 in
2345 1794 2513 1834 carne
2542 1788 2595 1833 et
2627 1786 2846 1849 propter
2867 1792 3086 1835 carnem
3138 1794 3244 1835 non
3276 1782 3514 1849 potuisc

201 1884 319 1929 sunt
349 1873 606 1946 (Philipp.
641 1890 699 1939 tt,
748 1874 862 1943 Ἦ).
896 1873 1050 1930 Unus
1096 1875 1269 1928 bonus
1313 1873 1458 1928 Deus
1494 1872 1709 1935 dicitur,
1755 1879 1810 1924 et
1842 1885 1892 1944 Β
1918 1882 2208 1941 narratur,
2245 1889 2347 1930 nos
2389 1873 2485 1944 qui
2527 1873 2625 1928 toti
2675 1872 2861 1928 cornei
2908 1887 3132 1940 sumus,
3171 1883 3228 1929 et
3272 1874 3514 1946 quotidie

202 1966 441 2035 magistri
487 1966 638 2036 quasi
690 1965 928 2021 hominis
968 1967 1183 2022 bonitas
1230 1966 1518 2021 refutatur.
1566 1964 1623 2018 lu
1671 1962 1813 2032 Lege

207 2058 551 2114 doetissimus
588 2060 769 2114 omnia
818 2060 1014 2114 fecisse
1059 2074 1120 2113 se
1158 2059 1322 2125 dicit,
1354 2057 1711 2127 quamobrem
1758 2064 1815 2111 et

205 2162 483 2209 amatura
531 2154 793 2219 Domino;
841 2164 895 2208 et
938 2163 1117 2208 tamen
1165 2153 1380 2221 plenam
1413 2151 1676 2221 justitiam
1707 2164 1814 2205 non

208 2245 391 2313 habet,
422 2246 550 2316 quia
581 2246 752 2299 noluit
777 2243 1139 2299 substantiam
1163 2259 1313 2298 suam
1339 2243 1669 2313 pauperibus
1695 2256 1816 2297 ero-

208 2353 363 2409 gare.
412 2337 570 2393 Unde
603 2336 903 2391 difﬁcultas
930 2335 1260 2401 difﬁcultati,
1293 2336 1457 2391 immo
1486 2332 1820 2404 impossibile

208 2431 281 2486 im
291 2430 534 2500 possibili
556 2438 686 2484 tunc
710 2438 1081 2497 comparatur,
1098 2431 1222 2497 quia
1240 2442 1339 2483 nec
1355 2428 1596 2483 cameius
1613 2424 1818 2493 ingredi

209 2534 395 2595 potest
430 2540 528 2594 per
557 2522 804 2577 foramen
854 2535 1004 2587 acus,
1048 2536 1149 2577 nec
1193 2520 1386 2576 divites
1432 2518 1717 2589 pervenire
1768 2517 1820 2572 in

206 2633 374 2689 regna
414 2618 703 2673 caelorum.
751 2615 881 2682 Quis
920 2624 1166 2670 nostrum
1210 2630 1316 2670 non
1358 2615 1504 2669 lavat
1550 2611 1822 2668 exteriora

211 2714 398 2770 calicis
436 2722 492 2768 et
539 2711 867 2782 paropsidis,
909 2721 963 2766 et
996 2708 1258 2765 interiora
1290 2709 1453 2765 habet
1483 2720 1821 2777 nequaquam

211 2807 467 2865 sordibus
518 2805 838 2875 inquinata?
886 2803 1018 2869 Quis
1062 2802 1436 2872 sepulcrorum
1488 2799 1825 2856 extrinsecus

211 2902 593 2958 dealbatorum
642 2908 821 2968 potest
862 2895 1277 2953 similitudinem
1314 2894 1619 2958 declinare;
1661 2906 1729 2946 ue
1770 2898 1827 2944 et

214 2996 371 3052 nobis
403 2995 553 3049 dicat
583 2991 741 3048 Jesus
766 3008 778 3045 :
822 2988 899 3045 De
930 2991 1058 3060 foris
1088 2988 1293 3058 quidem
1324 2985 1566 3042 videmini
1594 2982 1822 3039 homini-

215 3087 306 3142 bus
322 3088 476 3157 justi,
507 3087 651 3139 intus
676 3092 847 3139 autem
869 3083 1010 3152 pleni
1036 3082 1155 3137 estis
1187 3079 1446 3152 hypocrisi
1476 3089 1522 3134 et
1553 3078 1827 3149 iniquitate

216 3180 432 3251 (Matth.
473 3195 635 3244 xxiii,
666 3178 743 3248 l)?
771 3176 1029 3244 Quamvis
1056 3186 1111 3231 et
1136 3175 1258 3230 aliis
1286 3174 1432 3229 vitiis
1473 3188 1661 3230 carere
1702 3188 1827 3242 pos-

1917 1969 2143 2039 spiritus
2173 1968 2432 2039 operibus
2460 1982 2843 2038 repugnamus,
2874 1978 3065 2024 contra
3100 1968 3351 2038 Apostoli
3388 1986 3515 2024 ern-

1918 2062 2146 2118 tentiam
2174 2078 2295 2133 qua:
2318 2062 2572 2117 volumus
2601 2074 2794 2116 cuncta
2822 2061 3122 2116 faciemus?
3152 2061 3347 2117 Petrus
3388 2078 3518 2129 apo-

1919 2155 2093 2211 stolus
2122 2155 2225 2209 tria
2261 2155 2373 2209 vult
2416 2154 2594 2209 facere
2638 2153 2690 2208 in
2726 2162 2911 2207 monte
2948 2153 3320 2218 tabernacula,
3355 2169 3518 2207 unum

1922 2245 2180 2313 Domino,
2209 2246 2439 2302 alterum
2460 2246 2659 2316 Moysi,
2683 2245 2901 2301 tertium
2926 2245 3060 2300 Elite
3078 2287 3093 2312 ,
3129 2248 3379 2302 nesciens
3396 2246 3521 2317 quid

1923 2337 2162 2406 loquitur
2203 2337 2399 2393 timore
2450 2337 2773 2408 perterritus
2807 2355 2820 2392 :
2853 2347 2909 2392 et
2956 2353 3057 2393 nos
3097 2348 3119 2376 ο
3149 2338 3523 2409 Pythagorica:

1926 2429 2287 2502 philosophia:
2326 2438 2608 2488 ructamus
2646 2431 3000 2501 superbiam?
3044 2432 3124 2488 De
3170 2432 3257 2487 die
3299 2442 3352 2487 et
3394 2433 3523 2486 liora

1926 2525 2415 2579 consummationis
2456 2524 2656 2580 ultimm
2684 2536 2739 2580 et
2768 2525 3003 2596 Angelos
3035 2526 3327 2593 steterunt,
3357 2534 3413 2580 et
3442 2526 3528 2579 Fi-

1927 2616 2060 2672 lium
2093 2617 2340 2687 ignorare
2372 2617 2688 2687 respondit,
2718 2628 2770 2672 et
2804 2616 2823 2655 ί
2849 2632 2951 2673 nos
2990 2619 3204 2688 plenam
3248 2618 3529 2673 scientiam

1929 2711 2292 2780 pollicemur?
2317 2712 2511 2768 Carnis
2544 2712 2834 2767 inﬁrmitas
2865 2712 2976 2767 Deo
2998 2712 3307 2769 habitatore
3333 2712 3533 2782 gande-

1927 2805 2051 2869 bat,
2106 2813 2162 2861 et
2204 2816 2380 2861 tamen
2414 2820 2725 2861 mensuram
2772 2804 3084 2875 fragilitatis
3113 2814 3229 2859 suae
3267 2804 3533 2859 excedere

1930 2913 2037 2952 non
2088 2898 2299 2968 potuit,
2347 2908 2408 2954 ut
2448 2913 2557 2955 non
2584 2907 2658 2972 τῷ
2703 2897 2865 2955 δοκεῖν
2906 2898 3246 2969 (Secundum
3273 2915 3536 2967 apparen—

1929 2987 2102 3062 tiam),
2120 2989 2274 3059 juxta
2302 2999 2515 3047 veteres
2556 2990 2849 3047 haereticos
2872 3032 2887 3057 ,
2914 2992 3013 3047 sed
3043 3006 3172 3047 vere
3204 2991 3297 3045 Dei
3327 2989 3496 3045 Filius
3519 3033 3532 3058 ,

1930 3084 2171 3141 hominis
2185 3084 2358 3143 Filius
2380 3086 2716 3143 crederetur.
2736 3086 3027 3157 Apostolos
3058 3100 3346 3155 parumper
3368 3085 3537 3141 relin-

1932 3192 2137 3245 quens,
2180 3178 2376 3234 cecidit
2405 3178 2458 3233 in
2490 3189 2687 3235 terram
2728 3194 2965 3249 pronus,
2998 3188 3053 3233 et
3091 3178 3284 3234 orabat
3306 3178 3532 3233 dicens:

216 3275 407 3340 simus,
442 3272 806 3345 bypocriseos
836 3269 1104 3324 maculam
1138 3265 1163 3305 δ
1206 3282 1315 3324 non
1343 3267 1546 3323 habere
1572 3275 1666 3322 aut
1695 3281 1825 3336 pau-
1858 3283 1906 3347 ρ
1939 3269 2117 3338 Pater,
2157 3272 2202 3325 si
2229 3272 2471 3342 possibile
2498 3283 2573 3327 est
2596 3271 2811 3343 (Matth.
2848 3271 3129 3343 xxvr,59).
3159 3271 3285 3339 Cur,
3325 3287 3532 3342 quiusa,

217 3382 405 3424 corum
435 3377 543 3431 est,
574 3374 669 3418 aut
698 3364 992 3419 nullorum.

289 3459 377 3515 M.
413 3459 457 3512 Α
504 3456 699 3513 Christi
736 3454 947 3510 Domini
986 3464 1032 3509 et
1082 3452 1452 3525 Apostolorum
1494 3453 1833 3522 exemplo.—

219 3551 398 3616 Pater,
432 3551 636 3621 inquit,
656 3550 698 3602 si
728 3548 969 3619 possibile
1000 3558 1093 3615 est,
1122 3556 1349 3601 transeat
1380 3545 1519 3600 calix
1549 3547 1645 3602 iste
1673 3564 1705 3601 a
1733 3564 1831 3601 me.

228 3644 600 3700 Verumtamen
639 3659 743 3696 non
773 3642 903 3697 sicut
943 3658 1039 3710 ego
1075 3642 1213 3708 volo,
1246 3640 1335 3694 sed
1364 3640 1496 3695 sicut
1531 3650 1587 3694 tu
1618 3637 1832 3710 (Matth.

221 3754 370 3807 xxvr,
407 3738 520 3809 59).
556 3736 734 3791 Filius
766 3736 857 3791 Dei
892 3736 980 3806 qui
1003 3735 1155 3800 dixit,
1190 3744 1236 3787 et
1265 3738 1405 3804 facta
1432 3745 1580 3800 sunt,
1610 3733 1834 3787 manda-

224 3832 288 3886 vit
316 3847 359 3886 et
383 3840 561 3885 creata
594 3838 715 3883 sunt
740 3830 923 3883 omnia
958 3826 1385 3899 (Psal.cx1.vm,
1419 3826 1499 3899 5),
1534 3827 1834 3884 secundum

224 3924 324 3981 hoc
354 3928 496 3997 quod
526 3926 705 3980 Filius
737 3923 974 3978 hominis
1005 3922 1229 3989 dicitur,
1260 3924 1586 3979 sententiam
1622 3933 1835 3991 tempe-

226 4029 307 4073 rat
332 4037 344 4073 :
373 4019 533 4074 Pater
560 4061 573 4085 ,
612 4018 657 4070 si
687 4017 927 4086 possibile
956 4026 1065 4078 est;
1090 4026 1437 4070 verumtamen
1466 4032 1566 4068 non
1595 4016 1724 4070 sicut
1746 4030 1839 4084 ego

228 4111 337 4164 volo
362 4156 375 4177 ,
436 4110 526 4165 sed
578 4109 718 4163 sicut
764 4117 816 4159 tu
852 4104 1068 4176 (Matth.
1096 4122 1222 4161 xxw
1244 4146 1259 4172 ,
1288 4105 1383 4175 40)
1411 4124 1423 4159 :
1452 4118 1504 4161 et
1525 4105 1839 4161 Critobulus

230 4219 379 4259 meus
421 4203 666 4257 adducto
696 4198 989 4267 supercilio
1020 4197 1279 4266 loquitur,
1328 4198 1506 4253 Potest
1536 4200 1687 4252 homo
1728 4199 1841 4252 sine

235 4305 441 4365 peccato
469 4310 581 4349 esse
637 4292 679 4345 si
704 4290 844 4343 velit.
885 4288 1134 4357 Apostoli
1174 4291 1400 4345 audiunt
1432 4311 1444 4345 :
1473 4292 1563 4346 Sic
1602 4308 1706 4345 non
1743 4308 1838 4363 p0-

239 4390 409 4441 tuistis
432 4404 537 4440 una
567 4386 700 4437 liora
728 4381 940 4451 vigilare
965 4394 1162 4433 mecum
1195 4379 1391 4451 (Marc.
1419 4397 1528 4448 xw,
1557 4382 1691 4452 '57)?
1721 4381 1839 4438 Non

237 4477 399 4545 dixit,
431 4475 707 4541 noluistis,
738 4472 856 4538 sed,
884 4486 989 4525 non
1023 4470 1291 4540 potuistis.
1317 4471 1685 4536 Apostoliuna
1708 4475 1841 4531 ltOra

235 4570 465 4639 vigilare
494 4584 605 4623 non
638 4572 885 4635 possunt,
916 4578 1111 4617 somno
1133 4602 1146 4627 ,
1178 4577 1414 4619 niterore
1443 4574 1496 4620 et
1529 4568 1708 4622 carnis
1735 4566 1843 4622 fra-

1937 3365 2267 3419 sententiam
2288 3374 2314 3411 εί
2338 3364 2679 3434 ambigenter
2698 3363 3062 3434 exprimebat,
3086 3362 3254 3434 quiin
3274 3363 3388 3418 alio
3422 3362 3541 3416 loco

1938 3454 2182 3520 dixerat,
2214 3456 2341 3521 Qua:
2368 3457 2507 3527 apud
2543 3456 2776 3511 homines
2802 3454 3171 3528 impossibilia,
3200 3455 3343 3527 apud
3367 3453 3537 3508 Deum

1939 3546 2210 3618 possibilia
2249 3558 2379 3602 sunt
2414 3547 2631 3619 (Matth.
2682 3564 2768 3603 χιχ
2791 3590 2805 3613 ,
2840 3550 2940 3614 26;
2977 3547 3149 3602 Marc.
3179 3564 3245 3614 χ,
3278 3547 3379 3612 Q7;
3408 3545 3539 3600 Luc.

1943 3658 2098 3708 xvm,
2129 3642 2381 3714 ‘27)?Sed
2409 3643 2572 3698 homo
2595 3658 2875 3713 passurus,
2900 3643 3134 3697 hominis
3166 3639 3401 3710 loquitur
3421 3654 3544 3695 ver-

1942 3735 2050 3790 bis.
2086 3735 2183 3791 llle
2212 3735 2343 3790 dicit
2370 3750 2384 3793 :
2412 3734 2471 3791 Si
2500 3735 2755 3804 possibile
2782 3743 2885 3803 est,
2922 3750 3026 3789 una
3069 3734 3198 3789 liora
3233 3739 3540 3802 praetereat.

1940 3828 2023 3884 Tu
2050 3829 2186 3886 dicis
2208 3872 2221 3897 ,
2258 3828 2518 3899 possibile
2541 3839 2622 3883 est
2654 3828 2805 3883 omni
2829 3836 3075 3897 tempore
3098 3835 3320 3893 peccata
3350 3822 3542 3878 vitare.

2017 3924 2104 3980 15.
2131 3922 2215 3978 Ex
2240 3923 2361 3978 aliis
2384 3924 2437 3977 in
2470 3921 2754 3994 Evangelia
2782 3918 3196 3977 historiis—lu
3227 3917 3547 3988 quibusdam

1942 4017 2350 4088 exemplaribus
2379 4026 2433 4071 et
2458 4017 2696 4072 maxime
2721 4016 2777 4073 in
2799 4015 3004 4072 Graecis
3041 4011 3324 4069 codicibus
3344 4051 3359 4077 ,
3396 4011 3551 4081 juxta

1943 4111 2185 4166 Marcum
2216 4111 2267 4164 iu
2302 4110 2408 4164 (ine
2439 4111 2557 4177 ejus
2587 4091 2868 4179 Evangelii
2899 4106 3194 4163 scribitur:
3220 4104 3409 4159 Postea
3436 4119 3551 4157 cum

1944 4204 2298 4259 accubuissent
2337 4202 2597 4267 undecim,
2626 4202 2866 4273 apparuit
2892 4202 2966 4255 eis
2989 4199 3177 4267 Jesus,
3201 4209 3247 4253 et
3274 4196 3553 4268 adprobau-

1946 4298 2016 4350 vit
2040 4293 2068 4332 ιι
2095 4295 2505 4349 incredulitatem
2532 4307 2578 4350 et
2608 4295 2861 4349 duritiam
2884 4294 3055 4348 cordis
3082 4308 3259 4346 eorum
3277 4332 3290 4355 ,
3324 4291 3444 4362 quia
3476 4290 3554 4344 his

1945 4389 2034 4459 qui
2056 4389 2286 4442 viderant
2311 4404 2426 4444 eum
2456 4398 2834 4458 resurgentem,
2867 4402 2969 4440 non
3001 4384 3327 4439 crediderunt
3355 4381 3551 4455 (Marc.

1947 4478 2214 4551 xvr,|l4).
2245 4478 2314 4533 Et
2342 4480 2422 4534 illi
2456 4478 2847 4550 satisfaciebant
2878 4478 3103 4532 dicentes
3132 4494 3151 4533 :
3176 4477 3342 4550 750
3380 4476 3561 4533 Secu-

1949 4572 2059 4626 lum
2102 4572 2242 4627 istud
2271 4573 2559 4641 iniquitatis
2596 4580 2644 4625 et
2688 4569 3065 4627 incredulitatis
3097 4568 3110 4607 ί
3144 4571 3433 4625 substantia
3456 4578 3555 4636 est,

235 4663 445 4732 gilitate
488 4657 750 4729 superati.
784 4667 839 4711 et
886 4666 940 4711 tu
973 4666 1127 4728 potes
1176 4659 1337 4728 longo
1370 4665 1617 4727 tempore
1658 4661 1840 4717 omnia
1876 4671 1923 4731 ί)
1949 4679 2064 4733 quia
2106 4680 2209 4718 non
2236 4664 2359 4719 sinit
2401 4681 2492 4733 per
2520 4660 2817 4717 inmundos
2855 4661 3068 4730 spiritus
3113 4678 3283 4717 veram
3329 4660 3430 4717 Dei
3464 4679 3561 4732 ap-

240 4752 402 4809 sitnul
434 4759 656 4821 peccata
683 4750 973 4819 superare?
1014 4749 1224 4806 Marcus
1255 4751 1601 4821 Evangelista
1646 4753 1840 4809 scribit

314 4970 340 4996 ιι
366 4958 493 5014 Ηειιε
523 4956 580 5013 in
618 4956 789 5028 veteri
835 4956 964 5011 edit.
998 4957 1071 5012 ita
1124 4966 1541 5028 postponuntur,
1582 4958 1710 5015 "(Bc
1729 4972 1848 5016 sunt

246 5030 422 5101 {acilia
446 5028 714 5082 mandata.
746 5027 945 5101 lterum
976 5029 1090 5083 dico
1114 5044 1188 5083 va:
1215 5027 1437 5093 nntndo,
1472 5043 1576 5087 etc.

318 5102 344 5141 ιδ
370 5101 717 5176 hiat-tinnitum
767 5110 885 5176 post
927 5098 1134 5153 larastu.
1189 5119 1290 5155 non
1336 5104 1519 5176 habere
1552 5121 1728 5176 posse,
1767 5116 1847 5157 ta—

249 5174 603 5245 ntetsiiposse
636 5172 900 5225 Victorius
945 5183 1103 5245 antea
1146 5174 1501 5241 expunxisset
1546 5172 1646 5245 ope
1700 5176 1849 5233 enui-

251 5259 371 5299 cum
419 5242 836 5308 Brixianorum,
866 5244 1063 5312 quibus
1108 5254 1163 5298 et
1202 5250 1371 5301 nostri
1414 5247 1530 5316 pari
1577 5242 1851 5304 entisensu

253 5315 633 5384 suffragantur.
1417 5315 1423 5383 ξ

327 5398 347 5456 ς
382 5388 495 5439 υυυ
526 5384 772 5440 Vaticani
806 5399 937 5439 mss.
962 5426 974 5448 ,
1010 5397 1217 5454 propter
1247 5387 1628 5456 inﬁdelitatem.

321 5454 348 5493 (1
378 5457 727 5529 Quantopere
772 5456 918 5510 hunc
966 5458 1141 5510 locum
1182 5454 1456 5529 Pelagiani
1490 5464 1853 5521 criminaren-

258 5536 363 5594 tur,
391 5531 569 5603 discas
603 5528 859 5603 velimex
890 5530 1172 5597 Augusuni
1210 5530 1375 5600 Opere
1406 5532 1741 5603 imperfecto,
1772 5545 1855 5590 at-

262 5614 364 5668 que
404 5600 535 5651 inira
570 5614 723 5653 nunt.
758 5599 845 5666 l7,
881 5610 995 5654 not.
1138 5664 1145 5668 _
1219 5661 1221 5665 Α

336 5682 357 5706 υ
388 5669 712 5738 Superbiam
742 5664 875 5740 l’yth
896 5672 1111 5739 «δοιαὶοω
1134 5664 1507 5740 Philosouhize
1541 5684 1696 5729 vocat
1718 5679 1854 5733 ἀπαι

264 5740 398 5817 θείαν.
420 5752 473 5817 et
504 5743 889 5817 ἀναμαρτησίαν
909 5784 925 5817 _,
970 5757 1065 5817 seu
1095 5743 1351 5817 perfectae
1376 5747 1602 5814 justitiae
1624 5746 1819 5817 dogma
1838 5790 1855 5815 ,

268 5809 739 5888 quodpy'thagoran
765 5816 817 5868 in
843 5813 1030 5888 prunis
1051 5809 1288 5888 tribuere
1309 5809 1668 5888 llieronymus
1692 5809 1852 5876 s'olct;

268 5875 300 5959 "
341 5879 357 5918 τ
392 5875 580 5941 Verius
598 5875 1079 5957 lor-tassc'lleginte
1108 5885 1248 5946 liber
1276 5903 1398 5945 cum
1426 5875 1594 5946 veteri
1627 5875 1862 5960 edit.,et

1950 4758 2199 4826 prehendi
2238 4758 2471 4811 virtutem
2503 4756 2742 4811 :idcirco
2778 4755 2895 4825 jam
2934 4770 3070 4809 nunc
3097 4757 3264 4812 revela
3299 4755 3559 4825 justitiam

1956 4976 2045 5018 vos
2090 4962 2298 5034 plenam
2328 4964 2602 5017 scientiam
2641 4963 2979 5034 pollicemini.
3024 4966 3149 5020 Mox
3177 4967 3368 5022 Grmeo
3395 4966 3563 5022 verbo

1955 5033 2480 5107 interpretationem
2492 5033 2704 5107 addunt
2730 5033 2978 5092 Vaticani
3003 5038 3057 5091 id
3086 5047 3159 5093 est
3182 5037 3433 5107 putative.

2022 5098 2251 5232 Elidem
2304 5106 2412 5161 duo
2464 5105 2712 5165 Vaticani
2755 5110 3062 5164 sententiam
3115 5098 3420 5180 ambigentis
3470 5125 3559 5164 cx-

2042 5188 2156 5231 mit.

1957 5188 2156 5248 primit.

2030 5248 2059 5287 λι
2079 5249 2331 5320 Plerique
2358 5265 2519 5316 mss.,
2543 5249 2900 5309 incredulith
2924 5264 2970 5308 et
2996 5254 3206 5310 duritiae
3229 5254 3428 5317 cordis,
3451 5262 3562 5307 etc.

1957 5320 2127 5395 Porro
2157 5324 2449 5395 sequentes
2478 5324 2727 5380 versiculi
2754 5341 2784 5381 a
2816 5325 3037 5382 verbis:
3071 5327 3137 5381 Et
3162 5328 3247 5381 illi
3272 5325 3565 5395 satisfacie-

1957 5394 2083 5469 bant
2105 5392 2174 5469 ad
2196 5392 2356 5450 linem
2385 5410 2576 5463 usque,
2613 5397 2836 5452 minime
2854 5408 2953 5469 pro
2976 5398 3255 5469 germanis
3274 5400 3345 5453 ab
3376 5392 3565 5469 Recte:-

1959 5464 2039 5519 sia
2072 5465 2363 5531 habentur,
2393 5482 2567 5536 neque
2594 5469 2645 5522 in
2668 5469 2794 5524 ullis
2812 5464 3020 5524 Graecis
3046 5470 3351 5535 codicibus,
3376 5470 3468 5537 qui
3497 5467 3564 5522 ad

1961 5551 2060 5589 nos
2088 5537 2450 5599 devenerint,
2500 5549 2591 5592 aut
2635 5541 2684 5593 in
2716 5541 3059 5594 versionibus
3105 5541 3439 5595 authentieie
3479 5554 3567 5594 re-

1960 5609 2645 5692 peritttttttr._§ttperiures
2687 5626 2817 5667 vero
2846 5625 3119 5666 consensu
3149 5612 3413 5666 librorum
3447 5628 3567 5666 om-

1964 5695 2111 5734 nium
2137 5689 2363 5750 genuini
2392 5689 2538 5737 sunt.
3512 5715 3515 5718 ι

2042 5749 2055 5787 ί
2093 5749 2242 5827 Unus
2273 5751 2542 5827 vatican.,
2575 5752 2668 5827 sub
2691 5761 2978 5827 satanaest
3000 5795 3015 5817 ,
3038 5768 3212 5827 quam
3244 5765 3397 5811 certe
3430 5771 3568 5827 pm»-

1965 5821 2162 5900 [crrem
2216 5824 2500 5900 lectionem
2523 5865 2538 5889 ,
2579 5824 2626 5878 si
2664 5825 2751 5900 qui
2802 5823 2999 5900 deinde
3030 5821 3263 5900 haberet
3299 5840 3407 5900 pro
3431 5821 3571 5900 qua).

1962 5891 2237 5949 Caeterum
2280 5896 2533 5966 superius
2567 5891 2789 5952 verbum
2838 5894 3273 5969 unum,
3305 5891 3575 5959 'obse'rva-
