4054 6320
626 206 722 259 551

622 355 761 396 tuam
789 342 832 411 (I
858 342 1016 396 Joan.
1056 357 1106 405 ν,
1144 340 1255 411 19).
1288 339 1385 398 Cui
1415 342 1460 397 si
1483 342 1878 409 contradicitis,
1909 346 2039 400 illud
2070 357 2219 404 certe
2245 338 2299 397 A

617 448 846 488 renuere
895 449 999 486 non
1030 432 1342 487 audebitis:
1376 433 1605 488 Mundus
1658 436 1709 488 in
1751 436 1978 509 maligno
2024 441 2217 508 positus

612 533 686 579 est
718 524 911 597 (Ibid.)
942 543 956 580 :
986 534 1042 581 et
1069 526 1211 594 quod
1239 528 1522 581 Dominum
1554 543 1711 582 suum
1746 529 1975 586 Satanas
2012 541 2219 587 tentare

615 630 780 671 ausus
827 617 934 682 sit,
979 624 1034 672 et
1069 617 1243 671 victus
1272 626 1436 687 atque
1465 616 1725 673 confusus
1762 624 2093 689 recesserit,
2121 638 2215 677 ns-

618 723 725 778 que
773 708 838 763 ad
888 718 1135 779 tempus,
1180 712 1367 780 utique
1398 711 1687 779 passionis.
1732 712 1826 768 Ille
1856 722 2113 777 tentatur.
2164 726 2219 773 et

619 816 904 856 successor
952 800 1226 855 .Ioviniani
1283 801 1445 857 audet
1498 803 1698 872 loqui:
1752 805 1861 859 Eos
1923 806 2015 875 qui
2058 806 2215 875 plena

620 894 726 949 lide
768 894 1033 964 baptisma
1083 896 1362 950 consecuti
1394 904 1540 961 sunt,
1568 905 1592 932 ιι
1624 912 1730 951 ηοιι
1778 913 1939 966 posse
1981 900 2213 963 tentari;

620 990 787 1042 immo
818 987 942 1042 aliis
975 987 1157 1043 verbis
1191 1005 1203 1040 :
1251 986 1419 1042 Posse
1450 987 1723 1042 hominem
1764 990 2116 1059 baptizatum,
2170 993 2215 1047 si

620 1078 891 1144 noluerit,
931 1062 1269 1149 nequaquam
1317 1082 1456 1133 ultra
1505 1095 1750 1148 peccare.
1784 1082 2074 1137 Zacharias
2100 1084 2218 1153 jus-

624 1178 708 1223 tus
738 1170 891 1224 audit
930 1170 997 1225 ab
1018 1169 1227 1240 Angelo
1248 1188 1261 1223 :
1285 1170 1419 1236 Quia
1444 1187 1545 1224 non
1590 1173 1853 1227 credidisti
1870 1176 2031 1229 verbis
2060 1178 2216 1245 meis,

617 1261 719 1315 eris
768 1271 961 1328 tacens,
993 1272 1039 1315 et
1081 1279 1184 1315 non
1212 1264 1403 1331 poteris
1447 1262 1615 1332 loqui,
1667 1282 1824 1335 usque
1858 1267 1911 1319 in
1944 1268 2079 1321 diem
2123 1286 2216 1322 na-

615 1354 827 1407 tivitatis
884 1357 995 1426 ejus
1041 1354 1196 1424 (Luc.
1228 1371 1275 1419 ι,
1305 1354 1417 1425 20).
1448 1356 1607 1411 Pater
1639 1358 1855 1414 lunatici
1889 1360 1957 1415 de
1983 1360 2217 1430 Aposto-

617 1449 685 1503 Iis
713 1448 989 1517 loquitur:
1016 1447 1214 1519 Rogavi
1243 1448 1530 1518 discipulos
1561 1460 1696 1516 tuos,
1728 1462 1783 1505 ut
1804 1453 2045 1521 ejicerent
2075 1470 2212 1521 eum,

616 1540 669 1595 id
711 1552 793 1595 est
816 1542 1141 1609 darmonem,
1167 1552 1213 1597 et
1241 1559 1343 1596 non
1370 1553 1644 1612 potuerunt
1673 1544 1889 1613 (Matth.
1919 1564 2027 1601 xvn
2052 1591 2067 1615 ,
2100 1550 2211 1619 15).

616 1633 684 1688 Et
711 1634 810 1703 ipsi
841 1634 1088 1704 discipuli
1124 1637 1461 1707 interrogant
1490 1638 1829 1695 Salvatorem
1858 1659 1869 1694 :
1904 1642 2075 1709 Quare
2113 1661 2215 1699 non

1854 206 1909 260 S.
1956 204 2230 262 EUSEBII
2270 206 2654 267 HIERONYMI

3833 214 3921 269 sse

2398 329 2485 384 16.
2535 329 2940 399 Impeccantiam
2977 348 3009 384 a
3056 329 3168 384 Deo
3210 331 3364 385 tribui
3412 346 3580 402 posse.
3609 362 3689 372 ——
3717 330 3921 387 Dicebat

2321 434 2515 487 autem,
2548 421 2742 493 inquit,
2773 434 2819 477 et
2844 422 3146 494 parabolam
3175 422 3299 489 illis,
3334 424 3472 493 quod
3493 440 3706 497 semper
3737 436 3921 493 oportet

2322 529 2471 570 orare
2517 526 2564 570 et
2595 533 2871 587 numquam
2919 517 3135 586 deﬁcere
3185 515 3338 587 (Luc.
3368 533 3530 585 xvm,
3566 519 3646 587 1).
3709 517 3920 572 Frustra

2322 622 2539 678 semper
2568 625 2813 676 oramus,
2843 610 2888 663 si
2913 611 2965 663 in
2994 619 3182 664 nostro
3209 610 3437 665 arbitrio
3462 619 3547 666 est
3577 610 3770 666 facere
3791 612 3919 679 quod

2322 702 2598 756 volumus.
2644 702 2909 757 Dixerunt
2956 703 3200 771 Apostoli
3236 720 3247 754 :
3277 703 3344 756 Et
3388 704 3503 774 quis
3541 713 3718 773 potest
3764 706 3921 757 salvus

2321 798 2467 850 esse?
2488 797 2726 851 Audiunt
2750 812 2777 849 a
2805 796 3065 851 Domino:
3101 796 3229 861 Qua:
3255 797 3601 865 impossibilia
3632 808 3763 852 sunt
3793 800 3918 868 apud

2320 886 2567 953 homines,
2596 889 2860 958 possibilia
2880 889 3019 959 apud
3048 888 3209 942 Deum
3229 899 3347 942 sunt
3371 889 3567 959 (Marc.
3596 907 3656 956 χ,
3682 890 3780 952 26.
3814 890 3916 959 27).

2320 980 2464 1052 Ergo
2505 982 2682 1052 aliqua
2708 1025 2722 1048 ,
2753 998 2875 1053 qua:
2901 982 3043 1050 apud
3089 982 3336 1037 homines
3367 982 3737 1052 impossibilia
3768 996 3915 1048 sunt,

2320 1084 2471 1129 certe
2501 1090 2561 1128 ca
2593 1090 2714 1130 esse
2744 1075 3022 1145 possibilia
3049 1090 3113 1129 ex
3146 1090 3211 1129 eo
3242 1076 3573 1141 ostenditur,
3613 1076 3768 1147 quod
3790 1077 3919 1145 apud

2322 1168 2491 1221 Deum
2534 1167 2810 1236 possibilia
2846 1177 2993 1225 sunt.
3023 1167 3103 1222 Sit
3128 1181 3259 1237 ergo
3285 1177 3340 1222 et
3366 1168 3511 1237 apud
3543 1169 3721 1223 Deum
3756 1174 3918 1239 possi-

2322 1262 2447 1325 bile,
2480 1263 2708 1329 homini,
2738 1263 2782 1317 si
2818 1263 2973 1327 velit,
3003 1262 3206 1317 douare
3232 1264 3672 1332 impeccantiam,
3714 1281 3822 1320 non
3852 1266 3921 1335 ip-

2322 1355 2436 1409 sius
2462 1355 2687 1420 merito,
2718 1356 2811 1410 sed
2842 1370 2937 1409 sua
2970 1356 3280 1421 clementia,
3312 1366 3364 1411 et
3385 1357 3528 1427 apud
3561 1358 3813 1413 homines
3837 1376 3918 1415 ne-

2322 1462 2590 1517 quaquam
2640 1447 2898 1516 possibile
2951 1447 3105 1502 liberi
3156 1448 3366 1502 arbitrii
3415 1459 3729 1518 potestate,
3785 1452 3917 1523 quod

2323 1549 2455 1592 nutu
2476 1538 2729 1593 donantis
2750 1540 3033 1608 accipitur.
3064 1538 3182 1593 Non
3208 1540 3500 1596 Sull‘ecerat
3529 1544 3811 1611 Apostolis
3832 1544 3916 1600 du-

2323 1632 2449 1685 dum
2482 1647 2646 1702 super
2698 1633 2961 1703 dignitate
3015 1635 3315 1702 qumsisse,
3363 1635 3479 1704 quis
3510 1650 3700 1690 eorum
3752 1640 3917 1707 major

620 1733 878 1802 potuimus
904 1734 1087 1803 ejicere
1116 1734 1308 1787 illum?
1337 1734 1401 1788 Et
1430 1736 1687 1800 audiunt,
1716 1736 1938 1808 Propter
1976 1741 2219 1794 incredu-
2252 1742 2299 1801 B
2326 1735 2490 1790 esset.
2523 1724 2618 1779 sed
2648 1725 2701 1779 in
2738 1726 2853 1794 ίΡδο
2894 1726 3237 1781 necessum“
3285 1736 3338 1780 cl
3377 1728 3631 1793 I’aSSlonlS
3681 1732 3919 1785 θιίῖουίο

620 1825 819 1878 litatem
844 1834 1086 1879 vestram.
1120 1824 1248 1891 Cur,
1283 1829 1505 1897 quteso?
1528 1829 1653 1898 quia
1687 1831 1870 1884 omnia
1896 1848 2077 1900 posse,
2113 1835 2217 1887 Do-

621 1918 769 1971 mino
816 1918 1157 1972 servabatur.
1202 1918 1427 1973 Intravit
1470 1921 1727 1989 cogitatio
1783 1921 1835 1975 in
1890 1922 2217 1992 Apostolos,

619 2011 741 2081 quis
771 2026 963 2066 eorum
1013 2012 1187 2080 major
1215 2022 1385 2077 esset,
1428 2023 1482 2067 et
1505 2014 1866 2069 emendantur
1894 2016 2000 2088 (At.
2036 2035 2220 2074 emen-

618 2101 798 2175 datur]
819 2102 1067 2158 doctrina
1091 2104 1409 2171 Salvatoris,
1434 2105 1559 2161 dum
1589 2108 1846 2162 minimus
1867 2109 2039 2179 major
2054 2127 2220 2181 agno-

616 2197 808 2261 scitur,
843 2206 896 2250 et
928 2194 1207 2249 humilitas
1237 2197 1572 2253 sublimitate
1602 2209 1855 2255 mutatur.
1886 2201 2001 2256 Non
2036 2204 2223 2273 recipi-

619 2298 705 2343 tur
750 2290 819 2343 ab
868 2293 1001 2344 urbe
1045 2290 1510 2345 Samaritanorum
1536 2333 1551 2358 ,
1582 2294 1709 2363 quia
1745 2294 1909 2349 facies
1952 2294 2071 2364 ejus
2101 2305 2220 2351 erat

617 2383 799 2438 emitis
827 2382 1152 2439 Jerusalem.
1183 2383 1418 2439 Jacobus
1444 2393 1499 2440 et
1521 2385 1760 2443 Joannes
1791 2404 1918 2443 vere
1952 2389 2046 2442 ﬁlii
2078 2391 2215 2443 toni-

619 2474 745 2541 trui,
774 2484 829 2531 et
858 2478 958 2531 zeli
978 2477 1172 2531 ardore
1198 2476 1471 2532 ferventes
1503 2478 1737 2534 Phinees
1774 2491 1829 2535 et
1859 2480 1994 2535 Elite
2036 2481 2216 2550 ignem

617 2568 687 2624 de
716 2570 859 2624 C(Itlu
888 2569 1162 2625 deducere
1202 2570 1461 2639 cupiunt,
1494 2582 1549 2625 et
1578 2571 1948 2641 corripiuntur
1977 2588 2005 2626 a
2031 2574 2217 2627 Domi-

618 2676 691 2715 no
727 2682 739 2716 :
768 2662 859 2731 qui
887 2663 1071 2730 utique
1104 2677 1208 2716 non
1255 2665 1681 2733 corriperentur,
1722 2666 1765 2720 si
1799 2667 2003 2736 absque
2030 2683 2219 2724 errore

620 2757 745 2809 talia
778 2757 1095 2811 voluissent.
1126 2760 1278 2813 Ibant
1303 2776 1424 2815 cum
1457 2760 1549 2814 illo
1571 2762 1791 2831 populi,
1824 2762 1927 2817 hoc
1958 2774 2061 2831 est,
2093 2754 2214 2820 cum

625 2847 885 2913 Domino,
914 2852 1003 2919 qui
1036 2865 1329 2906 conversus
1378 2852 1513 2907 dixit
1546 2871 1558 2905 :
1589 2854 1652 2908 Si
1680 2856 1794 2924 quis
1822 2856 1955 2908 venit
1996 2857 2063 2909 ad
2103 2874 2213 2925 me,

618 2952 664 2993 et
692 2957 793 2995 non
826 2945 932 2995 odit
960 2956 1158 3014 patrem
1187 2962 1360 3009 suum,
1392 2956 1439 2998 et
1479 2950 1691 3000 matrem
1719 2965 1887 3014 suam,
1911 2959 1959 3002 et
1980 2966 2212 3017 uxorem,

619 3042 666 3086 et
690 3032 852 3101 ﬁlios,
884 3044 933 3087 et
957 3036 1147 3105 fratres
1169 3045 1214 3088 et
1246 3052 1465 3099 sorores,
1494 3038 1704 3107 insuper
1726 3049 1772 3093 et
1794 3042 2019 3095 animam
2040 3060 2209 3109 suam,

2325 1816 2581 1873 scribitur
2608 1816 2674 1871 de
2704 1817 2781 1871 eis
2810 1834 2822 1869 :
2855 1815 3022 1870 Facta
3064 1828 3136 1870 est
3167 1818 3418 1872 contentio
3456 1820 3587 1872 inter
3618 1821 3775 1885 illos,
3808 1824 3919 1889 quis

2322 1909 2531 1962 illorum
2562 1911 2730 1979 major
2755 1921 2879 1964 esset
2915 1908 3069 1981 (Luc.
3101 1927 3246 1975 xx",
3279 1912 3394 1981 24).
3425 1912 3694 1982 Optimum
3725 1929 3915 1968 revera

2326 2008 2538 2070 tempus
2566 2002 2803 2056 instante
2850 2016 3013 2056 cruce
3041 2001 3108 2056 de
3149 2002 3408 2072 dignitate
3439 2004 3797 2059 contendere.
3837 2006 3916 2058 Si-

2323 2112 2461 2159 mon,
2495 2097 2663 2167 inquit
2692 2139 2706 2161 ,
2739 2096 2960 2162 Simon,
2988 2114 3101 2151 ecce
3134 2098 3357 2152 Satanas
3393 2109 3413 2136 ο
3445 2101 3683 2170 expetivit
3720 2116 3829 2165 ros,
3866 2110 3911 2154 at

2322 2190 2569 2243 cribraret
2597 2190 2729 2242 sicut
2760 2190 3005 2244 triticum.
3056 2188 3165 2261 Ego
3191 2202 3361 2243 autem
3398 2193 3574 2261 rogavi
3614 2209 3709 2261 pro
3743 2205 3787 2245 te
3810 2236 3822 2257 ,
3863 2202 3907 2245 ut

2322 2299 2424 2337 non
2454 2281 2658 2351 deﬁciat
2684 2282 2813 2352 ﬁdes
2852 2292 2941 2335 tua
2969 2280 3132 2351 (Ibid.
3156 2325 3170 2349 ,
3203 2281 3316 2352 51).
3350 2284 3414 2338 Et
3457 2293 3609 2339 certe
3636 2285 3790 2355 juxta
3826 2300 3908 2339 vos

2322 2377 2374 2430 in
2409 2377 2652 2446 Apostoli
2687 2387 2806 2432 erat
2846 2378 3080 2446 positum
3121 2386 3418 2445 potestate,
3450 2379 3495 2432 si
3526 2379 3830 2445 voluisset,
3863 2389 3909 2434 ut

2322 2487 2430 2527 non
2462 2470 2723 2527 deficeret
2752 2471 2885 2525 Iides
2914 2472 3057 2539 ejus,
3099 2487 3201 2540 qua
3247 2471 3431 2540 utique
3456 2471 3771 2538 deﬁciente,
3801 2486 3908 2541 pec-

2320 2574 2501 2619 catum
2552 2564 2978 2633 subingreditur.
3032 2562 3087 2617 In
3145 2563 3466 2633 quibusdam
3519 2566 3908 2636 exemplaribus

2323 2656 2470 2711 tamt1
2490 2656 2695 2712 Grrecis
2720 2672 2880 2727 quam
2904 2656 3110 2711 Latinis
3134 2658 3719 2724 invenitur,scribente
3746 2659 3904 2713 Luca:

2318 2750 2573 2820 Apparuit
2595 2750 2673 2803 illi
2689 2750 2914 2822 Angelus
2933 2750 2995 2803 de
3015 2751 3140 2804 creto
3165 2755 3465 2821 confortans
3484 2768 3601 2805 eum
3616 2751 3771 2824 (an.
3787 2766 3903 2811 nn.

2317 2844 2433 2913 25),
2478 2843 2615 2897 haud
2662 2844 2883 2898 dubium
2927 2844 3055 2911 quin
3110 2844 3397 2898 Dominum
3435 2845 3800 2901 Salvatorcm.
3847 2844 3905 2897 Et

2317 2942 2485 3009 factus
2515 2939 2565 2991 in
2595 2939 2781 3009 agonia
2808 2938 2966 3009 761
2998 2938 3253 3009 prolixius
3302 2939 3479 2993 orabat
3506 2982 3517 3001 ,
3551 2945 3821 3011 factusque
3844 2950 3905 2994 est

2315 3033 2475 3087 sudor
2505 3037 2619 3106 ejus
2648 3033 2778 3087 sicut
2805 3043 2959 3105 gutta!
2998 3033 3262 3102 sanguinis
3289 3032 3611 3087 decurrentis
3658 3036 3715 3087 in
3738 3046 3905 3087 terram

619 3141 723 3177 non
752 3134 917 3195 potest
962 3143 1104 3180 meus
1135 3143 1243 3180 esse
1282 3127 1568 3199 discipulus
1608 3129 1761 3202 (Luc.
1794 3148 1899 3199 XIV,
1929 3132 2044 3203 26).
2101 3135 2165 3189 Ει
2194 3177 2207 3201 ,
2241 3128 2286 3190 C
2321 3125 2485 3197 (Ibid.
2508 3168 2522 3192 ,
2550 3125 2668 3197 44)ο
2695 3126 2944 3184 SalvatOl‘
2975 3126 3025 3180 in
3060 3126 3312 3195 passione
3342 3126 3408 3181 ab
3454 3126 3670 3196 Angelo
3704 3128 3903 3183 conlur-

620 3216 724 3284 Qui
751 3234 855 3270 non
876 3227 1048 3289 portat
1073 3235 1278 3273 crucem
1306 3236 1473 3285 suam,
1504 3231 1551 3274 et
1577 3225 1806 3293 sequitur
1830 3241 1908 3279 me
1928 3268 1943 3293 ,
1988 3244 2088 3281 non
2120 3245 2211 3298 po-

614 3321 712 3367 test
747 3328 889 3367 meus
920 3331 1028 3367 esse
1055 3314 1344 3384 discipulus
1371 3314 1533 3384 (Ibid.
1562 3358 1575 3381 ,
1622 3318 1739 3388 27).
1776 3320 1842 3373 Et
1870 3325 1921 3375 In
1964 3320 2067 3376 hoc
2092 3322 2213 3377 loco

615 3409 638 3444 δ
669 3408 992 3463 temerarius
1022 3409 1367 3479 proclamabo
1399 3427 1412 3462 :
1448 3410 1622 3465 Potest
1649 3411 1822 3479 homo,
1848 3415 1891 3468 si
1920 3414 2069 3483 velit,
2103 3434 2212 3470 om-

610 3500 701 3553 nia
746 3513 957 3571 peccata
1000 3501 1201 3567 vitare;
1227 3503 1410 3572 [acilia
1446 3504 1583 3557 enim
1627 3517 1749 3558 sunt
1780 3507 2024 3561 mandata
2062 3508 2213 3579 ejus?

608 3593 711 3661 Qui
743 3604 1020 3651 merentur
1060 3595 1248 3651 audire
1272 3612 1302 3651 a
1335 3597 1561 3653 Domino
1592 3598 1882 3655 Salvatore
1916 3619 1928 3656 :
1966 3600 2063 3655 Vos
2092 3604 2210 3657 estis

605 3688 692 3757 qui
710 3690 883 3759 justas
920 3705 1009 3744 vos
1045 3706 1152 3744 esse
1185 3691 1355 3744 dicitis
1387 3707 1562 3745 coram
1589 3692 1914 3759 hominibus,
1939 3693 2081 3747 Deus
2109 3713 2206 3749 an-

612 3790 709 3835 tem
740 3785 876 3838 novit
906 3788 1063 3838 corda
1088 3795 1286 3853 vestra,
1319 3786 1481 3858 760
1505 3789 1626 3858 quia
1647 3789 1786 3857 quod
1806 3791 1949 3858 apud
1976 3790 2208 3845 homines

607 3876 859 3930 excelsum
884 3887 998 3943 est,
1041 3878 1387 3933 abominabile
1421 3889 1493 3935 est
1520 3897 1695 3935 coram
1733 3882 1843 3936 Deo
1889 3882 2040 3955 (Luc.
2077 3900 2169 3938 xvr
2191 3925 2205 3950 ,

607 3966 717 4039 15).
753 3966 1081 4039 [inpossibile
1126 3980 1235 4036 est,
1269 3971 1480 4041 inquit,
1514 3974 1837 4029 utscandala
1879 3992 1979 4029 non
2006 3977 2207 4031 veniant

609 4058 763 4132 (Luc.
793 4077 902 4116 xvn
925 4103 940 4128 ,
975 4063 1052 4131 1).
1088 4061 1224 4116 Puto
1253 4062 1394 4131 quod
1425 4077 1706 4132 peccatum
1754 4066 2066 4121 scandalum
2098 4068 2204 4135 sit,

602 4153 746 4224 quod
794 4170 889 4224 per
917 4152 1238 4208 scandalum
1282 4156 1449 4210 venit.
1486 4157 1596 4211 Nisi
1634 4159 1789 4214 l'allor
1821 4162 1985 4227 enim,
2019 4164 2205 4217 σκῶλον

601 4257 656 4302 et
699 4247 978 4304 σκάνδαλον
1004 4246 1146 4316 apud
1175 4246 1397 4303 Graacos
1420 4264 1487 4302 ex
1525 4249 1810 4315 offensione
1836 4260 1891 4307 et
1919 4254 2071 4307 ruina
2111 4269 2208 4308 no-

600 4354 725 4394 men
759 4341 988 4409 accepit.
1035 4340 1325 4409 PrOpterea
1369 4342 1421 4393 in
1465 4341 1643 4394 multis
1693 4342 2000 4408 oﬂt‘tztlittms
2031 4362 2205 4400 omnes

603 4432 813 4506 (Iacob.
844 4448 902 4487 ιιι
923 4472 939 4501 ,
971 4432 1051 4504 2).
1084 4433 1191 4487 Fac
1214 4441 1273 4487 ut
1300 4448 1403 4488 non
1435 4434 1736 4488 corruerim
1756 4477 1769 4501 ,
1805 4446 1952 4490 certe
1979 4436 2198 4504 aliendi,

2321 3229 2497 3286 tatur;
2530 3229 2583 3275 et
2620 3219 2930 3275 Critobulus
2960 3233 3115 3273 meus
3156 3235 3261 3274 non
3312 3220 3511 3291 indiget
3560 3223 3772 3277 auxilio
3803 3222 3902 3287 Dei,

2317 3313 2522 3369 habens
2553 3313 2710 3369 liberi
2737 3313 2947 3367 arbitrii
2968 3321 3291 3382 potestatem
3315 3332 3327 3366 :
3347 3324 3401 3369 et
3424 3324 3531 3368 tam
3561 3315 3905 3373 vehementer

2314 3407 2542 3473 orabat,
2572 3418 2625 3460 ut
2654 3416 2818 3477 gutta:
2857 3406 3135 3476 sanguinis
3164 3418 3584 3478 prorumperent
3628 3426 3702 3466 ex
3734 3421 3901 3482 parte,

2315 3518 2472 3570 quem
2508 3512 2677 3555 totum
2706 3512 2821 3556 erat
2844 3502 2896 3556 in
2932 3503 3185 3571 passione
3220 3501 3460 3558 fusurns.
3501 3505 3677 3573 Quid,
3716 3507 3901 3577 inquit,

2314 3595 2590 3650 dormitis?
2616 3597 2810 3666 surgite
2853 3604 2899 3648 et
2931 3606 3095 3662 orate,
3145 3613 3207 3649 ne
3253 3598 3451 3652 intretis
3499 3600 3550 3651 in
3578 3601 3903 3654 tentationcm

2314 3687 2528 3759 (Matth.
2560 3703 2669 3752 xvr,
2694 3689 2810 3756 ‘21).
2839 3684 3031 3744 Debuit
3070 3689 3229 3759 juxta
3255 3706 3350 3744 vos
3375 3691 3556 3747 dicere
3582 3710 3595 3747 :
3618 3692 3763 3761 Quid
3793 3693 3903 3747 dor-

2313 3779 2498 3833 mitis?
2528 3780 2732 3850 surgite
2757 3790 2810 3834 ct
2842 3779 3100 3844 resistite,
3137 3780 3365 3836 liberum
3398 3783 3541 3837 enim
3575 3784 3793 3841 habetis
3826 3800 3901 3838 ar-

2311 3873 2563 3940 bitrium,
2597 3883 2652 3928 et
2695 3873 2865 3928 semel
2912 3874 3065 3928 vobis
3094 3890 3352 3930 concessa
3383 3892 3410 3928 a
3452 3877 3689 3933 Domino
3737 3891 3900 3949 potes-

2311 3974 2442 4033 tate,
2478 3967 2681 4022 nullius
2712 3966 2936 4021 alterius
2966 3967 3221 4037 indigetis
3268 3969 3489 4024 auxilio.
3539 3969 3594 4026 Si
3630 3975 3778 4026 enim
3811 3972 3899 4025 hoc

2309 4059 2565 4123 feceritis,
2599 4074 2704 4114 non
2738 4060 3005 4115 intrabitis
3030 4061 3082 4115 in
3114 4063 3484 4117 tentationcm.

2383 4154 2469 4209 17.
2531 4154 2663 4208 Item
2704 4172 2766 4209 ea:
2808 4155 3121 4227 Evangelica
3147 4158 3471 4213 historia.-—-
3496 4159 3622 4213 Non
3673 4176 3892 4231 possunt,

2308 4247 2403 4311 ait,
2431 4264 2526 4319 ego
2554 4251 2725 4317 facere
2749 4264 2780 4300 a
2810 4249 3105 4319 memetipso
3152 4250 3373 4320 aliquid,
3403 4252 3493 4305 sed
3522 4249 3643 4323 [AL
3670 4266 3724 4306 et
3740 4255 3757 4323 '1
3784 4254 3894 4306 sicut

2307 4342 2484 4407 audio,
2520 4341 2592 4393 ita
2611 4341 2800 4413 judico
2832 4338 3023 4411 (Joan.
3054 4357 3106 4407 v,
3139 4341 3259 4411 50).
3296 4342 3480 4398 Ariani
3508 4344 3782 4413 objiciunt
3815 4359 3892 4397 ra-

2308 4434 2590 4500 lumniam,
2619 4433 2715 4488 sed
2748 4433 3041 4504 respondet
3075 4433 3345 4501 Ecclesia,
3375 4451 3441 4491 ex
3467 4451 3703 4507 persona
3736 4435 3895 4494 homi-

601 4536 655 4582 et
684 4539 795 4579 non
826 4524 879 4579 in
908 4540 1037 4590 uno,
1069 4526 1165 4581 sed
1194 4527 1245 4581 in
1278 4525 1543 4596 pluribus.
1575 4525 1830 4582 Arbitror
1855 4529 1997 4598 quod
2027 4530 2082 4584 in
2111 4530 2203 4585 ali-
2234 4514 2281 4574 Ι)
2310 4528 2395 4581 nis
2437 4526 2555 4582 haec
2579 4527 2685 4582 dici
2732 4526 2825 4597 qui
2858 4537 3170 4595 assumptus
3197 4538 3301 4581 est.
3342 4527 3421 4582 Tu
3452 4544 3482 4583 e
3518 4532 3800 4585 contrario
3826 4530 3891 4582 lo-

598 4634 708 4691 quo
734 4617 1024 4673 oﬂendisse
1065 4629 1344 4689 peccatum
1390 4621 1479 4676 sit.
1509 4620 1765 4676 Dixerunt
1799 4622 2022 4677 Domino
2063 4624 2199 4695 Apo-

600 4711 720 4767 stoli
749 4727 768 4766 :
796 4712 940 4783 Auge
965 4711 1109 4766 nobis
1137 4714 1313 4782 ﬁdem.
1344 4713 1445 4780 Qui
1474 4716 1739 4784 respondit
1766 4718 1839 4771 eis
1867 4734 1885 4771 :
1915 4718 1975 4773 Si
2003 4717 2198 4773 habue-

598 4807 715 4862 ritis
766 4806 925 4877 ﬁdem
950 4849 964 4873 ,
996 4808 1145 4877 quasi
1194 4824 1417 4878 granum
1460 4810 1660 4881 sinapis
1690 4809 1904 4882 (Matth.
1930 4812 2199 4879 xvn,19),

598 4901 739 4971 quod
799 4902 985 4971 utique
1030 4900 1318 4955 minimum
1378 4910 1462 4955 est
1510 4903 1750 4957 omnium
1801 4905 2104 4970 seminum;
2147 4915 2202 4961 et

596 4994 912 5051 Critobulus
940 5008 1095 5049 meus
1124 4992 1251 5047 lidei
1279 4994 1439 5049 nobis
1473 4996 1747 5051 montibus
1776 4997 2108 5054 intumescit.

597 5122 707 5167 tum
730 5125 787 5185 *ει
812 5109 989 5185 doctis
1011 5108 1171 5185 viris,
1205 5108 1348 5185 idem
1391 5125 1616 5185 esscr‘ac
1654 5114 1857 5185 culpam
1887 5117 2194 5182 fatebantur.

671 5194 697 5221 ³
730 5182 863 5237 Vide
886 5191 1080 5259 contra
1097 5178 1459 5259 Iovinianum
1489 5182 1585 5235 lib.
1620 5200 1678 5242 ll.
1712 5178 1861 5239 tium.
1887 5178 1928 5239 ’2
1959 5198 2013 5241 ct
2042 5204 2194 5259 seqq.

597 5252 917 5334 Huiusmodi
952 5259 1070 5333 erat
1097 5250 1511 5334 Pelagianorum
1544 5270 1761 5326 quoque
1804 5250 2192 5334 a‘zvapapme-ioi.

667 5327 692 5366 δ
722 5327 859 5401 Cum
898 5325 1067 5379 veteri
1099 5323 1229 5379 edit.
1275 5323 1494 5394 Regina:
1528 5323 1686 5390 niss.,
1727 5323 2019 5383 temerariis
2070 5348 2192 5401 pro-

594 5399 846 5455 clamabo.

667 5484 688 5511 ο
720 5471 949 5541 Legerat
983 5468 1243 5541 Gravius,
1286 5468 1559 5541 postulavit
1591 5472 2001 5541 pro__expetivit;
2024 5470 2189 5538 priori

591 5552 769 5598 autem
803 5538 965 5596 {nodo
997 5539 1124 5609 legit
1154 5538 1540 5602 Tertullianus,
1574 5539 1662 5610 de
1683 5538 1826 5609 Fuga
1859 5543 1908 5593 in
1938 5555 2191 5610 persecu-

590 5617 766 5678 tione;
793 5608 1116 5683 Cyprianus,
1148 5610 1215 5665 de
1238 5612 1495 5666 Oratione
1514 5608 1822 5675 Dominica;
1851 5612 1907 5666 S.
1932 5608 2183 5682 August.,

595 5684 648 5737 in
681 5685 819 5750 psal.
862 5698 925 5747 C,
958 5683 1182 5747 aliique.

664 5752 689 5792 ά
717 5754 776 5810 S.
804 5755 1033 5822 Quoque
1053 5751 1308 5821 Hilarius,
1335 5751 1429 5808 lib.
1456 5769 1489 5807 x
1511 5752 1579 5811 de
1607 5751 1891 5823 Trinitate,
1920 5770 2069 5812 num.
2092 5755 2183 5814 41.

2306 4620 2493 4691 queris
2522 4636 2537 4676 :
2569 4619 2786 4674 Possum
2837 4621 2946 4674 sine
2995 4631 3202 4686 peccato
3248 4637 3380 4687 esse,
3415 4622 3459 4675 si
3524 4624 3759 4678 voluero.
3811 4622 3890 4675 Ille

2305 4714 2437 4771 nihil
2469 4724 2651 4785 potest
2678 4730 2744 4770 ex
2775 4730 2835 4771 se
2864 4714 3065 4781 facere,
3102 4723 3159 4768 ut
3198 4713 3433 4770 hominis
3469 4715 3675 4773 indicet
3706 4718 3888 4772 verita-

2306 4819 2432 4864 tem.
2466 4807 2545 4863 Tn
2592 4818 2746 4876 potes
2788 4808 2967 4862 omnia
3017 4816 3236 4877 peccata
3284 4809 3478 4876 vitare,
3521 4818 3582 4864 ut
3626 4812 3805 4867 adhuc
3840 4808 3886 4862 in

2301 4916 2532 4970 corpore
2558 4902 2893 4956 constitutus
2919 4910 2940 4937 θ
2965 4902 3189 4957 ἀντίθεον
3228 4915 3350 4954 esse
3383 4911 3435 4955 te
3471 4901 3693 4957 doceas.
3734 4903 3888 4971 Negat

2301 4996 2559 5052 fratribus
2588 5003 2644 5049 et
2685 4994 3005 5065 pr0pinquis
3047 4995 3130 5049 ire
3166 5010 3224 5049 se
3262 4992 3331 5047 ad
3374 4998 3789 5065 scenOpegiam;
3838 4999 3886 5045 et

2312 5115 2422 5168 Nec
2450 5131 2573 5168 sane
2595 5156 2609 5179 ,
2639 5114 2846 5181 inquit,
2876 5112 3221 5183 ignorandum
3249 5129 3280 5164 a
3308 5112 3451 5166 nobis
3481 5122 3554 5165 est
3579 5154 3592 5173 ,
3623 5113 3676 5165 in
3702 5110 3883 5165 Gracia

2306 5198 2354 5240 et
2383 5185 2582 5240 Latinis
2608 5184 2866 5238 codicibus
2892 5183 3242 5255 complurimis
3269 5184 3347 5237 vel
3375 5184 3438 5237 de
3462 5184 3762 5238 adveniente
3789 5183 3882 5234 An—

2303 5258 2437 5323 gela.
2464 5256 2539 5311 vel
2563 5257 2625 5309 de
2647 5255 2838 5309 sudore
2863 5255 3129 5323 sanguinis
3155 5256 3229 5308 nil
3251 5256 3501 5320 sei-iptum
3528 5256 3763 5322 reperiri,
3783 5266 3877 5306 etc.

2302 5318 2474 5384 Hodie
2524 5327 2852 5395 exemplaria
2896 5318 3089 5394 quibus
3122 5326 3299 5378 desint
3329 5318 3380 5379 hi
3407 5318 3601 5379 versus
3628 5329 3780 5396 longe
3808 5338 3879 5375 ra-

2300 5406 2440 5455 riora
2476 5408 2632 5463 sunt,
2659 5406 2715 5453 et
2738 5400 2833 5452 tria
2864 5406 3069 5451 tantum
3100 5396 3129 5449 il
3160 5397 3327 5450 Millin
3361 5397 3731 5466 proferuntur.

2372 5483 2393 5507 ο
2416 5471 2731 5526 Constitutns
2763 5471 2999 5526 ἀντίθεον.
3027 5468 3170 5522 Cave
3200 5465 3386 5522 falsam
3414 5468 3638 5521 Mariani
3675 5465 3875 5522 Victorii

2295 5540 2801 5611 interpretationem
2830 5586 2845 5606 ,
2876 5541 2976 5617 qui
3002 5540 3207 5617 putavit
3231 5539 3315 5593 hic
3341 5541 3564 5594 ἀντίθεον
3587 5540 3876 5617 signiﬁcare

2298 5613 2405 5667 Deo
2440 5617 2755 5667 contrarium
2808 5624 2870 5687 et
2909 5611 3263 5687 adt'ersariuni
3305 5627 3323 5663 .'
3372 5626 3515 5687 cum_
3555 5621 3762 5687 certum
3814 5611 3876 5687 sit

2293 5685 2681 5756 Hieronymum
2725 5684 3056 5756 intellexisse
3100 5681 3401 5756 semideum,
3435 5683 3701 5756 eximium,
3732 5681 3874 5756 aequi:

2289 5747 2528 5825 paratum
2556 5755 2701 5825 Deo,
2735 5756 2849 5812 sive
2901 5754 3172 5819 divinum;
3222 5751 3324 5809 hoc
3371 5765 3485 5823 est,
3531 5754 3735 5825 ἰσόθεον,
3765 5747 3871 5809 δέατ’
