4036 6374
141 286 247 348 553

1012 287 1356 347 DIALOGUS
1395 288 1759 348 Αυνιῑιςδυδ
1801 293 2255 355 l’ELAGIANOS.
2298 298 2421 354 LIB.
2467 300 2529 355 ll.

3314 306 3416 363 554

141 408 319 472 postea
366 399 750 474 scriptumvest
777 415 793 456 :
826 401 893 457 Ut
920 410 1091 457 autem
1134 404 1476 458 ascenderunt
1522 407 1711 475 fratres
1737 417 1791 480 Α
1817 407 1978 479 763
2005 408 2150 462 illius
2182 409 2465 465 declinare
2495 419 2777 478 t-teperunt
2810 429 2823 465 :
2861 411 3125 484 solusque
3158 418 3421 471 remansit

138 496 269 563 ejus,
300 504 416 550 tunc
445 504 492 548 et
512 495 621 566 ipse
643 494 867 549 ascendit
892 494 962 546 ad
987 494 1393 561 solemnitatem,
1419 513 1521 550 non
1548 498 1714 550 mani-

138 589 285 656 feste,
316 588 405 641 sed
432 587 576 655 quasi
602 588 655 641 in
685 586 983 640 abscondito
1011 585 1201 657 (Joan.
1234 603 1327 655 vn,
1352 587 1472 659 10).
1506 587 1709 643 lturnm

134 692 196 734 se
218 679 453 749 negavit,
476 688 529 736 et
548 678 675 736 fecit
697 678 836 751 quod
858 680 1012 752 prius
1034 691 1345 752 negaverat.
1372 680 1559 737 Latrat
1583 682 1715 737 Por-

133 772 377 845 phyrius,
405 773 776 829 inconstantia:
816 788 880 829 ac
908 774 1228 830 mutationis
1264 774 1425 847 762
1466 785 1711 839 accusat,

133 868 374 923 nesciens
398 868 574 923 omnia
598 867 851 924 scandala
879 868 947 923 ad
970 877 995 906 ι
1013 884 1238 924 carnem
1263 882 1385 923 esse
1407 868 1712 924 referenda.

132 959 349 1033 Moyses,
389 960 582 1034 inquit.
628 962 773 1019 dedit
800 961 943 1017 vobis
987 964 1173 1036 legem,
1204 971 1254 1017 et
1297 978 1445 1016 nemo
1473 978 1540 1017 ex
1575 962 1715 1016 vobis

131 1054 249 1126 facit
276 1052 454 1126 legem,
500 1055 689 1127 utique
719 1054 1062 1126 possibilem,
1091 1063 1150 1111 et
1190 1064 1370 1111 tamen
1414 1055 1562 1126 quod
1600 1065 1718 1111 erat

129 1146 393 1219 possibile,
427 1163 593 1205 nemo
622 1148 972 1219 impleverat,
999 1155 1029 1197 δ
1060 1165 1236 1221 neque
1264 1149 1409 1206 enim
1432 1150 1590 1221 culpa
1614 1150 1717 1206 im-

126 1239 353 1310 perantis
374 1250 481 1307 est,
514 1241 613 1297 sed
645 1242 907 1312 fragilitas
929 1241 1225 1307 audientis,
1263 1252 1322 1298 ut
1347 1244 1528 1297 omnis
1555 1258 1713 1297 mun«

125 1332 219 1388 dus
245 1332 490 1391 subditus
517 1334 611 1390 liat
641 1335 772 1392 Deo.
806 1335 865 1391 ltt
902 1337 1200 1408 Evangelio
1228 1338 1529 1393 secundum
1552 1337 1717 1394 Joan-

124 1440 239 1481 nem
284 1424 339 1481 in
396 1427 593 1482 multis
636 1438 658 1466 ε
701 1437 757 1482 et
812 1428 1015 1484 Grtecis
1066 1437 1122 1484 et
1165 1428 1372 1484 Latinis
1434 1429 1717 1484 codicibus

124 1518 386 1576 invenitur
425 1520 497 1579 de
542 1520 791 1577 adultera
847 1522 1101 1589 muliere,
1153 1538 1275 1593 qua:
1326 1533 1584 1579 accusata
1630 1531 1719 1579 est

122 1614 253 1685 apud
299 1614 620 1671 Dominum.
675 1616 1016 1671 Accusabant
1065 1626 1246 1671 autem
1275 1624 1331 1671 et
1364 1614 1718 1672 vehementer

122 1707 379 1777 urgebant
398 1706 615 1763 Seribae
644 1716 698 1763 et
730 1707 1016 1773 Pharisaei,
1046 1707 1205 1777 juxta
1233 1708 1408 1779 legem
1441 1722 1562 1764 eam
1590 1707 1715 1776 lapi~

1818 515 1941 553 cum
1977 501 2228 566 muliere,
2259 501 2347 557 cui
2370 503 2583 557 locutus
2624 512 2710 559 est
2744 504 2934 560 Jesus:
2962 506 3066 560 Ubi
3090 519 3209 561 sunt
3260 510 3347 575 qui
3376 520 3424 564 te

1818 592 2176 647 accusabant?
2207 592 2378 649 Nemo
2410 605 2457 651 te
2480 597 2880 653 condemnavit?
2908 600 3036 666 Qua:
3060 601 3131 652 ait
3154 617 3172 654 :
3198 599 3418 665 Nullus,

1818 682 2063 737 Domine.
2098 684 2385 756 Respondit
2430 686 2475 741 ei
2504 685 2678 753 Iesus,
2710 705 2803 742 nec
2834 706 2926 761 ego
2959 700 3007 742 te
3048 692 3418 746 condemnabo.

1827 775 1993 844 Vade,
2040 787 2087 832 et
2134 782 2321 834 amodo
2367 781 2475 835 noli
2507 780 2939 851 peccareran.
2979 800 3095 850 vttt,
3144 784 3237 852 10,
3290 785 3414 855 ll).

1818 869 2086 942 Praecepit
2130 872 2416 939 Dominus,
2458 889 2528 929 ne
2559 875 2789 930 ulterius
2840 886 3121 947 peccaret,
3158 875 3322 931 sicuti
3367 885 3424 931 et

1818 965 1922 1018 alia
1956 965 2214 1023 similiter
2242 966 2296 1023 in
2321 967 2465 1039 Lege
2486 969 2783 1026 mandavit.
2818 970 2927 1026 Sed
2961 982 3143 1027 utrum
3183 985 3245 1027 ea
3274 970 3423 1026 lece-

1818 1058 1914 1125 rit,
1950 1075 2146 1128 necne,
2184 1061 2475 1134 Scriptura
2505 1079 2617 1119 non
2652 1064 2805 1121 dicit.
2843 1064 3052 1131 Omnes,
3087 1066 3285 1136 inquit,
3334 1066 3423 1135 qui

1816 1162 2061 1207 venerunt
2086 1164 2204 1208 ante
2225 1171 2327 1220 me,
2352 1156 2490 1226 fures
2511 1157 2717 1226 fuerunt
2736 1167 2781 1212 et
2800 1158 3021 1212 latrones
3046 1159 3236 1229 (Joan.
3262 1176 3313 1225 x,
3336 1157 3414 1229 8).

1820 1242 1877 1299 Si
1910 1258 2124 1310 omnes,
2167 1246 2349 1301 nullus
2393 1248 2682 1319 excipitur.
2742 1250 2844 1316 Qui
2892 1262 3161 1317 venerunt,
3219 1253 3415 1320 inquit,

1819 1352 1950 1401 non,
1999 1338 2093 1408 qui
2126 1339 2279 1394 missi
2310 1350 2462 1407 sunt,
2505 1340 2575 1396 de
2603 1342 2799 1412 quibus
2850 1342 3123 1413 Propheta
3160 1347 3232 1397 ait
3260 1363 3275 1398 :
3304 1344 3419 1416 Ipsi

1819 1428 2088 1485 veniebant
2116 1447 2148 1484 a
2172 1446 2246 1493 se,
2277 1441 2324 1485 et
2352 1448 2444 1502 ego
2473 1449 2573 1486 non
2606 1433 2867 1487 mittebant
2896 1452 2982 1489 eos
3016 1433 3243 1505 (Jerrm.
3281 1453 3415 1504 xvu,

1821 1522 1947 1594 12).
1980 1522 2099 1591 Quo
2142 1523 2314 1579 verbo
2341 1524 2511 1579 solius
2538 1525 2745 1581 Christi
2794 1528 3035 1597 potentia
3072 1542 3413 1599 reservatur,

1818 1614 1908 1682 qui
1949 1613 2016 1667 ad
2065 1628 2159 1669 sua
2208 1628 2453 1682 venerat,
2504 1627 2558 1671 et
2605 1619 2689 1673 sui
2720 1633 2847 1673 eum
2899 1635 3005 1674 non
3059 1635 3410 1692 receperunt.

1820 1704 1959 1761 Dum
1989 1725 2170 1773 essem,
2205 1710 2401 1780 inquit,
2432 1711 2485 1765 in
2514 1714 2708 1767 mundo
2738 1730 2855 1768 cum
2895 1716 2990 1783 eis,
3023 1732 3117 1789 ego
3150 1720 3417 1773 servabant

120 1798 246 1857 dare
286 1799 592 1871 cupientes.
638 1800 707 1853 At
732 1798 885 1856 Jesus
928 1801 1208 1863 inclinans,
1257 1801 1422 1872 digito
1462 1802 1714 1856 scribebat
1747 1817 1790 1876 Β
1820 1816 1903 1855 eas
1946 1802 2001 1854 in
2033 1802 2239 1859 nomine
2261 1812 2375 1869 tuo,
2415 1803 2435 1842 ί
2469 1822 2599 1876 quos
2646 1806 2832 1861 dedisti
2875 1808 3023 1874 mihi,
3062 1812 3337 1880 custodivi,
3371 1822 3420 1867 et

124 1890 174 1945 in
198 1891 549 1964 terra(Joan.
569 1907 689 1959 vnt,
713 1891 811 1962 6):
838 1890 864 1929 (ἲ
890 1909 1078 1948 eorum
1102 1893 1357 1949 videlicet
1374 1895 1464 1964 qui
1492 1909 1712 1950 accusa-

117 1984 257 2053 bant,
281 1997 337 2043 et
353 1989 602 2045 omnium
629 1996 848 2058 peccata
874 1988 1216 2054 mortalium,
1246 1988 1540 2043 secundum
1570 1988 1713 2058 quod

117 2080 368 2149 scriptum
410 2089 501 2136 est
542 2081 596 2135 in
646 2080 921 2147 Propheta
959 2098 972 2134 :
1010 2080 1372 2151 Relinquentes
1427 2091 1600 2135 autem
1641 2091 1712 2148 te,

118 2180 138 2211 ο
160 2173 209 2227 in
242 2182 389 2230 terra
410 2173 705 2229 scribentur
730 2172 963 2244 (larem.
1004 2189 1141 2239 xvtt,
1175 2174 1301 2245 15).
1342 2174 1588 2229 Tandem
1620 2190 1713 2230 ca-

115 2273 202 2335 put
232 2264 475 2320 elevans
512 2262 650 2319 dixit
674 2264 755 2319 eis
785 2282 800 2318 :
840 2264 941 2332 Qui
967 2266 1078 2320 sine
1104 2275 1318 2337 peccato
1360 2274 1437 2320 est
1466 2277 1714 2333 vestrum,

114 2357 312 2427 primus
341 2355 517 2410 mittat
557 2372 716 2427 super
743 2372 856 2410 eam
905 2355 1133 2427 lapidem
1173 2356 1369 2426 (Joan.
1422 2373 1539 2423 vnt,
1591 2358 1716 2429 10).

114 2445 221 2503 Hoc
254 2446 411 2518 quod
441 2445 651 2503 dicitur
678 2448 791 2503 sine
820 2459 1052 2520 peccato,
1101 2450 1290 2506 Graece
1335 2449 1602 2520 scriptum
1633 2459 1719 2506 est

116 2539 495 2617 ἀναμάρτητος.
527 2539 633 2607 Qui
662 2554 796 2612 ergo
818 2540 971 2607 dicit,
995 2541 1139 2596 aliud
1169 2555 1295 2598 esse
1324 2542 1448 2597 sine
1470 2550 1718 2612 peccato,

119 2641 170 2687 et
206 2630 354 2687 aliud
402 2633 791 2710 ἀναμάρτητον,
824 2642 918 2688 aut
946 2633 1196 2689 Graecum
1226 2647 1539 2690 sermonem
1572 2651 1719 2691 novo

120 2724 275 2782 verbo
304 2724 605 2795 exprimat,
635 2734 730 2780 aut
756 2726 805 2780 si
844 2740 1168 2795 expressum
1210 2734 1295 2782 est
1323 2741 1351 2780 a
1400 2725 1625 2793 Latinis,
1660 2736 1720 2781 ut

122 2817 592 2890 interpretationis
609 2817 812 2875 veritas
829 2817 1017 2887 habet,
1034 2820 1382 2891 perspicuum
1398 2822 1720 2896 εειᾶναμάρ·

124 2934 261 2972 meo»
327 2912 469 2969 nihil
518 2912 669 2968 aliud
711 2926 867 2978 esse,
904 2912 1008 2967 nisi
1050 2913 1160 2967 sine
1202 2922 1435 2983 peccato.
1491 2910 1562 2968 Et
1591 2913 1716 2983 quia

121 3016 458 3064 accusatores
489 3020 689 3063 omnes
733 3006 992 3077 fugerunt
1017 3005 1031 3078 ί
1054 3005 1139 3060 At.
1166 3005 1419 3077 fugiunt]
1454 3004 1719 3078 (dederat

122 3102 259 3156 enim
284 3099 641 3158 verecundia:
665 3114 860 3156 eorum
888 3099 1356 3156 clementissimus
1387 3098 1557 3169 judex
1587 3113 1717 3170 spa-

1820 1893 1995 1947 nullus
2023 1910 2088 1948 ea:
2111 1896 2184 1948 eis
2215 1897 2393 1965 periit,
2422 1898 2521 1950 nisi
2551 1914 2684 1951 unus
2711 1898 2853 1967 [ilius
2880 1901 3190 1970 perditionis
3214 1903 3412 1973 (Joan.

1817 1999 1950 2051 xvtt,
1980 1984 2102 2055 ιε).
2129 1985 2244 2039 Νοιι
2275 1985 2440 2051 dixit,
2476 1987 2599 2041 dedi
2630 1989 2711 2043 eis
2742 1988 2902 2043 liberi
2936 1990 3144 2045 arbitrii
3185 2004 3425 2063 potesta-

1822 2086 1953 2144 tem,
1979 2087 2039 2133 ut
2063 2078 2168 2148 ipsi
2197 2095 2255 2134 se
2284 2094 2385 2134 suo
2408 2080 2593 2135 labore
2622 2081 2921 2147 salvarent,
2956 2084 3079 2151 sed,
3103 2100 3206 2156 ego
3233 2098 3420 2143 custo-

1819 2169 1927 2223 divi
1961 2184 2075 2231 eos,
2107 2185 2209 2240 ego
2235 2170 2471 2225 servavi.
2520 2171 2766 2242 Denique
2797 2173 2983 2237 infert,
3016 2173 3139 2229 Non
3184 2187 3324 2245 peto,
3362 2188 3420 2231 ut

1822 2278 1905 2317 eos
1945 2265 2153 2333 auferas
2196 2262 2261 2315 de
2291 2261 2511 2325 mundo,
2536 2262 2625 2315 sed
2654 2271 2708 2313 ut
2736 2263 2997 2317 custodias
3025 2263 3145 2318 illos
3184 2283 3215 2318 a
3260 2268 3420 2321 malo.

1821 2355 1879 2411 ln
1931 2354 2160 2410 Actibus
2196 2354 2588 2425 Apostolorum
2638 2355 2903 2426 scriptum
2955 2368 3039 2413 est
3083 2359 3228 2430 (Act.
3288 2364 3418 2427 xv),

1820 2448 1965 2503 inter
2007 2446 2233 2502 Paulum
2273 2457 2328 2501 et
2359 2447 2661 2501 Barnabam
2715 2457 2940 2518 propter
2988 2448 3279 2515 Joannem,
3330 2453 3421 2522 qui

1821 2539 2239 2611 cognominatus
2283 2547 2369 2594 est
2392 2537 2630 2604 Marcus,
2664 2548 2839 2594 ortam
2881 2540 3306 2609 dissensionem,
3351 2544 3422 2596 ita

1824 2642 1884 2690 ut
1913 2642 2333 2704 separarentur;
2385 2642 2439 2687 et
2490 2632 2766 2688 Barnabas
2815 2634 3081 2701 Marcum,
3133 2644 3189 2690 et
3226 2635 3425 2691 Paulus

1822 2725 2007 2796 Sylam
2042 2732 2353 2781 assumeret
2386 2726 2438 2779 in
2476 2724 2755 2796 Evangelii
2790 2727 3179 2782 ministerium.
3224 2728 3422 2783 Paulus

1821 2818 2093 2883 severior,
2118 2816 2213 2871 ille
2232 2816 2575 2881 clementior,
2613 2825 2847 2887 uterque
2878 2817 2931 2872 in
2954 2834 3051 2872 suo
3070 2834 3231 2873 sensu
3261 2821 3427 2875 abun-

1821 2907 1913 2963 dat
1944 2906 2060 2980 [Αι.
2090 2906 2463 2979 abundabat].
2501 2906 2567 2961 Et
2600 2917 2777 2962 tamen
2817 2902 3090 2964 dissensio
3124 2909 3286 2966 habet
3316 2913 3420 2967 ali-

1823 3004 1950 3076 quid
1985 3003 2239 3057 humanze
2278 3001 2611 3072 fragilitatis.
2644 3002 2699 3056 in
2735 3003 2928 3058 eodem
2973 3003 3248 3061 volumine
3291 3006 3426 3076 legi-

1825 3106 1911 3152 tur
1933 3115 1946 3151 :
1964 3095 2308 3150 Transierunt
2328 3094 2618 3167 Phrygiam
2634 3105 2681 3150 et
2700 3095 2995 3150 Galaticum
3010 3097 3120 3167 [ΑΙ.
3139 3097 3426 3172 Galatiam]

123 3192 245 3250 tium
272 3194 614 3265 recedendi)
642 3208 972 3266 rursumque
1013 3194 1067 3250 in
1110 3202 1256 3250 terra
1286 3193 1556 3263 scribens,
1605 3204 1713 3251 ter-
1741 3209 1789 3273 ρ
1821 3192 2101 3266 regionem,
2138 3189 2382 3261 prohibiti
2410 3206 2441 3243 a
2484 3189 2687 3259 Spiritu
2714 3200 2894 3245 sancta
2943 3191 3085 3261 loqui
3133 3194 3341 3248 verbum
3372 3197 3423 3249 in

124 3301 337 3362 ramque
378 3288 1025 3362 despiciens:paulatim
1071 3288 1380 3359 discedere,
1427 3299 1482 3346 et
1524 3289 1717 3347 oculos

124 3448 323 3535 ξριτήν,
354 3448 466 3535 Περ
496 3446 758 3530 aequalem
786 3447 1070 3535 secundum
1100 3447 1353 3502 virtutem.
1380 3446 1729 3535 Murciam—:-

126 3518 335 3577 Scilicet
391 3520 505 3576 Deo
564 3518 1020 3589 tequiparandum,
1062 3533 1170 3590 quo
1203 3533 1365 3574 sensu
1412 3518 1612 3588 passim
1661 3518 1729 3572 ah

128 3590 352 3650 Homero
378 3590 718 3649 vocabulum
742 3599 1055 3660 usurpatur,
1090 3600 1145 3645 ut
1167 3589 1320 3645 Iliad.
1352 3601 1395 3645 γ
1420 3604 1562 3645 vers.
1587 3588 1724 3645 360:

363 3713 544 3763 Ᾱντίοοον
566 3719 721 3759 Φοίνικι
741 3718 883 3758 dum
906 3719 1042 3769 πατρὸς
1066 3719 1153 3757 loto.

197 3825 220 3853 α
255 3814 647 3872 Calumniator
690 3812 837 3867 hunc
879 3811 1060 3867 locum
1105 3810 1355 3866 Julianus
1399 3809 1728 3880 Pelagianus

135 3887 274 3960 apud
293 3882 876 3960 AugustinumOperis
903 3881 1207 3960 imperfecti
1247 3881 1342 3936 lib.
1366 3896 1441 3947 tv,
1466 3880 1634 3960 c.__88.
1653 3888 1729 3960 _ut

135 3952 241 4030 eam
260 3952 602 4030 Hierbnymo
626 3952 1024 4030 blasphemiam
1053 3954 1465 4030 importet,_qua
1493 3952 1722 4030 digerit:

137 4028 386 4084 Christum
416 4023 526 4085 non
557 4026 726 4081 solum
771 4023 1034 4089 naturale,
1076 4041 1253 4080 verum
1288 4025 1441 4078 etiam
1482 4024 1724 4077 volunta-

135 4102 261 4155 rium
293 4100 543 4156 habuisse
572 4104 860 4166 peccatum.
889 4094 1037 4166 Cum
1067 4098 1211 4152 enim
1242 4096 1409 4150 alium
1440 4095 1617 4149 locum
1645 4109 1723 4166 ex

137 4169 350 4242 Dialago
369 4173 404 4228 5
445 4165 614 4241 quem
639 4177 771 4242 tunc
796 4165 1150 4242 adducemus,
1174 4166 1487 4242 obiecisset,
1521 4165 1723 4242 subdit,

144 4239 217 4296 De
244 4236 350 4298 alio
396 4236 559 4298 etiam
610 4239 897 4294 testimonio
937 4237 1164 4293 Joannis
1207 4236 1531 4308 evangelista:
1567 4237 1723 4307 flagi-

140 4314 259 4396 tium
286 4315 330 4369 ei
367 4311 662 4396 (Christo)
700 4309 862 4396 assuit
900 4309 1168 4396 falsitatis.
1191 4308 1282 4396 ‘De
1319 4325 1420 4396 qu?
1448 4323 1625 4396 .opeze
1665 4317 1723 4396 tu

141 4377 502 4456 (Augustine)
522 4384 580 4456 in
601 4377 696 4456 illa
722 4377 968 4456 epistola.
994 4397 1149 4456 quam
1172 4379 1545 4456 Alexandriam
1567 4377 1726 4431 desti-

139 4449 291 4528 nasti,
326 4457 402 4509 ita
431 4449 705 4528 gloriaris,
746 4449 1723 4528 utdicas.‘Relagiuntﬁcripturarunt

138 4525 200 4578 ab
231 4541 288 4579 eo
319 4518 911 4595 Oppressum_molibus,
959 4518 1233 4577 arbitrium
1277 4520 1520 4595 liberum-
1549 4518 1722 4595 vendit

140 4612 258 4651 care
283 4589 580 4665 nonposse.
613 4592 807 4665 Verum
830 4593 909 4647 illi
952 4595 1093 4661 operi
1122 4610 1153 4647 a
1183 4591 1443 4665 catholico
1472 4589 1601 4653 viro,
1634 4590 1722 4657 qui

142 4667 376 4735 pulsatus
407 4662 610 4741 fuerat,
647 4664 903 4741 obviatum
946 4674 1045 4741 est,
1075 4674 1187 4741 ett:1
1224 4669 1295 4717 At
1333 4662 1718 4741 llieronyntus,

144 4730 346 4793 tantum
370 4730 432 4793 ut
451 4735 751 4807 Porpltyrio
772 4730 1120 4807 respondeat,
1147 4730 1527 4807 Evangelicam
1545 4730 1723 4807 histo-

144 4809 274 4864 riam
305 4801 913 4879 simpliciter-exponit,
944 4801 1113 4878 quam
1148 4803 1241 4859 ille
1270 4801 1505 4879 maligne
1533 4801 1721 4879 inter-

182 4872 478 4935 retabattir.
505 4876 640 4950 Vide
662 4872 1086 4950 An'gustinflatn
1107 4875 1446 4950 contraduas
1460 4872 1723 4950 epistolas

186 4950 337 5020 elagii
356 4966 402 5007 c.
434 4950 490 5013 6,
509 4958 565 5005 et
592 4945 839 5004 libellum
865 4950 987 5005 lidei
1008 4949 1207 5020 Pelagii
1238 4945 1722 5020 ad_lnnocentium,

149 5021 234 5089 qui
253 5014 393 5092 inter
421 5020 766 5091 supposititia
800 5020 950 5076 llier.
975 5014 1405 5092 opera'Symboli
1424 5014 1726 5092 emplanatio

150 5088 214 5144 ad
245 5088 904 5162 Damasumprtnnotatur,
949 5088 1052 5147 sub
1077 5088 1236 5146 linem
1266 5106 1279 5145 :
1311 5088 1726 5162 Anathematiza-

151 5177 260 5217 mus
278 5164 426 5218 etiam
440 5160 585 5230 illos,
610 5163 699 5234 qui
734 5162 828 5216 Dei
856 5161 1055 5217 Filium
1078 5162 1378 5217 necessitate
1395 5160 1568 5234 carnis
1587 5175 1729 5234 men-

156 5234 294 5287 titum
318 5251 424 5290 esse
449 5230 649 5301 dicunt,
670 5243 719 5288 et
738 5250 856 5289 eum
881 5244 1090 5305 propter
1119 5242 1442 5302 assumptum
1466 5230 1731 5287 hominem

158 5318 253 5357 non
275 5307 443 5360 omnia
469 5308 643 5431 Gaure
662 5305 889 5373 potuisse
909 5322 1025 5377 qum
1050 5306 1229 5360 uoluit.

224 5374 252 5413 δ
288 5375 437 5431 Unus
514 5378 744 5431 atican..
772 5393 933 5431 neaue
957 5377 1092 5431 enim
1132 5377 1229 5431 culi

224 5374 252 5413 δ
288 5375 437 5449 Unus
469 5374 744 5445 Vaticatt.,
772 5374 933 5448 neque
957 5377 1092 5431 enim
1132 5374 1393 5448 culpanda
1420 5388 1529 5431 erat
1563 5375 1734 5449 fragi-

165 5442 276 5500 litas
296 5448 579 5517 audientis,
613 5458 669 5501 ut
697 5442 861 5502 omnis
890 5449 1129 5515 mundus,
1163 5442 1272 5503 etc.

192 5527 255 5598 ..ο
293 5516 348 5574 ln
364 5516 601 5598 Drancis,
628 5521 1065 5598 quihsupersunt,
1097 5518 1383 5598 codicibus
1410 5523 1612 5598 passim
1640 5518 1742 5576 de—

164 5586 403 5657 siderari,
444 5599 537 5646 aut
564 5586 674 5645 non
715 5586 911 5646 iisdem
955 5592 1145 5649 referri
1196 5591 1375 5647 verbis
1411 5586 1475 5651 'in
1521 5596 1738 5654 Graeco.

165 5654 360 5729 Latinis
389 5654 593 5729 autem,
624 5671 682 5718 et
728 5661 933 5718 Latinis
959 5666 1216 5721 omnibus
1260 5673 1550 5729 occurrere
1598 5674 1748 5728 hanc

167 5728 234 5812 de
254 5732 509 5812 Adultera
553 5733 839 5812 historiam
870 5742 1139 5812 testantur
1176 5735 1279 5790 viri
1305 5728 1479 5812 docti,
1519 5744 1608 5812 qui
1659 5735 1750 5812 bi-

169 5788 465 5862 bliothecas
488 5788 922 5877 perlustrarunt.
964 5788 1198 5875 Quidam
1214 5788 1223 5789 ί
1238 5788 1488 5883 etiam";
1519 5788 1750 5881 Ἐξεεὲἶε

444 5896 726 5962 Panos.
770 5896 1001 5962 XXIII.

1825 3289 1948 3344 Asia
1978 3289 2124 3361 (Act.
2174 3285 2390 3358 xvt,6):
2430 3301 2538 3358 quo
2570 3286 2861 3343 maledicto
2890 3286 2944 3342 in
2978 3288 3094 3359 ipsa
3142 3291 3422 3358 provincia

1832 3444 2087 3501 Patribus
2112 3457 2233 3497 eam
2256 3441 2498 3516 laudant,
2523 3458 2555 3498 e
2577 3442 2775 3516 quibus
2797 3444 3244 3516 Chrysostomus,
3274 3448 3426 3505 hom.

1835 3516 1926 3583 60,
1960 3526 2015 3571 et
2054 3516 2216 3585 longe
2258 3513 2597 3583 antiquiores
2645 3513 2989 3582 Ammonius,
3037 3527 3091 3573 et
3141 3518 3423 3574 Tatianus.

1830 3587 2055 3643 Latinos
2085 3594 2372 3657 praetereo,
2404 3585 2858 3657 quorumiingens
2883 3596 2969 3642 est
3004 3603 3282 3643 numerus.
3314 3590 3427 3647 Cur

1832 3673 1961 3715 vero
2006 3656 2297 3728 contigerit
2339 3656 2393 3728 in
2426 3656 2755 3726 quihusdam
2787 3656 2941 3712 libris
2987 3668 3042 3728 et
3083 3660 3427 3716 versionibus

1830 3730 2077 3817 antiquis.
2096 3727 2399 3817 amputari:-
2418 3729 2686 3810 rationem
2714 3729 2867 3817 addit
2886 3728 2943 3817 ᾗ
2972 3727 3203 3817 August.
3226 3730 3327 3811 lib.
3364 3749 3426 3814 tt.

1831 3802 1900 3857 de
1945 3798 2226 3871 Coniugiis
2255 3798 2583 3872 adulterinis
2619 3813 2739 3867 cap.
2772 3800 2851 3872 ῖς
2874 3798 3169 3872 Nonnulli,
3224 3800 3422 3872 inquit,

1830 3870 2154 3927 modicaz’vcl
2185 3872 2357 3938 potius
2380 3870 2575 3923 inimici
2603 3885 2733 3923 vera:
2758 3870 2901 3937 ﬁdei,
2937 3871 3113 3937 credo,
3145 3870 3425 3932 metuentes

1832 3945 2082 4014 peccandi
2107 3942 2467 4014 impunitatem
2489 3940 2605 4014 dar_i
2629 3938 2944 4014 mulieribus
2967 3943 3096 4008 suis,
3126 3942 3260 3994 illud
3284 3952 3425 4013 quod

1830 4009 1894 4069 de
1921 4014 2194 4085 Adultera;
2211 4010 2538 4085 indulgentia
2562 4009 2817 4085 Dominus
2846 4011 2988 4079 fecit,
3013 4009 3334 4085 abstulerunt
3362 4021 3426 4070 de

1829 4086 2091 4140 codicibus
2115 4082 2242 4139 suis.
2267 4082 2417 4152 quasi
2460 4083 2846 4151 permissionem
2874 4084 3120 4150 peccandi
3163 4083 3420 4153 tribuerit,

1827 4160 1915 4227 qui
1950 4157 2099 4220 dixit,
2143 4154 2249 4227 noli
2295 4153 2539 4227 amplius
2567 4168 2799 4227 peccare.
2846 4153 3049 4227 Euseb.
3098 4155 3237 4227 llist.
3273 4155 3421 4212 Eccl.

1830 4222 1867 4283 l.
1904 4244 1983 4292 III,
2022 4226 2307 4281 historiam
2346 4222 2543 4279 ,ἰοειιηί
2569 4223 2808 4296 additam
2842 4223 2973 4278 dicit
3006 4241 3073 4282 ex
3106 4225 3424 4296 Evangelio,

1828 4300 1972 4367 quod
2003 4296 2318 4353 inscribitur
2364 4296 2649 4350 secundum
2696 4293 2969 4349 Hebrteos.
3018 4296 3136 4351 Vid.
3184 4293 3426 4353 Bancor;

1826 4370 1970 4427 diam
1998 4367 2261 4426 Jansenii.

1898 4440 1924 4478 ά
1968 4442 2023 4495 ln
2056 4454 2157 4495 ms.
2187 4438 2606 4509 Evangeliornm
2636 4434 2851 4509 Grieco,
2881 4452 2992 4509 quo
3025 4438 3076 4491 in
3112 4439 3422 4500 Comment.

1825 4512 1892 4567 ad
1919 4513 2106 4569 Sotam
2135 4525 2265 4565 usus
2292 4507 2379 4564 est
2408 4507 2855 4581 Wagenseillius,
2881 4507 3078 4578 legitur
3094 4519 3167 4581 τῷ
3189 4511 3423 4581 δακτύλῳ

1826 4583 2043 4658 ἔγραφεν
2065 4576 2589 4658 έκάπου-ᾳύτῷν-τὰς
2615 4579 2894 4658 ὰμαρτίρςς.
2924 4576 3093 4648 Hujus
3120 4576 3423 4652 glossema;

1829 4650 1896 4710 tis
1942 4650 2229 4723 vestigium
2280 4652 2367 4706 hic
2414 4650 2581 4725 habes
2608 4650 2755 4725 apud
2804 4650 3212 4725 Hieronymum,
3261 4673 3421 4725 quem

1827 4725 1993 4782 veluti
2022 4720 2141 4793 ejus
2179 4730 2460 4793 auctorem
2490 4720 2708 4789 quidam
2743 4720 3020 4793 immerito
3044 4720 3325 4791 accusant,
3356 4746 3425 4783 ex

1827 4792 2237 4868 eoquegvolunt
2279 4792 2503 4868 Graecos
2547 4792 2866 4868 sumpsisse.
2911 4792 2980 4845 At
3025 4794 3346 4868 simplicior,
3373 4800 3423 4852 in

1828 4861 1933 4924 ms'.
1982 4863 2323 4933 glossematis
2352 4862 2525 4915 lorma
2573 4861 2937 4933 antiquiorem
2979 4878 3038 4916 se
3072 4861 3273 4931 prodit.
3307 4867 3423 4923 Non

1829 4931 2039 4995 abludit
2080 4935 2337 4991 Ambros.
2360 4931 2655 5004 _epist.758_
2692 4931 2760 4985 ad
2808 4932 3083 4988 Studium.
3128 4934 3247 4987 Hoc
3291 4954 3423 5004 pm}-

1830 5010 2006 5064 videns
2054 5005 2303 5059 Dominus
2339 5002 2495 5056 Iesus
2548 5002 2796 5055 inclinato
2843 5006 3010 5070 capite
3064 5002 3317 5061 scribebat
3371 5011 3425 5063 in

1832 5090 1988 5135 terra.
2035 5076 2174 5147 Quid
2209 5073 2500 5128 scribebat?
2537 5073 2635 5147 nisi
2678 5071 2814 5147 illud
2860 5073 3236 5147 iPrOpheticum
3276 5077 3424 5147 (Jer.

1834 5168 1969 5217 χχιι,
1996 5144 2086 5219 9)ί;
2111 5146 2298 5219 Terra,
2329 5155 2484 5219 terra,
2511 5145 2675 5219 scribe
2702 5144 2795 5219 hos
2822 5146 2957 5219 viros
2984 5144 3429 5205 abdicatosﬁVic-

1838 5225 2013 5279 torius
2029 5216 2217 5277 secum
2243 5217 2470 5289 Vulgata
2500 5216 2725 5280 addidit,
2757 5217 3015 5289 inclinans
3037 5235 3092 5272 se
3116 5219 3298 5289 digito,
3322 5232 3427 5277 etc.

1917 5304 1939 5331 ο
1982 5294 2101 5350 Duo
2154 5288 2403 5346 Vaticani
2449 5301 2571 5343 cum
2613 5288 2786 5343 veteri
2834 5288 2991 5355 edit.,
3046 5288 3201 5361 super
3241 5301 3433 5347 terram

1843 5367 2154 5423 scribantur.

1923 5437 1942 5477 ί
1984 5436 2207 5506 Regina:
2228 5447 2332 5489 ms.
2354 5439 2517 5503 atque
2542 5431 2684 5487 alter
2714 5430 2994 5506 Vatican.,_
3023 5428 3094 5506 in
3117 5433 3323 5506 nomine
3347 5444 3435 5506 tuo

1845 5510 1982 5581 quod
2007 5502 2127 5564 dedi
2154 5508 2249 5581 eis,
2283 5505 2553 5571 custodivi,
2593 5514 2725 5581 etc.,
2755 5502 3127 5581 quzehquidem
3161 5503 3319 5559 multi
3351 5505 3435 5561 fa-

1849 5570 2041 5638 cienda
2078 5570 2245 5637 lectio
2267 5587 2373 5643 est,
2407 5570 2619 5632 tametsi
2658 5588 2834 5643 neque
2859 5570 3085 5628 Graecus
3113 5584 3314 5641 textus,
3346 5593 3440 5633 ne-

1850 5671 1958 5726 que
2006 5663 2272 5718 veterum,
2330 5650 2474 5721 quod
2526 5648 2724 5710 sciam,
2778 5652 3065 5700 auctorum
3125 5645 3443 5706 testimonia

1852 5726 2233 5799 sull'ragentur.

2828 5884 2905 5950 18
