4054 6318
135 216 267 278 55⁸1

1063 213 1408 273 DIALOGUS
1438 213 1811 273 ADVERSUS
1848 214 2303 274 PELAGIANOS.
2348 215 2479 276 LIB.
2513 215 2580 274 ΙΙ.

3371 221 3477 284 558

140 347 423 394 sinistrum
455 339 656 410 poterit
685 337 939 396 liberari?
972 337 1102 394 Ecce
1131 340 1267 393 enim
1292 348 1580 406 peccatores
1604 339 1773 394 inten-
1804 340 1853 400 Α
1882 337 1962 392 lit.
1994 338 2231 392 Attamen
2256 355 2346 392 cor
2364 341 2478 412 ejus
2504 339 2786 410 perfectum
2809 343 2916 392 erat
2945 351 3061 392 cum
3087 337 3215 402 Deo,
3244 340 3481 395 omnibus

142 428 360 484 derunt
390 447 596 497 arcum,
625 441 678 486 ut
703 433 946 505 sagittent
971 431 1023 485 in
1047 430 1263 486 obscuro
1275 442 1438 486 rectos
1468 431 1622 486 corde
1647 429 1768 502 (Ps.

141 537 213 587 ι.
248 523 337 593 5).
359 522 566 582 Nolunt
593 539 786 594 pravos
814 525 1122 589 vulnerare,
1147 523 1242 580 sed
1274 536 1452 580 reetos
1471 526 1657 580 corde.
1675 525 1773 579 Sa-

140 613 305 684 gitta
335 617 600 686 perdiem
623 617 833 682 volitat,
881 631 979 688 per
1027 617 1313 672 haereticos
1358 618 1407 670 in
1457 628 1768 672 sanctarum

142 704 532 776 intelligentia
587 709 1018 780 Scripturarum.
1049 708 1336 779 Negotium
1365 709 1417 763 iu
1451 709 1691 765 tenebris
1716 716 1773 764 et

142 812 333 858 nocte
361 805 722 872 perambulat,
753 821 850 876 per
883 803 1257 877 philosophos,
1289 806 1380 877 qui
1402 822 1497 876 per
1522 804 1772 862 obscuri-

145 903 332 950 tatem
366 909 679 952 sermonum
712 897 993 954 involvere
1019 899 1239 970 cupiunt
1273 899 1582 954 veritatem.
1608 897 1771 952 Plan-

144 988 256 1042 lali
287 989 344 1042 in
382 989 536 1046 domo
584 989 823 1056 Domini,
880 993 934 1046 in
987 993 1134 1047 atriis
1161 991 1252 1046 Dei
1295 995 1460 1047 nostri
1516 993 1770 1062 ﬂorebunt

147 1078 283 1151 (Ps.
327 1097 438 1146 set,
472 1081 585 1152 M).
621 1083 855 1140 Plantati
888 1087 941 1138 in
967 1085 1128 1140 domo
1177 1085 1412 1145 Domini.
1453 1085 1584 1154 justi
1620 1094 1767 1152 sunt,

146 1173 212 1230 in
245 1174 495 1232 Ecclesia
524 1179 854 1234 conﬁrmati.
880 1179 986 1240 Sed
1016 1179 1067 1234 hi
1096 1195 1205 1234 nou
1227 1180 1280 1238 in
1333 1180 1767 1250 prmsentiarum,

147 1267 260 1326 sed
294 1269 348 1324 il
375 1268 560 1328 loturo
582 1271 635 1330 in
669 1272 824 1332 atriis
854 1273 1065 1330 Domini
1094 1272 1499 1343 llorcliunt,ubi
1526 1283 1767 1334 estcerta

148 1369 216 1419 et
240 1375 437 1418 secura
471 1365 764 1433 possessio.
802 1363 1450 1424 Misericorsetmiserator
1490 1363 1766 1431 Dominus,

147 1449 478 1523 longanimis
507 1463 552 1508 et
570 1455 744 1509 multw
771 1457 1112 1512 miserationis
1136 1456 1256 1530 (Ps.
1288 1473 1382 1524 cu,
1415 1457 1492 1528 8).
1531 1457 1719 1512 Suavis
1743 1465 1767 1493 ει

153 1541 423 1600 Dominus
452 1547 708 1611 omnibus,
741 1558 788 1601 et
814 1549 1163 1604 misericordia
1221 1554 1336 1622 ejus
1391 1567 1546 1620 super
1595 1551 1769 1605 omnia

156 1636 810 1708 opsrailliustPs.cxr.tv,
834 1640 911 1710 9).
933 1641 1137 1698 Tantas
1161 1643 1316 1698 audis
1341 1641 1767 1708 misericordias,

1876 429 2051 486 diebus
2081 429 2196 483 vim
2220 427 2541 502 suat(Ibt'd.,
2592 429 2702 499 ll).
2758 429 2903 485 Ecce
2935 441 2988 486 et
3025 430 3205 500 justus
3254 431 3470 498 dicitur,

1873 521 2073 592 quippe
2101 522 2254 593 cujus
2284 537 2379 578 cor
2410 524 2708 592 perlectum
2735 533 2852 578 erat
2879 539 3003 579 cum
3034 525 3164 588 Deo,
3191 533 3248 580 et
3295 534 3473 581 tamen

1876 615 1929 668 in
1954 614 2054 669 hoc
2086 614 2306 679 erravit,
2340 615 2484 684 quod
2507 616 2720 670 excelsa
2751 631 2858 670 non
2906 616 3148 683 abstulit,
3177 633 3296 687 qua:
3344 617 3478 674 Eze-

1872 707 2051 768 chiam
2083 706 2361 764 etJosiam
2396 708 2627 778 legimus
2660 710 2971 766 abstulisse.
3026 711 3172 766 Elias
3226 710 3279 764 in
3323 714 3478 781 cujus

1873 801 2064 872 Spiritu
2087 811 2140 856 et
2161 803 2361 857 virtute
2414 803 2562 857 venit
2609 801 2848 859 Joannes
2898 803 3161 873 Baptista.
3209 803 3276 857 ad
3321 803 3478 874 cujus

1873 893 2326 962 imprecationem
2380 895 2525 948 venit
2570 895 2710 966 ignis
2765 895 2833 950 de
2883 895 3062 961 eozlo,
3110 904 3167 950 et
3219 894 3476 950 Jordanis

1873 981 2073 1039 ﬂuenta
2103 984 2273 1039 divisa
2296 995 2445 1051 sunt,
2483 986 2661 1041 timuit
2689 985 2934 1050 .lezabel,
2962 995 3018 1041 et
3055 985 3218 1057 fugit,
3269 986 3474 1043 lassus-

1873 1093 1978 1147 que
1992 1079 2041 1130 iu
2067 1077 2357 1133 solitudine
2373 1078 2512 1134 sedit
2526 1079 2625 1134 sub
2640 1080 2858 1147 arbore,
2884 1089 2937 1135 et
2960 1094 3181 1150 gressus
3203 1081 3474 1149 angustia,

1874 1179 2104 1223 mortem
2135 1169 2361 1239 rogavit,
2405 1171 2622 1225 dicens:
2659 1171 2876 1240 Sufﬁcit
2904 1170 3050 1236 mihi,
3077 1169 3320 1238 Domine,
3355 1174 3478 1225 tolle

1872 1262 2099 1315 animum
2128 1278 2314 1330 meam,
2345 1281 2508 1334 neque
2531 1265 2667 1318 enim
2698 1265 2880 1318 melior
2901 1281 3016 1318 sum
3073 1264 3308 1334 patribus
3353 1267 3478 1321 meis

1872 1351 1963 1424 (ΙΙΙ
1988 1352 2120 1429 Reg.
2154 1371 2269 1421 xu,
2293 1354 2375 1424 4).
2399 1355 2549 1411 llunc
2572 1355 2777 1427 justum
2801 1372 3001 1428 negare
3025 1359 3145 1428 quis
3174 1359 3388 1430 potest?
3412 1359 3482 1413 Et

1873 1455 2076 1514 tamen,
2109 1465 2214 1504 non
2245 1449 2422 1506 dicam
2475 1452 2782 1517 mulierem,
2829 1451 2922 1506 sed
2955 1451 3232 1508 hominem
3287 1453 3481 1509 formi-

1873 1539 2118 1606 dare,de
2142 1543 2309 1597 animi
2363 1545 2769 1613 perturbatione
2822 1544 3124 1610 descendit,
3180 1563 3300 1616 qua:
3347 1547 3481 1603 vitio

1871 1649 2060 1690 carere
2085 1650 2188 1689 non
2221 1645 2430 1706 potest,
2459 1637 2681 1694 dicente
2705 1635 2882 1692 David
2911 1656 2922 1692 :
2961 1639 3218 1697 Dominus
3246 1643 3478 1700 auxilia-

161 1737 224 1783 et
255 1731 309 1784 in
345 1741 429 1786 tua
469 1731 636 1788 audes
667 1732 865 1788 virtute
921 1734 1236 1790 conlidere?
1274 1735 1632 1806 Conﬁlcantur
1663 1736 1776 1800 tibi,
1808 1729 1856 1790 B
1883 1736 1963 1780 tor
1985 1743 2150 1795 meus.
2183 1745 2286 1782 non
2319 1731 2506 1784 timebo
2533 1733 2658 1802 quid
2689 1733 2847 1800 faciat
2880 1735 3006 1788 mihi
3035 1735 3188 1789 homo
3237 1735 3357 1806 (Ps.
3389 1754 3477 1802 LV.

162 1818 414 1889 Domine,
447 1825 619 1878 omnia
651 1842 806 1894 opera
835 1836 922 1880 tua
973 1825 1166 1896 (lbid.,
1195 1827 1301 1896 10).
1336 1829 1392 1882 Si
1444 1827 1510 1883 de
1561 1827 1771 1882 cunctis

164 1914 431 1984 operibus
461 1916 553 1972 Dei
585 1929 635 1972 et
662 1917 906 1973 hoiuines
948 1930 1096 1986 sunt,
1126 1936 1254 1988 ergo
1285 1936 1473 1976 omnes
1523 1921 1772 1975 homines

166 2019 268 2060 sua
298 2020 520 2073 peccata
543 2011 1196 2083 coulilcantur.Legimus
1220 2012 1273 2068 in
1302 2011 1769 2066 Samueledictum

165 2097 239 2154 de
271 2099 600 2158 Salomone:
637 2101 760 2173 Ipse
800 2103 1076 2173 adificabit
1104 2107 1314 2158 domum
1343 2104 1538 2157 nomini
1565 2120 1697 2170 meo,
1727 2113 1770 2157 et

162 2192 394 2262 fit'mabo
422 2193 450 2231 δ
479 2210 692 2266 regnum
713 2199 826 2269 ejus
854 2213 1013 2268 usque
1035 2198 1088 2250 in
1115 2197 1503 2265 sempiternum.
1536 2194 1648 2268 Ego
1687 2211 1773 2248 cro

162 2285 214 2339 ei
242 2288 296 2337 in
321 2295 543 2353 patrem,
577 2297 624 2340 et
649 2289 759 2358 ipse
786 2290 885 2344 erit
917 2289 1046 2344 mihi
1073 2289 1127 2342 in
1174 2289 1345 2358 ﬁlium
1399 2287 1465 2359 (ll
1499 2288 1629 2358 Reg.
1678 2303 1768 2354 \‘ll,

171 2376 291 2449 14).
325 2379 395 2438 Et
418 2379 655 2435 iterum:
687 2382 750 2436 Si
780 2381 950 2453 inique
997 2382 1176 2456 egerit,
1231 2381 1509 2451 corripiant
1559 2397 1671 2434 eum
1723 2382 1775 2434 in

170 2473 322 2544 uirga
349 2473 639 2536 hominum,
672 2475 1080 2530 misericordiam
1107 2486 1278 2528 autent
1308 2491 1468 2527 nteant
1495 2490 1594 2526 non
1623 2477 1774 2545 aufe-

174 2580 290 2620 ram
310 2564 376 2618 ab
399 2580 457 2618 eo
483 2562 674 2637 (Ibid,
710 2566 817 2637 l9).
841 2566 972 2620 Cum
1006 2568 1207 2636 egisset
1239 2567 1402 2620 David
1426 2567 1626 2636 gratias
1640 2566 1773 2630 Deo,

175 2656 247 2712 ad
275 2667 584 2714 extremum
616 2659 797 2712 intulit
830 2677 842 2711 :
875 2657 942 2712 Et
968 2658 1077 2712 hac
1115 2669 1186 2713 est
1217 2658 1300 2713 lea:
1327 2658 1581 2711 hominis:
1617 2669 1637 2695 τ
1674 2659 1777 2712 Do-

178 2747 327 2808 mine
353 2748 521 2816 Deus,
551 2765 768 2822 semper
799 2751 1006 2819 reSpice
1035 2750 1101 2805 ad
1144 2751 1489 2806 clementiam
1521 2760 1691 2814 tuam,
1720 2761 1774 2805 et

180 2843 552 2902 inﬁrmitatem
579 2846 781 2905 carnis.
816 2844 1002 2903 divino
1053 2845 1255 2900 auxilio
1306 2855 1572 2900 sustenta.
1633 2844 1775 2909 Quid

177 2935 330 3002 mihi,
351 2935 550 3007 inquit,
583 2947 630 2991 et
655 2937 793 2992 vobis
820 2937 918 3008 ﬁlii
943 2937 1194 2992 Serviat?
1245 2936 1525 2992 Ilaledicat
1579 2937 1772 2992 Semei.

179 3027 432 3084 Dominus
458 3031 700 3100 pracepit
746 3030 791 3084 ei
818 3039 870 3082 ut
899 3029 1173 3084 maledicat
1197 3028 1386 3084 David.
1425 3029 1492 3084 Et
1523 3031 1634 3100 quis
1691 3048 1774 3084 re-

1883 1821 1964 1886 ll,
1988 1830 2036 1874 et
2060 1836 2225 1888 cxvu,
2262 1819 2338 1892 6).
2373 1822 2451 1878 De
2477 1822 2740 1895 Josaphat
2763 1840 2889 1896 rege
2907 1825 3042 1881 Juda
3062 1827 3327 1899 scriptum
3357 1839 3477 1884 est:

1874 1911 1942 1967 Et
1968 1915 2070 1984 fuit
2095 1914 2352 1971 Dominus
2379 1933 2493 1970 cum
2521 1916 2804 1988 Iosophat,
2837 1920 2926 1990 qui
2972 1922 3252 1976 ambulavit
3284 1924 3336 1976 in
3387 1925 3482 1976 viis

1878 2003 2045 2060 David
2075 2009 2238 2078 patris
2265 2010 2347 2062 sui
2373 2009 2637 2079 prioribus
2662 2011 2739 2080 (ΙΙ
2771 2009 2955 2065 Paral.
2983 2030 3115 2081 xvii,
3145 2016 3230 2083 5).
3262 2014 3339 2068 Ex
3371 2031 3480 2087 quo

1877 2095 2200 2167 intelligitur
2233 2101 2434 2169 primas
2465 2117 2590 2156 eum
2620 2102 2788 2155 David
2838 2103 3097 2159 habuisse
3117 2105 3382 2176 justitias,
3433 2117 3486 2162 et

1878 2191 2176 2245 novissima
2209 2209 2313 2247 non
2339 2192 2600 2250 habuisse
2634 2206 2876 2262 peccata.
2910 2197 3032 2251 Non
3074 2201 3322 2268 speravit,
3385 2200 3479 2264 ait,

1877 2283 1930 2335 in
1956 2281 2183 2348 Baalim,
2217 2286 2306 2338 sed
2329 2286 2380 2338 in
2404 2281 2513 2339 Deo
2541 2289 2704 2357 patris
2731 2288 2835 2353 sui,
2870 2298 2918 2339 et
2949 2289 3230 2343 ambulavit
3260 2292 3312 2344 in
3346 2308 3484 2364 pra:-

1879 2376 2038 2446 ceptis
2058 2377 2219 2443 illius,
2249 2387 2297 2432 et
2315 2394 2414 2434 non
2426 2381 2584 2451 juxta
2607 2390 2819 2448 peccata
2837 2377 3023 2436 Israel.
3048 2382 3483 2455 Conﬁrmavitque

1880 2470 2134 2525 Dominus
2165 2489 2376 2544 regnum
2407 2474 2459 2527 in
2487 2491 2642 2528 manu
2693 2479 2809 2548 ejus
3050 2488 3096 2530 et
3119 2476 3263 2532 dedit
3315 2482 3481 2534 onuiis

1878 2562 2020 2616 Juda
2041 2580 2254 2618 munera
2284 2563 2563 2634 Iosophat,
2592 2568 2843 2638 factwque
2873 2578 2992 2621 sunt
3034 2569 3079 2621 ei
3118 2569 3342 2642 infinita:
3395 2589 3484 2640 pe-

1879 2658 2048 2711 cuniw
2076 2668 2225 2728 atque
2253 2659 2468 2725 divitite,
2501 2669 2548 2712 et
2573 2660 2734 2714 multa
2786 2662 2954 2732 gloria
2984 2661 3180 2732 (Ibid,
3226 2667 3260 2721 5
3283 2667 3477 2738 seqq.).

1879 2748 2123 2820 Cumque
2151 2752 2476 2822 sumpsisset
2527 2768 2621 2807 eor
2652 2755 2770 2822 ejus
2799 2755 3079 2811 audaciam
3111 2770 3338 2827 propter
3369 2761 3482 2815 vias

1880 2842 2116 2907 Domini,
2147 2844 2308 2898 etiam
2335 2845 2546 2900 excelsa
2580 2855 2634 2900 et
2664 2846 2814 2902 lucos
2847 2848 2911 2902 de
2940 2847 3074 2904 .luda
3105 2850 3345 2906 abstulit.
3381 2852 3482 2907 llic

1878 2933 2065 2990 Achab
2093 2936 2204 3004 regi
2231 2936 2553 3007 impiissimo
2567 2936 2830 2993 afﬁnitate
2844 2939 3165 3008 conjunctus
3190 2953 3293 2998 εει.
3313 2942 3482 2998 Cum-

1878 3041 1984 3096 que
2004 3035 2128 3096 post
2157 3029 2408 3097 praelium
2443 3039 2816 3084 reverteretur
2841 3029 3171 3100 Jerusalem,
3196 3037 3416 3090 occurrit
3436 3037 3483 3090 ei

175 3119 448 3187 spondebit
469 3121 537 3184 ei,
569 3137 730 3192 quare
761 3122 856 3176 hoc
882 3121 1050 3191 fecisti
1093 3121 1158 3194 (ΙΙ
1181 3122 1311 3194 Reg.
1344 3138 1456 3189 xvi,
1487 3122 1614 3193 10)?
1667 3121 1771 3176 νο·
1798 3113 1845 3178 C
1874 3117 1973 3173 Jeu
1996 3119 2138 3189 ﬁlius
2169 3121 2338 3176 Ληαηί
2371 3120 2578 3187 videns,
2607 3130 2654 3175 et
2682 3122 2754 3175 ait
2785 3123 2852 3175 ad
2875 3139 3032 3177 eum:
3067 3122 3237 3196 Impia
3281 3127 3479 3197 prwbes

177 3209 362 3267 luntas
389 3213 532 3268 enim
564 3213 662 3268 Dei
692 3227 801 3270 non
829 3212 1191 3281 discutienda,
1222 3214 1316 3269 sed
1342 3229 1461 3268 cum
1475 3215 1773 3284 gratiarum

1876 3213 2155 3282 auxilium,
2211 3223 2256 3267 et
2325 3214 2403 3268 his
2494 3215 2583 3285 qui
2627 3215 2847 3269 oderunt
2905 3215 3182 3270 Dominum
3248 3219 3479 3274 amicitia

175 3305 393 3361 actione
433 3307 685 3374 patienda
717 3315 818 3362 est.
852 3307 919 3362 Et
947 3307 999 3362 in
1031 3307 1138 3362 alio
1166 3309 1286 3363 loco
1309 3304 1596 3361 :Dominus
1866 3307 2128 3377 jungeris.
2170 3304 2237 3358 Et
2279 3306 2472 3362 idcirco
2510 3308 2644 3360 iram
2682 3306 2891 3362 Domini
2926 3311 3130 3382 quidem
3163 3313 3438 3366 merebaris
3461 3357 3473 3378 ,

176 3399 462 3465 mandarit,
490 3409 546 3454 ut
566 3401 837 3473 dissiparet
870 3401 1136 3456 consilium
1161 3402 1467 3472 Achitophel
1484 3401 1692 3467 bonum,
1720 3411 1773 3454 ut

178 3492 452 3546 adduceret
483 3511 641 3562 super
666 3494 893 3549 Absalon
931 3494 1124 3550 malum
1175 3493 1267 3565 (ΙΙΙ
1296 3493 1428 3569 Reg.
1478 3509 1606 3562 xvu,
1658 3495 1767 3564 ll),

176 3589 331 3662 cujus
361 3598 510 3644 certe
536 3589 822 3643 consilium
857 3598 993 3656 erat,
1022 3588 1176 3660 quasi
1213 3587 1502 3643 consilium
1532 3586 1648 3642 Dei.
1705 3586 1772 3641 Et

176 3693 284 3752 qua
310 3681 519 3736 ratione
547 3689 787 3751 potestas
818 3679 972 3736 liberi
1005 3680 1241 3744 arbitrii,
1269 3680 1474 3752 majore
1504 3687 1770 3750 potestate

175 3775 436 3833 subversa
461 3777 586 3834 est?
615 3775 935 3843 Jeroboam,
968 3775 1059 3848 qui
1091 3790 1316 3846 peccare
1344 3773 1523 3830 fecit<1
1580 3773 1766 3839 Israel,

175 3869 415 3941 arguitur
438 3884 609 3941 quare
629 3869 914 3938 reliquerit
943 3877 1274 3940 praeceptum
1292 3869 1528 3935 Domini,
1548 3868 1772 3925 dicitur-

174 3977 282 4034 que
305 3963 372 4018 ad
400 3979 553 4020 eum:
577 3961 712 4018 Dedi
737 3965 828 4017 tibi
875 3979 1092 4036 regnum
1147 3963 1330 4017 domus
1365 3959 1535 4015 David
1574 3971 1623 4016 et
1667 3977 1767 4014 non

174 4054 317 4126 fuisti
337 4056 469 4112 sicut
496 4071 674 4110 servus
701 4072 841 4109 meus
867 4053 1061 4120 David,
1091 4055 1178 4123 qui
1205 4054 1480 4110 custodivit
1524 4053 1770 4108 mandata

175 4165 304 4215 utea,
331 4159 380 4206 et
410 4149 693 4204 ambulavit
724 4158 838 4220 post
868 4166 946 4202 me
971 4150 1022 4203 in
1061 4158 1166 4204 toto
1193 4148 1346 4202 corde
1397 4164 1513 4215 suo,
1555 4157 1600 4201 et
1646 4145 1768 4217 fecit

177 4242 424 4314 placitum
452 4243 508 4298 in
528 4253 804 4312 conspectu
836 4258 948 4296 meo
980 4241 1064 4314 (ΙΙΙ
1095 4240 1230 4314 Reg.
1258 4258 1372 4308 xrv,
1409 4240 1486 4312 8).
1541 4241 1682 4312 Ergo
1713 4249 1768 4294 et

177 4338 450 4410 possibilia
474 4346 601 4394 sunt
621 4336 720 4392 Dei
741 4337 1013 4404 mandata,
1047 4351 1169 4408 quae
1196 4335 1362 4391 David
1410 4335 1605 4390 fecisse
1659 4347 1767 4389 co-

174 4430 509 4504 gnoscimus,
539 4441 596 4487 et
627 4438 807 4486 tamen
864 4431 1164 4486 lassescere
1208 4427 1436 4484 Sanctos
1456 4426 1521 4482 ad
1577 4440 1767 4500 perpe-

178 4524 426 4584 tuitatem
451 4523 695 4593 iustitiae.

248 4613 339 4669 ει.
373 4611 531 4667 Multi
557 4613 778 4670 Patrum
802 4615 985 4670 merito
1012 4611 1314 4669 conservati.
1363 4640 1434 4652 —-
1477 4610 1531 4666 In
1582 4609 1766 4665 multis

175 4705 397 4778 regibus
421 4705 651 4777 legimus
670 4705 738 4761 de
749 4707 918 4780 stirpe
935 4705 1280 4776 David,quod
1302 4719 1406 4758 non
1423 4719 1522 4758 suo
1548 4705 1763 4770 merito,

180 4802 274 4860 sed
296 4800 462 4858 David
496 4801 666 4871 patris
689 4802 980 4860 virtutibus
1001 4801 1315 4856 Cuttscrvali
1355 4799 1483 4864 sint,
1510 4799 1598 4869 qui
1624 4797 1766 4853 fece-

178 4894 252 4956 rit
276 4894 528 4965 placitum
553 4892 611 4952 in
639 4905 930 4965 conspectu
962 4894 1074 4950 Dei.
1113 4894 1182 4949 Et
1205 4894 1420 4948 venitur
1447 4893 1513 4948 ad
1546 4895 1650 4946 Asa
1683 4907 1766 4947 re-

176 5003 293 5059 gem
323 4985 482 5053 Juda,
516 4987 583 5042 de
606 5002 712 5058 quo
740 4987 1000 5055 scriptum
1029 4997 1144 5042 est:
1183 4985 1326 5038 Fecit
1357 4984 1462 5039 Asa
1491 4995 1686 5038 rectum
1713 4983 1766 5036 in

177 5091 447 5149 conspectu
471 5077 702 5147 Domini,
719 5079 851 5133 sicut
895 5078 1064 5132 David
1079 5081 1348 5151 paterejus
1375 5075 1464 5148 (ΙΙΙ
1488 5077 1615 5150 Reg.
1645 5091 1765 5144 xm,

175 5171 282 5241 21).
311 5172 558 5242 Cumque
589 5173 650 5228 in
673 5171 862 5228 miritis
885 5172 1133 5228 laudibus
1163 5171 1280 5240 ejus
1304 5171 1592 5228 immorata
1623 5179 1769 5226 esset

177 5265 415 5332 historia,
443 5265 508 5319 ad
537 5274 840 5320 extremum
871 5265 1074 5332 intulit,
1103 5265 1209 5321 Sed
1232 5264 1436 5320 excelsa
1465 5282 1566 5320 non
1593 5265 1769 5320 abstu-

245 5464 267 5492 α
295 5453 448 5510 Unus
468 5453 669 5520 Vatie.,
697 5452 875 5506 Bonus
899 5450 1155 5506 Dominus
1181 5448 1442 5520 omnibus,
1478 5457 1584 5503 etc.

243 5523 270 5566 δ
297 5527 448 5581 [detis
483 5518 663 5580 Vatia.
681 5540 805 5580 cum
831 5521 1254 5594 [Legimﬁrmabo
1270 5519 1442 5578 sedent
1470 5518 1616 5592 regni
1630 5521 1764 5592 ejus.

178 5598 378 5672 Graec,
409 5598 494 5672 τζὸν
521 5597 698 5672 θρόνον
725 5598 938 5672 αὖτοῦτ,
1087 5664 1116 5672 η
1192 5664 1203 5672 ,
1253 5670 1260 5672 Α
1412 5660 1424 5672 .
1573 5659 1586 5672 .
1711 5659 1725 5672 .
1751 5659 1764 5672 .

245 5682 264 5708 ε
293 5659 451 5725 Haud
474 5668 590 5724 scio
617 5684 746 5724 num
775 5683 844 5722 ex
871 5666 1054 5734 aliquo
1085 5664 1382 5734 Scriptura:
1409 5660 1532 5720 loco
1557 5659 1662 5716 duo
1711 5659 1768 5716 hi

178 5753 351 5797 vorsus
379 5740 707 5804 recitantur,
760 5737 902 5810 quod
963 5733 1234 5796 Victorius
1279 5733 1510 5800 dubitat,
1553 5748 1618 5787 an
1669 5748 1770 5788 suo

1873 3398 1964 3450 sed
2011 3399 2146 3452 bona
2196 3414 2353 3470 Opera
2405 3400 2613 3453 inventa
2669 3411 2789 3454 sunt
2821 3402 2978 3468 inte,
3011 3420 3070 3456 eo
3091 3404 3479 3475 quotlabstule-

1874 3489 1945 3542 ris
1965 3489 2106 3544 lucos
2131 3490 2196 3543 de
2223 3500 2361 3544 terra
2387 3490 2554 3558 ludo,
2585 3502 2632 3546 et
2661 3496 3036 3566 prazparaveris
3081 3513 3171 3550 cor
3219 3507 3382 3564 tuum,
3420 3510 3475 3551 ut

1872 3583 2158 3653 requireres
2181 3582 2466 3639 Dominum
2496 3584 2567 3655 (ΙΙ
2601 3584 2784 3641 Paral.
2819 3603 2929 3654 six,
2955 3588 3011 3657 9.,
3039 3588 3115 3659 5).
3153 3590 3230 3644 Ac
3258 3607 3322 3644 ne
3374 3605 3475 3659 pu-

1875 3686 2049 3733 temus
2088 3679 2644 3749 praeteritasjustitias
2669 3680 2772 3736 hoc
2795 3692 3014 3754 peccato
3034 3684 3478 3752 etincrepatione

1873 3770 2189 3842 prophetica
2224 3771 2393 3827 fuisse
2419 3771 2650 3840 deletas,
2686 3783 2877 3846 postea
2925 3776 2993 3829 de
3021 3776 3257 3830 Ochozia
3286 3777 3474 3847 stirpis

1873 3858 1980 3932 [ΑΙ.
2004 3861 2198 3934 stirpe]
2227 3862 2346 3928 ejus
2371 3865 2633 3935 scriptum
2688 3874 2794 3932 est,
2843 3865 2987 3937 quod
3044 3865 3312 3923 invenerit
3347 3885 3472 3926 eum

1870 3953 1969 4010 Jeu
2003 3957 2258 4011 latentem
2293 3958 2345 4012 in
2396 3958 2662 4026 Samaria,
2716 3959 3120 4032 adductumque
3175 3962 3473 4022 occiderit:

1872 4044 1940 4101 Et
1965 4048 2302 4118 sepelierunt,
2330 4049 2522 4120 inquit,
2550 4068 2688 4120 eum,
2719 4068 2776 4106 eo
2807 4051 2948 4124 quod
2979 4063 3105 4107 esset
3135 4054 3279 4125 ﬁlius
3314 4053 3474 4110 Josa-

1872 4137 2020 4208 pltat,
2049 4139 2136 4210 qui
2163 4141 2439 4212 quaesierat
2496 4140 2774 4197 Dominum
2807 4145 2860 4196 in
2908 4153 3014 4197 toto
3045 4146 3198 4199 corde
3240 4163 3334 4201 suo
3384 4148 3474 4220 (IV

1873 4231 2002 4302 Reg.
2035 4249 2111 4300 ιι,
2145 4230 2261 4302 28).
2300 4234 2372 4288 De
2407 4233 2637 4290 Ezecbia
2664 4237 2922 4306 scriptum
2951 4245 3070 4290 est:
3099 4235 3246 4290 Fecit
3275 4247 3469 4294 rectum

1871 4327 1923 4381 in
1953 4326 2116 4381 oculis
2151 4325 2358 4381 Domini
2380 4329 2538 4400 juxta
2569 4330 2742 4382 omnia
2763 4345 2878 4398 qua:
2905 4330 3098 4398 fecerat
3128 4327 3298 4384 David
3327 4340 3472 4402 pater

1871 4424 2003 4494 ejus.
2035 4419 2140 4476 Iste
2169 4421 2378 4476 abstulit
2398 4421 2623 4485 excelsa,
2654 4430 2700 4473 et
2723 4421 2960 4474 contrivit
2980 4430 3202 4490 statuas,
3232 4432 3277 4478 et
3299 4425 3476 4480 incen-

1792 4503 1844 4566 D
1871 4514 1946 4566 dit
1967 4513 2160 4582 lucum,
2181 4514 2516 4582 contrivitque
2543 4523 2832 4584 serpentem
2853 4528 3074 4583 teneam,
3099 4531 3251 4587 quem
3276 4517 3470 4588 fecerat

1871 4607 2076 4680 Moyses
2106 4608 2195 4679 (IV
2229 4607 2358 4682 Reg.
2389 4623 2542 4676 xviii,
2577 4607 2632 4675 5,
2665 4605 2748 4677 l).
2783 4606 2848 4661 Et
2873 4608 3092 4672 iterum,
3123 4609 3190 4664 In
3241 4609 3470 4667 Domino

1868 4699 1980 4755 Deo
2013 4699 2181 4754 Israel
2201 4701 2425 4770 conﬁsus
2452 4709 2546 4769 est,
2571 4709 2618 4753 et
2642 4709 2755 4769 post
2780 4701 2948 4772 ipsum
2995 4719 3097 4755 non
3139 4704 3237 4775 fuit
3287 4707 3474 4761 similis

1869 4795 1916 4849 ei
1944 4794 1997 4847 in
2029 4790 2222 4847 cunctis
2250 4791 2453 4864 regibus
2483 4788 2646 4857 Iuda,
2677 4791 2764 4861 qui
2794 4791 3001 4861 fuerunt
3032 4801 3150 4848 ante
3175 4811 3309 4849 eum.
3357 4797 3469 4850 Ad-

1870 4887 2016 4942 htvsit
2041 4884 2292 4948 Domino,
2317 4893 2364 4937 et
2389 4899 2490 4936 non
2517 4883 2723 4937 recessit
2742 4882 2805 4936 ab
2833 4899 2914 4949 eo,
2943 4893 2990 4936 et
3017 4885 3293 4938 custodiuit
3316 4903 3470 4941 man-

1869 4982 1990 5036 data
2019 4985 2153 5053 ejus,
2183 4993 2298 5050 qua:
2317 4979 2558 5049 prtecepit
2595 4976 2848 5033 Dominus
2878 4976 3074 5048 Moysi,
3105 4991 3153 5034 et
3205 4990 3313 5035 erat
3363 4981 3473 5037 Do-

1871 5075 2041 5127 minus
2068 5089 2185 5125 cum
2208 5087 2287 5138 eo,
2313 5082 2357 5124 et
2414 5071 2466 5124 in
2521 5069 2778 5138 omnibus,
2835 5071 2887 5124 in
2939 5071 3123 5142 quibus
3180 5073 3472 5145 incedebat,

1872 5167 2134 5235 sapienter
2157 5163 2340 5238 agebat
2363 5161 2555 5236 (Ibid.,
2587 5164 2640 5233 5,
2665 5162 2741 5236 6).
2801 5163 3048 5234 Cumque
3079 5182 3168 5222 rex
3222 5170 3475 5240 Assyrio-

1875 5277 1994 5318 rum
2025 5259 2397 5317 Senaaclterih
2450 5259 2687 5330 cepisset
2745 5261 3031 5316 universas
3077 5261 3242 5319 urbes
3293 5263 3466 5331 Judm,

1870 5460 2032 5502 sensu
2047 5444 2318 5526 loquatur:
2347 5441 2756 5526 Hieronymus,“
2757 5441 2912 5511 quasi
2961 5441 3471 5526 interﬁceret-bo-

1869 5533 2010 5582 rum,
2038 5511 2170 5572 Rat}:
2193 5525 2265 5570 est
2295 5513 2378 5569 lex
2424 5511 2669 5568 hominis.
2717 5513 2876 5567 Certe
2923 5526 3096 5580 neque
3125 5513 3176 5564 in
3241 5511 3470 5572 llcbrteo

1871 5599 2045 5659 textu,
2075 5603 2250 5659 neque
2274 5587 2586 5659 inversione
2605 5584 2717 5659 ulla
2742 5582 3074 5659 invenimus.

1943 5658 1968 5695 ά
1999 5651 2260 5729 ΙΙΙεε..’‹μιὶ
2285 5671 2493 5730 peccare
2518 5656 2636 5727 fecit
2664 5654 2913 5725 papulum
2934 5651 3104 5707 Israel
3127 5654 3269 5721 :alii,
3301 5672 3472 5725 popa.

1875 5732 1980 5803 lum
2009 5745 2202 5796 meum,
2229 5738 2335 5785 etc.
3156 5745 3162 5750 -
