4054 6324
620 225 726 280 559

1878 210 1935 268 S.
1982 208 2256 269 BlISEBll
2288 209 2668 272 ΗΙΕΒΟΝΥΜΙ

3820 209 3932 271 560

621 330 767 387 misit
792 328 858 384 ad
910 342 1032 383 eum
1079 323 1339 382 Ezechias
1372 325 1423 379 in
1466 322 1663 379 Lachis
1700 321 1922 379 dicens:
1980 322 2218 389 Peccavi,
2253 327 2300 388 Α
2329 343 2476 383 χχχιι
2507 370 2522 393 ,
2554 327 2670 399 9,5),
2700 326 2862 383 certe
2894 325 3183 384 Ειθειιίεηι
3210 325 3417 395 justum
3444 336 3605 381 “uno
3626 365 3642 390 ,
3678 321 3794 379 nisi
3824 323 3927 379 im.

619 425 798 479 recede
840 436 872 473 a
914 436 1016 481 me,
1066 418 1421 490 quodcumque
1439 418 1685 489 jusseris,
1730 416 1884 469 dabo.
1936 413 2223 485 Imposuit—

621 532 719 585 que
744 530 835 569 rea:
863 513 1198 585 Assyriorum
1225 510 1465 567 Ezechias
1494 521 1721 565 trecenta
1772 510 1993 583 argenti,
2049 518 2093 563 et
2126 508 2221 562 tri-

621 609 766 681 ginta
794 608 989 662 talenta
1009 607 1125 660 auri
1155 622 1173 659 :
1195 616 1240 659 et
1263 605 1405 659 dedit
1436 604 1685 660 Ezechias
1702 621 1903 659 onmem
1925 604 2219 673 pecuniam,

618 714 737 770 quae
753 700 961 755 inventa
988 699 1137 753 estin
1165 698 1317 751 domo
1348 695 1596 751 Domini:
1618 708 1664 750 et
1684 698 1739 751 in
1764 696 2019 751 thesauris
2041 694 2225 749 domus

611 799 769 872 regis.
806 797 872 853 In
900 808 1127 865 tempore
1153 796 1244 850 illo
1265 794 1489 850 concidit
1518 794 1884 864 valvastempli
1914 794 2148 859 Domini,
2175 800 2225 846 et

617 892 827 963 clypeos
846 907 975 963 quos
1002 890 1363 956 deauraverat,
1396 898 1443 943 et
1473 889 1649 942 omnia
1680 887 1823 942 dedit
1850 888 1957 959 regi
1982 884 2222 957 Assyrio-

614 1001 732 1038 rum
755 982 949 1055 (Ibid.,
982 983 1094 1054 ll).
1127 982 1371 1053 Cumque
1400 981 1470 1039 de
1508 996 1575 1038 eo
1606 990 1752 1037 tanta
1780 981 2053 1048 dicantur,
2113 993 2220 1035 non

608 1076 799 1133 timuit
825 1077 1157 1133 necessitate
1185 1085 1439 1148 cogente,
1460 1091 1580 1147 quae
1605 1076 2217 1139 Dominoconsecrarat,

611 1172 727 1243 regi
755 1170 957 1228 offerre
990 1171 1241 1241 Assyrio,
1271 1169 1583 1240 diciturque
1604 1169 1671 1225 ad
1694 1183 1818 1226 eum
1842 1186 1861 1224 :
1890 1168 2003 1241 Ego
2051 1179 2223 1224 custo-

615 1265 757 1319 diam
787 1266 1046 1320 civitatem
1069 1266 1203 1319 hanc
1228 1274 1439 1334 propter
1468 1281 1568 1331 me,
1595 1274 1644 1319 et
1666 1273 1873 1336 prapter
1896 1262 2070 1318 David
2114 1280 2222 1318 ser-

612 1376 733 1413 vum
750 1375 916 1415 meum
952 1357 1043 1429 (ιγ
1057 1358 1303 1429 Reg.xx,
1332 1356 1423 1429 6);
1450 1374 1556 1413 non
1573 1358 2028 1428 pr0pterte,quia
2058 1371 2221 1426 supe-

610 1451 761 1507 riora
802 1451 1000 1516 iecisti,
1044 1449 1492 1521 quandoceulum
1508 1448 2219 1521 octogintaqninquemillia

608 1544 884 1599 exercitus
898 1543 1242 1613 Assyriorum
1253 1586 1266 1607 ,
1292 1541 1499 1611 Angela
1512 1541 1752 1597 cedente
1762 1585 1775 1607 ,
1793 1550 1999 1610 prostra
2009 1550 2059 1595 ta
2072 1548 2217 1596 sunt.

687 1635 780 1691 2‘2.
810 1636 974 1708 769
1003 1635 1239 1690 Ezechitc
1257 1645 1305 1690 et
1330 1634 1495 1689 Josia:
1513 1632 1710 1705 Regum
1741 1632 2218 1704 exempla.—lllud

2326 420 2445 489 pius
2470 463 2483 483 ,
2528 420 2841 492 denegabit.
2870 420 3030 476 Dicas
3054 463 3069 485 ,
3104 419 3355 490 peccavit
3381 418 3434 472 in
3460 416 3789 489 quibusdam
3822 456 3840 484 ,
3873 426 3929 473 et

2326 513 2527 568 idcirco
2544 513 2726 583 justus
2755 528 2878 569 esse
2907 513 3107 568 desiit:
3132 512 3229 569 sed
3260 511 3363 567 hoc
3391 510 3671 581 Scriptura
3700 524 3821 564 non
3849 509 3928 563 lo-

2324 605 2525 678 quitur.
2554 604 2671 660 Non
2702 606 2846 661 enim
2868 620 2934 662 ex
2964 620 3031 662 eo
3059 604 3205 676 quod
3233 619 3400 675 parva
3426 602 3924 674 peccavit.justitiae

2324 712 2523 754 nomen
2554 699 2781 767 amisit,
2813 699 2909 754 sed
2957 714 3022 754 ex
3072 713 3138 754 eo
3183 697 3326 769 quod
3374 697 3540 752 multa
3570 696 3739 769 77o
3785 695 3924 751 bona

2322 792 2451 848 iecit
2474 834 2488 855 ,
2515 791 2646 863 justi
2678 791 3002 848 vocabulum
3035 790 3298 863 possidet.
3335 790 3451 846 Hoc
3477 798 3646 845 totum
3674 789 3836 851 dico,
3867 797 3926 843 ut

2324 886 2730 957 Scripturarum
2762 893 3073 942 sanctarum
3108 884 3440 942 teatimoniis
3482 882 3879 954 comprobetur
3906 923 3922 949 ,

2325 997 2432 1037 non
2464 996 2529 1037 ex
2576 996 2646 1037 eo
2693 989 3007 1053 peccatores
3034 995 3159 1036 esse
3196 979 3378 1050 justos
3408 996 3422 1044 ;
3456 976 3599 1049 quod
3626 976 3924 1047 aliquando

2324 1082 2716 1147 peccaverunt;
2740 1073 2833 1130 sed
2858 1088 2926 1129 ex
2957 1088 3025 1130 eo
3042 1072 3221 1144 justos
3245 1085 3591 1142 permanere,
3610 1068 3762 1139 quod
3790 1067 3926 1123 mul-

2325 1171 2395 1225 tis
2424 1169 2716 1225 virtutibus
2750 1168 3000 1225 ﬂoreant.
3042 1167 3119 1222 De
3142 1167 3291 1222 Josia
3322 1165 3585 1235 scriptum
3617 1172 3740 1220 est:
3777 1160 3923 1216 Fecit

2325 1275 2518 1319 rectum
2540 1264 2597 1318 in
2622 1272 2898 1333 conspectu
2925 1260 3159 1325 Domini,
3177 1270 3223 1315 et
3254 1258 3536 1313 ambulavit
3563 1259 3617 1312 in
3639 1258 3721 1311 via
3753 1254 3923 1310 David

2322 1358 2487 1429 patris
2516 1358 2616 1412 sui.
2650 1356 2773 1411 Non
2802 1356 3012 1411 recessit
3038 1370 3199 1424 neque
3228 1353 3297 1407 ad
3328 1353 3564 1407 dextram
3589 1391 3605 1419 ,
3652 1365 3822 1421 neque
3855 1346 3923 1402 ad

2324 1452 2587 1506 sinistram
2639 1450 2704 1523 (11
2734 1448 2862 1503 Par.
2914 1463 3121 1513 xxxiv,
3153 1446 3241 1518 2);
3289 1456 3345 1502 et
3392 1454 3574 1502 tamen
3605 1459 3731 1501 cum
3777 1452 3927 1500 esset

2318 1546 2502 1616 justus
2530 1588 2543 1609 ,
2576 1556 2819 1615 tempore
2851 1543 3191 1599 necessitatis
3224 1550 3280 1596 et
3322 1539 3586 1612 angustia:
3610 1582 3624 1603 ,
3654 1538 3829 1595 mittit
3856 1536 3921 1595 ad

2322 1638 2514 1695 Oldam
2547 1636 2945 1708 prophetissam
2986 1649 3214 1690 uxorem
3258 1633 3465 1690 Sellum
3488 1674 3503 1697 ,
3538 1632 3631 1687 lilii
3675 1632 3923 1696 Tecum;

616 1744 834 1801 quoque
880 1730 1197 1800 diligentius
1246 1727 1639 1783 attendendum
1670 1769 1684 1792 ,
1737 1728 1881 1795 quod
1932 1727 2213 1797 Scriptura
2244 1730 2291 1791 B
2323 1730 2417 1785 lilii
2444 1730 2613 1785 Aaras
2637 1728 2881 1784 custodis
2912 1727 3166 1783 vestium.
3198 1724 3268 1780 Et
3292 1725 3403 1781 haec
3424 1767 3438 1789 ,
3464 1722 3677 1795 inquit,
3710 1723 3924 1777 habita—

614 1831 1045 1881 commemorat:
1078 1821 1379 1894 Egrotavit
1406 1819 1664 1876 Ezechias
1694 1838 1854 1891 usque
1875 1822 1943 1873 ad
1968 1829 2183 1875 mortem
2200 1862 2214 1887 ,

616 1918 852 1987 venitque
888 1914 958 1969 ad
981 1932 1096 1969 eum
1126 1913 1300 1969 Isaias
1325 1914 1471 1983 ﬁlius
1499 1915 1655 1968 Amos
1684 1954 1699 1979 ,
1731 1913 1946 1967 dicens:
1979 1911 2219 1983 Prtecipe

614 2009 793 2065 domui
830 2020 937 2064 tua
962 2051 976 2077 ,
1006 2008 1131 2079 quia
1168 2008 1404 2063 morieris
1443 2018 1519 2062 tu.
1556 2008 1657 2075 Qui
1688 2016 1711 2043 ε’
1744 2008 1992 2061 convertit
2032 2008 2219 2077 {aciem

614 2119 763 2158 suam
784 2102 852 2157 ad
880 2102 1156 2173 parietem,
1191 2110 1239 2155 et
1266 2101 1430 2154 oravit
1456 2103 1524 2154 ad
1556 2098 1839 2154 Dominum
1866 2100 2078 2154 dicens:
2113 2099 2219 2153 0b-

616 2213 758 2252 secro
782 2238 798 2265 ,
845 2194 1069 2252 Domine
1096 2237 1111 2263 ,
1156 2204 1413 2250 memento
1453 2194 1709 2265 quomodo
1754 2194 2123 2249 antbulaverim
2162 2195 2216 2248 in

614 2300 889 2360 conspectu
918 2299 1003 2343 tuo
1030 2330 1046 2357 ,
1080 2288 1133 2342 in
1163 2289 1377 2344 veritate
1399 2296 1447 2341 et
1467 2287 1624 2342 corde
1651 2291 1878 2359 perfecta
1903 2326 1919 2354 ,
1951 2298 1996 2340 et
2026 2286 2217 2340 bonum

607 2382 663 2435 in
694 2383 858 2437 oculis
889 2382 990 2435 tuis
1019 2382 1252 2451 fecerim.
1287 2380 1560 2451 Flevitque
1598 2378 1851 2434 Ezechias
1875 2380 2001 2449 ﬂetu
2026 2394 2215 2451 magno

610 2473 706 2545 (IV
737 2474 871 2548 Reg.
910 2491 982 2530 xx
1007 2514 1023 2543 ,
1056 2474 1082 2528 1
1115 2476 1278 2545 seqq).
1311 2472 1473 2529 Certe
1507 2473 1691 2544 justus
1717 2481 1836 2528 erat
1865 2472 2126 2527 Ezechias
2159 2480 2215 2527 et

607 2568 775 2624 corde
796 2568 1059 2639 perfecto.
1091 2566 1273 2623 lturus
1296 2575 1415 2622 erat
1437 2566 1501 2621 ad
1531 2566 1841 2629 Dominum,
1864 2566 2079 2635 plorare
2104 2579 2210 2619 non

606 2662 815 2719 debuit.
842 2662 1054 2731 Quaeris
1083 2663 1353 2717 rationem
1383 2660 1643 2715 ﬂetuum?
1668 2660 1723 2715 Si
1755 2660 2081 2729 cogitaveris
2115 2658 2212 2713 lio-

610 2754 835 2821 minem,
872 2770 982 2809 non
1005 2752 1033 2791 ι)
1061 2754 1352 2809 miraberis
1379 2766 1572 2808 causas
1600 2751 1829 2806 doloris.
1854 2750 2043 2805 Nullus
2064 2749 2209 2805 enim

605 2844 911 2915 intrepidus
969 2844 1117 2899 vadit
1153 2845 1217 2899 ad
1246 2844 1513 2915 judicium
1542 2842 1757 2896 Domini
1789 2883 1802 2905 ,
1844 2840 2051 2896 habens
2078 2855 2212 2896 con-

605 2936 890 2992 scientiam
928 2945 1299 3007 peccatorum.
1336 2935 1581 3005 Cumque
1622 2934 1887 3000 ﬂevisset,
1920 2917 2210 2988 factusueps't

603 3044 789 3085 sermo
818 3029 1036 3085 Domini
1066 3029 1132 3083 ad
1158 3030 1357 3085 Isaiam
1390 3030 1735 3098 prophetam,
1760 3026 1985 3083 dicens:
2021 3027 2208 3082 Rever-

2325 1822 2407 1877 bat
2435 1823 2727 1878 Jerusalem
2774 1823 2827 1874 in
2873 1819 3137 1875 secunda:
3178 1817 3320 1873 haud
3352 1817 3565 1871 dubium
3597 1815 3727 1885 quin
3762 1814 3923 1871 urbis

2320 1923 2531 1986 partem
2561 1914 2853 1985 signiticet,
2883 1929 3004 1983 qua:
3034 1911 3281 1967 interiori
3308 1924 3465 1965 muro
3494 1908 3825 1963 vallabatur.
3854 1906 3922 1962 Et

2320 2011 2414 2065 illa
2435 2008 2735 2081 respondit:
2765 2009 2873 2063 haec
2896 2007 3019 2060 dicit
3049 2005 3301 2060 Dominus
3338 2002 3480 2058 Deus
3518 2001 3685 2057 Israel
3711 2043 3728 2069 ,
3772 2002 3843 2057 ite
3872 2013 3919 2057 ct

2321 2104 2475 2159 dicite
2499 2104 2610 2158 viro
2634 2102 2726 2173 qui
2740 2102 2877 2156 misit
2902 2117 2986 2155 vos
3014 2100 3084 2154 ad
3104 2116 3203 2153 me.
3232 2098 3288 2155 1η
3316 2113 3426 2169 quo
3451 2096 3667 2153 occulta
3696 2104 3755 2152 et
3777 2095 3916 2166 regis

2319 2206 2375 2253 et
2403 2195 2747 2253 sacerdotum
2776 2202 2832 2250 et
2861 2194 3104 2249 omnium
3136 2193 3373 2248 virorum
3406 2188 3767 2262 reprehensio
3795 2197 3875 2245 est
3897 2228 3911 2251 ,

2319 2290 2463 2361 quod
2495 2290 2676 2344 nullus
2703 2287 2945 2343 virorum
2984 2296 3208 2343 sanctus
3238 2286 3479 2359 potuerit
3516 2282 3753 2355 reperiri
3780 2322 3795 2350 ,
3827 2280 3910 2350 qui

2316 2391 2503 2452 posset
2530 2382 2710 2438 lulura
2738 2381 3056 2453 prcedicere.
3097 2380 3342 2450 Denique
3369 2377 3700 2435 interﬁcitur
3739 2376 3909 2432 Josias

2313 2492 2345 2532 a
2376 2477 2661 2534 Pharaone
2700 2491 2826 2546 rege
2872 2474 3092 2546 Egypti
3124 2517 3137 2539 ,
3167 2489 3233 2529 eo
3277 2472 3422 2545 quod
3452 2472 3693 2528 noluerit
3725 2468 3909 2525 audire

2314 2573 2479 2628 verba
2512 2570 2760 2635 Domini,
2792 2584 2857 2626 ex
2886 2584 2982 2625 ore
3008 2568 3262 2625 Jeremia:
3288 2567 3595 2640 propheta‘,
3627 2566 3743 2623 sive
3771 2576 3825 2620 ut
3853 2564 3906 2621 in

2314 2661 2744 2732 Paralipomenis
2759 2661 2867 2734 [ΑΙ.
2884 2661 3331 2732 Paralipomenon
3352 2658 3517 2732 libro]
3530 2659 3789 2728 scriptum
3802 2666 3902 2713 est:

2315 2756 2501 2810 Noluit
2528 2754 2700 2809 Josias
2721 2756 2942 2821 reverti,
2972 2757 3062 2808 sed
3094 2755 3297 2822 paravit
3324 2763 3505 2807 contra
3534 2768 3650 2807 eum
3677 2750 3863 2805 bellum
3886 2790 3900 2815 ,

2312 2866 2408 2906 nec
2434 2850 2684 2921 acquievit
2714 2850 3036 2905 sermonibus
3060 2849 3275 2905 Nechao
3304 2866 3368 2904 ea:
3394 2866 3482 2903 ore
3509 2846 3609 2903 Dei
3630 2846 3705 2917 (ll
3727 2845 3897 2901 Parui.

2310 2959 2487 3008 xxxv,
2521 2942 2635 3015 22).
2666 2942 2734 2999 Et
2754 2944 3021 2999 infertur:
3056 2942 3397 3015 Mai-tuusque
3418 2952 3491 2996 est
3517 2951 3565 2996 et
3591 2942 3825 3011 sepultus
3852 2938 3900 2992 in

2310 3036 2577 3091 mausoleo
2601 3045 2807 3107 patrum
2827 3051 3063 3101 suorum,
3092 3044 3138 3088 et
3170 3034 3439 3089 universus
3462 3041 3485 3071 ε
3513 3030 3658 3087 Iuda
3682 3040 3734 3087 et
3760 3030 3903 3086 Jeru-

604 3132 743 3191 tere,
773 3134 820 3178 et
850 3124 934 3178 dic
964 3121 1201 3177 Ezechiw
1228 3122 1349 3176 duci
1370 3138 1480 3176 meo
1502 3120 1693 3195 (Ibid.,
1727 3121 1806 3190 5).
1835 3122 1953 3177 Dux
1982 3120 2082 3177 Dei
2106 3136 2202 3192 ap-
2229 3126 2274 3189 C
2304 3128 2465 3181 salem
2494 3128 2737 3182 luxerunt
2762 3142 2878 3180 eum
2899 3166 2915 3193 ,
2950 3126 3308 3197 praecipueque
3332 3123 3775 3197 Jeremias,cujus
3797 3136 3898 3178 om-

600 3216 839 3285 pellatur
860 3256 875 3279 ,
905 3216 992 3270 cui
1022 3230 1169 3271 mors
1200 3215 1379 3270 fuerat
1407 3216 1657 3269 nuntiata
1685 3256 1698 3279 ,
1732 3213 1857 3284 quia
1897 3213 2206 3270 humilitate

600 3316 913 3379 prostratus
942 3318 1061 3363 est:
1098 3306 1248 3374 Ηωε,
1277 3307 1470 3378 inquit,-
1494 3307 1621 3361 dicit
1652 3306 1903 3362 Dominus
1933 3306 2073 3363 Deus
2096 3305 2205 3361 Da-

599 3401 688 3455 vid
714 3402 877 3472 patris
910 3402 1019 3455 tui:
1048 3401 1239 3455 Audivi
1265 3400 1554 3455 orationem
1586 3412 1765 3467 tuam,
1804 3412 1853 3455 et
1890 3401 1996 3456 vidi
2026 3402 2201 3471 lacry-

600 3514 711 3551 mas
733 3507 869 3553 tuas.
896 3496 1131 3553 Additur
1156 3496 1207 3551 ei
1234 3505 1453 3566 tempus
1482 3497 1607 3551 vita:
1625 3537 1640 3560 ,
1675 3505 1729 3551 ct
1755 3496 1823 3551 de
1851 3496 2201 3568 Assyriorum

598 3590 849 3648 manibus
891 3592 1190 3657 liberatur;
1235 3601 1289 3647 et
1336 3599 1516 3646 tamen
1568 3593 1781 3663 signant
1832 3592 2104 3662 postulat,
2143 3601 2203 3648 ut

596 3683 786 3740 credat
814 3699 1006 3740 verum
1039 3698 1161 3739 esse
1188 3724 1202 3749 ,
1246 3682 1390 3754 quod
1433 3684 1579 3739 Deus
1610 3685 1985 3755 repromiserit
2010 3726 2024 3750 ,
2055 3684 2200 3755 quod

596 3776 792 3831 saltem
830 3792 1012 3846 parvae
1048 3773 1328 3832 ﬁdelitatis
1360 3777 1619 3832 indicium
1650 3787 1755 3834 est.
1789 3777 1935 3834 Misit
1982 3793 2201 3849 quoque

592 3885 695 3926 rex
722 3870 1014 3943 Babylonis
1040 3874 1259 3927 nuntios
1288 3882 1343 3927 et
1374 3871 1585 3942 legatos
1607 3914 1622 3938 ,
1651 3872 1743 3943 qui
1773 3874 1824 3928 ei
1852 3873 2201 3944 congratula-

590 3973 786 4020 reutur
803 3964 873 4021 ob
891 3966 1198 4022 restitutam
1222 3966 1469 4035 corporis
1489 3964 1780 4020 sanitatem
1803 3983 1816 4019 :
1847 3967 1937 4034 qui
1961 3964 2201 4022 ostendit

594 4060 675 4116 cis
704 4074 895 4115 omnes
924 4058 1214 4115 thesauros
1241 4068 1544 4115 aromatum
1573 4100 1587 4124 ,
1623 4058 1743 4113 auri
1780 4072 1999 4130 quoque
2031 4067 2085 4114 et
2111 4074 2199 4113 ar-

589 4152 738 4222 genti
767 4193 781 4217 ,
816 4162 869 4207 et
901 4166 1159 4207 vasorum
1196 4150 1617 4221 supellectilem.
1651 4149 1774 4205 Non
1805 4152 1945 4221 fuit,
1978 4151 2193 4221 inquit,

588 4260 672 4299 res
696 4286 709 4310 ,
741 4260 894 4317 quant
922 4260 1025 4297 non
1056 4242 1349 4298 ostenderet
1378 4244 1452 4297 eis
1486 4240 1738 4297 Ezechias
1767 4244 1822 4296 in
1844 4244 1999 4297 domo
2030 4254 2052 4283 ο
2083 4242 2197 4298 Do-

590 4336 745 4401 mini,
772 4345 817 4389 et
846 4335 901 4389 in
922 4335 1061 4388 omni
1086 4344 1337 4404 potestate
1355 4350 1451 4388 sua
1475 4332 1632 4405 (Isai.
1663 4350 1853 4399 xxxix,
1884 4334 1964 4404 2).
1991 4334 2067 4389 Ex
2086 4350 2195 4405 quo

590 4427 944 4498 intelligimus
969 4430 1135 4485 etiam
1166 4443 1299 4485 vasa
1344 4428 1535 4500 templi
1562 4428 1859 4500 Babylonis
1889 4438 2193 4486 monstrata

2311 3237 2397 3276 nes
2441 3230 2729 3277 cantatores
2766 3231 2918 3293 atque
2948 3222 3259 3276 cantatrices
3298 3236 3459 3292 usque
3500 3219 3555 3274 in
3600 3228 3899 3290 praesentem

2308 3314 2443 3369 diem
2470 3358 2484 3381 ,
2521 3315 2913 3369 lamentationes
2938 3331 3095 3384 super
3131 3313 3335 3369 Iasium
3361 3314 3616 3383 replicant
3640 3354 3655 3378 ,
3686 3322 3737 3367 et
3761 3309 3899 3385 quasi

2308 3406 2392 3462 lea:
2430 3408 2649 3461 obtinuit
2688 3408 2739 3461 in
2765 3405 2971 3462 Israel:
3000 3405 3137 3464 Ecce
3159 3409 3411 3479 scriptum
3436 3407 3602 3477 fertur
3631 3407 3686 3461 in
3714 3406 3898 3460 lamen-

2305 3502 2582 3557 tationibus
2616 3499 2779 3571 (Ibid.
2801 3544 2815 3567 ,
2843 3502 2934 3567 24,
2960 3502 3075 3570 25).

2373 3596 2467 3653 25.
2513 3597 2767 3671 Exempla
2808 3598 2915 3652 alia
2946 3597 3264 3654 Sanctorum
3288 3597 3342 3652 in
3377 3595 3895 3670 Scripturis.—Puto

2303 3689 2447 3762 quod
2479 3690 2824 3746 sermonibus
2851 3689 2946 3745 Dei
2977 3706 3072 3758 per
3096 3690 3393 3762 quemlibet
3419 3705 3523 3746 uon
3555 3689 3894 3761 acquievisse

2302 3791 2585 3855 peccatum
2618 3784 2709 3837 sit.
2734 3784 2811 3839 De
2840 3782 2960 3853 ipso
2986 3781 3255 3839 Jeremias
3281 3782 3545 3854 loquitur,
3573 3794 3892 3855 quamquam

2301 3873 2407 3932 hoc
2436 3876 2679 3947 plerique
2714 3876 3013 3931 secundum
3041 3890 3316 3947 anagogeu
3360 3876 3670 3947 intelligant
3698 3876 3768 3933 de
3794 3874 3893 3929 Do-

2300 3968 2450 4025 mino
2472 3969 2783 4026 Salvatore:
2813 3968 3047 4039 Spiritus
3072 3969 3227 4037 faciei
3243 3978 3431 4023 nostra:
3456 3966 3696 4023 Christus
3721 3964 3891 4021 Domi-

2300 4078 2397 4115 nus
2423 4070 2604 4132 captus
2630 4069 2701 4115 est
2732 4076 2827 4128 pro
2849 4061 3073 4132 peccatis
3111 4062 3322 4115 nostris.
3368 4059 3466 4115 Cui
3507 4060 3736 4115 diximus
3760 4101 3775 4125 ,
3801 4056 3889 4113 sub

2298 4153 2481 4207 umbra
2503 4162 2589 4207 tua
2618 4154 2844 4208 vivemus
2872 4154 2927 4207 in
2949 4154 3181 4225 gentibus
3204 4151 3421 4223 (Thren.
3445 4167 3516 4216 tv,
3540 4151 3659 4222 20).
3681 4150 3890 4221 Moyses

2297 4247 2385 4302 cui
2436 4246 2650 4302 locutus
2696 4254 2780 4302 est
2826 4246 3091 4303 Dominus
3138 4246 3278 4301 lacie
3327 4246 3395 4301 ad
3446 4244 3639 4300 faciem
3690 4240 3883 4313 (Exod.

2295 4340 2516 4408 xxxiii),
2546 4348 2601 4395 et
2631 4339 2777 4394 salva
2805 4338 2947 4395 facta
2974 4347 3060 4395 est
3085 4339 3263 4393 anima
3287 4337 3408 4408 ejus
3432 4379 3445 4402 ,
3478 4337 3541 4391 ad
3571 4348 3735 4406 aquas
3758 4346 3886 4388 con-

2295 4430 2638 4487 tradictiouis
2662 4430 2889 4487 oﬂ'endit
2915 4473 2929 4498 ,
2962 4445 3063 4486 nec
3092 4432 3293 4485 meruit
3321 4445 3445 4486 cum
3493 4428 3659 4484 fratre
3704 4425 3883 4482 Aaron

589 4522 805 4592 legatis.
857 4520 1009 4577 Unde
1053 4532 1109 4579 et
1141 4522 1218 4579 ira
1253 4522 1465 4578 Domini
1506 4521 1811 4578 concitatur
1834 4564 1848 4588 ,
1900 4531 1955 4577 et
2002 4533 2188 4592 postea
2216 4515 2271 4576 D
2298 4533 2497 4579 terram
2521 4522 3515 4593 repromissionisinlrare.Dequibus
3533 4531 3587 4577 et
3602 4517 3881 4575 Psalmista

593 4617 749 4673 Isaiae
775 4617 1162 4675 vaticinatione
1188 4618 1503 4691 cognoscit:
1553 4616 1633 4672 De
1660 4617 1784 4687 ﬁliis
1825 4618 1926 4673 tuis
1966 4621 2192 4676 eunuchi

604 4721 778 4777 erunt,
809 4721 855 4768 et
881 4712 1053 4767 omnia
1077 4729 1201 4770 vasa
1229 4713 1407 4783 templi
1439 4716 1813 4784 transferentur
1850 4713 2189 4785 Babylonem.

584 4804 669 4863 Ob
700 4820 862 4877 quam
894 4802 919 4841 ἀ
949 4820 1167 4861 causam
1211 4805 1375 4861 etiam
1409 4805 1462 4861 in
1491 4805 1635 4862 libro
1666 4806 1883 4863 Dierum
1925 4808 2189 4879 scriptum

585 4907 705 4955 est:
747 4898 943 4956 Cecidit
993 4896 1249 4954 Ezechias
1296 4899 1518 4955 elatione
1549 4900 1721 4954 cordis
1764 4901 1851 4955 sui
1892 4900 1958 4971 (ll
1999 4900 2185 4958 Paral.

660 5090 687 5157 f
720 5085 836 5157 Duo
866 5082 1115 5157 Vaticani
1149 5097 1312 5157 mss.,
1341 5084 1431 5157 qui
1458 5083 1643 5157 avertit
1667 5086 1871 5157 faciem,
1900 5095 2007 5143 etc.

661 5153 690 5194 δ
722 5156 875 5211 Alter
905 5154 1075 5209 Valic.
1096 5196 1111 5221 ,
1145 5172 1247 5208 non
1278 5155 1594 5209 desiderabis
1615 5153 1822 5223 causas,
1855 5165 1961 5213 etc.

665 5237 688 5265 ο
722 5226 1065 5283 Victoriusin
1090 5225 1244 5279 domo
1263 5241 1379 5285 sua.
1396 5242 1463 5280 ex
1484 5227 1753 5283 Brixiattis
1775 5229 1936 5283 Codd.
1954 5237 2011 5284 et
2032 5228 2185 5286 Grie-

584 5315 654 5357 co
699 5298 853 5353 Isaiae
903 5307 1050 5371 textu
1098 5300 1148 5352 ἐν
1188 5305 1262 5371 τῷ
1292 5296 1411 5371 sine,»
1464 5301 1622 5354 αὐτοῦ
1656 5299 1969 5371 ,llebraice
2016 5301 2182 5355 etiam

584 5379 773 5433 mina,
794 5371 848 5423 in
880 5368 1034 5423 domo
1061 5386 1178 5431 stta,
1205 5368 1261 5422 at
1291 5368 1701 5440 Hieronyntiaui
1730 5384 1860 5424 mss.
1894 5385 2033 5440 quos
2054 5386 2185 5424 cou-

584 5386 773 5433 πινιει,
794 5387 848 5423 ιη
880 5386 1034 5423 aomo
1061 5386 1178 5431 sua.
1205 5386 1261 5422 at
1291 5386 1489 5424 riteron
1538 5388 1701 5425 uitaui
1730 5386 1860 5424 mss.
1894 5386 2033 5440 quos
2054 5386 2185 5424 cou-

580 5444 1002 5564 SuluIimustcum
1033 5441 1306 5511 plerisque
1334 5386 1591 5496 Ollinlﬁlls
1635 5439 1919 5511 impressis
1969 5437 2187 5496 Domini

581 5526 696 5564 pra:
721 5528 853 5564 eruti
887 5550 900 5564 .

581 5522 900 5581 praeterunt.

653 5579 677 5618 δ
711 5582 834 5653 Mss.
866 5597 993 5653 cum
1016 5580 1185 5637 veteri
1209 5581 1362 5649 edit.,
1398 5582 1461 5636 ob
1490 5598 1645 5653 quam
1676 5580 1903 5653 culpam.

656 5663 678 5687 ε
709 5652 914 5722 Nomen
939 5652 1110 5706 Israel
1135 5666 1417 5722 perperam
1451 5650 1540 5707 hic
1565 5650 1865 5722 obtrudunt
1885 5652 2016 5708 editi
2051 5654 2175 5713 hac-

584 5730 738 5776 tenus
771 5721 932 5785 libri,
979 5723 1031 5776 in
1060 5720 1262 5791 quibus
1288 5735 1373 5780 est
1401 5724 1669 5779 universus
1712 5720 1884 5777 Israel
1909 5767 1923 5794 ,
1954 5724 2097 5781 Iuda
2125 5736 2175 5783 et

2297 4619 2471 4675 canit:
2504 4618 2745 4691 Absorpti
2782 4627 2899 4674 sunt
2929 4618 3099 4688 juncti
3126 4626 3285 4690 petra:
3316 4617 3521 4688 judices
3549 4631 3764 4669 eorum:
3789 4628 3877 4667 au-

2296 4714 2438 4770 dient
2476 4716 2628 4769 verba
2655 4732 2765 4770 mea
2798 4757 2811 4779 ,
2854 4714 3014 4786 771
3045 4713 3288 4783 quoniam
3318 4709 3337 4749 τ
3373 4712 3682 4781 placuerunt
3714 4704 3874 4781 (Psal.

2296 4825 2397 4865 cst.
2426 4852 2441 4871 ,
2472 4807 2552 4879 6).
2590 4807 2654 4863 Et
2683 4815 2769 4864 est
2797 4822 3020 4864 sensus:
3052 4805 3272 4862 Judiccs
3303 4804 3493 4877 populi
3533 4802 3875 4860 Judteorum;

2294 4904 2503 4976 Moyses
2525 4911 2582 4958 et
2606 4903 2810 4969 Aaron,
2827 4899 3067 4957 devorati
3094 4910 3222 4955 sunt
3243 4914 3270 4953 a
3292 4905 3516 4968 peccato
3535 4895 3715 4968 populi
3734 4894 3877 4966 juxta

2291 5085 2603 5143 Jerusalem.
2647 5085 2758 5144 Sed
2800 5086 2934 5143 illud
2978 5101 3152 5151 neque
3183 5101 3315 5141 mss.
3345 5082 3521 5139 nostri
3545 5082 3871 5151 agnoscunt,

2293 5174 2469 5227 neque
2497 5158 2794 5228 Scriptura:
2827 5167 3029 5215 textus.
3061 5149 3183 5214 Mox
3215 5157 3463 5211 cantrices
3495 5149 3695 5209 habent
3723 5149 3873 5206 iidem

2293 5243 2423 5284 mss.
2462 5247 2559 5299 pro
2586 5232 2913 5287 cantatrices.

2373 5300 2391 5337 ῖ
2413 5295 2755 5358 Μὶιιιίειηωυε
2784 5318 2995 5369 omnes,
3014 5302 3209 5372 quibus
3225 5315 3358 5356 usus
3387 5306 3491 5372 est,
3508 5295 3724 5372 codices
3745 5301 3865 5372 mss:

2292 5378 2550 5440 prrelerre
2580 5373 2707 5428 dicit
2735 5365 3255 5438 potueruntICOutra
3287 5370 3458 5426 nostri
3481 5380 3672 5441 omnes
3695 5365 3869 5441 leguli!

2292 5436 2595 5513 placuerunt
2625 5486 2641 5509 ,
2673 5436 3024 5500 etVictorius
3060 5458 3273 5511 quoque
3313 5445 3385 5497 ita
3430 5442 3489 5513 in,
3514 5439 3627 5494 θυῖε
3654 5436 3863 5513 ι’ίξνοὶἷη·

2294 5504 2697 5584 Βυιῖηιᾳειιιιιίθι
2720 5516 2946 5573 Graecus
2970 5504 3255 5576 ἡδύὖθησάν
3279 5536 3293 5580 ς
3324 5522 3380 5569 et
3409 5507 3737 5584 subnexaAS.
3774 5504 3867 5584 βοή

2287 5587 2456 5640 ctoris
2479 5581 2752 5659 expositio
2772 5590 2860 5659 qui
2886 5604 2976 5658 per
3004 5604 3057 5642 se
3086 5584 3374 5640 suavissimi
3403 5581 3865 5659 ειιηις--Ωηοπέῖιζη

2322 5652 2583 5712 oluerunt.
2640 5658 2716 5713 Ita
2777 5652 2971 5729 legunt
3024 5672 3216 5713 omnes
3262 5670 3391 5729 mss.
3437 5652 3655 5729 codices
3684 5656 3862 5729 austri-

2322 5674 2583 5712 otuerum.
2640 5674 2716 5713 ita
2777 5674 2971 5729 tegunt
3024 5674 3216 5713 omnes
3262 5674 3391 5711 mss.
3437 5674 3861 5708 mulces-tus...-

2280 5674 2553 5784 Elariauus
2575 5730 2703 5802 legit
2722 5745 2787 5786 cx
2813 5729 2980 5796 LXX,
3000 5731 3244 5801 quoniam
3268 5728 3588 5798 placuerunt.
3611 5721 3861 5778 ΜΑιιτιΑισο
