4054 6328
197 374 302 430 561

1106 368 1450 427 DIALOGUS
1488 365 1859 426 ADVERSUS
1898 368 2352 427 PELAGIANOS.
2399 372 2528 427 LIB.
2570 372 2633 428 11.

3409 373 3516 430 562

203 499 441 561 petram,
475 488 545 548 de
572 506 678 563 qua
708 503 970 559 aquarum
1001 487 1201 543 ﬂuenta
1232 496 1547 553 manarunt,
1575 494 1631 543 et
1656 495 1808 542 certe
1834 488 1884 549 Α
1912 488 2215 544 scandalum
2242 502 2523 561 posuerunt
2554 494 2681 547 mihi
2715 493 2833 566 (Ps.
2866 510 3068 551 cxxxtx
3097 537 3111 559 ,
3148 494 3225 567 6).
3261 492 3517 564 Superbia

202 584 311 655 ipsi
339 583 472 655 justi
496 585 737 648 fuerunt,
766 593 817 639 et
844 582 1173 638 obedierunt
1200 582 1548 639 sermonibus
1578 581 1695 646 Dei,
1720 582 1810 651 qui

205 690 310 746 per
334 691 397 733 se
422 677 733 733 suavissimi
764 685 910 730 sunt.
942 674 1183 747 Denique
1211 675 1460 747 sequitur
1486 674 1555 730 de
1580 674 1811 731 cadavee

201 768 361 824 ribus
388 769 441 823 in
460 768 757 824 solitudine
775 776 1110 824 mortuorum
1130 786 1142 822 :
1169 768 1329 836 Quasi
1345 766 1632 823 crassitudo
1659 776 1812 821 terra:

200 861 400 935 dirupti
442 872 564 917 sunt
591 878 743 932 super
781 870 990 917 terram.
1029 860 1279 932 Dispersa
1321 870 1439 915 sunt
1484 876 1600 916 ossa
1636 868 1811 915 nostra

202 970 356 1010 secus
378 955 639 1025 infernum
662 952 781 1026 (Ps.
801 969 924 1021 CXL,
939 956 993 1019 'l,
1023 954 1099 1022 8).
1130 955 1187 1009 in
1206 954 1342 1009 Osee
1368 953 1610 1025 loquitur
1630 954 1773 1010 Deus
1796 972 1810 1009 :

204 1045 545 1119 Desponsabo
576 1056 623 1101 te
646 1047 775 1101 mihi
794 1048 849 1101 in
867 1048 1082 1120 justitia
1108 1058 1156 1102 et
1168 1047 1376 1120 judicio
1404 1045 1557 1113 (Ose.
1588 1062 1658 1109 tt,
1694 1046 1807 1117 19).

204 1138 516 1211 Statimque
543 1139 853 1210 subjungit:
884 1149 910 1177 α
953 1139 1020 1194 Et
1060 1140 1416 1195 misericordia
1444 1150 1494 1195 et
1524 1141 1814 1195 miseratio-

206 1232 357 1286 nibus
382 1274 396 1299 ,
430 1242 478 1285 et
502 1234 557 1286 in
586 1231 694 1301 ﬁde
717 1273 732 1300 ,
768 1242 823 1287 ut
848 1232 1123 1303 largitoris
1155 1234 1383 1303 praemio
1415 1241 1809 1305 recognoscat,

203 1325 351 1397 quod
380 1325 496 1396 ipse
526 1324 599 1380 sit
624 1324 909 1381 Dominus.
939 1326 999 1381 In
1022 1326 1216 1382 eodem
1240 1327 1503 1397 scriptum
1530 1336 1613 1382 est
1636 1328 1808 1383 libro:

209 1417 353 1473 Deus
380 1434 476 1491 ego
499 1434 611 1473 sum
635 1428 683 1473 et
710 1435 816 1474 non
846 1419 999 1473 homo
1030 1461 1044 1485 ,
1085 1420 1140 1473 in
1168 1420 1338 1474 medio
1366 1420 1440 1475 tui
1480 1428 1691 1474 sanctus
1717 1463 1733 1489 ,
1765 1433 1811 1476 et

206 1528 315 1567 non
336 1512 602 1584 ingrediar
628 1512 882 1568 civitatem
913 1513 1061 1587 (Ose.
1097 1529 1169 1581 st,
1202 1514 1285 1585 9),
1319 1515 1577 1571 vitiorum
1600 1515 1815 1572 scilicet

207 1608 652 1665 conciliabulum.
688 1607 811 1679 ipse
839 1608 991 1664 solus
1034 1609 1177 1664 hanc
1206 1624 1313 1664 non
1355 1608 1655 1679 ingreditur
1682 1608 1816 1665 civi-

213 1709 565 1772 tatem,quam
582 1699 872 1756 aedificavit
894 1699 1028 1756 Cain
1050 1701 1101 1755 in
1134 1701 1353 1756 nomine
1372 1699 1462 1755 filii
1492 1700 1576 1755 sui
1599 1699 1810 1766 Enocb,

209 1807 333 1859 qum
358 1793 535 1849 omnia
562 1793 909 1849 sacerdomm
949 1793 1195 1865 quotidie
1238 1808 1334 1849 ora
1382 1793 1812 1861 concelebrant,

1914 583 2049 637 enim
2072 584 2261 638 resistit
2285 583 2444 652 Deus,
2463 583 2745 639 humilibus
2762 595 2931 641 autem
2950 587 3041 642 dat
3058 586 3283 660 gratiam
3305 584 3361 657 (1
3365 583 3514 639 acob.

1913 689 1964 729 tv
1988 715 2003 739 ,
2035 673 2113 745 6).

1983 764 2073 820 21.
2105 765 2341 821 Timidus
2370 769 2530 822 vitare
2567 778 2734 839 potest
2763 772 2831 829 ad
2863 780 3065 841 tempus
3102 770 3518 843 péccata.—Qui

1914 869 2104 914 cautus
2133 868 2188 914 et
2214 860 2432 915 timidus
2461 871 2581 927 est,
2629 870 2809 933 potest
2838 865 2903 918 ad
2936 874 3151 935 tempus
3181 864 3354 918 vitare
3387 877 3518 932 pec-

1913 961 2033 1008 cata
2060 992 2073 1018 ,
2105 954 2194 1023 qui
2224 969 2447 1009 securus
2473 964 2557 1010 est
2582 954 2649 1011 de
2674 956 2887 1027 justitia
2914 972 3032 1023 sua,
3072 963 3341 1027 repugnat
3372 954 3513 1021 Deo,

1915 1045 2166 1117 illiusque
2192 1048 2397 1103 auxilio
2428 1048 2728 1105 destitutus
2757 1095 2767 1115 ,
2802 1049 3019 1105 insidiis
3059 1049 3297 1103 hostium
3348 1056 3520 1117 patet.

1916 1137 2340 1208 Computrescant
2362 1185 2377 1209 ,
2411 1141 2545 1197 dicit
2571 1142 2814 1209 Abacuc,
2846 1160 2965 1197 ossa
2993 1159 3128 1209 mea,
3162 1152 3210 1197 et
3236 1142 3411 1197 subter
3443 1158 3523 1197 me

1915 1246 2108 1285 vermes
2133 1242 2383 1300 scateant,
2416 1243 2616 1288 tantum
2646 1245 2701 1289 ut
2728 1237 3041 1307 requiescam
3057 1236 3108 1289 in
3138 1235 3223 1288 die
3243 1235 3521 1306 angustia,

1917 1336 1971 1378 ut
1997 1327 2273 1381 ascendant
2294 1328 2362 1381 ad
2390 1329 2639 1400 papulum
2663 1329 2851 1399 fortem
2880 1345 3047 1383 meum
3075 1328 3261 1398 (Abac.
3288 1343 3347 1383 ιιι
3364 1370 3378 1395 ,
3404 1328 3520 1398 16).

1917 1417 2016 1473 Hic
2045 1417 2424 1475 tribulationes
2451 1428 2505 1475 et
2530 1422 2811 1491 angustias
2841 1418 3313 1491 afﬂictionemque
3352 1420 3524 1474 animi

1916 1511 2241 1582 deprecatur
2266 1554 2279 1577 ,
2313 1512 2450 1568 utin
2481 1513 2662 1569 futuro
2688 1556 2702 1580 ,
2732 1514 2973 1569 virorum
3003 1515 3115 1583 jam
3144 1528 3267 1569 cum
3297 1511 3523 1568 Christo

1917 1604 2257 1674 regnantium
2306 1619 2534 1660 numero
2578 1607 2836 1661 societur.
2892 1606 2967 1661 Ex
3012 1620 3121 1677 quo
3172 1605 3522 1675 perspicuum

1918 1702 2002 1750 est
2024 1737 2039 1761 ,
2073 1696 2156 1751 his
2185 1711 2419 1769 pugnam
2450 1706 2613 1769 atque
2651 1708 2928 1755 certamen
2957 1739 2971 1765 ,
3016 1708 3071 1754 et
3098 1698 3153 1753 in
3186 1697 3372 1752 futuro
3399 1712 3525 1753 esse

1921 1788 2223 1845 victoriam.
2258 1789 2418 1846 Jesus
2462 1790 2607 1846 filius
2636 1792 2857 1847 Josedec
2881 1836 2895 1859 ,
2933 1792 3079 1861 quod
3126 1792 3528 1862 interpretatur

211 1882 238 1923 ι’
262 1883 289 1941 ὁ
313 1886 460 1957 μόνος
488 1888 872 1963 ἀναμάρτητος,
907 1885 1051 1957 quod
1086 1887 1139 1941 in
1170 1887 1354 1957 lingua
1383 1895 1567 1942 nostra
1594 1885 1812 1949 dicitur,

1926 1892 1947 1917 ο
1968 1882 2145 1953 justus
2176 1883 2385 1938 Domini
2406 1884 2592 1953 (Zach.
2623 1886 2730 1955 ιιι),
2752 1886 3009 1942 sacerdos
3033 1901 3285 1957 magnus,
3307 1884 3527 1941 indutus

207 1976 299 2047 qui
320 1974 465 2030 solus
490 1986 564 2031 est
591 1977 702 2030 sine
729 1986 959 2047 peccato.
992 1976 1124 2043 Qua:
1157 1978 1277 2033 laus
1306 1977 1456 2047 juxta
1487 1977 1816 2032 sententiam

216 2074 371 2122 tuam
423 2066 626 2123 frustra
655 2067 764 2123 Deo
796 2075 1075 2137 reputatur
1106 2067 1217 2140 [ΑΙ.
1247 2067 1601 2140 deputatur],
1642 2069 1688 2122 si
1736 2077 1821 2123 est

206 2161 524 2215 communis
551 2174 673 2215 cum
716 2160 953 2215 caeteris.
998 2159 1107 2214 Nos
1138 2160 1279 2215 enim
1308 2159 1459 2230 juxta
1488 2159 1657 2214 Amos
1688 2174 1819 2215 con-

204 2254 763 2325 vertimusjustitiam
797 2255 849 2309 in
888 2253 1219 2310 absinthium
1246 2294 1262 2319 ,
1295 2264 1350 2309 et
1376 2252 1587 2309 fructus
1626 2253 1820 2323 judicii

204 2347 263 2404 in
296 2346 720 2403 amaritudinem
753 2346 955 2417 (Amos.
985 2346 1079 2418 vt).
1110 2345 1430 2418 Loquuntnr
1460 2354 1637 2402 nauta:
1658 2355 1820 2417 atque

205 2447 467 2496 vectores
486 2481 500 2506 ,
528 2440 580 2494 in
609 2439 753 2495 libro
782 2439 971 2495 Jona):
1004 2439 1301 2512 Rogamus,
1334 2439 1586 2507 Domine,
1616 2457 1680 2495 ne
1700 2457 1813 2513 per-

210 2534 309 2588 das
340 2549 432 2587 nos
462 2541 673 2605 prapter
693 2531 955 2587 hominem
980 2544 1001 2573 ο
1030 2534 1207 2597 istum,
1232 2550 1393 2605 neque
1420 2534 1641 2588 inducas
1668 2549 1821 2606 super

212 2644 310 2683 nos
337 2627 643 2699 sanguinem
674 2627 1019 2682 innocentem.
1055 2626 1207 2685 Sicut
1235 2628 1367 2681 enim
1389 2627 1586 2699 placuit
1607 2628 1717 2693 tibi,
1744 2628 1820 2681 sic

214 2722 413 2791 factum
444 2727 516 2773 est
549 2759 563 2783 ,
594 2716 816 2774 Domine
847 2718 994 2789 (Jan.
1026 2734 1041 2773 ι
1073 2761 1087 2785 ,
1137 2717 1249 2789 14).
1291 2718 1551 2774 Nesciunt
1578 2734 1771 2774 causas
1799 2760 1813 2785 ,

212 2810 345 2883 quid
377 2818 650 2867 mereatur
666 2811 960 2883 Propheta,
986 2809 1012 2850 ἀ
1046 2825 1236 2867 servus
1268 2811 1610 2882 fugitivus,et
1635 2823 1814 2867 tamen

209 2905 514 2977 justiﬁcant
546 2906 802 2971 Deum,et
829 2908 1146 2977 sanguinem
1183 2905 1526 2960 innocentem
1558 2906 1812 2971 fatentur,

214 3003 375 3075 cujus
400 3018 569 3075 opera
598 3018 706 3058 non
730 3012 954 3059 norunt.
985 3004 1048 3058 Et
1074 3004 1140 3058 ad
1170 3012 1495 3067 extremum,
1528 3002 1675 3057 Sicut
1703 3002 1817 3075 pla-

214 3096 327 3151 cuit
352 3095 440 3149 tibi
466 3137 480 3162 ,
510 3094 753 3159 Domine,
784 3096 857 3149 sic
884 3098 1077 3166 factum
1104 3103 1198 3150 est.
1232 3094 1349 3150 Non
1380 3103 1632 3165 quaerunt
1654 3093 1818 3165 justi-

216 3189 351 3245 tiam
377 3190 659 3245 sententize
687 3188 781 3245 Dei
807 3204 821 3247 :
857 3189 955 3245 sed
984 3190 1274 3245 veritatem
1293 3190 1429 3258 justi
1455 3189 1654 3259 judicis
1684 3204 1813 3244 cono

1924 1974 2254 2030 describitur
2270 1976 2515 2033 vestibus
2538 1978 2802 2045 sordidis,
2821 1981 2911 2050 qui
2938 1990 3221 2050 peccatum
3246 1996 3353 2037 non
3376 1980 3530 2047 fecit,

1925 2075 1977 2121 et
2012 2076 2190 2122 tamen
2223 2079 2407 2123 nostra
2442 2080 2662 2140 peccata
2697 2072 2966 2141 portavit,
2994 2072 3063 2127 ad
3092 2072 3248 2141 cujus
3276 2073 3531 2130 dextram

1924 2159 2101 2213 stabat
2140 2159 2367 2215 Satanas
2393 2205 2406 2225 ,
2452 2170 2511 2217 ut
2554 2164 2940 2219 adversaretur
2994 2166 3066 2221 ei.
3108 2166 3425 2238 Diciturque
3456 2168 3531 2225 ad

1919 2265 2043 2306 eum
2088 2260 2211 2321 post
2255 2267 2487 2323 pugnam
2533 2262 2698 2326 atque
2737 2256 3059 2310 victoriam:
3095 2257 3308 2329 Auferte
3336 2267 3529 2314 vestem

1920 2344 2186 2399 sordidam
2206 2346 2269 2400 ab
2295 2364 2353 2401 eo
2372 2365 2390 2402 :
2416 2348 2503 2414 Et,
2530 2348 2667 2403 Ecce
2692 2348 2883 2404 abstuli
2899 2367 2930 2404 a
2954 2359 3001 2404 te
3018 2351 3342 2422 iniquitatem
3363 2362 3527 2419 tuam,

1923 2447 1977 2494 et
2020 2439 2195 2494 haeres
2236 2438 2511 2495 Joviniani
2557 2440 2828 2510 loquitur:
2880 2460 2897 2494 ι
2939 2442 3072 2499 Sine
3115 2444 3266 2499 omni
3298 2444 3532 2500 omnino

1923 2540 2149 2602 peccato
2180 2548 2320 2597 sum,
2346 2533 2564 2588 sordida
2593 2534 2919 2590 vestimenta
2948 2551 3053 2591 non
3085 2536 3281 2606 habeo,
3305 2537 3531 2609 proprio

1921 2640 2083 2695 regor
2120 2626 2351 2682 arbitrio
2376 2669 2391 2693 ,
2422 2626 2596 2695 major
2623 2628 2889 2697 Apostolo
2917 2643 3061 2684 sum.
3095 2628 3190 2683 Ille
3222 2628 3355 2685 facit
3381 2629 3529 2700 quod

1922 2733 2032 2773 non
2059 2719 2193 2784 vult,
2214 2726 2271 2774 et
2298 2718 2441 2789 quod
2473 2719 2592 2774 vult
2621 2734 2728 2774 non
2751 2720 2898 2786 facit,
2927 2735 3030 2791 ego
3056 2720 3195 2775 facio
3213 2722 3360 2792 quod
3383 2721 3532 2789 volo,

1919 2822 1977 2867 et
2014 2810 2158 2882 quod
2188 2811 2315 2866 nolo
2346 2826 2453 2866 non
2490 2811 2662 2875 facio,
2712 2820 3018 2882 praeparata
3049 2822 3177 2866 sunt
3203 2810 3336 2867 mihi
3365 2827 3537 2883 regna

1918 2902 2180 2959 caelorum
2212 2944 2226 2968 ,
2262 2904 2428 2957 immo
2470 2902 2586 2974 ipse
2621 2918 2685 2958 ea
2716 2903 2847 2958 mihi
2875 2904 3012 2958 meis
3042 2903 3204 2975 773
3231 2903 3534 2961 virtutibus

1919 2995 2236 3066 praeparavi.
2281 3014 2299 3047 ι
2332 2995 2389 3050 In
2419 3011 2525 3066 quo
2552 2995 2723 3050 Adam
2754 3005 2971 3051 tenetur
2997 2994 3272 3050 obnoxius
3302 3038 3315 3061 ,
3350 3004 3404 3051 et
3433 2996 3531 3052 alii

1918 3089 2007 3159 qui
2044 3104 2167 3144 reos
2194 3104 2252 3144 se
2283 3096 2476 3159 putant
2507 3089 2560 3143 in
2593 3087 3011 3145 similitudinem
3047 3088 3529 3159 pratvaricationis

1919 3180 2050 3237 Adm
2074 3223 2088 3245 ,
2117 3196 2217 3251 ego
2264 3181 2413 3237 solus
2441 3195 2564 3236 cum
2599 3195 2717 3236 mea
2756 3189 2975 3235 caterva
3027 3195 3136 3235 non
3182 3191 3390 3235 teneor.
3427 3180 3535 3237 Alii

215 3282 462 3338 fitentur.
513 3282 749 3338 Micheas
797 3282 1137 3354 lacrymahili
1187 3298 1317 3339 voce
1347 3292 1612 3338 testatur:
1648 3282 1812 3337 Periit
1842 3268 1888 3333 C
1919 3275 2087 3330 clausi
2117 3274 2327 3329 cellulis
2351 3316 2365 3341 ,
2396 3282 2453 3329 et
2480 3272 2711 3329 feminas
2750 3288 2857 3327 non
2891 3273 3165 3340 videntes,
3191 3274 3318 3343 quia
3342 3272 3533 3328 miseri

214 3384 428 3432 sanctus
468 3374 578 3447 [AL
624 3375 816 3448 semen]
845 3377 908 3430 de
936 3385 1072 3431 terra
1099 3418 1114 3444 ,
1157 3386 1207 3431 et
1246 3386 1414 3431 rectus
1452 3378 1501 3431 in
1530 3376 1824 3431 hominibus

215 3479 431 3535 nonest,
447 3484 622 3523 omnes
642 3469 697 3522 in
717 3468 967 3538 sanguine
987 3468 1322 3532 insidiantur,
1340 3468 1692 3538 unusquisque
1714 3472 1825 3539 fra—

215 3572 349 3616 trem
363 3578 513 3616 suum
532 3572 745 3617 venatur
764 3563 832 3616 ad
855 3572 1088 3615 mortem.
1115 3560 1316 3615 Malunt
1340 3577 1587 3615 manuum
1607 3577 1821 3615 suarum

214 3655 398 3709 dicunt
414 3656 602 3710 bonum
631 3653 820 3727 (Μὴ-ἠ.
842 3670 934 3721 vtt,
959 3655 1016 3720 2,
1035 3654 1113 3724 5).
1142 3654 1207 3709 Et
1231 3656 1425 3709 iterum
1446 3671 1460 3709 :
1479 3654 1580 3721 Qui
1597 3655 1820 3725 optimus

214 3750 352 3804 inter
363 3766 445 3804 eos
459 3751 711 3818 est,quasi
722 3750 958 3823 paliurus
972 3759 1121 3817 est,et
1142 3750 1230 3821 qui
1242 3749 1584 3819 rectus,quasi
1595 3750 1745 3819 spina
1759 3750 1821 3801 de

215 3840 624 3913 sepe(lbid.,b).
642 3841 767 3898 Hmc
789 3841 1289 3911 hominumjustitia
1303 3841 1636 3911 est,utjuxta
1650 3840 1817 3896 verba

214 3934 463 4004 ejusdem
494 3936 656 4008 772
686 3936 964 4006 propheta:
993 3979 1007 4003 ,
1040 3952 1137 3992 nec
1168 3938 1342 3992 amico
1370 3980 1383 3999 ,
1424 3953 1524 3992 nec
1555 3936 1772 4007 conjugi
1800 3978 1814 4001 ,

214 4040 319 4082 nec
348 4027 475 4082 filiis
496 4028 568 4081 sit
594 4027 950 4094 credendum,
981 4028 1107 4097 quia
1136 4028 1331 4083 inimici
1356 4029 1583 4083 hominis
1614 4028 1813 4082 domes-

215 4119 306 4173 tici
331 4122 441 4189 ejus
473 4117 650 4189 (Psal.
682 4118 832 4191 xxx).
861 4118 1032 4188 Quam
1069 4122 1394 4175 sententiam
1441 4121 1600 4176 etiam
1629 4134 1816 4174 sermo

218 4211 535 4267 Dominicus
565 4212 937 4281 comprobavit
965 4210 1180 4284 (Matth.
1214 4211 1290 4283 χ).
1321 4210 1475 4266 Unde
1503 4212 1663 4265 datur
1689 4226 1817 4265 con-

211 4303 398 4359 silium
419 4320 517 4375 per
532 4304 785 4359 eumdem
807 4304 1157 4374 prophetam:
1181 4301 1431 4356 Indicabo
1450 4304 1563 4367 tibi,
1584 4320 1613 4357 ο
1634 4302 1810 4367 homo,

212 4395 345 4465 quid
376 4396 441 4449 sit
469 4395 656 4449 bonum
683 4435 697 4461 ,
731 4405 777 4447 et
801 4394 926 4466 quid
954 4392 1206 4448 Dominus
1248 4402 1442 4463 quierat
1470 4410 1500 4446 a
1529 4403 1608 4446 te:
1638 4393 1814 4461 utique

217 4490 394 4556 facere
414 4486 689 4551 judicium,
711 4496 755 4538 et
777 4486 989 4559 diligere
1005 4485 1435 4552 misericordiam,
1463 4495 1509 4539 et
1531 4485 1812 4539 sollicitum

214 4573 485 4630 ambulare
516 4592 627 4629 cum
654 4574 763 4630 Deo
785 4586 872 4630 tuo
904 4576 1090 4650 (Mich.
1127 4592 1210 4639 vt,
1244 4574 1323 4641 8).
1354 4574 1622 4646 Numquid
1654 4576 1807 4643 dixit,

1925 3374 2086 3430 sunt,
2112 3375 2167 3421 et
2198 3365 2362 3421 verba
2395 3380 2515 3421 mea
2548 3381 2653 3421 non
2689 3364 2938 3428 audiunt,
2962 3374 3289 3436 torquentur
3309 3364 3532 3421 deside-

1925 3459 2051 3513 riis:
2086 3473 2187 3528 ego
2216 3458 2379 3513 etiam
2412 3459 2457 3512 si
2494 3457 2786 3512 mulierum
2830 3457 3003 3512 vallor
3034 3458 3377 3528 agminibus,
3410 3456 3532 3510 nul-

1923 3551 2028 3606 lam
2061 3550 2235 3605 habeo
2258 3550 2783 3621 concupiscentiam.
2813 3550 2887 3605 De
2913 3565 2998 3604 me
3016 3550 3163 3605 enim
3195 3550 3397 3605 dictum
3420 3557 3528 3605 est:

1922 3641 2152 3713 Lapides
2182 3644 2350 3697 sancti
2371 3644 2647 3697 volvuntur
2678 3660 2831 3715 super
2858 3652 3047 3697 terram
3081 3640 3268 3713 (Zach.
3294 3657 3345 3696 Ix
3370 3683 3383 3706 ,
3419 3640 3487 3696 16
3513 3684 3532 3709 ,

1920 3752 2022 3791 sec.
2067 3733 2268 3806 LXX);
2299 3742 2356 3789 et
2388 3733 2513 3789 ideo
2542 3750 2649 3789 non
2678 3735 2860 3790 sentio
2884 3777 2898 3801 ,
2946 3735 3071 3803 quia
3118 3733 3276 3788 liberi
3319 3730 3534 3791 arbitrii

1920 3835 2191 3900 potestate
2236 3826 2439 3882 Christi
2499 3837 2761 3898 troprrum
2827 3824 3181 3882 circumfero.
3230 3825 3531 3884 Audiamus

1923 3937 2019 3991 per
2045 3921 2238 3976 Isaiam
2256 3920 2580 3976 clamantem
2610 3922 2813 3975 Deum:
2849 3919 3090 3990 Populus
3114 3935 3275 3984 meus,
3299 3920 3390 3989 qui
3412 3919 3531 3975 bea-

1920 4028 1997 4070 tos
2022 4032 2108 4069 ros
2137 4015 2338 4079 dicunt,
2358 4013 2610 4068 seducunt
2636 4030 2745 4078 ros,
2776 4022 2823 4067 et
2852 4014 3085 4067 semitam
3111 4012 3298 4082 pedum
3330 4020 3530 4067 vestra-

1920 4124 2036 4161 rum
2064 4106 2405 4178 supplantaut
2431 4104 2584 4176 (fsai.
2622 4122 2709 4170 ιιι,
2740 4107 2820 4175 5).
2848 4105 2983 4173 Quis
3006 4105 3181 4176 magis
3212 4105 3531 4174 supplantat

1920 4199 2178 4271 populum
2209 4198 2341 4253 Dei:
2373 4199 2465 4268 qui
2512 4198 2666 4252 liberi
2714 4197 2925 4253 arbitrii
2962 4204 3233 4268 potestate
3262 4195 3531 4254 subnixus

1918 4292 2147 4364 despicit
2179 4293 2435 4348 auxilium
2469 4290 2802 4357 Conditoris,
2837 4291 2968 4347 etin
2999 4305 3095 4345 sua
3125 4291 3403 4346 voluntate
3429 4304 3525 4346 se-

1918 4400 2081 4442 curus
2103 4394 2207 4454 est,
2232 4400 2299 4440 an
2325 4385 2414 4456 qui
2444 4384 2510 4438 ad
2535 4384 2775 4453 singulas
2803 4383 3105 4437 sententias
3129 4392 3527 4454 praeceptorum

1918 4480 2134 4534 Domini
2172 4477 2436 4549 judicium
2480 4472 2852 4547 pertimescit?
2881 4471 2964 4527 Ad
3012 4472 3393 4543 hujuscemodi
3422 4474 3529 4528 ho-

1918 4574 2092 4628 mines
2138 4572 2379 4642 loquitur
2424 4571 2566 4624 Deus
2592 4586 2606 4623 :
2659 4567 2753 4621 Va:
2780 4564 2922 4619 vobis
2953 4606 2967 4631 ,
2998 4566 3087 4635 qui
3113 4568 3376 4637 sapientes
3402 4566 3526 4622 estis

215 4666 423 4723 habeto
444 4669 800 4738 :equalitatem
832 4669 948 4734 Dei,
979 4679 1034 4724 et
1063 4684 1168 4724 non
1193 4668 1316 4733 hoc,
1345 4668 1489 4738 quod
1516 4668 1813 4723 maximum
1840 4654 1893 4715 D
1919 4665 2060 4738 apud
2091 4681 2177 4720 vos
2200 4706 2214 4731 ,
2243 4675 2291 4718 et
2320 4664 2663 4735 inlelligenles
2695 4669 2858 4714 vestro
2877 4661 3087 4735 judicio
3118 4660 3278 4734 (fsai.
3304 4678 3336 4717 v
3360 4702 3376 4729 ,
3405 4660 3525 4732 21).

212 4771 345 4829 est,
376 4761 656 4815 sollicitum
697 4762 960 4816 ambulare
1003 4761 1113 4834 (At.
1144 4758 1375 4831 ambula]
1414 4775 1533 4813 cum
1560 4757 1670 4813 Deo
1700 4767 1809 4813 tuo.

214 4853 288 4911 Ut
315 4870 609 4926 numquam
641 4870 865 4911 securus
907 4856 1011 4923 sis,
1043 4866 1100 4911 ut
1129 4855 1279 4910 omni
1319 4854 1663 4910 observantia
1688 4869 1815 4909 cus-

215 4952 392 5008 todias
423 4968 520 5007 cor
552 4961 701 5007 tuum
730 4995 744 5019 ,
774 4963 831 5007 ut
859 4952 1208 5018 consideres,
1251 4951 1511 5021 quoniam
1548 4949 1600 5005 in
1634 4948 1812 5005 medio

215 5045 541 5115 laqueorum
581 5046 825 5101 ambules
850 5088 864 5111 ,
895 5055 949 5101 et
976 5046 1079 5100 suh
1104 5058 1385 5100 murorum
1418 5044 1597 5115 pinnis
1629 5045 1811 5115 ingre-

213 5133 383 5191 diaris
410 5178 427 5202 ,
458 5143 517 5190 ut
557 5134 690 5191 illud
731 5134 976 5207 quotidie
1024 5134 1337 5191 mediteris:
1367 5132 1535 5191 Juxta
1576 5135 1815 5190 semitam

288 5336 315 5363 οι
344 5325 524 5380 Vatic.
552 5335 600 5379 et
623 5325 677 5378 in
698 5322 1076 5388 misericordia,
1108 5329 1154 5374 et
1180 5320 1235 5373 in
1258 5320 1693 5386 miserationibus,
1715 5327 1821 5375 etc.

286 5397 313 5436 δ
353 5397 413 5453 ‘0
437 5396 589 5471 μόνος
608 5398 1004 5471 avertamur“;
1046 5392 1192 5471 Nota
1232 5390 1607 5471 quotidie-pra
1638 5406 1825 5471 sacer-

207 5469 401 5526 dotum
433 5461 858 5524 concelebrasse
882 5470 934 5520 in
963 5463 1226 5520 Ecclesiis
1248 5461 1447 5517 summi
1473 5461 1568 5517 Dei
1596 5463 1827 5517 attribu-

210 5553 329 5597 tum
354 5551 410 5597 et
439 5538 856 5609 perfectionem,
886 5537 1120 5592 dicendo
1146 5554 1159 5589 :
1190 5550 1426 5609 o_monos
1451 5543 1820 5609 anamartetos,

211 5616 268 5669 id
292 5624 397 5675 est,
430 5604 520 5682 qui
549 5611 692 5665 solus
724 5619 797 5664 est
812 5611 937 5682 sine
969 5619 1196 5682 peccato.
1223 5606 1511 5682 Maurum.
1526 5634 1597 5682 -_-—
1642 5604 1819 5682 Vatic.

214 5701 369 5756 quem
421 5676 619 5756 omnia,
662 5692 770 5756 e_tc.
808 5676 1082 5756 Hymnum
1122 5677 1394 5756 designari
1435 5676 1699 5756 arbitror,
1732 5677 1824 5746 qui

221 5747 370 5816 nunc
420 5754 621 5808 dicitur
670 5747 875 5806 Gloria'
918 5755 973 5805 in
1023 5747 1260 5805 excelsis
1302 5747 1413 5802 Deo
1460 5763 1479 5802 :
1528 5747 1819 5816 verbisque

306 5821 479 5899 pi.on
530 5826 930 5899 ἀναμάρτητος,
990 5820 1322 5899 respondere
1376 5819 1818 5899 in.__Latinorum

216 5886 556 5968 dbioiogiai
602 5886 845 5965 quoniam
891 5886 945 5947 tu
988 5886 1124 5948 soliis
1166 5900 1391 5947 sanctus.
1438 5888 1573 5946 [line
1601 5894 1654 5946 et
1682 5898 1814 5946 mss;

1923 4759 2089 4814 Isaias
2130 4757 2285 4827 juxta
2333 4757 2656 4811 Hebraicum
2688 4755 2898 4823 plorat,
2935 4763 2989 4813 et
3029 4754 3189 4811 dicit:
3230 4755 3320 4810 Va:
3350 4754 3528 4822 mihi,

1921 4851 2043 4921 quia
2074 4849 2214 4904 tacui
2242 4888 2257 4912 ,
2289 4847 2412 4917 quia
2438 4846 2705 4899 immunda
2748 4843 2939 4898 habens
2981 4844 3116 4899 fabia
3142 4888 3157 4912 ,
3186 4855 3235 4899 et
3274 4847 3329 4899 in
3358 4845 3530 4900 medio

1921 4942 2101 5017 populi
2130 4941 2401 4997 immunda
2430 4938 2664 4993 habentis
2708 4938 2849 4993 labia
2879 4938 3122 4993 habitans
3153 4978 3169 5004 ,
3201 4938 3307 4993 vidi
3340 4936 3530 4991 Domi-

1921 5056 2043 5095 num
2068 5034 2283 5093 sabaoth
2316 5033 2480 5089 oculis
2508 5033 2635 5087 meis
2663 5031 2821 5105 (fsai.
2845 5048 2993 5100 uvr,
3025 5032 3105 5104 5).
3139 5031 3235 5088 Ille
3262 5030 3525 5089 virtutum

1921 5132 2139 5200 merito,
2165 5128 2265 5186 Dei
2291 5126 2573 5184 fruebatur
2599 5134 2843 5197 aspectu,
2871 5134 2927 5182 et
2950 5123 3287 5183 conscientia
3318 5137 3514 5197 pecca~

1934 5317 2132 5389 nostri,
2159 5316 2249 5389 qui
2273 5315 2416 5370 solus
2437 5330 2489 5389 es
2515 5314 2625 5367 sine
2649 5311 3089 5389 peccatolegunt.

2009 5401 2031 5429 ο
2062 5383 2229 5459 Turpi
2255 5400 2445 5443 errore
2466 5384 2734 5459 hactenus
2760 5383 2997 5459 obtinuit
3035 5383 3288 5459 in_editis
3320 5394 3532 5459 propter

1931 5454 2193 5518 hominem
2202 5463 2425 5533 justum,
2438 5458 2737 5533 progistum,
2754 5454 3217 5533 quemadmodum
3235 5454 3532 5533 emendant

1932 5550 2065 5591 mss.
2094 5524 2267 5589 nosiri
2299 5573 2316 5600 ,
2346 5539 2403 5586 et
2431 5529 2728 5601 Scripturae
2758 5524 2937 5581 textus
2964 5526 3016 5580 in
3049 5525 3305 5581 omnibus
3330 5524 3533 5599 linguis

1929 5605 2267 5732 “ﬁgam
2297 5688 2471 5730 servus
2507 5672 2560 5728 in
2593 5685 2724 5726 mss.
2767 5668 2975 5726 nostris
3014 5668 3215 5725 rectius
3244 5670 3528 5732 desidera-

1927 5758 2284 5957 .kngjbro
2310 5816 2599 5875 Nominum
2631 5816 2699 5874 de
2724 5813 2947 5887 Aggaeo,
2978 5813 3407 5893 Do‘minijustus,
3425 5818 3531 5876 sine

1987 5904 2051 5944 81
2096 5904 2121 5945 ε
2180 5904 2257 5943 ιισι

1920 5902 2257 5945 sustineatur.
