4054 6342
601 398 703 453 3.65

1838 383 1896 438 S.
1938 377 2211 437 EUSEBH
2251 371 2642 435 illiillo-NW!

3781 361 3878 419 564

590 526 789 578 torum,
813 510 954 565 labia
983 523 1077 562 sua
1100 501 1696 564 fatebaturimmunda.
1724 500 1841 556 Non
1870 499 2012 572 quod
2033 499 2180 554 locu-
2208 503 2259 563 Α
2291 495 2482 551 Omnes
2545 496 2678 547 sicut
2729 509 2843 546 oves
2891 490 3172 543 cirarimus
3198 531 3211 554 ,
3262 497 3309 541 ct
3357 484 3587 539 omnium
3660 489 3876 536 nostrum

589 617 674 659 tus
704 612 853 660 esset
882 599 1270 672 aliquid,quod
1294 597 1555 654 voluntati
1587 594 1799 650 Domini
1829 599 2177 664 repugnaret,

582 698 680 754 sed
711 695 855 768 quod
886 695 1167 756 siluisset,
1202 691 1286 746 vel
1319 690 1533 754 timore,
1568 688 1649 742 vel
1684 687 1891 757 pudore
1918 683 2180 756 perterri-

587 801 672 845 tus
701 831 715 854 ,
745 803 844 842 nec
867 787 1141 857 arguisset
1163 785 1416 839 libertate
1444 781 1759 852 prophetica
1792 778 2048 848 populum
2086 776 2183 830 deo

581 885 949 952 linquentem.
978 879 1087 934 Nos
1114 889 1401 949 peccantes
1427 885 1450 911 ³
1483 873 1703 945 quando
1734 869 2180 941 Corripintus,qui

581 978 871 1034 adulamur
891 973 1183 1040 divitibus,
1218 980 1273 1026 et
1305 983 1563 1040 personas
1591 966 1890 1038 accipimus
1926 971 2181 1034 peccato—

583 1090 706 1128 rum
729 1113 745 1138 ,
775 1069 948 1142 turpis
977 1069 1107 1123 lucri
1138 1065 1348 1137 gratia?
1375 1063 1480 1118 nisi
1509 1063 1647 1117 forte
1677 1070 1787 1115 tota
1809 1060 1888 1114 eis
1912 1059 2181 1128 loquimur

587 1164 697 1237 [ΑΙ.
733 1159 1044 1233 loquamur]
1076 1157 1401 1214 confidentia
1428 1197 1443 1221 ,
1472 1169 1701 1225 quorum
1740 1152 1932 1222 opibus
1972 1149 2180 1219 indige-

580 1259 745 1310 mus?
793 1254 860 1310 L't
891 1253 1016 1309 talia
1051 1268 1159 1306 non
1181 1264 1407 1320 agamus
1452 1290 1465 1312 ,
1500 1256 1555 1300 ut
1580 1245 1951 1300 abstineamus
1982 1258 2080 1297 nos
2111 1241 2179 1295 ab

576 1347 728 1402 omni
758 1347 942 1418 specie
969 1356 1341 1418 peccatorum,
1364 1349 1512 1396 certe
1543 1355 1731 1395 verum
1767 1338 2022 1403 tacuisse,
2056 1351 2180 1406 pec-

581 1449 765 1496 catum
815 1450 919 1494 est.
977 1438 1314 1508 Quamquam
1361 1433 1504 1503 apud
1550 1432 1903 1504 Septuaginta
1954 1447 2058 1485 non
2109 1429 2181 1484 sit

577 1535 840 1603 scriptum
871 1572 886 1597 ,
936 1529 1073 1599 Quia
1101 1529 1240 1582 tacui
1269 1569 1284 1595 ,
1314 1527 1409 1582 sed
1437 1568 1454 1593 ,
1496 1527 1619 1597 quia
1651 1533 1984 1597 compunctus
2023 1539 2134 1577 sum
2161 1563 2175 1586 ,

576 1625 911 1682 conscientia
944 1624 1153 1679 scilicet
1181 1630 1528 1693 peccatorum
1548 1662 1562 1685 ,
1599 1629 1656 1674 ut
1684 1618 1813 1673 illud
1841 1615 2178 1686 compleatur

575 1721 996 1791 I’ropheticum:
1030 1717 1276 1772 Versatus
1299 1733 1414 1771 sum
1439 1717 1494 1770 in
1517 1714 1726 1768 miseria
1749 1755 1763 1780 ,
1793 1715 1920 1768 dum
1941 1713 2177 1785 infigitur

575 1813 705 1867 mihi
726 1810 1074 1885 spina(Psal.
1112 1827 1240 1864 xxst
1267 1852 1282 1877 ,
1322 1810 1403 1878 At).
1440 1809 1533 1863 llle
1572 1807 1780 1880 peccati
1831 1807 1986 1875 spina
2028 1818 2177 1859 com-

2285 587 2538 642 Dominus
2568 596 2778 658 peccata
2808 583 3028 652 portarit
3060 578 3218 651 (Isai.
3253 594 3343 634 uti
3369 620 3383 644 ,
3414 577 3494 649 6).
3523 575 3759 632 Intuitus
3800 583 3877 631 est

2285 683 2454 746 enim,
2487 698 2538 736 et
2567 681 2857 750 diligenter
2887 678 3156 747 inspexit,
3193 675 3504 745 nullumque
3531 671 3763 742 reperit,
3792 669 3876 740 qui

2281 775 2550 845 judicaret
2584 774 2766 844 juste,
2797 773 2888 842 qui
2921 789 3071 825 suam
3104 771 3158 824 iu
3183 768 3436 824 omnibus
3467 765 3672 820 faceret
3696 764 3877 818 volun-

2286 877 2473 922 tatem.
2507 867 2575 921 Et
2603 868 2804 920 idcirco
2845 864 3131 920 brachium
3174 860 3290 931 ejus
3341 858 3571 914 salutem
3620 855 3876 927 prtebuit,

2284 972 2338 1018 et
2385 963 2592 1031 justitia
2627 976 2722 1016 sua
2771 959 2998 1015 salvavit
3043 957 3260 1020 omnia,
3323 963 3380 1008 ut
3426 951 3604 1007 omnis
3652 947 3880 1004 mundus

2284 1057 2606 1126 Snbjiciatur
2660 1055 2808 1118 Deo,
2863 1063 2918 1108 et
2967 1053 3111 1106 illius
3152 1045 3443 1104 clementia
3502 1049 3874 1099 conservetur.

2285 1152 2508 1206 Fuimus
2530 1151 2673 1206 enim
2703 1148 2960 1202 immundi
2986 1161 3092 1199 non
3121 1141 3277 1214 pauci
3302 1184 3317 1207 ,
3350 1138 3445 1195 sed
3470 1152 3682 1193 omnes.
3721 1132 3880 1202 Quasi

2282 1262 2486 1318 pannus
2507 1253 2839 1298 nienstruatce
2859 1285 2873 1308 ,
2902 1250 3140 1309 reputata
3163 1246 3280 1291 sunt
3313 1235 3486 1288 omnia
3512 1234 3564 1286 in
3595 1231 3708 1305 lege
3731 1244 3879 1302 opera

2283 1352 2458 1393 nostra
2491 1336 2659 1406 (Isai.
2701 1352 2863 1400 thv,
2918 1335 3013 1404 6).
3048 1332 3129 1387 Ad
3175 1329 3480 1387 Jerusalem
3523 1327 3576 1380 in
3629 1323 3881 1380 Ezechiel

2283 1431 2520 1503 loquitur
2550 1431 2717 1486 Dens.
2771 1427 3006 1498 Perfecta
3037 1442 3151 1480 eras
3195 1425 3250 1478 in
3290 1423 3472 1476 decore
3511 1431 3620 1473 meo
3648 1415 3878 1491 (Ezech.

2281 1540 2396 1591 xw,
2429 1522 2544 1593 lt);
2576 1532 2629 1578 et
2656 1532 2743 1578 est
2772 1535 2987 1581 sensus,
3015 1534 3122 1572 non
3151 1517 3204 1572 iu
3239 1515 3346 1571 tuis
3376 1514 3656 1586 operibus,
3692 1511 3878 1567 nonin

2281 1626 2369 1671 tua
2420 1616 2790 1680 conscientia,
2843 1611 3130 1682 cordisque
3166 1607 3449 1682 iactantia;
3504 1603 3598 1662 sed
3653 1605 3707 1660 in
3759 1611 3881 1661 tneo

2280 1712 2480 1765 decore
2501 1753 2516 1775 ,
2544 1722 2651 1778 quo
2678 1717 2732 1762 te
2753 1704 2780 1743 ἀ
2803 1704 3093 1762 clementia
3118 1719 3238 1759 mea
3258 1701 3499 1757 libertate
3520 1698 3879 1753 donaveram.

2280 1805 2521 1874 Denique
2555 1805 2606 1857 in
2635 1800 3100 1871 consequentibus
3125 1797 3367 1868 loquitur
3385 1793 3449 1848 ad
3479 1807 3618 1858 eam,
3649 1788 3882 1861 quando

576 1906 867 1976 pungitur:
915 1915 969 1957 tu
1005 1904 1262 1956 virtutum
1296 1899 1521 1954 floribus
1565 1913 1764 1953 vernas
1800 1914 1812 1950 :
1846 1894 2131 1949 Erubescet
2160 1935 2175 1958 ,
2209 1904 2256 1964 Β
2284 1899 2526 1954 salvator
2559 1911 2666 1950 non
2694 1909 2794 1948 suo
2823 1892 3054 1956 merito,
3084 1889 3245 1961 775
3272 1886 3365 1942 sed
3404 1886 3519 1955 ejus
3565 1881 3887 1938 miserae-or-

573 1999 770 2068 inquit,
801 1998 926 2050 luna
958 2038 972 2063 ,
1012 2005 1059 2049 et
1104 1993 1452 2066 confundetur
1483 1995 1560 2046 sol
1587 2033 1602 2059 ,
1646 1990 1855 2059 quando
1898 1987 2178 2042 risitacerit

575 2095 829 2148 Dominus
858 2110 1015 2164 super
1044 2092 1285 2146 militiam
1327 2090 1442 2143 caeli
1480 2089 1531 2140 in
1570 2087 1784 2142 excelsis
1814 2084 1968 2157 (Isai.
2009 2099 2134 2138 xxiv
2161 2125 2177 2150 ,

569 2190 797 2262 27),!ioc
823 2198 908 2244 est
927 2186 1068 2259 quod
1087 2183 1252 2258 774
1267 2184 1318 2238 in
1341 2183 1451 2237 alio
1468 2183 1590 2237 loco
1612 2180 1873 2251 scriptum
1895 2188 1979 2234 est
1995 2196 2008 2231 ε
2025 2177 2177 2232 Astra

568 2300 767 2354 quoque
795 2298 898 2335 non
924 2291 1044 2334 sunt
1079 2278 1272 2332 munda
1301 2281 1352 2331 in
1387 2283 1668 2347 conspectu
1691 2274 1802 2345 ejus
1822 2289 1841 2327 .'
1873 2281 1947 2336 et,
1975 2270 2174 2324 Adver-

568 2393 684 2431 sum
711 2377 936 2450 Angelos
966 2390 1086 2428 suos
1107 2415 1121 2438 ,
1153 2387 1447 2444 perversum
1476 2369 1602 2441 quid
1631 2368 1816 2438 reperit
1847 2364 1990 2438 (Job.
2023 2379 2132 2418 xxv
2158 2405 2173 2428 ,

569 2469 603 2524 5
634 2513 648 2536 ,
678 2479 726 2524 et
757 2486 807 2525 iv
838 2511 852 2536 ,
890 2469 1000 2540 18).
1034 2467 1184 2522 Luna
1226 2464 1524 2528 erubescit,
1571 2462 1653 2518 sol
1695 2459 2048 2515 confunditur
2071 2498 2086 2524 ,
2120 2465 2177 2511 et

567 2563 766 2618 corium
800 2562 1045 2630 cperitur
1068 2558 1272 2624 cilicio,
1298 2567 1352 2612 et
1381 2573 1478 2611 nos
1511 2555 1767 2625 intrepidi
1793 2564 1955 2624 atque
1977 2553 2172 2606 laetan-

561 2665 643 2710 tes
664 2698 678 2719 ,
711 2656 862 2725 quasi
897 2655 1045 2708 omni
1076 2665 1361 2706 careamus
1393 2649 1548 2713 vitio,
1577 2661 1930 2701 occurremus
1971 2642 2175 2714 judicis

569 2745 866 2814 majestati,
899 2744 1114 2814 quando
1144 2743 1423 2797 tabesceut
1451 2749 1692 2802 montes,
1723 2738 1894 2792 erecti
1922 2734 2177 2789 videlicet

573 2837 626 2888 in
659 2834 1005 2902 superbiam,
1038 2845 1091 2888 et
1120 2835 1297 2889 omnis
1326 2832 1518 2888 militia
1545 2831 1806 2885 ctelorum
1833 2871 1848 2895 ,
1882 2827 1965 2882 vel
1996 2837 2168 2893 astra,

572 2925 656 2978 vel
679 2923 948 2993 Angelicze
969 2924 1289 2995 dignitates:
1315 2934 1369 2979 et
1395 2923 1863 2991 eomplicabuntur
1889 2918 2028 2974 sicut
2051 2918 2173 2973 libri

572 3018 696 3073 εαξη
724 3061 738 3086 ,
780 3027 834 3073 ct
857 3020 1033 3076 omnis
1063 3019 1342 3074 exercitus
1375 3033 1562 3074 eorum
1605 3017 1774 3071 instar
1801 3014 2050 3069 foliorum
2079 3013 2174 3069 de-

573 3115 727 3168 liuet.

641 3203 732 3258 25.
770 3201 864 3258 Dei
903 3203 1133 3277 justitia.
1165 3231 1234 3242 —
1269 3200 1539 3270 Quomodo
1566 3198 1688 3272 [AL
1731 3197 2017 3270 Quoniam]
2057 3197 2170 3251 ine-

2281 1993 2390 2047 dia.
2457 1989 2789 2046 Recordabar
2832 1988 2969 2060 pacti
3020 1985 3118 2040 mei
3165 1997 3330 2038 tecum
3357 1983 3408 2035 in
3456 1978 3631 2033 diebus
3675 1975 3883 2031 adoles-

2280 2087 2462 2141 centia:
2484 2094 2585 2139 tua:
2607 2126 2622 2149 ,
2658 2094 2705 2138 et
2733 2081 2992 2137 suscitabo
3028 2079 3117 2133 tibi
3157 2088 3364 2150 pectunt
3392 2073 3787 2136 sempiternum,
3829 2079 3882 2124 et

2278 2177 2630 2233 recordaberis
2657 2177 2853 2230 ciarum
2881 2185 3104 2236 tuarum,
3126 2182 3173 2227 et
3212 2170 3544 2240 confunderis
3575 2165 3738 2238 (Ibid.
3768 2164 3833 2220 60
3860 2207 3878 2231 ,

2278 2270 2393 2340 6|).
2429 2269 2496 2323 Et
2547 2268 2743 2323 iterum
2781 2287 2794 2322 :
2843 2266 3115 2322 Suscilabo
3157 2277 3361 2337 pactum
3408 2277 3575 2316 meum
3625 2271 3785 2314 tecum
3829 2266 3878 2312 et

2277 2365 2404 2418 scies
2432 2365 2553 2434 quia
2575 2379 2667 2434 ego
2694 2359 2952 2414 Dominus
2969 2402 2984 2429 ,
3026 2371 3079 2414 ut
3111 2358 3393 2412 recorderis
3420 2367 3466 2409 et
3497 2351 3833 2424 confundaris
3857 2393 3873 2416 ,

2276 2468 2322 2512 et
2349 2475 2448 2511 non
2479 2459 2548 2511 sit
2576 2458 2667 2510 tibi
2714 2457 2851 2510 ultra
2899 2455 3104 2525 aperire
3130 2469 3208 2519 os,
3257 2468 3365 2521 prae
3417 2451 3720 2518 confusione
3745 2458 3829 2501 tua
3855 2489 3870 2512 ,

2277 2568 2389 2604 cum
2423 2551 2568 2619 fuero
2617 2550 2854 2619 placatus
2895 2548 2984 2602 tibi
3031 2549 3084 2601 in
3123 2547 3358 2600 omnibus
3392 2557 3511 2615 qua!
3546 2542 3746 2612 fecisti,
3802 2541 3875 2594 ait

2276 2641 2532 2699 Dominus
2579 2642 2719 2698 Deus
2768 2641 2957 2716 (Ibid.,
3001 2641 3090 2705 62,
3121 2639 3237 2712 65).
3269 2637 3411 2694 Ecce
3458 2645 3647 2707 aperte
3688 2634 3872 2689 divino

2275 2755 2530 2795 sermone
2560 2747 2924 2804 monstratur,
2957 2736 3084 2808 quid
3117 2736 3170 2790 in
3221 2735 3327 2788 alio
3377 2733 3496 2786 loco
3531 2731 3772 2786 dixerit:
3807 2723 3871 2780 Et

2278 2836 2532 2890 inundans
2562 2847 2607 2888 te
2630 2851 2728 2887 non
2752 2833 2906 2904 faciet
2943 2833 3256 2884 innocentem
3287 2845 3305 2881 :
3335 2823 3475 2897 quod
3504 2823 3635 2894 justi
3665 2835 3871 2894 quoque

2277 2938 2327 2983 ct
2357 2938 2479 2998 post
2508 2937 2788 2998 peccatum
2842 2925 2894 2978 in
2929 2933 3124 2978 Statum
3181 2921 3469 2991 pristinum
3513 2916 3784 2980 restituti,
3813 2930 3868 2970 os

2274 3022 2491 3092 aperire
2540 3037 2645 3076 non
2693 3021 2964 3084 audeant,
3021 3017 3116 3073 sed
3171 3031 3291 3070 eum
3343 3012 3607 3083 Apostolo
3648 3010 3867 3065 dicant:

2283 3115 2386 3182 Qui
2407 3133 2508 3169 non
2533 3132 2647 3169 sum
2678 3115 2864 3185 dignus
2888 3114 3055 3166 vocari
3075 3107 3343 3181 apostolus
3362 3151 3374 3172 ,
3421 3106 3542 3178 quia
3576 3112 3869 3177 persecutus

2274 3227 2389 3264 sum
2419 3208 2704 3263 Ecclesium
2753 3205 2850 3261 Dei
2899 3203 3116 3276 (lCor.
3170 3219 3256 3268 xv,
3293 3201 3373 3271 9).
3432 3201 3673 3269 Denique
3723 3205 3779 3254 et
3820 3197 3869 3252 in

570 3297 770 3351 briutus
797 3308 888 3356 est.
926 3296 1133 3366 inquit,
1159 3301 1211 3348 in
1240 3295 1367 3348 ccelo
1397 3294 1601 3366 gladius
1630 3308 1804 3358 meus,
1834 3301 1879 3346 et
1913 3308 2049 3344 nunc
2079 3308 2166 3344 su-
2195 3289 2241 3354 C
2271 3302 2380 3356 alio
2407 3304 2529 3356 loco
2552 3317 2647 3371 per
2670 3299 2917 3355 eumdem
2950 3295 3267 3367 prophetam
3296 3293 3363 3349 ad
3393 3308 3487 3348 eos
3508 3335 3523 3360 ,
3554 3291 3646 3362 qui
3680 3290 3825 3346 imus
3844 3299 3866 3327 ο

567 3411 660 3464 per
691 3391 983 3446 ldumwam
1007 3391 1277 3446 descendet
1303 3388 1460 3462 (Isai.
1492 3404 1676 3454 xxxiv,
1710 3386 1789 3458 5).
1820 3386 2046 3442 Gladius
2073 3384 2171 3440 Dei

569 3488 872 3542 inebriatur
917 3487 969 3540 iu
1022 3486 1205 3549 cadis,
1236 3484 1274 3523 ιδ
1297 3495 1349 3538 et
1382 3495 1533 3538 tuum
1561 3483 1756 3537 solium
1786 3482 1890 3536 erit
1923 3483 1974 3535 in
2007 3495 2168 3536 sanc-

568 3585 720 3638 titate
747 3580 1039 3637 securum?
1067 3581 1124 3635 In
1166 3579 1456 3634 ldunueam
1481 3579 1808 3640 descendet,
1836 3591 1956 3646 quin
2002 3575 2170 3628 inter~

568 3682 844 3738 pretatur,
879 3671 958 3726 vel
992 3669 1327 3742 sanguinaria
1357 3666 1445 3722 vel
1473 3676 1676 3721 terrena
1709 3683 1721 3716 :
1754 3677 1808 3718 ut
1851 3663 2168 3734 prophetica

566 3769 887 3822 auctoritate
915 3766 1224 3828 discamus,
1260 3778 1479 3817 omnem
1512 3771 1712 3816 terram
1747 3757 1985 3828 indigere
2029 3757 2172 3829 judi-

568 3859 674 3912 cio.
710 3857 864 3913 Unde
892 3857 1140 3926 sequitur
1172 3872 1184 3908 :
1222 3854 1441 3908 Victima
1471 3851 1682 3906 Domini
1730 3852 1782 3904 in
1818 3849 2006 3914 Bosra,
2050 3864 2169 3920 quae

564 3952 987 4022 interpretatur,
1022 3966 1143 4004 caro
1165 3965 1183 4002 :
1215 3957 1259 4001 et
1291 3946 1577 4018 interfectio
1603 3947 1715 4017 ejus
1753 3944 1912 3996 multa
1935 3943 1990 3996 in
2035 3951 2169 3995 terra

566 4046 758 4116 Edoni,
791 4045 844 4103 id
873 4054 977 4110 est,
1009 4046 1062 4098 in
1085 4044 1338 4117 sanguine
1367 4039 1523 4112 (-Isai.
1544 4056 1730 4103 xxxw,
1754 4037 2000 4111 6),juxta
2027 4038 2172 4108 quod

568 4142 716 4210 ponit
746 4139 1081 4210 Apostolus:
1138 4136 1274 4192 Caro
1326 4145 1374 4189 et
1419 4135 1628 4207 sanguis
1673 4148 1887 4205 regnum
1920 4130 2016 4185 Dei
2067 4147 2166 4185 non

563 4233 895 4303 possidebunt
948 4231 1007 4298 (1
1058 4228 1180 4284 Cor.
1236 4245 1340 4294 xv,
1399 4226 1524 4298 50).
1585 4224 1676 4280 Va:
1726 4227 1813 4297 qui
1857 4225 2167 4279 contradicit

563 4326 734 4395 ﬁctori
753 4340 870 4393 suo,
900 4339 974 4379 vce
999 4325 1086 4393 qui
1108 4323 1234 4376 dicit
1262 4321 1418 4391 patri.
1443 4329 1495 4373 ut
1519 4321 1645 4390 quid
1679 4334 1759 4372 me
1787 4318 2089 4392 generasti?
2116 4327 2164 4372 et

561 4419 717 4471 matri
739 4458 753 4482 ,
783 4433 942 4489 quare
986 4433 1063 4470 me
1093 4415 1334 4488 peperisti
1367 4411 1521 4486 (Isai.
1553 4427 1677 4474 XLV,
1705 4410 1761 4473 9,
1793 4410 1921 4481 10)?
1955 4411 2068 4464 Hoc
2094 4410 2162 4466 ad

564 4522 663 4564 eos
693 4507 965 4577 pertinet,
995 4507 1088 4578 qui
1118 4508 1340 4572 dicunt,
1381 4519 1551 4574 quare
1577 4503 1698 4557 talis
1725 4501 1975 4557 conditus
2002 4518 2118 4556 sum
2141 4543 2158 4570 ,

565 4598 657 4667 qui
711 4612 817 4652 non
898 4612 1116 4668 possum
1163 4597 1216 4652 in
1273 4607 1594 4666 perpetuum
1643 4609 1839 4650 earere
1913 4604 2158 4666 peccato.

2275 3394 2709 3449 misericordiam
2761 3391 3043 3446 consecuti
3077 3399 3234 3454 sunt,
3295 3385 3533 3458 loquitur
3589 3386 3754 3440 Deus.
3805 3380 3868 3438 Et

2274 3485 2672 3539 recordabimini
2737 3485 2934 3537 viarum
2996 3492 3276 3535 vestrarum
3327 3489 3374 3533 et
3419 3479 3647 3532 omnium
3714 3477 3866 3531 scele-

2270 3591 2387 3627 rum
2430 3584 2744 3635 uestrorum,
2787 3574 2967 3643 quibus
3013 3571 3198 3643 polluti
3241 3571 3435 3636 eratis,
3480 3579 3527 3622 et
3580 3568 3867 3639 displicebit

2271 3665 2566 3738 vobis[Al.
2600 3665 2978 3739 displicebitis]
3020 3668 3071 3719 in
3113 3674 3388 3735 conspectu
3435 3673 3621 3728 vestro,
3669 3664 3723 3717 in
3745 3680 3868 3718 cun-

2272 3760 2369 3814 ctis
2393 3757 2611 3812 mulitiis
2634 3775 2762 3828 quas
2789 3760 2981 3829 fecistis
3000 3801 3013 3824 ,
3057 3769 3104 3812 et
3141 3759 3308 3812 scietis
3333 3758 3455 3830 quia
3474 3772 3569 3831 ego
3596 3755 3866 3824 Dominus,

2271 3867 2390 3904 cum
2454 3850 2749 3922 benefecero
2803 3851 2941 3904 vobis
3002 3860 3212 3922 pr0pter
3279 3865 3459 3904 nomen
3510 3863 3717 3912 meum,
3772 3864 3868 3904 non

2271 3943 2555 4000 secundum
2582 3947 2690 3999 uias
2730 3957 2924 4001 vestras
2970 3946 3154 4013 malas,
3187 3961 3345 4016 neque
3373 3945 3654 3999 secundum
3681 3944 3870 3998 scelera

2273 4050 2441 4095 restra
2473 4038 2952 4113 pessima(Ezech.
3007 4055 3117 4107 xx,
3169 4038 3262 4104 45,
3305 4039 3422 4108 44).
3470 4039 3869 4094 Erubescamus

2271 4147 2432 4206 atque
2459 4135 2729 4200 dicamus,
2757 4135 2901 4206 quod
2935 4135 3234 4206 loquuntur
3268 4131 3322 4187 bi
3354 4133 3444 4201 qui
3489 4133 3598 4204 jam
3646 4131 3867 4203 pralmia

2271 4228 2700 4284 consecutisunt
2725 4246 2738 4280 :
2765 4227 3052 4297 loquamur
3077 4235 3394 4297 peceatores
3429 4241 3590 4296 super
3629 4234 3864 4289 terram,

2270 4331 2324 4376 et
2367 4321 2418 4376 in
2473 4318 2653 4391 fragili
2706 4321 3034 4390 mortalique
3083 4334 3317 4390 corpore
3363 4317 3662 4380 constituti,
3714 4316 3863 4387 quod

2269 4425 2486 4470 sanctos
2535 4414 2782 4470 videmus
2839 4415 2890 4467 in
2927 4414 3079 4469 oculis
3126 4412 3331 4478 dicere,
3363 4413 3521 4468 etiam
3574 4411 3867 4481 incorrup-

2269 4509 2415 4563 tione
2443 4516 2496 4563 et
2545 4507 2958 4562 immortalitate
3011 4507 3261 4562 donatos.
3299 4505 3366 4560 Et
3398 4507 3567 4560 dicitis
3593 4547 3607 4570 ,
3651 4505 3859 4576 inquit,

2270 4617 2373 4654 non
2407 4609 2483 4655 est
2515 4611 2655 4653 recta
2682 4600 2767 4654 via
2794 4597 3006 4654 Domini
3029 4642 3045 4668 ,
3072 4617 3190 4654 cum
3219 4611 3397 4656 vestrm
3425 4600 3519 4654 via:
3544 4615 3720 4672 pravte
3764 4600 3862 4656 sint

564 4690 744 4760 Quare
775 4689 882 4747 tale
912 4706 1005 4748 vas
1031 4692 1249 4757 licium,
1281 4701 1340 4745 ut
1366 4704 1473 4746 non
1511 4687 1914 4743 adamantinum
1943 4701 2151 4759 perma-
2182 4667 2235 4728 Ῑ)
2263 4689 2476 4764 (Ezeclt.
2507 4691 2786 4763 xxxt,20).
2811 4690 2829 4729 τ
2856 4667 3256 4747 PhariSmorum
3278 4667 3858 4763 estlmesu'percilium,

558 4799 772 4851 nerem,
797 4783 892 4840 sed
916 4782 982 4839 ad
1010 4799 1226 4840 omnem
1259 4791 1460 4838 tactum
1497 4793 1516 4820 ε
1544 4780 1711 4836 ﬁctile
1737 4790 1900 4851 atque
1947 4779 2156 4853 fragile.

629 4999 656 5030 ⁸
685 4990 811 5047 Mss.
841 4999 1109 5060 peccantes
1137 4988 1420 5060 aliquando
1450 4987 1778 5060 corripimus,
1807 5002 1970 5060 teque
1989 4987 2148 5044 bene.

557 5063 762 5118 Verum
789 5057 947 5127 paulo
976 5061 1204 5115 inferius
1222 5057 1291 5113 ex
1319 5057 1891 5127 iisdem_pr:etulimus,
1924 5057 1992 5114 Ut
2025 5061 2151 5114 talia

567 5076 762 5118 verum
789 5076 947 5127 paulo
977 5076 1204 5115 Interius
1225 5076 1291 5113 ex
1320 5076 1508 5113 ttsuem
1572 5076 1862 5115 rtetmtmus

558 5150 665 5187 non
694 5147 932 5200 agamus,
955 5145 1076 5184 cum
1109 5139 1267 5184 antea
1298 5138 1464 5190 esset,
1503 5076 1573 5184 ili
1599 5129 1724 5193 alia,
1754 5141 1862 5186 etc.

631 5202 658 5240 ι)
689 5202 910 5256 Multum
936 5200 1170 5255 diversis
1201 5200 1400 5260 verbis.
1421 5201 1769 5256 concinniore
1795 5203 1957 5257 etiam
1983 5218 2148 5259 sensu

558 5275 761 5348 habent
793 5272 1128 5348 mss._uostri
1159 5281 1206 5326 et
1247 5271 1303 5328 in
1331 5281 1423 5329 tua
1450 5273 1618 5331 solum
1643 5274 1739 5334 erit
1768 5275 2040 5330 sanctitate
2057 5279 2146 5348 je-

547 5345 756 5419 junus?
782 5342 849 5399 In
879 5344 1194 5419 ldumteam,
1224 5353 1332 5400 etc.

632 5430 654 5457 ε
687 5417 815 5473 Mss.
865 5417 933 5471 ad
964 5431 1165 5471 munem
1206 5427 1395 5470 tactum
1421 5415 1602 5472 inutile
1639 5426 1791 5485 atque
1836 5415 2109 5486 frangibile
2131 5434 2150 5472 :

551 5488 648 5612 :lili
669 5531 684 5554 ,
711 5503 743 5544 e
768 5489 970 5559 quibus
1010 5503 1150 5544 unus
1197 5487 1491 5544 Vaticanus
1515 5525 1531 5554 ,
1583 5487 1732 5558 futile
1776 5495 1925 5556 atque
1951 5488 2150 5557 frangi-

592 5577 605 5612 ι
633 5577 678 5612 e.

592 5577 678 5614 ile.

629 5627 655 5668 δ
685 5629 838 5687 Unus
858 5629 1026 5686 Vatic.
1047 5671 1062 5696 ,
1093 5647 1194 5702 quo
1235 5641 1284 5684 te
1304 5628 1582 5702 clementia
1605 5641 1732 5682 mea
1758 5625 2016 5694 libertate,
2045 5636 2150 5684 etc.

553 5701 711 5762 alius,
735 5701 1016 5753 clementia:
1039 5717 1163 5755 mete
1193 5701 1519 5764 liberalitate,
1550 5708 1658 5753 etc.

634 5779 656 5806 ε
686 5768 838 5823 Unus
863 5769 1134 5836 Vatican.,
1167 5771 1318 5825 illius
1340 5769 1696 5825 misericordia
1709 5773 2147 5830 conservatisunt.

563 5837 684 5889 Mox
708 5852 788 5911 ex
835 5840 1086 5911 omnibus
1133 5850 1178 5893 et
1214 5842 1658 5911 rrecordabimini,
1704 5843 1852 5911 juxta
1894 5843 2144 5901 Graecum

563 5908 910 5970 μνησθήσεσθι
937 5947 952 5978 ,
1009 5910 1351 5982 reposuimus
1390 5926 1513 5970 cum
1560 5908 1837 5986 Victdrio,
1893 5931 1990 5988 pro
2039 5930 2146 5988 quo

2266 4795 2322 4838 ut
2355 4794 2577 4855 peccata
2605 4784 2838 4856 propria:
2869 4785 3160 4842 voluntatis
3185 4785 3426 4842 referant
3453 4785 3521 4840 ad
3548 4784 3859 4842 Conditoris

2261 4991 2510 5074 Martian.
2551 4995 2927 5074 recordamini.
2963 4994 3349 5074 adnotandum
3393 4997 3496 5052 hoc
3545 4998 3670 5053 loco
3703 4999 3857 5056 Pela-

2257 5065 2448 5140 gianos
2473 5066 2561 5140 qui
2605 5065 2672 5140 in._
2692 5067 2776 5140 die
2805 5067 2998 5140 judicii
3041 5069 3228 5140 iniquis
3269 5079 3315 5122 et
3358 5071 3713 5140 peccatoribus
3758 5088 3858 5126 non

2259 5133 2576 5217 parcendum
2621 5133 2891 5217 dicebant,
2930 5136 3050 5193 ideo
3076 5133 3452 5217 eottfutari'ab
3473 5211 3484 5217 Α
3504 5139 3853 5212 Hieronymo,

2258 5205 2590 5289 quod-inter
2631 5209 2945 5289 graviorum
2993 5221 3046 5264 et
3094 5211 3355 5264 leviorum
3377 5211 3680 5289 _eulparum
3713 5205 3855 5268 'reos

2259 5291 2364 5352 non
2393 5276 2808 5352 distinguerent.
2837 5279 2960 5336 Vid.
2993 5297 3113 5352 qua).
3150 5298 3312 5349 supra
3341 5276 3720 5352 observamus.

2339 5348 2354 5386 τ
2388 5348 3522 5431 ᾼυοιιιτροιιδιὶιιιιίοιιιεξηΑρθὲιωιὶςθιιιιιι
3550 5351 3594 5431 Ι..
3614 5369 3770 5420 vt,c.
3797 5354 3850 5419 6,

2259 5418 2562 5501 Pharisaeos
2594 5421 2856 5501 Fortuna:
2884 5438 2949 5480 ac
2995 5418 3319 5501 Fatn'opera
3353 5418 3694 5501 peccantium
3722 5418 3853 5501 dicit

2257 5491 2557 5565 ascribere.
2585 5492 2854 5563 Joscplms
2898 5510 3027 5550 vero
3061 5491 3277 5565 Antiqq.
3307 5491 3399 5550 sin
3419 5537 3432 5554 .
3471 5494 3534 5560 9,
3564 5504 3618 5549 et
3647 5511 3771 5564 xw,
3793 5495 3849 5562 2,

2263 5562 2515 5645 quaedam
2555 5562 2810 5645 humana,
2841 5566 3123 5645 autetiam
3162 5562 3340 5621 omnia
3393 5565 3524 5621 Fato
3568 5562 3788 5634 quidem
3819 5581 3848 5622 ι

2264 5631 2559 5715 Pltaristeis
2579 5637 2739 5715 tribui
2782 5635 3003 5715 fatetur,
3035 5638 3107 5692 ita
3134 5645 3323 5715 tamen
3343 5650 3397 5690 ut
3431 5631 3661 5692 liberum
3706 5637 3849 5693 arbi-

2255 5707 2419 5785 trium
2451 5707 2559 5760 tolli
2592 5707 2847 5785 nollent._
2876 5708 3000 5785 Sed
3042 5719 3148 5762 tam
3197 5708 3430 5776 implexa
3489 5724 3684 5785 eorum
3725 5724 3849 5785 seu:

2250 5777 2421 5855 t‘eznia
2447 5787 2608 5855 (πξιι.⁸
2631 5788 2687 5855 ut
2717 5779 2908 5855 merito
2938 5778 3302 5855 Hieronymus
3349 5790 3579 5855 asserat,
3619 5779 3742 5834 illos
3771 5777 3838 5836 ad

2247 5841 2555 5974 fdiqglsiéoris
2595 5848 2848 5920 injuriam
2889 5852 3123 5928 propriae
3146 5841 3473 5923 'voluntatls
3502 5841 3727 5940 peccata
3757 5864 3845 5912 r0-

2337 5933 2462 5976 ISSG.
3512 5933 3517 5940 ‘

4001 1825 4008 1904 1

4005 2271 4011 2336 1
