4054 6358
171 351 290 413 565

1105 357 1450 416 DIALOGUS
1487 353 1860 412 ADVERSUS
1897 349 2353 410 PELAGI.\NUS.
2401 355 2531 410 LIB.
2573 355 2640 409 ll.

3395 357 3500 415 566

173 473 490 546 injuriam,
545 488 602 536 et
651 479 796 534 illius
841 480 1099 550 justitiam
1149 476 1568 533 calumnieutur.
1606 475 1798 531 Sacer-

1903 465 2060 538 777
2095 465 2351 538 pra-ferat
2392 468 2534 523 vitm.
2587 467 2820 524 Noverat
2854 469 2998 532 enim
3028 469 3223 526 vulnus
3251 488 3404 526 suum
3445 484 3502 529 et

169 569 354 628 dotes
386 574 576 647 templi
628 574 862 652 mystici,
919 574 1059 644 quod
1109 573 1498 646 interpretatur
1526 568 1792 633 Ecclesia,

169 661 281 717 ﬂlii
337 664 592 729 Sadocb,
621 681 741 721 cum
783 666 1117 722 vestimentis
1146 665 1430 719 ministerii
1484 677 1589 717 non
1638 674 1795 730 egre-

167 754 428 813 diuntur
481 758 548 813 ad
603 759 894 830 populum,
953 776 1019 813 ne
1096 759 1329 812 humana
1384 753 1798 811 conversatione

163 849 525 906 sanctiﬁcati
553 853 892 907 maculentur
919 852 1132 924 (Ezetlt.
1168 850 1335 920 xciv).
1367 849 1430 904 Et
1461 849 1592 903 tuin
1618 847 1797 902 medio

165 941 358 1012 vulgi,
395 959 649 1015 unusque
677 945 744 998 de
775 927 975 1015 populo
1000 942 1259 998 mundum
1287 956 1408 997 esse
1440 951 1490 995 te
1516 938 1729 996 credis?

248 1035 354 1090 26.
408 1035 496 1092 Ex
517 1036 767 1092 Jcremia.
794 1070 865 1079 —
888 1037 1179 1094 Jeremiam
1218 1035 1534 1106 prophetam
1568 1035 1801 1089 breviter

165 1140 604 1197 percurrentes,
628 1146 792 1188 sensu
823 1133 997 1202 magis
1023 1146 1185 1201 quam
1211 1145 1462 1185 sermone
1489 1142 1793 1197 carpamus.

167 1219 445 1291 Circuite,
479 1226 670 1295 inquit,
714 1227 766 1280 in
811 1227 1028 1280 exitibus
1059 1224 1370 1288 Jerusalem,
1416 1234 1464 1277 et
1494 1224 1705 1294 qurerite
1746 1223 1795 1277 in

165 1311 379 1383 plateis
411 1318 527 1387 ejus
767 1319 932 1371 sicubi
961 1318 1184 1386 reperire
1220 1316 1452 1386 poteritis
1495 1317 1681 1382 virum,
1710 1315 1799 1385 qui

153 1407 337 1475 juxta
351 1407 625 1478 justitiam
655 1411 786 1462 vivat
817 1419 866 1465 et
891 1409 1076 1481 ﬁdem,
1119 1418 1165 1462 et
1201 1424 1286 1461 ero
1334 1408 1588 1479 prepitius
1633 1423 1795 1479 prop-

163 1505 253 1550 ter
287 1514 418 1551 eum
468 1497 698 1570 (Jerem.
727 1516 781 1568 v,
817 1500 886 1570 ι).
938 1499 1180 1565 Quamvis
1223 1499 1358 1554 enim
1385 1499 1560 1552 dicunt
1590 1516 1608 1551 :
1662 1497 1798 1551 Vivit

164 1588 471 1658 Dominus,
520 1592 1106 1665 fraudulenterjurant,
1138 1603 1182 1646 et
1211 1591 1306 1646 hoc
1346 1593 1514 1662 ipsum
1554 1591 1607 1644 in
1650 1605 1793 1644 men-

163 1680 359 1736 dacio.
427 1683 639 1757 (Jerem.
699 1700 796 1750 vn,
847 1687 902 1752 8,
934 1687 1016 1758 9).
1051 1685 1272 1741 Refutat
1311 1693 1655 1756 peccatorum
1701 1701 1793 1740 sa-

163 1773 389 1826 criﬁcia
429 1790 442 1826 :
485 1775 785 1830 vescendas
816 1785 840 1811 ἰ
869 1777 1110 1832 detrahit
1152 1775 1511 1830 offerentibus
1564 1775 1790 1843 hostias,

1898 558 2194 628 potentiam
2240 559 2380 630 ejus,
2413 576 2574 631 quem
2601 561 2782 617 celare
2810 562 2942 616 nihil
2975 572 3174 632 potest,
3211 564 3300 636 qui
3328 564 3502 634 loqui-

1901 661 1986 707 tur
2019 663 2041 690 ο
2078 665 2173 721 per
2212 651 2588 723 Prophetam':
2635 653 2778 710 Deus
2811 659 3239 728 appropinquans
3278 675 3411 732 ego,
3457 667 3505 714 et

1895 759 1999 796 non
2020 744 2206 812 procul
2231 744 2250 814 (
2272 745 2469 799 Jerem.
2505 761 2661 812 χχιιι,
2694 745 2765 801 25
2787 745 2827 817 ).
2855 747 2954 814 Qui
3002 749 3146 803 enim
3185 749 3384 806 coelum
3418 765 3506 806 re-

1899 837 2010 907 plet
2038 847 2091 890 et
2118 845 2351 904 terram,
2407 838 2583 893 nullus
2632 847 2808 908 potest
2859 839 3031 894 vitare
3064 840 3185 911 ejus
3215 841 3498 906 notitiam,

1897 936 1951 982 et
1973 927 2155 983 eordis
2184 928 2390 983 occulta
2418 929 2617 984 celare.
2649 929 2749 998 Qui
2801 939 3072 985 scrutatur
3125 947 3305 1001 renes,
3338 935 3504 988 intro-

1898 1020 2078 1092 spicit.
2111 1020 2182 1075 Et
2221 1031 2277 1076 ut
2323 1023 2556 1078 sciamus
2602 1023 2698 1078 Dei
2750 1039 2872 1078 esse
2923 1024 3120 1080 bonum
3169 1042 3328 1082 omne
3355 1026 3500 1097 quod

1897 1115 2140 1184 gerimus
2167 1133 2179 1168 :
2210 1116 2354 1190 Ego,
2404 1119 2603 1189 inquit,
2637 1119 2882 1190 plantabo
2927 1137 3011 1174 eos
3037 1163 3052 1188 ,
3080 1131 3137 1176 ut
3174 1139 3498 1195 nequaquam

1900 1208 2227 1262 erudirentur
2248 1251 2262 1273 ,
2291 1219 2338 1263 et
2357 1226 2448 1281 ego
2473 1211 2605 1265 dabo
2640 1212 2714 1267 eis
2735 1213 3095 1283 cogitationem
3120 1224 3165 1268 el
3187 1231 3411 1283 sensum,
3443 1225 3500 1270 ut

1901 1297 2195 1370 intelligant
2220 1316 2296 1352 me
2321 1298 2535 1368 (Jerem.
2571 1317 2724 1368 xxiv,
2750 1301 2804 1368 6,
2833 1302 2911 1374 7).
2933 1303 2988 1359 Si
3016 1305 3275 1375 cogitatio
3305 1315 3501 1361 etsen-

1900 1403 1995 1444 sus
2041 1388 2235 1444 dantur
2276 1407 2306 1446 a
2351 1392 2481 1458 Deo,
2529 1405 2582 1447 et
2611 1394 2917 1450 intellectus
2963 1397 3176 1451 Domini
3216 1413 3284 1453 ex
3317 1398 3495 1464 illius,

1900 1483 1987 1552 qui
2020 1483 2324 1540 noscendus
2368 1495 2472 1550 est,
2504 1486 2686 1542 radice
2712 1487 2962 1556 pullulat,
2996 1488 3088 1544 ubi
3117 1498 3201 1545 est
3231 1489 3383 1545 liberi
3411 1507 3499 1545 ar-

1896 1573 2045 1628 bitrii
2078 1583 2284 1629 tantum
2312 1577 2541 1647 superba
2587 1579 2849 1648 jactatio?
2901 1579 3161 1636 Volumus
3192 1581 3332 1638 scire
3363 1598 3496 1638 con-

1897 1665 2157 1722 ditionem
2210 1679 2490 1736 nostram,
2543 1670 2827 1725 audiamus
2889 1671 3192 1728 historiam.
3249 1673 3494 1730 Joachim

1898 1779 1992 1818 rex
2025 1764 2184 1830 Juda,
2209 1765 2500 1836 cunctique
2526 1767 2659 1822 socii
2703 1766 2820 1836 ejus
2849 1776 2901 1822 et
2929 1769 3201 1841 principes
3227 1770 3377 1840 ejus,
3404 1787 3499 1826 au-

165 1866 376 1924 dicens
426 1882 508 1934 se
539 1883 645 1924 ηοη
694 1870 984 1925 mandasse
1024 1869 1273 1942 pan-ibus
1319 1883 1529 1936 eorum,
1576 1866 1793 1937 quando
1828 1871 1869 1930 Β
1899 1851 2025 1909 ditis
2077 1856 2421 1912 sermonibus
2470 1855 2648 1922 Urina,
2704 1857 2996 1914 voluerunt
3059 1861 3307 1918 occidere
3372 1879 3494 1919 cum

166 1961 372 2017 eduxit
431 1977 531 2018 eos
557 1964 625 2020 de
657 1973 799 2019 terra
831 1963 1075 2036 Egypti,
1106 1973 1162 2017 ut
1192 1962 1454 2018 offerrent
1484 1959 1791 2031 hujusmodi

163 2056 484 2112 sacriﬁcia.
519 2057 634 2114 Non
677 2060 824 2114 enim
855 2059 1133 2114 voluntate
1159 2099 1174 2128 ,
1204 2057 1299 2112 sed
1332 2057 1598 2111 idolorum
1644 2068 1795 2109 com-

163 2151 478 2219 paratione
510 2150 818 2215 mandavit,
880 2151 1089 2207 malens
1141 2150 1244 2205 sibi
1299 2148 1480 2203 olferri
1516 2147 1792 2214 victimas,

159 2257 337 2312 quam
367 2243 739 2298 daemonibus.
773 2243 977 2299 Omnes
1003 2252 1353 2298 recesserunt
1380 2241 1446 2295 ab
1477 2255 1544 2296 eo
1564 2283 1577 2308 ,
1612 2239 1793 2296 nullus

161 2343 254 2390 est
285 2336 386 2405 qui
419 2336 682 2406 loquatur
713 2337 876 2402 bona,
907 2346 961 2392 et
987 2347 1108 2405 agat
1141 2335 1518 2406 paenitentiam
1560 2333 1626 2389 de
1668 2348 1795 2404 pce-

164 2428 314 2484 catis
373 2427 522 2483 suis.
575 2429 893 2501 Sequuntur
939 2432 1189 2500 proprias
1242 2429 1580 2493 voluntates,
1640 2425 1793 2497 quasi

167 2535 350 2591 equus
415 2532 706 2592 promptus
759 2522 826 2578 ad
884 2522 1155 2594 przclium.
1211 2520 1503 2576 lnteudunt
1552 2520 1792 2590 linguam

168 2625 327 2666 suam
380 2612 548 2684 quasi
598 2627 785 2668 arcum
819 2631 831 2664 :
866 2614 1204 2669 mentiuntur
1228 2615 1406 2668 omnia
1430 2655 1443 2680 ,
1475 2623 1531 2667 et
1575 2628 1680 2667 non
1712 2615 1796 2665 est

168 2703 224 2757 in
256 2703 342 2758 eis
374 2704 608 2758 veritas.
644 2704 955 2760 Amicorum
986 2720 1200 2775 quoque
1249 2702 1519 2758 cavendas
1566 2701 1794 2757 insidias

172 2795 457 2866 praecipit,
518 2804 574 2850 et
624 2796 756 2851 nulli
809 2797 1034 2852 credere
1086 2797 1482 2866 proximorum.
1537 2795 1792 2866 Singulos

171 2888 320 2944 enim
356 2887 618 2944 insidiari
665 2891 874 2949 amicis.
907 2902 960 2946 et
991 2891 1210 2945 fratrem
1233 2906 1263 2944 a
1292 2890 1458 2944 fratre
1486 2889 1686 2958 decipi,
1738 2900 1792 2950 et

171 2980 277 3035 hoc
306 2981 503 3037 facere
531 2996 638 3035 nou
670 2991 876 3037 natura:
901 2983 1065 3048 tnalo,
1096 2982 1188 3037 sed
1222 2982 1440 3054 propria
1473 2983 1787 3039 voluntate:

171 3073 304 3143 quia
384 3072 701 3128 docuerunt
748 3075 986 3145 linguam
1061 3089 1212 3128 suam
1298 3075 1680 3139 mendacium,
1738 3084 1792 3131 et

173 3164 335 3235 proni
357 3162 618 3220 feruntur
644 3165 707 3219 ad
737 3165 1082 3236 injustitiam.
1113 3166 1174 3221 Si
1202 3164 1468 3235 zEtltiops,
1497 3167 1593 3232 ait,
1623 3176 1793 3221 muta-

1896 1948 2122 2020 (Jerem.
2157 1953 2332 2020 xxvr).
2363 1949 2520 2018 Quod
2543 1967 2664 2006 cum
2689 1951 2782 2007 ille
2814 1951 3116 2020 didicisset,
3148 1955 3346 2010 timore
3375 1972 3498 2025 per-

1895 2045 2120 2099 territus
2169 2043 2304 2115 fugit
2359 2045 2412 2100 in
2464 2044 2779 2120 Egyptum.
2809 2046 2919 2102 Cur
2965 2057 3198 2103 mortem
3243 2050 3494 2118 timebat,

1894 2136 1985 2206 qui
2018 2136 2311 2206 explicavit
2340 2140 2664 2193 sententiam
2694 2139 2932 2206 Domini,
2980 2149 3034 2196 et
3063 2142 3154 2212 qui
3186 2156 3216 2195 a
3261 2156 3320 2196 se
3352 2157 3496 2196 nun-

1897 2227 2015 2282 tiari
2061 2228 2273 2282 Domini
2302 2241 2528 2286 noverat
2573 2232 2948 2288 voluntatem?
2993 2232 3361 2306 Dedignamur
3400 2249 3498 2305 per

1895 2321 2105 2391 singula
2134 2321 2396 2376 auxilium
2425 2322 2545 2390 Dei,
2577 2334 2630 2380 et
2660 2325 2728 2379 ad
2749 2324 2897 2380 illius
2927 2334 3116 2381 nutum
3166 2337 3359 2382 cuncta
3405 2343 3491 2398 ge-

1896 2427 2016 2467 rere
2047 2415 2369 2485 negligimus
2391 2457 2407 2481 ,
2453 2432 2575 2471 cum
2610 2417 2847 2488 legamus
2877 2430 3093 2476 sanctos
3121 2420 3298 2488 viros,
3331 2421 3493 2476 etiam

1896 2506 2172 2562 hominum
2199 2507 2498 2578 indiguisse
2532 2510 2821 2580 praesidio?
2845 2512 3185 2568 Periclitatur
3207 2513 3475 2570 Jeremias

1895 2607 1949 2654 et
1990 2601 2270 2656 manifeste
2305 2603 2538 2667 dicitur,
2585 2605 2729 2674 quod
2768 2604 2974 2659 auxilio
3019 2606 3071 2661 ei
3113 2605 3276 2662 fuerit
3304 2620 3495 2661 manus

1893 2693 2117 2748 Abicam
2165 2695 2260 2749 lilii
2312 2695 2549 2766 Sapban,
2606 2713 2673 2752 ne
2717 2698 3024 2754 traderetur
3066 2699 3119 2754 iu
3169 2707 3491 2771 potestatem

1893 2787 2065 2857 vulgi,
2098 2796 2153 2842 et
2173 2789 2497 2845 obrueretur
2522 2789 2811 2861 lapidibus.

1961 2880 2053 2935 9.8.
2084 2880 2349 2955 Evangelii
2389 2885 2657 2956 gratia.—-
2683 2884 2919 2940 Abolitis
2950 2883 3086 2956 legis
3117 2885 3482 2949 crrrcmoniis,

1893 2986 1946 3028 et
1968 2972 2106 3028 duro
2131 2975 2374 3043 pondere
2422 2983 2668 3032 veterum
2722 2987 3144 3046 praeceptorum,
3200 2977 3492 3047 repromit-

1897 3066 2029 3121 titur
2045 3067 2320 3138 Evangelii
2345 3067 2544 3138 gratia,
2574 3069 2860 3140 legemque
2885 3069 3150 3126 Dominus
3177 3069 3487 3135 pollicetur,

1895 3170 1952 3214 ut
1979 3175 2168 3215 omnes
2207 3176 2330 3215 eum
2381 3161 2680 3217 noverinta
2714 3161 2942 3216 minimo
2990 3177 3164 3233 usque
3211 3161 3276 3216 ad
3311 3161 3490 3216 maxi-

170 3257 302 3311 tterit
329 3255 530 3327 pellent
557 3273 738 3322 sitam,
769 3266 815 3310 et
845 3257 1037 3324 pardus
1064 3256 1355 3310 varietatem
1401 3273 1563 3320 suam,
1610 3266 1656 3310 et
1703 3271 1789 3312 vos
1818 3253 1862 3316 C
1897 3269 2066 3319 munt,
2098 3254 2284 3310 dicens
2317 3273 2331 3310 :
2357 3254 2627 3310 Dimittunt
2656 3267 2867 3326 peccata
2907 3274 3105 3324 eorum,
3139 3267 3185 3312 et
3232 3258 3488 3329 iniquita-

171 3347 416 3413 poteritis
449 3349 626 3417 facere
665 3345 853 3399 bonum
873 3386 887 3408 ,
918 3363 1033 3400 cum
1062 3345 1350 3400 didiceritis
1390 3347 1565 3419 mala(
1594 3344 1785 3401 Jerem.

167 3450 289 3501 χιιι,
319 3434 442 3507 (25).
485 3435 626 3505 Ergo
655 3436 810 3506 pellis
840 3435 1148 3507 Ethiopica
1180 3447 1234 3492 et
1282 3437 1569 3508 pardorum
1611 3439 1787 3494 varie-

169 3535 272 3593 tas,
323 3527 644 3598 disciplina:
698 3539 801 3596 est,
852 3547 958 3584 non
1009 3542 1244 3598 natura},
1298 3548 1417 3600 quae
1464 3532 1692 3589 docetur
1733 3541 1789 3588 et

169 3618 400 3677 discitur
449 3641 461 3674 :
517 3633 694 3678 tamen
753 3624 954 3679 auferri
1013 3641 1119 3680 non
1165 3636 1342 3696 potest
1371 3627 1552 3681 vitium
1608 3627 1786 3682 inoliti

173 3715 320 3783 ntali,
360 3717 474 3772 nisi
511 3732 606 3787 per
635 3735 780 3784 cum,
813 3721 894 3773 «ui
927 3721 1103 3774 omnia
1137 3721 1412 3790 possibilia
1440 3730 1588 3776 sunt.

237 3810 332 3865 27.
385 3811 555 3868 Unde
584 3813 820 3884 loquitur
848 3813 915 3869 ad
944 3830 1089 3880 cum,
1118 3815 1208 3886 qui
1239 3816 1388 3869 solus
1417 3831 1575 3870 verus
1608 3813 1783 3870 medi-

173 3915 265 3956 cus
287 3916 408 3959 est:
441 3903 596 3960 Sana
615 3921 714 3972 me,
746 3905 987 3973 Domine,
1012 3916 1057 3961 et
1089 3907 1553 3962 sanabansalvum
1573 3923 1651 3960 me
1674 3907 1779 3976 fac,

174 3995 424 4067 Domine,
457 4011 516 4054 et
547 4002 719 4056 salvus
744 4011 935 4055 ero:tu
955 4018 1010 4054 es
1040 4001 1207 4073 gloria
1233 4001 1343 4072 [AL
1370 4000 1634 4073 gloriatio]
1669 4018 1781 4055 mea

175 4098 222 4142 et
257 4107 374 4160 spes
407 4107 528 4147 mea
567 4090 803 4161 (Jerem.
844 4104 1017 4156 xxvtt,
1055 4089 1120 4143 14
1141 4092 1181 4160 ).
1235 4091 1291 4146 Si
1323 4094 1465 4146 enim
1495 4091 1561 4145 ad
1592 4092 1784 4146 condi-

178 4181 380 4239 tionem
413 4199 592 4240 meam
621 4182 1108 4251 infelicitatemquc
1132 4185 1440 4253 respiciam,
1472 4185 1608 4239 nihil
1635 4185 1779 4241 aliud

183 4276 282 4330 nisi
336 4277 443 4332 hoc
497 4292 716 4347 possunt
770 4274 911 4343 loqui
941 4291 952 4325 :
980 4271 1008 4310 ι)
1044 4273 1351 4328 Maledictus
1385 4277 1535 4330 homo
1566 4279 1654 4347 qui
1684 4295 1780 4332 un-

180 4370 443 4423 uuntinvit
471 4370 612 4438 patri
639 4383 774 4433 meo,
814 4365 986 4419 dicens
1011 4382 1024 4417 :
1060 4364 1194 4420 Ecce
1221 4376 1371 4422 natus
1393 4378 1462 4422 est
1490 4370 1579 4422 tibi
1609 4385 1733 4436 puer
1759 4386 1778 4426 .'

181 4459 272 4528 fiat
305 4460 461 4514 homo
501 4461 592 4516 ille
637 4460 823 4515 similis
874 4458 1114 4523 urbibus,
1161 4475 1283 4526 quas
1323 4458 1562 4514 subvertit
1613 4460 1775 4519 Deus.

185 4550 361 4616 Quare
391 4555 524 4607 enim
562 4555 614 4606 in
645 4553 793 4607 vulva
824 4569 925 4607 non
955 4553 1128 4607 statim
1157 4551 1319 4620 perii,
1352 4562 1398 4605 et
1429 4553 1608 4624 fuisset
1651 4556 1777 4609 mihi

182 4645 482 4716 sepulcrum
511 4657 669 4702 mater
697 4663 835 4716 mea,
863 4657 913 4702 et
942 4647 1091 4701 vulva
1118 4647 1228 4718 ejus
1252 4646 1485 4717 infernus
1509 4648 1778 4718 sempiter-

1893 3357 2003 3401 tum
2029 3349 2240 3403 illorum
2273 3350 2410 3404 ultra
2435 3367 2629 3404 memor
2665 3368 2769 3406 non
2801 3368 2909 3406 ero.
2943 3351 3115 3421 Quam
3167 3361 3351 3409 autem
3390 3352 3490 3405 ha-

1893 3439 2107 3494 buerint
2138 3440 2309 3494 sancti
2343 3441 2442 3494 viri
2472 3442 2526 3495 in
2569 3442 2686 3512 lege
2716 3443 2890 3497 veteri
2915 3441 3205 3512 justitiam,
3235 3441 3488 3511 sequenti

1890 3544 2145 3584 sermone
2168 3529 2540 3585 demonstrat:
2568 3529 2698 3586 Filii
2714 3531 2905 3600 Israel,
2929 3544 2974 3586 et
2998 3531 3099 3602 ﬁlii
3123 3531 3266 3585 ludo
3293 3531 3487 3600 iniqui-

1889 3632 2044 3678 tatem
2066 3624 2232 3694 fecere
2258 3635 2563 3696 perpetuam
2593 3626 2648 3679 in
2694 3636 2974 3695 conspectu
3007 3641 3120 3679 meo
3146 3639 3165 3680 .°
3197 3625 3262 3678 ab
3306 3621 3488 3677 adole-

1886 3719 2076 3772 scentia
2129 3735 2223 3773 sua
2280 3735 2441 3790 usque
2494 3718 2560 3772 ad
2609 3719 2743 3774 diem
2801 3728 3102 3790 praesentem
3131 3760 3146 3786 ,
3203 3725 3251 3771 et
3304 3718 3484 3772 civitas

1885 3811 2177 3866 Jerusalem
2215 3813 2279 3866 ab
2327 3812 2475 3866 initio
2529 3813 2841 3867 conditionis
2886 3823 2995 3866 sua:
3043 3825 3203 3881 usque
3247 3810 3315 3864 ad
3346 3808 3482 3864 diem

1885 3907 2156 3961 eversionis
2177 3920 2286 3960 sua:
2309 3921 2388 3958 me
2433 3907 2501 3958 ad
2529 3905 2865 3960 iracundiam
2894 3904 3210 3976 provocavit.
3246 3902 3484 3960 Attende

1884 3999 2010 4068 quid
2044 3998 2213 4063 dicat,
2271 3997 2432 4052 linem
2480 3998 2650 4068 juuge
2701 3997 2997 4068 principio,
3032 4009 3196 4050 omne
3245 3995 3482 4050 medimn

1886 4103 2100 4162 tempus
2129 4092 2181 4145 in
2211 4090 2344 4145 vitio
2373 4100 2475 4146 est.
2496 4090 2767 4146 Jcremias
2792 4088 3164 4145 sanctiﬁcatus
3183 4084 3209 4123 δ
3243 4088 3296 4142 in
3327 4098 3486 4144 utero

1883 4194 2170 4254 antequam
2197 4190 2358 4238 natus
2388 4182 2606 4254 (Jerem.
2635 4199 2672 4249 ι,
2702 4181 2782 4254 5),
2814 4183 2991 4252 virgo,
3031 4180 3306 4252 propheta
3335 4189 3484 4237 vete-

1883 4277 1959 4332 ris
1980 4276 2316 4332 Testamenti
2359 4278 2722 4347 pertremiscit
2755 4275 3104 4341 Sedechiam,
3141 4283 3194 4329 et
3226 4274 3485 4330 flebiliter

1882 4371 2154 4436 obsecrat,
2180 4368 2416 4426 dicens:
2467 4370 2622 4424 Nunc
2651 4385 2791 4438 ergo,
2838 4368 3045 4422 domine
3095 4368 3306 4434 mirex,
3356 4367 3484 4424 audi

1882 4463 2300 4533 deprecationem
2341 4479 2524 4526 meum,
2556 4471 2604 4515 et
2649 4460 2934 4532 praevaleat
2962 4459 3103 4531 apud
3123 4469 3171 4514 te
3199 4459 3482 4516 obsecratio

1881 4571 2014 4618 mea,
2049 4571 2112 4607 ne
2131 4556 2362 4610 remittas
2388 4555 2554 4627 ⁸178
2570 4569 2652 4607 me
2674 4555 2725 4606 in
2741 4552 2954 4606 domum
2981 4553 3248 4610 Jonathan
3274 4555 3478 4622 scribto,

1886 4665 1948 4701 ne
1973 4647 2043 4701 ibi
2072 4664 2272 4716 peream
2323 4647 2543 4716 (Jerem.
2576 4661 2783 4716 xxxv",
2815 4647 2930 4718 i9).
2983 4648 3028 4704 0
3053 4649 3349 4721 Propheta,
3379 4666 3480 4706 cur

181 4754 299 4794 nus.
339 4740 517 4807 Quare
552 4757 783 4814 egressus
810 4757 921 4796 sum
950 4758 1013 4796 ea:
1034 4751 1200 4803 utero,
1231 4751 1284 4794 ut
1312 4741 1536 4796 viderem
1579 4741 1778 4797 labores
1805 4711 1857 4770 Β
1885 4742 2040 4796 times
2071 4742 2293 4811 impium
2327 4744 2557 4812 regem?
2583 4741 2698 4797 Cur
2730 4755 2854 4796 cum
2888 4744 3107 4812 metuis,
3142 4748 3302 4814 quem
3337 4743 3481 4799 nosti

185 4838 231 4880 et
279 4833 548 4900 miserias,
593 4845 642 4890 et
689 4843 1108 4889 cou:umerentur
1147 4833 1256 4889 dies
1302 4835 1400 4888 mei
1438 4835 1492 4888 in
1533 4837 1780 4890 (erumnis

186 4918 420 4988 (Jerem.
472 4941 559 4992 xx,
598 4928 683 4994 l5,
718 4944 856 4998 seqq.
883 4925 939 4997 )?
968 4926 1200 4981 Tantum
1233 4926 1301 4981 de
1341 4943 1438 4982 sua
1464 4927 1781 4984 conditione

187 5026 408 5072 securus
439 5029 540 5087 est,
576 5028 630 5075 et
655 5021 734 5076 sic
756 5018 979 5074 conlidit
1019 5020 1070 5074 in
1099 5019 1434 5086 fortitudine,
1464 5031 1523 5076 ut
1548 5031 1778 5076 mortem

260 5235 285 5264 ⁸
316 5228 503 5284 Verius
522 5232 752 5286 fortasse
770 5229 878 5284 duo
904 5228 1073 5284 Vatic.
1108 5245 1238 5285 mss.
1267 5245 1390 5285 cum
1424 5231 1590 5287 veteri
1621 5231 1778 5300 edit.,

194 5300 458 5368 vescendas
490 5303 645 5356 tradit
675 5301 1000 5368 offerentibus
1031 5301 1242 5354 hostias.

260 5367 286 5405 ι’
315 5369 660 5438 Superiorem
689 5367 810 5425 huic
835 5372 1165 5427 versiculum
1202 5374 1274 5425 ita
1307 5375 1574 5440 prmponit
1606 5373 1778 5429 Vatic.

201 5440 314 5516 9})".
336 5482 350 5506 ,
386 5442 662 5516 Maledicta
701 5445 808 5497 dies
833 5445 886 5496 in
912 5461 1012 5514 qua
1043 5454 1190 5496 natus
1210 5461 1345 5503 smn,
1376 5455 1426 5516 et
1447 5461 1551 5497 non
1576 5446 1642 5516 sit
1673 5445 1782 5500 dies

201 5508 612 5584 illabeuedtcta,
641 5515 696 5569 in
729 5531 830 5584 qua
872 5508 1063 5581 peperit
1101 5531 1182 5567 me
1227 5524 1390 5567 mater
1421 5510 1564 5569 'mea.
1608 5515 1777 5582 Tum,

209 5575 504 5654 Maledictus
533 5575 706 5650 hoino,
741 5575 880 5640 'etc.'
918 5575 986 5639 Et
1035 5585 1190 5638 facile
1217 5585 1433 5654 quidem
1467 5601 1530 5640 ex
1563 5587 1686 5641 aliis
1719 5575 1784 5641 li;

206 5646 308 5704 bris
335 5654 421 5708 ille
458 5646 704 5712 videatur
727 5657 996 5711 excidisse
1039 5657 1108 5710 ob
1147 5646 1341 5710 similis
1387 5657 1536 5711 vocis
1580 5673 1773 5712 occur-

205 5731 428 5796 sum,“
455 5741 553 5796 qua
582 5731 879 5783 versiculus
908 5728 1045 5782 alter
1071 5728 1375 5781 inchoatur.

266 5802 296 5867 _c
327 5793 548 5860 Victor,
607 5815 694 5866 per
736 5799 970 5853 eumdem
1012 5799 1335 5867 prophetam,
1369 5813 1566 5865 nempe
1610 5799 1770 5856 lere-

211 5871 385 5936 tatam,
412 5881 477 5923 ne
497 5869 694 5944 absque
723 5886 785 5927 ea
814 5884 950 5926 voce
991 5872 1242 5927 diversus
1271 5872 1339 5927 ab
1367 5870 1627 5931 hactenus
1659 5873 1774 5930 Iau-

1878 4835 1988 4904 jam
2017 4833 2235 4903 jamque
2269 4833 2566 4902 perlturmn
2594 4835 2618 4886 ‘t
2649 4848 2934 4890 carcerem
2992 4835 3343 4898 reformidas,
3393 4836 3481 4890 cui

1885 4941 2110 5002 paratur
2133 4929 2457 4999 paradisus?
2483 4939 2505 4966 ε
2527 4929 3044 5000 ReSpoudebitmihi
3062 4948 3073 4983 :
3093 4929 3265 4985 Homo
3286 4945 3404 4984 sum
3428 4931 3483 4986 in

1883 5023 2098 5080 mortali
2128 5036 2294 5078 carne
2340 5031 2395 5077 et
2443 5021 2790 5094 corruptibili
2847 5024 3202 5088 constitutus,
3233 5021 3479 5097 dolorem

1887 5229 2018 5286 dato
2053 5228 2496 5302 propbetainnui
2529 5227 2824 5288 videretur.
2844 5227 3013 5286 Paulo
3041 5227 3182 5286 infra
3222 5229 3366 5302 Vah,
3396 5230 3487 5302 qui

1883 5310 2141 5357 scrutator
2168 5304 2301 5355 renis
2325 5301 2634 5372 introspicit,
2657 5311 2764 5358 etc.

1955 5372 1982 5412 ά
2018 5373 2073 5428 lu
2101 5373 2279 5429 altero
2308 5372 2555 5428 Vatic.et
2585 5375 2757 5429 veteri
2781 5373 2917 5430 edit.
2939 5387 3101 5429 voces
3124 5374 3177 5428 in
3208 5382 3351 5428 utero
3375 5389 3482 5428 ttun

1885 5445 2178 5502 habentur.

1959 5527 1981 5558 ε
2010 5516 2324 5588 Legendum
2342 5516 2879 5588 ,putoirespondebis,
2913 5525 2972 5569 ut
2999 5512 3334 5588 ecodicibus
3361 5515 3484 5570 F‘Io-

1884 5585 2114 5643 rentinis
2137 5599 2190 5643 et
2210 5587 2476 5642 Brixianis
2497 5586 2768 5642 Victorius
2794 5585 3097 5656 rescripsit,
3119 5586 3332 5640 tametsi
3353 5603 3482 5654 uou,

1887 5671 1944 5715 ut
1992 5661 2065 5714 illi
2098 5661 2298 5730 placet,
2332 5658 2636 5730 Pelagium,
2667 5657 2760 5710 sed
2792 5656 3086 5730 Jeremiam
3115 5656 3314 5726 alloqui
3347 5674 3473 5728 per-

1881 5746 2009 5802 gere
2032 5729 2279 5786 videatur
2319 5731 2474 5785 nobis
2498 5729 2885 5798 Hieronymus.
2920 5729 3052 5784 Mss.
3093 5736 3274 5784 autem
3309 5731 3480 5787 nostri

1880 5803 2064 5858 silent.
