4054 6346
547 272 650 324 £67
1804 270 1869 325 5.
1911 268 2175 327 Βυδιεξιςιι

2278 270 2617 328 ΙΕΒΟᾸΥΜΙ
3821 273 3931 332 5'68

546 375 746 451 “cutio,
792 381 1060 438 horresco
1111 383 1394 438 cruciatus
1427 424 1442 449 ,
1500 398 1637 454 quos
1684 385 1849 440 etiam
1898 385 2158 443 Dominus
2188 389 2240 450 Α
2261 386 2474 458 justitia
2502 388 2730 459 gloriam
2762 390 2977 457 quaerit,
3000 404 3294 462 auramque
3318 391 3715 465 popularem,
3739 398 3805 447 ut
3826 392 3927 449 huc

557 490 711 531 meus
738 490 838 546 pro
895 491 1018 532 mea
1068 476 1245 532 salute
1283 492 1548 532 sensurus
1580 484 1690 534 est.
1746 477 2036 535 Miseretur
2062 478 2159 533 hu-
2266 480 2424 536 miles
2472 482 2645 552 erigat
2672 481 2724 535 in
2751 496 2977 552 regnum
3018 494 3071 538 et
3100 492 3352 556 potentes
3377 483 3748 541 humilitate
3779 499 3928 542 com-

556 585 719 627 mano
773 572 966 642 generi
1013 571 1180 639 Deus,
1209 581 1402 627 etnon
1434 572 1552 626 vult
1580 572 1762 643 perire
1811 573 1957 643 quod
2003 573 2152 629 fecit.
2268 576 2974 647 mutetiAudiProphetam
2997 577 3550 636 dicentem:0mnes
3577 578 3923 637 habitatores

546 663 675 719 Noli
706 665 905 732 timere,
938 665 1127 731 Iacob,
1162 665 1290 720 dicit
1325 666 1583 721 Dominus
1614 684 1632 722 :
1661 683 1757 738 ego
1780 669 1915 722 enim
1946 684 2057 722 sum
2087 676 2161 722 te-
2265 681 2439 735 arm,
2467 671 2616 739 quasi
2638 669 2773 724 nihil
2792 671 3016 741 reputati
3039 681 3158 726 sunt
3177 671 3321 741 apud
3341 688 3465 727 eum
3494 670 3685 744 (Isai.
3705 672 3923 745 xL,I7).

546 776 663 814 cum
690 770 736 815 et
767 760 1080 829 interﬁciant
1129 777 1304 815 omnes
1354 771 1532 835 gentes
1561 762 1615 815 in
1646 778 1775 832 quas
1802 762 2028 831 dispersi
2072 771 2119 817 te
2139 780 2157 817 :
2268 760 2419 817 Fecit
2446 762 2589 817 cnim
2621 762 3004 834 quodcumque
3057 764 3227 819 voluit
3254 764 3309 819 in
3352 766 3513 822 coelo
3572 774 3641 822 et
3662 765 3725 822 in
3751 776 3921 835 terra,

547 865 596 909 te
620 870 739 909 vero
770 856 941 926 ipsum
976 854 1148 923 perire
1202 869 1303 907 non
1334 854 1551 923 faciam,
1583 854 1676 907 sed
1723 854 1984 925 castigabo
2016 864 2064 907 te
2108 855 2161 908 in
2264 864 2319 911 et
2356 872 2516 911 nemo
2541 865 2646 923 est,
2670 857 2760 928 qui
2784 858 3005 913 resistat
3037 870 3058 897 ε
3089 859 3355 914 voluntati
3395 859 3567 930 ejus,
3604 868 3715 915 aut
3746 860 3924 933 possit

547 945 782 1015 justitia,
820 956 867 998 et
897 946 969 998 ita
994 944 1269 1017 miserebor
1296 945 1393 1013 tui,
1415 955 1472 999 ut
1499 956 1547 998 te
1574 946 1841 1001 innoxium
1864 962 1966 1000 non
1995 946 2158 1001 relin-
2265 950 2469 1014 dicere,
2494 965 2662 1020 quare
2688 950 2791 1005 hoc
2820 950 3016 1019 feci5ti,
3050 952 3206 1021 cujus
3241 962 3370 1008 sunt
3396 954 3620 1008 omnia
3652 967 3835 1025 opera
3866 953 3921 1010 in

556 1054 715 1109 quam
738 1036 959 1109 (.lcrein.
985 1053 1113 1101 xxx,
1140 1037 1253 1109 l0).
2268 1043 2514 1106 veritate,
2548 1053 2600 1097 et
2628 1043 2729 1097 via:
2760 1043 3152 1113 illinsjnstitia,
3187 1054 3241 1101 et
3267 1045 3704 1115 superbientes
3734 1053 3925 1116 potest

629 1131 721 1187 9.9.
750 1130 1024 1186 Salvemur
1058 1129 1153 1184 Dei
1198 1130 1579 1186 misericordia.
1638 1161 1706 1171 -—
1756 1129 1909 1187 Unde
1963 1139 2017 1185 et
2064 1144 2163 1185 nos
2270 1134 2384 1203 ipse
2412 1134 2723 1190 humiliore.
2750 1136 3050 1192 Antiochus
3078 1137 3391 1208 Epiphanes
3427 1154 3547 1196 rex
3575 1139 3921 1196 crudelissi-

556 1221 794 1277 dicimus
822 1238 945 1277 e~sc
973 1223 1155 1292 justos
1180 1232 1205 1258 ιι
1232 1230 1452 1278 sanctos
1499 1223 1670 1291 viros,
1704 1233 1757 1278 et
1789 1232 1908 1293 post.
1939 1230 2162 1295 peccata
2268 1242 2387 1281 mus
2410 1229 2882 1291 subvertitaltare.
2902 1229 3477 1300 ipsamqucjustitiam
3504 1231 3660 1288 fecit
3682 1232 3922 1289 concul—

557 1315 837 1383 placentes
875 1316 982 1369 Deo
1012 1358 1025 1379 ,
1080 1330 1185 1370 non
1229 1330 1330 1370 suo
1377 1324 1586 1370 tantum
1647 1316 1867 1383 merito,
1901 1315 1997 1371 sed
2041 1316 2162 1385 ejus
2266 1319 2401 1384 cari,
2425 1316 2550 1390 quia
2575 1335 2895 1376 concessum
2920 1332 3085 1377 erata
3111 1323 3341 1378 Domino
3368 1340 3383 1390 ;
3412 1339 3767 1399 causasque
3801 1326 3919 1383 red-

555 1413 869 1475 clemeutia,
902 1413 986 1467 cui
1016 1415 1194 1467 omnis
1222 1423 1475 1468 creatura
1532 1415 1777 1484 subjecta
1809 1426 1914 1481 est,
1942 1424 1999 1471 et
2024 1414 2166 1469 iudi-
2267 1412 2365 1479 dit,
2397 1423 2608 1484 propter
2633 1425 2844 1486 peccata
2885 1416 3110 1488 plurima
3134 1417 3197 1489 (ΙΙ
3250 1416 3457 1473 Macch.
3488 1418 3580 1493 v).
3612 1421 3776 1491 Ergo
3807 1435 3919 1477 non

549 1515 639 1576 get
670 1506 1047 1561 miserimrdia
1078 1508 1219 1574 ejus.
1244 1507 1483 1562 Audiant
1517 1508 1785 1575 haeretici,
1819 1510 1910 1580 qui
1942 1509 2165 1565 elevan-
2271 1504 2397 1560 fecit
2428 1505 2569 1575 quod
2595 1506 2711 1578 ipse
2743 1516 2952 1563 tantum
2978 1510 3171 1575 voluit,
3199 1510 3295 1565 sed
3335 1512 3484 1581 quod
3512 1521 3771 1584 pmpter
3787 1527 3915 1584 pec-

557 1611 644 1652 tur
691 1613 785 1668 per
829 1599 1167 1669 superbiam,
1200 1609 1255 1654 et
1304 1599 1493 1655 dicunt
1545 1619 1557 1654 :
1604 1600 1718 1672 Ipsi
1773 1601 1921 1655 nobis
1948 1601 2165 1669 fecimus
2268 1608 2387 1653 cata
2414 1599 2600 1670 populi
2644 1601 2914 1656 concessit
2966 1602 3249 1657 Dominus.
3304 1603 3563 1677 Denique
3620 1606 3918 1679 sequitur,

555 1712 770 1749 cornua.
809 1696 1045 1750 Audiam
1072 1696 1208 1751 illud
1240 1695 1384 1765 quod
1414 1696 1621 1751 audivit
1647 1696 1803 1751 Moab
1827 1714 1840 1749 :
1860 1696 2165 1752 Audiuimus

2278 1689 2411 1760 quod
2441 1706 2547 1745 non
2594 1707 2658 1746 ex
2692 1692 2914 1763 propria
2941 1695 3128 1749 fecerit
3170 1694 3511 1764 fortitudine,
3539 1697 3655 1754 sed
3689 1715 3766 1755 ex
3790 1701 3913 1770 ejus

560 1789 854 1859 superbiam
898 1787 1073 1854 Moab,
1104 1789 1357 1858 superbus
1399 1799 1472 1843 est
1522 1789 1670 1843 valde
1712 1788 1915 1858 (Amos.
1942 1805 2016 1855 vi,
2046 1789 2159 1857 is).
2199 1778 2239 1837 Ii
2270 1779 2497 1853 impcrio
2524 1783 2616 1853 qui
2644 1785 2905 1855 praecepit
2952 1794 3008 1839 ut
3039 1785 3215 1841 ﬁeret.
3254 1786 3384 1842 Illud
3417 1799 3617 1845 autem
3663 1790 3829 1861 quod
3858 1790 3917 1846 in

564 1883 910 1937 Altitudinem
946 1883 1110 1947 illius,
1157 1893 1203 1937 et
1232 1882 1510 1938 elationem
1548 1892 1595 1936 et
1626 1882 2085 1953 glorificationcm,
2115 1893 2165 1937 et
2270 1878 2521 1934 oratione
2558 1893 2653 1933 Sua
2707 1878 2983 1950 loquitur:
3019 1878 3372 1950 Peccavimus,
3420 1884 3613 1955 inique
3671 1885 3909 1957 egimus,

560 1976 884 2045 inﬂatione»:
915 1974 1085 2028 cordis
1133 1992 1227 2047 ego
1263 1976 1503 2046 cognovi,
1542 1974 1668 2028 dicit
1724 1974 2004 2035 Dominus.
2032 1990 2162 2044 quo-
2270 1972 2464 2042 injuste
2490 1973 2741 2041 gessimus
2776 1985 2823 2027 ct
2861 1975 3167 2028 recessimus
3196 1991 3227 2028 a
3259 1975 3531 2031 mandatis
3581 1986 3634 2031 et
3673 1977 3912 2049 justitiis

562 2071 701 2124 niani
733 2086 1057 2139 nequaquam
1103 2071 1265 2141 juxta
1316 2068 1639 2138 inﬂationem
1683 2069 1792 2139 ejus
1823 2078 1870 2122 et
1913 2067 2165 2138 fortitudo
2271 2063 2372 2116 tuis
2403 2061 2567 2134 (Dan.
2600 2078 2680 2130 ιιι,
2712 2064 2832 2134 29),
2860 2073 2912 2118 ct
2960 2075 3160 2119 Caetera
3212 2066 3655 2137 hujuscemodi,
3710 2067 3904 2125 soletis

560 2166 705 2219 illius
735 2176 810 2219 cst
856 2164 1013 2235 (lsai.
1049 2180 1159 2231 xvt,
1184 2162 1263 2234 6).
1302 2164 1616 2235 Diciturque
1666 2163 1734 2219 ad
1791 2163 2166 2234 hujuscemodi
2269 2152 2469 2220 dicere.
2498 2154 2662 2226 780
2682 2154 2826 2225 quod
2872 2155 2973 2210 et“
3022 2155 3211 2223 David.
3262 2165 3318 2212 et
3362 2158 3591 2227 Daniel,
3616 2166 3678 2215 et
3709 2174 3905 2215 omnes

562 2258 814 2313 homines
845 2276 856 2311 :
886 2256 1101 2312 Inimici
1148 2267 1323 2311 autem
1362 2274 1540 2312 eorum
1565 2257 1737 2327 (haud
1782 2256 2006 2313 dubium
2037 2258 2164 2329 quin

2278 2247 2575 2319 prophetae,
2611 2263 2720 2303 non
2754 2264 2852 2319 pro
2883 2264 2964 2315 se,
2987 2250 3078 2321 qui
3108 2252 3284 2306 sancti
3306 2262 3489 2319 erant,
3530 2251 3635 2309 sed
3666 2267 3736 2308 ex
3771 2267 3901 2323 per-

560 2352 743 2423 grcgis
774 2350 1018 2423 Domini)
1044 2351 1661 2420 conﬁrmant,dicentes:
1684 2367 1785 2406 non
1819 2352 2165 2422 peccavimus,
2270 2354 2401 2397 sona
2428 2340 2611 2412 populi
2641 2350 2767 2396 sunt
2799 2341 2995 2397 locuti.
3038 2342 3341 2399 Adversum
3368 2360 3539 2415 quam
3572 2346 3899 2419 opinionem

561 2463 677 2499 cum
708 2446 1033 2518 peccaverint
1064 2447 1117 2500 in
1174 2444 1617 2514 pulchritudinem
1646 2448 1895 2519 justitiw,
1929 2457 1977 2503 et
2005 2449 2059 2502 in
2082 2463 2171 2501 emo

561 2542 933 2609 spectationem
966 2549 1200 2611 patrum.
1236 2537 1333 2594 Vis
1383 2538 1527 2595 scire
1574 2539 1793 2611 quando
1818 2540 2003 2594 omnia
2046 2553 2173 2609 pec-

562 2645 683 2691 cata
715 2635 971 2689 liniantur
993 2635 1016 2688 ?
1038 2633 1163 2688 audi
1185 2632 1441 2688 eumdem
1465 2634 1788 2703 prophetam
1821 2631 1918 2685 :In
1945 2642 2173 2700 tempore

562 2726 676 2790 illo,
712 2724 839 2777 dicit
882 2723 1160 2789 Dominus,
1194 2734 1456 2795 qttwretur
1499 2723 1750 2793 iniquitas
1798 2723 1853 2776 in
1882 2721 2073 2787 Israel,
2126 2731 2174 2776 et

566 2833 671 2869 non
695 2818 812 2879 erit,
846 2826 895 2869 et
922 2828 1186 2885 peccatum
1223 2819 1278 2871 in
1320 2818 1489 2883 Juda,
1516 2825 1563 2869 et
1588 2833 1692 2870 non
1718 2816 2005 2870 invenietur
2035 2815 2170 2882 (Jcr.

570 2924 624 2968 ι..
647 2908 763 2977 20).
789 2908 918 2973 Cur,
941 2911 1164 2980 qumso?
1186 2912 1467 2981 sequitur:
1496 2911 1632 2977 Quin
1656 2910 1913 2981 propitius
1936 2926 2023 2965 ero
2044 2911 2169 2967 illis.

569 3000 674 3058 Ubi
696 3012 875 3056 autem
906 3002 1222 3071 propitiatio
1264 3013 1369 3070 est,
1397 3003 1682 3072 prmcessit
1710 3013 1838 3058 ante
1866 3012 2171 3074 peccatum.

570 3094 731 3152 Tolle
780 3094 944 3164 igitur
973 3092 1000 3131 δ
1036 3109 1218 3162 posse,
1259 3103 1313 3148 et
1342 3095 1669 3160 concedam,
1697 3095 1903 3163 omnia,
1932 3094 2174 3151 donante

571 3191 707 3257 Deo,
760 3191 1087 3247 subsistere.
1116 3190 1321 3245 Bonum
1349 3201 1426 3245 est
1469 3191 1767 3261 prazstolari
1804 3207 1920 3244 cum
1965 3192 2174 3247 silentio

568 3288 804 3341 salutare
852 3286 1066 3340 Domini
1104 3285 1321 3356 (Thren.
1359 3301 1435 3350 tu,
1463 3284 1593 3357 26);
1628 3285 1828 3340 bonum
1862 3297 1947 3341 est
1969 3300 2175 3356 ponere

568 3382 621 3434 in
653 3380 878 3445 pulvere
910 3394 974 3435 os
1021 3394 1203 3443 suum,
1230 3377 1364 3433 dare
1392 3376 1719 3448 percutienti
1769 3391 1829 3432 se
1869 3378 2172 3445 maxillam,

566 3470 799 3526 saturari
828 3468 1162 3540 opprobriis,
1193 3483 1345 3537 spem
1376 3468 1580 3523 habere
1624 3468 1678 3523 in
1725 3467 1955 3523 Domino
1979 3467 2172 3540 (Ibid.,

566 3564 637 3618 27
659 3561 849 3634 seqq).
876 3562 934 3617 Si
970 3561 1116 3617 enim
1150 3559 1373 3631 abjecit,
1402 3569 1461 3616 et
1484 3560 1835 3616 miserebitur
1860 3560 2009 3629 juxta
2038 3560 2177 3615 mul-

570 3655 867 3711 titudinem
919 3652 1422 3709 misericordiarum
1472 3667 1735 3718 suarum;
1796 3666 1977 3723 neque
2030 3653 2177 3708 enim

574 3748 884 3804 humiliavit
912 3746 1083 3803 corde
1104 3761 1205 3802 suo
1231 3754 1287 3801 et
1314 3746 1515 3816 abiecit
1536 3746 1680 3800 ﬁlios
1703 3745 2010 3800 hominum.
2042 3745 2179 3801 Fru-

571 3847 685 3894 stra
729 3850 1035 3895 murmurat
1082 3838 1246 3894 homo
1286 3853 1386 3910 pro
1414 3838 1656 3908 peccatis
1684 3837 1822 3893 suis.
1857 3838 2181 3894 Scrutemur

576 3932 699 3987 vias
724 3942 965 3997 nostras,
995 3940 1052 3988 et
1094 3945 1405 4002 quzcramus
1431 3938 1487 3986 et
1520 3940 1866 3986 revertamur
1908 3930 1974 3985 ad
2002 3929 2178 3987 Domi-

570 4040 699 4080 num
723 4022 1026 4094 (Ibid.,40,
1054 4022 1173 4093 41).
1204 4023 1476 4080 Levemus
1502 4021 1669 4077 corda
1687 4036 1811 4079 cum
1827 4023 1992 4095 779
2006 4022 2181 4077 mani-

573 4116 674 4173 bus
698 4117 763 4171 ad
800 4116 1092 4173 Dominum
1142 4117 1194 4171 in
1221 4115 1448 4181 cmlum,
1474 4114 1830 4187 dicamusque
1869 4116 1917 4170 ei
1951 4132 1963 4169 :
1996 4114 2181 4186 Inique

571 4209 790 4278 egimus,
846 4220 895 4263 et
922 4210 993 4263 ad
1028 4208 1357 4263 iracundiam
1413 4208 1838 4279 provocavimus,
1881 4206 2081 4261 idcirco
2127 4217 2180 4261 tu

573 4299 915 4356 inexorabilis
945 4317 998 4354 es
1032 4299 1168 4372 (1b.,
1200 4300 1315 4371 42).

646 4393 737 4447 '50.
771 4391 969 4448 Causas
1012 4392 1203 4448 divina:
1244 4393 1529 4448 voluntatis
1579 4392 1860 4447 noscimus.
1891 4419 1963 4431 —
1990 4390 2182 4448 Daniel

580 4484 849 4559 propheta
890 4487 1132 4558 loquitur
1175 4486 1243 4542 ad
1273 4485 1801 4551 Nabuchodonosor,
1835 4484 1980 4555 quod
2000 4483 2179 4540 domi-

2274 2430 2392 2501 ipse
2427 2432 2803 2502 respondebit,
2852 2441 2909 2487 et
2955 2432 3101 2489 dicet
3133 2452 3145 2487 :
3176 2433 3303 2489 Cum
3344 2434 3527 2490 adhuc
3592 2452 3824 2502 orarem,
3851 2443 3900 2490 et

2274 2529 2547 2598 conﬁterer
2569 2539 2783 2596 peccata
2818 2545 2951 2599 mea,
2990 2540 3037 2583 et
3060 2540 3271 2599 peccata
3291 2532 3478 2603 papuli
3500 2531 3685 2588 Israel
3727 2529 3895 2604 (Dan.

2274 2636 2350 2688 ιι,
2392 2620 2507 2693 20).
2541 2620 2700 2676 Vides
2745 2636 2879 2692 ergo
2932 2622 3076 2693 quod
3130 2633 3238 2677 tam
3295 2638 3392 2694 pro
3454 2624 3710 2695 peccatis
3756 2622 3890 2691 suis,

2275 2727 2438 2782 quam
2470 2728 2568 2782 pro
2592 2715 2830 2782 peccatis
2860 2715 3068 2785 populi,
3103 2716 3396 2771 Dominum
3424 2719 3504 2772 sit
3535 2719 3887 2790 deprecatus,

2275 2812 2331 2858 et
2360 2802 2618 2859 effuderit
2641 2803 3057 2873 deprecationes
3085 2822 3215 2863 suas
3257 2807 3310 2864 in
3334 2819 3654 2880 cormpectu
3686 2808 3891 2866 Domini

2278 2898 2374 2953 Dei
2402 2898 2506 2953 sui.
2527 2898 2617 2953 Vis
2657 2899 2855 2955 iterum
2890 2915 3075 2968 nosse,
3107 2902 3325 2973 quando
3377 2914 3681 2974 peccatum
3710 2914 3768 2961 et
3796 2902 3893 2958 ini-

2278 2994 2457 3062 quitas
2513 2992 2773 3048 ﬁniatur?
2820 2993 3159 3065 Quamquam
3200 2997 3417 3053 diversa
3476 3000 3553 3054 sit
3609 3008 3886 3053 auctorum

2283 3095 2305 3123 θ
2332 3086 2735 3156 interpretatio,
2796 3088 2921 3143 audi
2960 3089 3213 3145 eumdem
3266 3091 3640 3162 Prophetam:
3671 3091 3890 3162 Septua-

2201 3168 2246 3231 C
2277 3179 2419 3249 ginta
2446 3179 2776 3235 hebdomadis
2814 3183 3083 3252 comment:
3109 3192 3227 3237 sunt
3248 3200 3404 3253 super
3422 3186 3691 3257 pupulum
3724 3195 3885 3249 tuum,

2279 3279 2326 3324 et
2346 3288 2500 3343 super
2528 3273 2788 3327 civitatem
2811 3284 2952 3327 tuam
2973 3284 3229 3341 sanctam,
3248 3277 3684 3348 utcompleantur
3698 3275 3886 3347 iniqui-

2278 3374 2424 3434 tates,
2456 3377 2503 3422 et
2548 3368 2703 3437 ﬁnem
2726 3368 2951 3440 accipiat
2995 3379 3281 3439 peccatum,
3316 3380 3370 3424 ut
3399 3372 3671 3444 dispereat
3706 3369 3887 3441 iniqui-

2279 3468 2379 3523 tas,
2439 3470 2489 3514 et
2532 3458 2551 3496 ί
2605 3459 2857 3515 reveletur
2902 3462 3113 3535 justitia
3154 3464 3467 3536 sempiterna
3505 3462 3679 3538 (Dan.
3716 3478 3776 3529 tt,
3803 3460 3883 3531 ι).

2279 3551 2552 3619 Quamdiu
2610 3568 2745 3625 ergo
2776 3553 2868 3611 ille
2901 3555 3027 3611 linis
3081 3555 3357 3624 adveniat,
3384 3568 3441 3615 et
3498 3558 3881 3627 corruptivum

2283 3646 2385 3699 hoc
2415 3653 2581 3715 atque
2634 3646 2869 3702 mortale
2921 3647 3342 3719 incorruptione
3366 3658 3425 3706 et
3457 3647 3877 3707 immortalitate

2280 3748 2541 3805 mutetur,
2601 3755 2829 3797 necesse
2857 3751 2965 3807 est,
3001 3758 3101 3798 nos
3132 3744 3420 3815 subjacere
3469 3753 3725 3817 peccato,
3773 3756 3879 3798 non

2281 3847 2491 3887 naturae
2544 3840 2602 3888 et
2636 3832 2989 3900 conditionis,
3048 3844 3107 3890 ut
3155 3844 3211 3891 tu
3263 3838 3627 3894 calumniaris
3656 3877 3675 3905 ,
3723 3834 3875 3898 vitio.

2281 3924 2377 3981 sed
2407 3924 2713 3996 fragilitate,
2739 3933 2797 3982 et
2820 3929 3252 3986 commutatione
3280 3932 3583 3988 voluntatis
3609 3930 3876 3992 humanae,

2282 4034 2401 4088 quae
2427 4033 2523 4089 per
2555 4031 2831 4074 momenta
2859 4022 3097 4076 variatur
3122 4036 3136 4076 :
3164 4024 3292 4094 quia
3322 4024 3464 4079 Deus
3493 4026 3653 4079 solus
3679 4028 3761 4079 est
3778 4021 3875 4074 im-

2285 4112 2583 4169 tnutahilis.
2618 4113 2833 4182 Qua-ris
2880 4113 2973 4170 ubi
3021 4115 3182 4183 Abel,
3212 4115 3304 4171 ubi
3352 4116 3567 4187 Enoch,
3600 4114 3691 4172 ubi
3722 4112 3878 4169 Iesus

2285 4202 2425 4258 filius
2457 4203 2623 4268 Nave,
2675 4205 2766 4261 ubi
2797 4205 3042 4274 Elismus,
3074 4208 3368 4278 cmterique
3408 4220 3717 4265 sanctorum
3744 4215 3871 4274 pec-

2285 4298 2552 4353 caverint.
2578 4296 2695 4353 Non
2724 4308 2808 4353 est
2839 4313 3063 4355 necesse
3087 4299 3285 4354 nodum
3313 4301 3365 4355 in
3397 4301 3575 4371 scirpo
3589 4305 3868 4371 quaerere:

2288 4392 2494 4445 utinam
2530 4406 2747 4461 possem
2780 4400 2837 4447 et
2864 4393 3152 4449 manifesta
3177 4393 3412 4450 reticere
3432 4402 3671 4465 peccata.
3704 4388 3763 4445 Si
3790 4384 3870 4441 vis

2287 4497 2317 4538 a
2343 4498 2430 4539 me
2459 4498 2646 4545 verum
2668 4484 2882 4550 audire,
2910 4485 3118 4541 nescio.
3161 4484 3339 4557 Nihil,
3374 4489 3567 4560 inquit,
3605 4483 3735 4540 mihi
3757 4495 3871 4536 con-

573 4587 739 4635 netur
767 4578 1017 4637 excelsus
1046 4594 1213 4652 regno
1241 4580 1552 4645 hominum,
1573 4586 1630 4633 et
1655 4576 1750 4633 det
1776 4574 1908 4632 illud
1928 4576 2168 4632 cuicum-
2200 4561 2248 4621 υ
2275 4577 2410 4631 scius
2462 4594 2596 4644 sum,
2642 4594 2733 4632 nec
2756 4588 2926 4633 tamen
2969 4578 3023 4632 in
3043 4577 3143 4632 hoc
3171 4580 3498 4650 justiﬁcatus
3540 4596 3677 4637 sum.
3709 4574 3867 4631 Homo

573 4685 683 4743 que
705 4671 961 4738 voluerit,
991 4680 1049 4728 et
1070 4681 1376 4730 extremum
1409 4679 1574 4742 atque
1626 4669 1929 4741 projectum
1970 4670 2177 4726 consti-

573 4778 691 4824 tuat
721 4782 887 4839 super
926 4766 1081 4824 illud.
1114 4768 1395 4838 Interroga
1438 4781 1562 4821 eum
1596 4779 1701 4836 qua
1725 4778 1890 4820 causa
1922 4764 2172 4819 ultimum

571 4871 736 4933 atque
764 4861 1082 4932 despectum
1113 4860 1415 4915 constituat
1445 4859 1497 4914 in
1528 4873 1737 4931 regem,
1760 4868 1815 4913 et
1848 4857 2008 4913 faciat
2029 4857 2174 4926 quod

570 4954 807 5010 voluerit
832 4973 846 5008 :
880 4963 936 5009 et
959 4953 1199 5021 discute,
1225 4962 1408 5008 utrum
1437 4951 1609 5024 ipsius
1634 4949 2048 5021 voluntasjusta
2077 4950 2173 5015 sit,

568 5048 637 5105 de
662 5064 770 5119 quo
794 5048 1057 5116 scriptum
1108 5057 1194 5103 est
1220 5064 1234 5100 :
1270 5046 1372 5113 Qui
1400 5048 1615 5101 suscitat
1643 5048 1708 5101 de
1744 5056 1879 5101 terra
1902 5046 2173 5114 humilem,

570 5152 620 5198 et
646 5157 710 5195 ae
739 5151 965 5197 stercore
1003 5142 1165 5196 elevat
1204 5156 1505 5213 pauperem,
1542 5148 1599 5193 ut
1647 5139 1864 5195 collocet
1912 5156 2031 5193 eum
2056 5156 2176 5194 cum

568 5231 918 5304 principibus,
952 5249 1069 5287 cum
1116 5231 1437 5303 principibus
1489 5232 1671 5304 populi
1710 5234 1792 5286 sui
1852 5230 1995 5305 (Ps.
2040 5248 2171 5301 cm,

570 5326 624 5393 7,
653 5325 735 5399 8).
789 5328 870 5382 An
918 5324 1146 5381 forsitan
1197 5324 1350 5396 juxta
1403 5332 1455 5381 te
1508 5324 1717 5397 absque
1758 5323 1966 5395 judicio
2011 5332 2177 5394 atque

642 5476 668 5503 α
700 5465 971 5523 Victorius
1000 5468 1249 5523 voculam
1289 5476 1336 5522 et
1385 5466 1453 5522 ad
1480 5464 1891 5522 concinniorem
1935 5477 2159 5521 sensum

570 5539 851 5609 contendit
869 5538 1365 5609 superaddendam.

642 5607 669 5647 δ
699 5610 921 5680 Scilicet
938 5605 1087 5680 posse
1111 5610 1228 5665 suis
1248 5609 1485 5680 viribus,
1499 5616 1554 5664 et
1582 5608 1789 5677 absque
1815 5605 1909 5661 Dei
1931 5605 2154 5665 auxilio.

644 5692 666 5753 ξ
706 5679 908 5753 Y_atic.,
939 5678 1027 5753 qui
1049 5684 1255 5753 resistat
1272 5678 1562 5753 fortitudini
1587 5681 1851 5753 ejustetc.

641 5746 669 5785 ἀ
714 5750 921 5804 Nomen
938 5746 1111 5809 David
1133 5755 1187 5807 in
1212 5746 1416 5808 nostris
1443 5766 1577 5808 mss.
1597 5746 1850 5807 omnibus
1876 5747 2153 5806 desidera-

570 5822 658 5875 tur
684 5836 701 5874 :
734 5818 965 5875 fortasse
991 5821 1190 5878 verius.

2280 4669 2413 4725 videt
2439 4670 2491 4724 in
2523 4671 2680 4741 facie,
2708 4668 2849 4725 Deus
2871 4671 2925 4724 in
2946 4670 3102 4725 corde
3134 4670 3175 4745 (Ι
3207 4670 3331 4727 Cor.
3366 4689 3443 4741 tv,
3466 4673 3548 4745 4).
3580 4667 3733 4743 Apud
3759 4665 3867 4736 ejus

2279 4762 2670 4818 conscientiam
2718 4776 2881 4832 atque
2925 4772 3286 4833 conspectum
3331 4764 3513 4819 nullus
3557 4758 3864 4836 justilicatur

2282 4856 2351 4928 (Il
2384 4857 2512 4929 Reg.
2575 4873 2683 4923 xu,
2721 4858 2798 4929 7).
2844 4856 3002 4914 Unde
3027 4866 3085 4913 ct
3108 4858 3307 4913 Paulus
3340 4858 3580 4930 loquitur
3603 4851 3863 4913 conﬁden-

2285 4961 2368 5007 ter
2402 4968 2415 5005 ε
2453 4951 2642 5005 Omnes
2666 4958 3023 5023 peccaverunt,
3048 4959 3095 5005 et
3134 4950 3364 5022 indigent
3384 4952 3556 5026 gloria
3583 4945 3857 5021 Dei(Rom.

2284 5059 2366 5111 tn,
2396 5043 2532 5116 23);
2577 5055 2676 5100 et:
2722 5043 2986 5099 Conclusit
3038 5043 3177 5099 Deus
3223 5046 3396 5099 omnia
3441 5044 3535 5099 sub
3574 5048 3771 5113 peccato
3808 5038 3861 5087 ιιι

2283 5137 2513 5192 omnium
2562 5136 2864 5191 misereatur
2923 5135 3101 5210 (Rom.
3145 5151 3220 5205 xt,
3252 5135 3370 5209 32),
3431 5145 3488 5194 et
3535 5144 3721 5194 ctetera
3748 5136 3856 5200 quae

2284 5245 2427 5303 saepe
2450 5230 2828 5303 replicavimus
2861 5241 2907 5285 Β.

2343 5478 2367 5507 θ
2401 5468 2602 5525 Eorum
2633 5468 2813 5524 varias
2838 5467 3328 5539 interpretationes
3356 5465 3609 5525 edisserit
3636 5465 3690 5523 in
3709 5456 3852 5517 Com-

2268 5541 2586 5604 mentariis,
2614 5554 2737 5608 cap.
2778 5540 2835 5596 9.

2337 5610 2357 5649 ί
2393 5611 2552 5684 Unus
2579 5611 3338 5684 Villio...reuertaturjustitia.

2333 5692 2357 5730 Β
2388 5683 2515 5738 Post
2530 5683 2645 5738 haec
2672 5681 2841 5738 editio
2866 5678 3120 5737 Vallarsf
3140 5682 3333 5738 habet:
3364 5679 3598 5750 Explicit
3624 5678 3740 5735 liber
3759 5681 3832 5728 sei

2255 5755 2477 5822 candus;
2491 5755 2558 5807 ad
2571 5769 2692 5822 qua:
2706 5755 2867 5809 verba
2885 5752 3291 5822 hancappendit
3306 5752 3569 5822 notulam;
3590 5770 3610 5806 ι
3621 5750 3673 5807 In
3687 5757 3825 5822 [13551

2256 5821 2403 5880 Finit
2442 5822 2562 5880 libri
2593 5818 2720 5893 pars
2768 5822 3013 5880 secundm
3056 5818 3247 5894 Incipit
3284 5836 3403 5895 pars
3441 5820 3650 5880 (mimi
3689 5818 3825 5878 Ευιτο
