4054 6404
1056 457 1401 516 DIALOGUS
1439 454 1814 515 ADVERSUS
1853 453 2313 513 PEl.AGlANUS.
2360 453 2489 513 LIB.
2533 454 2622 511 lll.
3388 458 3495 520 570

182 616 3479 643 Wmm—W

1355 784 1705 869 LIBER
1778 774 2322 873 TERTIUS.

255 1156 308 1211 l.
354 1155 653 1228 Baptismus
683 1162 881 1209 tantum
922 1152 1184 1225 praterita
1211 1161 1421 1224 peccata
1451 1153 1683 1208 dimittit.
1715 1184 1786 1194 —
1811 1177 1862 1238 Α
1888 1169 2022 1210 rona
2056 1154 2322 1221 victorize,
2355 1155 2501 1210 illius
2528 1155 2869 1225 protectione
2897 1158 3058 1231 782
3100 1167 3157 1216 et
3181 1159 3375 1235 clypeo
3397 1177 3493 1234 pa.

179 1253 344 1325 781
388 1249 615 1307 Carras.
665 1250 975 1306 Delectatus
1012 1264 1132 1305 sum
1185 1256 1399 1304 tuorum
1454 1247 1784 1318 multiplica-

178 1343 331 1399 tione
363 1357 684 1399 sermonum
712 1383 730 1409 ,
755 1341 825 1398 de
850 1342 1045 1411 quibus
1075 1342 1338 1411 scriptum
1365 1349 1449 1395 est
1478 1357 1491 1393 :
1520 1338 1585 1394 In
1605 1338 1784 1395 multi-

175 1435 357 1506 loquio
389 1452 496 1489 non
528 1435 749 1508 effugies
773 1444 1041 1502 peccatum
1070 1432 1251 1505 (Prov.
1284 1449 1337 1501 x,
1369 1430 1457 1503 l9)
1486 1451 1499 1490 :
1528 1433 1623 1489 sed
1652 1432 1779 1504 quid

172 1527 244 1583 ad
269 1542 498 1583 causam
516 1529 540 1582 't
558 1526 718 1583 Certe
739 1527 841 1581 hoc
870 1525 1128 1582 fateberis
1158 1539 1275 1592 eos,
1298 1525 1387 1594 qui
1408 1523 1613 1581 Christi
1646 1524 1778 1596 bap-

174 1622 334 1676 tisma
368 1622 650 1678 consecuti
693 1630 842 1687 sunt,
883 1636 991 1676 non
1036 1620 1238 1676 habere
1270 1630 1574 1690 peccatum.
1630 1621 1698 1675 Et
1733 1620 1781 1676 si

170 1714 385 1787 absque
438 1725 662 1786 peccato
711 1724 861 1783 sunt,
906 1715 1083 1786 justas
1122 1729 1271 1772 esse.
1314 1715 1563 1786 Cumque
1606 1715 1778 1770 semel

164 1806 302 1876 justi
338 1808 570 1875 fuerint,
597 1808 640 1862 si
671 1808 883 1880 egerint
922 1806 1184 1873 sollicite,
1215 1820 1377 1879 posse
1404 1808 1457 1862 in
1492 1806 1779 1878 sempiter-

170 1914 297 1955 num
340 1901 619 1971 justitiam
672 1902 973 1967 custodire,
1017 1917 1081 1958 ac
1122 1918 1219 1972 per
1250 1901 1353 1957 hoc
1391 1918 1556 1958 omne
1605 1904 1777 1959 vitare

169 2003 475 2063 peccatum.
531 1996 724 2051 Amo.
777 1992 893 2049 Non
950 1993 1233 2050 erubescis
1278 1993 1556 2064 explosam
1613 2004 1776 2064 atque

168 2084 481 2141 damnatam
511 2085 785 2142 Joviniani
811 2088 1142 2142 sententiam
1174 2086 1365 2156 sequi?
1397 2086 1465 2140 Et
1510 2086 1598 2141 ille
1629 2087 1773 2140 enim

170 2178 250 2234 his
297 2179 641 2235 testimoniis
690 2179 910 2249 tuisque
955 2179 1148 2234 nititur
1190 2178 1556 2249 argumentis;
1608 2178 1775 2232 immo

167 2282 220 2329 tu
254 2273 405 2329 illius
428 2276 655 2329 inventa
684 2272 936 2340 sectaris,
980 2272 1031 2327 in
1061 2272 1287 2328 Oriente
1326 2271 1530 2328 docere
1559 2271 1775 2329 deside-

168 2379 321 2433 rans,
372 2380 498 2436 qua:
528 2363 661 2420 olim
688 2364 897 2431 Romae,
948 2374 1005 2421 et
1031 2373 1058 2400 ι
1086 2364 1291 2419 dudum
1325 2366 1379 2419 in
1414 2362 1598 2420 Africa
1642 2380 1773 2420 con-

167 2459 429 2515 demnata
455 2466 607 2514 sunt.
640 2458 782 2528 Lege
819 2473 947 2528 ergo
970 2456 1098 2528 quid
1136 2457 1211 2513 illi
1243 2473 1565 2528 responsum
1598 2458 1690 2525 sit,
1719 2467 1775 2513 et

1891 1256 2041 1301 ratur
2062 1244 2169 1319 [Αι.
2199 1245 2559 1319 praeparatur]
2593 1267 2605 1303 :
2636 1256 2689 1302 et
2712 1247 2799 1304 hic
2820 1254 3113 1320 currimus,
3140 1263 3200 1310 ut
3226 1253 3282 1310 in
3306 1255 3492 1312 futuro

1885 1340 2414 1410 comprehendamus
2442 1360 2454 1395 :
2486 1342 2557 1397 ibi
2591 1342 2824 1413 accipiet
2855 1359 3139 1416 coronam,
3182 1348 3275 1419 qui
3310 1349 3364 1404 in
3387 1348 3495 1405 hoc

1886 1434 2085 1489 sacculo
2126 1433 2301 1489 victor
2344 1434 2653 1501 exstiterit;
2689 1435 2954 1506 nobisque
2983 1447 3109 1507 post
3156 1437 3488 1509 baptismum

1884 1525 2081 1579 dicitur
2110 1546 2122 1580 :
2149 1524 2282 1579 Ecce
2331 1542 2491 1579 sanus
2526 1529 2693 1596 factus
2734 1542 2807 1590 es,
2841 1529 2955 1599 jam
2995 1527 3105 1582 noli
3145 1544 3384 1602 peccare,
3424 1547 3489 1588 ne

1883 1618 2008 1688 quid
2046 1616 2273 1672 deterius
2320 1618 2409 1671 tibi
2450 1619 2717 1690 contingat
2763 1617 2954 1689 (Joan.
2998 1635 3050 1673 v.
3085 1619 3208 1694 M).
3235 1622 3300 1677 Et
3332 1641 3343 1676 :
3376 1622 3487 1679 Ne-

1881 1711 2023 1765 scitis
2053 1710 2174 1778 quia
2221 1710 2469 1780 templum
2513 1709 2607 1762 Dei
2633 1710 2794 1776 estis;
2826 1719 2872 1764 et
2898 1709 3133 1782 Spiritus
3160 1712 3259 1767 Dei
3285 1711 3485 1769 habitat

1879 1807 1933 1859 in
1962 1804 2144 1859 vobis?
2190 1803 2251 1859 Si
2299 1805 2411 1875 quis
2449 1804 2699 1875 templum
2745 1802 2842 1859 Dei
2885 1804 3173 1873 violaverit,
3228 1806 3491 1880 disperdat

1880 1916 1995 1955 eum
2027 1898 2165 1954 Deus
2197 1898 2242 1968 (ι
2270 1900 2389 1954 Cor.
2419 1914 2498 1965 ιιι,
2529 1898 2617 1962 16,
2652 1897 2765 1967 l7).
2800 1897 2864 1952 Et
2886 1897 2938 1953 in
2980 1898 3090 1953 alio
3112 1898 3232 1955 loco
3261 1921 3275 1957 :
3305 1900 3486 1957 Domi—

1880 2011 1975 2048 nus
2012 1993 2273 2048 vobiscum
2308 2003 2405 2059 est,
2449 1990 2699 2063 quamdiu
2731 2006 2819 2044 vos
2847 1992 2969 2046 estis
2997 2008 3114 2047 cum
3144 2008 3202 2047 eo
3229 2009 3249 2048 :
3292 1995 3337 2049 si
3361 1994 3489 2050 reli-

1879 2088 2089 2156 queritis
2129 2103 2269 2150 eum,
2303 2095 2348 2141 et
2388 2086 2478 2139 ille
2520 2084 2777 2156 relinquet
2807 2099 2893 2138 vos
2926 2083 3011 2155 (ll
3048 2083 3234 2140 Paral.
3262 2101 3359 2152 ιιι,
3404 2087 3482 2158 1).

1881 2179 1935 2235 In
1966 2180 2121 2249 cujus
2148 2188 2306 2251 putas
2343 2178 2575 2234 delubro
2612 2186 2778 2248 atque
2816 2178 3058 2233 sacrario
3086 2177 3293 2233 Christi
3334 2179 3487 2250 puri-

1880 2282 1961 2328 tas
1990 2282 2295 2343 permanet,
2326 2271 2622 2342 templique
2652 2270 2921 2326 serenitas
2945 2270 3097 2325 nullo
3128 2270 3317 2326 nubilo
3352 2284 3485 2327 con-

1879 2366 2159 2422 tristatur?
2190 2364 2454 2420 Eumdem
2488 2378 2707 2433 semper
2738 2363 2949 2418 vultum
2982 2362 3189 2419 habere
3219 2378 3329 2419 non
3355 2377 3487 2435 pos-

1877 2474 2101 2524 sumus;
2133 2458 2277 2529 quod
2306 2457 2376 2513 de
2399 2456 2628 2513 Socrate
2658 2455 2795 2510 falso
2818 2453 3134 2527 philosophi
3161 2453 3269 2527 [ΑΙ.
3302 2455 3484 2525 philo-

172 2552 268 2608 tibi
301 2566 633 2624 responsum
659 2552 867 2608 ducito.
898 2550 954 2608 ln
977 2551 1327 2623 dogmatibus
1351 2553 1496 2608 enim
1523 2562 1578 2608 et
1598 2567 1775 2622 qums-
1804 2550 1851 2610 B
1876 2552 2072 2625 50pho]
2124 2552 2460 2624 gloriantur;
2514 2562 2719 2621 quanto
2752 2551 2926 2620 magis
2974 2549 3265 2605 animum?
3303 2548 3484 2606 Multa:

172 2644 409 2701 tientihus
449 2645 791 2702 disserendis
834 2661 940 2700 non
988 2660 1242 2715 persona,
1285 2644 1383 2701 sed
1434 2660 1593 2701 causa
1625 2661 1774 2716 qua:-

170 2737 335 2792 renda
365 2746 472 2794 est.
510 2738 575 2793 Et
606 2748 787 2793 tamen
814 2736 918 2793 hoc
944 2738 1108 2804 scito,
1139 2736 1467 2805 baptismum
1499 2736 1772 2805 prseterita

173 2829 376 2887 donare
409 2839 660 2901 peccata,
686 2846 794 2885 non
826 2828 1063 2885 futuram
1092 2844 1315 2885 servare
1329 2829 1623 2900 justitiam,
1652 2844 1771 2901 quae

172 2922 358 2981 labore
394 2932 453 2981 et
494 2923 790 2992 industria,
831 2938 895 2978 ac
921 2922 1234 2995 diligentia,
1278 2931 1333 2979 et
1370 2938 1591 2994 semper
1610 2939 1773 2994 super

174 3019 351 3075 Omnia
384 3017 483 3075 Dei
511 3017 807 3073 clementia
835 3017 1144 3073 custoditur
1172 3034 1186 3071 :
1232 3024 1290 3072 ut
1318 3027 1563 3072 nostrum
1586 3018 1655 3073 sit
1684 3032 1774 3073 ro-

172 3125 317 3181 gare,
370 3110 524 3165 illius
552 3109 791 3166 tribuere
812 3110 958 3180 quod
1000 3119 1222 3181 rogatur
1248 3128 1261 3164 :
1293 3108 1320 3148 δ
1344 3120 1589 3166 nostrum
1632 3110 1771 3166 inci-

175 3218 325 3273 pere,
355 3202 506 3259 illius
546 3204 811 3273 perlicere
841 3219 856 3257 :
890 3212 1134 3259 nostrum
1179 3204 1377 3260 offerre
1402 3206 1545 3277 quod
1581 3221 1776 3274 possu-

174 3310 315 3362 mus,
352 3295 502 3351 illius
538 3295 770 3367 implere
795 3296 937 3363 quod
987 3312 1092 3353 non
1125 3312 1435 3368 possumus.
1492 3298 1614 3353 Nisi
1642 3301 1775 3354 enint

175 3387 428 3442 Dominus
453 3388 789 3458 wdiﬁcaverit
816 3388 1045 3455 domum,
1090 3391 1143 3444 in
1191 3407 1375 3444 vanum
1414 3390 1776 3446 laboraverunt

172 3482 255 3550 qui
277 3481 544 3550 nidificant
565 3497 698 3535 eam.
721 3480 842 3535 Nisi
865 3480 1116 3537 Dominus
1156 3484 1453 3539 custodierit
1486 3486 1775 3550 civitatem,

176 3574 225 3627 in
248 3591 437 3631 vanum
468 3576 648 3647 vigilat
675 3573 793 3647 [AL
830 3575 1090 3650 vigilabit]
1118 3578 1205 3648 qui
1244 3579 1464 3633 custodit
1496 3595 1610 3634 eam
1644 3578 1776 3652 (Ps.

178 3680 354 3735 cxxvt,
389 3667 444 3735 1,
476 3667 572 3741 2).
599 3667 753 3725 Unde
780 3678 837 3725 et
876 3670 1180 3741 Apostolus
1206 3672 1454 3743 praecipit
1486 3690 1498 3727 :
1532 3672 1623 3729 Sic
1657 3689 1779 3728 cur-

177 3758 285 3825 rite,
315 3771 371 3815 ut
401 3761 873 3828 compreltendatis.
904 3761 1093 3818 Omnes
1118 3764 1323 3834 quidem
1345 3776 1585 3832 currunt,
1631 3767 1722 3821 sed
1751 3777 1774 3807 ο

178 3866 304 3908 unus
338 3856 529 3927 accipit
570 3871 818 3911 coronam
842 3855 890 3928 (I
925 3854 1043 3912 Cor.
1108 3873 1182 3925 Ix,
1213 3856 1330 3929 24).
1379 3857 1445 3914 Ει
1476 3860 1529 3915 in
1564 3860 1779 3930 psalmo

1873 2646 2038 2702 facies
2064 2646 2370 2709 hominum,
2396 2647 2476 2701 sic
2505 2654 2561 2701 et
2582 2644 2746 2700 corda
2764 2643 3002 2699 diversa.
3032 2641 3091 2699 Si
3119 2640 3239 2699 ﬁeri
3269 2651 3479 2714 posset,

1873 2749 1931 2794 ut
1966 2754 2185 2810 semper
2207 2753 2365 2809 aqua:
2398 2738 2740 2809 baptismatis
2772 2751 2988 2792 mersos
3029 2744 3305 2804 tenerent,
3337 2736 3481 2792 voli-

1874 2833 2043 2887 tantia
2069 2845 2168 2887 nos
2198 2831 2436 2900 desuper
2468 2840 2689 2901 peccata
2725 2845 2831 2885 non
2877 2839 3166 2900 tangerent
3197 2845 3211 2883 :
3245 2828 3485 2900 Spiritus

1873 2933 2092 2979 sanctus
2136 2932 2379 2978 tueretur
2425 2922 2535 2994 [ΑΙ.
2571 2920 2802 2993 tuetur].
2836 2920 2941 2977 Sed
2980 2922 3261 2993 impugnat
3300 2921 3487 2977 inimi-

1873 3033 1992 3087 cus,
2020 3033 2123 3075 nec
2158 3019 2338 3074 victus
2368 3017 2597 3084 recedit,
2633 3017 2727 3073 sed
2777 3032 2994 3087 semper
3024 3017 3079 3071 in
3120 3016 3336 3073 insidiis
3373 3025 3480 3088 est,

1876 3123 1931 3168 ut
1960 3113 2185 3183 sagittet
2210 3113 2264 3168 in
2295 3113 2515 3167 occulto
2545 3123 2728 3168 rectos
2758 3110 2944 3167 corde.

1945 3207 2000 3263 2.
2046 3208 2129 3263 Ea:
2159 3207 2443 3281 Evangelio
2471 3210 2629 3281 juxta
2678 3205 2947 3261 Hebrteos.
2977 3237 3049 3247 -—
3087 3207 3143 3263 lu
3182 3207 3485 3279 Evangelia

1869 3302 2027 3371 juxta
2057 3300 2325 3367 Hebrazos,
2351 3301 2495 3372 quod
2522 3299 2817 3356 Chaldaico
2841 3300 3061 3371 quidem
3084 3300 3337 3373 Syroque
3365 3316 3485 3357 ser-

1880 3410 2061 3461 mone,
2092 3395 2188 3450 sed
2217 3394 2500 3451 Hebraicis
2532 3394 2730 3449 litteris
2755 3395 3019 3465 scriptum
3051 3403 3156 3458 est,
3190 3410 3299 3464 quo
3320 3404 3486 3451 utun-

1883 3497 1972 3544 tur
2018 3503 2189 3559 usque
2235 3487 2397 3543 hodie
2436 3486 2724 3554 Nazareni,
2774 3484 2801 3523 ἀ
2848 3486 3136 3541 secundum
3180 3488 3483 3559 Apostolos,

1882 3583 2001 3639 sive
2023 3593 2080 3637 ut
2111 3583 2357 3654 plerique
2379 3592 2685 3645 autumant.
2718 3586 2866 3650 iuxta
2900 3582 3228 3648 Matt/tamin,
3259 3579 3403 3652 quod
3430 3588 3489 3637 et

1883 3677 1934 3732 in
1966 3676 2290 3732 Caesariensi
2330 3676 2563 3732 habetur
2594 3675 2948 3741 biblimheca,
2981 3682 3167 3730 narrat
3207 3672 3443 3729 historia
3470 3691 3485 3729 :

1883 3768 2019 3824 Ecce
2044 3779 2209 3823 mater
2237 3767 2450 3823 Domini
2481 3779 2530 3823 et
2558 3770 2745 3839 fratres
2773 3771 2887 3841 ejus
2918 3764 3155 3821 dicebant
3196 3766 3243 3820 ei
3270 3780 3289 3820 :
3317 3764 3487 3821 Joan-

1882 3881 1970 3919 nes
2017 3864 2251 3935 Baptista
2310 3865 2535 3935 baptizat
2584 3864 2635 3917 in
2689 3863 3041 3916 remissionem
3106 3867 3438 3931 peccatorum
3466 3878 3486 3918 :

180 3945 433 4015 scriptum
475 3956 565 4003 est
597 3965 609 4001 :
643 3945 887 4014 Domine,
929 3959 984 4003 ut
1010 3961 1155 4005 scuto
1181 3951 1328 4006 bona
1364 3950 1641 4008 voluntatis
1670 3964 1773 4009 tua:
1798 3936 1843 3998 ε
1877 3974 2053 4011 eamus
2078 3968 2125 4012 et
2148 3958 2467 4031 baptizemur
2486 3957 2551 4011 ab
2573 3972 2651 4010 eo.
2686 3953 2833 4009 Dixit
2857 3965 3029 4009 autent
3056 3952 3125 4007 eis
3154 3969 3172 4006 :
3197 3951 3339 4020 Quid
3368 3970 3488 4023 pec-

181 4040 428 4094 coronasti
449 4057 545 4096 nos
565 4039 682 4113 (Ps.
718 4056 774 4108 ν,
802 4041 908 4111 l5).
932 4040 1128 4099 Nostra
1170 4044 1317 4099 enim
1345 4044 1569 4101 victoria
1595 4054 1650 4101 et
1675 4061 1768 4103 co-

250 4213 273 4240 ⁸
311 4204 427 4279 Non
468 4206 618 4279 quod
647 4206 812 4279 etiam
858 4206 912 4279 i_n
958 4204 1171 4279 Africa,
1195 4215 1254 4261 ut
1293 4216 1522 4279 annotat
1560 4208 1779 4265 Martia-

185 4289 345 4339 nteus.
372 4275 627 4334 damnata
662 4275 1140 4345 fuissetJoviuiani
1160 4277 1274 4345 ipsa
1302 4278 1372 4333 de
1400 4280 1623 4334 nomine
1653 4296 1780 4336 sen-

188 4347 368 4412 tentia,
396 4366 519 4418 quae
550 4350 641 4404 vix
667 4355 817 4403 extra
846 4344 1054 4400 Italiam
1084 4344 1359 4418 eruperat.
1390 4359 1449 4403 ut
1492 4366 1555 4405 ex
1582 4350 1640 4408 S.
1666 4352 1774 4407 Au-

185 4426 319 4485 gust.
349 4421 446 4476 lib.
474 4421 546 4476 de
574 4420 782 4474 “mres.
806 4427 1073 4487 apparet;
1106 4418 1200 4472 sed
1231 4418 1351 4473 ideo
1377 4419 1517 4474 dixit
1545 4420 1772 4478 Hieron.

184 4490 323 4559 quod
384 4490 783 4559 impeccantia,
848 4503 1011 4559 quam
1064 4487 1389 4559 Jovinianus
1446 4491 1777 4549 defendebat

184 4558 399 4639 dudum,
428 4558 481 4639 i_d
514 4572 614 4639 est_
628 4576 804 4631 nuper
828 4558 1093 4639 inéfrica
1115 4558 1581 4639 fpisset‘damuata
1602 4578 1623 4639 ;_
1648 4567 1773 4633 quia

177 4629 230 4689 in
280 4630 394 4685 Afr.
431 4632 674 4702 Synodo,
702 4629 791 4686 an.
847 4632 952 4687 412
1007 4640 1097 4686 aut
1125 4629 1254 4695 H5,
1285 4630 1575 4686 damnatus
1600 4629 1776 4691 fuerat

187 4713 339 4774 error
378 4701 619 4758 leestii
659 4703 728 4757 de
765 4702 1148 4774 lmpeccantia,
1180 4717 1342 4771 quem
1372 4705 1622 4759 eumdem
1656 4721 1778 4763 esse

188 4772 348 4826 sentit
386 4788 509 4827 cum
536 4774 631 4829 illo
657 4772 952 4830 Jovittiani.
987 4776 1132 4830 Idem
1162 4775 1403 4830 sensisse
1432 4774 1689 4830 videntur
1715 4778 1771 4832 S.

189 4843 430 4917 August._
448 4845 539 4898 lib.
572 4848 636 4901 de
666 4845 880 4915 Nuptiis
928 4857 974 4901 et
1006 4847 1234 4917 Concup.
1270 4863 1418 4902 ntttn.
1458 4846 1545 4909 15,
1577 4863 1630 4916 p.
1673 4849 1779 4905 508

191 4913 355 5034 e318:
394 4914 600 4973 Jactate
648 4929 702 4974 ut
743 4913 1037 4974 mensuram
1059 4913 1324 4973 Ioviniani
1380 4913 1655 4990 perfectius
1686 4921 1778 4974 im-

194 5000 223 5034 υ
244 4997 386 5034 ιαιιε.

194 4997 386 5052 pteatis.

259 5054 284 5093 δ
325 5058 575 5115 Nostrum
624 5063 872 5132 incipere.
931 5061 1008 5117 Ex
1063 5059 1167 5116 hoc
1214 5060 1334 5117 loco
1375 5060 1561 5117 dicere
1608 5063 1785 5131 potuit

197 5137 405 5210 sanctus
432 5131 757 5210 Benedictus
787 5134 1020 5210 Prolngo
1043 5204 1055 5210 _
1076 5134 1144 5210 in_
1181 5132 1441 5210 Regulam
1490 5147 1642 5210 suam
1676 5156 1688 5189 :
1718 5132 1783 5189 In

198 5201 387 5277 primis,
416 5214 468 5256 ut
494 5206 748 5274 quidquid
768 5201 1251 5277 agenduminchoas
1266 5201 1479 5274 bonum,
1502 5205 1566 5277 ab
1595 5222 1653 5260 eo
1671 5223 1785 5276 per-

1870 4052 1999 4115 cavi,
2028 4060 2085 4105 ut
2107 4050 2293 4104 cadam
2319 4060 2368 4106 et
2391 4050 2619 4121 baptizer
2640 4049 2703 4101 ab
2728 4048 2827 4102 eo?
2856 4056 2879 4086 θ
2913 4046 3034 4101 Nisi
3054 4047 3187 4117 forte
3202 4044 3298 4099 hoc
3315 4044 3485 4117 ipsum

1884 4212 2068 4282 itaque
2094 4215 2278 4282 priora
2310 4211 2421 4268 duo
2461 4213 2541 4268 sic
2567 4212 2851 4282 distinguit
2883 4211 3023 4267 Beda
3060 4210 3217 4266 initio
3242 4207 3398 4265 Com.
3431 4210 3486 4266 in

1883 4281 2109 4345 Lucam,
2139 4293 2196 4337 ut
2226 4284 2580 4348 Evangelium
2610 4281 2902 4339 duodecim
2939 4282 3315 4352 apostolorum
3344 4282 3487 4339 inter

1882 4353 2086 4427 scripta
2137 4354 2449 4427 apocrypha
2499 4356 2567 4409 ab
2613 4356 2885 4427 haereticis
2927 4352 3490 4427 prolecta,‘Evange-

1882 4421 2013 4481 lium
2037 4421 2502 4482 vero'secundutn
2534 4426 2793 4481 Hebraeos
2823 4421 2967 4479 inter
2988 4424 3192 4491 scripta
3217 4421 3490 4478 Ecclesia-

1880 4496 2012 4569 stica
2060 4498 2279 4569 referat.
2330 4496 2478 4552 Inter
2523 4497 2939 4569 qtta:,_inqttit,
2981 4494 3302 4569 notandum,
3350 4496 3488 4566 quod

1879 4568 2070 4639 dicitur
2097 4568 2438 4638 Evangelium
2478 4567 2635 4639 ju.rta
2658 4567 2929 4629 Hebrazos,
2959 4567 3233 4639 noninter
3258 4583 3485 4639 (apocry-

1882 4637 2044 4706 phas,
2088 4641 2180 4693 sed
2210 4636 2342 4693 inter
2379 4636 2757 4694 ecclesiasticas
2798 4637 3171 4692 numerandum
3214 4636 3480 4694 historias.

1887 4707 2027 4762 Nam
2070 4720 2120 4764 et
2165 4711 2265 4778 ipsi
2301 4726 2467 4764 sacra:
2510 4710 2800 4777 Scriptura:
2840 4709 3108 4777 interpreti
3164 4708 3486 4778 Hieronymo

1885 4779 2130 4850 pleraque
2151 4797 2214 4834 ea:
2241 4798 2301 4835 eo
2330 4781 2620 4835 testimonia
2648 4797 2902 4847 usurpare
2925 4822 2940 4845 ,
2974 4791 3020 4834 et
3063 4782 3234 4849 ipsum
3263 4782 3317 4835 in
3344 4779 3491 4835 Lati-

1886 4849 2009 4904 num
2034 4849 2372 4921 Grtccumque
2398 4858 2563 4905 visum
2592 4862 2663 4907 est
2694 4853 2977 4921 transferre
3005 4868 3313 4907 sermonem.

1965 4931 1988 4958 θ
2030 4920 2166 4977 Hinc
2195 4920 2563 4976 calumniandi
2591 4920 2930 4977 occasionem
2960 4922 3216 4977 Julianus
3241 4921 3489 4990 Pelagia-

1891 5008 1994 5047 nus
2025 4994 2274 5061 arripuit,
2307 4991 2462 5062 cujus
2489 4993 2649 5062 verba
2676 4991 2865 5048 isthu-c
2912 4992 3248 5056 Augustinus
3294 4994 3491 5047 recitat

1892 5063 1986 5118 lib.
2027 5079 2079 5135 tv
2117 5062 2315 5132 Operis
2345 5061 2644 5132 imperfecti
2676 5080 2796 5135 cap.
2826 5064 2894 5119 88
2920 5081 2934 5118 :
2977 5063 3162 5118 Verum
3191 5063 3301 5135 his,
3323 5071 3379 5115 ut
3406 5079 3489 5135 res

1889 5134 2138 5207 postulat,
2169 5134 2416 5207 impletis,
2438 5138 2587 5207 juvat
2615 5146 2662 5189 te
2691 5134 3040 5206 (Augustine)
3065 5135 3143 5190 vel
3170 5134 3493 5207 mediocriter

1888 5205 2286 5279 convenirequa
2309 5205 2522 5279 (fiducia
2555 5216 2608 5259 tu
2654 5205 2770 5261 cum
2814 5207 3122 5278 Hieronymi
3157 5206 3353 5279 scripta
3380 5207 3491 5279 col-

200 5266 659 5361 ﬁCt'i'ttstantiisima
672 5266 1488 5361 oratione‘deposcas,elocaatera'.
1509 5266 1778 5361 Mamilia.
1811 5301 1864 5361 Ι)
1888 5276 2090 5361 laudes,
2127 5266 2270 5361 dicas
2299 5266 2351 5331 in
2380 5274 2583 5361 Christo
2614 5266 3213 5361 nonfuisse-peccatu‘m.
3254 5266 3372 5361 cum
3398 5277 3490 5360 ille

201 5363 265 5418 -ς
280 5339 351 5397 Ne
385 5360 569 5418 prava:
618 5339 997 5418 intelligentiae
1028 5347 1181 5402 locus
1218 5347 1305 5403 hic
1348 5356 1531 5418 pateat
1566 5390 1582 5413 ,
1643 5350 1782 5405 adde

203 5408 515 5490 clausulam,
547 5434 711 5490 quam
755 5408 916 5475 simili
951 5419 1239 5474 sententia:
1293 5408 1535 5489 in'epist.
1570 5408 1674 5476 l50
1713 5419 1779 5475 ad

205 5477 591 5562 Demetriadem
627 5492 742 5561 ipse
784 5490 1151 5562 Hieronymus
1175 5490 1311 5562 satis
1339 5477 1645 5544 orihodoxe
1687 5505 1778 5546 se-

205 5555 479 5633 metipsum
531 5555 842 5633 exphcans,
888 5555 1162 5632 apposuit,
1194 5561 1477 5631 Ipsumque
1505 5561 1781 5633 quodno-

206 5630 356 5679 “tum
379 5642 475 5698 est,
504 5630 614 5688 sine
636 5631 736 5688 Dei
771 5630 1100 5689 miseratione
1124 5642 1354 5687 nostrum
1382 5630 1487 5687 non
1516 5641 1611 5686 est.
1644 5631 1777 5690 Vide

209 5704 316 5759 qure
342 5703 495 5763 paulo
518 5704 657 5759 infra
689 5721 840 5760 num.
868 5706 937 5761 10
960 5712 1310 5760 annotamus.

273 5769 298 5844 ἦ
337 5767 478 5844 linus
502 5775 672 5832 Vatic.
706 5777 799 5830 sed
825 5793 927 5831 non
953 5793 1125 5844 omnes
1147 5776 1400 5844 accipient
1428 5792 1692 5831 coronam.

275 5834 301 5870 (³
339 5838 447 5915 Hoc
473 5845 819 5915 locodiserte
847 5849 1005 5915 docet
1037 5843 1185 5915 Hier.
1222 5834 1319 5915 pro
1354 5846 1545 5902 eodem
1584 5864 1643 5902 se
1683 5848 1778 5904 ha-

242 5909 1037 5997 fﬂehgtiangeliumsecundum
1056 5909 1363 5997 duodecim.
1378 5920 1689 5997 Apostolus,
1723 5928 1780 5990 et

244 5973 623 6057 ltahéeMutta
665 5973 940 6058 Habitetis,
980 5973 1043 6048 ct
1081 5973 1774 6061 Nabarentitu'cli’ei‘perani

1889 5347 2111 5419 Dialogo
2137 5348 2251 5413 illo,
2281 5365 2431 5420 quem
2460 5352 2554 5403 sub
2589 5347 2794 5403 nomine
2820 5347 2996 5412 Astici,
3024 5362 3072 5405 et
3104 5348 3355 5405 Critobuli
3389 5349 3489 5402 mi—

1884 5436 1968 5483 ra,
2011 5430 2058 5473 et
2098 5430 2154 5473 ut
2183 5421 2336 5473 talem
2382 5419 2538 5490 [idem
2587 5420 2819 5486 decebat,
2866 5433 3133 5476 venustate
3174 5420 3483 5489 composuit,

1883 5492 2036 5545 etiam
2055 5492 2231 5564 quinti
2252 5490 2543 5564 Evangelii,
2566 5492 2765 5564 quodga
2788 5509 2842 5546 se
2867 5494 3178 5547 translatum
3198 5492 3348 5564 dicit,
3386 5500 3489 5543 tes-

1883 5563 2098 5617 timonio
2134 5563 2327 5618 nitatur
2366 5562 2652 5628 ostendere,
2691 5562 2953 5619 Christum
2990 5580 3092 5617 non
3128 5562 3296 5616 solum
3337 5569 3494 5615 natu-

1886 5635 2020 5699 rale,
2069 5651 2243 5689 verum
2298 5636 2455 5689 etiam
2499 5635 2845 5689 voluntarium
2892 5634 3133 5688 habuisse
3180 5641 3486 5702 peccatum,

1888 5717 2099 5776 prapter
2124 5707 2261 5776 quod
2281 5723 2335 5760 se
2359 5708 2649 5777 cognoverit
2675 5706 2903 5759 Joannes
2934 5706 3237 5773 baptismate
3280 5704 3487 5777 diluen-

1888 5775 2030 5845 dum,
2079 5775 2185 5834 etc.
2234 5775 2611 5846 Apertissitme
2643 5777 2932 5846 calunmim
2962 5778 3077 5830 ha-c
3107 5776 3349 5843 reposuit
3376 5775 3491 5831 Au-

1886 5851 2135 5920 gustinus
2167 5866 2180 5903 :
2218 5850 2278 5905 Si
2304 5850 2561 5920 posuisses
2580 5845 2754 5920 verba
2784 5846 3113 5920 Hieronymi,
3149 5848 3382 5920 fortassis
3410 5863 3494 5901 os-

1889 5915 2145 5973 ienderem
2164 5988 2172 5993 Δ
2193 5915 2451 5993 quomodo
2480 5916 2782 5993 accipienda
2824 5915 3127 5993 essent-siue
3151 5915 3491 5993 blasphemia,

1886 5998 2044 6056 quam
2072 5994 2126 6046 tu
2158 5983 2236 6043 illi
2270 5983 2555 6059 iinporta‘rc
2595 5983 2801 6043 conm-is
2830 5999 2847 6043 ι
2877 5983 3014 6059 quod
3044 5986 3089 6046 si
3132 5999 3235 6047 non
3264 5983 3491 6059 possim,
