4054 6368
507 341 608 400 δτι

1768 331 1825 389 8.
1872 329 2144 388 EUSEBII
2185 329 2569 388 HIERONYMI

3699 331 3843 391 572

502 458 637 529 quod
680 456 815 520 dixi,
869 451 1168 526 ignorantia
1207 458 1304 504 est.
1344 448 1410 503 Et
1449 447 1504 502 in
1547 446 1743 503 eodem
1777 445 2050 501 volumine
2083 463 2098 499 :
2130 461 2182 520 Α
2206 460 2308 516 ego
2339 445 2467 515 quid
2505 445 2718 514 loquar.
2752 444 3013 510 Posuisti,
3055 443 3082 484 δ
3117 445 3393 502 hominem
3428 446 3549 503 sine
3584 457 3832 518 peccato

505 555 567 608 Si
603 552 910 624 peccaverit,
953 548 1116 620 783
1167 545 1361 615 inquit,
1411 548 1570 615 frater
1609 554 1726 597 tuus
1755 543 1807 596 in
1840 543 2011 606 verba,
2055 551 2102 594 et

502 645 630 698 satis
667 643 758 697 tibi
794 642 993 711 fecerit,
1026 639 1212 711 septies
1239 639 1293 690 in
1323 635 1407 690 die
1436 636 1640 707 suscipe
1679 651 1812 689 cura.
1843 632 1991 687 Dixit
2030 633 2120 688 illi.

505 736 691 792 Simon
714 735 1000 802 discipulus
1022 735 1134 804 ejus
1165 745 1183 783 :
1211 728 1415 797 Septies
1447 727 1498 780 in
1524 725 1651 780 die?
1684 722 1972 796 Respondit
1999 722 2112 778 Do-

506 829 700 890 minus,
733 837 779 882 et
807 826 939 880 dixit
969 825 1015 878 ei
1047 821 1268 879 :Etiam
1297 837 1387 891 ego
1421 820 1536 874 dico
1566 818 1678 885 tibi,
1710 835 1872 889 usque
1898 827 2109 890 septua-

503 923 614 994 gies
632 921 815 992 septies
845 917 1013 986 (Mat.
1050 931 1198 980 xvut,
1219 911 1312 980 Ἡ,
1342 921 1388 966 et
1416 911 1546 966 Luc.
1572 928 1704 978 xvu,
1729 911 1810 979 4).
1840 911 2041 964 Etenim
2057 909 2110 964 in

507 1011 790 1085 PrOpItetis
825 1024 1028 1083 quoque
1062 1016 1334 1080 postquam
1360 1006 1501 1060 uncti
1526 1015 1646 1060 sunt
1678 1004 1882 1074 Spiritu
1905 1012 2109 1070 sancto,

507 1105 743 1162 inventus
798 1112 870 1158 est
919 1116 1086 1158 sermo
1137 1098 1356 1171 peccati.
1410 1107 1436 1134 ⁸
1481 1097 1718 1168 ignatius
1766 1097 1849 1152 vir
1895 1107 2114 1167 aposto-

512 1200 652 1255 licus
681 1208 733 1253 et
766 1208 992 1269 martyr,
1024 1194 1212 1251 scribit
1235 1193 1497 1248 audacter
1531 1209 1544 1245 :
1586 1210 1604 1245 ς
1641 1190 1815 1261 Elegit
1853 1189 2113 1246 Dominus

514 1293 844 1363 Apostolus,
903 1290 994 1360 qui
1057 1302 1220 1359 super
1274 1300 1467 1341 omnes
1507 1284 1758 1340 homines
1800 1291 2114 1352 peccatores

512 1393 690 1442 erant.
706 1404 725 1438 s
745 1384 823 1440 De
837 1398 1068 1454 quorum
1083 1380 1250 1437 celeri
1265 1378 1626 1434 conversione
1641 1377 1816 1434 Psalm
1825 1377 1926 1434 ista
1943 1377 2114 1432 canit.

514 1477 571 1534 Μ
581 1477 879 1548 ηιιὶριὶεατω
906 1483 1024 1530 sunt
1057 1473 1386 1544 infirmitates
1417 1488 1619 1538 eorum,
1649 1483 1826 1545 postea
1852 1471 2116 1528 accelera-

515 1581 695 1629 verunt
727 1569 847 1644 (Ps.
882 1585 971 1636 x-v,
994 1569 1077 1641 4).
1105 1568 1316 1635 Quibus
1345 1568 1696 1633 testimoniis,
1726 1566 1774 1622 si
1805 1581 1912 1621 non
1945 1565 2116 1622 uteris

514 1664 584 1721 ad
615 1662 1030 1728 auctoritatem,
1059 1668 1212 1716 utere
1239 1660 1437 1716 saltem
1466 1659 1534 1714 ad
1561 1659 1961 1729 antiquitatem,
1988 1657 2115 1726 quid

517 1772 710 1814 omnes
733 1753 1102 1812 Ecclesiastici
1134 1753 1231 1810 viri
1255 1754 1548 1810 senserint.
1583 1751 1693 1808 Fac
1721 1751 1958 1821 aliquem
1989 1750 2118 1820 bap-

2208 553 2357 605 esse,
2398 539 2442 593 si
2485 539 2636 592 velit.
2685 538 2801 608 Ego
2830 538 3172 609 impossibile
3200 538 3304 595 hoc
3338 540 3391 594 in
3428 540 3647 596 homine
3691 557 3835 599 esse

2210 632 2545 704 respondeo,
2573 649 2679 686 non
2711 632 2836 702 quia
2873 631 3059 687 statim
3085 646 3116 685 a
3137 631 3472 702 baptismate
3499 634 3667 689 homo
3692 651 3839 706 pec-

2210 732 2337 780 cato
2379 740 2484 780 non
2513 735 2718 791 careat,
2752 724 2847 779 sed
2885 724 3016 780 illud
3049 733 3261 793 tempus
3285 725 3504 794 quando
3543 728 3664 782 sine
3688 743 3835 798 pec-

2211 827 2336 872 cato
2373 826 2477 883 est,
2514 832 2856 889 nequaquam
2888 818 3240 887 possibilitati
3273 817 3549 886 humante,
3588 820 3686 876 sed
3716 821 3836 876 Dei

2213 915 2400 982 gratia:
2449 911 2766 983 deputatur.
2812 912 2970 968 'l‘olle
3010 912 3177 982 igitur
3213 928 3399 984 posse,
3443 925 3497 970 et
3543 931 3645 985 ego
3690 930 3843 971 esse

2213 1005 2534 1060 Concedam.
2566 1005 2856 1072 Quomodo
2897 1006 3042 1061 enim
3091 1016 3294 1075 potest,
3336 1008 3430 1078 qui
3467 1022 3563 1077 per
3599 1024 3662 1064 se
3705 1024 3846 1066 non

2214 1100 2429 1170 potest?
2468 1101 2580 1155 Aut
2609 1115 2731 1168 quae
2770 1109 2854 1155 est
2899 1101 2990 1156 illa
3025 1101 3415 1169 impeccantia,
3461 1119 3582 1171 qua:
3628 1105 3842 1164 statim

2215 1192 2462 1261 corporis
2493 1190 2656 1260 hujus
2684 1203 2708 1232 ο
2756 1202 2933 1249 morte
2981 1193 3204 1248 linitur?
3233 1193 3344 1249 Aut
3391 1206 3547 1252 certe
3590 1196 3637 1250 si
3671 1196 3849 1253 ultra

2218 1284 2382 1338 vitam
2412 1285 2759 1353 protraxerit,
2785 1284 2976 1340 delicti
2999 1293 3055 1339 et
3075 1284 3398 1355 ignorantia:
3427 1287 3674 1356 periculo
3693 1288 3851 1342 sub-

2212 1376 2362 1447 jacet
2390 1375 2497 1449 [Αι.
2523 1376 2876 1449 subjacebit].
2907 1376 2966 1432 ϐ.
3004 1377 3299 1434 Dialectica
3331 1396 3423 1436 me
3447 1389 3569 1435 arte
3597 1381 3850 1436 conclu-

2218 1471 2325 1536 dis,
2352 1481 2407 1526 et
2438 1487 2543 1526 non
2574 1471 2888 1529 Christiana
2939 1473 3185 1543 loqueris
3222 1474 3606 1546 simplicitate.
3645 1475 3848 1532 nodos

2219 1562 2350 1620 mihi
2380 1563 2643 1634 quosdam
2667 1564 2809 1620 inter
2842 1578 2986 1632 esse,
3019 1574 3078 1620 et
3115 1579 3242 1620 esse
3269 1577 3434 1634 posse
3457 1568 3848 1623 concinnans.

2219 1658 2280 1711 ,4.
2334 1658 2517 1730 Egone
2564 1658 2864 1714 verborum
2915 1659 3160 1729 strophis
3207 1659 3338 1715 ludo
3366 1700 3379 1723 ,
3415 1675 3540 1716 cum
3597 1661 3708 1717 hoc
3752 1661 3851 1718 de

2222 1759 2311 1806 tua
2358 1752 2691 1821 processerit
2728 1751 2981 1808 ofﬁcina?
3021 1751 3104 1809 'l‘u
3141 1753 3287 1808 enim
3325 1752 3483 1819 dicis,
3535 1767 3645 1808 non
3698 1767 3853 1809 esse

519 1853 767 1916 tisatum,
816 1850 902 1906 vel
932 1850 1141 1916 statim,
1189 1849 1274 1903 vel
1316 1848 1372 1904 in
1399 1847 1534 1918 ipsis
1563 1847 1755 1904 diebus
1785 1857 1958 1904 morte
1987 1845 2118 1903 sub-
2149 1876 2192 1936 Β
2224 1844 2496 1899 hominem
2521 1844 2639 1900 sine
2668 1855 2913 1914 peccato,
2936 1844 3036 1901 sed
3063 1859 3192 1900 esse
3215 1859 3393 1915 posse,
3422 1843 3449 1881 ά
3477 1859 3601 1900 cum
3630 1861 3662 1899 e
3688 1860 3856 1901 con-

521 1952 773 2008 tractum,
805 1951 858 1998 et
885 1941 1182 2002 conicedam
1210 1940 1328 2006 tibi,
1370 1939 1516 2012 quod
1549 1940 1853 1996 concedere
1882 1954 1990 1995 non
2019 1939 2118 1995 de-

522 2038 663 2104 beo,
711 2051 811 2093 nec
856 2036 1130 2107 cogitasse
1176 2035 1400 2105 aliquid,
1445 2051 1544 2090 nec
1591 2036 1861 2103 locutum,
1914 2036 1968 2092 in
2015 2049 2124 2104 quo

521 2144 713 2188 errore
753 2138 807 2186 et
853 2129 1156 2201 ignorantia
1217 2129 1516 2185 laberetur.
1565 2129 1700 2184 Num
1737 2128 1842 2202 [ΑΙ.
1873 2127 1959 2201 Et]
2001 2128 2124 2184 ideo

521 2223 642 2280 sine
674 2231 897 2293 peccato
925 2222 1052 2288 erit,
1085 2223 1218 2293 quia
1240 2221 1514 2279 videbitur
1541 2239 1648 2278 non
1677 2237 1994 2289 superasse,
2027 2220 2125 2278 sed

523 2317 728 2388 fugisse
758 2326 1068 2388 peccatum,
1094 2330 1158 2372 ac
1187 2331 1294 2372 non
1325 2318 1508 2387 potius
1531 2316 1654 2385 quia
1691 2317 1781 2372 Dei
1815 2315 2126 2372 miscricor-

523 2409 614 2466 dia
662 2409 733 2466 de
777 2421 1124 2480 peccatorum
1170 2425 1397 2466 carcere
1448 2409 1711 2468 liberatus
1765 2408 2020 2480 migravit
2056 2407 2124 2464 ad

528 2503 863 2558 Dominum?
905 2503 1020 2560 Hoc
1057 2512 1113 2558 ct
1143 2516 1241 2559 nos
1281 2502 1533 2570 dicimus,
1569 2517 1728 2572 posse
1756 2503 1926 2558 Deum
1970 2500 2126 2570 quid-

524 2596 660 2668 quid
691 2595 964 2663 voluerit;
999 2605 1054 2651 et
1082 2595 1360 2650 hominem
1394 2610 1488 2665 per
1513 2609 1574 2652 se
1602 2603 1658 2650 et
1683 2594 1904 2664 propria
1935 2593 2130 2650 volun—

521 2695 657 2753 tate,
689 2687 833 2758 quod
865 2695 922 2742 tu
971 2687 1192 2752 asseris,
1237 2687 1355 2742 sine
1400 2694 1620 2756 peccato
1649 2701 1772 2742 esse
1803 2701 1912 2742 non
1946 2698 2127 2754 posse.

527 2781 627 2835 Sin
657 2787 836 2836 autem
890 2787 1087 2848 potest,
1122 2777 1322 2835 frustr
1371 2794 1514 2836 nunc
1550 2778 1735 2850 iungis
1780 2787 1837 2834 et
1873 2779 2128 2856 gratiam,

531 2888 636 2942 qua
670 2882 864 2942 potens
895 2889 1001 2927 non
1035 2871 1259 2941 indiget.
1291 2871 1448 2940 Quod
1477 2871 1525 2928 si
1565 2887 1669 2927 non
1712 2881 1893 2941 potest
1921 2873 2130 2943 absque

534 2962 629 3018 Dei
661 2963 861 3033 gratia,
889 2963 1053 3018 stulte
1084 2973 1138 3018 tu
1167 2962 1349 3020 dixisti
1384 2979 1542 3034 posse
1585 2964 1728 3035 quod
1771 2980 1880 3022 non
1926 2974 2126 3035 potest.

533 3057 804 3127 Quidquid
833 3059 978 3116 enim
1011 3076 1080 3116 ex
1107 3060 1330 3116 alterius
1364 3061 1560 3130 pendet
1590 3061 1837 3128 arbitrio,
1869 3075 1979 3122 nou
2009 3060 2129 3130 ejus

533 3159 617 3205 est
644 3166 804 3220 quem
837 3166 999 3222 posse
1029 3151 1354 3219 contendis;
1385 3152 1482 3208 sed
1525 3152 1693 3221 illius,
1720 3151 1840 3210 sine
1865 3167 1974 3224 quo
2003 3168 2128 3211 eum

537 3259 644 3300 non
676 3260 835 3316 posse
866 3248 1208 3319 perspicuum
1236 3257 1338 3304 est.

604 3342 661 3397 5.
703 3340 851 3398 Inter
875 3359 984 3398 esse
1013 3355 1061 3400 et
1088 3361 1236 3416 posse
1273 3353 1522 3415 quantum
1544 3343 1717 3400 distet.
1750 3372 1819 3386 --
1858 3342 1917 3398 C.
1949 3343 2124 3412 Rogo,

531 3450 656 3506 qua:
685 3446 771 3493 est
797 3437 897 3496 ista
929 3441 1190 3509 pravitas,
1229 3439 1394 3494 itntno
1419 3438 1624 3509 absque
1655 3439 1866 3496 ratione
1902 3447 2130 3494 conten-

532 3529 654 3586 tio?
699 3531 773 3588 Ne
827 3533 930 3590 hoc
958 3536 1177 3601 quidem
1227 3534 1358 3589 mihi
1401 3534 1521 3598 das,
1574 3543 1631 3588 ιιι
1685 3546 1938 3604 egressus
1967 3530 2132 3605 τεῇ,

531 3639 701 3695 aquas
741 3624 849 3698 [ΑΙ.
895 3626 1056 3698 aqua]
1088 3627 1429 3696 baptismatis
1479 3627 1597 3681 sine
1644 3634 1869 3696 peccato
1899 3625 2017 3682 sit?
2063 3625 2127 3681 Α.

537 3718 644 3774 Aut
671 3733 774 3789 ego
801 3733 1019 3774 sensum
1071 3735 1249 3777 meum
1281 3720 1459 3775 verbis
1487 3719 1760 3789 explicare
1793 3731 1901 3774 non
1951 3717 2127 3774 valeo.

535 3820 652 3880 aut,
698 3827 786 3868 me
812 3813 1140 3884 explicante,
1173 3813 1241 3868 ad
1274 3812 1684 3885 intelligendum
1713 3811 1923 3870 tardior
1947 3825 2031 3867 es.
2066 3809 2130 3870 (ἔ.

535 3903 780 3973 Quonam
812 3907 1014 3964 modo?
1045 3907 1108 3960 Α.
1139 3906 1454 3964 Recordare
1483 3904 1613 3978 quid
1649 3913 1703 3962 et
1732 3913 1788 3963 tu
1815 3904 2044 3972 dixeris,
2079 3911 2137 3961 et

533 4102 637 4158 νυνι
665 4095 836 4139 tamen
877 4089 1004 4158 ejus
1019 4084 1176 4158 fidem
1215 4101 1370 4156 quam
1403 4100 1519 4138 cum
1570 4086 1690 4158 aliis
1724 4087 2134 4158 praetorissimis

537 4155 786 4212 Ecclesia:
827 4156 1100 4211 catholicae
1129 4156 1426 4210 doctoribus
1458 4157 1642 4224 tenuit,
1691 4155 1809 4212 ideo
1848 4159 2131 4226 repudian-

534 4227 656 4302 dum
687 4239 941 4298 putarem.
974 4229 1096 4296 quia
1125 4229 1316 4302 dixisse
1345 4229 1542 4296 aliquid
1569 4231 1904 4302 inveniretur,
1935 4231 1990 4284 in
2030 4247 2132 4302 quo

535 4300 640 4353 illis
663 4317 764 4353 non
785 4311 1109 4355 comonaret.
1130 4299 1275 4353 Illud
1296 4310 1465 4353 autem
1487 4299 1615 4372 milli
1639 4315 1702 4354 ea:
1727 4300 1884 4372 hujus
1907 4299 2132 4356 hominis

535 4386 754 4438 persona
799 4384 976 4426 contra
1025 4381 1073 4426 te
1116 4372 1240 4424 satis
1283 4381 1380 4435 est,
1420 4371 1558 4442 quod
1589 4387 1702 4424 cum
1737 4371 1804 4423 id,
1832 4373 2018 4425 sentiat
2070 4373 2134 4426 de

537 4453 747 4515 peccato
774 4443 1016 4515 originali
1045 4444 1182 4513 quod
1205 4444 1278 4496 sic
1303 4443 1578 4515 aversaris,
1609 4452 1661 4494 ut
1688 4443 1809 4496 inde
1849 4457 1929 4496 me
1955 4442 2134 4515 appel-

536 4510 611 4584 les
653 4511 1033 4584 Monichwum;
1059 4510 1242 4582 ipsum
1271 4526 1442 4568 tamen
1480 4513 1576 4567 hoc
1604 4515 1871 4584 appellare
1913 4510 2136 4569 non'an-

537 4580 648 4640 des.
693 4581 960 4656 Nimirum
1005 4602 1071 4640 ex
1095 4580 1427 4656 Hieronymi
1457 4580 1648 4640 verbis
1687 4587 1846 4654 plane
1893 4595 2130 4651 ctmstat,

540 4668 716 4721 neque
745 4655 834 4708 isti
871 4657 1158 4726 Evangelio
1182 4655 1568 4711 aucturitatem
1600 4658 1668 4711 ab
1699 4659 1792 4711 illo
1827 4657 2008 4722 tribui,
2042 4672 2137 4712 nec

536 4740 644 4800 que
690 4739 981 4800 cumesse
1025 4729 1140 4798 ejus
1181 4727 1478 4800 apocryphi
1529 4729 1647 4782 libri
1687 4742 1934 4800 sensum,
1970 4730 2136 4784 iintno

2225 1941 2394 1995 trario
2444 1956 2544 2011 ego
2594 1941 2830 1996 tribuam
2879 1941 3024 2011 quod
3063 1942 3298 2011 negasti,
3349 1956 3471 1997 esse
3531 1942 3846 1998 hominem

2224 2033 2346 2088 sine
2378 2045 2605 2102 peccato
2634 2049 2735 2104 per
2762 2033 2855 2089 Dei
2890 2035 3147 2106 gratiam,
3179 2043 3236 2090 et
3263 2043 3448 2090 tamen
3482 2051 3582 2106 per
3609 2051 3670 2092 se
3719 2053 3848 2092 non

2225 2143 2408 2199 posse.
2443 2126 2504 2184 C.
2550 2129 2776 2184 Frustra
2803 2144 2935 2201 ergo
2973 2129 3174 2185 dantur
3197 2139 3495 2200 praecepta,
3527 2130 3576 2185 si
3617 2146 3680 2186 ea
3719 2131 3798 2186 im
3823 2159 3848 2174 -

2229 2224 2378 2292 plere
2421 2240 2528 2278 non
2571 2237 2882 2294 possumus.
2927 2226 2990 2280 Α.
3037 2226 3177 2281 Deus
3211 2225 3487 2295 possibilia
3521 2225 3846 2292 mandavit,

2229 2315 2334 2372 hoc
2375 2317 2508 2372 nttlii
2541 2317 2764 2374 dubium
2797 2327 2898 2373 est.
2949 2317 3055 2373 Sed
3083 2319 3210 2389 quia
3244 2316 3498 2373 homines
3544 2317 3847 2387 possibilia

2230 2427 2337 2466 non
2379 2410 2622 2478 faciunt,
2668 2412 2876 2466 idcirco
2916 2412 3096 2467 omnis
3145 2411 3386 2467 mundus
3436 2411 3689 2466 subditus
3747 2419 3851 2465 est

2233 2504 2365 2572 Deo,
2397 2513 2453 2559 et
2480 2505 2687 2576 indiget
2719 2504 3094 2561 misericordia
3135 2505 3278 2576 ejus.
3309 2507 3419 2558 Aut
3453 2514 3609 2560 certe
3645 2504 3690 2558 si
3738 2518 3852 2558 os-

2232 2598 2456 2654 tendere
2504 2600 2784 2668 potueris,
2833 2599 2922 2669 qui
2980 2600 3235 2655 universa
3267 2598 3645 2668 compleverit,
3694 2606 3853 2654 tunc

2229 2691 2435 2759 poteris
2475 2689 2860 2747 demonstrare
2892 2731 2906 2755 ,
2951 2706 3076 2746 esse
3125 2690 3404 2747 hominem
3444 2692 3536 2761 qui
3589 2705 3696 2744 non
3748 2690 3846 2745 in-

2231 2780 2379 2850 digvt
2424 2781 2800 2837 misericordia
2849 2782 2967 2837 Dei.
3010 2783 3188 2838 Omne
3217 2783 3363 2838 enim
3395 2783 3540 2852 quod
3584 2783 3700 2838 ﬁeri
3733 2796 3845 2854 po-

2234 2884 2339 2929 test
2373 2915 2387 2940 ,
2436 2874 2610 2931 tribus
2653 2885 2872 2932 constat
2931 2877 3271 2947 temporibus
3299 2918 3314 2945 ,
3369 2886 3464 2932 aut
3506 2877 3788 2947 praeterito
3821 2917 3844 2944 ,

2233 2977 2326 3023 ant
2375 2969 2678 3038 prmsenti,
2739 2970 2902 3044 785
2945 2979 3039 3024 aut
3090 2968 3297 3024 futuro.
3357 2969 3470 3025 Hoc
3505 2969 3652 3040 quod
3683 2983 3844 3024 asse-

2236 3059 2348 3124 ris,
2410 3073 2569 3128 posse
2612 3058 2888 3117 hominem
2938 3059 3060 3114 sine
3111 3070 3335 3129 peccato
3377 3075 3499 3116 esse
3550 3060 3596 3114 si
3660 3059 3839 3127 velit,

2236 3159 2478 3207 monstra
2511 3150 2712 3208 factum
2756 3166 2878 3208 esse
2904 3151 2972 3208 de
3005 3153 3307 3223 prazterito,
3364 3161 3457 3208 aut
3501 3159 3655 3208 certe
3692 3166 3844 3208 utine

2156 3266 2200 3328 ρ
2236 3247 2350 3302 ﬁeri
2386 3264 2399 3300 :
2435 3246 2505 3304 de
2530 3245 2715 3302 futuro
2761 3257 2946 3318 postea
2984 3247 3314 3302 videbimus.
3336 3245 3494 3314 Quod
3536 3245 3583 3300 si
3623 3247 3846 3302 nullum

2241 3351 2393 3411 potes
2417 3342 2734 3407 ostendere,
2783 3343 2873 3410 qui
2903 3342 3024 3396 sine
3053 3341 3201 3396 omni
3233 3341 3459 3396 omnino
3492 3349 3723 3411 peccato
3748 3347 3852 3394 aut.

2239 3433 2328 3500 sit,
2356 3443 2450 3488 aut
2478 3431 2663 3500 fuerit,
2713 3440 2904 3500 restat,
2931 3444 2988 3488 ut
3027 3432 3096 3488 de
3122 3433 3306 3488 loturo
3331 3443 3538 3488 tantum
3584 3431 3843 3501 disputa-

2238 3528 2314 3584 tio
2359 3528 2447 3582 sit.
2493 3528 2712 3584 lnterim
2758 3527 2811 3584 in
2857 3527 3069 3582 duobus
3119 3527 3481 3597 temporibus,
3529 3525 3839 3596 praeterito,

2239 3631 2401 3691 atque
2430 3623 2684 3692 prmsenti
2717 3623 2896 3678 victus
2922 3623 3149 3677 teneris.
3177 3621 3236 3677 Si
3266 3622 3464 3691 aliquis
3493 3619 3661 3675 fuerit
3691 3627 3845 3692 post-

2239 3733 2304 3775 ea
2330 3717 2508 3791 major
2529 3717 2888 3783 Patriarchis,
2915 3716 3230 3788 Prophetis,
3259 3715 3570 3784 Apostolis,
3596 3713 3692 3784 qui
3716 3728 3846 3783 peo-

2241 3799 2364 3869 cato
2391 3823 2596 3878 careat,
2627 3823 2757 3868 tunc
2780 3811 2978 3867 tuturis
3000 3811 3069 3867 de
3097 3812 3304 3878 futuro,
3341 3809 3384 3864 si
3417 3807 3688 3879 potueris,
3718 3822 3846 3879 per-

2243 3905 2490 3962 suadeto.

2239 4087 2498 4161 Epistola,
2529 4090 2667 4144 unde
2685 4095 2908 4166 fortasse
2937 4093 3116 4149 Celsus
3138 4091 3370 4166 hauserit
3396 4091 3673 4166 Apostolos
3698 4089 3843 4166 in_fa«

2239 4167 2343 4236 mes
2383 4177 2491 4217 esse
2523 4172 2570 4236 et
2595 4161 2966 4236 nequissimos,
2998 4166 3097 4236 legi
3141 4163 3404 4236 apostolos
3435 4161 3496 4236 τι⁸
3517 4161 3644 4216 Iesu
3680 4162 3847 4226 fuisse

2237 4233 2443 4296 electos,
2475 4234 2564 4303 qui
2587 4233 2802 4304 improbi
2831 4247 2996 4302 erant,
3023 4233 3077 4288 ut
3103 4233 3233 4290 nulli
3259 4235 3441 4304 magis.
3465 4234 3592 4300 Qui?
3617 4246 3842 4304 rursum

2242 4304 2445 4370 profert
2491 4305 2548 4361 S.
2577 4303 2894 4377 Gregorius
2922 4308 3292 4377 Nazianzenus
3339 4303 3389 4359 in
3433 4303 3721 4377 Philocalia
3769 4317 3844 4356 ex

2241 4377 2529 4448 sententiis
2557 4374 2806 4448 Ot‘ige'nis
2845 4395 2965 4448 cap.
3004 4377 3089 4434 18.
3131 4376 3298 4439 Igitur
3326 4374 3598 4448 meruerim
3623 4375 3842 4448 lapsum

2242 4447 2550 4522 tribuamus
2600 4444 2954 4522 Hieronymo,
3012 4449 3103 4518 (Illi
3149 4445 3648 4522 Ignilliojl-‘cl‘ibi'v
3691 4444 3844 4522 .'l".".d

2242 4533 2507 4590 nusquam
2539 4519 2590 4572 in
2620 4521 2739 4588 ejus
2765 4514 3010 4590 episzolis
3031 4514 3337 4575 invenitur.
3367 4518 3481 4574 Non
3507 4514 3849 4590 improbabi-

2240 4589 2304 4642 lis
2334 4591 2647 4658 conjectura
2694 4588 2994 4648 est—fraudi
3039 4591 3114 4646 illi
3167 4593 3338 4645 fuisse
3382 4591 3631 4646 volumen
3663 4588 3842 4657 ipsum

2240 4661 2582 4735 Scriptorum
2603 4663 3025 4735 apostolicormn
3050 4705 3062 4723 .
3091 4663 3143 4717 in
3170 4663 3366 4735 quibus
3395 4661 3670 4735 lgnatiana
3705 4673 3847 4728 pra:-

2239 4731 2519 4795 ccderent,
2569 4734 2831 4788 Barnahm
2869 4745 2922 4789 et
2969 4731 3266 4789 Clementis
3307 4731 3504 4804 scripta
3542 4732 3845 4804 subseque-

536 4794 950 4874 biasphemiam,
984 4792 1248 4874 ut:a|iquo
1278 4792 1486 4874 peccati
1518 4816 1719 4874 genere
1743 4792 1994 4856 Christus
2022 4818 2137 4855 ma-
2166 4792 2215 4853 Ι)
2242 4814 2447 4868 rentur,
2485 4792 2546 4859 ut
2575 4813 2671 4860 aut
2708 4813 2816 4860 tota
2847 4806 3102 4861 collectio
3132 4805 3340 4874 lgnatio
3369 4792 3607 4874 potuerit
3653 4792 3846 4856 ins'cri-

533 4869 834 4944 enlaretur,
866 4870 1010 4941 quod
1035 4869 1260 4944 Joannis
1283 4869 1551 4944 baptismo
1571 4872 1780 4928 diluere
1805 4888 1943 4944 opus
1965 4884 2131 4928 esset.

536 4939 681 5014 Sane
711 4939 978 5007 Julianus,
1029 4943 1123 5013 qui
1152 4939 1521 4998 calumniandi
1547 4947 1728 4999 animo
1756 4939 1857 4999 ista
1901 4947 2136 5014 maligne

536 5023 620 5066 est
651 5013 1040 5081 interpretatus
1074 5016 1128 5066 in
1159 5030 1225 5067 eo
1255 5017 1416 5068 etiam
1457 5015 1683 5081 fallitur,
1712 5019 1857 5084 qum!
1905 5013 2138 5071 Nazare-

538 5097 731 5136 norum
784 5085 1060 5160 Evangelii
1108 5084 1539 5160 versionemhhic
1565 5086 1670 5160 i_t_)c|
1702 5088 1769 5160 ab
1801 5086 2136 5160 Hieronymo

537 5156 832 5236 titemoruri
855 5155 1009 5236 dicit,
1035 5156 1178 5236 quod
1199 5158 1287 5236 ille
1309 5155 1541 5212 traditio
1566 5157 1814 5230 Catalog.
1840 5159 1898 5215 Ε.
1922 5160 1982 5214 Ε.
2009 5155 2131 5236 cap.

536 5223 606 5278 de
632 5223 838 5281 Jacobo
863 5222 1031 5281 fratre
1054 5222 1296 5283 Domini.

611 5297 637 5327 ⁸
678 5295 736 5352 1η
770 5298 939 5352 Vatic.
981 5313 1082 5354 ms.
1121 5297 1317 5368 lgnatii
1348 5315 1542 5354 nomen
1570 5317 1677 5356 non
1727 5301 1988 5368 habetur,
2037 5302 2130 5358 sed

538 5381 690 5422 vacat
715 5371 977 5436 spatium.
1015 5370 1222 5426 Revera
1257 5387 1361 5425 non
1391 5373 1447 5426 S.
1483 5371 1720 5442 lgnatius
1747 5369 1865 5426 haec
1894 5373 1961 5426 de
1989 5374 2133 5442 Apo—

536 5442 691 5494 stolis
731 5443 982 5508 scripsit,
1023 5443 1115 5497 sed
1150 5443 1203 5497 in
1256 5443 1516 5498 Barnabte
1559 5443 1790 5511 epistola
1839 5455 2137 5500 occurrunt

539 5526 672 5592 pag._
694 5513 758 5568 Ιϐ
791 5533 814 5592 ς.
838 5513 916 5570 ὅτι
944 5514 999 5592 δᾷ
1035 5517 1162 5592 robe
1191 5515 1381 5592 Δίιξξονς,
1401 5518 1536 5592 ’τοὺς
1562 5515 1828 5592 pium/Tot;
1853 5517 2136 5592 scepticae”

535 5585 594 5667 τρ
625 5586 901 5667 day/ilius
930 5589 1084 5644 αὐτοῦ
1115 5589 1366 5653 ἐξελέξατο
1395 5585 1705 5667 ὅνταςύπέρ
1751 5585 1932 5667 «deos
1973 5586 2138 5667 ἁμαρ·-

535 5657 648 5733 σςξαν
686 5657 1076 5733 emorimur;
1107 5662 1347 5725 quoniam
1373 5657 1620 5733 proprios
1667 5657 1940 5726 Apostolos
1988 5657 2137 5714 sun'm

540 5721 880 5792 Erangclium
912 5721 1304 5795 praedicatores.
1335 5721 1504 5798 elegit,
1533 5728 1619 5798 qui
1649 5721 1804 5796 supra
1832 5744 1982 5783 omne
2019 5747 2136 5797 pec.

543 5804 714 5874 catum
740 5801 1223 5874 eran{_1_requissimi.
1262 5799 1372 5874 Nec
1402 5799 1664 5874 difiitetur
1694 5800 2132 5874 ('0utt'a__Ce|sutn

545 5865 825 5936 Origenes,
877 5865 997 5926 lib.’
1027 5885 1062 5938 t,
1114 5886 1265 5929 num.
1296 5873 1408 5931 65:
1459 5870 1649 5929 Verum
1694 5873 1850 5930 estin
1879 5871 2136 5936 Barnabte

2240 4874 2317 4950 bi,
2351 4876 2790 4950 aut_iuterposita
2820 4877 3084 4936 Barnabas
3111 4876 3368 4947 epistola,
3403 4877 3454 4950 in
3487 4888 3695 4950 eo‘quo
3726 4879 3846 4926 nte.

2241 4946 2397 5021 batur
2426 4943 2786 5021 Hieronymos
2823 4951 2983 5012 libro.
3023 4943 3300 5021 propriam
3334 4943 3684 5021 cpigraplrcm
3737 4959 3845 4997 non

2240 5017 2489 5074 haberet.
2525 5015 2661 5073 Vide
2691 5015 3104 5076 Marnardum'in
3132 5015 3291 5074 Notis
3319 5019 3383 5072 ad
3415 5015 3534 5072 eam
3567 5015 3746 5084 Epist.

2311 5088 2338 5127 ι’
2365 5089 2592 5166 [ictum
2623 5090 2869 5166 Posuisti.
2891 5109 3039 5166 posse
3058 5091 3315 5144 hominem
3346 5090 3456 5166 sine
3479 5099 3706 5158 peccato,
3729 5094 3843 5166 _etc.

2239 5176 2276 5233 (ἶ
2301 5161 2497 5226 ‘tuibus
2527 5164 2749 5217 verbum
2799 5158 2946 5233 posse
2998 5181 3026 5218 a
3055 5179 3115 5218 se
3146 5160 3553 5228 superadditum
3611 5174 3701 5233 es-
3729 5158 3846 5233 ipsa

2238 5231 2506 5288 Critobuli
2531 5227 2908 5303 propositione
2940 5243 3192 5289 constare
3217 5227 3326 5300 ait;
3356 5241 3520 5302 atque.
3551 5245 3613 5284 ex
3651 5227 3734 5283 his
3767 5228 3850 5303 inf

2241 5306 2318 5359 ira
2347 5321 2359 5358 :
2385 5303 2464 5358 Tu
2494 5300 2788 5361 enim—dicis
2814 5325 2914 5360 non
2943 5323 3053 5360 esse
3073 5307 3328 5360 hominem
3355 5300 3462 5374 sine
3490 5310 3722 5374 peccato.
3755 5300 3847 5353 sed

2242 5393 2349 5451 esse
2375 5393 2546 5446 posse.
2584 5378 2649 5433 Et.
2679 5379 2842 5451 paulo
2884 5379 3144 5451 inferius.
3164 5375 3280 5451 Hoc
3307 5373 3441 5446 quod
3479 5373 3670 5451 asseris
3698 5386 3847 5443 posse

2242 5445 2500 5503 hominem
2541 5451 2652 5504 sine
2679 5445 2887 5522 peccato
2931 5465 3057 5515 esse,
3104 5449 3147 5503 si
3177 5445 3324 5514 velit,
3351 5455 3456 5504 etc.
3492 5445 3619 5500 Mss.
3661 5454 3846 5496 autem
3917 5497 3924 5500 _

2247 5525 2418 5576 uestri
2443 5523 2624 5575 silent.

2319 5603 2341 5631 α
2385 5594 2437 5647 in
2470 5607 2535 5647 eo
2562 5594 2773 5650 scilicet
2803 5593 2891 5661 qui
2923 5592 3104 5645 Statim
3135 5606 3164 5643 a
3193 5589 3460 5657 baptismo
3491 5586 3746 5661 inuritur.

2315 5663 2340 5700 ά
2383 5664 2514 5719 Mss.
2559 5682 2678 5720 cum
2721 5658 2891 5720 veteri
2939 5664 3200 5724 editione,
3237 5677 3354 5714 cum
3383 5675 3409 5713 ε
3448 5658 3713 5712 contrario
3757 5671 3851 5728 ego

2244 5734 2334 5789 tibi
2378 5737 2616 5800 tribuant,
2675 5747 2780 5794 etc.
2821 5731 3416 5797 ConsentitVictorins,
3450 5729 3538 5796 qui
3571 5738 3643 5800 et
3687 5730 3852 5798 paulo

2247 5807 2384 5862 infra
2433 5826 2527 5877 per
2571 5799 2623 5863 sc
2649 5825 2759 5880 esse
2798 5824 2898 5863 non
2931 5823 3080 5880 posse
3107 5803 3345 5878 scripsit,
3392 5812 3447 5858 et
3470 5799 3697 5857 verbum
3739 5815 3853 5858 esse

2245 5880 2484 5952 reposuit
2511 5896 2541 5940 e
2572 5895 2734 5958 ωδε..
