4054 6308
130 370 273 431 5Ἱᾶ
740 408 741 411 η
1038 371 1383 428 DMLOGUS
1422 369 1797 427 ADVERSUS
1837 367 2301 429 PELAGIANOS.
2346 370 2478 427 LIB.
2524 366 2611 426 III.
3370 373 3476 429 5'74

223 495 282 547 4.
338 491 506 545 Posse
544 492 800 546 hominem
853 507 943 562 pro
986 498 1213 559 tempore
1259 505 1360 543 non
1410 502 1644 559 peccare.
1704 516 1771 528 ——
1798 490 1850 551 Α
1879 489 2222 558 erumpentia
2254 486 2417 543 verba
2450 503 2556 544 non
2592 504 2804 559 promo.
2836 488 2898 543 Α.
2934 489 3064 557 Quis
3096 489 3239 545 enim
3285 496 3335 544 te
3361 506 3482 561 pro-

130 583 211 641 (ἐ.
250 584 514 656 Loquere
545 593 605 639 ut
652 585 753 653 vis,
788 591 1166 653 argumentare
1196 593 1254 637 ut
1294 584 1446 649 libet,
1480 598 1775 651 numquam
1881 579 2054 647 hibet,
2084 581 2228 653 quod
2260 583 2430 638 sentis
2459 581 2681 640 dicere?
2720 580 2826 639 Aut
2866 584 3011 639 enim
3043 583 3184 654 quod
3234 582 3481 641 dicturus

135 678 297 735 mihi
350 676 586 733 liberum
638 676 917 731 arbitrium
971 676 1348 746 extorquebis,
1406 676 1553 746 quod
1603 675 1777 731 semel
1881 692 1959 747 es,
1993 676 2196 733 bonum
2224 689 2327 743 est,
2352 684 2405 733 et
2432 692 2532 733 nos
2564 679 2706 733 bono
2737 678 2990 734 fraudare
3016 693 3125 734 non
3148 676 3353 733 debes:
3388 689 3482 736 aut

136 770 441 827 concessit
474 767 638 834 Deus,
672 780 773 823 nec
815 767 1025 823 valebis
1054 768 1271 822 auferre
1310 767 1454 837 quod
1497 768 1626 821 mihi
1676 768 1775 821 lri-
1881 773 2104 839 malum,
2138 782 2192 829 et
2234 774 2436 830 idcirco
2468 791 2572 830 non
2602 776 2774 830 nostri
2821 776 3012 845 gratia,
3048 774 3140 829 sed
3176 775 3379 845 pudore
3407 775 3481 831 si-

139 865 327 921 ιιιιίιιι
354 866 519 931 Deus,
549 881 708 935 posse
729 865 777 921 si
801 866 1047 921 voluero.
1075 866 1137 919 Α.
1166 865 1421 936 Exempli
1443 866 1638 936 gratia,
1664 880 1777 922 uno
1880 864 2049 920 luisti.
2072 864 2130 920 (Σ.
2155 866 2355 932 Dicam,
2384 868 2558 922 dicam
2586 868 2881 938 aliquando
2907 868 3049 938 quod
3071 866 3263 922 sentio.
3290 868 3479 925 Omnis

138 968 379 1014 tantum
405 970 621 1013 utamur
645 959 989 1015 testimonio:
1010 956 1193 1012 Inveni
1217 957 1384 1011 David
1405 958 1573 1027 ﬁlium
1596 955 1764 1024 Jesse,

140 1058 333 1109 virum
365 1054 652 1110 secundum
670 1070 760 1107 cor
780 1070 971 1118 meum,
995 1053 1082 1123 qui
1106 1054 1454 1123 faciatamnes
1479 1050 1764 1105 voluntates

141 1164 303 1203 meas
320 1144 710 1220 (Act.xnt,22;
739 1145 872 1213 psal.
903 1158 1163 1208 uxxvut,
1189 1143 1304 1216 2i).
1327 1142 1494 1197 David
1519 1154 1773 1197 sanctum

142 1255 310 1307 esse,
348 1255 455 1294 non
485 1237 714 1294 dubium
755 1248 860 1302 est,
903 1245 957 1293 et
995 1246 1180 1292 tamen
1209 1237 1299 1306 qui
1341 1236 1549 1290 electus
1581 1244 1685 1300 est,
1720 1244 1777 1289 ut

140 1348 360 1389 omnes
392 1332 486 1387 Dei
528 1331 841 1387 voluntates
881 1330 1107 1396 faceret,
1147 1328 1326 1399 aliqua
1356 1328 1551 1384 fecisse
1585 1344 1775 1399 repre-

144 1426 444 1481 henditur.
481 1424 679 1496 Utique
709 1424 968 1496 possibile
997 1432 1114 1478 erat
1140 1422 1189 1477 ei
1220 1421 1423 1489 facere,
1454 1422 1547 1493 qui
1576 1421 1641 1477 ad
1668 1425 1772 1479 hoc

144 1520 377 1577 electus
419 1530 522 1591 est,
565 1529 625 1575 ut
669 1535 863 1575 omnes
902 1518 999 1573 Dei
1045 1517 1352 1573 voluntates
1393 1515 1617 1571 faceret.
1661 1516 1772 1573 Nec

148 1615 309 1672 Deus
335 1614 387 1671 in
412 1616 567 1686 culpa
599 1624 701 1682 est,
731 1616 819 1685 qui
855 1613 1108 1685 praedixit
1136 1628 1259 1668 eum
1288 1624 1514 1668 cunetas
1540 1628 1768 1669 suorum

148 1719 561 1781 praceptorum
591 1711 769 1765 facere
790 1710 1127 1769 voluntates;
1160 1708 1255 1762 sed
1283 1707 1373 1762 ille
1391 1708 1481 1778 qui
1510 1706 1769 1776 praedicnt

147 1816 271 1856 non
302 1801 450 1858 fecit.
481 1800 667 1873 Neque
698 1802 844 1857 enim
872 1801 1029 1865 dixit,
1066 1801 1350 1854 invenisse
1384 1813 1441 1854 se
1469 1801 1649 1853 virum
1676 1800 1766 1869 qui

1879 958 2173 1030 disputatio
2206 970 2293 1015 uta
2322 958 2447 1016 illuc
2474 961 2759 1027 delabitur,
2794 970 2850 1016 ut
2872 974 3114 1016 naturam
3150 975 3393 1027 accuses,
3422 972 3477 1017 et

1879 1054 2090 1123 culpam
2122 1052 2325 1108 referas
2352 1054 2418 1107 ad
2455 1056 2644 1118 llenm,
2688 1053 2778 1123 qui
2808 1056 2966 1109 talem
2988 1053 3261 1108 hominem
3292 1052 3482 1108 condi-

1878 1146 1977 1202 dit.
2009 1147 2072 1200 Α.
2109 1147 2219 1203 lloc
2248 1148 2378 1203 illttd
2428 1159 2545 1204 erat
2585 1150 2725 1221 quod
2768 1150 3013 1216 volebas,
3046 1157 3099 1204 et
3132 1149 3353 1204 nolebas
3398 1148 3480 1203 di-

1878 1240 2039 1295 cere?
2084 1239 2192 1307 dic,
2241 1239 2326 1295 dic
2360 1258 2563 1309 quaeso,
2600 1251 2656 1296 ut
2701 1258 2891 1299 omnes
2943 1251 3030 1297 tua
3063 1241 3308 1297 fruantur
3341 1258 3473 1311 pru-

1876 1333 2079 1389 dentia.
2122 1332 2494 1398 Reprehendis
2540 1336 2726 1401 Deum,
2764 1352 2931 1406 quare
2961 1334 3238 1389 hominem
3288 1334 3474 1391 fecerit

1877 1424 2187 1481 hominem?
2219 1425 2616 1495 reprehendant
2652 1438 2700 1483 et
2750 1426 2964 1498 Angeli,
2996 1442 3090 1481 cur
3118 1425 3309 1497 Angeli
3346 1425 3476 1483 sint.

1874 1519 2065 1574 Omnis
2095 1528 2338 1573 creatura
2370 1530 2645 1583 causetur,
2678 1537 2845 1587 quare
2892 1519 2941 1575 id
2982 1519 3057 1574 sit
3085 1519 3226 1590 quod
3260 1520 3475 1575 condita

1874 1616 1977 1677 est,
2010 1620 2061 1665 et
2103 1625 2208 1664 non
2244 1609 2295 1664 id
2328 1610 2468 1680 quod
2498 1611 2657 1667 condi
2694 1612 2884 1682 potuit.
2921 1610 3133 1666 Scilicet
3169 1627 3309 1665 nunc
3340 1610 3473 1667 mihi

1875 1704 2171 1776 puerilibus
2196 1704 2701 1762 declamatiunculis
2726 1706 3023 1761 ludendum
3050 1714 3154 1772 est,
3178 1716 3231 1760 ει
3252 1721 3279 1760 a
3299 1704 3471 1761 culice

1873 1811 2032 1869 atque
2082 1798 2303 1853 formica
2338 1814 2507 1870 usque
2551 1799 2615 1853 ad
2650 1799 2938 1854 Chctuhim
2980 1808 3032 1852 et
3062 1798 3347 1869 Seraphim
3383 1816 3472 1854 re-

150 1906 390 1952 cunctas
424 1898 477 1951 in
525 1906 846 1967 perpetuum
889 1909 1002 1949 sate
1030 1894 1294 1965 jussionis
1337 1895 1538 1948 laceret
1568 1893 1760 1947 volun-
1794 1896 1843 1957 B
1872 1893 2037 1958 niam,
2070 1907 2166 1946 cur
2196 1908 2300 1946 non
2334 1893 2542 1962 singula
2576 1893 2628 1946 in
2665 1894 2875 1948 meliori
2916 1901 3057 1946 statu
3087 1892 3305 1947 eondita
3339 1892 3467 1947 sint.

148 1997 333 2055 tates;
368 1987 395 2025 ιδ
427 1989 524 2043 sed
568 1986 664 2058 qui
694 1994 898 2041 tantum
940 1997 1165 2042 cunctas
1196 1985 1397 2039 faceret
1429 1986 1762 2040 Voluptates.

146 2080 269 2137 Hoc
300 2091 361 2138 et
387 2096 488 2136 nos
519 2080 774 2145 dicimus,
809 2094 966 2149 posse
996 2080 1272 2133 hominem
1297 2096 1403 2133 non
1439 2093 1685 2149 peccare,
1720 2079 1766 2134 si

142 2181 318 2245 velit,
354 2194 455 2251 pro
484 2187 752 2247 tempore,
786 2193 884 2249 pro
912 2177 1057 2243 loco,
1092 2190 1189 2247 pro
1231 2174 1605 2231 imbecillitate
1648 2190 1768 2229 cor-

143 2287 364 2342 porca;
390 2270 649 2339 quamdiu
666 2270 904 2325 intentus
928 2279 1011 2324 est
1030 2268 1264 2334 animus,
1284 2268 1541 2338 quamdiu
1562 2267 1764 2322 chorda

142 2363 307 2418 nullo
340 2364 479 2416 vitio
500 2363 720 2417 laxatur
748 2362 800 2416 in
832 2362 1065 2416 cithara.
1090 2360 1242 2429 Quod
1271 2361 1315 2414 si
1348 2360 1622 2430 paululum
1658 2370 1678 2398 ε
1707 2375 1767 2417 se

143 2454 453 2520 remiserit,
507 2453 778 2525 quomodo
829 2453 920 2525 qui
969 2452 1202 2508 adverso
1256 2450 1476 2507 ﬂumine
1529 2453 1764 2509 lembum

146 2550 346 2616 trahit,
398 2549 443 2604 si
498 2547 775 2603 remiserit
825 2563 1040 2614 manus,
1080 2547 1262 2601 statim
1304 2547 1679 2613 retrolabitur,
1712 2556 1767 2602 et

149 2641 457 2699 liuentibus
486 2641 664 2713 aquis,
706 2656 815 2712 quo
847 2656 952 2696 non
983 2641 1098 2695 vult
1124 2640 1369 2705 ducitur;
1420 2642 1497 2696 sic
1527 2642 1761 2695 hutnana

149 2735 419 2800 conditio,
450 2734 495 2789 si
519 2730 796 2807 paululum
822 2748 880 2789 se
911 2734 1205 2799 remiserit,
1237 2733 1396 2789 discit
1418 2733 1759 2803 fragilitatem

148 2845 336 2894 suam,
396 2837 451 2883 et
504 2828 673 2883 multa
706 2843 765 2883 se
812 2846 916 2882 non
971 2842 1129 2898 posse
1175 2829 1472 2898 cognoscit.
1527 2828 1761 2883 Putasne

147 2920 463 2990 apostolum
511 2919 734 2975 Paulum
776 2936 842 2975 eo
889 2929 1132 2990 tempore
1169 2934 1277 2989 quo
1331 2918 1623 2985 scribebat,
1661 2918 1758 2974 La-

149 3030 384 3078 cernatn,
409 3011 524 3068 sive
552 3013 813 3081 penulam,
836 3028 989 3083 quam
1020 3014 1203 3082 reliqui
1234 3011 1439 3066 Troade
1463 3013 1605 3083 apud
1632 3011 1759 3065 Car-

148 3120 303 3173 pum,
354 3104 555 3159 veniens
612 3101 766 3171 επεν,
798 3121 857 3158 ac
896 3104 1073 3170 libros,
1108 3117 1153 3157 et
1186 3104 1403 3158 maxime
1435 3105 1754 3158 membranas

147 3195 218 3266 (ll
248 3196 389 3252 Tim.
434 3213 507 3262 tv,
541 3198 653 3269 l3).
679 3198 747 3253 de
782 3196 1099 3253 cmlestibus
1142 3199 1409 3267 cogitasse
1459 3198 1752 3269 mysteriis,

1871 1985 2111 2055 Cumque
2140 1985 2205 2038 ad
2248 1986 2492 2040 excelsas
2535 2002 2736 2040 venero
2769 1985 3096 2051 Potestates,
3122 1985 3385 2040 causabor
3417 1996 3471 2043 et

1870 2075 2066 2139 dicam,
2110 2090 2275 2148 quare
2324 2079 2465 2132 Deus
2510 2078 2658 2132 solus
2704 2088 2910 2132 tantum
2949 2080 3085 2133 Deus
3133 2079 3225 2144 sit,
3260 2090 3312 2132 et
3358 2095 3470 2136 non

1870 2171 2049 2223 omnia
2080 2169 2210 2224 deos
2234 2170 2441 2225 fecerit.
2477 2172 2584 2225 Aut
2613 2172 2755 2225 enim
2788 2171 3243 2241 impOSsibilitatis
3269 2181 3291 2207 ο
3316 2170 3468 2240 juxta

1872 2272 1942 2329 te,
1977 2273 2067 2315 aut
2110 2261 2327 2317 invidiae
2375 2278 2500 2317 reus
2529 2265 2651 2318 erit.
2696 2262 3053 2334 Reprehende
3085 2280 3231 2333 eum,
3277 2280 3374 2319 cur
3414 2274 3469 2321 et

1869 2354 2144 2409 diabolum
2177 2354 2229 2409 in
2261 2352 2363 2409 hoc
2393 2356 2595 2410 mundo
2623 2370 2743 2411 esse
2788 2357 3071 2424 concedat,
3117 2368 3169 2412 et
3200 2359 3347 2412 auter
3374 2374 3467 2411 co-

1869 2465 2080 2515 ronam,
2122 2462 2243 2503 cum
2276 2458 2550 2505 certamen
2584 2449 2891 2505 abstuleris.
2922 2450 2981 2505 C.
3010 2450 3125 2505 Non
3155 2468 3273 2505 sum
3302 2450 3462 2524 787

1868 2550 1976 2595 tam
2006 2555 2220 2606 vecors,
2258 2550 2313 2595 ut
2354 2557 2572 2612 querar,
2605 2557 2701 2596 cur
2729 2542 2979 2597 diabolus
3010 2544 3097 2607 sit,
3140 2543 3294 2614 cujus
3324 2545 3467 2598 invi-

1865 2631 1951 2687 dia
1976 2649 2121 2687 mors
2150 2631 2395 2687 introivit
2424 2634 2474 2687 in
2499 2632 2684 2688 orbem
2702 2644 2968 2689 terrarum
2996 2652 3007 2686 :
3040 2634 3131 2689 sed
3160 2635 3261 2689 hoc
3278 2635 3460 2703 doleo,

1864 2741 1960 2782 cur
1990 2727 2090 2781 viri
2145 2726 2537 2789 ecclesiastici,
2568 2736 2621 2783 et
2650 2728 2739 2798 qui
2765 2729 3143 2798 magistrorum
3175 2729 3275 2784 sibi
3309 2745 3465 2784 usur-

1863 2830 1993 2891 pant
2020 2820 2368 2887 vocabulum,
2402 2821 2588 2876 tollant
2617 2822 2848 2877 liberum
2875 2822 3157 2877 arbitrium
3178 2842 3189 2874 :
3208 2824 3461 2892 quosub-

1863 2911 2002 2977 lato,
2062 2912 2480 2967 Mauichmorum
2540 2923 2686 2968 secta
2747 2913 3097 2968 construitur.
3152 2914 3214 2967 Α.
3273 2914 3460 2983 Egone

1861 3007 2088 3061 liberum
2113 3006 2243 3060 tollo
2274 3007 2582 3071 arbitrium,
2613 3008 2701 3076 qui
2733 3009 2783 3061 in
2808 3017 2919 3061 tota
2948 3005 3312 3077 disputatione
3339 3023 3458 3063 mea

1862 3102 1994 3157 nihil
2015 3102 2155 3155 aliud
2180 3103 2287 3171 egi,
2320 3102 2421 3156 nisi
2451 3111 2506 3155 nt
2533 3102 2981 3171 omnipotentiam
3015 3101 3107 3156 Dei
3136 3118 3259 3157 cum
3285 3101 3459 3156 libero

1860 3193 2086 3250 arbitrio
2126 3194 2544 3250 conservaretur?
2585 3192 2643 3249 C.
2678 3195 2962 3263 Quomodo
2992 3210 3179 3250 servas
3224 3194 3455 3250 iibertnn

150 3303 201 3345 et
232 3305 345 3347 non
368 3289 439 3348 de
465 3290 549 3347 his
578 3308 698 3362 qua:
730 3293 780 3346 in
811 3306 909 3345 usu
932 3293 1238 3346 communis
1266 3292 1390 3346 vitae
1405 3291 1485 3345 vel
1510 3293 1755 3361 corporis
1783 3282 1828 3345 C
1862 3290 2166 3356 arbitrium,
2213 3291 2301 3361 qui
2348 3289 2485 3343 dicis
2540 3290 2811 3344 hominem
2862 3288 2992 3343 nihil
3048 3304 3203 3358 [.OSsc
3255 3288 3456 3354 facere,

150 3385 466 3439 necessaria
507 3382 672 3438 sunt?
914 3383 992 3437 Da
1039 3384 1169 3437 mihi
1219 3382 1494 3437 hominem
1529 3383 1616 3453 qui
1648 3399 1753 3438 non

150 3476 387 3543 esuriat,
434 3492 537 3529 non
570 3476 740 3541 sitiat,
782 3491 957 3545 neque
1004 3474 1202 3544 algent,
1237 3490 1344 3528 non
1395 3474 1593 3540 deleat,
1648 3492 1752 3528 non

150 3569 453 3635 febricitet,
506 3583 613 3625 non
664 3568 990 3624 torminibus
1036 3579 1091 3623 et
1142 3569 1311 3623 urina)
1340 3567 1754 3622 diftienltitibus

153 3672 498 3731 torqueatur;
539 3673 592 3717 et
636 3678 736 3733 ego
778 3664 871 3717 tibi
912 3662 1233 3725 concedam,
1278 3679 1435 3733 posse
1476 3662 1751 3718 hominem

150 3752 177 3790 ιι
210 3754 345 3809 nihil
378 3756 480 3808 nisi
509 3751 578 3809 de
602 3753 894 3810 virtutibus
914 3755 1174 3829 cOgitare.
1202 3753 1441 3810 Caeditur
1464 3757 1753 3825 Aposaolus

150 3861 179 3899 a
220 3844 474 3900 ministro
501 3844 638 3916 (Act.
675 3862 829 3913 xxnt,
867 3848 948 3916 5),
981 3856 1035 3901 et
1061 3857 1249 3902 contra
1291 3848 1609 3903 Pontiticem
1660 3850 1752 3918 qui

150 3939 361 3994 cardere
387 3940 772 4008 imperaverat,
805 3942 1129 3995 sententiam
1162 3941 1383 4011 dirigit:
1417 3941 1673 3996 Percutiet
1708 3954 1753 3997 te

152 4031 314 4097 Deus,
344 4032 517 4101 paries
537 4030 772 4086 dealbate
798 4030 955 4103 (lsai.
991 4031 1125 4102 un).
1154 4032 1252 4088 Ubi
1277 4044 1355 4088 est
1378 4033 1467 4087 illa
1493 4037 1748 4105 patientia

150 4126 474 4192 Salvatoris,
500 4126 590 4195 qui
620 4126 772 4195 quasi
802 4139 974 4192 agnus
1002 4126 1194 4200 ductus
1221 4126 1284 4179 ad
1316 4127 1613 4193 victimam,
1641 4143 1747 4183 non

153 4218 367 4288 aperuit
397 4231 656 4280 ossuum,
682 4216 776 4271 sed
804 4216 1103 4272 clementer
1135 4218 1375 4287 loquitur
1398 4220 1705 4274 verberanti
1734 4238 1746 4273 :

158 4312 214 4365 Si
246 4310 378 4363 male
405 4309 606 4363 locutus
648 4325 785 4377 sum,
819 4325 978 4380 argue
1006 4310 1067 4363 de
1098 4309 1234 4363 malo
1273 4326 1290 4363 .'
1318 4310 1362 4363 si
1388 4319 1558 4363 autent
1601 4310 1747 4379 bene,

151 4403 274 4473 quid
296 4419 372 4456 me
397 4401 553 4457 aedis
584 4402 768 4476 (Joan.
792 4414 945 4469 xvnt,
976 4402 1239 4472 29)?Non
1264 4403 1527 4471 Apostolo
1552 4402 1743 4457 detra-

152 4500 355 4565 bimus,
370 4499 463 4554 sed
489 4499 720 4570 gloriam
753 4500 959 4555 Domini
984 4499 1362 4571 praedicamus,
1397 4503 1484 4568 qui
1512 4503 1561 4555 in
1586 4517 1748 4558 carne

159 4606 370 4664 passus,
403 4593 585 4645 carnis
621 4592 868 4661 iniuriam
897 4601 1118 4662 superat
1161 4602 1215 4646 et
1257 4591 1635 4657 fragilitatem;
1689 4601 1747 4647 ut

1862 3384 1963 3436 nisi
1998 3385 2135 3438 Detts
2178 3398 2395 3452 semper
2432 3381 2731 3451 adiuverit?
2762 3382 2823 3437 Α.
2858 3381 2912 3437 Si
2954 3382 3006 3436 in
3038 3383 3199 3451 culpa
3231 3394 3333 3444 est,
3367 3379 3456 3448 qui

1860 3475 2035 3532 libero
2065 3475 2288 3530 arbitrio
2331 3476 2504 3545 jungit
2537 3474 2630 3529 Dei
2664 3475 3026 3545 adjutorium:
3065 3490 3191 3546 ergo
3227 3473 3315 3528 ille
3345 3472 3455 3526 latt-

1858 3570 2033 3634 detur,
2068 3568 2158 3639 qui
2200 3569 2290 3623 Dei
2325 3569 2463 3623 tollit
2504 3570 2779 3625 auxilium.
2812 3568 2869 3623 C.
2903 3568 3017 3621 Non
3065 3567 3191 3621 tollo
3230 3566 3323 3620 Dei
3355 3581 3453 3620 au-

1860 3663 2065 3729 xilium,
2099 3664 2296 3734 quippe
2351 3680 2443 3734 per
2494 3663 2647 3733 cujus
2696 3664 2922 3734 gratiam
2976 3676 3261 3729 possumus
3296 3676 3455 3714 omne

1857 3756 1996 3827 quod
2034 3771 2348 3825 pessumus;
2382 3755 2477 3809 sed
2508 3766 2795 3824 utrumque
2821 3754 2931 3808 suis
2965 3753 3160 3809 finibus
3192 3755 3452 3805 termina-

1858 3863 2013 3901 mus:
2061 3856 2119 3902 nt
2149 3856 2202 3903 et
2231 3848 2322 3905 Dei
2357 3848 2425 3901 sit
2470 3848 2657 3917 gratiae
2688 3846 2830 3917 quod
2862 3843 3011 3899 dedit
3042 3844 3194 3898 liberi
3244 3842 3454 3899 arbitrii

1857 3954 2205 4013 potestatem,
2255 3953 2310 3999 et
2352 3954 2557 3998 nostra:
2591 3942 2900 4005 voluntatis,
2958 3940 3135 3995 facere
3172 3938 3322 4008 quid,
3370 3938 3455 3994 vel

1856 4052 1963 4091 non
1996 4036 2175 4090 facere
2209 4054 2220 4087 :
2276 4044 2332 4089 et
2371 4034 2513 4104 quod
2552 4033 2875 4089 facientibus
2912 4033 3212 4103 praemium,
3248 4038 3303 4085 et
3348 4045 3453 4086 non

1856 4126 2181 4182 facientibus
2213 4142 2367 4195 ptena
2400 4136 2666 4180 servetur.

1929 4217 1979 4273 6.
2028 4217 2166 4282 Quid
2202 4218 2338 4272 Deus
2358 4232 2564 4274 coronet
2613 4226 2663 4275 in
2695 4222 2858 4274 nobis.
2884 4249 2952 4259 --
2976 4219 3039 4271 Α.
3075 4214 3288 4271 Videris
3322 4213 3452 4269 Inibi

1853 4308 2147 4364 obliviosus
2191 4324 2333 4376 esse,
2366 4319 2421 4365 et
2462 4313 2613 4382 quasi
2651 4310 2780 4364 nihil
2811 4327 2971 4381 supra
3002 4308 3204 4362 dictum
3234 4306 3327 4371 sil,
3357 4321 3453 4375 per

1852 4406 2072 4459 easdem
2101 4404 2486 4474 disputationis
2511 4404 2707 4459 reverti
2740 4405 2929 4457 lineas.
2967 4400 3080 4456 Hoc
3109 4400 3254 4455 enim
3291 4398 3453 4470 longa

1851 4496 2174 4553 dissertione
2219 4501 2531 4553 eonclusmn
2573 4505 2676 4563 est,
2720 4507 2777 4551 ut
2814 4496 2981 4567 gratia
3009 4510 3121 4566 ‘sua
3165 4493 3449 4558 Dominus,

1854 4606 1955 4660 qua
2006 4590 2163 4645 nobis
2204 4590 2477 4645 concchit
2512 4588 2739 4643 liberum
2782 4587 3092 4653 arbitrium,
3128 4588 3179 4640 in
3228 4584 3454 4655 singulis

160 4696 362 4742 taceam
395 4684 542 4752 illud,
573 4686 717 4755 quod
746 4696 1175 4741 commemorat:
1209 4684 1504 4738 Alexander
1527 4687 1745 4740 terarius
1773 4664 1826 4729 Ῐ)
1852 4682 2107 4750 Operibus
2132 4681 2282 4749 juvet
2310 4692 2469 4751 atque
2497 4691 2784 4737 sustentet.
2819 4678 2877 4733 C.
2911 4679 3047 4748 Quid
3080 4696 3212 4749 ergo
3245 4677 3263 4716 τ
3297 4695 3453 4732 coro-

159 4779 315 4835 multa
352 4779 480 4833 mihi
512 4778 650 4832 mala
678 4778 899 4833 ostendit
925 4796 943 4832 :
972 4778 1147 4833 reddet
1173 4774 1255 4831 illi
1281 4775 1530 4831 Dominus
1568 4778 1620 4832 in
1652 4777 1746 4832 illa

161 4874 239 4929 die
256 4878 430 4947 justus
448 4872 619 4947 judex
648 4870 712 4942 (ll
734 4870 872 4926 Tim.
907 4886 981 4934 tv,
1019 4871 1130 4941 14).

228 4967 277 5022 5.
310 4960 422 5019 Nec
448 4974 520 5021 est
558 4964 824 5036 culpanda
857 4963 1117 5018 Creatoris
1147 4962 1469 5016 conditio.-
1497 4961 1556 5016 ϐ.
1586 4959 1765 5035 Cogis.

165 5072 262 5123 me,
294 5066 351 5112 ut
387 5056 580 5129 loquar
628 5056 771 5128 quod
812 5055 924 5127 jam
970 5054 1171 5109 dudum
1219 5054 1410 5125 gestio,
1463 5061 1519 5110 et
1567 5064 1745 5110 tamen

232 5201 254 5230 α
296 5191 489 5247 Vocem
542 5192 678 5245 Dens
718 5198 903 5261 utpote
951 5190 1279 5259 superfluam
1324 5189 1449 5243 hinc
1482 5189 1751 5245 Victorius

251 5280 373 5316 tiVll.

251 5280 310 5315 τιν
362 5305 373 5316 .

171 5279 254 5373 an;
292 5274 487 5398 ἤτω,
522 5335 613 5387 sed
641 5334 731 5404 qui
758 5341 956 5385 tantum
989 5340 1198 5385 cunctas
1220 5332 1408 5398 Iaceret
1439 5331 1749 5404 voluntates,

171 5421 275 5477 qua:
318 5406 501 5460 sensui
548 5402 823 5477 eripienda
866 5404 1170 5477 necessaria
1200 5407 1313 5477 visa
1363 5411 1530 5477 sunt;
1568 5402 1753 5458 hacte-

175 5473 258 5531 nus
291 5492 419 5531 vero
468 5480 519 5530 in
557 5477 717 5531 editis
761 5475 1009 5540 deerant,
1040 5474 1351 5529 sufi'ecimus
1376 5488 1443 5527 ex
1493 5473 1752 5529 Vaticano

172 5549 469 5616 exemplari.

234 5633 253 5659 θ
291 5619 442 5686 Mss,
470 5618 608 5689 quod
634 5618 685 5689 si
702 5616 970 5683 paululum
994 5618 1266 5677 remiserit,
1291 5616 1599 5689 absquese.

232 5689 255 5728 ἀ
292 5686 522 5757 νιειοτζ,
554 5688 686 5743 nihil
708 5689 857 5743 aliud
873 5689 994 5753 nisi,
1025 5699 1157 5751 etc.,
1187 5702 1256 5742 ex
1286 5686 1554 5743 Brixianis
1576 5688 1744 5744 codd.

176 5761 316 5821 Paulo
346 5772 470 5833 post
496 5763 665 5816 nostri
688 5763 775 5834 qui
800 5762 988 5834 ccedam
1008 5760 1361 5834 itnperauerit.

237 5845 256 5875 ε
280 5832 449 5889 Voces
467 5837 695 5908 jttxtatc
714 5832 1061 5908 Martianmus
1083 5832 1210 5908 post
1230 5832 1439 5908 lirasm.
1462 5834 1742 5908 omiserat,

176 5921 258 5981 nos
280 5921 344 5966 ex
378 5904 511 5967 mss.
538 5904 853 5983 suliecimus
878 5913 934 5964 et
964 5904 1137 5964 veteri
1182 5904 1440 5966 editione.
1479 5905 1746 5977 Victorius

1856 4781 1947 4828 nat
2001 4777 2053 4827 in
2098 4774 2293 4838 nobis,
2350 4781 2405 4829 et
2444 4773 2624 4827 laudat
2662 4770 2801 4842 quod
2870 4773 2984 4843 ipse
3032 4780 3289 4841 operatus
3334 4769 3455 4824 est?

1854 4868 1915 4920 Α.
1935 4865 2282 4921 Voluntatem
2298 4876 2559 4923 nostram.
2579 4882 2697 4936 Quae
2718 4866 3082 4920 obtulitomne
3097 4864 3237 4934 quod
3256 4862 3454 4933 potuit,

1852 4967 1906 5016 et
1927 4961 2192 5023 laborem,
2227 4960 2315 5027 qui
2337 4959 2690 5015 eontcnditut
2723 4962 2943 5023 faceret,
2980 4969 3034 5013 ct
3063 4958 3451 5024 humilitatem,

1850 5069 1974 5126 quae
2007 5070 2224 5125 seraper
2262 5054 2503 5126 respexit
2545 5055 2611 5109 ad
2655 5055 2915 5110 auxilium
2958 5052 3072 5108 Dei.
3124 5050 3185 5108 ϐ.
3238 5052 3378 5123 Ergo
3410 5051 3455 5107 si

1856 5207 2071 5260 quoque
2099 5204 2254 5245 antea
2303 5209 2367 5247 ex
2418 5194 2683 5259 Mediceo,
2733 5193 3023 5257 Fesulano,
3054 5194 3285 5263 aliisque
3316 5208 3450 5249 mss.

1856 5275 2196 5334 reposuerat,
2245 5280 2445 5334 easque
2492 5266 2713 5320 inferior
2760 5276 3044 5321 eontextus
3097 5268 3313 5331 asserit,
3365 5267 3454 5318 ubi

1855 5333 2077 5405 διλήμμα
2104 5333 2368 5389 (ἷῐ-ἰιιιιιιιιὶ
2401 5338 2729 5403 exploditur.
2760 5336 2879 5390 Mox
2928 5338 3096 5390 Vatic.
3130 5352 3229 5407 pro
3270 5338 3320 5387 in
3358 5335 3455 5388 hoc

1854 5411 2047 5459 mundo
2079 5422 2186 5460 esse
2220 5409 2346 5475 legit
2372 5410 2425 5460 in
2454 5408 2550 5461 Itoc
2578 5408 2772 5461 mundo
2795 5418 2991 5460 tantum
3024 5425 3189 5474 posse.
3232 5408 3454 5476 llegintc

1855 5494 1957 5548 nis.
1994 5493 2115 5531 cum
2144 5480 2312 5533 veteri
2344 5480 2583 5535 editione
2605 5495 2755 5548 atque
2778 5480 2915 5533 bene
2940 5488 3137 5530 tantum
3154 5496 3279 5530 esse.

1931 5546 1966 5623 ‘_
1994 5549 2265 5623 hactenus
2312 5552 2442 5604 editi
2484 5553 2608 5623 quid
2654 5546 2775 5619 ergo
2818 5552 2967 5623 jurat
3024 5560 3174 5617 atque
3216 5557 3450 5617 coronat,

1854 5620 2203 5693 verbisjuoat
2226 5631 2377 5690 atque
2406 5620 2685 5691 perperam
2719 5620 2941 5673 intrusis
2962 5661 2975 5685 ,
3010 5628 3064 5672 et
3092 5630 3282 5673 contra
3316 5623 3451 5673 scri-

1852 5692 2024 5763 ptoris
2052 5692 2324 5754 ’mentctu,
2370 5696 2511 5763 quod
2552 5710 2613 5747 cx
2658 5698 2772 5745 toto
2809 5702 3068 5745 contextu
3111 5693 3275 5763 liquet
3308 5710 3318 5742 :
3354 5705 3451 5746 nos

1851 5762 1945 5891 iilla
1986 5769 2345 5844 exprimimus
2377 5762 2508 5823 mss.
2543 5764 2887 5831 auctaritate,
2934 5764 2985 5820 iu
3027 5778 3255 5839 quorum
3308 5764 3455 5827 nullo

1873 5848 2173 5891 aventinus.
3054 5846 3058 5851 '

1873 5848 2173 5893 aventinus.
3054 5846 3058 5851 ’
