4054 6380
552 341 658 395 375
1803 328 1861 384 S.
1908 325 2180 385 EUSEBII
2220 326 2602 384 IIIERONYMI
3751 319 3911 380 576

550 470 657 512 non
697 451 927 508 fecimus
953 448 1100 521 quod
1130 447 1408 519 praecepit,
1440 454 1532 503 aut
1560 445 1736 503 voluit
1763 460 1863 502 nos
1900 445 2159 516 adjuvare
2188 447 2237 508 Α
2264 461 2454 510 meam,
2489 444 2839 515 paenitentiam
2894 457 3049 514 agam
3092 455 3245 513 super
3292 438 3446 505 bono,
3481 436 3622 509 quod
3658 435 3919 492 locutus

548 549 715 613 Deus,
741 552 834 599 aut
858 542 1056 599 noluit.
1090 541 1147 598 Si
1175 540 1346 599 voluit
1367 548 1425 596 et
1450 539 1680 609 adjuvit,
1703 547 1759 595 et
1788 547 1967 595 tamen
1999 546 2024 574 δ
2048 552 2155 594 non
2260 556 2375 593 sum
2393 548 2446 592 ut
2465 542 2687 611 facerem
2708 537 2754 592 ei
2778 536 2993 609 (Jerem.
3019 551 3173 601 xvm,
3191 536 3222 588 7
3245 535 3435 605 seqq.).
3460 532 3903 605 Indignabatur

545 640 777 698 fecimus
819 636 963 709 quod
994 637 1289 701 voluimus,
1322 652 1430 691 non
1459 648 1581 703 nos,
1612 633 1708 691 sed
1754 634 1844 690 ille
1870 641 2158 703 superatus
2260 634 2535 709 quondam
2568 644 2622 689 et
2645 633 2832 697 Jonas,
2862 648 2961 687 cur
2990 631 3101 687 Deo
3124 629 3291 686 fuerit
3312 629 3545 700 iubente
3575 630 3914 685 mentitus:

546 742 654 792 est.
683 733 779 789 Sin
815 740 995 787 autem
1027 729 1199 785 noluit
1229 728 1514 798 adjuvare,
1544 742 1653 783 non
1696 734 1781 783 est
1820 725 1976 793 culpa
2018 724 2156 796 ejus,
2262 729 2358 786 sed
2406 728 2588 799 injusti
2618 728 2870 783 maeroris
2901 726 3169 796 arguitur,
3204 724 3414 780 malens
3452 737 3577 779 cum
3628 722 3922 793 pernicie

546 825 642 899 qui
673 822 848 879 voluit
890 821 1104 886 facere;
1150 820 1242 875 sed
1286 818 1432 875 illius
1460 819 1549 889 qui
1580 817 1839 888 adjuvare
1880 816 2080 887 potuit,
2107 825 2162 871 et
2265 819 2863 895 739innumerabilis
2889 817 3078 889 populi
3105 832 3291 872 verum
3317 815 3527 880 dicere,
3550 829 3713 887 quam
3740 827 3921 870 cum

551 918 728 975 noluit
766 917 965 973 lacere.
997 916 1062 970 Α.
1096 912 1124 952 b
1154 912 1270 968 Non
1298 912 1558 983 intelligis
1582 910 1892 984 διλήμματον
1930 919 2077 965 tuum
2108 909 2161 964 in

2294 924 2539 971 aulorum
2567 916 2743 969 salute
2772 912 3008 968 mentiri.
3052 911 3281 966 Ponitur
3305 909 3358 966 ei
3387 908 3699 980 exemplum
3730 926 3745 964 :
3809 906 3923 963 Tu

553 1010 760 1083 grande
790 1008 1252 1080 blasphemiarum
1301 1006 1572 1061 decidisse
1614 1004 1966 1059 barathrum:
2002 1011 2059 1057 ut
2096 1019 2162 1057 cx
2267 1010 2410 1064 doles
2434 1025 2589 1079 super
2617 1008 2824 1072 hedera,
2848 1007 2961 1061 sive
2991 1004 3258 1058 cucurbita
3281 1003 3336 1057 in
3355 1019 3460 1074 qua
3477 1018 3582 1057 non
3600 1001 3922 1068 laboraui,

553 1112 788 1172 utraque
818 1110 991 1173 parte,
1021 1110 1113 1154 aut
1136 1098 1403 1155 invalidus
1430 1099 1505 1153 sit
1532 1098 1699 1164 Deus,
1724 1106 1817 1153 aut
1848 1096 2084 1166 invidus,
2112 1105 2165 1151 et
2269 1118 2430 1173 neque
2463 1102 2629 1171 {et-isti
2658 1112 2713 1154 ut
2741 1108 3007 1164 cresceret,
3031 1113 3145 1168 qua:
3170 1096 3262 1151 sub
3303 1112 3409 1149 una
3446 1106 3595 1150 nocte
3625 1105 3742 1149 nata
3780 1103 3925 1163 est,

557 1211 665 1253 non
691 1205 903 1251 tantum
933 1193 984 1249 ei
1025 1190 1205 1247 laudis
1240 1191 1332 1258 sit,
1368 1190 1513 1261 quod
1558 1191 1823 1246 bonorum
1866 1198 2061 1244 auctor
2084 1198 2168 1245 est
2268 1205 2317 1251 et
2344 1211 2449 1248 una
2466 1204 2613 1247 nocte
2640 1194 2815 1265 periit,
2845 1203 2893 1246 et
2939 1207 3031 1263 ego
3058 1205 3158 1243 non
3202 1205 3413 1261 parcam
3458 1186 3651 1243 Ninive
3683 1187 3926 1243 civitati

557 1299 612 1345 et
638 1289 877 1359 adjutor,
930 1299 1193 1358 quantum
1226 1286 1671 1356 vituperationis,
1704 1285 1846 1357 quod
1877 1284 2015 1340 mala
2060 1299 2165 1339 non
2271 1304 2494 1360 magna,
2524 1290 2575 1342 in
2600 1305 2703 1359 qua
2748 1296 2865 1341 sunt
2908 1286 3025 1357 plus
3056 1301 3209 1356 quant
3242 1293 3445 1338 centum
3474 1283 3656 1355 viginti
3706 1281 3925 1337 millia

556 1383 822 1440 coercuit.
884 1380 1211 1436 Detrahatur
1258 1393 1388 1449 ergo
1431 1378 1533 1443 illi,
1573 1394 1671 1433 cur
1719 1377 1994 1433 diabolum
2046 1390 2169 1433 esse
2272 1381 2560 1446 hominum,
2588 1380 2928 1451 quinetciunt
2956 1377 3085 1449 quid
3105 1378 3169 1431 sit
3198 1377 3333 1431 inter
3351 1376 3616 1430 dexteram
3646 1385 3695 1429 et
3724 1375 3924 1430 sinis-

561 1473 891 1545 permiserit,
927 1488 1025 1527 cur
1054 1486 1243 1543 passus
1267 1472 1359 1539 sit,
1398 1481 1453 1527 et
1485 1471 1763 1542 hucusque
1789 1469 2169 1541 patiaturquo-
2272 1482 2407 1525 tram
2425 1488 2569 1525 suam
2596 1470 2856 1539 (Joan.tv,
2900 1468 2983 1533 10,
3019 1468 3129 1537 ll).
3163 1467 3218 1523 Si
3250 1468 3303 1521 in
3336 1466 3690 1537 parvulorum
3717 1474 3926 1522 :etate

561 1565 689 1622 tidie
733 1563 941 1635 aliquid
987 1563 1040 1618 in
1071 1561 1275 1617 mundo
1306 1564 1432 1618 mali
1482 1562 1623 1618 ﬁeri.
1656 1561 1863 1631 Quazrit
1891 1562 1991 1617 hoc
2035 1562 2174 1618 blar-
2275 1574 2333 1620 et
2365 1565 2716 1636 simplicium,
2742 1577 2877 1633 quos
2908 1570 3058 1617 certe
3090 1569 3406 1631 peccatores
3433 1559 3602 1615 fuisse
3632 1574 3742 1615 non
3793 1576 3923 1630 po—

558 1658 704 1723 cion,
735 1667 789 1712 et
824 1670 1017 1711 omnes
1046 1656 1213 1728 788
1244 1655 1627 1711 luereticornm
1658 1670 1844 1724 canes,
1887 1657 1979 1727 qui
2020 1665 2174 1711 vetus
2278 1660 2413 1713 teris
2438 1658 2762 1729 approbare,
2790 1665 2933 1711 tanta
2963 1655 3061 1710 fuit
3090 1654 3371 1709 hominum
3403 1652 3718 1720 multitudo,
3750 1652 3926 1724 quid

563 1752 769 1807 laniant
815 1751 1253 1815 Testamentum,
1286 1759 1339 1804 et
1387 1750 1759 1820 hujuscemodi
1794 1751 2170 1822 syllogismum
2278 1753 2523 1810 dicemus
2543 1752 2611 1809 de
2633 1752 2917 1820 utriusque
2942 1765 3103 1805 sexus
3129 1757 3291 1804 aetate
3317 1748 3545 1811 diversa,
3574 1763 3698 1818 quae
3719 1746 3920 1816 juxta

565 1854 757 1899 texere
787 1852 1209 1898 consueverunt.
1257 1840 1367 1897 Aut
1414 1841 1570 1897 scivit
1613 1843 1760 1899 Deus
1807 1842 2084 1898 hominem
2120 1845 2171 1897 in
2206 1851 2250 1910 Β
2280 1846 2585 1909 Philonem,
2613 1855 2635 1883 α
2662 1853 2717 1898 et
2742 1842 3223 1915 prudentissimum
3254 1839 3694 1911 philosophorum
3718 1838 3927 1909 (Pla-

566 1938 822 2010 paradiso
845 1938 1079 2009 positum
1114 1938 1593 2008 praevaricaturum
1621 1951 1744 1994 esse
1770 1937 2085 1993 mandatum
2116 1936 2180 1993 il-

565 2031 693 2097 lius,
738 2040 837 2086 aut
878 2032 1123 2086 nescivit.
1160 2030 1217 2086 Si
1246 2030 1425 2097 scivit,
1458 2046 1567 2085 non
1603 2040 1685 2086 est
1712 2030 1765 2086 in
1796 2031 1958 2101 culpa
2006 2031 2052 2086 is
2087 2031 2181 2102 qui

563 2125 962 2198 prtescientiam
1007 2125 1105 2180 Dei
1137 2127 1308 2181 vitare
1348 2140 1455 2180 non
1489 2125 1823 2196 potuit;sed
1856 2126 1949 2181 ille
1981 2127 2070 2197 qui
2100 2134 2183 2181 ta-

570 2221 675 2276 lem
707 2219 972 2285 condidit,
1004 2228 1063 2273 ut
1096 2220 1189 2276 Dei
1221 2236 1329 2275 non
1374 2228 1559 2291 posset
1586 2220 1871 2276 scientiam
1908 2220 2177 2277 devitarc.

569 2312 627 2369 Si
659 2313 908 2380 nescivit,
943 2311 1031 2366 cui
1064 2312 1462 2383 prmscientiam
1487 2313 1657 2379 tollis,
1678 2311 1861 2370 aufers
1893 2323 1948 2370 et
1985 2314 2182 2369 divini-

570 2413 757 2461 tatem.
789 2403 902 2460 Hoc
924 2404 1069 2460 enim
1101 2420 1299 2475 genere
1327 2405 1377 2460 in
1413 2406 1572 2478 culpa
1611 2407 1716 2462 erit
1742 2408 1834 2478 qui
1865 2408 2030 2478 elegit
2052 2406 2179 2463 Saul

572 2498 808 2553 futurum
843 2506 1032 2568 postea
1058 2513 1243 2569 regem
1274 2497 1675 2568 impiissimum.
1705 2498 1772 2553 Et
1797 2498 2053 2556 Salvator
2089 2507 2183 2553 aut

570 2590 913 2662 ignorantim,
938 2598 1033 2644 aut
1055 2589 1332 2659 injustitize
1356 2591 1627 2646 tenebitur
1642 2605 1793 2655 reus,
1813 2605 1912 2645 cur
1932 2591 1985 2645 in
2010 2589 2182 2645 Evan-

572 2684 716 2753 gelio
743 2681 814 2736 sit
841 2681 1057 2736 locutus
1084 2698 1095 2733 :
1124 2679 1313 2735 Nonne
1337 2697 1423 2735 vos
1448 2682 1724 2735 duodecim
1755 2697 1852 2751 ego
1887 2681 2016 2752 elegi
2043 2681 2184 2748 Apo-

578 2773 765 2839 slolos,
796 2782 845 2827 et
875 2788 1011 2826 unus
1044 2773 1107 2825 de
1134 2773 1274 2827 vobis
1299 2773 1539 2827 diabolus
1567 2783 1639 2827 est
1657 2773 1839 2845 (Joan.
1858 2789 1933 2839 Vt,
1952 2773 2071 2844 7i)?
2100 2773 2183 2828 ln-

582 2875 796 2935 terroga
828 2880 975 2931 eum,
1004 2880 1102 2919 cur
1127 2865 1318 2921 Judam
1349 2868 1578 2936 elegerit
1606 2867 1974 2936 proditorem?
1998 2868 2105 2921 Cur
2134 2868 2182 2920 ci

580 2958 790 3014 loculos
812 2958 1175 3026 commiserit,
1195 2976 1355 3031 quem
1385 2959 1561 3015 furem
1591 2974 1714 3016 esse
1744 2975 1851 3015 non
1880 2960 2182 3029 ignorabat.

586 3050 676 3105 Vis
704 3050 893 3106 audire
920 3052 1206 3107 rationem.
1238 3053 1380 3107 Deus
1409 3053 1700 3122 praesentia
1728 3052 1956 3122 judicat,
1974 3069 2080 3107 non
2106 3054 2186 3107 ln-

583 3155 725 3200 tura.
759 3143 870 3200 Nec
917 3144 1239 3200 condemnat
1270 3162 1333 3199 ex
1367 3146 1726 3217 praescientia,
1779 3161 1938 3217 quem
1969 3148 2184 3203 noverit

2284 1950 2453 1993 tonem
2485 1941 2535 1992 in
2566 1936 2811 2006 Timwo),
2845 1935 2912 1991 ab
2962 1934 3193 1991 infantia
3220 1918 3404 2005 usque
3430 1931 3498 1987 ad
3544 1931 3920 2003 decrepitam

2283 2041 2643 2097 senectutem,
2678 2030 3028 2101 seplennario
3050 2028 3245 2083 ordine
3266 2025 3599 2091 devolvitur,
3620 2024 3751 2081 dum
3783 2026 3919 2081 sibi

2284 2126 2361 2179 sic
2380 2126 2610 2180 invicem
2633 2132 2853 2178 aetatum
2877 2122 3215 2178 incrementa
3243 2118 3569 2185 succedunt,
3590 2126 3652 2173 ut
3671 2117 3917 2189 quando

2283 2218 2350 2274 de
2374 2219 2477 2273 alia
2508 2228 2847 2275 transeamus
2886 2214 2955 2270 ad
2986 2214 3171 2283 aliam,
3220 2213 3429 2270 sentire
3453 2211 3681 2268 minime
3707 2209 3919 2269 valea—

2286 2311 2449 2367 mus?

2356 2406 2407 2459 7.
2436 2404 2647 2458 Minime
2679 2404 2870 2472 peccati
2899 2412 3079 2456 auctor
3109 2412 3182 2456 est
3217 2401 3457 2456 Deus.—
3479 2399 3539 2455 C.
3568 2398 3704 2455 Tota
3728 2415 3912 2470 argu-

2285 2499 2547 2555 mentatio
2597 2508 2686 2553 tua
2734 2496 2841 2553 huc
2891 2495 3099 2561 tendit,
3148 2493 3425 2565 utdquod
3457 2493 3636 2551 Graeci
3663 2493 3905 2565 dicunt,

2284 2594 2626 2659 αὐτεξούσιον,
2651 2602 2704 2646 et
2732 2606 2832 2645 nos
2854 2590 3079 2645 liberum
3103 2589 3441 2660 appellamus
3456 2588 3768 2656 arbitrium,
3794 2604 3912 2645 vo-

2284 2685 2480 2740 cabulo
2509 2686 2735 2751 tribuas,
2764 2700 2823 2739 re
2854 2682 3089 2738 auferas.
3125 2681 3204 2737 Tu
3249 2681 3399 2738 enim
3445 2691 3729 2737 auctorem
3756 2696 3907 2753 pec-

2284 2787 2529 2833 catorum
2561 2776 2692 2832 lacis
2722 2776 2911 2842 Deum,
2940 2776 3069 2831 dum
3101 2776 3303 2831 asseris
3327 2773 3461 2830 nihil
3483 2774 3766 2830 hominem
3792 2790 3906 2846 per

2285 2887 2345 2927 se
2378 2886 2537 2941 posse
2569 2872 2768 2939 facere,
2797 2873 2890 2929 sed
2917 2871 3252 2927 adminiculo
3301 2872 3434 2938 Dei,
3466 2871 3553 2926 cui
3586 2872 3905 2941 imputetur

2287 2977 2447 3019 omne
2478 2963 2620 3034 quod
2667 2964 2912 3019 iacimus.
2968 2963 3075 3018 Nos
3125 2974 3331 3029 autem,
3364 2966 3478 3019 sive
3504 2963 3709 3019 bonum
3731 3006 3747 3032 ,
3775 2967 3904 3021 sive

2286 3057 2486 3111 malum
2518 3056 2678 3112 homo
2710 3058 2921 3124 fecerit,
2972 3074 3067 3127 per
3112 3057 3272 3113 liberi
3317 3056 3528 3113 arbitrii
3560 3066 3904 3128 potestatem

2286 3151 2335 3204 ei
2365 3149 2597 3205 dicimus
2630 3149 2907 3220 imputari,
2940 3149 3033 3221 qui
3059 3150 3183 3206 fecit
3208 3149 3350 3221 quod
3380 3150 3578 3216 voluit;
3606 3160 3661 3206 et
3687 3165 3801 3207 non
3823 3152 3902 3221 ei,

583 3239 746 3293 talem
777 3236 914 3306 fore,
946 3238 1035 3309 qui
1068 3238 1169 3292 sibi
1202 3249 1385 3307 postea
1416 3239 1699 3309 diSpliceat
1725 3258 1739 3294 :
1771 3239 1867 3295 sed
1896 3249 2060 3295 tanta:
2088 3240 2185 3295 bo-
2211 3237 2257 3301 C
2288 3242 2380 3313 qui
2411 3244 2579 3298 semel
2604 3243 2874 3298 concessit
2898 3242 3135 3297 liberum
3164 3242 3469 3297 arbitrium.
3528 3242 3594 3295 Α.
3629 3242 3904 3310 Quamvis

581 3329 771 3385 uitatis
811 3338 916 3395 est,
959 3339 1014 3383 et
1057 3328 1341 3385 iucll‘abilis
1386 3330 1709 3399 clementiae,
1743 3340 1802 3386 ut
1842 3332 2005 3403 eligat
2037 3348 2181 3400 eum,

581 3437 745 3493 quem
780 3421 994 3476 interim
1023 3419 1221 3476 bonum
1251 3424 1445 3490 cernit,
1479 3433 1534 3479 et
1555 3424 1661 3479 scit
1686 3425 1890 3479 malum
1922 3426 2182 3491 futurum,

581 3516 780 3573 dansei
811 3524 1137 3587 potestatem
1174 3519 1549 3573 conversionis
1570 3528 1625 3572 et
1655 3518 2009 3588 paenitentiae,
2033 3519 2184 3590 juxta

584 3609 737 3665 illum
768 3622 988 3663 sensum
1036 3608 1285 3678 Apostoli
1309 3625 1323 3663 :
1376 3608 1599 3681 Ignoras
1625 3610 1748 3681 quia
1774 3610 2061 3682 benignitas
2088 3610 2189 3664 Dei

583 3702 652 3756 ad
683 3702 1029 3771 ptenitentiam
1058 3710 1105 3755 te
1134 3700 1391 3756 adducit?
1429 3702 1712 3756 secundant
1741 3702 1988 3756 duritiam
2014 3713 2184 3757 autem

586 3803 725 3849 tuam
756 3804 802 3848 et
842 3810 931 3848 cor
970 3794 1314 3865 impceniteus,
1356 3793 1679 3849 thesaurizas
1708 3793 1798 3848 tibi
1843 3794 1977 3847 iram
2004 3794 2059 3848 in
2105 3796 2188 3847 die

586 3887 678 3940 ira:
703 3895 750 3939 et
780 3886 1109 3940 reuelationis
1139 3887 1273 3958 justi
1289 3886 1479 3957 judicii
1505 3884 1625 3953 Dei,
1666 3887 1753 3956 qui
1782 3885 1962 3940 reddet
1986 3887 2187 3942 unicui-

583 3994 682 4050 que
702 3978 980 4033 secundum
1011 3995 1165 4049 opera
1187 3980 1300 4049 ejus
1324 3978 1502 4050 (Rom.
1538 3995 1598 4043 ιι,
1628 3977 1684 4045 4,
1822 3977 2009 4050 Neque
2039 3979 2184 4035 enim

586 4072 709 4127 ideo
732 4074 975 4144 peccavit
1000 4072 1195 4136 Adam,
1215 4072 1339 4143 quia
1364 4073 1506 4128 Deus
1533 4073 1634 4129 hoc
1656 4073 1895 4129 futurum
1926 4086 2145 4131 noverat
2169 4094 2183 4143 ;

586 4166 681 4222 sed
725 4166 996 4238 prtescivit
1042 4168 1207 4232 Deus,
1241 4168 1396 4238 quasi
1429 4170 1589 4235 lleus,
1614 4170 1756 4239 quod
1802 4169 1892 4226 ille
1921 4179 2040 4225 erat
2065 4185 2188 4241 pro-

584 4260 701 4331 pria
748 4262 1028 4317 voluntate
1082 4262 1343 4317 facturus.
1396 4262 1607 4319 Accusa
1656 4279 1787 4335 ergo
1820 4266 1988 4320 Deum
2036 4282 2187 4321 men-

583 4353 746 4419 dacii,
774 4369 942 4424 quare
969 4355 1171 4410 dixerit
1201 4371 1297 4423 per
1325 4355 1519 4412 Jonam
1547 4374 1561 4411 :
1613 4358 1795 4413 Adhuc
1835 4370 1936 4415 tres
1978 4360 2109 4426 dies,
2141 4372 2188 4416 et

588 4444 779 4499 Ninive
803 4448 1119 4504 suboertctur
1145 4446 1326 4521 (Joan.
1358 4466 1438 4517 ιιι,
1461 4449 1542 4521 4).
1572 4449 1680 4506 Sed
1708 4452 2062 4521 respondebit
2092 4453 2189 4508 tibi

587 4556 685 4611 per
712 4539 1002 4596 Jeremiam
1031 4560 1045 4598 :
1078 4544 1158 4596 Ad
1181 4560 1433 4598 summam
1474 4544 1659 4615 loquar
1682 4554 1861 4600 contra
1901 4558 2101 4618 gentem
2142 4556 2189 4601 et

2290 3334 2690 3404 tergiverseris,
2729 3334 2936 3405 laqueis
2969 3334 3216 3390 veritatis
3246 3334 3581 3401 innecteris;
3616 3335 3721 3390 hoc
3746 3337 3904 3392 enim

2289 3427 2482 3493 modo,
2509 3428 2673 3483 etiam
2721 3429 2765 3483 si
2811 3429 2927 3499 ipse
2973 3442 3081 3484 non
3123 3428 3364 3499 adjuvat,
3416 3436 3597 3484 tamen
3638 3428 3797 3499 juxta
3850 3438 3906 3485 te

2290 3531 2478 3576 auctor
2507 3522 2614 3577 erit
2646 3521 2913 3577 malorum
2941 3539 2953 3575 :
2983 3521 3107 3591 quia
3141 3521 3318 3592 potuit
3360 3520 3673 3590 prohibere,
3701 3530 3757 3577 et
3782 3537 3902 3577 non

2290 3613 2585 3684 prohibuit.
2618 3612 2781 3668 Vetus
2812 3613 2957 3669 enim
2987 3614 3256 3669 sententia
3281 3622 3387 3679 est,
3412 3612 3744 3670 homicidam
3770 3629 3903 3671 esse

2290 3722 2436 3774 eum,
2469 3707 2561 3777 qui
2595 3722 2715 3761 cmn
2764 3710 2938 3776 possit
2978 3706 3250 3763 hominem
3298 3706 3366 3762 de
3416 3716 3593 3763 morte
3635 3707 3899 3775 liberare,

2292 3816 2397 3857 non
2431 3801 2643 3857 liberet.
2678 3800 2736 3855 C.
2763 3801 2992 3871 lamjam
3026 3802 3157 3857 tollo
3201 3815 3443 3868 manum,
3476 3799 3638 3868 cedo,
3667 3801 3851 3857 vicisti
3884 3819 3900 3855 :

2290 3895 2337 3950 si
2382 3905 2558 3950 tamen
2610 3893 2828 3950 vincere
2876 3905 2982 3961 est,
3032 3894 3317 3949 veritatem
3357 3892 3500 3948 velle
3544 3893 3900 3963 subvertere,

2291 4002 2395 4042 non
2429 3987 2612 4051 rebus,
2642 3986 2735 4041 sed
2766 3986 3134 4049 sermonibus,
3166 3985 3216 4040 id
3246 3993 3348 4051 est,
3383 4001 3491 4039 non
3518 3984 3775 4051 veritate,
3798 3985 3902 4041 sed

2291 4080 2596 4135 mendacio.
2628 4079 2854 4134 Possum
2900 4078 3047 4133 enim
3097 4077 3228 4133 illud
3276 4078 3369 4133 tibi
3395 4078 3643 4148 Apostoli
3666 4092 3901 4149 respon-

2290 4173 2458 4229 dere:
2496 4172 2559 4225 Et
2609 4173 2653 4224 si
2701 4172 2973 4242 imperitus
3024 4186 3280 4237 sermone,
3312 4185 3415 4224 non
3466 4179 3632 4223 tamen
3674 4170 3900 4224 scientia

2294 4265 2359 4337 (ll
2387 4265 2507 4320 Cor.
2541 4279 2616 4331 xl,
2646 4263 2728 4334 6).
2787 4262 3018 4331 Quando
3048 4263 3193 4318 enim
3223 4260 3464 4332 loqueris
3485 4271 3700 4317 coactus
3724 4274 3900 4330 argu-

2291 4358 2689 4413 mentationum
2736 4356 3003 4426 strOphis,
3054 4355 3149 4410 tibi
3191 4355 3381 4411 videor
3428 4352 3712 4421 assentire,
3764 4367 3896 4411 cum

2291 4464 2471 4508 autem
2502 4454 2755 4519 tacueris,
2781 4466 2846 4506 ex
2869 4450 3051 4506 animo
3082 4465 3271 4505 rursus
3300 4449 3555 4517 elabitur,
3586 4456 3646 4503 ut
3685 4447 3896 4520 liquido

2291 4556 2551 4620 appareat
2576 4547 3001 4618 disputationem
3041 4558 3185 4600 tuam
3215 4560 3323 4599 non
3355 4560 3421 4600 ex
3467 4542 3707 4598 fontibus
3752 4542 3894 4598 veri-

584 4649 823 4703 regnum,
854 4644 908 4688 ut
934 4637 1188 4689 eradicent
1216 4647 1267 4691 et
1307 4638 1572 4692 destruant
1600 4646 1651 4693 et
1688 4638 1986 4708 disperdam
2026 4640 2181 4695 illud.
2214 4621 2267 4682 D
2294 4641 2417 4696 tatis
2445 4640 2610 4712 790
2629 4648 2685 4694 et
2721 4638 3018 4695 christiana
3064 4635 3446 4706 simplicitate,
3480 4633 3577 4690 sed
3607 4648 3677 4690 ex
3718 4632 3894 4703 philo-

585 4724 650 4781 Si
677 4726 1023 4797 paenitentiam
1046 4729 1205 4800 egerit
1238 4746 1360 4800 gens
1387 4728 1481 4783 illa
1507 4747 1538 4783 a
1566 4729 1703 4786 malo
1725 4747 1842 4796 suo,
1875 4732 2014 4801 quod
2038 4731 2185 4785 locu-

582 4828 665 4872 tus
692 4835 805 4872 sum
840 4818 1089 4875 adversm
1116 4838 1249 4888 eam,
1277 4840 1429 4893 agam
1456 4832 1505 4879 et
1533 4839 1625 4895 ego
1654 4824 2008 4892 paenitentiam
2030 4841 2184 4897 super

582 4911 722 4965 malo
760 4911 898 4983 quod
932 4914 1154 4986 cegitari
1182 4924 1238 4967 ut
1264 4917 1487 4987 [acerem
1526 4917 1592 4969 ei.
1629 4914 1696 4971 Et
1723 4917 1793 4969 ad
1820 4933 2077 4971 summam
2106 4918 2186 4972 lo-

579 5022 714 5079 quar
740 5006 803 5059 de
842 5017 990 5077 gente
1013 5018 1063 5061 et
1090 5025 1271 5078 regno,
1312 5019 1369 5063 ut
1397 5010 1650 5079 aediﬁcem
1681 5020 1727 5064 et
1769 5008 1998 5077 plaulem
2025 5009 2182 5075 illud,

583 5100 627 5152 si
657 5101 834 5170 fecerit
858 5100 1053 5154 malum
1074 5103 1128 5156 in
1152 5113 1431 5173 conspectu
1451 5121 1584 5172 meo,
1611 5114 1790 5160 utnon
1811 5106 1992 5161 audiat
2012 5122 2183 5162 uocem

657 5315 683 5345 ⁸
715 5306 871 5384 _Unu_s
897 5306 1409 5384 _Vatic._Contra_r_io
1435 5324 1605 5384 sensu
1644 5320 1690 5365 et
1725 5323 1893 5384 tamen
1925 5313 2163 5384 [πίθηκε.

771 5381 1042 5436 coluimus.
1076 5380 1277 5438 Confer
1307 5381 1399 5439 lib.
1428 5381 1487 5439 S.
1520 5384 1803 5455 Augustini
1832 5382 1902 5438 de
1925 5379 2175 5439 'Perlect.

694 5469 708 5506 ι
741 5493 755 5507 .

605 5461 755 5507 ιιδιιι.

660 5524 705 5602 δ’
728 5523 855 5602 Non
885 5527 1133 5602 intelligis
1173 5526 1509 5602 διλήμματον.
1544 5526 1658 5582 Non
1690 5525 1935 5602 δίλημμᾳ,
1970 5536 2026 5602 ut
2054 5525 2185 5581 editi

586 5593 730 5673 l_i_br_i,
764 5597 857 5673 sed
889 5593 1205 5673 διλήμμῖατον
1251 5593 1433 5673 legunt
1464 5593 2023 5673 cuncta_e_xein'pl_ari_a
2052 5612 2184 5651 mss.

592 5665 658 5738 Et
686 5669 757 5721 ita
788 5665 1071 5738 legendth
1103 5673 1265 5727 decet
1293 5672 1649 5735 llermogen.,
1679 5667 1774 5722 lib.
1806 5684 1859 5723 tv
1881 5667 1949 5723 tle
1986 5667 2185 5723 Inven-

591 5737 757 5859 gone.
792 5737 985 5823 Suidas
1031 5758 1248 5824 quoque
1293 5745 1431 5805 inter
1480 5738 1725 5813 dilemma
1768 5748 1824 5794 et
1853 5739 2188 5795 dilemmaton

632 5820 697 5859 ne
729 5814 876 5859 Domi.
919 5810 1214 5859 diScrtmen
1241 5830 1255 5859 ε
1288 5804 1528 5859 δίλγιωω-
1561 5809 1620 5859 τὸ
1646 5800 1839 5859 δισσῶρ
1865 5808 2187 5859 iungentia“

632 5820 697 5859 ne
729 5809 876 5887 ponit
919 5800 1214 5887 dimi-[men
1241 5830 1255 5865 :
1288 5804 1529 5887 δρλημεέα,
1561 5806 1620 5868 ἑὸ
1646 5800 1839 5887 δισσῶς
1865 5808 2187 5887 iungentia“

590 5888 670 5927 θην
696 5873 918 5941 φρόνημα
957 5889 1049 5934 :et
1078 5873 1415 5951 διὶνὶμμιιιτονζ
1437 5873 1610 5949 ’κακῶς
1646 5873 1939 5949 vos-ianua:
1977 5873 2025 5937 id
2068 5873 2184 5945 εἶμι,

2289 4733 2585 4803 sophorum
2617 4732 2861 4786 minutiis
2898 4738 2954 4786 et
2996 4739 3112 4787 arte
3142 4727 3499 4785 descendere.
3542 4727 3608 4781 Λ.
3640 4725 3737 4782 Vis
3764 4738 3893 4796 ergo

2290 4841 2380 4882 me
2406 4841 2619 4881 rursum
2652 4825 2727 4879 nti
2758 4824 3084 4879 testimoniis
3105 4820 3551 4895 Scripturarum?
3576 4821 3642 4876 Et
3665 4835 3895 4892 quomo-

2291 4917 2363 4974 do
2384 4918 2592 4989 jactant
2618 4916 2876 4988 discipuli
2906 4917 3005 4983 tui,
3040 4917 3245 4972 nullum
3294 4914 3759 4986 argnmentationi
3789 4924 3894 4968 tuae

2290 5026 2453 5085 posse
2481 5020 2537 5066 et
2561 5010 2987 5081 problematibus
3020 5007 3396 5078 respondere?
3448 5006 3506 5062 Ο.
3551 5005 3671 5063 Νοιι
3716 5006 3891 5063 solum

2292 5104 2437 5171 volo,
2468 5102 2564 5159 sed
2594 5112 2649 5160 et
2677 5103 2859 5175 cupio.
2892 5103 3033 5158 Doce
3071 5116 3158 5158 me
3200 5100 3268 5157 de
3313 5097 3615 5171 Scripturis
3660 5097 3889 5165 sanctis,

2275 5310 2515 5381 bifariam
2536 5309 2867 5381 intellectum.
2897 5308 3163 5381 biturum.

2363 5392 2384 5419 ο
2417 5382 2470 5437 In
2520 5381 2689 5436 veteri
2726 5380 2857 5435 edit.
2892 5379 3169 5435 Philonem
3214 5377 3704 5448 prudentissimum,
3751 5386 3885 5447 etc.,

2291 5452 2498 5522 absque
2527 5463 2574 5506 et
2602 5452 2794 5522 copula
2821 5470 2833 5506 :
2861 5452 2913 5506 in
2948 5450 3123 5505 Vatic.
3154 5462 3336 5505 autem
3363 5449 3815 5522 prudentissimos.

2365 5523 2391 5561 ά
2412 5519 2586 5592 ’ριιοά
2613 5519 2782 5579 erci
2812 5523 2991 5577 dicunt
3017 5524 3365 5592 αὐτεξούσιον.
3401 5520 3497 5575 llic
3532 5519 3787 5592 similiter
3814 5520 3887 5573 le-

2292 5604 2428 5668 gunt
2455 5591 2647 5651 omnes
2677 5596 2896 5668 codices
2923 5607 3054 5649 mss.
3067 5591 3438 5668 -αὖτιξούσιον,
3472 5606 3596 5668 non
3618 5591 3759 5668 falso
3801 5594 3886 5647 ατ)-

2295 5664 2562 5735 ξιξουσίαν
2601 5681 2727 5723 cum
2759 5666 3005 5721 Erasmo.
3066 5665 3161 5719 Est
3210 5674 3393 5735 autem
3437 5665 3497 5718 τὸ
3541 5664 3884 5735 αὐτεξούσιον3

2297 5731 2459 5794 libera
2497 5739 2769 5804 uoluntas,
2814 5737 2927 5792 sive
2966 5734 3181 5804 liberum
3217 5734 3495 5804 arbitrium
3518 5748 3540 5788 ε
3568 5735 3715 5804 unde
3747 5731 3886 5804 apud

2295 5810 2524 5879 Gregor.
2554 5800 2807 5879 ﬂuuiana.
2841 5812 2913 5879 τῷ
2943 5802 3252 5879 atii-tiaberis:
3279 5801 3540 5877 τιμηθεὶς,
3573 5800 3715 5860 liberi
3746 5800 3882 5857 ariis

2295 5872 2381 5932 lrt‘l
2407 5872 2651 5943 iustitiam
2674 5872 2912 5935 donanti.
2947 5874 3217 5933 Maurum;
