4054 6344
122 271 225 332 877

992 264 1337 324 DlALOGCS
1378 259 2243 336 AllVlzllSUSEPELAGIANUS.
2289 258 2419 317 LIB.
2464 259 2551 317 lll.

3325 262 3426 320 578

121 388 228 453 ubi,
268 383 478 441 Sublata
527 384 684 453 liberi
734 383 946 441 arbitrii
994 394 1283 454 potestate,
1330 384 1490 438 faciat
1527 384 1712 447 homo,
1745 383 1794 445 Α
1824 395 1928 436 non
1960 379 2127 453 Moysi
2159 389 2213 435 et
2239 379 2439 445 Aaron,
2465 378 2558 433 sed
2589 377 2703 447 ejus
2723 377 2815 449 qui
2838 378 3118 448 signorum
3146 381 3423 435 miraculis

121 478 267 552 quod
293 495 391 550 per
409 494 469 536 se
496 491 585 535 aut
610 490 634 518 η
666 480 819 544 nolit,
850 489 940 533 aut
971 494 1076 533 non
1108 478 1302 550 potuit.

194 570 248 626 8.
280 570 669 643 Scripturarum
692 571 1160 626 tcstimouia.—A.
1180 567 1297 624 Non
1325 567 1421 633 ita,
1439 576 1569 622 ultu
1592 582 1719 638 pro-

131 662 302 736 ponis,
333 663 428 718 scd
461 672 520 719 ut
556 663 761 719 veritas
789 662 966 732 poscit
1008 671 1066 718 et
1110 660 1273 731 ratio,
1318 660 1718 730 Scripturarum

131 754 345 811 vocibus
370 763 455 811 est
472 754 754 810 utendum.
780 754 1042 824 Loquitur
1056 753 1224 810 Jacob
1248 753 1299 808 in
1321 753 1568 809 oratione
1588 767 1682 807 sua
1705 770 1717 805 :

129 847 191 904 Si
216 848 366 918 fuerit
395 846 647 901 Dominus
694 845 833 902 Deus
872 864 1093 912 mecum,
1121 858 1168 900 et
1211 844 1507 901 custodierit
1546 861 1627 899 me
1666 846 1722 899 in

132 937 230 1005 ria,
260 955 350 1009 per
371 956 525 1011 quam
568 956 661 1012 ego
697 956 877 1012 pergo,
909 949 958 993 et
1007 938 1204 993 dederit
1246 937 1373 992 mihi
1423 954 1609 1009 panem
1653 936 1723 990 ad

129 1032 561 1095 manducandum,
594 1041 641 1086 et
675 1034 1032 1087 vestimentum
1051 1032 1121 1086 ad
1145 1032 1503 1104 aperiendum,
1547 1038 1597 1084 et
1636 1046 1721 1086 re-

132 1123 327 1178 duxerit
372 1140 453 1180 me
496 1139 613 1177 cum
655 1123 825 1178 salute
870 1124 924 1178 in
970 1122 1180 1177 domum
1234 1124 1396 1195 patris
1436 1123 1574 1187 mei,
1625 1123 1722 1177 erit

128 1215 249 1270 mihi
278 1215 533 1271 Dominus
574 1215 629 1271 in
675 1214 865 1281 Deum,
894 1226 941 1270 et
991 1214 1123 1286 lapis
1167 1216 1265 1269 iste
1295 1231 1441 1286 quem
1481 1214 1632 1287 posui
1665 1214 1721 1269 in

129 1306 350 1375 titulum,
378 1309 476 1363 erit
499 1308 624 1362 mihi
653 1309 840 1363 domus
869 1306 987 1373 Dei,
1032 1318 1079 1363 et
1118 1310 1346 1363 omnium
1388 1323 1722 1379 quaecumque

123 1399 324 1457 dederis
350 1399 499 1466 mihi,
533 1401 756 1455 decimas
785 1400 1001 1468 offeram
1028 1401 1119 1455 tibi
1170 1399 1383 1473 (Cenes.
1412 1416 1599 1467 xxvttt,
1648 1400 1721 1455 20

126 1500 171 1546 et
190 1492 379 1565 seqq.).
407 1491 679 1565 Numquid
705 1492 867 1560 dixit,
902 1494 946 1549 si
977 1493 1207 1549 liberum
1259 1493 1543 1548 arbitrium
1585 1507 1720 1549 con-

125 1584 464 1649 servaveris,
513 1593 567 1639 et
610 1584 790 1639 cibum
841 1592 896 1640 et
942 1586 1325 1639 vestimentum
1372 1600 1493 1639 meo
1532 1583 1721 1641 labore

122 1676 410 1746 quzesiero,
438 1684 493 1732 et
518 1686 808 1734 revertero
839 1678 891 1732 in
922 1676 1138 1732 domum
1168 1678 1336 1747 patris
1361 1677 1498 1733 mei?
1525 1676 1718 1732 Omnia

1824 475 2077 543 popu'um
2111 472 2384 539 liberavit,
2417 480 2472 527 ct
2504 470 2568 525 atl
2600 482 2902 526 cstretntnu
2931 473 3197 543 percussit
3223 474 3424 543 primo-

1820 567 1999 636 genita
2034 564 2281 637 }Egypti,
2312 563 2483 636 utqui
2516 564 2665 635 prius
2692 564 3001 620 retinebant
3046 567 3420 637 pertinaciter,

1821 658 2077 714 ardenter
2104 659 2256 715 exire
2287 656 2682 728 compellerent
2711 655 2907 727 (Exod.
2942 673 2996 712 stt
3022 668 3071 710 et
3097 658 3217 730 xu).
3262 659 3419 715 Salo-

1823 767 1947 806 mon
1980 752 2256 823 loquitur:
2298 749 2428 806 Esto
2474 750 2741 821 confidens
2794 751 2847 806 in
2897 750 3178 806 Dominum
3214 752 3268 806 in
3318 762 3425 809 toto

1821 847 1975 901 corde.
2004 856 2112 914 tuo,
2145 847 2198 900 in
2225 855 2313 900 tua
2342 854 2513 899 autem
2541 845 2798 915 sapientia
2826 861 2887 899 ne
2914 844 3151 899 exalteris
3172 860 3191 899 :
3215 844 3268 897 in
3306 861 3419 898 om-

1822 941 1972 995 nibus
2006 940 2094 994 riis
2126 940 2225 994 tuis
2256 955 2506 1010 cognosce
2532 954 2667 1006 eum,
2698 948 2753 991 ut
2782 948 2945 993 rectas
2972 940 3132 1010 faciat
3170 939 3277 993 vias
3306 949 3421 995 tuas

1825 1030 2008 1103 (Prov.
2044 1049 2124 1096 nt,
2150 1032 2206 1099 5,
2236 1029 2314 1103 6).
2344 1030 2590 1103 lntellige
2617 1031 2747 1102 quid
2778 1032 3053 1103 loquitur:
3079 1031 3189 1087 Nec
3232 1032 3283 1087 in
3329 1048 3419 1087 sa-

1821 1124 2023 1194 pientia
2041 1132 2249 1189 nostra,
2274 1138 2375 1179 nec
2407 1124 2459 1177 in
2490 1134 2512 1160 ο
2536 1123 2664 1178 ullis
2693 1124 2982 1179 virtutibus
3006 1125 3415 1191 conﬁdendum.

1822 1214 1916 1271 sed
1952 1215 2005 1270 in
2037 1217 2155 1271 solo
2188 1216 2438 1281 Domino,
2473 1230 2502 1269 a
2534 1232 2641 1287 quo
2668 1231 2889 1287 gressus
2918 1218 3153 1273 hominis
3176 1218 3419 1291 dirigun-

1822 1317 1930 1361 tur.
1965 1307 2205 1378 Denique
2227 1308 2565 1377 prmcipitur,
2599 1316 2658 1362 ut
2684 1308 3034 1365 ostendamus
3060 1311 3108 1367 ei
3148 1312 3264 1366 vias
3296 1328 3418 1369 nos-

1821 1408 1959 1467 tras,
1977 1410 2032 1455 et
2058 1411 2212 1456 notas
2242 1416 2361 1457 esse
2385 1401 2669 1466 faciamus,
2690 1417 2811 1472 qua:
2832 1416 2938 1457 non
2963 1403 3149 1462 labore
3172 1410 3416 1477 proprio,

1823 1496 1915 1551 sed
1937 1496 2081 1551 illius
2103 1496 2377 1566 adjutorio
2398 1505 2560 1567 atque
2588 1495 2877 1551 clementia
2906 1509 3068 1552 rectzc
3092 1499 3246 1553 liunt.
3265 1500 3421 1557 Unde

1822 1590 2082 1659 scriptum
2103 1599 2212 1645 est:
2249 1589 2461 1644 Rectam
2484 1591 2569 1659 fac
2591 1591 2640 1643 in
2666 1600 2937 1659 conspectu
2963 1608 3073 1645 meo
3096 1594 3229 1647 viam
3253 1602 3418 1661 tuam,

1821 1683 1937 1737 sive
1960 1692 2017 1737 ut
2062 1682 2166 1736 alia
2195 1682 2525 1753 exemplaria
2558 1682 2758 1739 habent
2792 1702 2803 1737 :
2856 1685 3066 1740 Rectam
3088 1688 3174 1757 fac
3209 1689 3263 1742 in
3301 1706 3425 1744 con-

122 1768 212 1823 dat
236 1769 446 1825 Domini
471 1769 754 1838 voluntati,
784 1780 841 1826 nt
868 1779 1141 1826 mereatur
1163 1771 1409 1839 accipere
1432 1770 1573 1840 quod
1598 1784 1719 1839 pre-
1750 1779 1797 1839 Β
1822 1784 1994 1842 specta
2018 1783 2106 1827 tuo
2130 1774 2263 1827 riam
2291 1790 2457 1828 meam
2489 1772 2606 1847 (Ps.
2637 1791 2692 1841 v,
2717 1774 2807 1847 9):
2831 1784 2890 1831 ut
2918 1777 3061 1848 quod
3086 1780 3180 1834 tibi
3212 1792 3423 1838 rectum

124 1870 291 1917 catur.
322 1862 646 1919 Revertenti
665 1861 733 1917 de
755 1862 1138 1933 Mesopotamia
1167 1862 1356 1927 Jacob,
1388 1861 1718 1932 Angelorum

123 1956 357 2011 occurrit
374 1956 669 2022 exercitus,
688 1964 741 2011 et
759 1964 1019 2011 vocantur
1033 1964 1209 2011 castra
1232 1954 1325 2011 Dei
1344 1953 1498 2025 (Gen.
1528 1954 1718 2024 χχχιι).

123 2048 307 2106 Postea
341 2060 549 2124 pugnat
576 2066 700 2106 cum
728 2053 937 2122 Angelo
969 2052 1069 2108 sub
1100 2052 1270 2122 ﬁgura
1314 2052 1569 2117 hominis,
1601 2060 1656 2105 et
1691 2067 1720 2105 a

122 2139 350 2198 Domino
379 2143 718 2198 conlortatur
742 2160 756 2197 :
788 2142 857 2198 de
885 2143 1294 2213 supplautatore
1323 2142 1510 2209 Jacob,
1552 2140 1578 2179 δ
1608 2158 1722 2196 rec-

122 2236 349 2292 tissimus
377 2237 499 2306 Dei,
532 2253 728 2295 nomen
757 2239 984 2308 accepit.
1018 2238 1203 2310 Neque
1235 2240 1379 2295 enim
1403 2239 1467 2293 ad
1503 2239 1723 2294 fratrem

121 2329 558 2387 crudelissimum
589 2331 823 2387 audebat
848 2332 1045 2388 reverti
1080 2333 1180 2387 nisi
1212 2331 1426 2387 Domini
1474 2331 1728 2404 prmsidio

122 2424 431 2480 roboratus.
488 2425 758 2497 Scriptum
809 2436 892 2482 est
938 2426 989 2481 in
1039 2427 1533 2499 coitsequentibus:
1568 2425 1728 2481 Ortus

126 2518 257 2572 estei
278 2518 382 2581 sol.
422 2532 693 2590 postquam
718 2521 952 2575 transivit
982 2520 1224 2576 Phanuel
1253 2520 1408 2594 (Cen.
1436 2538 1584 2588 χχχι,
1612 2522 1725 2593 51).

129 2613 260 2683 quod
310 2614 710 2683 interpretatur
757 2615 917 2684 facies
962 2613 1079 2670 Dei.
1133 2615 1286 2671 Unde
1334 2615 1573 2687 loquitur
1619 2625 1671 2671 et
1705 2625 1726 2654 ο

129 2702 333 2776 Moyses
361 2723 377 2759 :
416 2704 541 2760 Vidi
570 2705 850 2761 Dominum
879 2706 988 2780 [ΑΙ.
1024 2706 1216 2781 Deum]
1260 2709 1395 2779 facie
1422 2708 1492 2763 ad
1522 2709 1726 2778 faciem.

133 2806 176 2852 et
200 2799 339 2852 salva
366 2798 513 2869 facta
544 2808 621 2854 est
650 2800 825 2854 anima
850 2817 983 2868 mea,
1008 2816 1115 2856 non
1142 2801 1471 2872 proprietate
1499 2811 1726 2866 natura};

132 2888 217 2944 sed
245 2890 566 2961 dignatione
595 2891 926 2948 miserantis.
959 2892 1143 2948 Oritur
1168 2909 1297 2963 ergo
1328 2893 1482 2949 nobis
1510 2893 1588 2949 sol
1613 2893 1731 2963 jus-

131 2977 285 3046 titite,
340 2983 568 3054 quando
622 2985 773 3041 vultu
825 2985 920 3041 Dei
973 2988 1378 3042 conlirmamur.
1428 2986 1629 3057 Joseph
1678 2987 1728 3042 in

131 3072 356 3146 Egypto
375 3076 658 3133 clauditur
676 3091 917 3144 carcere,
951 3078 1132 3150 ibique
1160 3078 1408 3145 infertur,
1438 3078 1580 3149 quod
1610 3094 1733 3134 cus-

1824 1866 2108 1931 est,etiam
2144 1866 2275 1920 mihi
2302 1876 2511 1922 rectum
2545 1882 2667 1923 esse
2696 1868 2971 1937 videatur,
3003 1870 3145 1927 idem
3167 1872 3423 1932 Salomon

1825 1958 2083 2029 loquitur,
2113 1956 2335 2013 Devolve
2355 1975 2508 2031 super
2540 1958 2819 2015 Dominunt
2847 1978 3003 2034 opera
3032 1974 3139 2028 tua,
3165 1975 3213 2019 et
3240 1968 3424 2035 firma-

1827 2050 2016 2105 buntur
2060 2051 2393 2123 cogitationes
2428 2061 2549 2105 ltla’.
2604 2051 2787 2123 (Prov.
2822 2070 2930 2119 xvr,
2962 2054 3040 2127 3).
3075 2057 3226 2113 Tunc
3280 2062 3425 2117 enim

1827 2153 2008 2198 nostra
2039 2144 2297 2213 cogitatio
2325 2142 2942 2215 conﬁrmatur,quando
2967 2163 3132 2204 omne
3148 2151 3290 2220 quod
3318 2155 3431 2225 agi-

1829 2251 1981 2302 mus,
2034 2235 2185 2305 quasi
2218 2250 2383 2305 super
2412 2235 2659 2291 stabilem
2690 2246 2746 2292 et
2775 2239 3163 2298 solidissimam
3196 2254 3427 2314 petram,

1830 2328 2045 2384 Domini
2085 2328 2363 2398 adjutorio
2389 2328 2729 2385 devolvimus
2756 2373 2769 2397 ,
2802 2331 2960 2403 eique
2985 2346 3179 2391 cuncta
3208 2347 3430 2409 reputa-

1832 2438 1973 2479 mus.
2204 2416 2223 2433 ⁴

1904 2516 1957 2573 9.
1984 2514 2068 2570 Ex
2106 2530 2233 2569 novo
2268 2516 2608 2571 Testamento.
2642 2547 2711 2558 —-
2755 2517 3051 2589 Apostolus
3080 2522 3279 2581 Paulus
3306 2540 3430 2584 cum

1834 2609 1929 2665 Dei
1959 2608 2227 2664 benelicia
2245 2608 2408 2664 cclcri
2436 2625 2692 2668 sermone
2710 2624 3009 2680 narrasset,
3033 2615 3100 2671 ad
3126 2629 3432 2676 extremum

1834 2704 2046 2759 intulit:
2083 2701 2150 2756 Et
2182 2703 2252 2756 ad
2282 2702 2393 2757 hare
2422 2704 2536 2774 quis
2566 2704 2785 2760 idoneus
2815 2707 2865 2777 (Ι
2896 2707 3014 2763 Cor.
3041 2725 3097 2776 tt,
3117 2711 3244 2783 i6)?
3275 2712 3433 2770 Unde

1833 2804 1888 2850 et
1914 2797 1965 2848 in
2000 2795 2108 2849 alio
2138 2794 2257 2850 loco
2288 2794 2458 2850 dicit:
2508 2793 2786 2851 Fiduciam
2816 2809 2987 2854 autent
3016 2803 3169 2856 talem
3188 2804 3434 2862 habemus

1834 2900 1923 2956 per
1950 2885 2210 2941 Christum
2241 2887 2311 2939 ad
2358 2885 2524 2941 Deum
2552 2929 2567 2953 ,
2619 2906 2721 2943 non
2747 2892 2886 2960 quod
2920 2893 3223 2963 sufficientes
3272 2898 3434 2951 simus

1834 2979 2057 3049 cogitare
2086 2976 2287 3048 aliquid
2315 2995 2347 3030 a
2371 2979 2534 3045 nobis,
2577 2982 2728 3051 quasi
2750 2998 2813 3035 ex
2840 2982 3005 3048 nobis,
3065 2986 3156 3039 sed
3174 2989 3432 3058 sufﬁcien-

1836 3071 1906 3123 tia
1952 3080 2128 3125 nostra
2162 3087 2225 3125 ea:
2270 3069 2386 3125 Deo
2412 3081 2514 3139 est,
2564 3073 2655 3143 qui
2688 3082 2735 3127 et
2775 3074 2984 3129 idoneos
3013 3076 3132 3146 fecit
3176 3095 3269 3135 nos
3314 3083 3435 3137 novi

133 3175 209 3225 ιοε
236 3172 482 3227 carceris
511 3172 689 3227 omnia
707 3173 960 3243 potestati
984 3174 1101 3242 ejus
1124 3173 1354 3244 ﬁdeique
1377 3173 1729 3229 commiserit,
1764 3166 1808 3229 C
1844 3160 2154 3217 Testamenti
2182 3163 2467 3229 ministros,
2508 3180 2611 3217 non
2640 3162 2814 3218 littera
2835 3208 2849 3231 ,
2875 3167 2967 3220 sed
3002 3169 3212 3239 spiritu.
3236 3170 3435 3227 Littera

130 3258 402 3333 Causaque
440 3264 711 3321 redditur.
756 3265 893 3334 Quia
939 3265 1197 3320 Dominus
1243 3278 1351 3321 erat
1399 3282 1517 3320 cum
1569 3282 1658 3333 eo,
1690 3274 1736 3321 et

130 3372 463 3428 quotcumque
491 3358 733 3427 faciebat,
762 3359 1201 3431 prosperabantur
1227 3376 1258 3412 a
1291 3358 1516 3413 Domino
1546 3359 1598 3413 in
1627 3376 1737 3413 nta-

129 3451 264 3506 nibus
289 3455 397 3525 ejus
424 3449 657 3521 (Cenes.
681 3469 867 3517 xxxix,
895 3453 1017 3523 25).
1040 3452 1196 3508 Unde
1223 3463 1275 3508 et
1301 3451 1564 3508 eunuchis
1592 3467 1737 3508 som-

129 3542 212 3598 nia
230 3552 606 3616 suggeruntur
627 3543 819 3619 (lbid.,
844 3543 959 3615 ΛΟ),
988 3552 1044 3599 et
1065 3544 1276 3600 Pharao
1299 3544 1441 3600 videt
1463 3544 1734 3599 somnium

138 3633 510 3692 inextricabile
538 3633 735 3704 (Ibid.,
763 3635 883 3707 Ill).
912 3645 968 3690 ut
998 3653 1094 3706 per
1126 3636 1267 3691 hanc
1297 3638 1637 3693 occasionem
1668 3637 1737 3691 li-

142 3725 411 3785 beraretur
440 3726 651 3797 .Ioseph
681 3726 893 3798 (Cenes.
929 3744 1038 3783 χιιι
1063 3739 1112 3784 et
1147 3731 1337 3801 seqq),
1369 3740 1521 3801 pater
1553 3744 1739 3800 pasce-

144 3831 283 3878 retur
304 3824 465 3897 791
488 3832 548 3879 et
566 3821 780 3889 fratres,
806 3822 1073 3895 Egyptus
1100 3832 1345 3895 tempore
1377 3824 1534 3879 famis
1563 3824 1741 3879 salva-

144 3923 304 3971 retur.
332 3916 631 3986 Sequitur:
653 3913 796 3969 Dixit
820 3925 990 3969 autem
1009 3914 1149 3969 Deus
1177 3916 1246 3970 ad
1279 3915 1447 3971 Israel
1473 3916 1525 3969 in
1550 3916 1740 3970 visione

146 4010 337 4067 noctis:
376 4011 496 4085 Ego
545 4026 661 4065 sum
693 4008 836 4065 Deus
886 4019 1093 4081 patrum
1141 4020 1367 4077 tuorum,
1413 4011 1518 4065 noli
1566 4011 1742 4065 timere

148 4100 446 4159 descendere
471 4104 533 4158 in
557 4101 882 4173 Egyptum;
913 4102 966 4155 in
996 4111 1195 4175 gentem
1227 4102 1363 4157 enim
1394 4118 1630 4173 magnam
1656 4103 1739 4172 fa.

146 4192 270 4247 ciam
297 4203 344 4249 te
372 4194 464 4261 ibi,
495 4202 547 4248 et
576 4209 668 4265 ego
692 4193 999 4248 descendam
1040 4203 1206 4247 tecum
1253 4194 1304 4247 in
1352 4192 1665 4266 Egyptum,
1695 4202 1741 4247 et

147 4284 351 4340 educam
407 4297 455 4341 te
500 4285 659 4339 inde:
697 4294 746 4340 et
789 4294 941 4355 ponet
970 4283 1167 4355 Ioseph
1204 4302 1387 4340 manus
1425 4301 1545 4339 suas
1588 4301 1742 4353 super

149 4376 319 4432 oculos
348 4386 463 4433 tuos
492 4377 707 4450 (Cenes.
738 4392 883 4443 xm,
911 4379 966 4444 3,
997 4378 1080 4448 4).
1114 4377 1216 4433 Ubi
1244 4377 1332 4433 hic
1360 4388 1443 4432 cst
1472 4377 1626 4431 liberi
1655 4393 1740 4432 ar-

147 4467 291 4523 bitrii
313 4471 597 4540 potestas?
626 4472 710 4526 An
738 4486 845 4526 non
876 4467 1093 4527 totumd
1124 4470 1267 4541 quod
1301 4469 1383 4525 ire
1408 4468 1604 4523 audeat
1631 4468 1736 4540 [ΑΙ.

1840 3254 1970 3309 enim
1994 3254 2212 3320 occidit,
2262 3254 2422 3327 792
2447 3255 2660 3325 spiritus
2682 3267 2851 3311 autem
2878 3258 3105 3329 vivificat
3145 3261 3435 3335 (160nm,

1838 3347 1895 3415 4,
1927 3348 2004 3419 5).
2037 3349 2229 3405 Adhuc
2260 3350 2525 3405 audemus
2548 3364 2644 3419 per
2672 3350 2899 3407 liberum
2929 3354 3216 3413 arbitrium
3244 3374 3440 3431 super-

1840 3438 1979 3505 birc,
2014 3448 2068 3495 ct
2095 3440 2241 3495 abuti
2270 3439 2550 3496 beneficiis
2576 3441 2669 3497 Dei
2704 3444 2754 3498 in
2783 3447 3173 3503 contumeliam
3206 3450 3441 3521 largito-

1840 3535 1954 3591 ris?
1997 3550 2118 3590 cnm
2172 3534 2315 3590 idem
2361 3550 2455 3591 vas
2488 3536 2777 3592 electionis
2808 3541 3149 3609 apertissime
3189 3543 3436 3602 scribat:

1842 3625 2105 3681 Habemus
2157 3638 2327 3681 autem
2376 3628 2676 3683 thesaurum
2720 3630 2873 3685 istum
2908 3632 2960 3685 in
2994 3635 3125 3687 rasis
3152 3633 3398 3701 fictilibus
3423 3680 3436 3704 ,

1843 3722 2227 3775 utabundantia
2252 3722 2572 3793 fortitudinis
2602 3721 2618 3760 ί
2649 3734 2837 3780 nostra:
2853 3726 2920 3779 sit
2939 3742 3003 3780 es:
3018 3723 3151 3795 Deo,
3174 3737 3220 3781 et
3247 3745 3349 3782 non
3377 3746 3442 3788 ea:

1844 3816 1986 3870 nobis
2013 3815 2065 3887 (I
2090 3814 2210 3870 Cor.
2244 3830 2318 3881 tv,
2352 3815 2439 3887 7).
2469 3814 2625 3872 Unde
2650 3826 2703 3873 et
2733 3818 2787 3874 in
2819 3819 2927 3875 alio
2960 3821 3097 3886 loco,
3140 3824 3440 3885 retundens

1844 3908 2228 3965 hmreticorum
2260 3908 2688 3980 impudentiam,
2720 3912 2997 3983 loquitur:
3033 3914 3134 3983 Qui
3165 3914 3439 3988 gloriatur,

1843 4002 1897 4055 in
1935 4000 2160 4056 Domino
2201 4000 2467 4074 glorietur.
2506 4001 2687 4076 Neque
2731 4005 2865 4059 enim
2908 4007 2997 4078 qui
3026 4008 3249 4079 seipsum
3300 4027 3441 4066 com~

1845 4094 2051 4149 mendat
2071 4136 2086 4162 ,
2115 4094 2222 4167 ipse
2252 4095 2496 4166 probatus
2517 4105 2612 4161 est,
2640 4097 2730 4151 sed
2769 4115 2918 4169 quem
2948 4098 3089 4154 Deus
3118 4104 3443 4162 commendat

1848 4185 1924 4257 (ll
1947 4185 2067 4239 Cor.
2101 4201 2157 4251 x,
2186 4186 2308 4256 l7).
2345 4186 2412 4241 Et
2437 4186 2635 4242 iterum
2672 4206 2685 4242 :
2728 4188 2881 4244 Nihil
2915 4191 3052 4245 enim
3102 4191 3231 4245 mihi
3277 4194 3441 4266 defuit

1844 4279 1908 4332 ab
1931 4279 2009 4333 his
2032 4322 2045 4345 ,
2073 4280 2163 4352 qui
2190 4296 2348 4352 supra
2366 4282 2576 4337 modum
2596 4292 2717 4337 sunt
2740 4283 2996 4352 Apostoli,
3029 4283 3145 4340 licet
3166 4286 3297 4341 nihil
3318 4289 3436 4345 sim.

1846 4358 2056 4444 (ll'Cor.
2089 4389 2181 4443 χιι,
2217 4372 2306 4446 ll)
2336 4373 2528 4431 Petrus
2556 4376 2797 4446 loquitur
2822 4377 2890 4431 ad
2924 4376 3233 4446 Dominum,
3262 4380 3445 4453 signo-

1847 4481 1965 4521 rum
2001 4466 2377 4538 magnitudine
2425 4467 2813 4523 conturbatus:
2868 4467 3065 4524 Recede
3094 4488 3125 4523 a
3162 4488 3269 4542 me,
3324 4476 3446 4547 quia

146 4561 333 4635 audet]
362 4564 427 4619 ad
459 4564 652 4630 lilium,
684 4573 739 4620 et
791 4565 933 4636 genti
971 4579 1031 4620 se
1067 4563 1412 4619 committere
1456 4560 1739 4617 Dominum
1770 4574 1825 4634 ι)
1848 4562 2002 4616 Ιιοηιο
2046 4569 2279 4634 peccator
2299 4578 2413 4617 sum
2456 4562 2611 4633 (Luc.
2644 4577 2700 4627 ν,
2724 4561 2802 4632 8).
2838 4560 2909 4616 Ει
2939 4563 3199 4622 Dominus
3236 4568 3305 4624 ad
3336 4568 3448 4625 dis—

149 4655 448 4725 nescienti,
486 4658 584 4713 Dei
632 4667 839 4730 patrum
868 4660 985 4729 ejus
1013 4658 1275 4715 auxilium
1307 4658 1426 4713 est?
1457 4656 1746 4713 Liberatur

150 4750 378 4822 populus
399 4748 470 4807 de
491 4747 725 4825 Egypto
752 4751 805 4808 in
836 4766 999 4807 manu
1021 4750 1143 4807 lorti
1174 4759 1231 4809 et
1255 4748 1481 4807 brachio
1503 4748 1744 4814 excelso,

222 4922 247 4986 fl
278 4913 453 4986 Vatic.
488 4922 580 4970 aut
607 4917 778 4986 facere
805 4914 990 4969 noluit.
1028 4912 1170 4969 Infra
1209 4911 1704 4986 interpunctionem
1728 4951 1743 4978 ,

157 4983 303 5051 cuius
330 4985 463 5040 vitio
487 4983 682 5042 sensus
712 4985 1014 5053 laborabat,
1044 4985 1422 5040 entendamus.

223 5055 252 5095 δ
286 5055 450 5112 Jacob
490 5056 805 5112 rectissimus
846 5056 963 5112 Dei.
1020 5056 1214 5112 lnentit
1254 5056 1341 5110 hic
1378 5054 1650 5110 Marianus
1692 5055 1745 5108 in

224 5071 252 5095 ιι
286 5071 450 5112 Jacoo
490 5071 805 5112 rectissimus
846 5071 963 5113 uer.
1020 5071 1214 5125 tneput
1255 5071 1341 5110 nte
1378 5071 1650 5110 manantis
1692 5071 1745 5108 tn

160 5125 337 5199 Notis,
377 5128 532 5198 quasi
572 5129 847 5184 sexcentis
888 5126 1204 5199 Hieronymi
1244 5127 1376 5183 locis
1416 5125 1615 5199 Israel,
1634 5142 1746 5199 non

163 5195 568 5270 interpretatum
600 5213 799 5255 nomen
830 5195 1437 5267 ponatur,'rectissimus
1458 5195 1579 5252 Dei.
1600 5198 1749 5270 blan-

164 5268 595 5341 rtsuf-eNempe
609 5270 802 5326 Israel.
818 5270 912 5327 Sic
925 5272 1068 5325 enim
1086 5270 1138 5324 in
1163 5280 1520 5326 commentar.
1540 5270 1591 5323 in
1623 5268 1747 5322 lsai.

166 5340 579 5415 x_t.tv._Proprie.
610 5343 974 5415 inquit.jua:t_a
1008 5342 1342 5415 Ilebrteosnet
1370 5342 1662 5415 litterarum
1684 5341 1750 5407 fi-

170 5392 277 5483 ut;
292 5392 474 5469 istst
485 5392 1131 5483 assuat'tzasueetigs'
1150 5392 1353 5468 uersa
1378 5392 1504 5481 ws)
1535 5392 1745 5483 άίὸὶιάιο.

172 5479 265 5538 Vid
329 5484 551 5542 Librum
610 5479 935 5541 Nominnm.
988 5484 1257 5540 Victorius
1323 5479 1514 5537 maluit
1570 5482 1751 5535 rectis-

173 5570 452 5701 Stgchnde
473 5628 699 5698 loquitur
721 5637 771 5683 et
800 5628 1027 5701 Moyses.
1061 5625 1609 5701 verbasuntulacob,
1652 5624 1748 5681 sed

177 5710 203 5749 a
232 5698 408 5772 Moyse
435 5701 634 5771 scripta
666 5718 679 5753 :
710 5698 942 5771 ideoque
968 5700 1137 5772 Moysi
1167 5698 1748 5772 tribuit‘Hieronymus

178 5767 355 5831 cidem
380 5767 566 5829 verba}
595 5767 866 5829 Manum:
899 5802 964 5813 -
994 5767 1125 5840 Qua:
1154 5786 1182 5827 a
1231 5769 1402 5827 Iacob
1425 5769 1567 5827 dicta
1593 5767 1746 5836 sunt,

1852 4655 2061 4725 cipulos
2097 4652 2256 4726 :Ego
2306 4670 2421 4709 sum
2454 4655 2572 4709 vitis
2620 4663 2671 4709 et
2715 4670 2804 4709 vos
2838 4656 3007 4725 rami,
3048 4659 3136 4730 qui
3175 4672 3342 4717 manet
3393 4663 3449 4719 in

1855 4763 1954 4813 me,
1970 4755 2017 4800 et
2034 4764 2127 4818 ego
2144 4746 2198 4800 in
2220 4762 2303 4812 eo,
2325 4746 2419 4800 iste
2441 4756 2466 4795 8
2490 4746 2642 4814 affert
2666 4747 2893 4817 fructum
2914 4749 3133 4806 multum
3155 4768 3174 4807 :
3200 4755 3323 4824 quia
3344 4756 3456 4811 sine

1851 4902 2023 4976 Moysi
2054 4904 2397 4978 utihistorico
2422 4907 2586 4964 verba
2612 4908 2820 4967 tribuit.
2845 4910 2936 4969 Sic
2956 4911 3227 4978 Christus,
3251 4914 3439 4971 Matth.

1852 4989 1962 5059 six,
2063 5018 2078 5043 ,
2109 4977 2292 5059 .Deum.
2315 4978 2483 5059 refert
2508 4978 2721 5036 dixisse
2771 4983 2824 5038 id
2850 5025 2865 5051 ,
2918 4983 3061 5055 quod
3084 4977 3219 5039 dixit
3248 4986 3443 5055 Adam,

1855 5046 1966 5119 Deo
1993 5048 2246 5103 nimirum
2272 5048 2523 5119 jubente.

1925 5115 1949 5154 ἀ
1969 5119 2163 5195 ᾔθείη.
2194 5115 2298 5176 πιέ.
2322 5136 2446 5195 cum
2475 5122 2835 5195 veteriﬁeditq
2866 5136 2912 5182 et
2952 5143 3053 5181 non
3075 5136 3261 5195 totum,
3287 5139 3396 5186 etc.

1852 5199 1952 5314 [be
1984 5189 2233 5314 For:asse
2263 5193 2441 5249 verius
2472 5209 2612 5249 unus
2636 5189 2832 5264 Vatic.,
2884 5215 2976 5255 nec
3002 5201 3057 5254 in
3081 5189 3257 5254 ullius
3286 5203 3449 5257 virtu-

1877 5279 1890 5312 Ι
1927 5277 1988 5314 ηε
2012 5306 2024 5314 .
2059 5278 2089 5314 e
2115 5278 2163 5314 c.

1877 5272 1988 5315 rbus
2012 5306 2024 5327 ,
2059 5272 2163 5319 etc.

1934 5331 1952 5369 ί
1978 5334 2145 5390 Abest
2170 5352 2198 5390 a
2230 5336 2451 5407 Reginae
2478 5352 2584 5393 ms.
2615 5346 2673 5393 ut
2700 5348 2756 5395 et
2784 5356 2815 5397 a
2842 5344 3011 5398 veteri
3036 5344 3168 5399 edit.
3195 5356 3301 5397 vox
3326 5360 3447 5399 nos-

1855 5413 1957 5498 trq,
1989 5422 2113 5498 quae
2139 5422 2243 5498 ηεξ
2271 5408 2539 5498 in_Gra:co
2589 5409 2839 5498 habetur,
2895 5429 3073 5498 neque
3125 5413 3179 5468 in
3206 5413 3447 5498 _Vulgato

1854 5478 2166 5559 interprete.
2209 5478 2349 5559 Sunt
2397 5491 2578 5537 autem
2608 5481 2662 5537 in
2694 5481 2884 5538 Graeco
2906 5478 2996 5555 qui
3027 5478 3450 5559 legendutnvpu-

1854 5556 1989 5616 tent,
2020 5554 2103 5607 καὶ
2129 5552 2189 5607 ἐκ
2213 5558 2304 5609 τοῦ
2331 5560 2482 5609 Θεοῦ.

1926 5622 2243 5708 ἕδθτγᾳιμξ
2284 5622 2500 5708 Lupus,
2551 5623 2643 5693 qui
2688 5623 2842 5708 .hun_c_
2866 5641 2932 5684 cx
2986 5628 3324 5708 Hieronymo
3363 5631 3449 5708 lo-

1851 5704 1973 5773 cum
1998 5695 2200 5773 recitat
2230 5694 2286 5773 ip
2312 5694 2638 5751 COllectaneo
2664 5694 2918 5773 dentribus
2946 5694 3314 5772 qumslionibtts
3335 5749 3349 5773 ,
3375 5704 3453 5762 Ιθο

1849 5767 1924 5837 εῑι
1950 5766 2129 5832 afferet
2162 5766 2215 5820 in
2247 5766 2460 5822 futuro:
2494 5778 2609 5823 tum
2651 5765 2783 5837 folia
2806 5765 3020 5843 ovitium,
3057 5776 3235 5839 minus
3261 5765 3453 5854 recte,
