4054 6324
639 170 746 226 579

1901 149 1958 208 s.
2005 137 2275 210 EUSliBll
2315 137 2689 211 tttsnosvm

3843 147 3929 228 530,

637 299 717 338 nte
749 281 879 337 nihil
929 278 1142 348 potestis
1173 280 1345 350 facere
1388 274 1568 348 (Joan.
1589 287 1630 339 ι,
1664 270 1776 344 55).
1835 268 1990 327 Sicut
2017 267 2154 324 rami
2187 274 2241 321 et
2268 271 2321 330 Α
2347 267 2573 332 nostris,
2598 265 2691 323 sed
2721 266 2773 322 in
2805 267 2975 338 gratia
3007 267 3337 326 conditionis
3364 274 3420 325 et
3445 267 3608 340 legis,
3637 269 3828 324 sentiri
3850 287 3930 326 au-

635 375 843 446 ﬂagella
897 373 1088 426 vitium
1137 371 1282 425 illico
1310 369 1750 429 contabescunt,
1808 378 1930 418 cum
1975 360 2173 417 fuerint
2203 375 2232 412 a

632 466 858 524 matrice
881 466 1129 538 praecisa,
1167 465 1241 520 ita
1273 463 1458 520 omnis
1495 460 1774 515 hominum
1807 454 2069 512 fortitudo
2093 468 2236 508 mar-

630 561 795 618 cessit
820 569 875 616 et
923 558 1164 630 deperit,
1201 558 1308 612 sia
1345 557 1436 612 Dei
1460 553 1666 610 auxilio
1695 551 1999 608 deseratur.
2042 546 2231 616 Nemo,

631 656 834 726 inquit,
865 661 1030 726 potest
1059 652 1228 708 venire
1248 651 1317 705 ad
1346 667 1444 715 nte,
1473 649 1573 704 nisi
1603 645 1761 701 Pater
1786 688 1800 709 ,
1834 645 1922 715 qui
1951 641 2089 696 misit
2130 655 2231 702 me,

635 748 852 802 traxerit
888 763 1002 800 eum
1028 742 1210 815 (Joan.
1246 758 1318 808 γι,
1349 741 1468 811 4i).
1497 739 1728 807 Quando
1750 736 1876 792 dicit
1902 775 1918 800 ,
1949 747 2110 789 neruo
2138 746 2234 804 po-

636 847 742 893 test
769 837 957 893 venire
986 834 1052 890 ad
1077 849 1183 902 me,
1246 832 1445 903 frangit
1489 829 1895 900 superbientem
1933 823 2145 880 arbitrii
2172 822 2236 876 li-

632 932 933 989 bertatem:
957 939 982 968 α
999 929 1140 999 quod
1171 927 1333 983 etiam
1355 926 1400 982 si
1425 923 1555 979 velit
1576 922 1641 978 ad
1667 920 1946 978 Christum
1974 929 2232 991 pergere.

636 1025 736 1080 nisi
766 1023 858 1077 fiat
887 1020 1020 1078 illud
1054 1018 1196 1091 quod
1221 1016 1495 1088 sequitur:
1530 1015 1630 1069 nisi
1658 1012 1816 1067 Pater
1849 1026 1989 1075 meus
2020 1004 2234 1062 catastis

636 1116 851 1171 traxerit
877 1130 1024 1179 eum,
1063 1112 1421 1182 nequicquam
1450 1107 1742 1179 cupiat,et
1773 1102 1974 1159 frustra
2005 1100 2232 1154 nitatur.

635 1209 805 1264 Simul
829 1217 882 1263 et
915 1206 1018 1261 hoc
1051 1197 1638 1264 animadvertendum,
1664 1195 1812 1268 quod
1845 1193 1938 1265 qui
1977 1190 2230 1254 trahitur,

635 1316 741 1356 non
766 1310 963 1371 Sponte
992 1297 1190 1363 currit,
1214 1297 1311 1352 sed
1335 1303 1428 1350 aut
1451 1301 1754 1350 rctrectans
1785 1301 1838 1346 et
1868 1287 2053 1344 tardus
2075 1327 2088 1352 ,
2143 1289 2238 1338 aut

635 1392 838 1450 invitus
866 1392 1172 1447 adducitur.

709 1488 794 1542 10.
829 1483 912 1540 Ex
955 1484 1196 1538 adductis
1237 1483 1362 1538 locis
1403 1481 1597 1552 arguit.
1631 1508 1700 1518 ——
1757 1477 1858 1546 Qtti
1900 1491 2007 1530 non
2058 1479 2239 1544 potest

633 1580 747 1637 suis
776 1580 980 1634 viribus
1030 1587 1086 1634 et
1119 1578 1306 1633 labore
1340 1575 1531 1630 venire
1585 1573 1651 1628 ad
1705 1571 1917 1636 Jesum,
1964 1564 2237 1639 quomodo

2341 365 2528 418 xilium
2558 365 2676 427 Dei.
2708 381 2776 419 ne
2800 364 3033 422 liberum
3060 365 3402 437 frangeretur
3423 365 3744 424 arbitrium.
3777 365 3930 424 Caste-

2340 474 2457 514 rum
2478 469 2602 514 sunt
2628 458 2870 530 plerique
2893 468 3228 528 nostrorum,
3248 461 3340 532 qui
3363 461 3544 517 omnia
3570 476 3700 532 qua:
3719 463 3924 532 agimus,
4014 433 4015 490 ἶ

2339 552 2524 610 dicant
2549 551 2667 608 ﬁeri
2689 551 2945 625 praesidio
2969 553 3085 610 Dei.
3109 553 3175 609 Α.
3200 555 3301 626 Qui
3327 554 3430 610 hoc
3447 554 3604 622 dicit,
3628 563 3812 611 vester
3829 571 3931 614 esse

2345 658 2367 686 ε
2395 647 2651 705 cessabit.
2701 647 2810 706 Aut
2848 663 2979 720 ergo
3027 659 3083 706 et
3124 659 3180 704 tu
3227 650 3330 706 ista
3377 649 3591 718 dicito,
3654 657 3718 706 ut
3762 664 3928 709 noster

2339 755 2459 799 esse
2487 741 2714 811 incipias
2737 782 2755 808 ,
2786 749 2878 797 aut
2906 742 2950 797 si
2982 756 3088 800 non
3117 742 3253 802 dicis
3277 784 3293 811 ,
3333 742 3545 800 alienus
3573 745 3691 802 eris
3717 759 3833 802 cum
3860 743 3932 802 his

2337 834 2426 908 qui
2459 842 2642 890 nostra
2677 847 2780 892 non
2813 833 3024 892 dicunt.
3059 836 3118 892 Ο.
3153 835 3302 891 Tuus
3328 850 3447 902 ero,
3474 836 3520 892 si
3555 851 3684 896 mea
3717 836 3928 903 dixeris,

2340 926 2504 980 immo
2537 936 2593 980 tu
2619 940 2792 993 meus,
2818 927 2864 984 si
2893 926 3119 986 adversa
3149 942 3258 984 non
3287 927 3514 984 dixeris.
3541 928 3692 988 Sana
3719 943 3929 1000 corpora

2339 1020 2640 1086 conliteris,
2679 1029 2730 1076 et
2762 1022 2983 1088 animae,
3016 1037 3137 1094 quae
3167 1021 3358 1080 fortior
3388 1031 3496 1091 est,
3526 1022 3776 1094 deuexas
3800 1024 3927 1078 sani-

2343 1122 2528 1172 tatem.
2554 1112 2626 1174 Ut
2648 1113 2791 1172 enim
2819 1115 3045 1172 morbus
3070 1125 3123 1170 et
3145 1114 3341 1170 vulnus
3365 1115 3417 1169 in
3441 1129 3706 1185 corpore,
3733 1115 3803 1174 ita
3826 1131 3931 1186 pec-

2340 1215 2521 1264 catum
2545 1205 2596 1264 in
2618 1207 2824 1262 anima.
2850 1207 2951 1276 Qui
2979 1222 3112 1277 ergo
3137 1221 3329 1262 sanum
3351 1205 3657 1278 aliquando
3679 1207 3931 1264 hominem

2341 1299 2620 1356 conﬁteris
2645 1315 2712 1354 ex
2737 1315 2798 1356 ea
2825 1309 2976 1369 parte
3002 1314 3108 1370 qua
3135 1315 3263 1355 caro
3287 1307 3395 1364 est,
3422 1315 3600 1370 quare
3627 1315 3738 1358 non
3760 1315 3933 1359 sanum

2341 1392 2492 1450 dicas
2519 1402 2571 1448 et
2608 1409 2678 1449 ex
2707 1407 2774 1449 ea
2809 1409 2913 1464 qua
2944 1394 3170 1464 spiritus
3200 1394 3320 1448 est?
3353 1392 3416 1448 Α.
3453 1393 3672 1465 Sequar
3702 1393 3935 1465 proposi-

2342 1485 2543 1545 tionem
2582 1493 2750 1541 tuam.
2801 1484 3100 1556 Numquam
3123 1485 3278 1542 hodie
3302 1485 3520 1558 eiugies
3539 1529 3552 1554 ,
3588 1488 3794 1542 veniant
3820 1503 3935 1559 quo-

2343 1595 2559 1649 cumque
2584 1579 2802 1634 vocaris.
2833 1577 2893 1635 C.
2917 1579 3146 1635 Paratus
3169 1594 3292 1636 sum
3317 1578 3384 1635 ad
3408 1579 3764 1636 audiendum.
3788 1582 3852 1634 Α.
3875 1579 3935 1634 Et

629 1681 809 1745 potest
841 1673 1019 1727 omnia
1053 1670 1220 1726 simul
1242 1679 1462 1740 peccata
1491 1665 1706 1726 vitare?
1741 1665 1806 1722 Et
1836 1666 2007 1718 vitare
2023 1660 2077 1716 in
2109 1675 2229 1730 prr-
2266 1683 2316 1748 Β
2343 1687 2442 1743 ego
2467 1671 2537 1727 ad
2564 1670 2896 1742 loquendum
2923 1671 3101 1727 surdis
3122 1672 3368 1730 auribus.
3393 1671 3552 1744 795
3573 1669 3933 1742 Respondebo

630 1776 882 1838 petuum,
935 1777 991 1820 et
1024 1765 1117 1819 Dei
1151 1763 1256 1819 sibi
1285 1762 1548 1836 potentim
1580 1775 1778 1817 nomen
1819 1755 2144 1813 assumere?
2176 1753 2235 1810 Si

635 1865 780 1922 enim
836 1864 926 1919 ille
955 1865 1305 1942 ἀναμάρτητος
1327 1902 1340 1928 ,
1372 1869 1428 1916 et
1449 1875 1550 1930 ego
1581 1859 1970 1933 ἀναμάρτητος,
2003 1868 2122 1925 quae
2153 1853 2236 1906 in-

635 1969 718 2015 ter
749 1974 835 2014 me
867 1966 922 2015 et
950 1958 1118 2012 Deum
1150 1957 1246 2012 erit
1283 1953 1579 2010 distantia?
1629 1951 1806 2006 Unum
1835 1949 2016 2004 adhuc
2038 1959 2234 2018 ponam

633 2049 1028 2106 testimonium.
1058 2061 1127 2102 ne
1155 2047 1249 2102 tibi
1277 2054 1328 2100 et
1350 2043 1690 2099 auditoribus
1712 2041 1986 2097 fastidium
2017 2038 2233 2094 faciam.

635 2145 874 2202 Assuero
889 2159 1048 2217 quem
1066 2142 1422 2213 Septuaginta
1437 2139 1768 2210 interpretes
1779 2137 2109 2214 ’Δρταξέρξην
2122 2131 2234 2205 [AL

635 2237 991 2310 Artaxersen]
1040 2245 1274 2303 vocant,
1311 2248 1536 2292 somnus
1575 2233 1816 2290 aufertur
1840 2231 1908 2286 ab
1937 2228 2144 2294 oculis,
2178 2235 2237 2284 ut

630 2331 1072 2388 Commentarios
1100 2329 1154 2384 in
1178 2345 1236 2384 sc
1267 2327 1502 2384 ﬁdelium
1531 2327 1804 2397 replicans
1834 2325 2234 2387 ministrorum,

631 2425 871 2481 inveniat
894 2422 1319 2487 Mardocbteum,
1372 2421 1528 2490 cujus
1550 2419 1750 2478 indicio
1779 2417 1850 2476 de
1873 2416 2086 2474 insidiis
2103 2415 2238 2472 libe-

632 2529 784 2576 ratus
805 2527 920 2586 est;
947 2527 1004 2572 ut
1030 2528 1084 2573 et
1113 2516 1310 2572 Esther
1335 2513 1820 2572 commendabilior
1837 2510 1996 2567 fieret
2023 2507 2236 2582 (Esther

630 2614 719 2686 vr)
740 2653 754 2681 ,
800 2623 856 2668 et
883 2621 1112 2670 cunctus
1141 2610 1371 2682 populus
1419 2608 1732 2666 indecorum
1753 2604 1915 2681 793
1948 2604 2238 2659 imminen-

628 2716 739 2762 tem
766 2707 963 2762 vitaret
989 2720 1196 2764 necem.
1232 2705 1392 2761 Certe
1423 2718 1519 2758 rex
1568 2701 2004 2772 potentissunus,
2054 2696 2145 2766 qui
2169 2695 2236 2751 ab

628 2795 780 2850 India
800 2810 968 2865 usque
985 2795 1052 2850 ab
1070 2795 1509 2865 Septentrionem
1537 2803 1591 2848 et
1607 2791 1960 2860 Ethiopiam,
1985 2797 2235 2844 cunctum

631 2887 943 2959 possidebat
963 2888 1270 2954 Orientem,
1293 2896 1415 2958 post
1437 2884 1770 2957 largissimas
1791 2884 1981 2954 epulas
2009 2891 2067 2938 et
2085 2883 2235 2939 cibos

641 2991 762 3040 toto
805 2982 939 3038 orbe
983 2981 1242 3054 quaesitos
1272 2981 1513 3035 dormire
1545 2978 1815 3050 cupiebat,
1840 2985 1895 3032 et
1915 2993 2106 3035 somno
2152 2992 2236 3032 re-

2340 1763 2502 1835 igitor
2530 1763 2596 1821 ad
2630 1764 2992 1836 propositum.
3028 1765 3109 1822 Es
3141 1766 3325 1822 anima
3368 1774 3422 1822 et
3445 1779 3672 1834 corpore
3713 1780 3937 1834 compa-

2339 1859 2435 1925 cti,
2458 1860 2736 1930 utriusque
2757 1859 3076 1914 substantiae
3091 1868 3348 1916 naturam
3359 1857 3767 1927 consequimur.
3785 1855 3938 1924 Quo-

2339 1948 2502 2005 modo
2531 1964 2734 2020 corpus
2762 1963 2950 2005 sanum
2979 1949 3199 2016 dicitur,
3231 1951 3276 2008 si
3307 1949 3456 2008 nullo
3481 1949 3745 2020 languore
3771 1963 3930 2004 vexe-

2339 2051 2449 2113 tur,
2481 2045 2551 2100 ita
2583 2044 2762 2100 anima
2802 2047 3007 2115 absque
3056 2045 3225 2111 vitio,
3270 2044 3314 2100 si
3347 2042 3496 2100 nulla
3533 2041 3928 2114 perturbatione

2338 2137 2635 2209 quatiatur.
2669 2139 2737 2192 Et
2766 2147 2947 2194 tamen
2976 2137 3226 2209 quamvis
3252 2152 3450 2209 corpus
3479 2151 3678 2194 sanum
3705 2137 3778 2194 sit
3799 2136 3924 2192 inte-

2336 2249 2605 2304 grumque
2629 2241 2684 2290 et
2709 2244 2981 2305 vegetum,
3011 2242 3064 2288 et
3090 2241 3414 2288 cunt-torum
3437 2246 3698 2290 sensuum
3727 2229 3926 2300 integri-

2338 2335 2448 2383 tate
2473 2327 2756 2383 robustum
2784 2369 2799 2396 ,
2842 2336 2936 2383 aut
2957 2326 3168 2384 crebris
3187 2369 3202 2394 ,
3233 2335 3328 2382 aut
3355 2327 3502 2386 raris
3531 2325 3923 2384 infirmitatibus
4014 2325 4015 2396 ξ

2337 2419 2704 2489 condolescit,
2725 2430 2782 2476 et
2807 2429 2867 2475 ut
2910 2420 3282 2478 firmissimum
3311 2421 3404 2488 sit,
3432 2420 3711 2478 interdum
3737 2419 3922 2492 pituitae

2339 2515 2646 2570 molestiam
2677 2514 2918 2586 patitur;
2945 2515 3016 2569 ita
3041 2517 3222 2570 anima
3241 2515 3642 2586 cogitationum
3663 2523 3716 2572 et
3731 2521 3921 2583 pertur-

2337 2607 2618 2664 bationum
2649 2608 2882 2679 impetus
2910 2607 3185 2664 sustinens
3208 2650 3222 2674 ,
3273 2615 3334 2663 ut
3371 2616 3606 2677 superet
3632 2605 3920 2674 naufragia,

2338 2719 2444 2760 non
2470 2703 2674 2774 absque
2702 2703 2942 2775 periculo
2973 2705 3214 2774 navigat,
3239 2702 3712 2774 consideransque
3735 2698 3916 2770 fragili-

2339 2805 2504 2852 tatem
2529 2810 2683 2850 suam
2711 2810 2932 2867 semper
2959 2796 3028 2852 de
3054 2805 3232 2852 morte
3251 2795 3487 2854 sollicita
3513 2805 3626 2858 est.
3646 2789 3917 2851 secuttdam

2337 2889 2472 2946 illud
2505 2889 2649 2958 quod
2681 2890 2942 2960 scriptum
2974 2897 3060 2945 est
3091 2907 3100 2944 :
3140 2890 3271 2958 Quis
3303 2898 3376 2947 est
3406 2887 3564 2944 homo
3597 2888 3684 2956 qui
3715 2887 3852 2951 viret,
3877 2889 3918 2939 et

2338 2999 2436 3037 non
2465 2982 2652 3037 videbit
2680 2993 2893 3038 mortem
2924 2981 3105 3053 (Psal.
3137 2997 3382 3049 Lxxsvn,
3411 2979 3498 3052 η)
3522 2982 3546 3034 ’ἐ
3575 2982 3710 3050 Qua:
3733 2974 3915 3036 cunctis

631 3075 942 3149 quiescere,
967 3089 1030 3130 ac
1066 3074 1299 3130 liberum
1328 3071 1614 3128 arbitrium
1645 3071 1870 3141 implere
1900 3069 2227 3139 dormiendi,
2257 3075 2304 3139 Ο
2335 3073 2544 3131 intenta
2574 3087 2656 3131 est
2678 3075 3028 3143 mortalibus,
3052 3091 3160 3132 non
3188 3084 3402 3132 natura:
3424 3073 3807 3138 dissolutione,
3834 3067 3913 3126 sed

633 3167 740 3224 nisi
774 3167 1035 3224 Dominus
1067 3165 1316 3236 provisor
1346 3164 1610 3220 bonorum
1638 3162 1877 3218 omnium
1915 3163 2234 3233 impedisset

631 3273 844 3319 naturas
875 3262 1124 3320 ordinem
1144 3304 1159 3329 ,
1186 3270 1459 3316 utcontra
1493 3268 1763 3324 naturam,
1791 3257 2007 3330 tyranni
2037 3259 2232 3313 crude.

625 3354 754 3412 litas
780 3354 1112 3409 vinceretur.
1154 3353 1400 3422 Longum
1424 3360 1509 3408 est
1530 3351 1575 3406 si
1608 3351 1832 3406 voluero
1857 3359 2047 3406 cuncta
2070 3365 2230 3406 sanc-

630 3456 805 3505 tarum
835 3447 1236 3519 Scripturarum
1286 3446 1530 3517 exempla
1559 3446 1826 3518 proferre.
1859 3445 2029 3502 Talus
2051 3461 2233 3501 sermo

625 3542 948 3600 Sanctorum
963 3543 1028 3598 ad
1044 3542 1212 3597 Deum
1227 3542 1399 3598 oratio
1411 3550 1495 3598 est
1509 3558 1522 3595 :
1545 3550 1653 3597 tota
1668 3542 1842 3598 oratio
1855 3552 1908 3598 et
1921 3542 2233 3613 deprecatio

625 3643 918 3706 extorquet
943 3634 1290 3691 clementiam
1315 3632 1624 3701 Creatoris,
1660 3645 1718 3690 ut
1747 3635 1835 3706 qui
1869 3636 2069 3691 nostris
2103 3636 2234 3691 viri-

622 3724 722 3780 bus
747 3737 800 3783 ct
826 3727 1007 3782 studio
1036 3727 1232 3782 salvari
1257 3743 1362 3782 non
1397 3742 1711 3798 possumus,
1744 3727 1890 3783 illius
1919 3729 2232 3786 misericor-

628 3821 714 3876 dia
740 3837 1152 3878 couservemur.
1192 3822 1300 3879 Ubi
1331 3831 1512 3878 autem
1545 3823 1923 3880 misericordia
1957 3833 2013 3880 et
2056 3823 2230 3895 gratia

624 3925 732 3982 est,
765 3917 994 3973 liberum
1019 3933 1084 3973 ex
1119 3927 1276 3988 parte
1301 3926 1484 3972 cessat
1502 3917 1810 3986 arbitrium,
1862 3916 2005 3987 quod
2030 3916 2086 3972 in
2107 3931 2174 3973 eo
2202 3915 2231 3956 ιι

620 4017 830 4066 tantum
861 4019 967 4078 est,
1028 4019 1086 4065 ut
1110 4010 1341 4065 veli—mus
1363 4019 1527 4077 atque
1576 4009 1884 4080 cupiamus,
1940 4019 1998 4066 et
2021 4009 2255 4080 placitis

627 4102 933 4158 tribuamus
961 4115 1270 4158 assensum.
1298 4099 1416 4156 1am
1439 4102 1493 4155 in
1525 4101 1738 4158 Domini
1761 4111 2030 4173 potestate
2051 4112 2154 4169 est,
2175 4112 2233 4158 ut

631 4195 686 4252 id
714 4196 857 4267 quod
883 4197 1158 4268 cupimus,
1191 4197 1334 4267 quod
1371 4195 1710 4263 laboramus,
1727 4212 1792 4253 ac
1815 4197 2060 4267 nitimur,
2088 4197 2232 4254 illius

624 4304 729 4360 ope
752 4297 806 4345 et
826 4289 1036 4346 auxilio
1065 4288 1293 4360 implere
1323 4288 1622 4344 valeamus.

700 4382 788 4435 11.
819 4377 1064 4452 Corporis
1093 4381 1293 4436 sanitas
1321 4380 1511 4436 assitme
1531 4379 1746 4434 sanitati
1779 4391 2127 4452 comparatur.
2159 4411 2233 4424 —-

2339 3180 2516 3227 morte
2548 3170 2943 3242 peccati,juxta
2976 3171 3107 3226 illud
3138 3168 3526 3240 Propheticum
3563 3187 3582 3226 :
3618 3168 3798 3225 Antissa
3821 3176 3916 3233 qua

2334 3263 2638 3335 peccaverit,
2669 3263 2784 3334 ipsa
2810 3263 3060 3318 morietur
3087 3266 3105 3328 (
3133 3261 3323 3318 Haedi.
3355 3276 3483 3318 svnt
3504 3301 3518 3326 ,
3549 3263 3590 3317 ὦ
3616 3261 3658 3333 ).
3686 3255 3915 3327 Alioquin

2336 3355 2475 3414 hanc
2515 3371 2862 3413 communem
2909 3365 3140 3412 mortem
3169 3397 3184 3424 ,
3231 3370 3337 3428 qua
3373 3365 3429 3410 et
3465 3354 3630 3412 bruta
3663 3353 3914 3412 solvuntur

2334 3451 2612 3516 animalia,
2641 3449 2828 3507 Enoch
2859 3461 2914 3505 et
2945 3450 3117 3506 Eliam
3151 3449 3392 3506 nondum
3424 3447 3638 3506 vidisse
3661 3441 3916 3522 cognosci-

2336 3560 2478 3600 mus.
2515 3545 2590 3599 Da
2623 3544 2755 3599 mihi
2783 3559 2983 3615 corpus
3007 3543 3152 3615 quod
3186 3557 3482 3612 numquam
3516 3541 3810 3614 lassaverit,
3836 3542 3916 3593 aut

2335 3637 2478 3708 quod
2511 3645 2634 3708 post
2661 3638 2980 3709 languorem
3006 3649 3266 3710 perpetua
3287 3636 3524 3696 sanitate
3546 3649 3803 3695 securum
3818 3631 3913 3689 sit:

2334 3742 2390 3788 et
2413 3733 2555 3788 dabo
2583 3733 2679 3789 tibi
2709 3733 2948 3788 animam
2976 3749 3100 3803 (tua
3129 3747 3428 3803 numquam
3458 3731 3806 3802 peccaverit,
3831 3737 3916 3782 nec
4014 3765 4015 3803 ξ

2335 3835 2458 3898 post
2487 3827 2714 3884 virtutes
2742 3826 3004 3898 deinceps
3031 3836 3322 3897 peccaturo
3349 3827 3441 3893 sit,
3473 3825 3784 3896 prmeer
3808 3832 3917 3878 etim

2335 3919 2512 3976 vicina
2543 3918 2654 3974 sint
2689 3920 2819 3974 vitia
2851 3920 3186 3986 virtutibus;
3217 3929 3272 3976 et
3301 3919 3350 3974 si
3389 3918 3675 3990 paqule
3705 3913 3917 3973 declina-

2338 4011 2486 4068 veris
2504 4055 2518 4078 ,
2547 4021 2640 4069 aut
2668 4013 2962 4069 errandum
2991 4013 3092 4070 tibi
3120 4013 3192 4069 sit
3214 4052 3232 4078 ,
3263 4011 3441 4070 autin
3467 4025 3720 4083 praeeris
3741 4006 3917 4066 eoden-

2334 4110 2482 4163 dum.
2531 4107 2806 4175 Quantum
2853 4109 3002 4166 enim
3041 4111 3185 4165 inter
3226 4122 3286 4164 se
3321 4107 3526 4164 distant
3552 4103 3845 4177 pertinacia
3868 4106 3915 4153 et

2336 4203 2771 4273 perseverantia,
2812 4202 3152 4273 parcimonia
3196 4211 3253 4258 et
3290 4201 3598 4271 frugalitas,
3637 4195 3913 4256 liberalitas

2335 4305 2389 4351 et
2418 4293 2697 4366 profusio,
2734 4295 3022 4366 prudentia
3051 4306 3107 4352 et
3135 4293 3412 4351 calliditas
3430 4335 3446 4360 ,
3471 4292 3740 4349 fortitudo
3766 4297 3816 4346 et
3838 4294 3910 4340 te-

2336 4390 2580 4454 meritas,
2610 4388 2826 4445 esuteia
2853 4399 2909 4446 et
2939 4387 3240 4445 timiditas?
3271 4401 3502 4459 quorum
3529 4385 3640 4444 alia
3669 4384 3737 4441 ad
3762 4383 3908 4444 bona.

625 4471 686 4530 C.
719 4472 830 4544 Ego
859 4474 1182 4545 simpliciter
1210 4474 1479 4544 dixeram,
1500 4488 1610 4530 non
1636 4474 1690 4532 in
1711 4474 1945 4545 singulis
1969 4477 2228 4547 aperibus
2252 4465 2307 4527 1)
2332 4481 2434 4536 alia
2463 4479 2780 4538 referuntur
2806 4480 2874 4538 ad
2900 4481 3062 4538 mola.
3085 4478 3240 4548 Quod
3270 4479 3496 4551 quidem
3519 4489 3576 4536 et
3602 4479 3664 4535 in
3687 4469 3910 4546 eorpr

613 4697 726 4760 pro
740 4683 981 4760 ﬂagella;
1011 4682 1246 4756 deniqtre
1273 4685 1506 4739 atteram
1531 4683 1638 4740 nisi
1662 4691 1788 4740 ante
1819 4696 2019 4744 nomen
2052 4684 2218 4742 Pater
2243 4696 2299 4757 1)
2324 4687 2456 4743 doto
2485 4688 3011 4760 quodamisermone
3033 4685 3105 4743 de
3131 4687 3399 4760 Bymbolo
3423 4687 3483 4743 in
3507 4684 3904 4744 Veronensibus

620 4758 844 4812 omittit.

689 4839 716 4868 α
748 4827 902 4898 Μῦς..
939 4825 1091 4895 Quod
1119 4827 1274 4882 etiam
1303 4827 1393 4898 qui
1420 4825 1561 4894 retis,
1596 4835 1704 4884 etc.

687 4898 715 4938 ιι
759 4897 975 4956 Initium
1001 4897 1270 4967 quoddam
1296 4899 1451 4954 bonae
1473 4900 1773 4958 voluntatis
1795 4908 1852 4957 et
1878 4900 2001 4956 ﬁdei
2030 4916 2096 4956 ex
2121 4916 2220 4957 no-

611 4971 698 5026 bis
726 4987 847 5025 esse
874 5014 888 5036 ,
934 4971 1148 5024 videtur
1173 4970 1493 5044 praedicare
1537 4972 1898 5044 Hieronymus
1929 4982 2042 5028 tum
2085 4973 2172 5028 hic
2197 5017 2211 5042 ,

614 5053 730 5096 tum
764 5056 948 5110 supra.
983 5057 1133 5095 num.
1165 5041 1216 5106 1,
1250 5051 1361 5096 not.
1385 5039 1554 5097 b.Cui
1580 5039 1867 5099 sententias
1889 5039 2215 5101 Arausicmti

611 5111 838 5186 secundi
896 5112 1460 5186 canonesprmcipue
1511 5114 1734 5186 tertium
1787 5124 1843 5172 et
1887 5116 2210 5186 vigesimum

608 5184 861 5255 quintum
891 5181 1191 5255 adversari,
1238 5196 1345 5234 non
1385 5192 1470 5236 est
1505 5184 1646 5250 quod
1681 5181 2001 5243 memorem.
2035 5187 2211 5244 Excu-

607 5252 766 5312 satur
795 5265 982 5329 tamen
1006 5252 1236 5329 aliorum
1267 5255 1627 5329 quorumdam
1658 5255 1878 5316 Patrum
1909 5260 2162 5329 exemplo
2191 5303 2204 5326 ,

607 5329 701 5398 qui
737 5338 862 5384 ante
890 5325 1238 5398 Pelagianam
1267 5323 1518 5398 haeresim
1551 5329 1824 5398 scripsere
1846 5373 1859 5396 ,
1893 5331 2037 5397 quod
2070 5323 2208 5386 non;

607 5395 736 5454 dum
770 5399 910 5453 dolis
936 5395 1222 5464 omnibus,
1253 5404 1311 5454 et
1339 5395 1754 5468 Pelagianorum
1783 5395 2046 5468 captiosis
2070 5404 2206 5456 arti-

604 5471 707 5525 bus
746 5471 1005 5536 detectis,
1059 5469 1224 5523 verbo
1272 5478 1428 5524 tenus
1480 5469 1736 5526 humm
1780 5472 2052 5527 *κομιδαδῆ
2087 5473 2206 5536 plus

600 5541 752 5609 justo
780 5541 1022 5596 videatur
1052 5541 1294 5596 tribuere
1315 5581 1330 5608 ,
1362 5549 1420 5594 ut
1445 5539 1608 5596 fidem
1639 5541 1801 5596 liberi
1825 5540 2036 5596 arbitrii
2065 5541 2203 5598 idat-

605 5625 722 5665 sam
762 5622 961 5667 servet.
993 5611 1126 5667 Erat
1151 5612 1300 5666 enim
1325 5620 1456 5668 tunc
1487 5611 1751 5678 temporis
1777 5611 2056 5679 quoddam
2086 5615 2204 5668 vei-

606 5681 684 5735 uti
719 5682 1060 5750 proverbium
1081 5725 1098 5750 ,
1141 5681 1286 5738 γειιι
1311 5693 1545 5738 nostrum
1569 5690 1643 5737 est
1668 5696 1686 5736 :
1713 5681 1855 5740 unde
1882 5691 1936 5738 et
1961 5684 2016 5739 in
2040 5697 2202 5742 auec-

2323 4761 2681 4828 memhranis,
2711 4759 2932 4815 Etiamsi
2955 4760 3080 4815 velle
3102 4759 3333 4815 nostrum
3361 4770 3455 4827 est,
3487 4760 3734 4830 per/icere
3753 4767 3898 4810 (auten

2323 4833 2436 4903 3).?“
2459 4831 2555 4886 δυο
2581 4833 2748 4903 (Dec)
2771 4849 2874 4886 non
2904 4833 3211 4891 iurauimus.
3247 4833 3479 4903 Hilarius
3509 4833 3572 4887 isr
3591 4846 3678 4900 ps.
3705 4841 3859 4903 cavit!
3883 4839 3895 4874 :

2337 4897 2786 4976 Yoltmtas'nastra
2812 4905 3080 4976 propritim
3103 4919 3169 4958 ea
3193 4921 3247 4958 ss
3270 4902 3462 4958 habere
3472 4897 3654 4976 Addet,
3681 4897 3901 4976 κένιὶιέ

2322 4972 2466 5030 Deus
2486 4977 2755 5044 incipienti
2770 4970 3318 5042 isserciuntnmdabit,
3335 4984 3444 5030 etc.
3457 4974 3709 5044 Optata.
3727 4970 3811 5044 lib.
3835 4981 3864 5020 n
3882 4981 3893 5016 :

2323 5045 2376 5098 Ν
2382 5057 2579 5102 ostrum
2596 5041 2676 5102 est
2705 5047 2853 5114 reue,
2884 5056 3114 5102 nostram
3142 5058 3216 5100 est
3251 5041 3480 5118 currere,
3512 5041 3627 5118 Dei
3651 5041 3894 5118 ρεῖίὶεϐετ

2319 5126 2427 5172 etc.
2465 5119 2707 5187 Denique
2749 5118 2869 5185 ipse
2895 5119 3183 5189 Augustus.
3225 5120 3277 5176 in
3307 5117 3598 5189 Egehirid.
3618 5131 3677 5172 ε.
3703 5115 3788 5189 ω,
3807 5115 3896 5189 sui

2320 5189 2461 5260 Itane
2483 5180 2806 5244 sententiam
2827 5180 3056 5246 miriﬁce
3075 5189 3331 5260 clpiicat.
3355 5187 3564 5257 Totins.
3586 5188 3774 5257 Ws
3798 5180 3894 5237 θέο

2315 5259 2552 5315 dandum
2581 5271 2678 5328 est,
2708 5262 2795 5330 qui
2822 5262 3046 5316 [taurinis
3073 5263 3390 5316 volutatus
3415 5261 3613 5316 honour
3633 5269 3690 5330 et
3709 5265 3895 5330 ρνωρεῖζ

2314 5341 2398 5406 rat
2449 5321 2803 5406 adjuvandorn
2835 5376 2849 5396 ,
2889 5340 2937 5406 et
2975 5333 3195 5406 adjuvat
3652 5321 3892 5406 Prchil

2314 5405 2450 5457 enim
2479 5398 2614 5458 bona
2647 5405 2887 5459 voluntas
2908 5398 3135 5459 hominis
3163 5398 3464 5458 ιιιὰιωύιί
3485 5403 3642 5468 dona,
3679 5398 3767 5454 sed
3799 5405 3890 5468 κοη

2314 5475 2529 5547 omnia;
2569 5491 2684 5547 qua:
2721 5485 2896 5530 autem
2939 5492 3040 5530 non
3079 5475 3323 5547 praecedit
3368 5476 3505 5544 ipsa,
3555 5475 3607 5528 in
3640 5472 3710 5526 eis
3748 5474 3817 5522 est
3848 5467 3890 5515 ει

2311 5545 2451 5616 ipsa.

2387 5627 2409 5655 ο
2442 5615 2595 5674 Unus
2625 5616 2823 5682 Vatic.,
2855 5618 3092 5674 cessavit.
3124 5616 3332 5674 Vitiare
3355 5625 3538 5676 autem
3569 5626 3731 5689 penes
3758 5605 3884 5666 MIT-

2313 5689 2442 5745 tian.
2472 5699 2596 5745 erat
2623 5700 2752 5747 eum
2777 5689 3150 5760 interrogandi
3179 5697 3327 5746 nota.
