4022 6374
525 203 641 266 585

1769 190 1830 248 S.
1872 186 2147 248 EUSEBII
2190 187 2568 249 IllERONYMl

3724 186 3829 247 εει

523 309 786 381 intellige.
834 304 1013 363 Multis
1058 300 1386 361 testimoniis
1439 317 1602 376 supra
1660 302 1918 372 didicisti,
1956 304 2127 374 legem
2156 311 2209 371 Α
2234 308 2405 362 cteteri
2430 306 2681 374 homines,
2710 304 2964 379 raptores,
2993 304 3201 371 iniusti,
3228 302 3477 369 adulteri,
3505 308 3555 358 et
3596 302 3727 357 sicut
3751 304 3839 357 hic

520 402 725 460 nullum
774 398 1017 469 potuisse
1064 398 1369 467 complere.
1424 397 1479 453 Si
1532 405 1711 451 autem
1744 396 2040 466 Apostolus
2068 396 2133 450 ad

525 491 995 562 comparationem
1025 490 1214 561 gratia:
1241 489 1467 556 Christi,
1499 504 1619 560 quae
1640 488 1788 559 prius
1816 488 1964 544 lucra
1996 487 2141 544 arbi-

523 582 771 639 trahatur
786 581 842 637 in
873 582 1013 653 lege,
1032 581 1304 652 reputavit
1320 581 1477 650 quasi
1501 589 1769 646 stercora,
1787 588 1848 635 ut
1862 578 2136 635 Christum

524 674 895 741 lucrifaceret,
921 684 1128 745 quanto
1161 673 1335 744 magis
1374 689 1474 729 nos
1522 673 1667 729 scire
1706 671 1992 738 debemus,
2017 672 2141 727 ideo

526 768 734 827 Christi
768 778 823 825 et
854 766 1131 839 Evangelii
1158 770 1388 839 gratiam
1413 768 1767 835 successisse,
1795 768 1918 839 quia
1948 768 2000 822 in
2024 767 2141 836 lege

530 877 693 919 nemo
730 859 1015 933 justiticari
1043 861 1255 930 potuit?
1282 861 1339 918 Si
1369 869 1551 916 autem
1584 859 1693 933 [ΑΙ.
1737 859 1892 932 ergo]
1931 860 1982 914 in
2025 859 2143 931 lege

534 956 717 1013 nullus
746 952 1096 1025 iustiﬁcetur,
1131 952 1408 1024 quomodo
1438 952 1506 1007 ad
1554 952 1851 1023 perfectum
1880 950 1987 1024 [Αι.
2018 966 2143 1023 per-

533 1046 854 1121 lectionem]
903 1046 1285 1104 immaculatus
1330 1055 1413 1102 est
1448 1046 1499 1101 in
1529 1046 1638 1113 via,
1670 1045 1759 1114 qui
1807 1045 1986 1100 adhuc
2028 1060 2137 1100 am-

533 1141 707 1210 bulat,
737 1149 794 1197 et
833 1139 901 1195 ad
946 1139 1151 1195 calcem
1201 1137 1391 1195 venire
1448 1137 1707 1193 festinat?
1738 1138 1899 1193 Certe
1949 1139 2043 1207 qui
2089 1139 2140 1193 in

533 1251 698 1295 cursu
726 1246 840 1303 est,
863 1244 918 1292 et
947 1234 1001 1290 in
1030 1233 1117 1290 via
1162 1232 1427 1305 graditur,
1463 1233 1641 1288 minor
1681 1240 1766 1287 est
1801 1246 1869 1287 eo
1897 1231 1989 1303 qui
2023 1246 2144 1301 per-

531 1331 681 1388 venit
719 1329 786 1386 ad
836 1328 1021 1385 finem.
1056 1327 1112 1384 Si
1153 1342 1284 1397 ergo
1322 1326 1703 1381 immaculatus
1730 1334 1816 1379 est
1859 1324 1952 1380 ille
1981 1332 2145 1396 atque

532 1421 827 1497 perfectus,
856 1419 951 1491 qui
990 1418 1168 1474 adhuc
1194 1417 1438 1473 ambulat
1484 1416 1538 1472 in
1569 1418 1687 1483 via,
1716 1427 1770 1473 et
1799 1416 2043 1487 graditur
2087 1416 2142 1472 in

531 1516 675 1586 lege,
704 1513 833 1587 quid
881 1512 1007 1585 plus
1048 1511 1271 1567 habebit
1316 1511 1438 1577 ille,
1472 1510 1565 1581 qui
1611 1511 1677 1567 ad
1725 1510 2013 1567 terminum
2044 1510 2143 1565 via:

532 1609 780 1680 legisque
809 1604 1097 1678 pervenit?
1127 1603 1282 1661 Unde
1309 1613 1365 1659 et
1391 1604 1687 1673 Apostolus
1715 1601 1783 1659 de
1814 1602 2045 1657 Domino
2067 1602 2143 1656 Ιοοη

532 1704 716 1775 quitur
735 1701 958 1774 (Ephes.
982 1698 1064 1771 v),
1094 1698 1237 1771 quod
1272 1699 1324 1753 in
1352 1698 1457 1753 line
1483 1696 1695 1763 mundi,
1714 1706 1771 1753 et
1803 1696 1857 1751 in
1888 1710 2143 1750 consum-

534 1795 773 1855 matione
811 1796 1076 1851 virtutum
1102 1793 1364 1849 exhibeat
1406 1792 1510 1847 sibi
1540 1800 1782 1848 Sanctam
1816 1791 2137 1858 Ecclesiam,

534 1899 563 1930 ει
598 1906 705 1946 non
733 1888 1027 1945 habentem
1072 1887 1367 1954 maculam,
1400 1901 1577 1957 neque
1605 1900 1814 1956 rugam,
1854 1900 2014 1957 quam
2050 1898 2144 1939 vos

534 1988 736 2062 putatis
757 1986 869 2058 jam
894 1986 948 2042 in
979 1984 1082 2041 ista
1108 2000 1277 2041 carne
1324 1982 1543 2041 mortali
1575 1992 1628 2037 et
1652 1978 1990 2050 corruptibili
2021 1993 2144 2035 esse

535 2083 853 2157 perfectam,
877 2092 934 2140 et
960 2081 1151 2139 audire
1182 2080 1468 2138 meremini
1497 2094 1620 2137 cum
1653 2077 1988 2135 Corinthiis:
2021 2076 2143 2130 Jam

533 2178 747 2252 perfecti
784 2178 930 2243 estis,
945 2180 1063 2250 jam
1091 2176 1273 2231 divites
1303 2175 1430 2247 facti
1457 2174 1577 2229 estis
1597 2212 1613 2240 ,
1644 2173 1757 2227 sine
1784 2171 1930 2226 nobis
1958 2186 2145 2243 regna-

533 2273 602 2329 tis
649 2270 771 2344 [ΑΙ.
795 2270 1054 2342 regnastis
1074 2268 1119 2341 ],
1150 2278 1304 2339 atque
1329 2269 1528 2322 utinam
1551 2266 1837 2339 regnaretis
1853 2307 1869 2333 ,
1893 2274 1949 2318 ut
1976 2272 2024 2317 et
2053 2279 2145 2318 nos

531 2380 867 2438 regnaremus
896 2364 1161 2419 vobiscum
1191 2363 1249 2433 (l
1278 2362 1399 2418 Cor.
1435 2378 1508 2429 tv,
1540 2360 1596 2433 8)
1631 2378 1645 2415 :
1675 2361 1841 2433 798
1860 2375 1983 2416 cum
2017 2372 2142 2414 vera

534 2469 590 2518 et
615 2459 821 2531 absque
845 2458 997 2517 omni
1043 2457 1210 2515 sorde
1237 2458 1501 2529 perfectio
1528 2458 1582 2513 in
1616 2456 1934 2513 coelestibus
1969 2468 2147 2509 reser-

533 2560 717 2617 vetur,
757 2551 976 2624 quando
1005 2565 1243 2623 sponsus
1281 2550 1537 2622 loquetur
1565 2548 1633 2605 ad
1674 2562 1934 2617 sponsam
1968 2563 1982 2598 :
2017 2544 2147 2598 Tota

532 2644 752 2721 pulchra
780 2662 854 2711 es,
882 2644 1055 2700 amica
1084 2659 1220 2706 mea,
1252 2653 1302 2697 et
1327 2642 1532 2697 macula
1564 2658 1667 2695 non
1706 2649 1780 2695 est
1807 2640 1859 2693 in
1891 2648 1939 2691 te
1969 2634 2145 2708 (Cant.

530 2754 611 2806 tv,
642 2738 721 2809 7).
753 2738 914 2795 Juxta
947 2736 1093 2808 quod
1118 2746 1174 2792 et
1200 2735 1330 2791 illud
1357 2732 1678 2804 intelligitur
1713 2749 1726 2786 :
1763 2731 1830 2787 Ut
1870 2730 1982 2785 sitis
2017 2730 2146 2782 irre-

536 2829 905 2901 prehensibiles
956 2838 1004 2882 et
1057 2829 1319 2898 simplices
1369 2827 1501 2882 sicut
1553 2825 1650 2894 ﬁlii
1692 2820 1793 2877 Dei
1830 2820 2150 2875 immaculati

536 2918 803 2991 (Philipp.
846 2934 907 2985 ll,
941 2918 1246 2990 15):quod
1295 2932 1406 2973 non
1446 2914 1652 2972 dixerit
1673 2912 1782 2985 [ΑΙ.
1821 2910 1979 2982 dixit]
2003 2910 2145 2978 estis,

536 3009 635 3068 sed
663 3010 799 3078 sitis,
829 3009 885 3065 in
916 3009 1161 3065 futurum
1189 3008 1473 3075 diﬁ'erens,
1499 3021 1606 3063 non
1640 3004 1695 3059 in
1726 3002 1986 3075 praesenti
2025 3015 2147 3056 esse

2240 400 2541 469 publicanus
2566 416 2584 454 :
2595 402 2782 473 jejuno
2804 401 2877 455 bis
2899 400 2953 454 in
2975 398 3243 463 sabbatho,
3267 398 3495 467 decimas
3517 396 3585 451 do
3606 397 3836 451 omnium

2239 508 2356 561 qua:
2381 492 2616 562 possideo
2664 492 2816 564 (Luc.
2846 507 3000 557 xvut,
3049 492 3159 563 11).
3193 489 3288 547 llle
3317 492 3428 562 agit
3451 490 3659 562 gratias
3696 488 3832 557 Deo,

2238 585 2365 657 quia
2396 586 2566 657 ipsius
2602 586 2980 644 misericordia
3012 602 3119 643 non
3150 585 3221 641 sit
3249 586 3391 642 sicut
3426 584 3619 641 caeteri
3659 583 3836 641 homi-

2241 692 2357 744 nes,
2387 686 2605 748 peccata
2642 679 2943 747 detestans,
2988 693 3093 735 non
3122 691 3411 734 assumens
3440 676 3725 746 iustitiam.
3756 677 3834 733 'l'u

2240 769 2417 826 dicis:
2458 790 2477 823 ι
2518 771 2765 838 Domine,
2792 781 2846 828 tu
2888 772 3029 827 nosti
3050 786 3212 843 quam
3236 779 3463 838 sanctas,
3495 771 3837 841 quaminno-

2242 874 2446 929 centes,
2476 879 2638 936 quam
2682 880 2829 934 parte
2870 864 2979 919 sint
3021 865 3090 919 ab
3125 863 3276 920 omni
3324 862 3535 927 fraude,
3564 862 3756 934 injuria
3787 871 3841 919 et

2243 956 2456 1029 rapina,
2479 972 2616 1028 quas
2644 956 2712 1013 ad
2736 966 2788 1014 te
2818 956 3068 1029 cxpando
3089 971 3301 1012 manus.
3342 975 3362 1009 ι
3392 956 3489 1012 llle
3520 955 3603 1012 bis
3628 955 3683 1011 in
3713 956 3840 1013 sab-

2245 1051 2413 1110 batho
2456 1066 2515 1107 se
2564 1051 2813 1123 jejunare
2856 1052 3010 1122 dicit,
3059 1059 3118 1106 ut
3168 1050 3374 1122 allligat
3426 1065 3651 1107 carnem
3697 1049 3843 1105 vitiis

2245 1142 2645 1212 lascivientem,
2674 1152 2726 1201 et
2757 1144 2939 1200 omnis
2968 1143 3286 1199 substantire
3312 1158 3427 1198 sum
3460 1142 3556 1198 dat
3583 1141 3840 1199 decimas.

2248 1234 2551 1307 Redemptio
2569 1235 2701 1290 enim
2720 1236 2908 1291 animte
2922 1235 3038 1301 viri,
3056 1235 3285 1306 propriae
3307 1234 3508 1289 divitia:
3521 1233 3700 1307 (Prov.
3724 1251 3845 1297 xm.

2246 1328 2326 1397 8).
2360 1327 2440 1382 Tu
2473 1341 2594 1381 cum
2627 1326 2850 1383 diabolo
2878 1328 3150 1398 gloriaris,
3184 1327 3402 1383 dicente
3436 1327 3650 1400 :Super
3674 1328 3847 1383 sidera

2247 1420 2544 1485 ascendam,
2572 1436 2761 1491 ponam
2790 1421 2843 1473 in
2865 1420 3029 1492 799
3047 1420 3171 1474 coelo
3199 1420 3441 1475 thronum
3473 1436 3663 1485 meum,
3688 1430 3733 1474 et
3758 1435 3848 1475 ero

2246 1512 2431 1568 similis
2470 1512 2737 1567 Altissimo
2765 1512 2920 1584 (lsai.
2954 1529 3062 1579 xiv,
3094 1514 3183 1579 15,
3206 1512 3317 1585 14).
3352 1513 3525 1569 David
3558 1513 3798 1585 loquitur
3829 1532 3844 1572 :

2247 1605 2435 1660 Lumbi
2458 1606 2560 1661 mei
2594 1605 2797 1677 impleti
2822 1616 2942 1661 sunt
2966 1606 3291 1661 illusionibus
3317 1605 3489 1679 (Psal.
3533 1623 3738 1673 xxxvii,
3764 1608 3846 1679 8);

2172 1714 2219 1777 Β
2247 1707 2322 1763 et,
2355 1698 2791 1769 Computruerunt
2832 1700 3097 1754 cicatrices
3139 1715 3267 1754 mem
3304 1717 3336 1755 a
3364 1701 3494 1772 facie
3538 1701 3853 1773 insipientia:

2245 1809 2370 1847 mea:
2397 1791 2590 1864 (Ibid.,
2618 1792 2708 1865 6);
2730 1802 2807 1858 et,
2844 1792 2928 1847 Ne
2974 1794 3133 1849 intres
3173 1796 3226 1849 in
3247 1795 3506 1867 judicium
3534 1812 3652 1849 cum
3694 1813 3853 1853 seruo

2246 1895 2363 1951 tuo;
2394 1895 2470 1947 et,
2499 1883 2621 1940 Non
2659 1885 3038 1957 justi/imbitur
3065 1888 3121 1941 in
3147 1898 3414 1960 conspectu
3454 1898 3540 1945 tuo
3576 1891 3745 1945 omnis
3774 1891 3854 1944 vi-

2244 1993 2366 2033 vens
2388 1977 2507 2048 (Ps.
2538 1994 2699 2044 cum,
2724 1978 2805 2049 2).
2834 1978 2916 2035 Tu
2948 1990 3197 2036 sanctum
3223 1990 3278 2037 ct
3298 1982 3652 2041 innocentem
3676 1994 3733 2041 et
3757 2001 3851 2055 pu—

2246 2086 2365 2127 rum
2411 2078 2463 2127 te
2510 2086 2635 2127 esse
2673 2070 2869 2142 jactas,
2901 2082 2956 2129 et
2984 2074 3215 2129 mundas
3253 2075 3319 2129 ad
3375 2077 3542 2132 Deum
3590 2076 3849 2149 expandis

2248 2179 2462 2219 manus.
2487 2163 2597 2219 Nec
2623 2163 2832 2221 suflicit
2864 2166 2959 2222 tibi
2990 2166 3045 2222 in
3083 2168 3295 2224 cunctis
3318 2169 3578 2240 operibus
3607 2170 3841 2242 gloriari,

2247 2258 2347 2314 nisi
2374 2258 2442 2314 ab
2468 2261 2617 2316 omni
2648 2263 2925 2317 sermonis
2950 2261 3172 2334 orisque
3195 2271 3416 2333 peccato
3444 2263 3703 2320 mundum
3730 2280 3845 2321 esse

2249 2362 2301 2408 te
2328 2352 2500 2419 dicas,
2524 2354 2768 2411 inferens
2796 2370 2958 2425 quam
2987 2355 3157 2426 justa,
3191 2372 3350 2427 quam
3397 2357 3742 2413 immaculata
3771 2359 3847 2414 la-

2248 2449 2358 2518 bia,
2387 2460 2443 2505 et
2471 2450 2541 2505 ab
2566 2452 2717 2506 omni
2762 2451 3049 2507 mendacio
3077 2452 3270 2509 libera.
3316 2451 3413 2508 llle
3454 2453 3642 2509 canit:
3674 2452 3845 2508 Omnis

2248 2552 2416 2597 autem
2439 2542 2590 2598 homo
2620 2543 2845 2599 mendax
2866 2543 2987 2615 (Ps.
3019 2559 3143 2608 cxv,
3172 2544 3264 2615 2),
3298 2554 3352 2601 et
3378 2544 3485 2600 hoc
3512 2546 3686 2616 ipsum
3716 2560 3845 2601 con-

2250 2635 2428 2690 lirmat
2456 2635 2759 2705 apostolica
2790 2636 3111 2705 auctoritas,
3132 2646 3190 2692 ut
3219 2637 3290 2692 sit
3316 2638 3464 2694 Deus
3488 2638 3839 2711 verax(Rom.

2249 2726 2352 2799 ιιι),
2369 2730 2552 2785 omnis
2572 2739 2754 2785 autem
2776 2729 2944 2786 homo
2965 2729 3196 2786 mendax
3225 2739 3315 2787 :et
3343 2740 3398 2786 tu
3430 2732 3502 2787 ab
3526 2731 3674 2787 omni
3703 2746 3845 2786 men-

2250 2819 2404 2875 dacio
2431 2821 2772 2876 immaculata
2804 2831 2859 2877 et
2899 2821 3047 2893 justa
3090 2830 3148 2877 et
3187 2822 3358 2878 libera
3394 2823 3647 2893 possides
3685 2823 3841 2878 labia.

2254 2914 2418 2969 Isaias
2444 2914 2653 2985 plangit
2674 2932 2687 2969 :
2708 2914 2831 2970 Heu
2854 2914 2982 2969 mihi
3010 2914 3215 2980 misero,
3241 2916 3487 2984 quoniam
3514 2925 3842 2987 compunctus

2248 3023 2385 3073 sum,
2415 3006 2538 3077 quia
2567 3023 2682 3061 cum
2707 3007 2807 3062 sim
2834 3008 3011 3074 homo,
3050 3019 3096 3063 et
3140 3008 3409 3063 imnmnda
3440 3008 3578 3064 labia
3616 3009 3836 3075 habeam,

536 3111 877 3172 contestans,
900 3111 960 3159 ut
982 3102 1074 3159 hic
1105 3102 1259 3157 labor
1282 3103 1357 3157 sit
1382 3110 1544 3172 atque
1563 3098 1867 3165 contentio,
1894 3096 1967 3152 ibi
1998 3095 2147 3151 labo-
2173 3105 2218 3167 C
2252 3098 2305 3151 in
2334 3099 2501 3153 medio
2528 3115 2729 3171 quoque
2778 3101 2959 3171 populi
3010 3101 3279 3156 immunda
3316 3100 3453 3155 labia
3498 3100 3734 3156 habentis
3760 3117 3844 3172 ego

534 3196 617 3252 ris
667 3195 988 3268 virtutisque
1032 3196 1278 3267 praemia.
1330 3194 1573 3265 Denique
1620 3192 1860 3248 Joannes
1912 3189 2148 3245 scribit:

539 3288 907 3358 Dilectissimi,
940 3290 1037 3361 ﬁlii
1062 3289 1158 3344 Dei
1187 3306 1385 3356 sumus,
1419 3298 1467 3343 et
1498 3287 1729 3342 nondum
1752 3285 1998 3359 apparuit
2025 3284 2152 3355 quid

538 3384 755 3439 erimus.
775 3383 1002 3451 Scimus,
1018 3384 1144 3452 quia
1163 3400 1279 3438 cum
1299 3382 1622 3456 apparuerit,
1642 3378 1837 3436 similes
1864 3379 1911 3433 ei
1937 3379 2149 3449 erimus,

535 3478 783 3550 quoniam
804 3495 922 3535 eum
942 3478 1228 3533 videbimus
1242 3478 1395 3532 sicuti
1412 3487 1508 3532 est.
1525 3477 1569 3546 (Ι
1584 3474 1744 3531 Joan.
1764 3490 1845 3540 ιιι,
1870 3472 1928 3545 2)
1953 3474 2153 3541 Quam-

539 3586 702 3643 quam
732 3586 865 3643 ergo
910 3570 1008 3627 lilii
1041 3571 1137 3627 Dei
1166 3572 1360 3635 simus,
1387 3579 1570 3626 tamen
1597 3566 1903 3625 similitudo
1950 3567 2070 3632 Dei,
2097 3575 2153 3621 et

538 3677 667 3719 vera
696 3661 1117 3734 contemplatio,
1136 3670 1265 3717 tunc
1296 3661 1458 3718 nobis
1490 3658 1909 3731 repromittitur,
1933 3656 2153 3729 quando

542 3755 867 3828 apparuerit
894 3754 949 3811 in
972 3755 1227 3811 claritate
1257 3769 1378 3811 sua.

617 3847 707 3902 14.
751 3845 957 3920 Pelagii
992 3845 1236 3918 superbia
1262 3846 1318 3901 in
1358 3846 1510 3917 epist.
1543 3844 1614 3899 ad
1642 3842 1936 3899 lulianum.
1976 3872 2045 3885 —-
2075 3840 2152 3897 De

542 3937 648 3995 hoc
679 3939 954 4009 superbia:
996 3947 1234 4006 tumore,
1264 3946 1321 3994 et
1351 3938 1445 3993 illa
1477 3936 1666 3993 orandi
1715 3934 2023 4007 prorumpit
2053 3948 2151 3988 au-

541 4032 719 4100 dacia,
750 4048 858 4105 qua
901 4032 1154 4090 scribens
1194 4032 1263 4088 ad
1304 4030 1333 4071 ι)
1368 4031 1613 4101 viduam,
1656 4030 1935 4102 quomodo
1978 4037 2152 4097 sancti

542 4125 781 4184 debeant
801 4141 986 4195 orare,
1011 4127 1356 4199 pronuntias.
1381 4142 1401 4178 ι
1430 4125 1527 4181 llle
1547 4124 1717 4192 enim,
1742 4124 1942 4195 inquis,
1959 4122 2153 4178 merito

542 4218 611 4275 ad
638 4218 810 4276 Deum
839 4218 1059 4277 extollit
1079 4233 1296 4284 manus,
1320 4218 1410 4273 ille
1428 4232 1626 4289 preces
1651 4218 1791 4272 bona
1815 4214 2152 4272 conscientia

541 4311 745 4381 fundit,
777 4313 868 4383 qui
909 4318 1091 4383 potest
1134 4310 1323 4366 dicere
1350 4326 1363 4364 :
1389 4310 1471 4365 Tu
1502 4310 1648 4366 enim
1694 4309 1862 4375 nosti,
1898 4306 2148 4371 Domine,

541 4420 708 4477 quam
737 4415 968 4473 sanctae,
997 4419 1161 4476 quam
1211 4405 1552 4468 innocentes,
1582 4418 1744 4474 quam
1775 4418 1925 4473 pura:
1951 4400 2062 4456 sint
2083 4399 2152 4455 ab

2256 3192 2429 3247 habito
2480 3191 2647 3266 (Isai.
2682 3208 2754 3261 vr,
2786 3192 2861 3265 5)
2890 3212 2901 3247 :
2926 3203 2978 3250 et
3017 3204 3204 3264 postea
3236 3205 3259 3234 ο
3289 3193 3580 3266 Serapltim
3629 3195 3843 3267 ignitum

2255 3287 2548 3343 carbonem
2614 3287 2823 3359 forcipe
2867 3289 3328 3362 comprehensum
3374 3289 3551 3347 defert
3597 3290 3664 3346 ad
3732 3308 3844 3364 pro-

2257 3378 2432 3449 phetae
2475 3379 2615 3436 labia
2647 3380 2947 3452 purganda,
2972 3397 3082 3437 non
3114 3391 3173 3438 ut
3213 3382 3475 3453 loqueris.
3523 3384 3844 3457 arrogantis,

2256 3473 2352 3529 sed
2384 3490 2480 3530 sua
2513 3474 2639 3529 vitia
2673 3475 3014 3532 conﬁtentis.
3036 3476 3195 3532 Juxta
3227 3476 3366 3532 illud
3387 3476 3532 3549 quod
3557 3478 3609 3533 in
3645 3479 3845 3547 psalmo

2256 3567 2455 3623 dicitur
2489 3585 2502 3619 :
2546 3568 2685 3636 Quid
2718 3570 2867 3624 detur
2895 3571 3006 3635 tibi,
3037 3580 3126 3624 aut
3164 3571 3288 3639 quid
3330 3580 3627 3644 apponatur
3657 3572 3746 3627 tibi
3784 3572 3846 3624 ad

2256 3661 2488 3732 linguam
2515 3660 2754 3716 dolosam
2771 3662 2797 3716 ?
2826 3662 3043 3735 Sagitta:
3069 3664 3290 3736 potentis
3317 3675 3481 3720 acuta:
3524 3680 3642 3719 cum
3672 3664 3845 3720 carbo-

2257 3752 2404 3805 nibus
2440 3753 2771 3809 desolatoriis
2809 3752 2929 3826 (Ps.
2958 3769 3109 3821 cxtx,
3136 3756 3257 3827 5i).
3282 3754 3351 3810 Et
3384 3764 3510 3827 post
3538 3765 3746 3811 tantum
3775 3765 3848 3811 tu-

2258 3858 2488 3910 morem,
2517 3842 2838 3915 orantisque
2863 3845 3183 3915 iactantiam
3213 3857 3268 3902 et
3290 3846 3681 3903 confidentiam
3703 3863 3848 3903 sanc-

2256 3938 2450 4005 titatis,
2482 3939 2634 4009 quasi
2682 3939 2883 3995 stultus
2927 3940 3110 3996 stultis
3152 3941 3484 4011 persuadere
3531 3943 3770 4008 conaris,
3797 3951 3848 3997 ut

2257 4031 2310 4087 in
2342 4041 2588 4089 extremo
2635 4033 2787 4089 dicas
2825 4050 2838 4087 :
2884 4033 3094 4102 Quibus
3126 4034 3222 4092 tibi
3269 4045 3329 4091 ut
3369 4034 3503 4091 milii
3549 4037 3849 4093 miserearis

2259 4140 2448 4195 preces
2474 4125 2659 4181 fundo.
2696 4125 2750 4182 Si
2782 4136 3011 4185 sanctus
3037 4143 3121 4196 es,
3152 4129 3200 4183 si
3233 4129 3522 4195 innocens,
3551 4130 3598 4184 si
3622 4130 3691 4185 ab
3711 4130 3845 4186 omni

2255 4219 2416 4275 sorde
2437 4229 2717 4291 purgatus,
2748 4219 2793 4275 si
2818 4236 2919 4277 nec
2944 4236 3220 4291 sermone,
3246 4237 3347 4278 nec
3387 4237 3555 4293 Opere
3595 4224 3842 4293 peccasti,

2256 4313 2470 4371 dicente
2497 4313 2724 4379 Jacobo,
2759 4314 2864 4381 Qui
2888 4316 2943 4370 in
2979 4317 3133 4372 t'crbo
3175 4332 3275 4371 non
3307 4327 3501 4390 peccat,
3528 4318 3627 4374 iste
3655 4322 3847 4389 perfec-

2257 4414 2337 4461 tus
2368 4407 2478 4480 [ΑΙ.
2516 4405 2718 4480 justus]
2746 4416 2822 4463 est
2863 4408 2973 4475 vir;
2999 4417 3074 4473 et,
3106 4407 3275 4463 Nemo
3308 4417 3468 4479 potest
3512 4408 3628 4483 [ΑΙ.
3659 4407 3846 4480 potens)

544 4500 697 4558 omni
749 4501 966 4569 fraude,
1004 4511 1061 4558 et
1090 4501 1310 4572 injuria,
1337 4508 1394 4557 et
1423 4498 1632 4571 rapina.
1670 4512 1805 4569 quas
1851 4496 1918 4553 ad
1952 4504 2008 4553 te
2051 4510 2153 4553 cx-
2182 4505 2231 4564 Ι)
2259 4504 2525 4572 refrenare
2568 4501 2801 4573 linguam
2847 4518 2995 4557 suam
3023 4499 3233 4571 (Iacob.
3266 4517 3346 4569 tu,
3379 4502 3436 4568 2,
3464 4500 3547 4573 8),
3583 4503 3849 4575 quomodo

543 4592 729 4667 pando
760 4609 954 4649 manus
980 4612 994 4650 :
1023 4610 1185 4666 quam
1211 4594 1378 4665 iusta,
1410 4608 1573 4664 quam
1603 4591 1949 4648 immaculata
1985 4590 2152 4657 labia,

544 4694 605 4744 et
631 4687 700 4743 ab
722 4686 871 4744 omni
902 4688 1198 4745 mendacio
1225 4688 1421 4754 libera,
1450 4686 1649 4758 quibus
1672 4684 1794 4751 tibi,
1813 4693 1876 4741 ut
1901 4684 2032 4741 mihi
2053 4684 2156 4739 mi-

422 4819 433 4827 ο
539 4781 800 4850 serearis,
827 4797 1018 4855 preces
1042 4782 1232 4840 fundo.
1266 4802 1284 4836 ι
1312 4779 1611 4837 Christiani
1643 4790 1726 4837 est
1756 4780 1892 4848 haec,
1914 4796 1981 4836 an
2012 4780 2153 4836 Pha-

536 4874 682 4933 risaei
735 4876 1108 4949 superbientis
1158 4875 1376 4933 oratio?
1417 4875 1507 4947 qui
1550 4876 1716 4932 etiam
1757 4875 1810 4931 in
1860 4874 2153 4947 Evangelio

533 4968 864 5041 loquebatur
895 4989 910 5028 :
940 4969 1103 5038 Deus,
1128 4970 1328 5043 gratias
1353 4984 1453 5042 ago
1482 4968 1592 5038 tibi,
1613 4968 1735 5040 quia
1762 4984 1862 5025 non
1883 4984 1997 5023 sum
2020 4967 2152 5022 sicut

610 5147 638 5177 ⁸
679 5136 876 5194 Iisdem
916 5152 1060 5210 pene
1089 5137 1275 5193 verbis
1305 5136 1448 5192 hanc
1492 5137 1694 5193 refellit
1731 5138 2141 5210 Pelagianorum

535 5210 868 5268 calumniam
901 5210 962 5266 S.
992 5210 1355 5280 Augustinus.

609 5280 635 5321 δ
678 5279 805 5336 ﬂzec
845 5280 1006 5337 vidua
1044 5280 1256 5335 .luliana
1307 5289 1412 5345 est,
1444 5281 1803 5338 Demetriadis
1850 5290 2046 5347 mater,
2075 5282 2145 5337 de

532 5369 641 5426 qua
669 5352 808 5409 infra
844 5351 1047 5426 latius:
1061 5352 1281 5426 Interim
1314 5353 1452 5426 haec,
1481 5369 1603 5423 qum
1625 5369 1654 5407 a
1688 5353 2024 5423 llieronymo
2053 5369 2142 5408 re-

533 5424 794 5487 citantur,
850 5425 967 5496 ipsa
1021 5424 1223 5496 Pelagii
1274 5424 1444 5496 verba
1482 5427 1737 5480 videntur
1785 5438 1911 5496 esse
1954 5441 1968 5475 :
2004 5439 2142 5496 nam

532 5492 1077 5566 traditAugustinus,
1112 5494 1221 5566 lib.
1256 5495 1326 5550 de
1364 5494 1544 5552 Gestis
1595 5495 1822 5565 Pelagii,
1874 5492 2019 5566 quod
2065 5494 2143 5548 illi

529 5562 988 5636 objectutn'fuerit
1007 5582 1038 5623 a
1062 5565 1456 5635 Diospolitanis
1477 5562 1752 5629 Patribus',
1771 5562 1913 5633 quod
1933 5564 2144 5636 docens

570 5630 987 5694 uémadmodum
1032 5630 1269 5694 debeant
1312 5639 1501 5694 Sancti
1543 5649 1731 5697 orare,
1775 5630 1854 5687 ait
1892 5650 1905 5684 :
1948 5630 2051 5687 Ille
2076 5634 2144 5687 ad

570 5651 987 5694 uemaamouum
1032 5651 1269 5694 debeant
1312 5651 1501 5694 sancti
1543 5651 1731 5697 orare,
1775 5651 1854 5687 ait
1892 5651 1905 5684 :
1948 5651 2051 5687 me
2076 5651 2143 5687 aa

527 5651 700 5763 zeum
726 5708 882 5780 digne
909 5710 1071 5764 elevat
1089 5725 1294 5775 manus,
1323 5709 1611 5765 orationem
1640 5704 1775 5761 bona
1824 5705 2144 5761 conscientia

2253 4591 2687 4648 misericordiam
2721 4592 3057 4664 deprecaris,
3091 4601 3153 4649 ut
3176 4592 3430 4650 videlicet
3457 4592 3685 4668 plangas
3708 4606 3777 4655 te.
3801 4603 3848 4650 ct

2257 4684 2450 4741 fundas
2478 4700 2697 4758 preces,
2724 4686 2851 4758 quia
2876 4693 3102 4742 sanctus
3129 4695 3185 4742 et
3213 4700 3383 4757 purus
3408 4700 3469 4742 es
3494 4695 3554 4743 et
3596 4688 3846 4745 innocens

2256 4779 2733 4851 immaculatisque
2771 4779 2954 4847 labiis,
2989 4788 3047 4836 et
3074 4780 3143 4835 ab
3172 4780 3319 4836 omni
3368 4780 3508 4837 liber
3550 4781 3844 4849 mendacio,

2255 4872 2352 4927 Dei
2383 4872 2578 4928 similis
2608 4873 2906 4944 potestati?
2933 4871 3027 4930 Sic
3055 4872 3308 4929 Christus
3345 4874 3521 4929 oravit
3566 4875 3622 4930 in
3648 4890 3805 4932 cruce
3832 4893 3843 4928 :

2255 4968 2396 5023 Deus
2432 4966 2567 5023 Deus
2596 4984 2760 5035 meus,
2782 4976 2838 5023 ut
2864 4968 2990 5040 quid
3032 4968 3350 5040 dereliquisti
3375 4970 3496 5024 me?
3530 4969 3685 5042 longe
3722 4986 3846 5025 asa-

2248 5136 2492 5205 e/I‘undit,
2532 5138 2622 5205 qui
2663 5146 2828 5211 potest
2871 5140 3043 5195 dicere
3069 5156 3088 5195 :
3113 5138 3191 5194 Tu
3237 5138 3664 5213 nostipDomine,
3707 5157 3845 5213 quam

2246 5218 2462 5272 sancite,
2493 5218 2539 5262 et
2568 5213 2885 5275 innocentes,
2920 5222 2970 5267 et
3000 5213 3207 5267 mundat
3233 5213 3336 5265 sint
3361 5211 3425 5265 ab
3465 5212 3605 5266 omni
3634 5211 3841 5276 malitia,

2247 5290 2295 5335 et
2330 5279 2630 5353 iniquitate,
2675 5290 2724 5334 et
2768 5284 2980 5353 rapina,
3013 5300 3143 5353 quas
3190 5282 3260 5353 ad
3302 5292 3350 5335 te
3377 5283 3602 5338 extendo
3651 5299 3843 5348 manus,

2247 5351 2681 5422 quemadmodum
2698 5351 2878 5421 justa,
2902 5364 2950 5409 et
2988 5351 3183 5408 munda
3207 5352 3363 5419 labia,
3390 5362 3438 5408 et
3465 5353 3530 5409 ab
3551 5356 3693 5409 omni
3718 5372 3843 5408 men-

2249 5422 2400 5477 dacio
2431 5423 2613 5488 libera,
2653 5425 2837 5495 quibus
2876 5423 3039 5492 offero
3067 5425 3157 5480 tibi
3179 5426 3617 5495 deprecationem,
3652 5435 3709 5479 ut
3735 5426 3845 5479 mihi

2249 5496 2721 5568 ηρὶδενεανίεείιιιιε
2749 5510 2821 5551 ex
2863 5496 3075 5552 Graecis
3100 5496 3467 5568 Diospolitani
3511 5497 3729 5553 concilii
3755 5496 3846 5552 La-

2252 5565 2365 5622 tine
2387 5567 2642 5623 videntur
2670 5581 2960 5623 conversa.

2327 5648 2348 5675 ο
2381 5636 2984 5713 _Victuri_us_ASeraphin
3036 5639 3144 5713 legi
3184 5637 3301 5695 vult
3354 5639 3551 5697 minori
3607 5653 3839 5709 numero,

2251 5708 2396 5778 quod
2423 5724 2567 5766 unus
2595 5708 2887 5780 indicetur,
2921 5725 3030 5768 non
3058 5708 3263 5782 plures.
