4022 6360
132 300 230 357 585

982 297 1327 357 DIALOGUS
1365 297 1735 357 ΑΙ)νείὶὸυὸ
1775 299 2232 358 PELAGIANOS.
2278 302 2409 357 LIB.
2450 302 2536 359 Ill.

3304 318 3411 373 586

129 417 225 470 tute
256 429 382 480 mea,
410 414 559 469 verba
603 414 907 470 delictorum
949 433 1179 472 meorum
1211 415 1330 488 (Ps.
1364 433 1477 483 xxt,
1535 418 1626 486 1);
1652 425 1706 473 et
1732 424 1787 484 Α
1811 428 2103 487 precantur
2131 434 2161 473 a
2196 420 2451 480 Domino.
2483 421 2626 490 quod
2674 422 2883 479 habent
2919 425 2971 479 in
3005 426 3161 483 liberi
3194 433 3415 491 arbitrii

128 524 344 574 rursum,
394 506 582 573 Pater,
632 510 687 564 in
727 527 911 565 manus
958 521 1073 566 tuas
1117 512 1423 566 commendo
1463 512 1703 582 spiritum

127 616 281 653 meum
300 599 415 671 (Ps.
445 616 582 668 xxx,
615 600 707 670 6),
733 612 810 668 et,
839 603 1014 665 Pater.
1044 605 1249 674 ignosce
1280 606 1373 668 eis,
1403 605 1542 676 quod
1569 606 1706 660 enim

127 694 329 763 faciunt,
352 693 583 748 nesciunt
607 693 759 766 (Luc.
795 712 947 760 χχιιι,
965 695 1093 764 54);
1116 697 1282 769 800
1306 698 1394 766 qui
1420 713 1518 767 pro
1550 696 1707 753 nobis

125 799 277 855 agens
315 786 519 855 gratias
548 785 766 840 dixerat
798 804 810 840 :
847 786 1113 857 Conﬁteor
1145 788 1256 853 tibi,
1287 786 1509 843 Domine
1548 786 1708 843 Pater

122 878 224 933 cali
251 887 295 931 et
325 887 475 933 terra:
505 878 670 950 (Mar.
702 895 777 946 xt,
809 880 928 951 ‘25).

188 972 270 1028 l5.
297 971 379 1027 Ex
409 972 657 1028 Oratione
682 972 980 1028 Dominica.
1007 1004 1079 1015 -—
1100 974 1191 1030 Sic
1212 973 1397 1030 docuit
1417 974 1711 1045 Apostolus

121 1079 253 1132 suos,
286 1074 340 1118 ut
373 1066 620 1136 quotidie
664 1066 718 1120 in
750 1068 998 1134 corporis
1040 1066 1186 1121 illitts
1214 1077 1239 1104 α
1270 1066 1541 1123 sacrificio
1588 1082 1711 1123 cre-

120 1158 297 1213 dentes
326 1158 567 1214 audeant
598 1160 746 1228 loqui
778 1178 791 1213 :
822 1159 984 1215 Pater
1018 1172 1211 1226 noster,
1241 1164 1329 1228 qui
1374 1179 1427 1217 es
1466 1163 1521 1216 in
1550 1165 1710 1231 cretis,

120 1253 452 1320 sanctiﬁcetur
498 1270 684 1308 nomen
737 1263 884 1309 tuum
929 1254 1148 1325 (Matth.
1178 1272 1254 1321 vt,
1283 1255 1357 1326 9).
1393 1256 1470 1311 Illi
1515 1273 1711 1312 nomen

120 1344 229 1407 Dei,
261 1345 398 1414 quod
434 1361 532 1415 per
559 1361 619 1402 se
648 1358 900 1401 sanctum
934 1356 1040 1414 est,
1089 1348 1140 1401 in
1169 1362 1229 1403 se
1266 1347 1594 1403 sanctificari
1622 1364 1715 1404 cu—

119 1437 276 1506 piunt;
309 1447 362 1492 tu
405 1438 547 1493 dicis
578 1456 591 1492 :
627 1458 646 1492 (
698 1437 877 1505 Nosti,
909 1440 1156 1507 Domine,
1192 1455 1351 1508 quam
1402 1450 1629 1508 sanctae,
1662 1450 1716 1497 et

118 1544 264 1598 quam
298 1532 642 1597 innocentes,
676 1542 910 1600 etquam
945 1549 1091 1601 purse
1132 1548 1327 1589 manus
1359 1550 1490 1590 mete
1527 1537 1654 1589 sint.
1690 1552 1708 1586 ι

118 1623 189 1680 Illi
219 1627 452 1681 inferunt.
486 1644 499 1681 :
527 1626 778 1681 Adveniat
800 1644 1014 1697 regnum
1044 1637 1185 1682 tuum
1226 1645 1243 1682 :
1274 1643 1426 1698 spem
1457 1628 1608 1699 regni
1637 1628 1716 1683 fu-

120 1727 234 1773 turo
287 1728 533 1789 tempore
584 1721 964 1787 praestolantes
995 1762 1011 1785 ,
1059 1732 1115 1776 ut
1164 1733 1427 1792 regnante
1470 1722 1714 1789 Christo,

1811 513 2114 579 poteState?
2149 511 2193 567 Ο
2223 512 2406 579 homo,
2434 530 2579 570 nunc
2610 518 2841 571 mundus
2878 518 3057 573 factus
3083 536 3144 575 es
3184 522 3238 576 in
3271 524 3415 581 lava-

1808 612 1995 670 cro,et
2025 604 2094 659 de
2125 615 2176 659 te
2206 605 2440 659 dicitur:
2474 607 2603 673 Qua:
2639 619 2714 662 est
2735 610 2856 673 ista,
2875 626 2991 679 qua:
3010 612 3244 666 ascendit
3271 615 3417 668 deal-

1810 694 1952 761 bata,
1982 697 2207 751 innitens
2236 714 2392 767 super
2416 698 2722 766 fratruelem
2751 718 2903 754 suum
2922 703 2948 755 Ζ)
2970 714 3027 758 ιιι
3057 706 3164 759 lota
3192 706 3413 777 quidem

1810 787 1902 851 sit,
1933 787 2028 842 sed
2082 788 2359 844 custodire
2404 805 2514 845 non
2560 791 2743 847 valeat
2768 793 3082 863 puritatem,
3115 798 3218 853 nisi
3246 815 3275 853 a
3310 802 3417 858 Do-

1812 882 1959 937 mino
1982 883 2097 938 Deo
2123 885 2786 951 sustentetur.Quomodo
2815 890 2970 957 cupis
2986 890 3082 945 Dei
3110 892 3421 950 misericor-

1814 974 1899 1029 dia
1934 975 2174 1040 liberari,
2206 979 2297 1047 qui
2340 979 2499 1046 paulo
2531 987 2656 1033 ante
2683 979 2944 1036 liberatus
2985 996 3047 1037 es
3079 998 3107 1037 a
3137 987 3419 1055 peccatis?

1816 1066 1923 1120 nisi
1947 1066 2048 1121 hac
2076 1068 2289 1123 ratione
2328 1084 2433 1138 qua
2467 1070 2725 1137 diximus,
2752 1080 2807 1125 ut
2847 1087 2969 1127 cum
3002 1077 3183 1131 omnia
3212 1077 3415 1134 feceri-

1815 1172 1957 1225 mus,
1988 1174 2087 1211 nos
2120 1160 2338 1215 inutiles
2366 1176 2493 1215 esse
2516 1161 2798 1219 fateamur.

1890 1250 1977 1306 16.
2022 1250 2315 1324 Pelagiana
2339 1256 2603 1325 superbia.
2646 1256 2833 1313 Oratio
2862 1275 2992 1331 ergo
3021 1272 3108 1315 tua
3150 1264 3413 1320 Pharisaei

1818 1346 1983 1400 vincit
2014 1347 2347 1414 superbiam,
2380 1359 2431 1403 et
2459 1350 2731 1417 publicani
2760 1356 3171 1420 comparatione
3192 1357 3419 1414 damna-

1823 1446 1939 1501 tur;
1971 1439 2065 1506 qui
2093 1438 2161 1492 de
2189 1443 2348 1510 longe
2377 1451 2549 1502 stans.
2584 1444 2770 1498 oculos
2791 1445 2855 1499 ad
2882 1446 3051 1501 Deum
3096 1464 3201 1503 non
3251 1452 3417 1508 aude-

1821 1532 1910 1586 bat
1931 1532 2211 1597 attollere,
2242 1535 2337 1588 sed
2380 1536 2723 1603 percutiebat
2759 1548 2948 1605 pectus
2969 1555 3150 1608 suum,
3183 1542 3371 1600 dicens
3404 1564 3417 1599 :

1823 1625 1960 1679 Deus
2007 1627 2257 1693 prapitius
2285 1636 2390 1680 esto
2439 1628 2566 1680 mihi
2603 1632 2879 1697 peccatori.
2938 1630 3092 1687 Unde
3143 1636 3418 1703 profertur

1821 1717 2036 1772 Domini
2066 1721 2334 1773 sententia
2371 1735 2389 1772 :
2418 1718 2549 1772 Dico
2578 1721 2737 1786 vobis,
2765 1722 3026 1777 descendit
3050 1726 3132 1779 hic
3156 1730 3422 1801 justi/ica-

117 1824 449 1880 nequaquam
493 1822 683 1882 regnet
724 1824 1005 1881 peccatum
1040 1814 1092 1867 in
1127 1815 1340 1869 mortali
1373 1830 1563 1870 eorum
1593 1830 1716 1870 cor-
1746 1820 1791 1880 Β
1820 1820 1902 1865 tus
1926 1812 1980 1864 in
2001 1811 2209 1865 domum
2237 1828 2383 1865 suam
2408 1814 2523 1882 plus
2551 1829 2705 1883 quam
2730 1814 2838 1866 ille.
2872 1812 3054 1870 Omnis
3084 1819 3221 1872 enim
3250 1823 3338 1891 qui
3362 1838 3419 1878 se

116 1915 258 1971 pore,
286 1902 636 1973 junguntque
670 1922 681 1956 :
716 1902 839 1958 Fiat
863 1905 1104 1959 voluntas
1138 1916 1247 1969 tua,
1271 1908 1405 1961 sicut
1428 1909 1479 1960 in
1515 1909 1640 1962 cwlo
1665 1918 1715 1962 et

114 1994 163 2047 in
188 2006 342 2062 terra,
372 2006 435 2051 ut
481 1997 723 2053 imitetur
770 1999 1005 2068 Angelos
1057 2000 1291 2055 humana
1345 2000 1633 2070 fragilitas,
1662 2012 1717 2057 et

112 2090 358 2145 voluntas
418 2090 632 2144 Domini
682 2090 1019 2159 compleatur
1071 2094 1123 2147 in
1178 2104 1346 2148 terra.
1389 2093 1467 2148 ’I‘u
1522 2094 1713 2150 dicis:

117 2181 342 2237 «Potest
374 2181 543 2235 homo
592 2183 634 2235 si
678 2182 914 2236 voluerit
961 2185 1106 2238 omni
1158 2201 1351 2239 carere
1404 2197 1652 2253 peccato.
1692 2205 1711 2237 ι

109 2270 306 2327 Panem
354 2274 737 2343 quotidianum,
784 2276 920 2341 sive,
955 2292 1109 2344 super
1148 2292 1322 2331 omnes
1376 2278 1712 2345 substantias,

108 2374 402 2420 venturum
441 2363 686 2433 Apostoli
748 2365 1136 2436 deprecantur,
1180 2376 1236 2421 ut
1284 2367 1431 2438 digni
1476 2369 1583 2422 sint
1632 2384 1717 2423 as-

109 2457 420 2527 sumptione
454 2458 699 2526 corporis
724 2458 949 2513 Christi.
980 2459 1047 2513 Et
1069 2474 1165 2513 vos
1192 2475 1287 2529 per
1310 2459 1529 2514 nimiam
1562 2475 1721 2516 sanc-

111 2551 337 2617 titatem,
390 2564 750 2620 securamque
795 2550 1063 2620 justitiam
1117 2552 1379 2607 audacter
1417 2553 1577 2607 vobis
1606 2567 1717 2608 coeo

113 2642 258 2699 lestia
308 2644 453 2699 dona
487 2643 816 2701 vendicatis.
850 2645 1150 2716 Sequitur:
1184 2644 1402 2701 Dimitte
1444 2648 1591 2701 nobis
1628 2648 1719 2700 de-

115 2737 213 2792 bita
240 2749 441 2798 nostra.
472 2738 606 2792 sicut
630 2749 676 2793 et
704 2756 796 2793 nos
818 2740 1123 2794 dimittimus
1150 2738 1475 2793 debitoribus
1500 2741 1713 2794 nostris.

116 2830 185 2887 De
238 2831 582 2901 baptismatis
634 2831 785 2887 fonte
833 2843 1143 2902 surgentes,
1198 2841 1253 2886 et
1308 2831 1612 2900 regenerati
1661 2833 1712 2885 in

115 2924 399 2982 Dominum
433 2927 792 2987 Salvatorem.
812 2926 1038 2993 impleto
1068 2926 1187 2992 illo,
1215 2924 1355 2994 quod
1379 2924 1446 2980 de
1466 2940 1526 2980 se
1546 2924 1716 2994 scrip-

114 3027 217 3074 tum
237 3031 322 3075 est
356 3038 368 3073 :
393 3018 543 3073 Beati
568 3036 787 3089 quorum
807 3019 1034 3073 remissa:
1055 3025 1173 3071 sunt
1192 3017 1511 3088 iniquitates,
1525 3027 1572 3069 et
1587 3033 1715 3086 quo-

114 3129 221 3167 rum
248 3122 383 3168 tecta
400 3092 528 3166 .sunt
562 3120 773 3182 peccata
802 3108 921 3181 (Ps.
950 3125 1098 3171 χιιι,
1143 3108 1220 3178 l),
1246 3109 1429 3161 atatim
1459 3108 1511 3161 in
1541 3108 1713 3176 prima

1824 1903 2034 1969 exultat,
2068 1906 2458 1973 humiliabitur,
2492 1916 2539 1960 et
2568 1907 2655 1975 qui
2694 1922 2748 1959 se
2778 1908 3038 1974 Itumiliat,
3083 1913 3416 1969 excitabitur.

1820 1997 2067 2065 ApoStoli
2101 1997 2491 2064 humiliantur,
2546 2007 2604 2051 ut
2644 2000 2976 2057 exaltentur.
3026 2002 3286 2070 Discipuli
3343 2008 3421 2063 tui

1821 2087 2120 2151 elevantur,
2173 2098 2230 2141 ut
2260 2098 2537 2143 corruant.
2568 2088 2760 2143 Eidem
2794 2092 3021 2146 adulans
3043 2092 3071 2131 ι)
3101 2095 3277 2150 vidum
3309 2113 3420 2154 non

1821 2181 2097 2236 erubescis
2123 2182 2307 2237 dicere
2341 2183 2618 2250 pietatem,
2652 2201 2772 2255 qum
2812 2203 3078 2257 nusquam
3123 2192 3424 2259 reperiatur

1821 2272 1875 2325 in
1908 2280 2074 2337 terra,
2107 2282 2162 2328 et
2192 2275 2502 2341 veritatem,
2532 2292 2651 2345 qua:
2686 2278 2881 2346 ubique
2913 2283 3202 2349 peregrina
3239 2284 3329 2349 sit,
3366 2284 3419 2339 in

1820 2362 1915 2416 illa
1978 2362 2320 2431 potissimum
2363 2369 2716 2432 commorari,
2766 2382 2869 2422 nec
2918 2371 3230 2428 recordaris
3280 2375 3424 2431 illius

1821 2455 2113 2510 sententiae
2143 2471 2156 2507 :
2191 2454 2427 2525 Populus
2454 2473 2617 2521 meus,
2649 2461 2737 2528 qui
2769 2459 2972 2515 beatum
3023 2473 3070 2517 te
3100 2466 3302 2534 dicunt,
3336 2484 3421 2522 δε·

1822 2545 2015 2601 ducunt
2038 2556 2104 2613 te,
2139 2556 2185 2600 et
2208 2550 2413 2602 semitas
2442 2551 2626 2620 pedum
2651 2560 2855 2607 tuorum
2880 2556 3234 2626 supplantant,
3260 2570 3283 2598 ο
3310 2560 3424 2616 lau-

1821 2638 2029 2710 dasque
2076 2654 2198 2695 eam
2252 2641 2496 2707 vocibus,
2548 2653 2602 2697 et
2639 2642 2794 2711 dicis,
2835 2664 2853 2696 ι
2891 2646 2935 2701 Ο
2982 2656 3033 2701 te
3075 2648 3290 2705 felicem
3338 2654 3425 2707 ni-

1819 2732 2010 2795 mium,
2042 2746 2075 2785 ο
2104 2732 2318 2787 beatam
2342 2773 2355 2796 ,
2388 2734 2434 2787 si
2461 2732 2672 2802 justitia
2709 2751 2829 2805 qua:
2861 2752 2983 2792 esse
3007 2738 3117 2806 jam
3165 2755 3273 2795 non
3319 2742 3423 2797 nisi

1820 2823 1873 2876 in
1906 2823 2047 2878 ctelo
2077 2824 2338 2887 creditur,
2367 2826 2510 2893 apud
2556 2835 2607 2880 te
2630 2827 2800 2881 solam
2849 2829 3165 2885 inveniatur
3210 2833 3261 2886 in
3316 2842 3426 2889 ter-

1818 2915 1926 2969 ris!
1964 2933 1984 2967 »
2014 2914 2223 2970 Docere
2255 2925 2336 2970 est
2361 2915 2485 2981 hoc,
2511 2932 2577 2970 an
2611 2918 2901 2973 occidere?
2923 2918 3131 2976 Levare
3153 2922 3221 2977 de
3252 2934 3419 2991 terra,

1818 3019 1889 3059 an
1946 3006 2289 3074 principitare
2335 3005 2405 3060 de
2448 3008 2612 3072 coelo,
2660 3006 2713 3061 id
2763 3008 3103 3064 mulierculae
3158 3013 3419 3081 tribuere,

1820 3100 1963 3169 quod
2000 3100 2190 3170 Angcli
2225 3116 2331 3154 non
2363 3101 2599 3155 audeant
2631 3103 2935 3171 usurpare?
2978 3103 3032 3159 Si
3073 3116 3256 3162 autent
3306 3112 3421 3178 pic-

114 3209 499 3263 communione
549 3206 803 3274 corporis
848 3200 1049 3257 Christi
1088 3200 1283 3255 dicunt
1336 3218 1350 3252 :
1400 3198 1467 3253 Et
1519 3199 1717 3252 dimitte
1746 3203 1791 3267 ρ
1825 3203 1925 3257 tas,
1960 3195 2184 3257 veritas,
2211 3192 2599 3262 atquejustitia
2628 3208 2735 3247 non
2770 3195 3123 3251 inveniuntur
3153 3198 3205 3252 in
3239 3203 3420 3270 terris,

115 3302 252 3355 nobis
284 3300 463 3355 debita
504 3309 701 3363 nostra,
731 3312 852 3367 qua:
886 3295 992 3351 illis
1029 3293 1245 3349 fuerant
1272 3294 1325 3347 in
1357 3292 1555 3348 ChriSti
1589 3308 1719 3347 con-

114 3396 349 3453 fessione
376 3395 633 3459 dimissa;
653 3401 708 3448 et
728 3404 783 3447 tu
806 3405 1072 3461 arrogans
1097 3401 1151 3444 et
1174 3388 1442 3459 superbus
1462 3388 1530 3441 de
1557 3403 1718 3444 sanc-

118 3495 283 3542 tarum
321 3486 557 3556 puritate
586 3499 866 3548 manuum,
896 3492 952 3539 et
982 3482 1245 3537 munditia
1282 3481 1485 3550 eloquii
1521 3480 1722 3549 gloria-

119 3582 207 3635 ris.
236 3581 503 3649 Quamvis
547 3579 620 3633 sit
652 3576 886 3632 hominis
921 3576 1161 3646 perfecta
1183 3572 1491 3637 conversio,
1518 3582 1573 3627 et
1601 3583 1720 3643 post

121 3674 237 3727 vitia
273 3682 441 3744 atque
491 3684 710 3741 peccata
740 3672 999 3726 virtutum
1033 3670 1190 3739 plena
1232 3667 1527 3738 possessio,
1563 3682 1719 3721 num-

122 3765 240 3836 quid
268 3776 501 3837 possunt
548 3766 628 3820 sic
668 3777 793 3818 esse
832 3759 949 3817 sine
999 3760 1155 3826 vitio,
1189 3759 1465 3830 quomodo
1494 3759 1596 3824 illi,
1627 3758 1719 3828 qui

123 3861 297 3914 Statim
327 3858 396 3913 de
447 3857 647 3913 Christi
698 3856 848 3912 fonte
896 3853 1245 3924 procedunt?
1294 3852 1359 3907 Et
1414 3863 1592 3905 tamen
1631 3851 1719 3919 ju-

125 3952 310 4009 bentur
331 3954 546 4009 dicere:
566 3950 782 4005 Dimitte
804 3950 951 4004 nobis
974 3950 1149 4003 debita
1179 3956 1376 4014 nostra,
1396 3947 1527 4000 sicut
1553 3954 1599 3999 et
1628 3962 1720 3999 nos

124 4044 418 4102 dimittimus
464 4045 774 4100 debitoribus
815 4043 1003 4097 nostris
1044 4041 1261 4111 (Matth.
1318 4056 1395 4106 vr,
1450 4038 1579 4109 I5):
1612 4053 1718 4093 non

124 4137 436 4195 humilitatis
467 4136 776 4201 mendacio,
797 4144 857 4188 ut
886 4144 941 4188 tu
966 4134 1371 4201 interpretaris,
1396 4131 1490 4185 srd
1525 4145 1722 4200 pavore

121 4228 424 4303 fragilitatis
457 4230 707 4285 humanm
737 4240 890 4281 suam
919 4224 1314 4278 conscientiam
1357 4222 1718 4277 formidantis.

123 4320 197 4377 Illi
238 4325 426 4379 dicunt
459 4340 472 4376 :
510 4320 593 4375 Ne
636 4335 728 4372 nos
777 4315 995 4369 inducas
1020 4315 1075 4367 in
1123 4316 1475 4379 tentationem,
1511 4322 1566 4368 ttt
1598 4330 1718 4368 cum

122 4413 405 4471 Joviniano
427 4414 689 4482 loqueris,
712 4425 808 4466 eos
831 4410 920 4481 qui
947 4408 1102 4479 plena
1124 4410 1286 4481 801
1317 4409 1421 4462 fide
1454 4407 1720 4476 baptisma

122 4508 397 4562 consecuti
446 4514 591 4568 sunt,
626 4503 824 4557 tentari
854 4501 1023 4564 ultra,
1054 4509 1111 4554 et
1149 4514 1376 4566 peccare
1408 4514 1513 4552 non
1541 4513 1720 4567 posse.

1824 3286 1928 3340 nisi
1973 3285 2026 3339 in
2077 3301 2181 3340 una
2215 3286 2463 3349 muliere,
2495 3286 2583 3340 ubi
2632 3287 2952 3357 eruutjusti
2988 3291 3086 3349 tui.
3129 3306 3265 3360 quos
3295 3294 3422 3348 abs-

1822 3391 1927 3447 que
1955 3388 2179 3447 peccato
2205 3376 2257 3430 in
2293 3376 2453 3431 terris
2480 3391 2603 3431 esse
2637 3376 2924 3446 jactabas?
2955 3379 3086 3445 Quae
3117 3380 3226 3433 duo
3266 3384 3420 3451 capi-

1824 3470 1935 3525 tula
1964 3472 2228 3525 orationis
2258 3479 2312 3524 et
2344 3470 2544 3535 laudis,
2575 3470 2720 3525 sules
2745 3487 2865 3525 cum
2899 3472 3004 3526 tuis
3039 3474 3227 3542 jurare
3255 3475 3418 3529 disci-

1824 3563 1970 3632 pulis
2017 3579 2125 3618 non
2170 3578 2290 3618 esse
2344 3572 2454 3625 tua,
2504 3579 2626 3617 cum
2654 3565 2943 3633 perspicue
2983 3564 3038 3618 in
3071 3568 3152 3620 eis
3178 3567 3303 3637 Styli
3337 3570 3414 3622 tui

1823 3658 2083 3723 splendor
2106 3658 2339 3721 eluceat,
2370 3657 2535 3728 802
2562 3667 2614 3711 et
2642 3669 2793 3711 tanta
2816 3661 2882 3711 sit
2913 3669 3170 3714 venustas
3216 3662 3420 3730 eloquii

1822 3749 2080 3816 Tulliani,
2120 3759 2177 3803 ut
2204 3752 2515 3803 testudineo
2544 3749 2803 3804 incedens
2830 3750 3023 3819 gradu,
3050 3768 3170 3819 quae
3198 3764 3418 3809 secreto

1822 3843 2009 3909 duces,
2037 3844 2313 3912 mittisqne
2338 3842 2575 3905 venalia,
2625 3842 2842 3912 publice
2876 3859 2981 3897 non
3008 3844 3211 3898 audeas
3259 3851 3422 3915 proli-

1824 3937 1925 3991 teri
1954 3936 2049 4009 [αι.
2089 3933 2373 4005 proferri].
2400 3932 2445 3988 Ο
2494 3943 2544 3988 te
2586 3932 2817 3998 felicem,
2848 3934 3003 4004 cujus
3036 3946 3234 4001 praeter
3262 3938 3423 3992 disci-

1823 4033 1978 4100 pulos
2011 4046 2172 4084 nemo
2203 4028 2502 4083 conscribit
2550 4027 2741 4092 libros,
2798 4036 2854 4080 ut
2901 4028 3164 4097 quidquid
3214 4030 3420 4093 videris

1823 4123 2138 4192 displicere,
2180 4136 2287 4175 non
2336 4127 2510 4183 tuum,
2553 4119 2649 4173 sed
2681 4120 2920 4173 alienum
2945 4135 3067 4175 esse
3094 4121 3415 4177 contendas.

1824 4216 1891 4271 Et
1932 4216 2053 4285 quis
2101 4212 2191 4267 ille
2246 4210 2379 4266 tanti
2411 4211 2513 4266 erit
2543 4212 2768 4281 ingenii,
2801 4221 2860 4265 ut
2883 4211 3124 4281 leporem
3178 4213 3255 4267 tui
3303 4230 3420 4271 ser-

1825 4307 2003 4363 monis
2036 4305 2209 4375 possit
2238 4302 2473 4358 imitari?

1898 4400 1983 4454 I7.
2007 4396 2275 4465 Quomodo
2295 4396 2517 4467 infantes
2530 4395 2638 4448 sine
2649 4403 2857 4465 peccato
2871 4394 3140 4449 sint.—C.
3158 4396 3273 4452 Non
3293 4413 3420 4471 pos.

1826 4507 1946 4546 sum
1990 4491 2127 4544 ultra
2173 4487 2393 4543 dili'erre
2432 4504 2445 4539 :
2487 4485 2667 4539 omnis
2699 4486 2935 4538 vincitur
2986 4488 3243 4555 patientia
3299 4507 3421 4548 ves-

122 4596 197 4652 Ad
217 4608 521 4651 extremum
554 4594 793 4648 inferunt
826 4610 838 4645 :
869 4592 974 4648 Sed
1001 4591 1162 4645 libera
1188 4589 1282 4645 nos
1318 4607 1351 4644 a
1378 4587 1538 4643 malo.
1578 4587 1719 4655 Quid
1748 4579 1798 4637 D
1824 4594 2061 4641 strorum
2094 4582 2379 4650 iniquitate
2407 4580 2715 4634 verborum.
2747 4574 2855 4629 Oro
2888 4585 2942 4632 te
2962 4618 2977 4644 ,
3010 4580 3137 4649 quid
3170 4582 3421 4641 infantuli

192 4743 217 4771 ⁸
259 4734 425 4794 Mss”
458 4741 797 4785 sacramento.
846 4730 1215 4801 Apostolicam
1264 4722 1719 4801 consuetudinem

125 4802 421 4859 Dominica:
442 4803 700 4855 orationis
729 4805 780 4856 in
804 4796 962 4857 Miska
988 4801 1280 4856 recitantlre
1303 4796 1566 4865 laudatis.
1589 4808 1721 4865 quo-

128 4888 225 4942 que
253 4874 550 4945 Gregorius
577 4874 669 4926 lib.
703 4889 795 4933 vn.
825 4875 985 4941 epist.
1016 4873 1083 4926 6i
1113 4890 1124 4925 :
1156 4871 1461 4945 Orationem
1484 4864 1723 4945 Domini-

128 4938 233 5018 cum
250 4938 442 4999 idcirco
463 4961 585 4997 mox
601 4955 712 5018 post
737 4938 937 5015 precem
957 4945 1200 5018 dicimus,
1217 4942 1471 5018 quiamos
1499 4938 1721 5018 aposto—

130 5015 293 5069 lorum
324 5018 443 5086 fuit,
474 5027 529 5069 ut
571 5010 638 5068 ad
677 5010 843 5081 ipsum
881 5015 1168 5069 orationem
1198 5010 1472 5086 oblationis
1498 5010 1721 5086 Ιιρξιίαηι

132 5079 501 5160 censet-rorem.
531 5086 590 5140 Et
622 5079 1007 5160 illoantiqnior
1035 5089 1260 5160 Uptatns
1292 5083 1512 5138 Milevit.
1536 5079 1720 5160 lib.n:

132 5155 207 5208 Ad
245 5158 407 5212 altare
445 5160 674 5211 conversi
720 5155 1046 5211 Dominicam
1090 5157 1374 5211 orationem
1416 5155 1724 5220 praemittere

132 5240 229 5302 rion
274 5231 502 5293 potestis,
527 5230 739 5302 quibus
770 5230 863 5302 alii
921 5227 1468 5302 passinrcuLnsonant
1514 5222 1718 5302 Patres.

133 5294 485 5370 Hieronymus
525 5293 697 5370 ipsam
741 5300 862 5368 ejus
905 5293 1175 5353 orationis
1215 5296 1591 5370 Praefationem
1638 5293 1725 5345 hic

135 5363 347 5440 indicat,
366 5387 468 5438 qua
493 5363 847 5440 iit-plerisque
866 5371 1125 5423 omnibus
1145 5369 1375 5435 litnrgiis
1391 5366 1647 5440 sacerdos
1664 5376 1724 5415 se

136 5433 406 5507 indignum
457 5433 772 5501 confitetur;
823 5441 964 5510 quod
1020 5440 1219 5493 audeat
1272 5433 1471 5510 _l)e.lltll_
1506 5433 1721 5510 Patrem

137 5503 477 5574 compellare.
511 5513 621 5566 Vit].
659 5512 810 5566 card.
840 5503 994 5565 Βοςιει
1028 5510 1226 5565 Rerum
1270 5507 1592 5576 Litttt'giCar.
1629 5503 1721 5556 lib.

138 5589 196 5643 ll,
223 5593 338 5649 cap.
384 5582 471 5636 15.
503 5582 774 5636 (Laterum
809 5585 1054 5637 solemne
1083 5591 1169 5638 est
1200 5578 1473 5649 Patribus,
1497 5585 1552 5629 et
1589 5588 1727 5649 prm-

140 5646 615 5730 CipueAugmtiuo
653 5664 843 5730 contra
876 5654 1195 5723 Pelagianos
1231 5667 1296 5705 cx
1332 5648 1578 5705 oratione
1615 5646 1721 5698 Do-

141 5726 326 5792 minica
352 5726 744 5792 argumentari.

209 5788 235 5829 δ
262 5788 486 5849 Juliatia:
508 5794 733 5861 scilicet,
766 5804 825 5848 ut
845 5809 1006 5863 supra
1038 5802 1388 5863 annotamus,
1422 5790 1723 5851 Demetria-

572 5885 848 5951 Ρηιωι..
891 5886 1132 5951 XXIII.

1823 4721 1906 4775 dis
1934 4717 2132 4782 matri,
2177 4715 2242 4768 ad
2289 4731 2448 4782 quam
2501 4714 2800 4779 scripserat
2848 4712 3116 4784 Pelagius,
3161 4728 3216 4774 ut
3260 4723 3420 4780 docet

1826 4792 2031 4846 Marius
2081 4788 2347 4842 Mercator
2409 4784 2461 4837 in
2504 4783 2936 4838 Cutnmnnimrio
2986 4783 3151 4853 Super
3198 4797 3416 4849 "mnine

1822 4860 2040 4918 Caelesti
2074 4874 2088 4921 ;
2121 4855 2351 4929 Denique
2405 4854 2607 4929 libellus
2662 4864 2747 4929 est
2789 4856 2899 4929 ejus
2920 4855 2955 4929 _(
2982 4855 3223 4923 I’clauii)
3269 4879 3417 4929 quem

1825 4934 2068 4987 habemus
2098 4932 2147 4981 in
2178 4925 2434 4990 manibus,
2463 4925 2527 4976 ad
2558 4924 2835 4991 quamdam
2867 4924 3157 4980 Livoniam.
3204 4924 3291 4982 Ita'
3326 4949 3417 4986 vo-

1824 5005 1971 5060 cavit.
2003 5016 2099 5069 pro
2133 4997 2375 5069 Iuliana,
2420 4995 2594 5069 vel-ut.
2632 4995 2918 5069 consilium
2965 5009 3122 5050 suum
3150 5002 3414 5069 (occulta-

1827 5088 1940 5137 ret,
1975 5062 2056 5126 vel
2084 5068 2226 5139 quod
2266 5068 2406 5121 sicut
2435 5063 2736 5139 Juliam_ac
2766 5062 2962 5118 Liviam
2993 5068 3295 5131 prorniscue
3338 5077 3419 5130 fe-

1825 5163 1888 5202 re
1927 5134 2185 5209 dicebant,
2229 5139 2597 5209 veteres,rita
2631 5134 2897 5190 Liuuniam
2942 5156 3036 5209 pro
3079 5139 3296 5197 Juliana
3334 5161 3422 5201 so-

1826 5218 1963 5272 leret
1997 5208 2429 5287 dlciLCmtertttn
2479 5208 2921 5287 augustino-ede
2965 5208 3144 5265 Gemis
3191 5214 3417 5287 ραιῃςην

1829 5288 1881 5344 id
2018 5288 2070 5337 ill
2101 5281 2462 5353 DlOSpttlilanu
2496 5278 2717 5353 Sy'lodo
2747 5279 3237 5353 “hiecl'UIll—re'e”,
3278 5278 3421 5353 “50d

1828 5358 2074 5413 scribens
2096 5354 2159 5406 ad
2184 5352 2422 5416 viduam,
2446 5351 2745 5428 admatorie
2767 5350 2986 5428 dixerit.
3012 5351 3251 5428 Inveniat
3277 5350 3419 5428 apud

1830 5442 1876 5484 τε
1906 5428 2091 5501 μεθείη,
2124 5439 2237 5495 qua:
2284 5422 2984 5501 n-usquttm-lﬂvtinll‘lptium.
3005 5493 3013 5500 .
3038 5420 3274 5477 Inveniat
3306 5420 3418 5481 ubi-

1829 5491 1926 5571 que
1945 5503 1995 5551 in
2014 5491 2408 5571 peregrinationi
2431 5536 2444 5559 ,
2466 5494 2635 5571 sedem
2650 5491 2889 5571 justitia:
2912 5493 3116 5571 ueritas:
3137 5510 3290 5561 quam
3295 5501 3413 5567 jam

1832 5562 1981 5625 nemo
2010 5562 2290 5638 cognoscit,
2334 5565 2618 5638 domestica
2650 5562 2760 5638 tibi,
2793 5563 3043 5638 Aetnamica
3071 5565 3195 5629 ﬁat;
3237 5562 3414 5638 φειίεπ

1832 5641 1953 5707 Dei,
1981 5630 2093 5710 qua;
2118 5638 2178 5689 ub
2205 5636 2435 5689 omnibus
2466 5650 2619 5705 prope
2666 5630 2951 5686 hominibus
2992 5637 3353 5711 contemnitur,
3380 5659 3413 5697 a

1832 5724 1878 5769 te
1902 5713 2015 5768 sola
2042 5710 2339 5763 Itonoretur.

1908 5795 1928 5823 c
1961 5781 2113 5840 Unus
2134 5778 2258 5835 Vat.
2290 5774 2423 5833 Eant
2451 5774 2551 5835 Dei
2578 5774 2781 5832 vocibus
2807 5773 3016 5844 laudas,
3051 5786 3097 5832 ct
3128 5778 3273 5851 dicis,
3307 5792 3415 5845 etc.

2910 5871 2986 5937 19
