4022 6334
512 210 649 275 591’

1286 222 1381 280 AD
1419 227 1479 283 S.
1520 224 1907 289 HIERONYMI
1944 233 2379 294 PRIECEDENS
2421 240 2601 299 OPUS
2640 240 3035 303 APPENDIXt

3702 262 3801 317 592

500 334 686 388 vultus
719 335 793 388 tui
837 336 1092 391 comedes
1126 352 1317 405 panem
1367 348 1515 396 tuum
1540 384 1554 409 ,
1585 344 1759 401 donec
1818 351 2109 405 revertaris
2134 354 2187 413 Α
2214 357 2408 422 peccati
2436 357 2703 427 originalis
2724 371 2965 429 assertor,
2987 364 3173 436 quippe
3202 367 3290 437 qui
3320 368 3373 422 in
3403 368 3592 424 divinis
3626 372 3800 446 δονὶρς

504 424 559 446 ζ..
600 434 794 446 .-μ-η..
853 424 982 446 Il'--.
1041 443 1096 446 ___
1157 430 1172 446 ι
1199 430 1211 446 ι
1412 434 1424 446 ι
1487 444 1502 446 _
1550 434 1589 446 σε
2003 442 2011 446 .

504 424 561 477 in
600 434 796 488 terram
849 424 1004 496 (Gen.
1040 443 1119 494 ιιι,
1152 430 1219 484 14
1264 434 1455 503 seqq.).
1483 444 1507 471 ιι
1540 434 1657 489 Ηοε
1680 447 1850 492 autem
1876 457 1967 510 per
1992 442 2104 495 hate

502 520 676 569 omnia
703 518 1044 573 comminatus
1070 532 1165 586 est,
1194 525 1334 593 quod
1373 543 1719 583 (criminosam
1764 533 1919 586 vitam
1960 535 2102 588 habi-

498 618 649 662 turus
675 620 826 676 esset,
860 628 978 663 cum
1005 613 1181 668 labore
1208 615 1448 687 deinceps
1480 622 1684 687 fructus
1712 624 1774 676 de
1801 633 1936 677 terra
1961 644 2103 681 sum-

498 708 708 767 pturus,
736 702 919 770 quibus
961 705 1184 759 aleretur
1229 717 1382 777 atque
1409 711 1726 781 subsisteret,
1776 732 2100 788 nequaquam

500 790 727 859 habens,
771 805 825 847 ut
873 797 1104 864 pridem,
1158 809 1357 854 tantam
1401 808 1721 876 propositam
1770 810 2096 881 largitatem,

498 886 693 951 quanta
724 903 787 939 ex
814 889 1030 958 paridisi
1056 891 1211 960 copia
1241 892 1535 959 fruebatur.
1569 896 1691 951 Non
1724 901 1861 953 enim
1893 905 2101 971 operari

496 982 687 1028 terram
715 993 811 1046 pro
862 980 1118 1048 supplicio
1148 981 1291 1034 dedit
1342 982 1484 1039 Deus
1504 1028 1519 1052 ,
1545 989 1698 1054 quasi
1726 1006 1788 1044 ex
1818 993 2101 1048 immortali

497 1076 685 1121 natura
734 1069 787 1121 in
856 1071 1219 1126 mortalitatem
1268 1075 1494 1131 homines
1551 1086 1885 1151 transferens,
1933 1086 2100 1157 808

496 1162 915 1230 quandoquidem
938 1173 985 1215 et
1009 1166 1311 1234 paradisum
1337 1169 1404 1235 ei,
1436 1179 1492 1222 ut
1522 1184 1820 1241 operaretur
1850 1186 1897 1230 et
1927 1189 2098 1232 custo—

500 1252 655 1316 diret,
688 1254 897 1308 indixit.
934 1254 1041 1309 Pro
1072 1268 1215 1313 tanta
1258 1277 1378 1315 vero
1416 1264 1639 1331 pristina
1672 1268 1914 1339 largitate
1934 1280 1981 1323 et
2010 1288 2098 1325 vo-

496 1346 695 1415 luptate
722 1350 976 1415 paradisi,
1009 1367 1357 1408 terumnosam
1388 1360 1499 1427 ejus
1526 1362 1637 1428 fore
1672 1364 2096 1419 sustentationem

496 1440 559 1493 de
585 1450 734 1494 terra
762 1443 1011 1512 fructibus
1032 1446 1396 1501 comminatur.
1426 1448 1566 1503 Nam
1594 1468 1808 1518 prorsus
1828 1452 1856 1491 1³
1882 1464 1935 1508 ιιι
1958 1472 2098 1509 mor-

498 1533 617 1587 talis
648 1536 838 1600 factus,
873 1544 919 1587 et
949 1545 1070 1589 tunc
1101 1538 1333 1606 paradisi
1364 1542 1615 1605 fructibus
1642 1544 1926 1616 indigebat,
1957 1550 2089 1602 sicut

495 1635 617 1679 tunc
665 1635 814 1679 terra:
849 1631 1046 1696 fructus
1076 1631 1311 1699 inquirit,
1338 1640 1385 1685 et
1432 1650 1526 1703 pro
1558 1637 1814 1704 supplicio
1860 1639 2094 1707 pristinis

491 1717 764 1785 fraudatus
796 1718 1012 1781 deliciis,
1048 1721 1144 1774 hac
1173 1726 1611 1781 wrumnosissinta
1654 1730 2089 1786 laboriosissima-

488 1826 587 1879 que
616 1811 994 1864 conversatione
1017 1813 1313 1868 mulctatur.
1350 1814 1498 1872 Unde
1532 1819 1599 1871 ad
1623 1832 1937 1889 postremum
1966 1840 2088 1878 con-

487 1910 753 1970 sequenter
774 1903 962 1975 adjecit
980 1920 997 1957 :
1012 1904 1143 1970 Quia
1166 1916 1308 1961 terra
1332 1923 1413 1974 es,
1432 1921 1485 1964 et
1505 1912 1796 1967 reverteris
1815 1916 1871 1971 in
1887 1922 2086 1971 terram

486 1992 699 2064 (Cenes.
732 1997 834 2065 tu),
864 2005 884 2032 ο
915 1996 1036 2049 hinc
1083 2000 1236 2051 etiam
1264 1999 1630 2056 mortalitatem
1657 2015 1857 2061 natura:
1879 2010 2085 2079 signiﬁ-

489 2102 631 2139 cans.
664 2084 788 2140 Non
813 2090 946 2140 enim
976 2089 1259 2145 immortali
1284 2102 1330 2145 et
1360 2111 1495 2147 nunc
1545 2097 1769 2167 primum
1817 2102 2088 2167 incipienti

485 2181 790 2233 sententiam
821 2184 996 2236 mortis
1027 2186 1283 2251 excipere,
1315 2186 1450 2239 sicut
1492 2190 1859 2258 sapientissimi
1904 2194 2085 2264 defen-

484 2287 623 2325 sores
667 2274 863 2343 peccati
905 2274 1203 2343 originalis,
1258 2277 1413 2331 immo
1457 2284 1625 2348 potius
1678 2294 1849 2354 patres
1888 2289 2088 2355 peccati

488 2364 769 2427 mirabiles,
799 2377 1129 2432 asseverant,
1163 2370 1466 2424 vocabulum
1494 2371 1616 2426 huic
1640 2384 1791 2430 terrce
1829 2375 1853 2412 (ι
1880 2395 2083 2449 compo-

485 2457 625 2522 suit;
655 2458 742 2510 sed
776 2467 826 2510 ut
852 2458 914 2511 ab
940 2460 1154 2514 exordio
1182 2464 1487 2517 naturaliter
1520 2464 1701 2531 e/fecto
1745 2472 1951 2524 mortali
1990 2490 2085 2539 apo

483 2549 819 2618 pellationem
844 2552 978 2605 hanc
999 2569 1285 2625 congruere
1300 2556 1560 2626 judicavit
1582 2560 1755 2615 divina
1783 2562 2081 2631 Scriptura,

483 2641 580 2692 hoc
608 2640 671 2693 de
696 2640 992 2697 hominibus
1023 2644 1327 2699 vocabulum
1355 2648 1423 2700 ad
1449 2652 1792 2705 ostensionem
1824 2658 2086 2725 corrupti-

480 2729 597 2783 bilis
624 2740 644 2767 ο
678 2742 725 2784 et
753 2735 1050 2789 resolubilis
1087 2753 1266 2791 eorum
1312 2751 1512 2795 natura:
1557 2746 1750 2814 swpius
1792 2764 2079 2803 assumens.

484 2818 647 2884 Nam,
684 2822 1019 2880 Recordalus
1068 2838 1173 2893 est,
1224 2831 1413 2901 inquit,
1444 2836 1570 2904 quia
1620 2838 1798 2905 pulvis
1847 2855 2081 2895 sumus:

482 2910 670 2976 homo,
699 2913 838 2968 sicut
866 2916 1048 2971 fenum
1092 2919 1210 2974 dies
1240 2924 1383 2989 ejus,
1418 2935 1471 2979 et
1503 2927 1643 2981 sicut
1674 2928 1774 2983 llos
1817 2931 1960 2999 agri,
2009 2932 2081 2985 ita

482 3004 720 3070 ﬂorebit,
749 3008 872 3077 quia
898 3010 1124 3078 spiritus
1158 3018 1509 3081 pertransivit
1539 3020 1592 3074 in
1626 3036 1694 3076 eo
1714 3063 1727 3085 ,
1760 3032 1814 3077 et
1844 3038 1947 3077 non
1979 3028 2083 3080 erit

478 3097 714 3163 atnplius
745 3098 896 3152 locus
928 3100 1044 3167 ejus
1072 3101 1250 3171 (Psal.
1277 3120 1368 3171 cu,
1408 3108 1516 3179 M).
1556 3110 1686 3166 Vult
1711 3123 1881 3167 autem
1906 3114 2077 3169 dicere
2105 3127 2150 3191 ς,
2184 3097 2540 3185 ιἰῈιη-ιυιιιιιῖ

478 3189 619 3257 quod
644 3190 1003 3258 corruptibiles
1028 3202 1078 3246 et
1106 3195 1410 3251 resolubiles
1448 3216 1619 3254 omnes
1650 3219 1827 3258 sumus
1872 3206 1924 3260 in
1968 3224 2078 3261 mo-

477 3280 601 3333 dum
627 3282 733 3353 feni
776 3297 1061 3353 parumper
1094 3287 1331 3354 ﬂorentis
1364 3294 1728 3358 pereuntisque
1748 3307 1861 3367 post
1890 3301 2075 3366 paulu-

480 3371 609 3424 lum.
655 3371 797 3425 Nam
821 3372 891 3426 ad
918 3373 1064 3429 breve
1089 3378 1299 3447 quidem
1329 3390 1525 3451 tempus
1558 3383 1575 3419 τ
1606 3386 1759 3440 vitam
1806 3390 2077 3461 ducimus;

482 3468 550 3521 ad
578 3484 681 3521 non
707 3469 1031 3523 existendum
1057 3489 1176 3527 vero
1212 3475 1449 3549 deinceps
1499 3482 1795 3536 omnimodo
1845 3488 2079 3555 perveni-

479 3578 613 3615 mus.
643 3562 734 3617 Sic
754 3570 799 3615 et
823 3562 1104 3632 Abraham,
1143 3568 1252 3636 Ego
1274 3583 1413 3637 sum,
1448 3572 1631 3641 inquit,
1666 3585 1808 3630 terra
1831 3587 1886 3631 et
1909 3579 2066 3646 cinis,

484 3670 577 3721 pro
623 3670 682 3708 eo
710 3672 773 3708 ac
817 3656 863 3708 si
910 3656 1099 3713 diceret
1130 3676 1149 3713 .'
1182 3659 1305 3715 Non
1355 3679 1467 3717 sum
1499 3664 1689 3735 dignus
1734 3686 1849 3723 cum
1878 3680 1901 3717 ε
1937 3683 2079 3728 tanto

484 3743 592 3798 Deo
630 3744 875 3816 colloqui,
906 3746 1059 3803 homo
1088 3750 1259 3818 factus
1285 3768 1312 3806 e
1338 3763 1496 3820 terra,
1526 3769 1573 3809 et
1620 3760 1933 3815 omnimodis
1984 3763 2081 3816 hoc

486 3837 712 3905 futurus.
744 3836 914 3910 Magis
940 3857 1059 3912 ergo
1088 3844 1258 3899 dicere
1283 3847 1499 3903 debuit:
1524 3850 1658 3917 Quia
1694 3862 1839 3908 terra
1868 3857 2003 3923 eris,
2026 3868 2082 3913 et

487 3930 538 3987 in
576 3940 773 3985 terratn
802 3936 1092 3990 reverteris
1125 3953 1138 3989 :
1172 3937 1621 4012 siquidemununc
1666 3945 1892 4013 primunt
1934 3949 2079 4016 fieret

488 4038 674 4083 natura
701 4029 957 4084 mortalis.
988 4047 1008 4080 ι

489 4170 559 4221 Ex
586 4171 802 4222 secundo
822 4170 992 4221 codice
1015 4210 1030 4231 ,
1056 4170 1182 4220 libro
1198 4147 1356 4281 lt._<;1)r-tio
1381 4210 1396 4235 ,
1441 4147 1556 4226 ante
1592 4186 1800 4240 quatuor
1840 4183 1953 4236 folia
1973 4185 2081 4237 linis

1219 4247 1231 4280 Ι
1271 4247 1329 4281 ΓΙ.

1219 4247 1307 4281 ΙΠΓΙ
1316 4269 1329 4283 .

485 4334 492 4384 ς
567 4336 585 4369 ε
612 4318 780 4389 809
803 4316 910 4373 Sed
936 4316 1069 4370 nihil
1096 4318 1282 4371 horum
1313 4321 1606 4391 prospicere
1634 4328 1801 4396 potuit
1830 4332 2084 4391 mirabilis

563 4466 588 4492 εδ
618 4456 675 4510 In
706 4455 893 4511 codice
921 4456 1182 4543 Vaticano
1230 4459 1426 4525 legitur
1460 4481 1473 4515 :
1510 4462 1624 4517 Hoc
1646 4476 1832 4543 autem
1854 4487 1943 4543 per
1973 4474 2083 4529 hare
2108 4483 2162 4543 D

494 4528 665 4580 omnia
709 4537 885 4599 natus,
900 4537 975 4599 est
1004 4531 1143 4598 quod
1208 4545 1565 4587 verumnosam
1607 4536 1765 4589 vitam
1812 4528 2082 4599 habiturus

493 4610 645 4651 esset.
692 4597 771 4671 [lx
800 4597 993 4666 quibus
1019 4597 1157 4655 idem
1188 4603 1274 4653 vir
1301 4601 1494 4657 doctus
1526 4607 1667 4660 hunc
1712 4623 1931 4666 sensum
1980 4597 2083 4671 cli—-

494 4669 604 4721 cuit
633 4684 646 4719 :
681 4665 1166 4752 Homonautem‘per
1206 4672 1313 4726 hth
1334 4676 1507 4729 omnia
1533 4685 1700 4752 ‘natus
1741 4690 1814 4733 est
1843 4686 1981 4752 quod
2000 4704 2083 4741 ve-

495 4755 612 4791 rum
633 4754 751 4792 mox
776 4738 1023 4792 ambitum
1046 4738 1310 4796 habiturus
1333 4756 1482 4799 esset.
1532 4746 1639 4802 Nos
1672 4738 1867 4806 verum,
1892 4756 2083 4811 lectio-

496 4826 618 4863 nem
672 4813 1011 4896 reposuimus
1054 4827 1119 4867 ex
1169 4813 1558 4884 Bellovaccnsi,
1610 4822 1754 4889 quod
1801 4830 2084 4896 sequentia

491 4895 706 4950 quoque
737 4883 987 4950 probant.

572 4951 596 4988 ιι
631 4951 705 5004 Ita
754 4965 966 5007 veteres
1011 4953 1168 5035 libri.
1207 4954 1501 5013 Garnerius
1539 4962 1726 5016 omisit
1770 4980 1955 5023 vocem
2004 4983 2091 5038 ut,

496 5022 656 5077 Noris
684 5038 802 5074 eam
830 5023 1053 5075 mulavit
1076 5026 1127 5075 in
1150 5025 1244 5078 ita.

574 5104 595 5128 ο
621 5090 802 5181 Euris,
833 5091 970 5181 Hqu
1001 5094 1177 5181 etiam,
1210 5104 1264 5148 et
1294 5097 1451 5181 paulo
1491 5111 1611 5181 post
1646 5104 1946 5181 signiﬁcant
1994 5127 2092 5181 pro

493 5159 974 5254 signiﬁfanrs.._Sed
1024 5162 1164 5219 hanc
1190 5159 1517 5233 posircmam
1547 5159 2091 5254 lectili’neinmaccerpit

494 5230 561 5287 ei
578 5231 711 5313 ‘cpti.
739 5230 919 5313 .Vatic.
1042 5302 1052 5313 _

565 5301 593 5340 ά
622 5302 802 5364 Naris,
830 5302 1093 5373 imposuit.

570 5384 592 5410 ο
624 5373 751 5428 Haec
774 5385 824 5427 et
865 5372 1179 5442 resolubilis,
1212 5377 1536 5436 exciderunt
1562 5384 1617 5438 in
1649 5387 1889 5446 editione
1940 5394 2084 5464 ejus-

494 5443 616 5498 dem
643 5460 691 5497 ν.
720 5447 790 5498 cl.

571 5512 590 5550 τ
622 5514 767 5570 Idem
817 5530 914 5585 pro
956 5515 1111 5570 vitam
1170 5518 1407 5577 ducimus
1452 5522 1651 5592 habet,
1694 5536 1749 5581 ut
1797 5533 1913 5600 jam
1949 5534 2085 5589 dixi-

495 5598 626 5637 mus.

567 5663 589 5699 ις
633 5654 699 5707 Et
724 5654 837 5710 hth
859 5672 1071 5727 quoque
1096 5672 1205 5714 vox
1236 5670 1378 5715 tanto
1401 5662 1603 5719 excidit
1636 5665 1687 5722 in
1716 5668 1847 5725 edit.
1872 5671 2080 5733 Italica.

2207 447 2335 498 turis
2388 463 2711 518 nequaquam
2755 454 2913 522 fuerit
2965 457 3299 525 exercitatus,
3330 476 3421 512 nec
3454 461 3515 513 ab
3554 463 3794 531 infantia,

2195 538 2355 608 juxta
2382 538 2514 593 beati
2546 539 2706 595 Pauli
2749 560 2920 599 vocem
2960 546 3026 617 (Il
3054 548 3184 603 Tim.
3217 552 3322 621 In),
3361 570 3534 609 sacras
3562 557 3797 613 didicerit

2204 629 2423 684 litteras.
2464 632 2571 687 Sed
2610 636 2714 688 sive
2752 637 2816 690 de
2841 637 3129 711 Scriptura:
3156 644 3409 710 sensibus,
3451 648 3557 702 sive
3587 649 3655 703 de
3677 650 3799 722 dag-

2205 733 2341 776 mate
2359 740 2494 796 stepe
2518 726 2840 794 declamans,
2857 731 3018 786 multa
3041 738 3335 805 frequenter
3352 739 3525 809 inepta
3547 738 3576 777 ¹³
3598 744 3800 815 proprie

2203 818 2600 871 communiterve
2629 820 2691 873 de
2724 822 2852 891 ipsis
2897 822 3185 896 Scripturis
3228 827 3663 902 dogmatibusque
3690 839 3799 907 plu-

2200 907 2347 960 rimis
2396 910 2721 980 impudenter
2770 920 3105 989 exprompsit.
3156 919 3296 974 Nunt
3349 926 3593 994 potentia:
3642 939 3800 988 metus

2203 999 2405 1053 nullum
2453 1014 2631 1057 contra
2678 1006 2874 1061 sinebat
2920 1009 3092 1077 effari,
3121 1015 3210 1066 sed
3241 1022 3603 1075 tantummodo
3635 1025 3796 1089 taciti,

2200 1093 2288 1160 qui
2313 1094 2605 1150 divinarum
2629 1097 3023 1171 Scripturarum
3047 1106 3301 1162 habebant
3337 1113 3596 1179 notitiam,
3630 1117 3798 1173 detra-

2201 1182 2407 1240 hebant.
2440 1186 2735 1245 Novissime
2760 1208 2879 1248 vero
2904 1196 2958 1249 in
2988 1196 3124 1253 hanc
3150 1201 3408 1271 dogmatis
3438 1210 3623 1265 recidit
3652 1214 3795 1269 novi-

2200 1284 2374 1341 tatem,
2406 1296 2508 1349 qua
2530 1282 2716 1336 diceret
2736 1287 2875 1356 quod
2899 1289 2952 1342 in
2977 1290 3061 1365 ira
3081 1303 3234 1361 atque
3254 1300 3432 1366 furore
3457 1299 3599 1355 Deus
3631 1304 3796 1361 Adam

2198 1373 2469 1428 mortalem
2502 1392 2616 1430 esse
2642 1386 2963 1453 prazceperit,
2994 1396 3041 1439 et
3064 1400 3273 1461 propter
3302 1395 3413 1462 ejus
3442 1413 3605 1453 unum
3634 1403 3796 1458 delic-

2200 1472 2306 1516 tum
2334 1477 2544 1523 cunctos
2574 1473 2729 1527 etiam
2760 1478 2979 1532 necdum
3011 1492 3161 1537 natos
3189 1486 3422 1544 homines
3448 1504 3616 1549 morte
3656 1500 3793 1553 ntul-

2198 1559 2431 1614 ctaverit.
2467 1561 2556 1616 Sic
2582 1576 2755 1620 autem
2784 1570 3054 1636 disputans
3078 1592 3181 1629 non
3211 1590 3433 1649 veretur,
3461 1602 3552 1639 nec
3573 1589 3794 1659 confun-

2196 1650 2337 1703 ditur
2358 1668 2418 1705 ea
2449 1657 2638 1711 sentire
2678 1659 2742 1712 de
2771 1660 2901 1727 Deo,
2932 1683 3049 1735 qua!
3076 1686 3170 1724 nec
3200 1672 3265 1726 de
3295 1674 3580 1735 hominibus
3605 1701 3791 1741 sanum

2119 1744 2167 1803 B
2191 1745 2508 1813 sapientibus
2556 1759 2603 1802 et
2644 1752 2871 1822 aliquam
2906 1759 3133 1827 justitite
3161 1781 3340 1820 curam
3365 1776 3650 1842 gerentibus
3671 1796 3788 1833 um-

2192 1850 2345 1898 quam
2375 1839 2490 1907 quis
2528 1838 2828 1900 iazstimare
2865 1855 3098 1908 tentavit.
3142 1856 3250 1911 Sed
3294 1876 3381 1915 nec
3408 1864 3546 1920 illius
3594 1869 3783 1928 dicina:

2193 1927 2329 1980 vocis
2352 1931 2656 1987 recordatus
2681 1948 2780 2002 est,
2812 1939 2966 2007 Quod
2992 1961 3097 2000 non
3123 1947 3404 2008 diceretur
3430 1956 3663 2016 ulterius
3684 1964 3786 2018 ista

2192 2021 2452 2087 parabola
2509 2027 2561 2080 in
2606 2027 2767 2084 Israel
2816 2050 2828 2086 :
2874 2034 3065 2093 Patres
3113 2045 3579 2106 manducaverunt
3630 2070 3785 2112 uvam

2191 2113 2468 2181 acerbam,
2520 2129 2573 2172 et
2622 2120 2855 2178 ﬁliorum
2910 2128 3150 2185 dentesi
3193 2136 3612 2209 obstupuerunt,
3661 2149 3785 2220 quia

2191 2204 2309 2259 haec
2363 2208 2497 2264 dicit
2549 2211 2759 2270 Adonai
2822 2220 3085 2278 Dominus
3128 2245 3140 2279 :
3198 2204 3397 2287 Dentes
3453 2204 3642 2294 eorum
3678 2204 3783 2313 .qui

2189 2298 2654 2360 mandttcaverunt
2724 2325 2883 2366 uvam
2953 2318 3205 2375 acerbam
3269 2320 3327 2390 Β,
3401 2328 3787 2401 obstupescent

2192 2388 2409 2460 (Ezech.
2444 2410 2598 2463 xvm,
2630 2400 2655 2453 ‘l
2686 2404 2873 2473 seqq),
2922 2412 3196 2467 ostendens
3226 2388 3320 2484 per
3343 2419 3453 2474 hcec
3490 2388 3634 2493 qubd

2188 2498 2302 2535 rum
2327 2502 2419 2555 pro
2449 2489 2629 2555 altero,
2660 2494 2819 2563 juxta
2865 2508 3207 2567 quorumdam
3239 2524 3489 2579 errorem,
3519 2514 3657 2571 Deus
3680 2535 3785 2573 om-

2190 2573 2310 2626 nino
2354 2593 2457 2630 non
2503 2584 2706 2650 puniat,
2755 2588 2848 2640 sed
2898 2597 3251 2667 unusquisque
3294 2619 3388 2666 pro
3430 2604 3641 2663 delictis
3679 2612 3781 2667 suis

2188 2664 2485 2723 redditurus
2532 2682 2607 2725 est
2653 2676 2925 2736 rationem.
2966 2684 3069 2739 His
3116 2704 3345 2747 consona
3387 2698 3566 2752 beatus
3590 2718 3782 2773 quoque

2196 2752 2286 2773 ηρ
2317 2755 2329 2773 ,
2613 2766 2623 2773 ,
2706 2769 2731 2773 -

2188 2752 2391 2811 Paulus
2420 2766 2665 2820 annectit.
2703 2769 2867 2837 Deus,
2903 2775 3095 2846 inquit,
3126 2784 3214 2851 qui
3248 2786 3441 2842 reddet
3487 2752 3780 2866 unicuique

2188 2850 2486 2907 secundum
2516 2872 2682 2924 opera
2725 2878 2823 2918 sua
2858 2866 3037 2938 (Rom.
3072 2850 3247 2943 11,76);
3283 2889 3330 2932 et
3352 2897 3371 2935 :
3402 2850 3782 2956 Unusquisque

2189 2948 2439 2997 nostrum
2481 2961 2619 3004 onus
2670 2968 2827 3010 suum
2878 2965 3118 3029 portabit
3168 2968 3315 3038 (Gal.
3364 2989 3439 3041 vr,
3470 2948 3781 3048 5);-et."Tu

2186 3033 2313 3101 quid
2332 3036 2545 3105 judicas
2566 3043 2790 3104 fratrem
2817 3058 3000 3111 tuum?
3028 3069 3123 3114 aut
3149 3033 3205 3117 tu
3228 3082 3398 3132 quare
3422 3033 3643 3139 spernis
3672 3076 3780 3132 ira-

2583 3151 2779 3195 omnes
2825 3147 2972 3202 enim
3021 3151 3360 3214 adstahimus
3388 3172 3518 3219 ante
3545 3166 3781 3226 tribunal

2181 3226 2383 3285 Christi
2438 3234 2613 3305 (Rom.
2646 3258 2758 3309 xw,
2799 3247 2912 3318 10).
2972 3251 3081 3307 Sed
3128 3258 3205 3313 vir
3257 3263 3514 3320 mirabilis
3569 3282 3781 3341 prapter

2183 3348 2343 3388 unum
2374 3335 2389 3373 ι
2425 3357 2689 3408 peccatum
2719 3349 2781 3403 de
2811 3360 2953 3410 tanto
2998 3362 3173 3428 furore
3215 3381 3530 3425 commatum
3563 3375 3781 3433 arbitra-

2186 3443 2267 3488 tus
2291 3448 2366 3491 est
2398 3439 2585 3511 Deum,
2616 3457 2673 3501 ut
2703 3450 2854 3505 illum
2885 3460 3225 3518 atrocissima:
3247 3482 3411 3534 paena:
3441 3472 3701 3543 subderet,
3734 3488 3775 3532 et

2186 3536 2254 3588 ad
2284 3541 2549 3599 universos
2600 3565 2776 3606 omnes
2814 3566 3045 3625 posteros
3094 3567 3207 3636 ejus
3248 3585 3428 3638 parem
3478 3580 3776 3634 sententiam

2188 3642 2561 3711 promulgaret,
2611 3658 2659 3702 et
2703 3651 2838 3708 inter
2883 3675 3011 3728 quos
3055 3668 3237 3733 quanti
3270 3672 3409 3741 justi
3438 3677 3636 3743 fuerint
3677 3698 3772 3736 non

2184 3737 2340 3806 facile
2367 3758 2637 3801 numerare
2665 3754 2779 3819 quis
2812 3760 3020 3823 poterit.
3074 3762 3157 3818 Ex
3192 3769 3377 3835 quibus
3414 3791 3530 3829 eum
3562 3783 3777 3837 maxime

2183 3841 2508 3899 considerare
2559 3864 2884 3925 convenerat,
2924 3864 3061 3930 quod
3105 3868 3257 3924 valde
3301 3874 3562 3933 videretur
3601 3883 3774 3939 incon-

2182 3955 2370 4009 gruum
2423 3943 2560 4015 Noe,
2610 3950 2891 4025 Abraham,
2927 3958 3119 4027 David,
3150 3967 3367 4041 Moysen
3390 3977 3561 4051 810
3584 3992 3631 4036 et
3661 3984 3777 4038 reli-

2184 4058 2312 4110 quos
2338 4044 2733 4108 innumerabiles
2750 4060 2927 4129 justos
2958 4066 3204 4123 obnoxios
3226 4090 3391 4141 ptume
3408 4080 3641 4140 redditos
3663 4096 3701 4124 ω
3718 4088 3774 4143 ob

2183 4142 2295 4210 ejus
2322 4144 2567 4201 delictum
2594 4162 2641 4207 et
2668 4170 2848 4223 unum,
2883 4171 3035 4230 atque
3076 4184 3140 4222 ex
3167 4182 3322 4243 gustu
3365 4179 3568 4237 arboris
3595 4202 3775 4259 appro-

2190 4241 2386 4312 batum,
2415 4253 2619 4319 etquod
2662 4255 2735 4309 sic
2779 4259 2919 4316 ultra
2966 4268 3177 4323 modum
3204 4275 3421 4343 iustitia:
3458 4281 3594 4339 iram
3634 4306 3772 4345 suam

2189 4343 2331 4401 Deus
2359 4354 2659 4424 extenderit,
2695 4358 2768 4413 ita
2796 4372 2852 4416 ut
2871 4371 2899 4399 ιι
2919 4373 2990 4420 tot
3010 4372 3279 4440 justorum
3311 4379 3524 4438 virtutes
3569 4401 3775 4447 cunctas

2260 4481 2285 4519 h
2312 4485 2493 4594 Ndoris,
2529 4499 2817 4594 paoposuit,
2850 4506 3113 4594 cpntraria
3152 4511 3388 4569 videlicet
3416 4519 3547 4585 ipsis
3590 4525 3777 4594 Scrip-

2260 4570 2315 4594 ’ω
2379 4577 2527 4594 Πηηιη
2557 4581 2568 4594 ι
2604 4582 2664 4594 ...ι
2713 4586 2863 4594 nn---
2895 4576 3000 4594 --η-ι
3100 4578 3111 4589 ι
3265 4585 3275 4594 .

2187 4556 2686 4671 turiceldogmatibus,
2705 4556 2820 4671 qua."
2834 4574 3066 4643 pluribus
3092 4578 3416 4651 impudenter
3437 4556 3770 4671 [expro‘r’ripiil

2343 4646 2355 4671 t
2379 4644 2467 4671 plu
2493 4648 2748 4671 ωεηηειηαιο

2267 4628 2281 4661 ί
2319 4628 2467 4684 Idem
2493 4628 2787 4694 testimar—et.

2216 4695 2277 4805 iei
2315 4698 2583 4805 naiades
2608 4707 3031 4805 Bellovacensis.
3054 4721 3253 4795 Vatic.,
3276 4730 3653 4805 obstipuerunt.
3674 4740 3774 4798 No-

2183 4772 2281 4840 ris,
2314 4772 2693 4840 obstupescunt.

2263 4835 2287 4915 1f
2324 4835 2493 4915 _Vatic.
2516 4850 2871 4915 oltstipescent.

2228 4905 2543 5011 Eam/316a?
2575 4905 2698 5001 libri
2726 4926 2804 4980 sic
2829 4930 3045 5011 habent,
3081 4939 3155 4991 uti
3187 4957 3285 4997 nos
3306 4947 3599 5008 edidimus.
3630 4954 3768 5011 Heu-

2904 4982 3045 4997 ﬁ---"
3084 4982 3153 4991 ...-
3188 4982 3285 4997 ..υο
3306 4982 3391 5000 uu
3438 4982 3507 5002 IIII
3551 4994 3561 5005 ι
3586 4996 3599 5008 .
3746 4985 3768 4997 ⁸

2197 4982 2451 5081 pilentis-Ade“
2465 4986 2619 5081 Naris
2668 5001 2903 5081 reposuit
2933 5020 2945 5055 :
2980 5019 3241 5069 peccatum
3269 4982 3601 5077 AdceuDeiim
3630 4982 3771 5081 ΣιἬο

2732 5050 2742 5063 _
2933 5050 2945 5055 -
2980 5050 3241 5069 puum-mu
3269 5050 3395 5071 nuw
3427 5050 3601 5077 υσιηιι
3635 5050 3771 5081 samo

2192 5050 2370 5133 furore
2395 5070 2701 5115 commotum
2732 5070 3011 5151 prbitratus
3039 5089 3137 5145 est,
3178 5098 3231 5136 ut
3264 5090 3413 5141 vellet
3434 5092 3587 5147 illum
3631 5106 3771 5151 atro-

2190 5135 2893 5229 rﬂfnfmsubdere.
2935 5135 3233 5229 Qitrnerius
3290 5174 3455 5223 vero,
3510 5178 3771 5229 peccatum

2188 5200 2328 5272 tanto
2360 5199 2533 5293 furore
2557 5218 2866 5265 commotum
2887 5199 3168 5276 arbitratus
3193 5199 3288 5293 est,
3318 5199 3774 5292 ἕίᾶίιινῖιωὲἷνῖϊὲἔί

2736 5351 2856 5435 ejus
2876 5354 3117 5435 _hominis
3138 5380 3297 5434 quem
3329 5371 3476 5425 Deus
3507 5374 3771 5435 formave-

2692 5404 2701 5411 ,
2764 5404 2850 5414 _,_
2882 5404 3117 5415 --ν-...νυν
3180 5404 3297 5422 "Du.
3389 5404 3423 5424 ιι
3581 5404 3588 5406 ‘
3652 5404 3661 5411 ‘

2196 5404 2769 5507 lectiquetn
2802 5424 3000 5507 habent
3021 5404 3208 5491 omniss
3233 5404 3772 5507 libi‘ifdtZr't‘t’ei'li'iisv;

2192 5471 2364 5553 Naris
2382 5471 3019 5553 reposuerunt

2264 5552 2292 5646 ἲ
2473 5565 2559 5646 est
2588 5555 3102 5646 lectioexemplaris
3125 5575 3553 5645 Bellovacensis.
3582 5591 3637 5646 In
3671 5592 3768 5645 Vn-

2216 5612 2228 5624 ·
2487 5624 2495 5633 ν
2702 5612 2741 5615 γ-
2781 5612 3102 5635 -..νη-μυιια
3125 5612 3553 5645 υσιιυηιυυυδιδ.
3582 5612 3637 5646 In
3679 5612 3768 5645 νην

2193 5624 2654 5724 ptum
2685 5642 2770 5687 est
2787 5638 2940 5693 totius
2961 5659 3195 5711 quorum.
3230 5652 3303 5705 Ex
3326 5670 3435 5724 quo
3459 5657 3622 5718 Naris
3647 5662 3770 5720 εσθ-

2188 5695 2263 5740 c1t
2291 5702 2628 5759 posterorum.
