4022 6382
231 464 332 520 593

1011 460 1435 519 FRAGMENTA
1465 459 1816 518 THEODORI
1854 458 2334 518 MOPSUESTENI
2374 457 2701 517 EPISCOPI.

3401 471 3505 528 594

229 581 484 654 abjiceret,
537 593 724 650 eosque
770 585 974 650 propter
1002 575 1159 629 unius
1195 584 1460 646 peccatum
1503 573 1630 628 Adae
1668 582 1810 628 tanto
1836 575 1889 634 Α
1914 580 2194 626 mutentur.
2228 570 2374 627 Sicut
2397 570 2530 624 enim
2551 575 2840 642 conformes
2865 570 2992 627 Adae
3016 575 3301 628 secundum
3325 587 3516 632 statum

228 672 479 745 supplicio
510 675 848 743 manciparat.

303 784 322 818 ι
359 765 499 821 Nam
525 767 621 821 etsi
644 764 775 818 nihil
803 763 967 830 aliud,
1021 761 1207 816 saltem
1245 761 1307 814 de
1343 760 1468 815 Abel
1506 768 1672 815 mente
1701 775 1818 831 per-

226 857 450 932 pendens
472 857 826 911 convenienter
868 855 1123 909 ccstimare
1167 853 1445 918 debuerat;
1485 855 1576 924 qui
1619 853 1817 921 primus

217 952 391 1023 justus
431 949 673 1015 existens,
699 948 897 1018 primus
924 955 1158 1000 mortuus
1184 955 1278 1000 est.
1312 944 1379 999 Et
1401 946 1653 1016 siquidem
1682 962 1820 1000 mor-

226 1052 321 1098 tem
352 1041 492 1097 Deus
509 1041 579 1096 ad
602 1057 800 1114 plenam
827 1049 1077 1095 statuerat
1103 1040 1395 1100 hominum,
1426 1039 1685 1110 quomodo
1715 1055 1816 1093 non

222 1135 500 1209 impietatis
551 1144 659 1190 erat
701 1144 942 1190 extrema:
977 1133 1143 1187 vivere
1184 1132 1391 1203 quidem
1440 1148 1556 1185 eum
1595 1131 1684 1200 qui
1722 1132 1820 1202 fuit

225 1244 380 1282 causa
405 1227 622 1299 peccati,
653 1227 820 1280 vivere
853 1225 1007 1280 etiam
1048 1240 1167 1277 cum
1204 1224 1296 1276 illo
1319 1231 1369 1284 et
1400 1221 1562 1276 Evam
1608 1222 1821 1276 malitia:

222 1322 550 1394 repertricem
573 1318 933 1392 (praetermitto
964 1329 1139 1372 autem
1181 1317 1444 1371 diabolum
1475 1317 1527 1369 in
1550 1317 1820 1369 immorta-

226 1412 369 1468 litate
389 1413 643 1467 hactenus
672 1409 1086 1484 perdurantem),
1117 1411 1340 1482 primum
1361 1425 1478 1463 vero
1500 1412 1703 1482 justum
1738 1424 1822 1461 re-

223 1515 574 1579 pertoremque
616 1505 816 1559 virtutis
865 1505 1188 1574 primumque
1227 1502 1385 1556 divini
1430 1499 1602 1556 cultus
1641 1517 1821 1555 curam

224 1609 481 1668 gerentem
506 1608 624 1651 ante
642 1611 819 1651 omnes
851 1603 876 1633 ⁸
904 1612 1036 1667 pene
1064 1596 1390 1667 peccantium
1417 1593 1580 1664 fuisse
1616 1593 1820 1664 percul-

223 1693 375 1747 sum?
426 1691 699 1764 (iportebat
745 1702 918 1747 autem
958 1691 1392 1763 sapientissimum
1447 1691 1612 1744 virum
1666 1701 1714 1744 et
1758 1688 1822 1741 de

229 1783 430 1850 Enoch,
457 1788 545 1858 qui
570 1802 672 1840 non
694 1794 766 1840 est
789 1779 1040 1852 mortuus,
1071 1785 1346 1856 diligenter
1365 1785 1672 1855 expendere.
1698 1781 1821 1837 Non

226 1879 360 1933 enim
386 1889 532 1932 tanta
566 1880 753 1933 virtute
781 1881 858 1934 vel
893 1879 1083 1951 pietate
1107 1879 1363 1950 prteditus
1395 1879 1516 1948 fuit,
1543 1889 1602 1932 ut
1639 1879 1822 1934 melior

1918 676 2218 730 praesentem
2258 681 2438 719 sumus
2491 681 2664 719 omnes
2705 663 2892 732 effecti,
2942 667 3017 719 sic
3051 666 3256 721 Christo
3290 668 3517 724 Domino

1907 762 2068 833 juxta
2092 775 2299 813 carnem
2328 759 2614 826 conformes
2635 760 2920 829 efﬁciemur
2937 761 2989 813 in
3011 771 3294 830 posterum.
3320 761 3517 820 Trans-

1917 852 2161 922 ﬁguravit
2185 851 2320 905 enim
2341 867 2526 922 corpus
2549 850 2856 906 humilitatis
2878 864 3065 908 nostra:
3085 857 3375 925 conformes
3400 859 3516 928 ﬁeri

1919 949 2152 1018 corporis
2178 947 2360 1019 glorise
2403 965 2512 1003 suae
2549 947 2812 1022 (Philipp.
2849 951 2927 1020 v),
2959 959 3006 1003 et
3036 952 3204 1016 qualis
3249 960 3512 1020 terrenus,

1921 1037 2048 1093 tales
2070 1049 2116 1092 et
2149 1041 2356 1104 terreni,
2389 1051 2436 1092 et
2478 1040 2648 1106 qualis
2677 1041 2915 1105 caelestis,
2951 1039 3076 1094 tales
3104 1050 3153 1095 et
3179 1044 3437 1108 caelestes;
3468 1053 3517 1098 et

1919 1132 2050 1185 sicut
2102 1134 2419 1204 portavimus
2464 1133 2740 1204 imaginem
2775 1134 2987 1199 terreni,
3041 1145 3302 1204 portemus
3361 1138 3516 1192 etiam

1921 1225 2202 1295 imaginem
2259 1225 2476 1280 ccelestis
2533 1225 2586 1294 (1
2639 1224 2761 1280 Cor.
2815 1225 2954 1297 xv),
3013 1229 3312 1292 ostendens,
3379 1230 3518 1298 quod

1922 1318 2076 1389 primi
2130 1328 2296 1372 status
2345 1318 2473 1372 Adae
2517 1319 2794 1391 participes
2843 1321 2992 1389 facti,
3025 1321 3311 1375 necessario
3361 1323 3518 1376 etiam

1923 1409 2131 1463 secundi
2171 1410 2298 1463 Adae
2334 1409 2525 1463 Christi
2561 1407 2774 1463 Domini
2809 1411 3092 1464 secundum
3115 1428 3318 1464 carnem
3351 1413 3520 1483 futuri

1923 1511 2086 1556 status
2134 1501 2465 1571 participium
2508 1501 2903 1569 consequimur,
2959 1511 3139 1571 utpote
3181 1503 3268 1573 qui
3305 1519 3367 1556 ex
3423 1503 3520 1556 hac

1925 1595 2102 1648 eadem
2158 1603 2347 1646 natura
2393 1603 2587 1647 constet
2637 1603 2867 1658 exortus,
2913 1604 2960 1646 et
2997 1603 3184 1647 cuncta
3229 1610 3345 1664 qua:
3400 1596 3516 1665 fue-

1923 1699 2040 1742 rant
2063 1696 2262 1742 naturce
2291 1687 2600 1759 susceperit,
2632 1699 2680 1742 et
2704 1686 2823 1740 ideo
2849 1689 3152 1741 sustinuerit
3199 1697 3436 1753 mortem,
3464 1696 3522 1740 ut

1923 1789 2139 1836 mortem
2163 1789 2366 1834 natura:
2391 1782 2697 1851 suscipiens,
2724 1791 2771 1833 et
2801 1797 2832 1833 a
2860 1782 3074 1834 mortuis
3098 1795 3392 1852 resurgens,
3426 1798 3519 1834 na-

1925 1881 2094 1925 turam
2143 1870 2357 1925 liberam
2401 1882 2565 1924 morte
2617 1871 2906 1941 perficeret.
2955 1872 3022 1928 Et
3068 1883 3284 1928 mortem
3313 1874 3517 1944 quidem

223 1974 459 2028 omnibus
500 1975 760 2039 existeret,
809 1973 992 2044 Moyse
1015 1973 1154 2039 dico,
1197 1983 1244 2027 et
1275 1972 1573 2042 PrOphetis,
1607 1973 1824 2041 Aposto-

1945 1972 2195 2034 trepterea
2227 1964 2467 2034 suscepit,
2499 1973 2764 2034 peccatum
2790 1979 2906 2018 vero
2946 1981 3286 2035 nequaquam,
3327 1965 3418 2020 sed
3455 1965 3519 2018 ab

223 2063 408 2134 lisque,
440 2067 518 2120 vel
561 2066 775 2136 reliquis
820 2066 1076 2130 omnibus,
1112 2066 1174 2120 de
1194 2066 1377 2135 quibus
1402 2067 1472 2118 ait
1503 2065 1824 2119 beatissimus

222 2153 456 2224 Paulus,
471 2155 668 2224 quibus
686 2155 882 2226 dignus
902 2171 1007 2209 non
1023 2165 1142 2209 erat
1165 2155 1400 2210 mundus
1414 2154 1601 2224 (Hebr.
1616 2171 1690 2221 ιι,
1707 2155 1822 2225 58),

220 2246 297 2301 ita
326 2256 408 2311 ut,
439 2245 549 2301 illis
569 2248 810 2312 mortuis,
841 2248 950 2318 ipse
973 2247 1115 2302 solus
1142 2249 1254 2301 sine
1296 2249 1472 2302 mortis
1512 2249 1826 2320 experientia

222 2340 554 2412 perduraret.
584 2339 693 2396 Sed
705 2342 821 2411 jam
848 2343 912 2395 ab
938 2341 1089 2395 initio
1110 2339 1250 2396 Deus
1275 2343 1372 2396 hoc
1401 2344 1579 2396 habuit
1609 2343 1752 2416 apud
1773 2361 1826 2398 se

221 2431 533 2499 deﬁnitum,
570 2442 626 2486 ut
660 2433 884 2504 primunt
913 2434 1118 2504 quidem
1159 2435 1399 2488 mortales
1441 2435 1644 2504 ﬁerent,
1685 2443 1827 2506 post-

220 2524 442 2580 modum
467 2541 586 2581 vero
612 2525 1000 2582 immortalitate
1023 2529 1302 2599 gauderent
1325 2545 1345 2583 .·
1367 2530 1442 2582 sic
1461 2530 1530 2582 ad
1550 2530 1827 2584 utilitatem

221 2629 456 2673 nostram
497 2618 614 2687 ﬁeri
664 2619 776 2690 ipse
824 2619 1123 2691 disponens.
1169 2639 1189 2672 ι
1244 2617 1313 2673 Et
1366 2629 1482 2691 post
1530 2621 1824 2692 paululum.

229 2728 249 2764 ι
290 2710 650 2781 Manifestius,
695 2713 884 2782 inquit,
915 2713 1026 2767 haec
1054 2711 1235 2768 eadem
1279 2711 1424 2768 Deus
1455 2714 1678 2767 ostendit
1710 2731 1827 2768 cum

224 2810 474 2877 transfert
500 2805 701 2873 Enoch,
726 2816 774 2860 et
794 2807 1140 2862 immortalem
1167 2807 1315 2878 facit.
1345 2805 1488 2860 Nam
1516 2808 1562 2861 si
1590 2823 1683 2877 per
1709 2824 1828 2877 pec-

223 2911 403 2957 catum
431 2917 584 2956 causa
632 2902 876 2975 supplicii
904 2902 1046 2958 Deus
1076 2903 1252 2957 intulit
1276 2912 1518 2967 mortem,
1568 2920 1660 2958 nec
1701 2905 1827 2958 olim

225 2993 501 3064 definitum
529 2993 624 3048 hoc
655 2994 830 3049 habuit
877 2993 1020 3066 apud
1069 3012 1142 3062 se,
1188 2994 1522 3063 ineffabiliter
1552 3013 1646 3067 pro
1679 2996 1826 3050 nobis

221 3087 385 3159 juxta
409 3088 675 3159 propriam
701 3088 1014 3158 sapientiam
1041 3098 1225 3142 cuncta
1259 3090 1593 3162 dispensans,
1630 3107 1824 3163 nequa-

227 3197 390 3253 quam
435 3180 614 3235 Enoch
659 3182 868 3251 quidem
916 3183 1223 3236 immortalis
1267 3184 1526 3252 existeret,
1575 3183 1829 3238 Dominus

227 3285 403 3330 autem
425 3272 661 3328 Christus
682 3275 750 3326 ad
776 3283 954 3328 mortis
972 3276 1345 3344 experientiam
1377 3278 1678 3345 perveniret.
1712 3297 1731 3328 )
1763 3275 1829 3330 Et

228 3377 346 3439 post
379 3365 674 3434 paululum.
705 3384 723 3416 ι
759 3365 988 3430 Idcirco,
1019 3368 1206 3435 inquit,
1235 3367 1484 3422 Dominus
1513 3379 1690 3423 auctor
1719 3386 1828 3423 om-
1856 3362 1901 3423 C

227 3459 380 3512 nium
419 3456 674 3510 bonorum
702 3457 993 3513 hominibus
1039 3462 1209 3531 factus
1257 3471 1350 3526 est,
1393 3473 1448 3515 ut
1497 3464 1630 3516 sicut
1664 3462 1830 3517 Adam

229 3551 398 3622 primi
420 3560 469 3604 et
505 3552 741 3605 mortalis
782 3563 946 3608 status
994 3556 1187 3609 exstitit
1223 3557 1514 3622 inchoator,
1548 3558 1620 3611 ita
1649 3568 1695 3612 et
1723 3560 1832 3628 ipse

228 3641 457 3700 secundi
475 3651 527 3696 et
545 3642 850 3698 immortalis
872 3655 1033 3700 status
1055 3648 1287 3701 initiator
1315 3649 1557 3715 existens,
1591 3650 1832 3720 primitus

230 3735 364 3790 Adce
385 3734 578 3804 prioris
605 3737 866 3790 naturalia
892 3740 1195 3807 custodiret,
1225 3741 1347 3795 dum
1370 3745 1601 3797 nascitur
1628 3761 1693 3798 ex
1719 3761 1834 3797 mu-

233 3827 383 3892 liere,
414 3826 540 3881 dum
569 3829 756 3899 pannis
785 3831 1080 3896 involvitur,
1109 3843 1156 3886 et
1182 3837 1436 3903 paulatim
1467 3839 1634 3891 atatis
1664 3839 1832 3891 incre-

231 3927 408 3970 menta
433 3917 646 3971 sortitur
668 3917 695 3956 ι)
722 3919 902 3988 (Jesus
923 3921 1068 3976 enim
1094 3921 1245 3990 (Luc.
1264 3940 1323 3991 ti,
1344 3924 1459 3994 5:2),
1487 3928 1672 3998 inquit,
1706 3945 1834 3998 pro-

234 4008 457 4064 ﬁciebat
481 4010 644 4082 811
665 4015 1174 4083 :etateetsapientia
1198 4027 1218 4054 ο
1245 4028 1294 4071 et
1319 4020 1491 4088 gratia
1513 4034 1694 4074 coram
1724 4022 1833 4076 Deo

233 4110 288 4156 et
317 4100 656 4173 hominibus)
675 4104 798 4156 dum
822 4105 1260 4161 circumcisionem
1283 4111 1515 4180 suscipit,
1539 4113 1660 4164 dum
1677 4114 1836 4182 juxta

237 4193 461 4263 legalem
481 4193 908 4248 consuetudinem
949 4196 1057 4248 Deo
1095 4200 1258 4251 astitit
1290 4201 1342 4252 in
1368 4202 1575 4269 templo,
1610 4207 1836 4274 parenti-

237 4285 438 4355 busque
463 4285 756 4353 subjicitur,
773 4295 819 4338 et
833 4288 1207 4341 conuersationi
1227 4289 1468 4360 legitima:
1483 4295 1831 4363 mancipatur.

237 4375 333 4432 Sic
357 4377 538 4441 etiam,
566 4375 635 4428 ad
665 4376 1005 4446 expletionem
1037 4379 1376 4446 reliquorum,
1401 4393 1449 4435 et
1488 4396 1722 4452 mortem,
1755 4397 1839 4439 ut-

237 4481 358 4542 pote
391 4481 593 4525 naturaz
619 4470 882 4538 tribulam,
916 4479 1170 4539 postremo
1200 4475 1440 4543 suscipit,
1472 4486 1526 4529 ut
1554 4482 1836 4533 secundum

241 4565 409 4635 legem
450 4565 691 4619 humanae
733 4573 930 4619 natura:
973 4566 1220 4631 moriens,
1264 4576 1311 4620 et
1356 4584 1386 4620 a
1414 4574 1632 4624 mortuis
1661 4573 1835 4626 divina

241 4661 437 4711 virtute
465 4675 754 4728 resurgens,
783 4660 989 4713 initiunt
1030 4663 1224 4714 cunctis
1251 4661 1564 4729 hominibus,
1597 4666 1837 4734 quimor-

1927 2055 2024 2109 Itoc
2060 2057 2302 2110 imntunis
2337 2058 2546 2111 omnino
2577 2057 2878 2127 permansit.
2913 2057 3064 2124 Quod
3101 2059 3236 2111 enim
3276 2067 3387 2112 erat
3428 2075 3523 2112 na—

1930 2156 2078 2212 turae,
2103 2147 2158 2200 id
2183 2158 2279 2215 est,
2310 2158 2554 2215 mortem,
2595 2148 2946 2202 indubitanter
2981 2150 3255 2221 assumpsit
3285 2165 3306 2204 :
3335 2165 3516 2221 pecca-

1929 2250 2038 2295 tum
2067 2259 2209 2307 vero,
2239 2245 2378 2314 quod
2408 2259 2510 2296 non
2541 2253 2650 2298 erat
2671 2251 2893 2306 naturae,
2931 2243 3022 2297 sed
3053 2243 3353 2310 voluntatis,
3379 2244 3524 2296 nullo

1929 2344 2081 2407 pacto
2127 2335 2367 2406 suscepit.
2412 2334 2565 2399 Quod
2606 2335 2650 2387 si
2691 2334 2870 2403 [uisset
2907 2334 2960 2387 in
3005 2343 3193 2388 natura
3237 2346 3521 2403 peccatum,

1919 2430 2079 2499 juxta
2107 2427 2478 2498 sapientissimi
2519 2425 2675 2497 hujus
2714 2425 2993 2496 eloquium,
3032 2439 3298 2498 peccatunt
3341 2429 3395 2483 in
3433 2445 3528 2482 na-

1933 2532 2050 2575 tura
2077 2537 2286 2593 prarsus
2310 2523 2551 2588 existens,
2582 2523 2878 2576 necessario
2899 2523 3222 2594 suscepisset.
3252 2540 3271 2574 ι

2679 2634 2767 2690 Ill.

1994 2728 2069 2779 De
2087 2729 2255 2780 codice
2278 2727 2514 2790 secundo,
2536 2740 2600 2780 ex
2621 2728 2746 2780 libro
2768 2730 2936 2789 tertio,
2957 2728 3072 2779 folio
3087 2731 3280 2780 decimo
3302 2736 3488 2781 octavo.

2008 2877 2028 2910 ‹
2064 2858 2148 2926 Si,
2183 2859 2376 2929 inquit,
2403 2870 2733 2932 peccaturum
2762 2857 2786 2897 ά
2811 2859 2950 2916 Deus
2968 2861 3221 2916 nesciebat
3240 2861 3431 2929 Adam,
3463 2863 3531 2916 sit

1932 2950 2115 3004 horum
2140 2952 2398 3019 sapientia
2419 2952 2915 3022 sapientissimorum
2936 2953 3102 3024 812
3128 2963 3175 3008 et
3196 2954 3294 3006 ista
3317 2969 3533 3024 respou-

1931 3041 2029 3105 sio,
2063 3040 2203 3110 quod
2233 3040 2329 3094 hoc
2358 3043 2746 3097 insanissimum
2776 3054 2849 3096 est
2876 3042 2954 3096 vel
2987 3045 3039 3097 in
3068 3045 3382 3114 cogitatione
3405 3061 3527 3113 per-

1931 3135 2117 3206 cipere.
2154 3133 2492 3202 Manifestum
2521 3146 2595 3190 est
2616 3136 2754 3205 quod
2781 3145 2827 3188 et
2858 3146 3189 3205 peccaturum
3225 3153 3343 3190 eum
3377 3152 3530 3191 nove-

1932 3237 2032 3290 rat,
2064 3236 2108 3278 et
2132 3235 2340 3298 propter
2369 3227 2466 3280 hoc
2509 3226 2688 3298 procul
2715 3228 2868 3283 dubio
2895 3230 3221 3282 moriturum.
3259 3228 3532 3296 Quomodo

1936 3334 2060 3388 ergo
2100 3335 2204 3372 non
2251 3329 2324 3372 est
2371 3330 2610 3374 extrema:
2641 3322 2908 3374 dementite
2948 3323 3152 3374 credere
3176 3321 3312 3391 quod
3344 3321 3526 3390 primi-

1939 3419 2020 3463 tus
2053 3421 2074 3447 ο
2105 3427 2222 3464 eum
2260 3413 2531 3465 mortalem
2575 3413 2629 3466 in
2668 3430 2758 3467 sex
2801 3413 2940 3466 horis
2982 3414 3162 3483 fecerit
3206 3417 3346 3482 (nam
3376 3421 3532 3467 tanta?

1937 3505 2147 3572 fuerunt
2182 3519 2214 3555 a
2258 3504 2551 3558 conditione
2579 3505 2692 3574 ejus
2727 3521 2884 3575 usque
2933 3506 3002 3558 ad
3035 3503 3053 3542 ί
3087 3505 3529 3567 commissionem,

1937 3596 2352 3666 quandoquidem
2383 3606 2526 3650 sexto
2574 3598 2657 3651 die
2698 3601 2868 3666 factus
2903 3615 2930 3651 e
2968 3608 3122 3665 terra,
3168 3609 3216 3651 et
3263 3597 3532 3650 comedens

1939 3697 2120 3739 contra
2171 3688 2402 3741 divinum
2453 3689 2781 3757 mandatum,
2832 3692 2895 3744 de
2930 3691 3173 3759 paradiso
3205 3691 3384 3760 pulsus
3411 3695 3531 3760 est),

1939 3779 2206 3832 mortalem
2234 3795 2350 3833 vero
2379 3791 2491 3851 post
2519 3791 2786 3851 peccatum
2811 3785 3204 3836 monstraverit?
3225 3779 3434 3834 Certum
3465 3794 3538 3837 est

1941 3871 2075 3924 enim
2099 3870 2222 3940 quia
2249 3872 2293 3923 si
2314 3888 2429 3925 eum
2456 3873 2798 3926 immortalem
2818 3890 2929 3928 esse
2958 3873 3220 3939 voluisset,
3262 3889 3354 3926 nec
3374 3875 3534 3928 inter-

1939 3967 2120 4018 cedens
2172 3975 2435 4032 peccatum
2487 3962 2582 4018 Dei
2621 3968 2928 4020 sententiant
2979 3976 3338 4019 commutasset
3369 3983 3386 4020 :
3416 3970 3537 4037 quia

1943 4072 2032 4109 nec
2057 4055 2319 4109 diabolum
2351 4057 2475 4128 fecit
2503 4072 2568 4109 ex
2609 4059 2890 4111 immortali
2917 4059 3208 4121 mortalem,
3242 4068 3288 4110 et
3335 4058 3539 4127 quidem

1945 4159 2243 4202 cunctorum
2268 4151 2527 4204 malorum
2553 4154 2852 4207 existentem
2878 4151 3213 4221 principium.
3246 4171 3265 4204 ι

2702 4258 2790 4314 1V.

1949 4371 1975 4410 Β
2001 4369 2077 4422 Dc
2101 4371 2318 4420 secundo
2340 4371 2531 4433 codice,
2547 4385 2610 4420 ex
2631 4372 2756 4421 libro
2777 4373 2946 4434 tertio,
2960 4370 3074 4420 folio
3089 4372 3332 4432 vigesimo
3349 4374 3535 4436 quinto.

2024 4498 2042 4529 ι
2081 4476 2201 4530 Non
2229 4477 2384 4542 enim,
2416 4476 2601 4544 inquit,
2634 4475 2716 4528 his
2739 4476 2828 4544 qui
2859 4475 2922 4528 ab
2960 4473 3125 4528 Adam
3153 4492 3315 4547 usque
3342 4477 3412 4531 ad
3447 4477 3544 4530 ad-

1947 4580 2152 4626 ventum
2179 4569 2370 4625 Christi
2405 4569 2616 4623 Domini
2658 4571 2711 4622 in
2755 4571 2911 4622 tantis
2943 4573 3153 4640 fuerunt
3198 4572 3546 4643 impietatibus

1950 4671 1998 4715 et
2027 4660 2404 4725 iniqui.‘atibus,
2434 4669 2652 4729 quantas
2683 4658 2860 4712 beatus
2896 4657 3094 4713 Paulus
3123 4663 3347 4733 propriis
3378 4663 3542 4716 verbis

245 4761 350 4806 tem
382 4750 664 4802 secundum
685 4754 945 4820 propriam
966 4761 1206 4807 naturant
1233 4753 1544 4822 suscipiunt,
1591 4756 1755 4824 ﬁeret,
1779 4767 1836 4810 ut
1869 4739 1924 4797 D
1951 4753 2222 4820 expressit,
2247 4761 2301 4804 ut
2338 4753 2394 4804 in
2441 4750 2794 4821 superioribus
2816 4760 2890 4803 est
2920 4754 3033 4823 ejus
3060 4753 3379 4808 declaratum
3404 4755 3542 4808 voci-

244 4861 277 4897 a
307 4844 529 4900 mortuis
556 4855 794 4917 surgant,
813 4855 857 4898 et
889 4845 957 4899 ad
982 4844 1325 4899 immortalem
1341 4845 1679 4900 substantiam
1698 4865 1839 4901 com-
1951 4849 2066 4911 bus,
2092 4853 2355 4911 tamquam
2382 4858 2627 4912 magnum
2671 4841 2916 4911 quiddam
2945 4848 3342 4902 resurrectionis
3390 4847 3554 4901 colla-

325 5041 350 5070 ⁸
377 5031 452 5086 Ita
483 5039 663 5085 vetera
694 5030 1048 5100 exemplaria.
1096 5032 1162 5084 At
1200 5031 1361 5086 iidem
1409 5029 1510 5083 viri
1562 5029 1850 5084 clarissimi

253 5109 622 5174 reposuerunt
643 5119 814 5174 paena,
830 5099 950 5174 quin
972 5102 1283 5174 emendatio
1305 5103 1443 5155 bona
1469 5099 1716 5155 fortassis
1743 5108 1846 5154 est.

326 5171 352 5213 ι’
385 5175 520 5229 Male
554 5181 603 5228 in
629 5171 869 5228 editione
895 5172 1106 5226 Italica:
1133 5171 1302 5226 Lucas
1331 5176 1486 5226 enim.

332 5259 351 5282 ι’
387 5247 511 5299 Haec
536 5245 857 5300 exciderunt
887 5244 937 5298 in
968 5242 1160 5298 eadem
1192 5244 1454 5298 editione.

329 5314 357 5354 ά
397 5319 518 5369 ΙΙειιυ
560 5325 643 5370 est
673 5316 834 5369 lectio
863 5313 1109 5369 codicum
1144 5314 1297 5368 Marii
1335 5315 1672 5370 Mercatoris.
1713 5311 1857 5368 Gar-

260 5389 446 5443 nerius
473 5398 673 5452 tamen,
703 5383 795 5455 Qui
826 5385 875 5438 in
898 5386 1070 5454 prima
1102 5396 1260 5455 parte
1289 5385 1461 5440 edidit
1500 5402 1618 5440 rere
1645 5386 1855 5450 sciebat,

265 5457 319 5511 in
347 5459 584 5512 secunda
617 5456 894 5519 nesciebat,
930 5457 1091 5510 isthic
1130 5468 1314 5510 monet
1363 5458 1416 5509 in
1448 5458 1638 5511 codice
1680 5457 1862 5511 Bello-

264 5530 478 5583 vacensi
509 5529 774 5596 scriptum
808 5541 927 5582 esse
961 5542 1075 5580 vere
1096 5527 1307 5580 sciebat.

341 5609 364 5636 ε
399 5599 510 5668 Ego
539 5615 643 5652 non
693 5597 913 5668 dubito,
947 5597 1089 5668 quin,
1122 5597 1433 5652 emendatio
1464 5597 1708 5652 virorum
1737 5597 1866 5651 doc-

269 5667 640 5733 tissimorum,
695 5669 784 5733 qui
829 5667 918 5722 hic
973 5667 1264 5722 ediderunt
1309 5684 1423 5721 eum
1491 5669 1863 5735 immortalem,

270 5741 414 5796 bona
445 5740 537 5794 sit.
570 5740 765 5794 Verum
794 5754 984 5792 omnes
1007 5740 1127 5793 libri
1159 5749 1485 5808 repugnant.

349 5809 368 5847 ί
427 5811 500 5864 Ita
544 5810 713 5864 codex
767 5808 1076 5864 Vaticanus.
1125 5811 1193 5863 At
1244 5810 1652 5863 Bellovucensis
1714 5809 1876 5865 habet

275 5881 712 5952 commixtionem.
760 5879 1148 5952 Henricusdc
1199 5879 1361 5935 Noris
1416 5890 1616 5952 putans
1671 5880 1877 5952 aliquid

276 5952 467 6006 deesse
490 5951 543 6004 in
575 5949 675 6003 hac
703 5951 842 6014 loco,
870 5949 1081 6003 addidit
1103 5965 1292 6005 vocem
1325 5949 1540 6020 peccati.
1570 5949 1683 6020 Ego
1721 5949 1877 6004 facile

1959 5027 2284 5086 crediderim
2315 5023 2599 5097 legendum
2629 5042 2750 5083 esse
2773 5032 3152 5085 comestionem.

2034 5110 2059 5146 ε
2090 5098 2385 5167 Sequenda
2408 5112 2514 5151 non
2533 5107 2747 5153 exstant
2774 5100 2824 5152 in
2848 5102 3085 5156 editione
3109 5102 3312 5158 Italica.
3331 5103 3559 5160 Additus

1964 5179 2053 5226 est
2083 5177 2262 5223 autem
2297 5169 2484 5222 titulus
2513 5169 2616 5224 iste
2647 5185 2715 5224 ex
2753 5172 2939 5227 codice
2969 5173 3250 5239 Vaticano,
3285 5190 3406 5230 cum
3452 5193 3557 5231 non

1971 5243 2234 5296 la'ieatur
2281 5240 2336 5293 in
2381 5239 2772 5296 Bellovacensi.
2795 5243 2865 5297 Et
2891 5255 3067 5300 tamen
3091 5245 3393 5302 Garnerius
3422 5247 3564 5303 hunc

1970 5313 2184 5386 li.ulum
2217 5311 2400 5386 pos_u_it
2427 5322 2694 5386 tamquam
2724 5322 2968 5386 exstaret
2999 5317 3050 5370 in
3084 5317 3322 5386 antiquis
3375 5334 3559 5372 exem-

1966 5383 2248 5457 plarilius_:
2281 5381 2812 5457 Ejusdent_Tlieodori
2836 5401 2898 5438 ex
2925 5388 3028 5440 alio
3052 5381 3294 5457 quapiam
3322 5390 3453 5442 libro
3473 5391 3568 5442 ad-

1975 5470 2181 5530 versus_
2198 5451 2480 5506 Dominum
2517 5451 2698 5530 Iesum
2735 5456 3013 5530 Christum,
3037 5451 3083 5510 et
3115 5451 3230 5530 ejus
3251 5461 3568 5514 incarnatio-

1978 5542 2110 5599 nem.
2142 5525 2206 5599 [ἐς
2239 5539 2362 5599 mox
2396 5533 2616 5578 aunotat
2645 5525 2816 5579 libros
2844 5528 2973 5579 istas
3004 5525 3312 5594 posti-emus
3344 5532 3568 5599 inscrip-

1975 5598 2113 5673 sisse
2143 5594 2489 5673 Theodorum
2517 5600 2639 5673 napi
2665 5599 3092 5673 ἐνανθρῳπήσεως
3121 5605 3219 5673 τοῦ
3249 5594 3567 5673 μονογενοὶἷς,

1979 5667 2072 5722 sed
2095 5669 2220 5737 quia
2256 5666 2308 5720 in
2339 5666 2423 5719 liis
2443 5666 2596 5739 rem;
2622 5666 3003 5739 incarnationis
3035 5669 3170 5721 ratio
3199 5666 3305 5723 non
3350 5666 3571 5739 exponi-4

1982 5749 2088 5802 tur,
2135 5739 2230 5792 sed
2283 5738 2567 5797 evertitur,
2622 5738 2874 5790 maluisse
2919 5737 3271 5794 Mercatoreni
3330 5737 3570 5799 adversus

1988 5808 2292 5866 Dominum.
2329 5817 2375 5860 et
2404 5811 2515 5878 ejus
2538 5807 2936 5860 incarnationem
2966 5809 3225 5866 scribere.
3261 5812 3404 5868 Istud
3437 5830 3567 5871 vero

1988 5894 2174 5953 \‘Clllltl
2207 5896 2310 5932 non
2341 5878 2873 5953 essee\'i_ncit-}'erus
2896 5879 3081 5935 titulus
3115 5886 3390 5953 sequentis
3422 5885 3566 5950 irae-

1987 5949 2155 6003 menti
2179 5957 2364 6002 erutus
2387 5961 2449 6001 cx
2482 5945 2666 6001 codice
2688 5943 2961 6003 Vaticano.
