4054 6328
140 346 259 411 597
692 418 695 419 ν
1094 351 1298 409 LIBER
1340 352 1427 408 DE
1467 350 1650 411 VIRIS
1689 350 2170 414 ILLUSTRIBUS.
2212 358 2610 416 ADMONITIO.
3384 360 3489 421 598
3588 396 3593 401 ι

132 466 209 520 ad
242 467 662 526 irrationabilia
700 469 1019 536 haberemus,
1061 470 1327 540 proprium
1374 469 1649 526 nescientes
1694 470 1778 527 bo-
1808 480 1859 538 Α
1886 491 2184 547 gravamen,
2224 475 2818 546 impassibilitatemnon
2847 477 3184 535 mirabamur.
3235 477 3490 552 Compen-

132 578 299 617 rtum.
336 561 678 635 Ignorantes
719 566 853 619 enim
897 563 1305 633 mutabilitatem,
1350 563 1784 620 intmutabilitatis
1892 565 2033 623 diose
2058 566 2249 633 dicere,
2286 585 2349 623 ne
2387 567 2599 645 longum
2624 586 2909 626 sermonem
2959 573 3186 643 facium:
3213 574 3489 633 nescientes

132 654 551 724 ignorabamus
580 656 801 711 bonum:
840 656 1115 712 nescientes
1145 664 1385 723 mortem,
1422 656 1787 712 immortalita-
1894 658 2146 713 malorum
2172 660 2595 732 experimentum,
2626 660 2874 716 bonorum
2904 662 3112 719 illorum
3147 680 3251 718 non
3286 674 3497 734 poterit.

135 744 205 800 tis
229 744 467 799 lucrum
497 748 850 803 nesciebamus
876 766 894 802 .·
928 750 1224 822 ignorantes
1252 750 1653 818 corruptionem,
1686 768 1787 805 non
1895 766 2006 804 mus
2036 750 2300 806 scientiam
2331 752 2531 806 mereri.
2572 772 2590 804 ι

135 833 521 893 laudabamus
584 836 1024 909 incorruptionem
1065 857 1084 893 :
1146 840 1429 894 nescientes
1486 840 1787 912 passionum

172 967 3488 996 —————-—-—_——_————_———————_m

283 1103 415 1182 IN
502 1110 743 1200 SEQ.
830 1110 1267 1186 LIBRUM
1348 1114 1488 1186 DE
1563 1113 1847 1190 VIBIS
1917 1112 2622 1191 lLLUSTBIBUS
2697 1112 3384 1198 ADMONITIO.’

1637 1272 2040 1293 ﬂ

215 1402 343 1460 Hoc
376 1406 539 1463 libro
562 1407 630 1466 de
648 1408 951 1469 Illustribus
979 1412 1121 1467 Viris
1140 1413 1255 1469 sive
1282 1411 1423 1484 apud
1448 1411 1629 1482 ipsum
1659 1408 2079 1482 Hieronymum,
2107 1413 2225 1469 sive
2245 1414 2385 1485 apud
2408 1416 2546 1470 alios
2571 1424 2784 1473 veteres
2805 1415 3122 1486 scriptores,
3148 1413 3285 1470 nihil
3306 1412 3479 1469 ferme

133 1500 493 1569 praeclarius
528 1512 614 1559 est
645 1518 707 1559 ac
735 1504 1031 1563 celebrius.
1063 1507 1139 1563 De
1169 1508 1352 1577 operis
1377 1507 1614 1562 utilitate
1645 1505 1764 1575 ipse
1790 1505 1896 1563 sibi
1929 1506 2202 1577 placuisse
2229 1508 2609 1565 sanctissimus
2633 1511 2840 1565 Auctor
2868 1506 3137 1573 videatur,
3168 1505 3313 1577 quod
3336 1505 3391 1561 iu
3422 1504 3486 1560 li-

140 1593 282 1659 bris,
319 1610 479 1666 quos
514 1596 750 1653 subinde
779 1600 1143 1669 elucubravit,
1176 1599 1469 1658 mentionis
1515 1600 1584 1657 de
1626 1599 1717 1656 illo
1746 1600 2054 1672 injicieudte
2084 1601 2383 1661 lectoribus
2408 1605 2523 1660 suis
2560 1604 2910 1660 occasionem
2945 1604 3151 1659 nullam
3204 1616 3311 1656 non
3343 1598 3485 1654 arri-

138 1686 362 1753 puerit.
402 1686 616 1742 Statim
648 1689 717 1744 ab
747 1705 812 1746 eo
843 1692 1064 1762 scripsit
1092 1704 1285 1751 contra
1315 1695 1686 1764 Jovinianum,
1715 1713 1948 1769 cumque
1968 1697 2035 1753 de
2056 1696 2269 1753 Joanne
2284 1712 2470 1754 sermo
2491 1698 2792 1762 incidisset,
2815 1696 2961 1768 quod
2986 1712 3157 1767 usque
3183 1694 3250 1750 ad
3270 1693 3491 1763 Traiani

139 1774 362 1833 vixerit
398 1780 733 1849 imperium,
767 1782 819 1837 id
858 1792 945 1839 est
972 1794 1094 1852 post
1122 1788 1433 1856 passionem
1464 1786 1683 1845 Domini
1712 1789 2059 1860 sexagesimo
2084 1798 2279 1845 octavo
2303 1803 2450 1844 anno
2482 1787 2791 1856 dormierit,
2818 1786 2935 1842 Hoc
2960 1798 3006 1843 et
3047 1802 3162 1851 nos,
3188 1784 3386 1855 inquit,
3433 1784 3489 1839 iu

139 1870 278 1923 libro
314 1869 387 1925 de
422 1869 749 1927 IlluSIribus
798 1871 940 1929 Viris
971 1875 1191 1931 breviter
1236 1878 1658 1947 perstrinximus.
1692 1879 1862 1934 Paulo
1892 1886 2037 1950 post,
2071 1878 2234 1948 epist.
2270 1877 2361 1944 47,
2414 1877 2480 1932 ad
2523 1876 2866 1932 Desiderium
2896 1894 2910 1929 :
2944 1875 3151 1944 Scripsi
3182 1874 3374 1929 librum
3420 1873 3486 1931 de

138 1957 492 2016 lllustribus
521 1958 669 2017 Viris
713 1962 777 2015 ab
826 1964 1089 2036 Apostolis
1132 1983 1295 2033 usque
1320 1968 1388 2021 ad
1418 1978 1650 2025 nostram
1696 1978 1918 2037 (etatem,
1951 1969 2182 2025 imitatus
2213 1967 2602 2038 Tranquillum,
2646 1968 2986 2038 Greecumque
3022 1966 3366 2035 Apollonium
3388 1979 3408 2019 :
3437 1975 3490 2021 et

131 2063 258 2123 post
294 2051 644 2126 Catalogum
674 2057 1049 2127 plurimorum,
1074 2075 1152 2113 me
1168 2075 1371 2129 quoque
1398 2061 1451 2114 in
1474 2060 1615 2114 calce
1637 2059 1917 2117 voluminis
1942 2062 2089 2133 quasi
2115 2061 2399 2115 abortivum
2430 2070 2475 2113 et
2502 2060 2776 2114 minimum
2813 2060 3047 2112 omnium
3075 2056 3489 2112 Christianorum

134 2136 302 2215 posui
338 2160 361 2210 ;
396 2146 497 2200 ubi
532 2146 656 2200 mihi
688 2164 897 2201 necesse
941 2150 1038 2219 fuit
1068 2165 1229 2217 usque
1259 2151 1327 2204 ad
1355 2150 1613 2205 decimum
1642 2161 1887 2221 quartum
1924 2167 2119 2209 annum
2150 2149 2429 2209 Theodosii
2475 2151 2727 2222 principis
2755 2150 2881 2221 quid
2925 2149 3245 2222 scripserim,
3277 2149 3496 2203 breviter

128 2248 442 2293 annotare.
480 2236 642 2292 Paria
676 2239 839 2293 habet
868 2241 918 2293 in
952 2238 1278 2297 Prmlatinne
1318 2237 1854 2298 Commentariorum
1887 2244 1938 2298 in
1969 2242 2198 2298 Jouam:
2242 2243 2296 2298 in
2329 2243 2469 2297 libro
2496 2251 2680 2297 autem
2708 2239 2951 2299 secundo
2986 2250 3174 2297 contra
3229 2239 3487 2297 Ruﬁnum

133 2343 285 2384 sane
316 2327 693 2387 luculenter:
727 2329 859 2385 Ante
886 2345 1049 2383 annos
1081 2334 1242 2401 ferme
1268 2332 1445 2385 decem
1470 2347 1587 2385 cum
1617 2330 1811 2386 Dexter
1838 2339 2035 2385 amicus
2064 2347 2230 2397 meus,
2256 2333 2343 2403 qui
2377 2329 2753 2399 Prwfecturam
2786 2329 3169 2385 administravit
3212 2329 3485 2398 Pretorii,

135 2438 223 2475 me
250 2431 544 2494 rogasset,
570 2431 623 2475 ut
654 2416 937 2477 Auctorum
966 2432 1156 2478 nostra:
1180 2423 1471 2497 Religionis
1502 2427 1546 2481 ei
1574 2426 1795 2481 indicem
1822 2434 2067 2490 tererem,
2100 2425 2233 2480 inter
2257 2433 2470 2481 crateras
2498 2432 2804 2478 tractatores
2829 2422 2980 2493 posui
3005 2431 3052 2479 et
3076 2420 3216 2481 hunc
3244 2421 3433 2478 librum
3455 2438 3489 2487 α

144 2511 456 2585 Pamphilo
486 2513 703 2580 editum,
733 2526 842 2570 etc.

215 2606 276 2663 2.
326 2604 524 2677 Ipsam
568 2622 731 2678 quam
764 2605 982 2664 fecisset
1009 2605 1153 2664 libro
1179 2606 1619 2678 inscriptionem,
1653 2623 1840 2682 quasve
1868 2609 1988 2681 ejus
2018 2616 2166 2664 esset
2207 2603 2614 2678 quodammodo
2643 2602 2882 2671 indoles,
2908 2604 3100 2661 sedulo
3126 2604 3193 2660 ad
3222 2605 3489 2677 Augusti-

150 2716 284 2755 num
312 2698 563 2772 epistola
594 2698 696 2754 ll?
724 2698 1034 2756 rescribens
1056 2699 1237 2755 docet.
1270 2694 1417 2754 Dicis
1440 2700 1698 2770 accepisse
1727 2710 1775 2755 te
1801 2698 1991 2754 librum
2036 2714 2201 2752 meum
2219 2714 2251 2750 a
2276 2694 2503 2767 quodam
2533 2693 2718 2765 fratre,
2751 2694 2840 2766 qui
2871 2693 3080 2749 titulum
3108 2710 3212 2753 non
3258 2694 3494 2763 haberet,

150 2794 205 2846 in
222 2808 332 2864 quo
368 2788 678 2864 Scriptores
708 2788 1108 2846 Ecclesiasticos
1129 2800 1235 2849 tam
1256 2786 1467 2847 ercos
1492 2809 1645 2863 quam
1674 2785 1889 2846 Latinos
1916 2788 2326 2846 enumeraverim
2373 2806 2391 2842 :
2421 2803 2638 2859 cumque
2660 2787 2723 2840 ab
2753 2802 2811 2839 eo
2833 2802 3113 2858 quaereres,
3132 2797 3186 2843 ut
3200 2788 3304 2847 tuis
3326 2786 3492 2845 verbis

156 2895 304 2951 utar,
345 2899 446 2937 cur
477 2880 737 2937 liminnris
764 2884 957 2957 pagina
989 2901 1091 2938 non
1120 2897 1247 2940 esset
1274 2886 1546 2958 inscripta,
1577 2887 1654 2940 vel
1679 2901 1780 2956 quo
1812 2892 2103 2939 censeretur
2133 2882 2358 2947 nomine,
2390 2879 2719 2952 respondisse
2739 2877 2996 2952 appellari
3026 2879 3400 2949 Epitaphium,
3443 2887 3493 2937 et

155 2976 563 3051 argumentaris
588 2974 727 3047 quod
756 2986 891 3031 recte
915 2976 986 3031 sic
1010 2988 1297 3046 vocaretur,
1326 2980 1371 3033 si
1399 2994 1579 3032 eorum
1606 2988 1805 3033 tantum
1835 2978 1914 3032 vel
1945 2977 2074 3034 vitas
2102 2975 2179 3029 vel
2210 2975 2404 3045 scripta
2431 2974 2505 3029 ibi
2535 2974 2765 3046 legisses,
2790 2974 2875 3043 qui
2888 2974 3009 3042 jam
3038 2972 3268 3044 defuncti
3297 2981 3492 3038 essent,

157 3088 276 3126 cum
308 3087 438 3125 vero
469 3068 759 3123 multorum
786 3081 833 3125 et
863 3087 920 3125 eo
946 3082 1170 3139 tempore
1194 3089 1293 3143 quo
1323 3071 1661 3139 scribebatur,
1692 3082 1737 3127 et
1768 3088 1906 3127 nunc
1935 3087 2093 3141 usque
2118 3067 2393 3123 viventium
2419 3073 2880 3121 commemorentur
2906 3062 3182 3136 apuscula,
3210 3063 3392 3121 mirari
3414 3072 3490 3130 te,

158 3180 252 3218 cur
279 3164 329 3219 ei
357 3163 512 3218 hunc
537 3162 743 3218 titulum
768 3164 1121 3231 imposuerint.
1157 3160 1291 3217 Puto
1322 3164 1604 3235 intelligere
1631 3163 1957 3234 prudentiam
1984 3160 2298 3231 tuam,quod
2316 3175 2379 3215 ex
2396 3173 2548 3228 opere
2573 3156 2687 3228 ipso
2702 3156 2914 3211 titulum
2931 3154 3158 3226 potueris
3182 3144 3494 3226 intelligere.

160 3250 364 3330 Legisti
386 3255 536 3311 enim
563 3266 609 3309 et
639 3252 846 3311 Griecos
873 3267 922 3309 et
949 3254 1185 3323 Latinos,
1211 3258 1295 3327 qui
1323 3258 1454 3312 vitas
1484 3263 1709 3311 virorum
1734 3254 2021 3311 illustrium
2052 3253 2457 3326 descripserunt,
2491 3251 2628 3323 quod
2685 3265 2962 3320 numquam
2992 3247 3343 3319 Epitaphium
3372 3246 3496 3305 huic

164 3350 309 3419 operi
358 3350 751 3421 inscripserint,
791 3346 883 3403 sed
917 3349 979 3403 de
1008 3344 1318 3407 Illustribus
1350 3349 1515 3414 Viris,
1549 3348 1685 3404 verbi
1710 3349 1901 3420 gratia,
1924 3347 2178 3414 Ducibus,
2202 3344 2565 3413 Philosophis,
2598 3341 2927 3410 Oratoribus,
2968 3336 3280 3410 Historicis,
3317 3340 3501 3399 Poetis

170 3441 375 3512 Epicis,
404 3440 671 3514 Tragicis,
708 3439 955 3497 Comicis.
990 3443 1338 3514 Epitaphium
1368 3453 1539 3500 autem
1562 3443 1773 3514 proprie
1806 3443 2045 3498 scribitur
2074 3450 2415 3507 mortuorum,
2455 3436 2593 3508 quod
2636 3438 2847 3510 quidem
2878 3440 2930 3494 in
2961 3438 3269 3493 dormitione
3300 3445 3498 3493 sancte

167 3535 437 3591 memoria:
474 3528 770 3604 Nepotiani
798 3532 1097 3605 Presbyteri
1119 3536 1241 3589 olim
1266 3538 1449 3607 fecisse
1472 3552 1553 3592 me
1596 3537 1734 3589 novi.
1758 3532 1902 3608 Ergo
1932 3536 2014 3590 hic
2042 3536 2167 3590 liber
2195 3535 2273 3590 vel
2299 3534 2361 3589 de
2392 3532 2699 3590 lllustribus
2724 3529 2891 3598 Viris,
2919 3532 3000 3587 vel
3023 3532 3235 3602 proprie
3261 3531 3326 3587 de
3346 3530 3495 3588 Serio

169 3628 424 3697 pluribus
460 3625 873 3686 Ecclesiasticis
894 3626 1244 3698 appellandus
1267 3640 1340 3684 est
1369 3645 1385 3683 :
1413 3630 1533 3683 licet
1555 3645 1585 3681 a
1608 3622 1868 3699 plerisque
1894 3628 2309 3684 emendatoribus
2336 3625 2591 3697 imperitis
2621 3625 2684 3681 de
2728 3625 3056 3683 Auctoribus
3076 3626 3282 3679 dicatur
3306 3624 3499 3681 inscri-

171 3731 312 3791 ptus.
335 3719 462 3778 Jam
504 3720 682 3791 itaque
707 3719 833 3774 audi
864 3720 988 3790 quid
1019 3720 1353 3790 Augustinus
1377 3728 1638 3789 praeterea
1670 3718 1739 3773 ab
1760 3733 1825 3781 eo
1844 3719 2143 3789 praestitum
2172 3716 2433 3773 voluisset
2457 3714 2633 3785 Epist.
2666 3716 2807 3771 inter
2830 3714 3284 3786 Hieronymianas
3303 3711 3397 3768 67.
3426 3712 3499 3773 In

175 3812 331 3883 libro,
362 3813 570 3885 inquit,
604 3830 702 3883 quo
725 3824 956 3879 cunctas,
983 3829 1208 3884 quorum
1230 3813 1520 3867 meminisse
1540 3811 1771 3882 potuisti,
1806 3810 2095 3884 Scriptores
2151 3809 2538 3871 Ecclesiasticos
2558 3817 2607 3861 et
2634 3824 2811 3870 eorum
2837 3807 3033 3875 scripta
3060 3806 3499 3885 commemoraui,

173 3908 530 3978 commodius,
567 3919 622 3963 ut
641 3910 869 3963 arbitror
887 3908 1055 3980 ﬁeret,
1086 3909 1130 3962 si
1163 3908 1442 3963 nominatis
1470 3908 1554 3975 iis,
1579 3921 1707 3975 quos
1720 3903 2017 3960 hazresiotas
2044 3922 2157 3959 esse
2180 3905 2315 3959 nosti
2339 3905 2362 3975 (
2389 3903 2598 3976 quando
2630 3918 2693 3956 ne
2716 3902 2855 3967 ipsos
2873 3899 3083 3972 quidem
3104 3900 3501 3975 prtelermittere

176 4003 455 4077 volueris),
499 4003 835 4077 subjungeres
858 4001 1013 4055 etiam
1032 4002 1088 4055 in
1116 4001 1298 4070 quibus
1326 3998 1541 4053 cavendi
1572 4004 1739 4051 essent
1764 4011 1783 4049 :
1812 4012 2121 4067 quamquam
2147 3995 2428 4057 nonnullos
2454 3994 2613 4053 etiam
2641 3992 2975 4061 prceterieris,
3007 3987 3148 4062 quod
3166 3988 3301 4055 scire
3336 4006 3502 4075 rupe.

181 4112 286 4152 rem
314 4109 419 4169 quo
452 4098 677 4152 consilio
701 4100 895 4167 factum
918 4095 1004 4150 sit.
1036 4094 1136 4149 Aut
1166 4094 1209 4147 si
1240 4092 1369 4146 illud
1396 4092 1635 4145 volumen
1665 4093 1799 4160 forte
1844 4100 2057 4141 onerare
2110 4085 2347 4153 noluisti,
2380 4097 2436 4141 ut
2463 4084 2875 4139 commemoratis
2904 4082 3183 4148 hcereticis,
3213 4097 3314 4137 non
3338 4082 3501 4141 addc-

181 4201 281 4255 res,
317 4189 372 4243 in
400 4188 595 4259 quibus
626 4202 711 4239 eos
740 4183 1007 4239 Catholica
1038 4182 1299 4237 damnavit
1330 4180 1615 4238 auctoritas
1639 4195 1658 4233 :
1681 4188 1800 4249 peto
1828 4192 1892 4230 ne
1923 4188 2078 4248 grave
2114 4177 2181 4231 sit
2209 4174 2435 4230 litterato
2464 4174 2633 4230 labori
2664 4184 2771 4238 tuo,
2803 4189 2904 4242 quo
2929 4189 3035 4228 non
3058 4174 3384 4227 mediocriter
3404 4189 3499 4246 per

186 4277 397 4333 Domini
433 4276 531 4333 Dei
554 4277 715 4334 nostri
732 4278 956 4349 gratiam
986 4277 1038 4330 in
1061 4275 1247 4330 Latina
1274 4270 1451 4346 lingua
1477 4281 1773 4326 sanctorum
1798 4270 1968 4328 studia
1997 4279 2044 4324 et
2062 4269 2343 4327 accendisti
2370 4278 2420 4325 et
2450 4270 2719 4342 adjuvistl,
2750 4266 2805 4321 id
2826 4266 2963 4337 quod
2989 4266 3082 4320 tibi
3108 4282 3203 4335 per
3229 4266 3508 4326 humilita-

188 4378 285 4423 tem
334 4387 506 4427 meam
531 4373 768 4439 fraterna
795 4368 1021 4423 charitas
1064 4367 1270 4429 indicit,
1303 4376 1356 4420 ut
1380 4367 1423 4418 si
1451 4364 1813 4433 occupationes
1843 4373 1942 4419 tua:
1960 4362 2161 4431 sinunt,
2186 4363 2414 4417 omnium
2442 4362 2804 4418 haereticorum
2847 4375 3086 4431 perversa
3110 4359 3377 4429 dogmata,
3410 4361 3505 4429 qui

190 4461 558 4517 rectitudinem
586 4459 714 4529 ﬁdei
745 4459 1059 4513 Christiana:
1079 4459 1257 4527 utique
1278 4455 1345 4508 ad
1373 4455 1470 4511 hoc
1496 4466 1693 4528 tempus
1720 4456 1796 4511 vel
1822 4456 2165 4527 impudentia,
2199 4456 2277 4511 vel
2303 4452 2589 4523 imperitia,
2617 4453 2999 4520 velpertinacie
3025 4451 3306 4523 depravare
3331 4454 3504 4509 conati

194 4558 339 4618 sunt,
364 4567 468 4604 uno
488 4548 667 4609 libello
696 4549 910 4605 breviter
939 4548 1141 4620 digesta
1171 4545 1293 4601 edas
1314 4546 1366 4599 in
1390 4546 1625 4599 notitiam
1649 4562 1850 4615 eorum,
1873 4547 2055 4617 quibus
2083 4556 2174 4601 aut
2198 4562 2301 4605 non
2323 4555 2467 4603 vacat
2488 4555 2700 4618 propter
2720 4544 2827 4600 alia
2846 4544 3068 4616 negotia,
3092 4554 3182 4605 aut
3202 4561 3305 4605 non
3329 4544 3507 4601 valent

194 4649 407 4710 propter
435 4642 658 4696 alienam
687 4641 914 4712 linguam
943 4650 1050 4697 tam
1074 4640 1232 4696 multa
1254 4640 1419 4711 legere
1446 4648 1600 4709 atque
1616 4655 1947 4709 cognoscere.

268 4733 322 4789 5.
368 4734 542 4792 Porro
568 4735 793 4791 aliorum
828 4734 1136 4791 testimonia
1186 4746 1509 4802 percensere
1560 4733 1605 4787 si
1651 4734 1838 4802 velim,
1894 4734 2105 4804 longior
2152 4736 2278 4791 sim.
2322 4735 2640 4792 Gennadius
2687 4736 2942 4791 eumdem
2991 4734 3239 4791 laborem
3284 4735 3356 4792 ad
3402 4749 3509 4792 suo

200 4831 444 4895 tetnpora
465 4835 784 4898 persecutus
811 4825 1135 4896 cognomine
1166 4824 1305 4880 libro
1329 4839 1449 4894 cap.
1478 4824 1531 4891 l,
1555 4825 1623 4879 de
1642 4823 1850 4880 Jacobo
1866 4825 2121 4885 Nisibeno
2147 4842 2337 4898 agens,
2360 4829 2519 4896 hunc,
2541 4829 2736 4893 inquit,
2759 4827 2925 4880 virum
2944 4827 3121 4882 beatus
3148 4826 3508 4899 Hieronymus

204 4917 253 4972 in
283 4919 411 4976 libro
437 4928 691 4998 Χρονικῶν
725 4922 865 4977 velut
908 4936 1211 4994 magnarum
1239 4924 1483 4974 virtutum
1512 4919 1768 4975 hominem
1792 4919 2056 4986 nominat;
2084 4936 2177 4974 cur
2202 4921 2259 4974 in
2304 4918 2564 4987 Catalogo
2591 4918 2904 4977 Scribarum
2937 4936 3040 4975 non
3070 4921 3324 4993 posuerit,
3352 4920 3512 4991 facile

203 5014 541 5080 excusabitur,
572 5023 659 5069 etc
689 5054 707 5079 ,
732 5028 851 5083 quae
874 5012 1011 5069 infra
1037 5027 1137 5069 suo
1169 5013 1289 5069 loco
1323 5011 1717 5081 expendemus.
1744 5010 2032 5071 Focundus
2066 5012 2475 5069 Hermianensis
2520 5013 2615 5068 lib.
2648 5029 2698 5068 Vl
2731 5012 3069 5070 delensionis
3094 5014 3259 5070 trium
3285 5011 3512 5084 Capitu-

206 5097 376 5157 lorum
404 5119 527 5174 cap.
559 5105 596 5159 2
622 5122 636 5162 :
671 5104 1023 5176 Hieronymus
1062 5115 1253 5173 noster,
1283 5105 1357 5159 vir
1385 5105 1667 5161 admodum
1694 5106 1896 5173 doctus,
1928 5107 2017 5170 qui
2041 5107 2195 5163 etiam
2241 5116 2397 5161 tanta
2442 5106 2612 5177 fuerat
2633 5108 2887 5177 lectionis,
2912 5118 2967 5165 ut
3003 5125 3199 5176 omnes,
3251 5117 3345 5163 aut
3382 5122 3513 5177 pene

210 5208 397 5263 omnes,
428 5199 532 5254 sive
561 5199 612 5253 in
637 5196 842 5263 Greco,
883 5199 988 5254 sive
1009 5197 1061 5251 in
1092 5197 1279 5253 Latino
1304 5196 1509 5267 eloquio
1535 5197 1830 5253 divinarum
1866 5195 2258 5267 Scripturarum
2297 5206 2606 5254 tractatores
2632 5198 2845 5271 legeret,
2872 5200 3082 5271 scripsit
3103 5198 3315 5266 ltbrum,
3362 5199 3516 5270 cuitu

210 5301 279 5343 est
304 5292 481 5348 titulus
508 5293 574 5348 de
609 5293 750 5350 Viris
792 5292 1097 5349 lllustribus
1115 5332 1131 5359 ,
1159 5294 1215 5348 in
1244 5308 1345 5362 quo
1375 5308 1478 5349 non
1511 5293 1680 5346 solum
1726 5290 2030 5359 catholicos,
2055 5294 2144 5348 sed
2169 5292 2323 5347 etiam
2368 5293 2633 5348 hereticos
2662 5296 2982 5361 memoruit,
3011 5296 3103 5366 qui
3129 5294 3196 5348 de
3223 5292 3520 5357 Scripturis

211 5383 390 5439 sanctis
418 5385 473 5440 in
506 5394 721 5454 utraque
764 5384 944 5453 lingua
963 5382 1161 5449 aliquid
1185 5383 1599 5451 conscripserunt
1620 5397 1639 5437 :
1660 5397 1760 5436 non
1791 5382 1950 5435 tacuit
1978 5382 2066 5452 qui
2102 5381 2355 5437 htzresum
2380 5383 2571 5454 fuerint
2596 5386 2909 5449 conditores,
2938 5386 3085 5454 quive
3108 5392 3411 5447 assertores,
3434 5381 3515 5435 vel

213 5475 295 5542 qui
320 5478 472 5530 etiam
497 5494 530 5529 a
553 5476 861 5547 quibusdam
885 5486 937 5529 ut
953 5476 1178 5528 hieretici
1204 5482 1597 5542 accusarentur,
1615 5474 1735 5529 aliis
1760 5483 1940 5528 contra
1963 5474 2373 5545 defendentibus.
2404 5476 2644 5547 Denique
2660 5476 3045 5535 Cassiodorius
3069 5476 3312 5532 Divioar.
3336 5473 3516 5541 ιωιῑι.

216 5575 329 5634 (ιλιι).
363 5568 460 5623 i7:
496 5567 631 5639 Lege
660 5567 851 5621 librum
878 5566 947 5622 de
985 5566 1123 5620 Viris
1149 5565 1457 5621 Illustribus
1486 5566 1543 5619 S.
1576 5565 1914 5638 Hieronymi,
1945 5567 2032 5623 ubi
2061 5569 2291 5624 diversos
2322 5568 2526 5625 labores
2562 5580 2717 5638 atque
2740 5572 2991 5640 opuscula
3018 5584 3200 5625 eorum
3225 5569 3441 5625 breviter
3468 5577 3524 5626 et

219 5654 478 5715 honoravit
498 5669 545 5715 et
575 5660 759 5729 tetigit.
793 5658 999 5727 Quibus
1016 5657 1157 5712 addc
1184 5657 1243 5714 S.
1278 5656 1545 5712 lsidorum
1575 5657 1947 5725 llispalensem
1975 5657 2257 5729 Originum
2291 5660 2384 5715 lib.
2413 5676 2464 5715 Vl
2487 5668 2545 5716 et
2568 5660 2750 5730 capite
2763 5660 2819 5716 6.
2848 5660 3221 5717 Marcellinum
3250 5659 3519 5718 (limitem

224 5746 274 5801 in
302 5748 596 5817 Chronico,
622 5750 887 5809 Joannem
921 5747 1382 5806 Sarlsberiensem
1410 5752 1571 5819 epist.
1605 5746 1730 5812 172,
1755 5746 2001 5819 aliosque
2024 5751 2229 5808 secutis
2255 5749 2594 5818 temporibus
2616 5764 2789 5819 prope
2817 5750 3159 5808 innumeros.

324 5844 374 5900 ι.
417 5845 639 5901 Factum
679 5859 744 5899 ex
778 5842 878 5921 hac
910 5843 1023 5913 ipsa
1062 5844 1243 5914 operis
1287 5841 1623 5909 celebritate,
1659 5849 1717 5894 ut
1766 5841 1985 5897 meliore
2013 5842 2173 5898 etiam
2217 5842 2425 5897 lortuna
2459 5855 2618 5912 quam
2670 5841 2857 5916 reliqui
2900 5857 3089 5900 omnes
3117 5837 3532 5917 Hieronymiaul
