4022 6380
1346 100 1401 101 Ῠγγ

152 369 255 431 θοι
1288 377 1495 435 LIBER
1531 378 1623 436 DE
1658 378 1837 438 VIRIS
1876 379 2353 439 ILLUSTRIBUS.
3365 383 3471 442 (ἱὒῖ

75 489 83 543 ἐ
153 486 326 544 dabili
375 488 656 560 diligentia
696 506 934 563 nuperus
962 492 1139 549 editor
1164 495 1557 563 Amburgensis
1603 505 1731 552 ante
1760 509 1861 551 nos
1889 498 2161 568 praestitit,
2206 498 2278 552 ita
2312 499 2485 568 ipsum
2516 497 2833 572 Hieronymi
2883 507 3094 557 textum
3129 500 3473 569 excudimus,

78 592 79 595 ‘
155 588 213 635 ut
231 582 452 651 quoties
481 583 574 637 ille
599 582 788 639 Grarca
816 586 1035 640 Eusebii
1057 586 1221 642 verba
1265 587 1319 642 in
1344 588 1447 643 hoc
1473 588 1790 644 adornando
1820 603 1987 661 opere
2025 592 2306 648 transtulit
2335 593 2386 647 in
2414 591 2687 661 Latinum,
2712 603 2804 648 aut
2832 603 2983 649 certe
3023 608 3212 664 parum
3256 595 3325 650 ab
3363 595 3480 665 ejus

77 682 81 707 τ
150 676 404 746 ve~tigiis
433 677 705 745 discessit,
755 681 855 749 ipsi
904 680 1071 736 textui
1100 696 1164 737 es
1197 683 1364 738 altera
1395 694 1550 754 parte
1581 687 1935 742 sociaremus.
1968 686 2185 741 Excuso
2212 686 2473 756 Catalogo
2515 687 2651 741 duas
2693 686 3039 758 Appendices
3081 687 3477 756 sabaei-timus,

155 785 382 839 quarum
411 771 579 826 altera
612 772 702 826 illa
733 785 815 827 eSt
843 774 907 827 de
944 772 1073 829 Vitis
1099 776 1491 844 Apostolorum,
1530 792 1691 847 quam
1737 777 1983 833 Versioni
2010 778 2215 833 Graecae
2244 778 2346 833 sub
2372 777 2659 845 Snphronii
2690 781 2910 833 nomine
2942 779 2994 832 in
3027 794 3128 833 suo
3152 794 3255 834 ms.
3284 777 3474 834 codice

156 863 417 920 Erasmus
447 864 672 933 reperit,
697 872 752 919 et
789 864 979 921 Latine
1009 876 1096 922 est
1123 867 1534 937 interpretatus.
1565 868 1746 924 Altera
1786 877 1899 924 tum
1946 869 2276 941 Hieronymo
2304 868 2369 923 de
2407 868 2500 923 XH
2549 866 2867 923 Doctoribus
2891 869 2959 923 ad
2986 866 3337 937 Desiderium,
3369 882 3481 924 tum

153 956 311 1013 Beda:
342 958 409 1011 de
439 956 807 1011 Luminaribus
834 956 1084 1013 Ecclesia
1107 958 1444 1015 inscribitur.
1477 966 1654 1031 Atque
1679 962 1793 1016 lucc
1818 962 2040 1031 quidem
2072 963 2205 1018 satis
2232 963 2415 1032 inepta
2464 962 2927 1019 lncubratinncula
2954 970 3060 1030 est,
3091 972 3147 1018 ut
3174 963 3225 1017 in
3256 962 3479 1033 prmﬁxa

153 1066 387 1107 censura
417 1052 956 1121 animadvertemus;
982 1055 1079 1111 sed
1108 1057 1285 1110 omitti
1318 1058 1466 1112 nullo
1498 1066 1654 1128 pacto
1680 1057 1887 1126 debuit,
1917 1074 1987 1113 ne
2016 1058 2143 1129 quid
2176 1058 2348 1114 lector
2374 1065 2468 1112 aut
2486 1057 2750 1125 eruditus,
2779 1068 2870 1112 aut
2899 1057 3227 1123 ineruditus,
3258 1057 3473 1114 deside-

152 1157 318 1202 raret.
343 1146 691 1202 Gennadium
715 1157 909 1218 quarto
930 1149 1052 1205 loco
1077 1148 1292 1217 damus,
1325 1150 1418 1220 qui
1443 1150 1502 1205 S.
1561 1150 1736 1205 Patris
1778 1149 2092 1220 Catalogum
2145 1150 2514 1221 prosequitur,
2552 1164 2783 1219 eumque
2821 1150 3027 1219 aliquot
3053 1149 3187 1204 locis
3233 1149 3473 1219 supplet,

148 1239 291 1297 unde
318 1238 751 1311 Hieronymiano
779 1245 929 1310 operi
955 1243 1229 1297 accenseri
1253 1245 1373 1312 jure
1402 1242 1636 1313 quodam
1667 1257 1767 1297 suo
1794 1244 2048 1313 postulat,
2075 1251 2167 1296 aut
2193 1242 2376 1313 potius
2399 1241 2468 1296 ab
2493 1256 2582 1308 ea,
2610 1256 2770 1311 quam
2802 1241 2853 1295 in
2903 1256 3035 1296 mss.
3065 1250 3120 1296 et
3149 1257 3178 1296 a
3208 1242 3482 1313 plerisque

146 1332 453 1389 editoribus
487 1333 743 1400 obtinuit,
773 1334 903 1389 sede
929 1334 1209 1389 exturbari
1243 1350 1348 1390 non
1378 1336 1601 1405 patitur.
1643 1334 1752 1390 Nos
1780 1334 1899 1403 ejus
1928 1333 2103 1401 gratia
2148 1331 2464 1404 Catalogum
2498 1332 2673 1401 ipsum
2727 1330 3207 1402 l‘lietonymianum
3245 1330 3310 1384 ad
3341 1331 3474 1385 lomi

147 1422 313 1479 ﬁnem
352 1424 706 1490 distulimus,
762 1438 833 1478 ne
865 1439 987 1479 cum
1042 1439 1180 1494 pone
1232 1424 1385 1495 sequi
1415 1424 1729 1480 Gennadius
1769 1424 1901 1479 velit
1941 1426 2140 1480 seriem
2185 1423 2544 1493 scriptionum
2576 1423 3119 1495 Hieronymianarnm
3160 1423 3481 1492 interrumpi

149 1528 375 1570 necesse
419 1524 590 1570 esset.
647 1514 765 1569 Jam
798 1530 949 1581 vero,
976 1516 1119 1585 quod
1173 1517 1361 1587 quinto
1388 1517 1506 1573 loco
1552 1516 2090 1571 commemorandum
2122 1527 2227 1583 est,
2280 1516 2346 1571 ad
2396 1517 2875 1587 prmstanlissimos
2919 1531 3051 1570 mss.
3105 1514 3324 1571 codices
3366 1514 3483 1573 ha'c

146 1607 330 1661 omnia
354 1606 664 1677 exegimus,
694 1606 965 1675 praecipue
988 1623 1119 1663 vero
1148 1624 1313 1663 unum
1344 1608 1738 1675 Veronensem,
1772 1607 1858 1663 cui
1899 1623 2029 1663 sane
2060 1623 2261 1676 paucos
2290 1624 2444 1679 pares
2467 1609 2789 1679 antiquitate
2819 1618 2873 1663 et
2904 1607 3285 1664 emendatione
3310 1608 3475 1663 velim

147 1695 429 1761 invenias;
464 1703 576 1749 tum
608 1696 838 1750 alterum
867 1696 1307 1765 Cistcrciensem,
1338 1699 1454 1753 sive
1484 1697 1801 1753 Mottastetii
1823 1698 1878 1753 S.
1910 1697 2096 1753 Crucis
2127 1699 2179 1753 in
2207 1700 2511 1755 Jerusalem
2536 1698 2604 1754 de
2627 1698 2773 1755 Urbe
2797 1700 2975 1769 magni
3008 1699 3270 1755 faciendae
3295 1710 3482 1756 vetns-

148 1787 297 1854 tatis,
329 1796 385 1841 et
434 1794 603 1842 notae.
636 1787 848 1842 Addam
892 1788 1221 1857 anensem,
1274 1790 1363 1861 qui
1398 1806 1600 1845 nonum
1653 1789 1911 1846 saeculum
1961 1791 2161 1846 dicitur
2186 1802 2312 1848 ante
2337 1804 2575 1860 vertere,
2615 1808 2677 1847 es
2707 1807 2816 1862 quo
2864 1794 3062 1848 seriem
3111 1794 3473 1864 capitulorum

145 1874 417 1931 Gennadii
448 1878 624 1931 multo
651 1878 721 1932 ab
763 1879 886 1933 aliis
915 1894 1045 1933 mss.
1075 1888 1238 1949 atque
1265 1880 1427 1935 editis
1454 1881 1605 1934 libris
1632 1880 1902 1934 diversam
1929 1881 2146 1950 accepi:
2180 1892 2232 1936 et
2258 1880 2644 1937 Corbeirnsem
2688 1897 2847 1952 quem
2880 1881 3061 1937 laudat
3108 1883 3474 1954 Mabillonius,

144 1973 198 2017 et
215 1966 377 2036 cnjns
406 1966 687 2022 variantes
716 1966 977 2023 lcetiones
1006 1968 1074 2022 ad
1107 1969 1227 2024 libri
1255 1968 1593 2024 Gennadiani
1616 1971 1822 2025 calcem
1850 1971 2202 2027 Martianacus
2254 1973 2503 2027 collocat.
2537 1972 2763 2028 Demum
2804 1988 2924 2043 quae
2963 1990 3030 2029 ex
3068 1974 3190 2030 aliis
3230 1992 3361 2033 mss.
3392 1978 3485 2036 alii

144 2067 269 2111 ante
296 2071 403 2112 nos
430 2056 672 2112 editores
703 2066 913 2125 notant,
945 2058 1331 2129 expendimus,
1368 2070 1422 2115 et
1444 2076 1539 2131 per
1559 2076 1654 2116 eos
1682 2061 1969 2131 aliquando
1998 2062 2313 2132 profecisse,
2349 2074 2535 2135 aperte
2564 2079 2628 2120 ac
2657 2066 2892 2135 ingenue
2919 2065 3267 2124 conﬁtemur.

159 2232 3445 2267 mw

766 2419 909 2533 S.
988 2419 1712 2533 EUSEBII
1786 2419 2866 2533 EIERONYMI

1255 2633 1846 2697 STRIDONENSIS
1887 2635 2382 2698 PRESBYTER]

503 2820 857 2964 “DE
952 2818 1550 2971 VIRIS
1649 2822 3125 2969 ILLUSTBIBUS

1642 3081 1990 3167 LIBER

722 3277 855 3402 ΑΙ)
941 3276 1426 3404 DEXTRUM
1512 3280 2063 3407 PliiETOIilll
2149 3279 2836 3424 PRAEFECTUM.

198 3514 527 3595 Adjuncta
555 3512 853 3576 versione
886 3515 1153 3591 antiqua
1186 3512 1431 3587 Graeca,
1469 3527 1667 3591 quam
1691 3514 1811 3575 sub
1842 3512 2182 3593 SOphronii
2221 3515 2483 3575 nomine
2522 3514 2832 3577 Erasmus
2869 3515 2932 3575 in
2964 3514 3174 3576 lucem
3214 3510 3428 3572 edidit.

1305 3696 2294 3737 ‘=====__..———____——.

1304 3902 1311 3907 ’
1352 3885 2179 3993 PROLOGUS
2204 3951 2239 3989 .

1524 4129 2087 4158 υθ-

224 4331 387 4405 821
421 4329 671 4388 Hortaris
695 4327 723 4367 ι)
772 4342 880 4391 me,
906 4327 1126 4390 Dexter,
1160 4334 1218 4379 ut
1246 4325 1623 4395 Tranquillum
1665 4340 1750 4380 se-

162 4433 351 4491 quens,
400 4422 811 4480 ecclesiasticos
859 4418 1173 4486 Scriptores
1224 4416 1277 4470 in
1311 4417 1560 4471 ordinem
1609 4418 1757 4487 dige-

232 4602 260 4630 ι
309 4594 392 4647 De
432 4594 535 4647 hoc
572 4591 915 4660 Scriptorum
958 4586 1471 4660 Ecclesiasticornm
1512 4588 1768 4659 Catalogo

166 4732 215 4803 in
247 4735 484 4803 epistola
522 4730 589 4786 ad
625 4730 1251 4803 Angustinnnrscripta,
1298 4730 1453 4803 cujus
1512 4732 1765 4785 initium:

171 4800 298 4857 Tres
321 4805 485 4858 simul
512 4800 760 4872 epistolas
782 4845 796 4867 ,
829 4813 936 4857 etc.
970 4801 1137 4863 Dicis,
1174 4802 1346 4870 inqttit
1381 4801 1769 4872 Hieronymus,

168 4878 424 4943 accepisse
463 4886 510 4930 te
547 4876 735 4929 librum
775 4890 943 4927 meum
980 4890 1012 4926 a
1050 4874 1274 4939 quodam
1312 4873 1497 4941 fratre,
1527 4876 1613 4943 qui
1647 4876 1767 4926 titu-

174 4945 275 5015 l_um
304 4963 406 4999 non
435 4949 664 5009 haberet,
696 4947 751 4999 in
797 4962 897 5015 quo
937 4945 1215 5011 scriptores
1258 4946 1634 5015 ecilesrasticos
1666 4954 1771 4997 tam

172 5010 399 5084 Grtecas,
431 5035 587 5089 quam
615 5010 829 5089 Latinos
876 5017 1299 5089 enumeraverint.
1344 5012 1573 5089 Cumque
1613 5016 1676 5068 ab
1715 5032 1773 5069 eo

174 5086 525 5157 qutcreres,'ut
554 5091 658 5142 tuis
684 5086 849 5141 verbis
880 5099 1022 5150 utar,
1055 5101 1146 5138 cur
1170 5087 1421 5139 liminaris
1451 5088 1642 5157 pagina
1674 5102 1774 5138 non

178 5169 298 5211 esset
320 5160 592 5228 inscripta,
619 5159 698 5213 vel
721 5173 824 5227 quo
855 5166 1147 5211 censeretur
1186 5158 1410 5218 nomine,
1448 5158 1777 5228 respuiidisse

178 5176 298 5211 esset
320 5176 592 5228 inscripta,
619 5176 696 5213 vet
721 5176 824 5227 quo
855 5176 1147 5211 censeretur
1186 5176 1410 5218 nomine,
1448 5176 1775 5281 resEonatsse

178 5231 423 5299 appellari
455 5232 825 5299 Epitaphium.
853 5242 901 5282 et
932 5230 1336 5299 argumentaris,
1365 5239 1471 5283 etc.
1572 5247 1660 5299 rgo
1690 5230 1775 5280 hic

182 5296 300 5349 liber
328 5302 406 5355 vel
445 5296 515 5356 ne
554 5296 905 5356 ILLus'rntnus
928 5297 1116 5370 thts,
1145 5300 1220 5351 vel
1259 5301 1468 5370 praprie
1507 5314 1575 5353 ns
1598 5296 1772 5355 SCRI-

184 5377 431 5441 Pjrontsus
471 5374 907 5428 Ecccsstssrims
942 5369 1287 5441 appellandus
1313 5369 1389 5422 est
1420 5386 1437 5423 :
1466 5371 1643 5441 liceta
1665 5372 1776 5441 ple-

181 5436 347 5506 risque
374 5444 789 5497 emendatoribus
818 5436 1088 5506 imperitis,
1115 5455 1181 5493 ne
1204 5440 1544 5495 AUCTOBIBUS
1566 5436 1772 5493 dicatur

187 5504 472 5582 inscriptus.
508 5512 764 5569 Secundo
792 5511 860 5565 de
892 5504 1116 5573 Dextro,
1150 5511 1234 5563 cui
1270 5511 1409 5565 liber
1438 5513 1773 5576 inscribitur,

188 5570 485 5652 hazcjiabet
513 5586 652 5639 idem
682 5582 1041 5652 Hieronymus
1070 5570 1167 5635 lib.
1207 5596 1244 5634 tt
1269 5582 1553 5649 Apnlnget.
1583 5570 1772 5652 advari

188 5660 275 5699 Sus
302 5649 552 5707 Rufinum
591 5672 603 5707 :
638 5654 768 5706 Ante
815 5649 978 5706 annos
1021 5656 1181 5721 ferme
1227 5652 1399 5704 decem
1429 5668 1542 5704 cum
1586 5651 1775 5706 Dexter

191 5721 376 5792 amicus
412 5742 585 5785 meus,
626 5727 712 5789 qui
757 5720 1126 5792 Prtefccturam
1158 5723 1536 5792 administravit
1571 5720 1771 5777 Prwto—

192 5786 273 5866 τῇ,
303 5809 379 5848 me
404 5786 652 5865 rogasset,
685 5804 741 5847 ut
767 5786 1047 5866 Auctorem
1077 5804 1266 5849 nostra!
1298 5791 1584 5866 Religionis
1622 5794 1669 5866 ei
1690 5794 1775 5866 in-

197 5853 345 5915 dicem
374 5853 772 5929 texerempetc.
814 5864 1078 5922 Tamdem
1127 5867 1178 5921 in
1224 5864 1382 5934 epist.
1416 5853 1503 5920 ἀὐ
1544 5863 1769 5920 Deside-

2112 4325 2399 4400 Προτρέπῃ,
2420 4326 2619 4399 Δὲξτρε,
2644 4325 2776 4378 ὥστε
2797 4319 3104 4399 Τραγκύλλῳ
3124 4316 3360 4392 ἑπόμενὸν
3380 4342 3468 4394 με,

1866 4422 1985 4479 τοὺς
2015 4418 2466 4476 ἐκκλησιαστικοὺς
2506 4416 2831 4487 συγγραφέας
2861 4414 2996 4469 κατά
3034 4411 3174 4475 τάξιν
3224 4411 3472 4479 ἐκθέσθαι,

1800 4610 1836 4666 Α
1873 4590 2033 4666 rium,
2065 4605 2187 4666 quae
2216 4591 2401 4666 incipit
2420 4609 2445 4666 _:
2473 4591 2634 4666 _Lect_o
2660 4606 2917 4666 sermone,
2945 4599 3077 4666 etc._,
3113 4591 3182 4645 ita
3213 4591 3472 4666 disserit:

163 4660 460 4733 disputavit
486 4666 686 4733 saepius
703 4658 1091 4731 Hieronymus.
1111 4658 1359 4733 Primum
1374 4662 1448 4733 de
1474 4662 1630 4714 titulo
1651 4658 1769 4727 ejus

1875 4661 2075 4729 Scripsi
2102 4662 2289 4714 librum
2318 4663 2382 4715 de
2409 4660 2709 4715 lllnstribus
2738 4660 2908 4731 Yiris,
2944 4664 3006 4715 ab
3029 4664 3290 4731 Apostolis
3315 4681 3476 4727 usque

1874 4733 1941 4805 ad
1972 4742 2201 4805 nostram
2218 4741 2441 4798 (etatem,
2470 4733 2701 4805 imitatus
2726 4730 3111 4805 Tranquillum.
3141 4732 3477 4805 Grecamque

1875 4802 2208 4873 Apollonium
2239 4812 2325 4855 :et
2355 4814 2466 4869 post
2498 4802 2814 4873 Catalogunt
2851 4802 3213 4870 plurimorum,
3243 4822 3323 4859 me
3350 4802 3479 4873 quo-

1874 4889 1970 4939 que
1997 4873 2049 4923 in
2076 4871 2216 4925 calce
2262 4875 2537 4925 voluminis
2573 4874 2719 4941 quasi
2765 4872 3053 4927 abortivum
3106 4887 3152 4927 et
3202 4871 3471 4929 minimum

1878 4944 2107 4995 omnium
2148 4942 2563 4996 Christianorum
2610 4947 2757 5013 posui
2790 4960 2807 4996 :
2838 4944 2921 4996 ubi
2972 4945 3100 4997 mihi
3141 4960 3340 4999 necesse
3379 4946 3479 5014 fuit

1877 5029 2035 5082 usque
2060 5013 2129 5065 ad
2152 5014 2403 5085 decimum
2446 5026 2681 5081 quartum
2710 5014 2833 5066 anni
2878 5013 3156 5068 Throdosii
3199 5016 3473 5085 principis,

1877 5099 1991 5154 qua:
2015 5084 2325 5150 scripserim,
2360 5086 2572 5154 breviter
2611 5095 2880 5137 annotare.
2935 5084 3259 5140 Prchatione
3316 5088 3476 5140 Com-

1880 5153 2270 5225 mentarinrnin
2294 5224 2297 5225 ν
2325 5153 2616 5225 in___.lunatn
2645 5154 2774 5208 dicit
2820 5155 3071 5210 similiter
3101 5171 3159 5209 se
3192 5158 3476 5225 scripsisse

1878 5225 2065 5278 librum
2090 5226 2166 5297 de
2188 5223 2328 5297 Viris
2357 5222 2674 5279 Illustribtts.
2720 5225 2859 5280 Nihil
2910 5231 3088 5295 itaque
3120 5222 3322 5283 addere
3354 5242 3476 5297 pos-

1878 5310 2066 5369 sumus
2104 5294 2169 5348 ad
2205 5295 2497 5369 perfectam
2531 5298 2688 5369 ilUjllS
2715 5300 2898 5365 (ipt'l‘is
2930 5294 3479 5369 distinctamque'no-

1882 5366 2072 5425 titiam.
2106 5381 2227 5419 cum
2271 5365 2417 5439 tituli
2440 5380 2496 5439 et
2528 5368 2923 5437 inscriptionis,
2966 5379 3076 5423 tum
3128 5365 3392 5439 temporis
3423 5379 3479 5424 et

1878 5438 2190 5505 scriptionis
2226 5440 2367 5503 ejus.
2405 5438 2674 5493 Murrum.

1952 5506 1978 5546 b
2007 5509 2081 5562 Ita
2111 5506 2442 5563 Veronensis
2491 5525 2593 5564 ms.
2627 5511 2867 5564 omnium
2912 5510 3203 5579 anliqniss.
3241 5508 3371 5563 alibi
3397 5526 3477 5563 me

1880 5579 2239 5633 desideratur.
2280 5580 2452 5635 Porro
2479 5582 2623 5635 hunc
2673 5580 2945 5644 Dextrum,
2973 5596 3055 5633 cui
3091 5581 3225 5635 liber
3262 5581 3367 5634 iste
3394 5582 3477 5635 in-

1879 5653 2159 5722 scribitur,
2196 5650 2509 5722 Pt'azfectum
2555 5650 2833 5713 Pttctorio,
2868 5651 3055 5704 laudat
3083 5653 3215 5722 ipse,
3250 5650 3474 5722 Hieron.

1877 5736 2039 5790 supra
2076 5721 2170 5775 lib.
2203 5736 2240 5775 ιι
2265 5721 2325 5775 in
2352 5721 2629 5783 Rufinum,
2670 5722 2847 5790 deque
2872 5737 2939 5774 co
2972 5722 3137 5775 multa
3184 5721 3476 5778 Gothofre-

1876 5792 1979 5849 dus
2011 5794 2062 5847 itt
2083 5794 2207 5847 cod.
2234 5792 2598 5850 Theodosiani
2624 5793 3114 5861 Prosmtograpltia.
