4022 6326
605 278 711 337 δοτ
1861 275 1919 331 s.
1963 274 2235 336 susan
2274 279 2655 337 HIERONYMI

704 2206 731 2235 ι
748 2196 1044 2268 Perperam
1072 2196 1202 2254 olim
1228 2194 1573 2253 Pictaviensis
1604 2195 1910 2268 legebatur.

607 405 671 461 C.
975 402 1213 458 Hilarius
1234 399 1543 468 episcopus.
2235 400 2285 456 Α
2310 394 2498 452 CXIX,
2660 391 2927 447 Diodorus
2952 388 3261 491 episcopus.
3294 476 3308 493 I
3932 336 3935 493 Μ

607 494 695 552 Cl.
972 493 1287 550 Victorinus
1317 490 1506 545 rhetor
1532 487 1971 546 Petavionensis.
2001 496 2025 523 α
2313 488 2476 546 CXX.
2680 483 2979 541 Ennomius
3002 476 3413 535 Inmresiarches.

609 589 715 647 CII.
978 589 1136 647 Titus
1158 590 1472 658 episcopus.
2315 581 2504 639 CXXI.
2682 577 3054 634 Priscillianus
3082 575 3396 644 episcopus.

606 679 743 738 CIII.
988 682 1255 737 Damasus
1287 678 1603 748 episcopus.
2316 672 2525 731 CXXII.
2682 670 3043 727 Latronianus
3069 667 3380 736 episc0pns.
3940 667 3941 733 ᾖ

611 772 751 831 CIV.
978 746 1657 844 Apollinaris—episcopus.
2317 767 2555 824 CXXIII.
2680 765 3003 849 Tiberianus
3031 762 3399 863 episcopus.“
3460 850 3496 863 υ
3540 852 3555 863 “
3940 746 3945 863 ρ

613 866 726 923 CV.
978 864 1280 935 Gregorius
1308 864 1624 931 episcopus.
2320 860 2556 917 CXXIV.
2686 844 3010 913 Ambrosius
3040 855 3330 925 episcopus
3356 850 3651 907 Mediolan.
3944 882 3947 965 Ὗ

613 957 751 1018 CVI.
978 958 1247 1016 Pacianus
1286 956 1600 1026 episcopus.
2322 952 2534 1008 CXXV.
2664 951 2955 1022 'Evagrius
2978 950 3287 1019 cpiscopus.

614 1053 776 1110 CVII.
974 1051 1241 1107 Photinus
1264 1046 1685 1103 haeresiarches.
2324 1042 2560 1099 CXXVI.
2694 1043 3015 1098 Ambrosius
3046 1040 3258 1112 Didymi
3289 1038 3617 1108 discipulus.

617 1143 809 1201 CVIII.
980 1141 1275 1199 Ftebadius
1304 1140 1616 1209 episcopus.
2325 1134 2585 1190 CXXVII.
2682 1135 2945 1189 Maximus
2967 1150 3031 1188 ex
3065 1131 3387 1203 philosopho
3416 1132 3731 1203 episcopus.

618 1231 760 1290 CIX.
970 1231 1254 1303 oDidymus
1277 1230 1301 1285 ὁ
1323 1230 1523 1285 Βλέπων
2327 1226 2612 1282 CXXVIII.
2691 1226 2984 1296 Gregorius
3012 1225 3150 1279 alius
3176 1228 3493 1296 episcopus.

620 1328 735 1385 CX.
984 1329 1216 1398 Optatus
1242 1325 1554 1395 cpiscopus.
2330 1320 2567 1375 CXXIX.
2687 1320 2925 1375 Joannes
2948 1320 3248 1391 presbyter.
3284 1318 3312 1356 ι)

617 1421 758 1479 CXI.
990 1420 1199 1476 Acilius
1223 1418 1484 1481 Severus.
1512 1425 1757 1473 senator.
2331 1409 2546 1465 CXXX.
2695 1410 2944 1467 Gelasius
2973 1411 3284 1481 episcopus.

621 1512 783 1569 CXII.
988 1512 1227 1585 Cyrillus
1267 1510 1580 1579 episcOpus.
2334 1500 2573 1557 CXXXI.
2699 1502 3017 1557 Theotimus
3040 1502 3345 1571 episcopus.

627 1603 817 1660 CXIII.
994 1602 1556 1671 Enzoiusepiscopus.
2338 1592 2597 1649 CXXXII.
2703 1594 2905 1650 Dexter
2952 1594 3171 1651 Paciani
3218 1592 3359 1647 ﬁlius
3387 1634 3403 1659 ,
3458 1606 3598 1647 nunc
3647 1589 3912 1663 praefectus

626 1696 816 1753 CXIV.
992 1695 1333 1767 Epiphanius
1356 1694 1670 1764 episcopus.
2771 1687 3051 1757 prmtorio.
3960 1682 3965 1693 ‘

628 1786 793 1843 CXV.
997 1785 1236 1855 Ephrem
1267 1785 1550 1840 diaconus.
2266 1793 2311 1852 Β
2336 1777 2617 1835 CXXXIII.
2696 1779 3113 1850 Amphilochius
3154 1779 3460 1850 episcopus.

632 1873 819 1930 CXVI.
996 1873 1227 1931 Basilius
1254 1874 1397 1929 alter
1417 1874 1733 1945 episcopus.
2338 1870 2623 1926 CXXXIV.
2704 1870 3064 1940 Sophronius.

632 1965 843 2023 CXVII.
992 1965 1293 2038 Gregorius
1314 1967 1453 2021 alius
1490 1966 1803 2036 episcopus.
2342 1965 2606 2024 CXXXV.
2704 1966 3089 2039 Hieronymus.

630 2059 866 2118 CXVIII.
989 2058 1522 2130 Luciusepiscows.

2414 2197 2442 2235 ι)
2463 2197 2651 2253 Codex
2677 2197 3187 2268 Sangermanensis,
3208 2196 3441 2250 Joannes
3461 2195 3758 2266 episcopus,
3776 2191 3917 2247 male.

635 2351 3903 2384 _________________________________

1652 2496 2253 2602 INCIPIT

2385 2497 2921 2602 LIBER.

2013 2875 2273 2938 CAPUT
2315 2878 2651 2941 PRIMUM.

709 3010 873 3083 827
904 3007 1091 3065 Simon
1131 3006 1349 3072 Petrus,
1384 3014 1410 3042 ⁸
1437 3004 1577 3059 ﬁlius
1615 3002 1841 3058 Joannis
1875 3045 1888 3068 ,
1936 3002 2240 3073 provincia:

642 3103 892 3170 Galileze,
934 3117 965 3158 e
993 3100 1114 3157 vico
1152 3098 1466 3164 Bethsaida,
1499 3098 1663 3153 frater
1715 3095 1945 3151 Andreae
2007 3098 2239 3167 apostoli

644 3198 863 3270 (Matth.
892 3212 967 3263 ιν,
1006 3195 1121 3266 I8),
1153 3204 1206 3249 et
1230 3193 1487 3264 princeps
1505 3191 1915 3260 Apostolorum,
1939 3190 1966 3229 δ
1990 3202 2109 3260 post
2128 3192 2242 3261 epi-

641 3299 922 3362 scopatum
955 3285 1343 3343 Antiochensis
1386 3284 1662 3345 Ecclesia,
1695 3293 1751 3339 et
1798 3282 2239 3352 praedicationem

642 3382 1002 3454 dispersionis
1046 3394 1236 3435 eorum
1277 3379 1365 3446 qui
1407 3376 1475 3431 de
1525 3378 1941 3431 circumcisione
1995 3377 2245 3431 credide-

2416 3008 2585 3079 828
2602 3012 2760 3079 Σίμων
2787 3008 2995 3083 Πέτρος,
3017 3008 3326 3076 ἀπόστολος,
3360 3008 3472 3069 υίὸς
3490 3006 3662 3073 Ἰωνᾶ,
3688 3006 3926 3082 ἐπαρχίας

2344 3100 2627 3163 Γαλιλαίας,
2650 3104 2819 3172 κώμης
2838 3099 3109 3165 Βηθσαϊδὰ,
3137 3099 3349 3174 ἀδελφὸς
3364 3098 3595 3177 ’Δνδρέου
3623 3098 3926 3157 ’Δποστόλονο

2346 3195 2433 3245 καὶ
2457 3194 2692 3265 ἀρχηγὸς
2714 3200 2813 3247 τῶν
2826 3191 3166 3254 ’Λποστόλων,
3183 3196 3315 3265 μετά
3335 3199 3425 3253 τήν
3444 3194 3726 3251 ἐπισκοπὴν
3748 3200 3834 3251 τῆς
3854 3190 3931 3243 Ἀν·

2348 3286 2567 3355 τιοχέων
2597 3284 2863 3345 ἐκκλησίας
2882 3324 2895 3349 ,
2931 3288 3015 3339 καὶ
3043 3286 3101 3339 τὸ
3129 3290 3369 3361 κήρυγμα
3399 3293 3497 3339 τῶν
3529 3283 3929 3357 διασπαρέντων,

2347 3379 2433 3429 καὶ
2459 3378 2513 3429 ἐκ
2534 3385 2625 3435 τῆς
2651 3385 2929 3451 περιτομῆς
2958 3378 3349 3433 πιστευσάντων
3366 3420 3380 3442 ,
3411 3378 3458 3430 ἐν
3493 3376 3684 3445 Πόντῳ,
3705 3376 3930 3446 Γαλατίᾳ,

644 3450 789 3541 rant,
822 3475 877 3529 in
912 3474 1109 3536 Ponto,
1138 3469 1373 3535 Galatia,
1404 3467 1769 3539 Cappadocia,
1798 3469 1951 3535 Asia,
1976 3476 2033 3524 et
2062 3470 2249 3541 Bithy-

2371 3466 2710 3543 Καππαδοκία,
2734 3466 2879 3542 ’Δσίᾳ
2899 3471 2983 3522 καί
3009 3470 3223 3529 Βιθυνία,
3243 3476 3315 3539 τῷ
3334 3466 3560 3544 δευτέρῳ
3582 3466 3830 3522 Κλαυδίου
3854 3464 3932 3518 ἔτει

643 3571 732 3625 nia
774 3566 819 3639 (I
868 3564 1020 3620 Petr.
1078 3581 1117 3629 ι,
1175 3564 1251 3633 I),
1288 3573 1309 3601 ο
1344 3561 1585 3617 secundo
1639 3562 1849 3617 Claudii
1907 3562 2250 3633 imperatoris

647 3678 816 3725 anno.
865 3661 931 3715 ad
963 3657 1383 3729 expugnandum
1439 3657 1719 3712 Simonem
1758 3657 2248 3728 magum,Romam

651 3757 846 3827 pergit,
874 3752 900 3791 ἀ
929 3754 1110 3825 ibique
1135 3752 1583 3824 vigintiquinque
1608 3753 1767 3807 annis
1792 3751 2121 3809 Cathedram
2154 3753 2253 3807 Sa-

657 3848 991 3904 cerdotalem
1026 3846 1217 3912 tenuit,
1241 3861 1413 3916 usque
1452 3846 1518 3899 ad
1549 3846 1796 3900 ultimum
1849 3860 2051 3899 annum
2082 3844 2253 3898 Nero-

656 3941 763 4006 nis,
817 3940 867 3993 id
924 3948 1028 4003 est,
1076 3938 1346 3993 decimum
1401 3947 1672 4005 quartum.
1729 3936 1775 3990 A
1816 3953 1922 4003 quo
1952 3945 2007 3990 et
2058 3935 2255 3990 afﬁxus

655 4034 825 4100 cruci,
874 4032 1141 4104 martyrio
1189 4041 1484 4087 coronatus
1523 4040 1627 4098 est,
1660 4041 1683 4069 ο
1714 4032 1893 4101 capite
1934 4030 2000 4084 ad
2050 4040 2253 4085 terram

659 4140 841 4192 verso,
893 4123 993 4179 Iet
1044 4124 1097 4178 in
1150 4123 1382 4177 sublime
1423 4122 1650 4191 pedibus
1700 4123 1968 4177 elevatis:
2000 4137 2257 4178 asserens

657 4216 1019 4286 seindiguum
1048 4214 1138 4283 qui
1181 4214 1257 4267 sic
1288 4212 1698 4281 crucifigeretur
1725 4222 1783 4267 ut
1821 4213 2083 4268 Dominus
2106 4230 2256 4268 suus.

657 4311 887 4381 Scripsit
933 4309 1073 4364 duas
1104 4306 1401 4378 Epistolas,
1435 4316 1459 4353 8
1484 4322 1604 4376 qua:
1638 4306 1932 4362 Catholicae
1973 4309 2262 4363 nominan-

733 4512 757 4539 ιι
783 4501 955 4556 Filius
978 4503 1132 4558 laute
1161 4504 1347 4572 legunt
1370 4499 1525 4556 multi
1557 4499 1803 4572 codices.
1824 4501 1988 4556 etiam
2014 4518 2045 4556 a
2072 4502 2263 4558 Victo-

656 4575 744 4631 t'io
768 4574 1020 4642 inspecti,
1050 4576 1135 4628 cui
1166 4571 1385 4628 lectioni
1418 4584 1617 4641 praeter
1656 4571 1905 4627 Crmcam
1953 4573 2261 4630 versionem

660 4644 983 4712 Sophronii,
1013 4645 1155 4699 favet
1181 4652 1400 4714 recepta
1421 4643 1561 4714 apud
1589 4654 1804 4697 veteres
1834 4643 1999 4714 hujus
2026 4645 2267 4699 nominis

662 4718 1074 4784 interpretatio,
1101 4712 1491 4781 netnpe'Filius
1514 4712 1801 4769 Columbte.
1822 4713 1929 4771 Sed
1964 4715 2085 4771 vide
2106 4715 2265 4771 Joan.

588 4803 595 4808 '
666 4804 707 4853 ι,
744 4787 838 4854 42,
870 4796 925 4841 et
956 4802 1064 4849 xxi,
1100 4788 1163 4840 15
1194 4795 1251 4842 et
1281 4802 1434 4856 seqq.

740 4858 976 4914 bActor.
1012 4872 1084 4915 λι.
1118 4858 1190 4911 ‘20
1218 4899 1235 4924 ,
1280 4855 1496 4912 constat
1548 4855 1771 4911 Petrum
1823 4857 2129 4913 Antiochia:
2177 4859 2273 4914 do-

2358 3563 2429 3622 ti;
2454 3562 2512 3615 τὸ
2540 3562 2876 3632 ἐκπολεμῆσαι
2890 3564 3084 3633 Σίμωνα
3105 3563 3189 3617 τὸν
3210 3565 3373 3635 μάγον
3396 3570 3457 3638 τῇ
3484 3560 3648 3635 Ῥώμῃ
3668 3563 3935 3635 ἐφίσταταί.

2356 3652 2465 3717 ἔνθα
2506 3651 2665 3708 εἴκοσι
2708 3656 2858 3708 πέντε
2895 3656 3157 3714 ἐνιαυτοὺς
3194 3656 3278 3710 τὸν
3314 3656 3489 3730 θρόνον
3538 3665 3633 3716 τῆς
3684 3654 3938 3731 ἱερωσύπς

2358 3748 2635 3818 κατέσχεν,
2658 3746 2753 3809 ἕως
2773 3753 2865 3803 τοῦ
2887 3748 3180 3802 τελευταίου
3205 3748 3440 3803 ἐνιαυτοῦ
3460 3748 3705 3822 Νέρωνος,
3727 3745 3941 3801 τουτέστι

2358 3848 2448 3895 τοῦ
2478 3839 3069 3915 τεσσαρεσκαιδεκάτου,
3095 3840 3169 3913 ἐφ’
3198 3837 3257 3894 οὖ
3284 3844 3368 3896 καί
3396 3842 3713 3916 σταυρωθείς
3741 3836 3940 3915 ἐμαρτν·

2360 3955 2508 4011 ρησε,
2538 3941 2626 3993 τὴν
2654 3936 2864 4007 κεφαλήν
2892 3937 3024 3989 κατὰ
3054 3941 3144 4007 γῆν
3172 3933 3335 4005 ἔχων,
3364 3936 3481 3994 τοὺς
3509 3932 3673 3994 πόδας
3703 3931 3758 3988 δὲ
3792 3936 3841 3988 ἐν
3867 3950 3942 4000 μιε⁸

2360 4031 2536 4105 τεώρῳ
2557 4068 2571 4089 ,
2601 4030 2803 4099 φάσκων
2834 4027 3029 4090 ἀνάξιον
3060 4026 3238 4080 ἑαυτὸν
3266 4019 3393 4079 εἶναι
3411 4065 3425 4087 ,
3463 4024 3548 4078 τὸν
3579 4022 3750 4094 ὅμοιον
3776 4022 3943 4099 τρόπον

2367 4120 2719 4194 σταυρωθῆναι
2748 4126 2820 4189 τῷ
2852 4120 3053 4172 πάντων
3095 4118 3277 4194 Κυρίῳ.
3309 4113 3540 4190 Ἔγραψε
3571 4112 3663 4169 δύο
3695 4112 3945 4169 ἐπιστολὰς

2364 4218 2458 4278 τάς
2498 4213 2865 4283 ὀνομαζομένας
2909 4212 3202 4275 καθολικὰς,
3247 4210 3328 4281 ἀφ’
3374 4206 3440 4262 ὧν
3492 4214 3582 4267 τήν
3640 4206 3877 4284 δευτέραν
3911 4200 3946 4255 oi

2366 4308 2571 4367 πλείους
2598 4308 2685 4360 οὐκ
2709 4307 3025 4380 ἐγκρίνωσιν
3052 4304 3209 4359 αὐτοῦ
3233 4304 3540 4373 τυγχάνειν,
3568 4298 3655 4355 διά
3679 4303 3767 4356 τὸν
3797 4315 3948 4372 χαρα-

2370 4504 2413 4559 E
2462 4504 2851 4560 vetustioribus
2880 4504 3123 4569 Ruﬁnus,
3175 4504 3271 4559 lib.
3317 4521 3353 4559 ιι
3384 4504 3674 4571 Invectiv.,
3723 4507 3950 4560 numerat

2374 4591 2546 4630 annos
2579 4591 2721 4629 sxw.
2751 4576 2881 4631 Puta
2915 4576 3120 4630 Christi
3146 4576 3235 4630 68.

2452 4656 2476 4683 ο
2507 4647 2702 4701 Iisdem
2729 4647 2973 4710 omnino,
3001 4646 3141 4716 quod
3177 4648 3370 4701 mirum
3402 4655 3507 4707 est,
3535 4646 3719 4701 verbis
3743 4646 3803 4700 S.
3834 4645 3952 4701 Gau-

2378 4717 2594 4772 dentius
2619 4717 2917 4772 Brixiensis
2944 4719 3012 4772 de
3040 4717 3097 4773 S.
3149 4718 3331 4783 Petro,
3363 4726 3420 4771 et
3452 4719 3641 4782 Paulo,
3672 4718 3805 4771 olim
3838 4720 3953 4771 inter

2383 4788 2730 4842 Zenonianos
2759 4804 3045 4843 sermones
3077 4804 3148 4843 xx
3195 4807 3207 4841 :
3241 4789 3425 4843 Petrus
3449 4789 3804 4857 cruciﬁgitur,
3834 4796 3954 4842 verso

2381 4861 2449 4912 ad
2475 4870 2664 4913 terram
2695 4862 2884 4927 capite,
2915 4870 2962 4913 et
3002 4861 3054 4913 in
3084 4861 3300 4913 sublime
3350 4860 3567 4925 pedibus
3628 4861 3857 4917 elevatis.
3880 4871 3952 4907 αδ·

664 4931 867 5002 cuisse.
900 4929 1264 5002 Hieronymus
1292 4928 1343 5002 in
1386 4926 1563 5002 Galat.
1590 4943 1639 4982 c.
1670 4944 1707 4984 ιι
1741 4945 1773 5002 :_
1789 4926 2025 5002 Primum
2072 4930 2273 5001 episco-
2303 4924 2354 4983 Ι)
2381 4947 2550 4984 serens
2578 4924 2844 5002 indignum
2878 4948 2951 4997 se,
2974 4932 3063 5002 qui
3088 4932 3163 4984 ita
3193 4924 3609 4999 cruciﬁgeretur,
3636 4942 3691 4983 ut
3725 4929 3955 5002 Dominus

667 5019 796 5073 pum
819 4998 1153 5073 Antiocheam
1199 4998 1453 5073 Ecclesia:
1486 4998 1699 5073 Petrum
1736 4999 1911 5073 fuisse
1957 4998 2277 5069 accepimus,

669 5069 718 5125 et
751 5070 965 5123 Romam
988 5070 1176 5123 exinde
1206 5069 1536 5133 translatum,
1557 5070 1693 5137 quod
1726 5069 1890 5122 Lucas
1920 5072 2125 5139 penitus
2146 5075 2277 5126 omi-

678 5144 767 5197 sit.

755 5222 776 5249 ε
805 5210 1090 5275 Eusebius,
1112 5210 1203 5263 lib.
1229 5226 1286 5275 ιι,
1308 5224 1358 5263 c.
1388 5209 1476 5273 IL,
1502 5209 1639 5263 Hist.
1670 5228 1682 5265 :
1705 5210 1817 5268 ἐπὶ
1837 5221 1925 5273 τῆς
1944 5216 2105 5276 αὐτῆς
2127 5216 2285 5271 ιι).αό-

683 5283 798 5340 δίου
816 5282 1117 5409 ἔασιλιίας.

756 5352 781 5391 ἀ
845 5354 1014 5407 ‘ndetn
1043 5362 1117 5405 Ira

756 5352 781 5391 ἀ
816 5347 1014 5409 Eadem
1043 5350 1207 5405 tradit
1237 5351 1288 5404 in
1310 5347 1585 5423 Chronico
1609 5370 1621 5406 :
1650 5352 1837 5406 Petrus
1855 5355 2145 5423 apostolus,
2170 5373 2287 5410 cum

675 5427 884 5497 primus
932 5425 1330 5497 Antiochenam“
1360 5419 1648 5497 Ecclesium
1706 5419 2011 5489 fundasset,
2068 5426 2285 5480 Romam

680 5490 936 5561 mittitur,
968 5495 1052 5549 ubi
1084 5490 1423 5563 Evangrlium
1444 5495 1731 5567 prfedicans
1756 5509 1858 5567 xxv
1887 5497 2036 5567 tinnis
2056 5498 2283 5567 ejusdem

692 5568 834 5622 urbis
863 5568 1132 5636 episcOpus
1152 5561 1458 5636 perseverat.
1495 5564 1601 5636 Sed
1629 5578 1751 5617 cuni
1799 5562 1867 5615 de
1893 5561 2040 5636 hisce
2069 5561 2172 5619 xxv
2195 5582 2285 5621 an-

697 5640 787 5691 nis
815 5633 1064 5707 plurimas
1110 5634 1444 5707 quaestiones
1489 5635 1704 5707 sint,_t_:t
1729 5633 2032 5707 sententiae,
2066 5646 2283 5707 praestat

704 5700 891 5761 videre
932 5700 1149 5774 Pagiuni
1183 5701 1579 5774 ad_an.Christ.
1614 5702 1707 5767 45,
1735 5700 2016 5774 Baluzium
2052 5700 2105 5761 in
2146 5706 2281 5762 Lac-

714 5774 863 5827 tantii
892 5770 1086 5828 librum
1116 5775 1180 5825 de
1222 5771 1477 5826 Mortibus
1510 5770 1743 5831 Persem.
1773 5786 1894 5842 cap.
1924 5773 1981 5839 Ω,
2012 5777 2275 5847 aliosque.

2387 5018 2530 5055 suns.
2576 4995 2735 5055 Furit:
2776 4995 3147 5071 igitur'i'slhaec
3174 5018 3237 5055 ex
3266 4995 3572 5071 antiquiore
3593 4995 3778 5069 aliquo
3808 4995 3956 5053 moni-

2392 5082 2573 5143 mento
2605 5073 2886 5142 desiimpta
2913 5075 3127 5127 snntab
3158 5086 3405 5141 utroque,
3436 5090 3556 5127 nam
3589 5073 3954 5143 Hieronymum

2391 5160 2418 5196 a
2444 5142 2748 5197 Gaudentio
2800 5137 3132 5214 exscriptum
3169 5185 3183 5208 ,
3232 5137 3445 5197 etiamsi
3480 5137 3811 5213 temporum'
3836 5137 3953 5196 ratio

2396 5214 2755 5287 permitteret,
2783 5214 3005 5269 minime
3057 5226 3136 5269 est
3165 5215 3516 5279 verosiinile;
3548 5216 3643 5268 sed
3692 5230 3861 5282 neque
3881 5221 3957 5287 e9.

2395 5280 2512 5339 rum
2588 5286 2846 5349 probatur
2896 5286 3124 5354 Opinio,
3180 5287 3268 5354 qui
3334 5301 3401 5339 ex
3458 5287 3592 5338 actis
3647 5280 3957 5353 apocryphis

2396 5371 2513 5421 qua:
2536 5356 2637 5411 sub
2689 5357 2807 5411 Lini
2860 5358 3078 5411 nomine
3119 5356 3591 5420 circumferuntur,
3654 5356 3771 5409 lia-c
3812 5365 3957 5423 repe—

2391 5434 2528 5481 Iunt.

2463 5496 2481 5534 τ
2517 5498 2718 5553 Euseb.
2772 5498 2910 5554 Hist.
2968 5498 3063 5554 lib.
3113 5514 3191 5559 III,
3217 5512 3264 5551 c.
3299 5498 3347 5561 I,
3383 5512 3446 5551 ex
3478 5496 3737 5566 Origene,
3768 5499 3958 5553 ἀνεσκο·

2393 5567 2613 5642 λοπίσθη
2633 5572 2759 5626 κατά
2777 5571 3008 5642 κεφαλῆς.

2468 5647 2503 5721 Β.
2526 5640 2703 5695 Minus
2733 5637 2880 5697 recte
2910 5643 3094 5711 legunt
3121 5637 3340 5708 quidam
3380 5652 3509 5693 mss.
3541 5648 3707 5707 atque
3732 5638 3860 5693 editi
3887 5647 3956 5686 σαι

2382 5722 2595 5764 ιιοηιεαν.
