4022 6384
201 401 307 462 625

1313 408 1518 468 LIBER
1558 409 1648 467 DE
1686 409 1871 470 VIRIS
1907 409 2392 470 lLLUSTRleS.

3403 421 3508 483 62G

195 523 525 592 ostenditur,
568 532 592 562 ι
636 524 739 580 θιςί
789 525 1030 581 nonnulli
1065 525 1305 595 putantb
1334 526 1466 581 duas
1509 530 1805 583 memorias

1927 536 2186 589 Ιουστῖνος
2214 530 2422 605 μάρτυρ
2445 529 2525 583 καὶ
2543 529 2832 604 Εἰρηναῖος.
2866 529 3144 603 Σφὰγέντος
3169 529 3223 586 δὲ
3258 542 3520 603 Δομιιτια-

195 617 440 687 ejusdem
471 617 696 672 Joannis
729 618 1088 688 Evangelista:
1109 633 1254 685 esse,
1282 636 1451 690 super
1471 636 1576 690 qua
1598 637 1655 676 re
1677 637 1800 676 cum

196 727 290 782 per
313 711 565 766 ordinem
598 712 665 766 ad
695 712 914 781 Papiam
950 712 1252 769 auditorem
1285 715 1405 784 ejus
1432 727 1656 771 ventum
1689 715 1804 771 lue-

193 805 285 869 rit,
309 803 669 860 disseremus.
698 805 906 870 Quarto
933 805 1149 860 decimo
1180 805 1344 876 igitur
1370 821 1535 872 anno,
1569 818 1590 846 ο
1617 821 1804 862 secun-

192 897 319 953 dutn
360 907 486 968 post
524 897 798 954 Neronem
849 900 1286 969 persecutionem
1323 911 1578 956 movente
1610 899 1800 954 Domi-

192 991 364 1057 tiano,
397 991 452 1046 in
484 992 706 1046 Patmos
732 992 966 1047 insulam
995 993 1293 1063 relegatus,
1322 994 1541 1063 scripsit
1583 992 1800 1062 Apoca-

191 1081 416 1154 lypsim,
464 1099 632 1155 quam
686 1081 713 1121 ἀ
762 1085 1156 1154 interpretatur
1204 1083 1456 1140 Justinus
1501 1085 1704 1156 Martyr
1750 1093 1808 1140 et

190 1175 454 1231 Irenaaus.
499 1177 798 1234 Interfecto
827 1187 1008 1233 autem
1041 1178 1375 1244 Domitiano,
1403 1187 1424 1214 ο
1448 1187 1501 1232 et
1531 1176 1665 1232 actis
1690 1177 1809 1248 ejus

1909 627 1994 676 νοῦ
2041 626 2128 676 καὶ
2169 630 2269 676 τῶν
2314 624 2547 697 πράξεων
2602 624 2764 676 αὐτοῦ
2812 621 2898 677 διὰ
2939 628 3029 682 τήν
3057 625 3245 684 πολλὴν
3275 622 3519 695 ὠμότητα

1908 716 2058 788 παρὰ
2096 711 2378 785 συγκλήτου
2425 715 2811 789 ἀκυρωθεισῶν,
2845 715 2930 769 ἐπὶ
2960 718 3159 793 Νέρουα
3199 721 3270 777 εἷς
3307 713 3518 789 ’Ἔφεσον

1909 809 2207 875 ἀναζεύξας,
2240 808 2337 869 ἕως
2358 815 2610 885 Τραϊανοῦ
2632 815 2720 864 τοῦ
2751 809 3003 884 βασιλέως
3028 811 3197 865 ἐκεῖσε
3223 809 3522 872 διατελέσας

1911 901 2087 960 πάσας
2108 902 2204 960 τὰς
2233 909 2327 960 τῆς
2355 901 2532 960 Ἀσίας
2563 899 2855 973 ἐθεμελίωσε
2889 903 2978 954 καί
3001 900 3313 975 ᾠκοδόμηκεν
3352 901 3522 960 ἔκκλη-

1913 998 2055 1059 σίας,
2086 997 2172 1048 καὶ
2209 995 2321 1049 λίαν
2345 995 2579 1072 γηράσας
2606 993 2862 1066 ἑξηκοστῷ
2905 991 3069 1066 ὀγδόῳ
3107 995 3344 1068 ἐνιαυτῷ,
3386 996 3523 1065 μετά

1912 1087 1971 1140 τὸ
1998 1087 2158 1146 πάθος
2185 1088 2370 1162 Κυρίου
2400 1085 2707 1146 τελευτήσας
2732 1127 2746 1150 ,
2778 1084 2995 1142 πλησίον
3037 1092 3129 1146 τῆς
3155 1087 3522 1162 προειρημένης

1913 1179 2108 1240 πόλεως
2136 1180 2316 1244 ἁξιώθη
2338 1187 2430 1239 τῆς
2454 1182 2756 1249 κοιμήσεως.

191 1269 260 1324 ob
291 1269 520 1324 nimiam
543 1270 922 1327 crudelitatem
947 1287 976 1327 a
1003 1279 1197 1326 senatu
1231 1271 1483 1326 rescissis
1502 1311 1516 1336 ,
1550 1271 1653 1326 sub
1691 1270 1868 1326 Nerva
1903 1269 1922 1308 ί
1964 1273 2209 1343 principe
2232 1273 2373 1327 redit
2399 1271 2698 1342 Ephesum.
2725 1271 2904 1341 ibique
2925 1286 3099 1342 usque
3129 1271 3197 1327 ad
3223 1271 3518 1340 Traianum

192 1363 499 1433 principem
533 1378 924 1435 perseverans,
950 1373 1093 1419 totas
1115 1365 1258 1419 Asia-2
1286 1363 1534 1419 fundavit
1574 1364 1828 1434 rexitque
1865 1365 2174 1430 Ecclesias,
2231 1375 2287 1421 et
2328 1364 2610 1421 confectus
2655 1364 2842 1432 senio,
2874 1375 2900 1413 δ’
2941 1368 3282 1438 sexagesimo
3325 1375 3523 1426 octavo

192 1467 316 1532 post
338 1460 660 1530 passionem
683 1459 898 1515 Domini
921 1473 1066 1515 anno
1087 1468 1358 1524 mortuus,
1373 1458 1526 1530 juxta
1549 1457 1802 1513 eamdem
1833 1457 2025 1514 urbem
2056 1457 2306 1529 sepultus
2336 1467 2442 1514 est.

1661 1577 1920 1642 CAPUT
1965 1581 2050 1642 X.

261 1680 535 1751 Herman,
567 1679 598 1720 ξι
627 1682 786 1754 cujus
830 1681 1131 1752 Apostolus
1181 1680 1386 1738 Paulus
1424 1681 1493 1737 ad
1523 1680 1805 1737 Romanos
1833 1690 1882 1750 Β

192 1777 445 1834 scribens
476 1777 738 1834 meminit
771 1796 785 1831 :
812 1777 1052 1834 Salutate
1084 1777 1443 1849 Asyncritum,
1475 1775 1808 1846 Phlegonta,

193 1868 467 1938 Herman,
504 1870 796 1932 Patroban.
828 1870 1058 1926 Hermen
1098 1868 1142 1938 ί,
1174 1880 1223 1925 et
1253 1872 1338 1940 qui
1377 1886 1494 1923 cum
1525 1870 1597 1924 eis
1621 1869 1813 1939 fratres

187 1972 311 2016 sunt
345 1963 527 2034 (Rom.
576 1979 690 2029 ιιι,
726 1961 842 2034 14),
898 1970 1160 2017 asserunt
1184 1973 1465 2018 auctorem
1498 1976 1623 2018 esse
1655 1962 1806 2030 libri,

185 2053 352 2127 847
406 2057 420 2108 i
480 2057 571 2124 qui
621 2058 934 2127 appellatur
997 2056 1215 2120 Pastor,
1272 2067 1326 2111 et
1365 2056 1505 2125 apud
1547 2056 1809 2126 quasdam

188 2145 426 2202 Graecia:
460 2147 742 2203 Ecclesias
778 2145 798 2184 ιε
826 2147 938 2216 jam
967 2147 1186 2215 publice
1213 2147 1428 2216 legitur.
1462 2147 1672 2201 Revera
1702 2147 1809 2202 uti-

185 2238 255 2294 lis
285 2241 458 2304 liber,
486 2240 752 2310 multique
773 2239 841 2294 de
866 2255 934 2296 eo
950 2239 1297 2307 Scriptorum
1321 2248 1570 2295 veterum
1596 2237 1612 2276 ι
1644 2254 1802 2294 usur-

185 2347 400 2402 pavere
460 2333 797 2389 testimonia.
847 2333 955 2390 Sed
982 2333 1125 2403 apud
1147 2331 1376 2390 Latinos
1407 2348 1548 2403 pene
1579 2342 1617 2372 ω
1651 2334 1806 2405 igno—

188 2433 285 2480 tus
317 2434 430 2481 οει.

1981 1682 2175 1761 Ἑρμᾶς
2199 1727 2214 1752 ,
2267 1679 2326 1739 οὗ
2371 1683 2397 1738 ὁ
2435 1682 2747 1746 Ἀπὸστολος
2804 1683 2938 1761 πρὸς
2992 1681 3271 1757 Ῥωμαίους
3321 1687 3525 1762 γράφων

1917 1777 2168 1850 μέμνηται
2193 1821 2208 1845 ,
2238 1775 2562 1834 Ἀσπασασθε
2602 1778 2962 1854 ’Δσύγκριτον,
2992 1779 3267 1851 Φλέγοντα,
3299 1778 3489 1857 Ἐρμᾶν
3507 1823 3522 1848 ,

1915 1872 2180 1947 Πατρόϐαν
2199 1915 2214 1940 ,
2243 1870 2431 1946 Ἐρμῆν
2452 1914 2464 1938 ,
2494 1873 2696 1944 λέγεται
2734 1874 2971 1934 αὐθέντης
3006 1875 3310 1946 γεγενῆσθαι
3342 1875 3522 1946 βίϐλου

1917 1966 2282 2041 ἐπιγραφείσης
2306 1968 2509 2036 Ποιμήν,
2535 1965 2567 2022 ἦ
2585 1985 2665 2023 τις
2688 1961 2738 2017 ἕν
2759 1985 2890 2018 τισιν
2919 1965 3234 2025 ἀνατολικαῖς
3449 1967 3525 2019 ὲκ-

1913 2057 2143 2118 κλησίαις
2170 2056 2395 2132 δημοσίᾳ
2423 2059 2838 2129 ἀναγινώσκεται.
2886 2059 2980 2109 Καὶ
3022 2057 3216 2116 ἀληθῶς
3254 2062 3524 2132 χρήσιμος

1917 2149 1944 2203 ὁ
1963 2149 2131 2222 λόγος,
2156 2151 2237 2223 ἀφ’
2262 2147 2320 2204 οὗ
2346 2150 2520 2205 πολλοί
2548 2156 2647 2203 τῶν
2671 2148 2902 2203 παλαιῶν
2929 2150 3264 2225 συγγραφέων
3304 2149 3522 2203 ὑπέκλε-

1910 2241 2017 2314 ψαν
2043 2244 2356 2317 μαρτυρίας,
2390 2242 2517 2296 ἀλλὰ
2542 2244 2689 2316 παρὰ
2723 2248 2831 2301 τοῖς
2857 2239 3121 2313 Ῥωμαίοις
3159 2238 3425 2315 ἄγνωστος
3447 2236 3519 2296 εἴ·

1913 2358 1993 2391 ναι
2016 2333 2170 2391 δοκεῖ.

1648 2523 1909 2587 CAPUT
1952 2524 2067 2588 XI.

261 2619 428 2676 Philo
457 2621 703 2688 Judmus,
737 2622 966 2679 natione
987 2631 1014 2659 η
1043 2622 1474 2690 Alexandrinus,
1508 2624 1577 2679 de
1605 2639 1808 2695 genere

188 2717 575 2782 sacerdotum,
614 2717 820 2773 ideirco
862 2733 892 2773 a
938 2718 1102 2773 nobis
1132 2719 1277 2772 inter
1304 2721 1607 2788 scriptores
1632 2719 1811 2774 eccle-

190 2810 459 2866 siasticos
511 2812 770 2881 ponitur,
825 2813 948 2881 quia
1020 2812 1222 2868 librum
1287 2811 1357 2868 de
1413 2813 1586 2882 prima
1638 2812 1807 2867 Marci

192 2912 217 2940 ο
253 2906 616 2976 evangelista;
647 2906 791 2977 apud
828 2905 1219 2962 Alexandriam
1253 2906 1505 2962 scribens
1538 2905 1806 2970 Ecclesia,

267 3077 294 3107 εί
325 3068 422 3126 Sic
455 3069 689 3141 legimus
711 3086 741 3141 e
761 3087 864 3125 ms.
895 3070 954 3125 S.
981 3069 1198 3136 Crucis,
1229 3077 1283 3123 et
1309 3068 1544 3124 Fabricii
1568 3067 1808 3124 editione

194 3154 296 3210 pro
328 3152 375 3195 et
407 3140 674 3196 nonnulli.
700 3140 920 3197 Craecns
952 3155 1172 3210 (tuoque
1196 3143 1281 3194 καί
1303 3144 1457 3201 τίνες.

265 3211 293 3249 δ
326 3211 478 3266 Duas
517 3214 814 3267 memorias.
850 3213 942 3268 Sic
981 3211 1102 3281 lego
1132 3212 1184 3264 in
1218 3212 1430 3265 eunetis
1459 3224 1590 3264 mss.
1625 3224 1812 3281 exem-

192 3283 485 3352 plaribus,
531 3294 586 3338 et
629 3285 698 3338 ita
750 3279 1237 3352 legendum'docet
1267 3283 1487 3335 alterum
1523 3279 1814 3352 sepulcrum

194 3351 544 3427 praecedens.
571 3354 744 3410 Erant
773 3351 938 3427 igitur
963 3356 1014 3427 in
1043 3353 1282 3427 Ecclesia
1310 3351 1815 3427 Epliesiorumdua:

193 3420 512 3493 memoria),
543 3428 657 3481 sive
688 3420 1075 3494 duo'sepulcra
1117 3420 1370 3490 ejusdem
1406 3421 1632 3494 Joannis
1665 3420 1812 3490 Apo-

193 3497 322 3550 stoli
372 3507 427 3552 ct
463 3492 820 3566 Evangelistaa
861 3492 1059 3552 :Vsicut
1090 3495 1252 3549 hodie
1295 3492 1436 3563 apud
1469 3501 1816 3566 nos_exstant

197 3568 251 3622 in
306 3569 559 3624 Ecclesia
604 3563 789 3624 nostra
827 3568 947 3622 duae
995 3568 1277 3621 memoriae
1327 3565 1500 3620 sancti
1552 3563 1810 3618 Germani

197 3638 454 3710 EpiscOpi
499 3640 855 3706 Parisiensis,
913 3637 1138 3710 Patroni
1184 3635 1809 3710 nostri;_una__quidem

197 3706 468 3767 memoria
501 3716 553 3766 in
581 3711 804 3780 Capella
831 3711 1001 3766 sancti
1031 3708 1414 3782 Sytnpboriani
1443 3707 1580 3782 ,_ttbi
1621 3716 1704 3782 est
1733 3706 1811 3782 Io:

197 3777 683 3859 cossepulturai';
733 3784 903 3837 altera
958 3777 1222 3859 memoria
1264 3782 1326 3859 in
1381 3778 1587 3859 majore
1636 3777 1809 3859 Altari

198 3850 464 3911 Ecclesilc
488 3897 502 3920 ,
531 3857 620 3909 ubi
665 3863 862 3923 pra-ter
893 3853 1125 3918 sepulcri
1171 3853 1402 3920 lapidem
1428 3892 1442 3917 ,
1462 3850 1568 3923 Aqui
1602 3850 1810 3918 positus

198 3933 280 3979 est
313 3927 509 3980 subtus
536 3921 745 3988 Altare,
770 3941 938 3980 sacrm
965 3924 1226 3993 Reliqnize
1257 3921 1502 3993 corpmis
1527 3935 1811 3974 asservan-

200 4003 284 4050 tur
319 4000 371 4052 in
405 4011 572 4065 capsa
603 4013 765 4052 aurea
799 3995 1188 4066 pretiosissima
1222 4003 1276 4049 et
1312 3994 1542 4066 gemmis
1573 4001 1760 4066 ornata
1790 4033 1806 4056 ,

199 4081 354 4135 (tuam
385 4061 533 4124 nunc
576 4061 880 4124 sustentant
918 4066 1186 4130 manibus,
1216 4061 1446 4119 tluo'rnm
1475 4061 1806 4135 Angelorum

196 4134 464 4207 imagines
491 4157 556 4195 ex
599 4139 845 4205 metallo,
875 4138 928 4191 in
962 4138 1144 4190 medio
1167 4152 1257 4190 sex
1286 4136 1658 4207 columnarum
1691 4134 1810 4207 plllf

199 4205 453 4268 cher-rimi
501 4210 789 4266 marmoris
819 4251 832 4271 ,
875 4218 929 4261 et
974 4209 1075 4260 sub
1119 4207 1379 4260 coronide
1419 4205 1805 4273 elegantissimi

198 4285 378 4348 operis
420 4285 706 4340 deaurata.
741 4279 909 4349 Hujus
937 4278 1139 4349 Altaris
1169 4279 1288 4349 novi
1320 4285 1662 4349 structuram
1686 4290 1808 4349 pro-

201 4345 402 4410 curavit
456 4357 617 4409 nobis
661 4345 914 4407 zelus'et
960 4347 1224 4401 industria
1278 4347 1582 4400 Reverettdi
1633 4345 1808 4400 Patris

202 4423 472 4496 Arnulplti
505 4426 574 4482 de
624 4421 971 4496 LooﬁPrinris
1019 4419 1243 4496 hujusce
1262 4417 1584 4496 Monasterii
1634 4417 1807 4469 nostri

201 4489 653 4554 Saneti'Gv'rtttatti
674 4510 703 4548 a
731 4493 903 4547 Pratis
926 4509 938 4544 :
965 4490 1108 4560 quod
1135 4489 1238 4543 hoc
1262 4489 1311 4541 itt
1341 4489 1655 4560 tttetttoriam
1685 4501 1809 4556 per-

206 4576 410 4650 betnatn
455 4569 652 4650 lubens
684 4563 939 4650 annotavi
968 4557 998 4627 ,'
1013 4569 1234 4645 accepta
1266 4557 1656 4650 occasione.“
1690 4573 1798 4611 me-
1831 4591 1886 4650 D

204 4627 369 4692 illoriat
399 4640 606 4712 duplici
655 4637 826 4693 sancti
865 4634 1092 4690 Joannis
1120 4627 1489 4701 evangelistie.
1531 4627 1800 4684 Maurum.

279 4721 298 4748 °
327 4713 534 4769 Christi
559 4713 650 4767 95.

274 4778 412 4854 dSic
437 4768 496 4840 in
533 4783 804 4838 tlbronico
831 4779 896 4833 ad
919 4776 1218 4854 Domitian.
1248 4772 1532 4854 Apostolus
1551 4768 1804 4854 “Joannes

211 4853 259 4926 i_n
294 4853 505 4910 Patmos
527 4856 749 4908 insulam
778 4854 1038 4926 relegatus
1084 4846 1439 4926 Apocalypsin
1478 4843 1804 4926 inflammant

212 4922 435 4980 [renatus
474 4928 863 4996 interpretatur.
887 4912 951 4976 lu
982 4912 1172 4996 (ἱνα-(ξι)
1206 4912 1428 4996 Eusebii
1459 4924 1552 4996 est
1566 4917 1634 4975 ὡς
1665 4912 1812 4972 δηλοῖ

211 4997 491 5072 Εἰρηναῖος.
523 4987 718 5072 siveut
757 4992 997 5072 [renatus
1023 4991 1272 5072 explicat,
1300 4987 1574 5069 velvertit,
1603 5000 1803 5072 nempe

215 5056 425 5138 uiitnine
445 5056 827 5138 Kpocalypsin,
857 5075 915 5118 ιιι
941 5079 1040 5132 ego
1059 5056 1319 5138 arbitror,
1345 5058 1612 5138 visionem
1639 5056 1806 5111 Joan-

215 5137 318 5199 nis.
346 5129 614 5205 Justinus,
642 5129 698 5194 Et
726 5129 1382 5205 heraeus—nominarunt;
1423 5129 1647 5205 minime
1673 5143 1805 5183 vero

217 5201 645 5265 Commentarios
674 5211 725 5262 in
771 5206 1132 5276 Apocalypsin
1162 5204 1216 5257 bi
1246 5203 1437 5276 Patres
1483 5201 1804 5267 ediderunt,

218 5295 346 5346 quos
395 5297 492 5336 nec
547 5283 662 5350 ipse
711 5273 1076 5350 Hieronymus
1128 5289 1249 5329 cum
1306 5273 1806 5350 borum__rece_n_set

220 5342 430 5421 scripta,
466 5342 842 5407 nec-veterum
868 5348 1152 5421 quisquam
1179 5353 1464 5421 memorat.
1489 5342 1805 5421 idqueideo

223 5413 389 5487 notat,
419 5413 560 5492 quod
594 5437 796 5492 nomen
821 5413 1185 5492 Apocalypsis
1214 5413 1803 5492 nuspiatninveniatur

221 5495 355 5560 apud
381 5485 613 5552 Graecos
654 5485 967 5560 Scriptores
1011 5485 1298 5558 antiquos,
1326 5485 1684 5560 _et_l_'ortasse
1736 5486 1807 5539 ab

219 5556 424 5620 Justino
449 5609 463 5632 ,
504 5578 560 5622 et
595 5556 803 5622 lrena-o
851 5579 1048 5617 ιιοιιιι-τι
1092 5556 1384 5632 ari-epcrit.
1425 5556 1616 5632 Mirum
1673 5565 1806 5632 quot

221 5627 496 5704 doctorum
525 5638 806 5692 hominum
842 5635 1054 5704 ingenia
1089 5632 1308 5684 torserit
1341 5629 1492 5704 luens
1523 5627 1648 5704 iste,
1676 5629 1804 5704 dum

222 5703 284 5756 ab
321 5706 519 5762 Irenu'o
568 5709 618 5762 et
662 5700 1138 5772 Justinn'pancns
1187 5701 1451 5772 quosdam
1503 5700 1807 5754 versiculos

222 5775 790 5851 Apocalypsiscitatos
811 5770 1246 5846 quaquaversut’n
1277 5770 1589 5841 exquirunt.

294 5856 316 5908 φ
343 5848 441 5904 An.
470 5848 673 5904 Christi
696 5848 786 5903 96.

297 5913 315 5953 ί
351 5918 458 5974 Sub
490 5919 662 5972 Nerva
695 5918 941 5986 principe.
969 5915 1120 5973 Multi
1151 5917 1391 5983 codices,
1418 5912 1670 5970 Ambros.
1712 5912 1805 5968 Bia

1984 2627 2138 2681 Φίλων
2191 2624 2475 2693 Ἰουδαῖος,
2527 2627 2736 2699 τεχθεὶς
2790 2626 2843 2682 ἓν
2895 2623 3245 2701 ’Δλεξανδρείᾳ
3269 2667 3284 2693 ,
3341 2625 3521 2700 γένους

1913 2719 2107 2797 ἱερέων,
2143 2718 2206 2775 δι’
2232 2722 2387 2777 αὐτοῦ
2417 2720 2543 2799 παρ’
2569 2722 2708 2792 ἡμῶν
2746 2721 2937 2792 μεταξὺ
2967 2728 3069 2776 τῶν
3095 2720 3521 2778 ἐηλησιαστικῶν

1913 2815 2250 2888 συγγραφέων
2290 2814 2548 2869 τάσσεται
2577 2855 2592 2878 ,
2626 2814 2835 2888 ἐπείπερ
2864 2815 2986 2890 περὶ
3011 2821 3104 2874 τῆς
3129 2815 3339 2885 πρώτης
3375 2814 3520 2888 Μάρ-

1913 2927 2006 2960 κου
2033 2907 2406 2981 Εὐαγγελιστοῦ
2437 2908 2485 2960 ἐν
2511 2904 2857 2982 Ἀλεξανδρείᾳ
2885 2907 3149 2967 ἐκκλησίας
3178 2907 3408 2982 γράφων,
3449 2907 3523 2966 εἰς

1910 3064 2198 3122 Ιιιῑοῑὴθοω
2225 3067 2461 3122 maxime
2481 3109 2494 3131 ,
2524 3067 2743 3136 legunt,
2768 3068 2860 3121 sub
2884 3067 3061 3121 Nerva
3087 3066 3394 3132 Pertinace;
3423 3068 3517 3124 alii

1914 3140 2079 3192 etiam
2101 3139 2456 3193 vetustissimi
2483 3138 2620 3193 falso
2645 3139 2903 3202 retinent,
2927 3138 3026 3192 sub
3049 3138 3340 3194 Pertinace.
3372 3140 3521 3195 MAR-

1916 3225 2063 3281 rmt.
2117 3240 2177 3250 -—
2235 3210 2527 3276 Perperatn
2584 3225 2716 3264 mss.
2752 3221 3016 3281 quotquot
3048 3211 3384 3279 inspeximus
3426 3212 3520 3266 sub

1922 3279 2199 3335 Pertinace
2240 3281 2374 3336 redit
2419 3281 2720 3352 Ephesum,
2770 3279 2917 3351 quod
2957 3295 3011 3336 et
3061 3283 3241 3350 plures
3289 3283 3381 3337 alii
3435 3298 3518 3337 re-

1921 3352 2097 3423 tinent
2132 3353 2293 3407 etiam
2319 3354 2711 3417 vetustissimi,
2747 3365 2805 3407 ut
2834 3364 2887 3407 et
2913 3354 3040 3408 illud
3070 3355 3378 3422 exemplar,
3408 3370 3518 3423 quo

1919 3421 2144 3478 Graecus
2186 3425 2457 3492 interpres
2492 3439 2621 3479 usus
2656 3432 2766 3489 est,
2799 3425 2889 3494 qui
2938 3425 3067 3478 olim
3101 3427 3182 3482 ἐπὶ
3221 3421 3516 3494 nepetam;

1920 3494 2152 3562 legebat.
2176 3496 2403 3562 Quidam
2433 3497 2668 3550 maxime
2697 3496 3066 3550 Ambrosianae
3089 3494 3342 3550 Βίὺῑὶιιῑῖι.
3379 3506 3516 3548 teste

1918 3563 2236 3638 Martianzco
2280 3570 2373 3620 sub
2405 3566 2585 3622 Nerva
2626 3565 2902 3620 Pertinace
2943 3581 3041 3638 pro
3074 3568 3336 3638 principe,
3370 3565 3512 3638 unde

1917 3635 2151 3709 alterius
2180 3638 2384 3692 erroris
2406 3639 2625 3694 occasio
2653 3638 2828 3703 ﬂuxit,
2865 3645 2923 3692 ut
2944 3637 3172 3693 Nervam
3205 3635 3418 3709 penitus
3451 3636 3513 3690 li-

1914 3705 2087 3761 brarii
2113 3709 2455 3766 omitterent.

1991 3789 2017 3826 8
2042 3779 2244 3835 Christi
2276 3780 2398 3836 100.

1990 3848 2017 3886 ¹ι
2045 3853 2198 3906 llunc
2223 3852 2442 3922 quidam
2476 3852 2616 3907 male
2647 3852 2894 3908 Hermem
2922 3861 3137 3908 vocant.

1993 3944 2010 3981 ί
2045 3945 2197 4001 Unus
2227 3963 2257 4001 e
2287 3963 2420 4001 mss.
2484 3947 2685 4001 nostris
2723 3948 2923 4001 omittit
2963 3946 3288 4016 Asyncritum
3312 3985 3327 4010 ,
3378 3944 3517 4002 alter

1915 4016 2168 4088 Hermum
2194 4029 2248 4072 et
2280 4017 2506 4071 Heruteu
2537 4034 2556 4070 :
2584 4019 2776 4072 tertius
2807 4018 2932 4088 legit
2964 4015 3191 4070 Heruteu
3226 4015 3513 4071 Patro/tam

1918 4086 2171 4142 Hermum
2195 4105 2316 4142 eum
2348 4091 2542 4142 Cra-co
2572 4086 2889 4157 interprete.

1993 4181 2006 4230 i
2059 4183 2135 4236 Ita
2176 4182 2425 4250 plerique
2465 4184 2708 4236 sentiunt
2755 4180 2977 4236 secundi
3036 4193 3098 4234 ac
3140 4179 3282 4235 tertii
3329 4181 3514 4236 smculi

1917 4252 2226 4319 Scriptores
2264 4270 2275 4306 :
2321 4253 2626 4307 luculenter
2673 4267 2803 4307 vero
2852 4252 3112 4320 Origenes
3144 4251 3197 4304 in
3242 4250 3415 4320 Epist.
3445 4254 3511 4307 ad

1915 4321 2078 4378 Rom.
2114 4338 2228 4388 xvr,
2258 4323 2354 4387 Μ,
2393 4333 2448 4378 et
2481 4324 2745 4378 Eusebius
2781 4325 2819 4377 l.
2856 4339 2935 4383 in,
2968 4324 3020 4376 5.
3055 4321 3110 4375 Id
3152 4322 3269 4387 ipse
3310 4327 3514 4377 Auctor

1916 4396 2152 4449 innucre
2201 4395 2456 4450 videatur
2493 4398 2544 4448 in
2585 4394 2691 4448 line
2726 4394 2960 4448 Visionis
2989 4393 3240 4447 secunda:
3264 4435 3278 4460 ,
3317 4393 3403 4448 ubi
3444 4396 3511 4449 de

1914 4465 2202 4523 Clemente
2246 4468 2486 4532 loquitur
2515 4475 2570 4520 et
2612 4464 2836 4536 Grapta.
2871 4463 3390 4536 Sunt_nib_i|osecius
3420 4467 3512 4536 qui

1915 4553 1945 4591 a
1972 4540 2283 4594 recentiore
2312 4538 2537 4602 ilerma,
2573 4537 2688 4590 sive
2711 4534 3094 4607 Hermete,Pii
3123 4534 3348 4592 Romani
3380 4534 3513 4607 pon-

1910 4608 2070 4664 tilicis
2111 4609 2303 4674 fratre,
2333 4611 2594 4680 scriptum
2645 4607 2840 4680 librum
2883 4605 3248 4680 arbitrentur,
3278 4605 3511 4680 quorum

1910 4681 2068 4734 unica
2098 4680 2260 4752 ratio
2299 4697 2364 4736 ex
2394 4676 2917 4734 Pseudo-Anastasii
2954 4676 3309 4748 testimonio,
3345 4681 3510 4752 longe

1908 4761 1992 4804 est
2027 4751 2317 4806 infirmior.

1983 4819 2008 4857 ιε
2042 4819 2299 4893 Legimus
2322 4825 2439 4892 jam
2470 4836 2629 4893 ems.
2649 4827 2890 4893 nostro,
2937 4837 3036 4893 pro
3065 4838 3172 4892 quo
3199 4825 3353 4878 etiam
3378 4823 3510 4878 baca

1909 4901 2072 4945 tenus
2117 4891 2451 4946 obtinuerat.
2501 4891 2771 4945 Eusebius
2818 4891 2912 4952 ἤδη
2940 4891 3045 4950 “και
3073 4891 3123 4949 ἐν
3165 4898 3297 4950 τίσιν
3334 4895 3511 4952 ἐκκλη-

1911 4985 2073 5027 σιαις,
2105 4973 2213 5034 egc.
2251 4962 2375 5016 Vid.
2406 4963 2661 5034 Ruﬁnum
2692 4963 2757 5015 de
2775 4961 3057 5034 Symbolo.
3090 4964 3234 5018 ldctn
3264 4979 3365 5034 ms.
3399 4980 3506 5018 non

1911 5035 2074 5089 habet
2111 5033 2309 5088 Revera
2350 5033 2492 5086 utilis
2539 5033 2699 5098 liber,
2743 5033 2861 5101 qua:
2912 5046 3090 5090 tamen
3123 5035 3257 5102 legit
3286 5033 3511 5090 Cra-cus

1904 5107 2180 5174 interpres
2216 5123 2227 5156 :
2258 5116 2311 5160 et
2337 5105 2602 5174 Origenes
2629 5105 2751 5158 loco
2777 5122 2938 5176 supra
2966 5107 3131 5162 citato
3151 5148 3165 5172 ,
3199 5105 3327 5174 Qua:
3347 5107 3516 5176 scrip-

1907 5184 2050 5242 tura,
2084 5177 2283 5247 inquit,
2312 5178 2466 5230 valde
2486 5177 2611 5230 mihi
2633 5177 2779 5230 utilis
2799 5179 3020 5234 videtur.

1989 5265 2004 5304 ¹
2043 5267 2161 5322 Vim
2191 5268 2344 5322 verbi
2376 5283 2688 5340 usurpavere
2718 5285 2822 5324 non
2875 5270 3139 5326 intellexit
3171 5269 3393 5326 Grzecus
3426 5269 3510 5324 in-

1910 5348 2146 5413 terpres,
2191 5341 2289 5410 qui.
2313 5339 2797 5413 verliLunézlsibav
2837 5343 3099 5412 subfurati
3119 5353 3257 5396 sunt.

1984 5420 2022 5446 ω
2054 5411 2243 5466 Citant
2289 5427 2421 5466 vero
2463 5411 2870 5479 Tertullianus,
2907 5411 3112 5469 Auctor
3143 5413 3396 5468 ilomiliae
3440 5411 3511 5467 de

1910 5482 2260 5540 Aleatoribns
2287 5483 2430 5538 inter
2455 5483 2719 5554 Cypriani
2753 5499 2917 5552 opera
2937 5529 2949 5547 ,
2981 5485 3307 5539 Pliilastrins
3332 5524 3347 5549 ,
3377 5480 3511 5537 Cas-

1912 5559 2134 5625 sianus,
2177 5554 2453 5624 Prosper,
2493 5556 2717 5625 aliique.
2750 5557 2921 5610 immo
2959 5565 3014 5609 et
3057 5555 3248 5609 Latina
3303 5563 3511 5609 tantum

1912 5623 2034 5683 libri
2063 5626 2224 5696 hujus
2249 5623 2431 5681 νει-διο
2455 5623 2827 5682 vetustissima
2855 5636 3066 5680 aetatem
3102 5625 3245 5696 tulit.

1986 5709 2010 5733 η
2043 5695 2266 5773 Grattius
2306 5697 2583 5773 interpres
2611 5700 2818 5773 τεχθεὶς
2859 5699 2907 5773 ἐν
2941 5695 3295 5773 Ἀλεξανδρείᾳ
3316 5736 3330 5755 .
3355 5704 3508 5752 natus

1913 5769 2268 5837 Alexandriae,
2295 5767 2751 5839 quemadmodum
2785 5777 2838 5821 ct
2860 5767 3055 5823 Suida~
3082 5767 3291 5822 recitat.

1991 5849 2015 5876 ο
2047 5835 2581 5910 Etsupra'notatum
2630 5849 2714 5892 est
2745 5840 2798 5892 in
2845 5840 3060 5910 Marco,
3094 5839 3232 5894 hanc
3278 5840 3345 5895 de
3383 5835 3514 5896 Phi-

1916 5909 2057 5965 lonis
2089 5908 2234 5966 libro
2261 5914 2383 5980 περί
2419 5911 2534 5976 βίου
2566 5912 2897 5982 Θιωρητικοῦ,
2919 5911 2952 5966 ii
2982 5909 3155 5967 ἱκετῶν
3181 5912 3510 5970 sententiam
