4054 6464
491 274 589 330 631
1745 269 1807 323 S.
1850 265 2122 324 EUSEBH
2164 267 2546 324 HIERONYHI
3739 271 3902 327 632

488 388 630 442 liber
657 386 798 454 ejus,
821 385 914 456 qui
937 383 1252 439 inscribitur
1277 383 1396 459 περὶ
1419 381 1799 459 Αὐτοκράτορος
1818 384 2084 453 λογισμοῦ,
2117 411 2133 454 Α

2242 385 2444 456 ιάτορος
2471 383 2742 454 λογισμοῦ,
2771 384 3029 459 ἐξαίρετος
3058 384 3216 450 πάνυ,
3246 387 3293 441 ἐν
3324 383 3363 459 ᾧ
3387 387 3474 440 καί
3493 391 3594 442 τοῦ
3617 388 3902 449 πάθους

490 483 650 536 valde
672 482 891 550 elegans
922 480 1174 546 habetur,
1204 479 1258 533 in
1282 493 1389 548 quo
1414 485 1470 532 et
1497 477 1932 531 Machabazorum
1965 483 2092 528 sunt

492 577 700 647 digesta
747 575 1033 646 martyria.
1088 574 1185 628 Hic
1231 574 1285 628 in
1328 573 1547 627 decimo
1585 581 1782 626 octavo
1842 570 2096 640 Antiqui-

490 679 666 723 tatum
703 667 861 732 libro,
895 664 1344 721 manifestissime
1385 664 1706 730 conﬁtetur,
1737 671 1961 733 propter
1984 675 2098 714 ma-

494 762 843 833 gnitudinem
876 761 1182 830 signorum,
1229 757 1511 814 Christum
1549 773 1577 810 a
1606 757 1898 813 Pharisa-is
1928 756 2098 810 inter-

489 858 735 922 iectum,
788 865 843 909 et
885 852 1150 908 Joannem
1218 850 1514 921 Baptistam
1583 867 1710 906 rere
1777 849 2096 920 prephetam

493 947 699 1013 fuisse,
741 959 794 1002 et
827 957 1050 1017 propter
1079 944 1524 1001 interiectionem
1553 954 1577 980 ει
1608 943 1801 998 Jacobi
1839 942 2098 1012 apostoli,

499 1041 736 1093 dirutam
769 1038 1228 1108 Hierosolymam.
1255 1036 1282 1074 δ
1306 1036 1540 1106 Scripsit
1561 1048 1742 1090 autem
1768 1034 1837 1089 de
1871 1035 2103 1088 Domino

499 1136 554 1190 in
588 1135 732 1190 hunc
774 1134 995 1188 modum
1023 1151 1038 1185 ε
1087 1132 1283 1186 Eodem
1309 1141 1540 1201 tempore
1576 1132 1679 1200 fuit
1724 1127 1877 1183 Iesus
1904 1130 1984 1182 vir
2014 1145 2099 1181 sa-

501 1229 675 1296 piens,
708 1227 752 1278 si
776 1237 945 1278 tamen
977 1225 1147 1278 virum
1174 1233 1373 1295 oportet
1404 1239 1524 1276 eum
1564 1223 1757 1276 dicere.
1795 1219 1926 1273 Erat
1967 1219 2105 1273 enim

501 1320 826 1374 mirabilium
860 1327 1099 1386 patrator
1145 1334 1380 1388 operum,
1429 1328 1475 1370 et
1499 1318 1684 1370 doctor
1705 1332 1905 1382 eorum,
1929 1315 2019 1382 qui
2043 1315 2109 1367 li-

501 1416 676 1468 benter
702 1431 820 1466 vera
845 1413 1142 1480 suscipiunt
1169 1428 1187 1465 :
1204 1413 1460 1483 plurimos
1475 1428 1678 1482 quoque
1699 1423 1804 1465 tam
1832 1409 2107 1463 deJudaeis

501 1524 654 1578 quam
685 1508 746 1560 de
777 1507 1013 1576 gentibus
1056 1504 1340 1559 suihabuit
1387 1514 1686 1567 sectatores,
1711 1515 1755 1556 et
1804 1504 2112 1557 credebatur

505 1619 614 1654 esse
663 1611 684 1638 ε
718 1599 976 1653 Christus.
1032 1598 1262 1668 Cumque
1329 1598 1526 1650 invidia
1610 1606 1902 1651 nostrorum
1956 1597 2114 1651 Prin-

502 1697 699 1765 cipum,
725 1695 864 1747 cruci
894 1710 1009 1746 eum
1039 1693 1246 1747 Pilatus
1295 1693 1623 1756 addixisset,
1656 1691 1995 1744 nihilominus
2027 1691 2114 1760 qui

2242 1690 2366 1742 ιύτὸν
2421 1690 2804 1761 ἀγαπήσαντες.
2857 1689 3036 1762 Ἒφάνη
3083 1693 3184 1765 γὰρ
3235 1694 3406 1752 αὐτοῖς
3459 1696 3643 1767 τρίτην
3693 1693 3873 1764 ἔχων

505 1807 622 1844 eum
652 1789 678 1824 ά
709 1790 933 1858 primum
981 1788 1295 1850 dilexerant,
1334 1794 1807 1857 perset'eraverunt.
1852 1783 2113 1852 Apparuit

2242 1782 2412 1854 ἱμέραν
2444 1781 2594 1835 πάλιν
2625 1786 2744 1845 ζῶν,
2773 1788 2873 1837 τῶν
2907 1783 3051 1836 Θείων
3089 1792 3359 1856 προφητῶν
3387 1792 3551 1839 ταῦτα
3584 1790 3673 1840 καὶ
3708 1785 3873 1843 ἄλλα

2194 483 2294 530 τῶν
2325 476 2668 530 Μακκαϐαίων
2707 478 2944 548 ἐμνήσθη.
2989 475 3152 540 Οὗτος
3192 480 3240 532 ἐν
3278 488 3352 553 τῷ
3381 479 3894 552 ὀκτωκαιδεκάτῳ

2194 579 2288 628 τῆς
2317 571 2691 644 ἀρχαιολογίας
2711 571 2839 645 λόγῳ
2864 581 3090 650 φανερῶς
3115 573 3349 648 ὁμολογεῖ
3365 617 3380 641 ,
3413 574 3501 632 διὰ
3540 578 3643 631 τὸν
3677 574 3892 646 ὄγκον

2197 669 2299 716 τῶν
2352 667 2590 733 σημείων,
2645 667 2728 719 τὸν
2771 667 2988 738 Χριστὸν
3024 669 3281 740 cerealea.
3317 672 3461 745 παρὰ
3490 675 3887 742 Φαρισαίων,

2198 757 2282 806 καί
2311 754 2538 812 Ἰωάννην
2557 756 2644 810 τὸν
2665 756 2961 827 βαπτιστήν
2978 759 3172 820 ἀληθῶς
3191 764 3494 832 γεγενῆσθαι
3521 769 3886 838 προφήτην,

2200 848 2286 899 καί
2313 844 2396 899 διὰ
2419 852 2511 904 τήν
2539 854 2733 920 σφαγήν
2760 849 3000 902 Ἰακώϐου
3026 857 3118 904 τοῦ
3147 850 3459 908 Ἀπωτόλου
3490 857 3558 909 τὰ
3600 854 3892 931 Ἰεροσὸ-

2200 939 2337 1011 λυμα
2374 942 2742 1016 πεπορθῆσθαι.
2795 940 3023 1019 ’Ἔγραψε
3079 943 3134 998 δὲ
3186 950 3433 1025 καὶπερὶ
3488 955 3580 1002 τοῦ
3635 955 3884 1021 Κυρίου

2203 1033 2385 1094 οὕτως·
2416 1041 2610 1088 Γίνεται
2639 1034 2692 1089 δὲ
2719 1040 2850 1091 κατὰ
2879 1044 3062 1092 τοῦτον
3090 1040 3176 1094 τὸν
3201 1042 3389 1116 χρόνον
3413 1042 3648 1107 Ἰησοῦς,
3677 1045 3886 1116 σοφὸς

2205 1126 2354 1200 ἀνὴρ,
2400 1123 2499 1196 εἴγε
2531 1123 2691 1205 ἄνδρα
2725 1131 2880 1184 αὐτὸν
2910 1131 3067 1202 λέγειν
3096 1137 3226 1206 χρή.
3255 1130 3345 1186 Ἦν
3374 1136 3476 1210 γὰρ
3514 1135 3886 1212 παραδόξων

2207 1215 2367 1293 ἔργων
2392 1227 2636 1286 ποιητής,
2668 1219 2975 1283 διδάσκαλος
3009 1225 3286 1298 ἀνθρώπων
3321 1235 3425 1282 τῶν
3642 1230 3882 1288 τά),ώῆ

2207 1309 2519 1383 δεχομένων,
2565 1319 2650 1369 καί
2693 1317 2904 1376 πολλοὺς
2951 1320 3039 1389 μὲν
3069 1317 3373 1387 Ἰουδαίους,
3407 1323 3635 1385 πολλοὺς
3671 1323 3740 1378 δὲ
3772 1329 3882 1379 καὶ

2208 1413 2302 1462 τοῦ
2349 1407 2648 1475 ἑλληνισμοῦ
2701 1411 3001 1480 ἐπηγάγετο,
3059 1411 3084 1466 ὁ
3142 1416 3364 1490 Χριστὸς
3412 1413 3566 1476 οὗτος
3608 1414 3703 1475 ἦν.
3758 1423 3876 1472 Καὶ

2212 1503 2368 1556 αὐτὸν
2388 1501 2590 1566 ἐνδείξει
2634 1511 2736 1558 τῶν
2771 1508 2991 1576 πρώτων
3017 1505 3208 1580 ἀνδρῶν
3246 1509 3372 1583 παρ’
3419 1512 3564 1581 ἡμῖν,
3609 1520 3876 1585 στανρῷ

2213 1596 2629 1667 ἐπιτετιμηκότος
2674 1595 2912 1661 Πιλάτου,
2965 1599 3052 1651 οὐκ
3094 1599 3392 1654 ἐπαύσαντο
3436 1602 3483 1654 οἱ
3513 1603 3572 1655 τὸ
3619 1611 3877 1676 πρῶτον

500 1886 638 1937 enim
667 1884 740 1936 eis
773 1882 926 1934 tertia
955 1879 1040 1933 die
1061 1881 1253 1932 vivens.
1287 1876 1461 1931 Multa
1491 1887 1539 1931 et
1573 1877 1682 1930 haec
1712 1877 1820 1930 alia
1852 1876 2112 1928 mirabilia

505 1975 827 2028 carminibus
878 1971 1261 2043 PrOphetarum
1325 1971 1388 2024 de
1437 1987 1497 2024 eo
1565 1969 2008 2034 vaticinantibus,
2068 1978 2116 2022 et

2221 1877 2383 1949 μυρία
2411 1878 2532 1948 περὶ
2553 1875 2711 1929 αὐτοῦ
2740 1871 3027 1950 εἰρηκότων,
3058 1873 3131 1936 εἵς
3172 1897 3226 1930 τε
3264 1883 3351 1932 νῦν
3376 1887 3704 1953 Χριστιανῶν
3735 1882 3868 1935 ἀπὸ

2221 1968 2369 2024 τοῦδε
2400 1971 2773 2040 ὠνομασμένων
2798 1972 2888 2023 οὐκ
2918 1967 3064 2024 {iure
3093 1970 3152 2025 τὸ
3182 1971 3351 2042 eam.

504 2089 666 2143 usque
707 2071 864 2125 hodie
915 2069 1330 2124 Christianorum
1358 2083 1483 2140 gens
1509 2067 1572 2120 ab
1619 2071 1715 2121 hoc
1739 2069 1924 2120 sortita
1956 2067 2288 2132 uocabulum,
2319 2083 2421 2120 non
2452 2066 2664 2138 defecit.

1932 2206 2190 2271 CAPUT
2237 2207 2412 2269 XIV.

583 2318 746 2391 853
765 2316 952 2372 Justus
973 2324 995 2354 θ
1009 2313 1367 2379 Tiberiensis,
1387 2311 1456 2369 de
1472 2311 1746 2382 provincia
1763 2310 2010 2378 Galilaea,
2027 2327 2123 2366 co-

507 2423 667 2470 natus
683 2423 765 2467 est
783 2421 838 2466 et
863 2409 1359 2481 ipseJudaicaruin
1386 2422 1566 2463 rerum
1601 2407 1884 2461 historiam
1909 2415 2118 2470 texere,

513 2520 570 2565 et
595 2508 860 2579 quosdam
901 2503 1400 2561 Commentariolos
1435 2500 1453 2539 τ
1487 2501 1556 2556 de
1584 2500 1886 2571 Scripturis
1915 2509 1938 2547 Β
1971 2514 2126 2554 com-

515 2617 763 2674 ponere:
816 2599 908 2654 sed
957 2598 1103 2653 hunc
1149 2595 1422 2666 Josepbus
1453 2593 1564 2666 (In
1588 2591 1730 2648 Just.
1776 2592 1918 2662 Vita)
1948 2593 2128 2662 arguit

515 2693 810 2750 mendacii.
862 2692 1088 2747 Constat
1134 2699 1314 2745 autem
1347 2687 1500 2742 illum
1548 2700 1614 2740 eo
1657 2696 1902 2754 tempore
1949 2683 2128 2751 scrip-

520 2787 682 2853 sisse,
713 2799 823 2855 quo
847 2793 904 2840 et
931 2783 1223 2853 Josephus.

2493 2313 2718 2374 Ἰοῦστος
2741 2310 3059 2390 Τιϐεριάδος,
3092 2314 3358 2392 ἐπαρχίας
3381 2313 3657 2374 Γαλιλαίας
3673 2355 3690 2379 ,
3723 2315 3856 2370 ἐπε-

2225 2411 2446 2482 χείρησε
2491 2410 2581 2478 μὲν
2627 2410 2712 2462 καὶ
2755 2409 2908 2468 αὐτὸς
2949 2406 3226 2468 Ἰουδαῖκήν
3274 2409 3506 2483 ἱστορίαν
3551 2411 3847 2477 συντάξαι,

2227 2505 2314 2555 καί
2331 2523 2447 2556 τινα
2475 2502 2816 2574 ὑπομνήματα
2829 2505 2952 2578 περί
2977 2510 3202 2579 γραφῶν,
3223 2504 3346 2557 ἀλλά
3367 2509 3551 2559 τοῦτον
3573 2505 3849 2567 Ἰώσηπος

2229 2595 2434 2668 ἐλέγχει
2460 2595 2804 2669 ψευσάμενον.
2830 2599 2922 2650 Καὶ
2944 2599 3046 2672 γὰρ
3082 2598 3131 2651 ἐν
3166 2597 3333 2668 ἐκείνῳ
3373 2603 3448 2667 τῷ
3478 2604 3641 2672 καιρῷ
3678 2599 3848 2652 συνέ-

2231 2708 2421 2762 γραφεν
2450 2685 2648 2758 ὄτεῖκαί
2677 2689 2946 2752 Ἰώσηπος.

1959 2869 2219 2934 CAPUT
2260 2872 2405 2935 XV.

598 2985 875 3052 Clemens,
902 2985 930 3022 ιι
960 2985 1030 3040 de
1070 2999 1178 3055 quo
1226 2982 1527 3053 Apostolus
1563 2980 1766 3037 Paulus
1797 2979 1866 3035 ad
1909 2979 2120 3051 Philip-
2147 2994 2193 3056 ρ

525 3094 728 3153 penses
769 3081 1049 3146 scribens,
1088 3081 1203 3146 ait,
1237 3079 1367 3133 Cum
1397 3076 1659 3133 Clemente
1689 3087 1734 3132 et
1765 3078 1963 3132 caeteris
1995 3076 2009 3113 ί
2045 3094 2132 3131 co-

527 3175 893 3250 operatoribus
946 3175 1107 3241 meis,
1139 3190 1359 3245 quorum
1411 3173 1622 3226 nomina
1675 3174 1873 3242 scripta
1922 3175 2138 3228 suntin

526 3271 664 3326 libro
699 3270 819 3322 vita:
841 3266 1066 3337 (Philip.
1098 3282 1178 3333 iv,
1198 3265 1520 3337 3),quartus
1553 3273 1676 3335 post
1706 3266 1921 3320 Petrum
1950 3265 2142 3321 Roma:

529 3365 828 3436 episcopus
885 3380 898 3416 :
959 3361 1232 3432 siquidem
1279 3359 1553 3415 secundus
1579 3359 1749 3415 Linus
1791 3359 1909 3426 fuit,
1945 3361 2142 3416 tertius

532 3461 547 3509 ι
580 3455 900 3521 Anaclctus,
935 3454 1152 3509 tametsi
1182 3453 1435 3524 plerique
1462 3452 1800 3521 Latinorum,
1838 3454 2139 3509 secundum

528 3559 657 3620 post
683 3547 710 3586 κ
740 3548 966 3604 Petrum
1000 3547 1324 3618 Apostolum
1355 3554 1546 3617 putent
1576 3545 1744 3601 luisse
1773 3545 2138 3604 Clementem.

532 3771 538 3792 ε
607 3743 636 3772 ι
678 3733 754 3788 De
783 3731 891 3788 hoc
920 3745 1108 3802 supra,
1134 3743 1258 3802 cap.
1289 3729 1348 3784 2.

595 3805 623 3844 ιι
639 3777 1393 3876 sZr‘iﬁiifaiigdie‘BEmHo.
1413 3800 1592 3876 Habes
1605 3801 1695 3876 hic
1709 3801 2135 3859 famosissimum

529 3874 766 3945 Josepbi‘
788 3876 857 3930 de
885 3874 1106 3929 Christo
1139 3875 1368 3928 Domino
1409 3875 1782 3947 testimonium
1813 3876 1864 3930 in
1896 3876 2135 3947 linguam

531 3944 781 4005 Latinam
819 3947 887 4001 ab
919 3947 1249 4017 Hieronymo
1292 3944 1615 4000 translatum
1655 3955 1806 4001 tanta
1851 3944 2136 4016 prudentia

531 4035 598 4075 ac
626 4017 935 4074 eruditione
960 4059 975 4083 ,
1019 4028 1078 4072 ut
1116 4017 1223 4071 illis
1259 4018 1601 4071 antevenerit
1628 4031 1824 4072 omnes
1855 4019 2001 4071 viros
2037 4020 2139 4072 do-

531 4089 1000 4173 ctos,lqniGraeca.
1014 4089 1179 4173 νει-[ιιι
1204 4086 1448 4156 Josephi,
1475 4089 1738 4173 ὁΧριστρς
1761 4085 1910 4173 οὗτος
1934 4087 2014 4152 ἦν,
2031 4090 2138 4161 ipse

531 4173 643 4218 erat
670 4159 903 4215 Christus
927 4202 942 4225 ,
976 4159 1214 4214 fatentur
1243 4174 1349 4212 non
1387 4174 1511 4214 esse
1557 4159 1909 4230 intelligenda
1954 4168 2013 4213 ut
2049 4159 2139 4213 So-

535 4243 689 4296 nant,
722 4234 817 4287 sed
844 4233 998 4299 juxta
1027 4245 1247 4285 sensum
1276 4230 1555 4300 Auctoris,
1588 4245 1749 4300 quem
1775 4234 1979 4298 optime
2008 4231 2135 4286 Ilie-

533 4318 796 4376 rouytnus
828 4296 1098 4376 enprQSsit
1127 4301 1365 4376 dicens:
1400 4296 1469 4353 Et
1513 4296 1823 4376 credebatur
1845 4301 2137 4376 esse_Chri-

538 4372 667 4430 stus.
697 4372 934 4429 Consule
963 4372 1502 4442 Demonstrationem
1529 4373 1910 4442 Evangelicam
1942 4373 2142 4428 doctis-

540 4447 666 4501 simi
696 4447 794 4498 viri
827 4444 888 4497 P.
925 4443 1163 4498 Danielis
1193 4441 1396 4507 Huetii,
1429 4442 1660 4514 Pr0pos.
1687 4441 1759 4499 7m
1782 4484 1797 4509 ,
1836 4459 1959 4514 pag.
1985 4444 2055 4498 27
2085 4452 2143 4500 et

542 4532 725 4586 seqq:
735 4515 1004 4570 Murrum.

623 4569 1024 4658 3:_Frecnlphus
1046 4602 1190 4658 saepe
1217 4589 1490 4655 laudatus,
1515 4584 1739 4658 quihoc
1766 4586 2140 4658 testimonium
2170 4569 2225 4630 D

541 4673 614 4715 ex
660 4656 994 4730 Hieronymo
1031 4656 1357 4730 descripsit,
1396 4674 1502 4716 nOn
1537 4657 1700 4730 habet
1727 4657 2138 4730 voculamﬂesse,

545 4743 648 4802 pro
686 4744 790 4799 qua
826 4728 967 4802 eod.
1029 4728 1518 4802 Norimberg‘ensis
1557 4728 1688 4799 legit
1733 4729 1909 4802 etiam.
1964 4729 2142 4784 Verba

543 4801 768 4868 Josephi
815 4799 1091 4871 ὁΧριστός
1121 4799 1270 4864 οὗτος
1307 4799 1397 4869 ἦν,
1447 4801 1612 4856 aliter
1667 4816 1731 4855 ac
1778 4800 2144 4871 Hieronymus

549 4872 734 4939 vertit,
771 4871 1003 4943 intelligi
1031 4876 1252 4928 omnino
1284 4891 1392 4930 non
1434 4880 1667 4942 possunt
1695 4887 1724 4927 a
1756 4871 1998 4940 Joscpho
2023 4887 2146 4940 pro-

548 4947 677 5012 lata,
727 4944 771 4999 si
805 4948 968 5000 modo
1007 4944 1125 5014 ejus
1176 4954 1338 5012 sunt;
1385 4959 1484 5001 nec
1537 4943 1795 5014 enimide
1846 4943 2145 5014 testimoiiii

545 5021 907 5088 germanitate
938 5013 1138 5072 est'hic
1166 5017 1317 5088 locus
1340 5018 1404 5072 ad
1431 5013 1835 5088 disserendum.
1870 5013 2004 5068 lllud
2053 5031 2150 5088 po-

551 5085 659 5142 iius
691 5089 1090 5153 animadverte,
1119 5087 1300 5156 alien-ri
1345 5089 1435 5143 hic
1473 5103 1502 5141 a
1524 5086 1857 5156 Sophronio,
1891 5095 2055 5154 prout
2095 5085 2147 5140 in

551 5157 783 5226 Josephi
808 5158 948 5212 libro
975 5171 1125 5220 xvnt,
1150 5171 1202 5210 c.
1233 5155 1268 5207 4
1311 5165 1524 5225 exstat,
1550 5155 1682 5221 non,
1717 5156 1949 5226 ut:alias
1985 5159 2151 5225 solet,

550 5245 622 5287 ex
641 5227 979 5298 Hieronymo
1020 5241 1160 5298 nova
1199 5227 1650 5295 interpretatione
1676 5227 1932 5296 exprimi.

622 5299 650 5336 ἀ
701 5298 848 5354 Idem
891 5297 1268 5366 Freculphus,
1319 5307 1373 5352 et
1407 5298 1707 5354 Veronens.
1739 5299 1862 5353 cod.
1902 5298 2159 5353 omittunt

553 5372 780 5443 primum
807 5415 826 5443 ,γ
859 5377 992 5443 tum
1032 5376 1156 5443 post
1184 5368 1873 5443 perseueraueruntaliquot‘
1889 5385 2022 5424 mss.
2057 5370 2154 5424 ad-

553 5438 690 5498 dunt
713 5444 765 5495 in
792 5441 917 5510 ﬁde,
951 5439 1289 5510 Freculphns
1317 5441 1370 5494 in
1401 5456 1482 5506 eo,
1510 5439 1601 5509 qui
1630 5440 1758 5493 item
1790 5438 1929 5492 infra
1962 5454 2157 5495 nomen

554 5511 967 5568 Christianorum
999 5528 1106 5567 non
1137 5512 1403 5581 agnoscit.

631 5593 654 5620 ε
685 5583 822 5639 Male
851 5585 902 5639 in
933 5585 1056 5640 cod.
1090 5584 1147 5639 S.
1175 5579 1389 5645 Crucis.
1445 5581 1698 5648 aliisque,
1727 5588 1784 5636 et
1809 5579 1949 5650 apud
1980 5579 2163 5637 Hono-

556 5655 734 5718 rium,
761 5651 1022 5710 Justinus.
1056 5655 1181 5711 Vid.
1215 5655 1418 5713 Euseb.
1450 5669 1529 5720 Ill,
1562 5651 1650 5707 10.

635 5723 654 5760 ί
676 5793 682 5794 ί
707 5723 765 5777 ln
810 5727 1133 5794 quibusdam
1176 5727 1508 5785 editionibus
1545 5723 1869 5780 omittuntur
1895 5721 2060 5780 verba
2097 5721 2162 5778 de

561 5791 887 5862 Scripturis,
922 5810 1041 5861 quas
1071 5799 1185 5865 ipse
1233 5798 1396 5854 etiam
1443 5795 1714 5854 Suti‘ridus
1761 5795 1907 5853 Petri
1954 5796 2161 5866 putavit

2296 2985 2517 3058 Κλήμης,
2549 2987 2669 3064 περὶ
2702 2985 2760 3042 οὗ
2789 2985 2981 3048 Παῦλος
3015 2983 3042 3042 ὁ
3087 2982 3395 3046 ’Δπόστολος
3428 2981 3559 3046 πρὸς
3592 2982 3844 3040 Otium-

2239 3081 2386 3139 σίους
2422 3078 2650 3156 γράφων,
2697 3081 2857 3152 λέγει’
2901 3080 3042 3134 Μετὰ
3085 3081 3170 3133 καί
3213 3079 3494 3148 Κλήμεντος
3520 3114 3534 3128 .
3585 3078 3845 3151 Τέταρτος

2239 3173 2372 3241 μετὰ
2424 3173 2609 3246 Πέτρον
2644 3171 2842 3244 Ῥώμης
2878 3173 3213 3232 Ἐπίσκοπος·
3261 3172 3506 3247 Δεύτερος
3552 3171 3658 3244 γὰρ
3697 3176 3842 3226 Δῖνος

2240 3265 2458 3335 ἐγένετο,
2487 3267 2662 3338 τρίτος
2689 3265 3038 3338 ’Δνέγκλητος,
3077 3266 3121 3318 εί
3154 3265 3237 3318 καὶ
3261 3263 3434 3318 πολλοὶ
3461 3269 3564 3318 τῶν
3584 3260 3839 3332 Ῥωμαίων

2241 3359 2678 3432 ὑπολαμϐάνουσι,
2721 3355 2959 3434 δεύτερον
3003 3359 3135 3429 μετὰ
3176 3357 3262 3411 τὸν
3304 3353 3614 3411 ’Δπόστολον
3643 3362 3840 3426 ’γεγενῆ-

2241 3455 2360 3509 σθαι
2408 3454 2681 3524 Κλήμεντα.
2711 3447 2966 3526 Ἐγραψεν
3009 3452 3064 3504 ἐκ
3107 3451 3393 3525 προσώπου
3441 3456 3534 3507 τῆς
3577 3447 3839 3506 ἐκκλησίας

2241 3545 2438 3618 Ῥώμης
2465 3545 2596 3623 πρὸς
2622 3548 2714 3602 τήν
2741 3544 2792 3597 ἐν
2830 3543 3048 3617 Κορίνθῳ
3075 3541 3343 3599 ἐκκλησίαν
3370 3539 3668 3598 Ἐπιστολὴν
3697 3535 3832 3592 πάνυ

2245 3729 2543 3786 abundare.
2569 3727 2628 3783 lu
2657 3727 2849 3784 Graaco
2877 3727 3007 3784 olim
3035 3735 3151 3783 erat
3179 3727 3528 3804 περιγράφειν.

2321 3835 2346 3872 8
2377 3825 2612 3880 Verbum
2643 3839 2948 3893 componere
2987 3838 3095 3879 non
3126 3822 3331 3875 addunt
3369 3820 3589 3893 codices
3635 3821 3829 3893 nostri,

2248 3911 2352 4022 nedc
2379 3895 2602 3952 Griecus
2647 3890 2934 3964 interpres.
2959 3894 3167 3965 Scripta
3203 3893 3364 3963 hujus
3387 3890 3641 3947 Auctoris
3667 3892 3829 3947 inter-

2248 3983 2297 4022 ei
2343 3984 2455 4022 ere.

2248 3983 2455 4022 CIUCI‘C.

2321 4037 2349 4076 ιι
2389 4039 2704 4094 Consonant
2757 4037 3090 4107 Hieronymo
3135 4035 3400 4106 Origenes
3444 4034 3500 4090 in
3545 4034 3824 4094 Joannem.

2250 4111 2518 4166 Eusebius
2564 4111 2700 4165 Hist.
2733 4109 2882 4165 Eccl.
2913 4125 2992 4176 ιιι,
3027 4109 3116 4174 15,
3160 4107 3499 4178 Epiphanius
3530 4109 3712 4161 haeres.
3738 4107 3822 4160 27.

2247 4180 2482 4236 Ruﬁnus
2507 4181 2576 4236 de
2619 4181 2871 4236 Adulter.
2931 4182 3118 4236 Iibror.
3165 4179 3441 4248 Origenis,
3469 4178 3747 4232 Primasius
3774 4180 3821 4231 in

2247 4252 2670 4308 Commentariis
2702 4254 2752 4306 in
2800 4253 2942 4306 hunc
2971 4251 3226 4322 Epistolas
3265 4251 3332 4303 ad
3369 4251 3722 4322 l’hilippeuses
3748 4249 3820 4322 lo-

2249 4340 2412 4392 cum,
2464 4335 2518 4379 et
2553 4339 2618 4378 ex
2658 4317 3058 4379 recentioribus
3113 4322 3356 4391 plerique
3407 4317 3522 4374 alii:
3560 4317 3817 4392 Nihilomi-

2250 4412 2356 4451 nus
2381 4391 2548 4450 alium
2590 4395 2660 4449 ab
2705 4397 2808 4450 isto
2836 4395 3174 4450 Clementem
3207 4393 3395 4456 fuisse,
3441 4406 3598 4460 quem
3645 4391 3821 4444 Paulus

2251 4467 2521 4537 designat,
2547 4481 2779 4536 eumque
2803 4465 3167 4536 Philippensis
3188 4463 3450 4537 Ecclesia}
3473 4463 3821 4534 presbyterum

2251 4534 2532 4665 extitisse,
2587 4534 2698 4592 alii
2737 4553 2846 4593 non
2890 4534 3306 4593 contemnendis
3346 4537 3668 4605 argumentis
3704 4547 3820 4589 con-

2252 4619 2338 4665 ten
2384 4620 2498 4664 ttnt.

2252 4619 2498 4665 tendunt.

2328 4681 2342 4719 ί
2380 4682 2464 4736 Al.
2498 4681 2913 4749 cooperautibus.
2944 4677 3022 4735 De
3050 4693 3206 4734 more
3243 4677 3415 4749 prima
3447 4685 3646 4732 tantum
3674 4676 3817 4733 verba

2248 4752 2411 4809 affert
2441 4753 3004 4820 Pseudosophrouius.

2325 4847 2339 4897 i
2393 4845 2594 4900 Tertius
2626 4844 2916 4900 Anacletus.
2953 4846 3205 4901 Consona
3239 4859 3371 4901 voce
3409 4847 3489 4901 sic
3518 4845 3694 4916 legunt
3718 4858 3817 4916 om-

2251 4932 2347 4973 nes
2378 4933 2508 4972 mss.
2556 4917 2792 4972 codices.
2843 4917 3032 4974 Videat
3085 4917 3311 4988 proinde
3359 4915 3817 4988 Marianus,_unde

2252 4987 2450 5044 Cletum
2479 5004 2575 5056 pro
2601 4988 2846 5042 Anucleto
2875 4986 3182 5045 ohtrudérit
3228 4989 3281 5042 in
3315 4997 3621 5042 centextutn
3651 4986 3814 5042 Πίονος

2256 5063 2424 5131 nymi,
2457 5061 2726 5114 Maurum.
2763 5090 2828 5099 —
2858 5061 3162 5115 Anacletum
3200 5061 3386 5129 legunt
3438 5069 3666 5129 quoquot
3699 5058 3816 5112 Mar-

2253 5136 2505 5196 tianceus,
2553 5143 2606 5184 et
2651 5147 2750 5185 nos
2815 5132 3150 5200 inspeximus
3214 5145 3374 5196 mss.,
3426 5140 3625 5184 tantum
3673 5132 3815 5184 Vero-

2259 5203 2444 5277 nensis
2471 5202 2826 5277 Anencletus:
2855 5203 3171 5277 Ἀνέγκλητος
3193 5201 3437 5277 ΔΙνιδιιτιξο.
3477 5201 3587 5277 Sed
3623 5211 3668 5256 et
3703 5200 3814 5277 Ere-

2259 5272 2520 5343 culphus,
2559 5273 2710 5339 Ado,
2758 5272 3063 5340 Honorius,
3115 5273 3317 5342 aliique
3360 5273 3429 5343 ita
3476 5273 3665 5342 legunt.
3714 5273 3812 5325 Vic-

2261 5342 2432 5400 torius
2465 5345 2651 5399 maluit
2681 5344 2872 5410 Cletus,
2929 5356 2986 5398 ut
3029 5352 3146 5398 erat
3200 5343 3342 5412 apud
3395 5342 3633 5398 Gracum
3675 5344 3812 5397 inter-

2263 5429 2493 5488 pretem.
2539 5415 2844 5487 Utcumque
2879 5417 3116 5488 scribas,
3152 5413 3338 5488 doctis
3379 5415 3509 5468 viris
3554 5428 3650 5468 non
3693 5414 3808 5468 alius

2266 5486 2528 5558 probatur
2556 5502 2677 5542 esse
2701 5486 2886 5544 Cletus
2910 5487 2976 5542 ab
2995 5486 3277 5542 Anaeleto.

2332 5580 2356 5619 ιι
2389 5581 2561 5637 Abest
2609 5582 2754 5638 Petri
2795 5595 2990 5636 nomen
3036 5594 3064 5633 a
3103 5580 3291 5634 codice
3318 5587 3506 5634 nostro
3531 5619 3546 5642 ,
3576 5588 3627 5635 et
3651 5578 3806 5635 Grieco

2262 5653 2579 5723 interprete.
2611 5653 2742 5720 Quae
2792 5659 3114 5723 sequuntur,
3165 5667 3229 5706 ex
3274 5649 3496 5706 Eusebii
3528 5651 3616 5706 lib.
3645 5666 3691 5705 tu
3731 5666 3804 5706 reo

2264 5737 2404 5794 pete.
