4022 6382
85 351 186 417 6M

1202 357 1411 419 LIBER
1455 356 1540 418 DE
1584 355 1764 421 VIRIS
1803 355 2280 420 ILLUS'I‘RIBUS.

3300 343 3407 428 sta

87 453 422 538 exprimeret
453 473 846 528 characterem.
866 469 1073 528 Asserit
1102 486 1161 527 se
1190 472 1402 527 venisse
1433 472 1535 527 sub
1565 470 1696 528 Ani—

1836 475 2040 532 ολούσει.
2075 473 2263 529 Φάσκιι
2297 468 2351 528 δὲ
2391 469 2659 534 ἐπιστῆναι
2698 478 2760 548 τῇ
2795 468 2960 548 Ῥώμῃ
2990 467 3363 535 ἔπίἈ-ιικήτου
3388 517 3403 538 ,

85 567 208 614 octo
251 560 513 629 Romam,
567 563 657 631 qui
697 563 936 619 decimus
976 571 1095 634 post
1142 563 1358 619 Petrum
1407 565 1698 636 episc0pus

84 652 205 718 fuit,
241 662 267 690 τι
291 666 346 710 et
375 671 761 725 perseverasse
785 673 950 729 usque
969 657 1037 714 ad
1066 658 1414 714 Eleutherum
1449 659 1692 728 ejusdem

83 747 233 802 urbis
289 749 662 821 episcopum,
714 752 803 822 qui
854 753 1066 808 Aniceti
1117 754 1394 824 quondam
1435 753 1698 810 diaconus

85 839 283 896 fuerat.
309 841 598 900 Praeterea
639 845 923 901 adversum
974 846 1118 901 idola
1149 847 1450 918 disputans,
1482 862 1549 902 ex
1588 861 1697 918 quo

85 934 315 1005 primum
369 951 569 993 errore
612 939 949 1007 crevissent,
995 939 1236 995 subtexit
1275 940 1579 1006 historiam,
1631 955 1698 996 ex

84 1044 184 1100 qua
218 1029 485 1099 ostendit,
527 1048 635 1102 qua
676 1031 930 1090 ﬂoruerit
966 1044 1148 1090 :etate.
1178 1034 1269 1089 Ait
1310 1033 1488 1090 enim:
1520 1030 1550 1071 δ
1595 1031 1705 1086 Tu-

86 1124 247 1177 mntos
289 1125 514 1179 mortuis
569 1127 862 1197 templaque
889 1126 1141 1196 fecerunt,
1186 1127 1316 1180 sicut
1346 1142 1508 1197 usque
1550 1123 1707 1181 hodie

84 1217 310 1273 videmus
327 1235 349 1274 .'
376 1235 405 1274 ε
430 1219 625 1290 quibus
651 1228 725 1274 est
756 1231 802 1274 et
824 1221 1083 1274 Antinous
1099 1236 1274 1278 servus
1300 1218 1567 1272 Hadriani
1595 1216 1708 1274 Ca?-

86 1312 210 1365 saris
229 1353 242 1375 ,
276 1313 365 1365 cui
386 1321 436 1366 et
465 1314 744 1384 gymnicus
775 1330 910 1385 agon
925 1322 1190 1367 exercetur
1211 1312 1353 1379 apud
1376 1323 1396 1351 ε
1425 1311 1707 1366 Antinoum

85 1405 354 1470 civitatem,
385 1422 551 1476 quam
585 1422 649 1459 ea:
697 1408 810 1475 ejus
847 1405 1053 1460 nomine
1101 1404 1353 1468 condidit,
1385 1401 1412 1438 ἀ
1455 1412 1501 1456 et
1527 1403 1706 1456 statuit

87 1496 362 1567 prophetas
391 1498 448 1552 in
492 1500 709 1568 templo.
741 1497 1038 1554 Antinoum
1070 1508 1254 1552 autem
1286 1495 1341 1552 in
1369 1494 1581 1552 deliciis
1608 1493 1704 1549 ha-

87 1588 269 1646 buisse
304 1590 501 1647 Carsar
525 1591 837 1647 Hadrianus
879 1591 1162 1647 scribitur.

1797 574 1889 623 τοῦ
1915 569 2048 640 μετὰ
2074 569 2259 640 Πέτρον
2287 562 2499 621 δεκάτου
2535 564 2821 620 ἐπισκόπου
2839 604 2854 629 ,
2883 565 2966 618 καί
3001 562 3408 624 διατετεληκέναι

1799 658 1935 737 ἄχρι
1980 660 2273 738 Ἐλευθέρου
2318 657 2604 713 ἐπισκόπου
2651 665 2744 717 τῆς
2788 658 3162 734 προειρημένης
3191 655 3408 728 Ῥώμης,

1801 750 1856 812 ὃς
1891 753 2154 811 Ἀνικήτου
2210 748 2437 812 διάκονος
2483 749 2721 822 ἐγεγόνει.
2772 751 2866 804 Καὶ
2893 749 3025 806 κατὰ
3060 756 3157 804 τῶν
3197 747 3413 805 εἰδώλων

1801 829 2162 916 ἐξηγούμενος,
2193 841 2247 897 ἐκ
2279 845 2433 904 ποίας
2459 848 2660 917 πρῶτον
2685 840 2878 902 πλάνης
2908 842 3110 905 ηὐξήθη,
3141 841 3414 905 συνέταξεν

1802 937 2056 1014 ἱστορίαν,
2105 933 2297 996 δεικνὺς
2337 936 2388 988 ἐν
2427 936 2590 994 ποίοις
2615 933 2800 992 ἤνθησε
2841 941 3062 1009 καιροῖς.
3095 934 3282 988 Φάσκει
3310 935 3412 1009 γάρ

1807 1031 1995 1092 οὕτως·
2035 1047 2053 1081 t
2084 1029 2330 1101 Τυμϐους
2380 1037 2493 1090 τοῖς
2531 1035 2728 1103 νεκροῖς
2768 1028 2855 1081 καί
2893 1028 3044 1087 ναοὺς
3085 1029 3412 1093 ἐποιήσαντο,

1807 1123 1940 1177 καθά
1963 1118 2096 1196 ἄχρι
2124 1130 2216 1183 τῆς
2241 1119 2390 1198 δεῦρο
2419 1119 2636 1196 ὁρῶμεν,
2661 1117 2744 1192 ἀφ’
2777 1115 2842 1171 ὧν
2861 1119 3003 1173 ἐστιν
3025 1120 3108 1174 καί
3130 1117 3411 1186 Ἀντίνους,

1810 1215 1836 1270 ό
1882 1214 2058 1274 δοῦλος
2103 1213 2376 1293 Ἀδριανοῦ
2431 1216 2720 1287 Καίσαρος,
2783 1209 2980 1273 οὗτινος
3033 1215 3121 1269 καί
3171 1213 3419 1287 γυμνικός

1810 1311 1945 1384 άγών
1966 1307 2016 1364 ἐν
2041 1317 2104 1379 τῇ
2132 1306 2340 1379 Ἀντίνῳ
2363 1306 2685 1368 ἐπιτελεῖται,
2710 1308 2792 1360 καί
2816 1307 2876 1360 τό
2897 1303 3085 1361 δίκαιον
3111 1313 3202 1365 τῆς
3223 1305 3420 1368 πόλεως

1813 1405 1865 1457 ἐκ
1884 1413 1975 1465 τῆς
2013 1405 2175 1458 αὐτοῦ
2223 1404 2570 1476 προσηγορίας
2611 1398 2804 1471 ἔτυχε,
2850 1405 2936 1455 καί
2971 1405 3234 1475 προφήτας
3257 1402 3308 1454 ἐν
3344 1408 3419 1472 τῷ

1813 1504 1916 1566 ναῷ
1944 1493 2152 1554 ἔστησε.
2177 1512 2194 1545 ι
2230 1496 2328 1548 Τόν
2354 1491 2409 1548 δὲ
2431 1493 2690 1548 Ἀντίνουν
2709 1494 2756 1546 ἐν
2773 1499 2846 1566 τῷ
2867 1494 3056 1564 μεταξύ
3085 1499 3184 1547 τῶν
3210 1490 3420 1562 ’ξαίδιλιο

1813 1594 1931 1646 κίων
1960 1591 2242 1662 ἐσχηκέναι
2259 1585 2524 1663 Ἀδριανόν
2553 1609 2685 1650 τινες
2707 1587 3101 1662 συγγράφονται.

1475 1727 1734 1792 CAPUT
1777 1727 2021 1789 XXIII.

156 1856 408 1914 Justinus
457 1858 853 1929 phiIOSOphus,
891 1858 1082 1913 habitu
1113 1870 1335 1926 quoque
1355 1853 1708 1927 philosonho-
1737 1855 1787 1916 B

91 1964 203 2003 rum
239 1951 535 2018 incedens,
581 1951 650 2006 de
676 1951 904 2018 Neapoli
955 1951 1091 2006 urbe
1126 1961 1149 1986 ε
1181 1948 1504 2013 Palaestinis,
1553 1955 1709 2017 patre

89 2041 274 2098 Prisco
304 2044 321 2082 τ
358 2044 606 2100 Bacchio
632 2059 730 2114 pro
779 2043 1046 2113 religione
1081 2041 1285 2097 Christi
1309 2042 1606 2112 plurimum
1633 2040 1712 2094 la-

90 2135 304 2193 boravit
334 2156 347 2192 :
382 2139 440 2194 in
474 2147 724 2203 tantum,
755 2148 813 2192 ut
845 2135 1127 2192 Antonino
1151 2135 1316 2207 865
1348 2148 1566 2205 quoque
1595 2133 1710 2200 Pio,

90 2228 293 2283 etﬁliis
324 2229 478 2298 ejus,
527 2236 583 2283 et
625 2227 850 2284 Senatui
897 2227 1095 2282 librum
1131 2226 1412 2298 (Apologia
1487 2223 1713 2296 longior)

88 2333 280 2379 contra
311 2324 532 2379 Gentes
553 2325 814 2394 scriptum
844 2323 1022 2386 daret,
1043 2323 1508 2392 ignominiamque
1527 2319 1714 2376 Crucis

90 2433 189 2472 non
222 2417 639 2474 erubesceret:
687 2427 743 2473 et
780 2417 947 2472 alium
1006 2417 1202 2472 librum
1246 2416 1446 2489 (Altera
1492 2414 1713 2487 brevior)

90 2510 523 2567 successoribus
549 2510 792 2579 ejusdem
825 2510 1110 2578 Antonini,
1137 2510 1206 2565 M.
1239 2509 1515 2565 Antonino
1547 2508 1714 2575 Vero,

92 2613 141 2658 et
165 2605 228 2659 L.
270 2603 516 2658 Aurelio
551 2602 873 2659 Commodo.
907 2604 1098 2658 Exstat
1149 2604 1268 2673 eius
1301 2613 1358 2658 et
1388 2603 1535 2658 aliud
1557 2604 1716 2657 volu-

95 2713 212 2752 men
248 2697 468 2768 (Oratio
499 2697 569 2751 ad
594 2696 824 2768 ercos)
845 2705 1034 2752 contra
1054 2697 1279 2763 Gentes,
1301 2697 1391 2752 ubi
1417 2697 1484 2752 de
1508 2697 1716 2752 daemo-

99 2806 222 2844 num
257 2807 488 2862 quoque
537 2800 729 2846 natura
760 2791 1033 2862 disputat:
1067 2800 1120 2846 et
1149 2799 1402 2862 quartum
1451 2789 1717 2846 adversus

99 2882 434 2950 Gentes,eui
463 2883 679 2938 titulum
694 2885 1018 2954 praenOtavit
1046 2882 1305 2956 suam;
1334 2901 1347 2938 :
1379 2882 1471 2938 sed
1505 2891 1558 2937 et
1581 2883 1718 2938 alius

104 2973 166 3029 de
186 2974 510 3030 Mouarchia
542 2976 660 3042 Dei,
695 2985 748 3030 et
771 2975 910 3030 alius
955 2975 1126 3041 liber,
1183 2991 1344 3045 quem
1393 2977 1719 3045 praenotavit

103 3064 128 3101 λι
150 3067 397 3134 Psalten,
431 3079 487 3123 et
509 3069 654 3123 alius
667 3068 735 3123 de
759 3069 960 3123 anima.
993 3067 1248 3138 Dialogus
1263 3077 1455 3123 contra
1477 3068 1713 3136 Iudaeos,

106 3175 266 3229 quem
296 3162 496 3216 habuit
516 3161 783 3217 adversus
799 3160 1149 3233 Tryphonem
1174 3161 1476 3232 principem
1500 3161 1720 3217 διιόωο-

1883 1853 2155 1916 ἰουστῐνος
2194 1854 2463 1928 φιλόσοφος
2482 1896 2495 1919 ,
2520 1858 2607 1912 καί
2644 1865 2716 1927 τῷ
2743 1860 2984 1928 σχήματι
3012 1865 3113 1912 τῶν
3141 1859 3419 1934 φιλοσόφων

1814 1950 2106 2022 χρώμενος,
2145 1949 2247 2003 ἀπό
2278 1956 2369 2010 τῆς
2395 1948 2711 2004 Νεαπολιτῶν
2748 1950 3012 2025 ἐπαρχίας
3050 1951 3380 2016 Παλαιστίνης
3401 1994 3417 2020 ,

1815 2042 1870 2094 ἐκ
1912 2043 2111 2119 πατρὸς
2149 2045 2368 2119 Πρίσκου
2409 2047 2698 2115 Βακχείου,
2730 2044 2863 2120 ὑπὲρ
2893 2053 2985 2107 τῆς
3010 2046 3282 2120 θρησκείας
3321 2055 3420 2102 τῶν

1814 2142 2136 2209 χριστιανῶν
2159 2138 2296 2192 πάνυ
2319 2138 2610 2201 ἐκοπίασεν,
2640 2139 2774 2192 ὥστε
2821 2141 2907 2192 καί
2938 2137 3219 2210 Ἀντωνίνῳ
3255 2139 3424 2210 866

1816 2234 1889 2298 τῷ
1911 2225 2112 2285 ἐπίκλην
2137 2232 2258 2299 Πίῳ,
2282 2231 2364 2284 καί
2387 2237 2501 2289 τοῖς
2531 2231 2719 2285 τούτου
2746 2231 2941 2295 υίεῦσι,
2960 2232 3045 2285 καί
3070 2239 3132 2306 τῇ
3155 2232 3424 2306 συγκλήτῳ

1816 2317 1988 2388 βίϐλον
2001 2319 2129 2372 κατά
2142 2327 2242 2373 τῶν
2258 2320 2410 2373 ἐθνῶν
2433 2328 2779 2394 συνταγεῖσαν
2802 2319 3076 2385 ἐπιδοῦναι,
3097 2324 3182 2377 τόν
3205 2321 3425 2379 ὀνειδισα

1819 2412 1911 2483 μὸν
1930 2418 2023 2466 τοῦ
2047 2418 2277 2487 σταυροῦ
2305 2417 2375 2485 μή
2404 2414 2785 2485 αἰσχυνόμενος
2801 2454 2814 2477 ,
2840 2417 2923 2468 καί
2948 2411 3096 2472 ἄλλην
3121 2416 3295 2487 βίϐλον
3315 2425 3425 2480 τοῖς

1819 2512 1910 2560 τοῦ
1933 2505 2092 2560 αὐτοῦ
2114 2504 2413 2560 Ἀντωνίνου
2439 2503 2732 2576 διαδόχοις,
2758 2508 2998 2561 τουτέστι
3025 2508 3211 2583 Μάρκῳ
3232 2508 3426 2564 Ἀντω-

1820 2598 1935 2667 νίνῳ
1965 2601 2129 2673 Βήρῳ,
2166 2599 2250 2651 καί
2275 2600 2478 2668 Λουκίῳ
2507 2597 2741 2672 Αὐρηλίῳ
2770 2598 2994 2672 Κομόδῳ.
3021 2596 3170 2655 Ἔστι
3193 2605 3277 2655 καί
3303 2599 3426 2662 ἄλλη

1821 2692 1980 2746 αὐτοῦ
2010 2691 2185 2762 βίϐλος
2209 2694 2341 2746 κατὰ
2371 2699 2469 2746 τῶν
2505 2692 2677 2759 ἐθνῶν,
2701 2693 2752 2746 ἐν
2833 2695 2954 2768 περὶ
2978 2702 3070 2753 m’;
3099 2691 3301 2766 φύσεως
3326 2704 3428 2751 τῶν

1823 2782 2074 2856 δαιμόνων
2126 2783 2428 2856 διαλέγεται,
2476 2787 2562 2838 καὶ
2608 2786 2853 2861 τέταρτον
2881 2783 3027 2858 λόγον
3068 2785 3255 2860 ὁμοίως
3298 2789 3430 2844 κατά

1822 2882 1921 2929 τῶν
1975 2876 2145 2939 ἐθνῶν,
2200 2872 2253 2929 ὃν
2275 2874 2565 2951 ἐπέγραψεν
2614 2873 2876 2950 Ἐλεγχος,
2902 2880 2988 2932 καὶ
3009 2873 3156 2932 ἄλλον
3175 2882 3296 2954 περὶ
3337 2888 3430 2940 τῆς

1822 2981 1912 3028 τοῦ
1965 2979 2096 3029 Θεοῦ
2150 2975 2476 3050 μοναρχίας,
2510 2978 2592 3029 καί
2642 2971 2785 3030 ἄλλον
2825 2977 3061 3047 ὠνόμασε
3101 2976 3320 3040 Ψάλτην,
3348 2977 3431 3030 καὶ

1822 3067 1994 3142 ἕτερον
2041 3070 2160 3140 περί
2203 3075 2296 3127 τῆς
2326 3066 2531 3138 ψυχῆς.
2583 3069 2816 3142 Διάλογον
2867 3071 2998 3126 κατὰ
3023 3076 3122 3124 τῶν
3150 3067 3428 3138 Ἰουδαίων,

1825 3157 1878 3214 όν
1905 3159 2024 3232 ἔχει
2064 3163 2192 3216 κατά
2217 3163 2487 3235 Τρύφωνος
2526 3165 2771 3240 ἀρχηγοῦ
2797 3171 2897 3219 τῶν
2923 3161 3194 3219 Ἰουδαίων.
3231 3165 3303 3219 Οὐ
3334 3169 3431 3236 μὴν

111 3267 268 3308 rum:
299 3254 402 3310 sed
435 3261 494 3309 et
533 3262 721 3309 contra
763 3253 1095 3308 Marcionem
1138 3252 1374 3322 insignia
1420 3253 1718 3321 volumina,

1836 3253 1950 3308 άλλά
1977 3257 2211 3310 καὶκατὰ
2235 3256 2528 3330 Μαρκίωνος
2558 3256 2786 3328 ἐπίσημα
2824 3259 3018 3329 τεύχη,
3043 3254 3261 3313 ὧντινων
3286 3262 3436 3334 Εἰρη-

113 3361 345 3415 quorum
375 3346 619 3401 Irenmus
645 3360 860 3416 quoque
880 3345 933 3399 in
970 3343 983 3381 ί
1016 3354 1208 3416 quarto
1251 3344 1514 3399 adversus
1543 3344 1720 3400 hatre-

116 3453 196 3495 ses
221 3441 369 3497 libro
394 3441 674 3506 meminit;
707 3450 761 3496 et
797 3441 937 3496 alius
963 3443 976 3490 i
1020 3441 1158 3497 liber
1185 3450 1374 3496 contra
1405 3456 1598 3498 omnes
1621 3443 1733 3498 hae-

118 3547 287 3602 reses,
322 3533 486 3603 cujus
527 3532 656 3588 facit
699 3534 1034 3588 mentionem
1066 3533 1122 3588 in
1154 3533 1534 3604 Apologetico,
1569 3551 1727 3607 quem

118 3623 261 3683 dedit
282 3627 572 3685 Antonino
604 3627 718 3684 Pio.
751 3628 848 3682 llic
875 3642 998 3684 cum
1043 3628 1098 3683 in
1143 3628 1277 3684 urbe
1304 3628 1473 3684 Roma
1507 3629 1734 3689 haberet

190 3822 214 3850 ει
238 3814 366 3870 Haec
393 3823 526 3869 sunt
559 3811 849 3883 liegcsippi
881 3812 1044 3869 verba
1074 3813 1216 3885 apud
1246 3813 1448 3869 Euseb.
1484 3829 1557 3880 iv,
1597 3813 1670 3869 2'2
1705 3832 1718 3870 :

125 3885 386 3970 Γενόμενος
399 3886 454 3970 δὲ
481 3889 534 3970 sv
561 3885 724 3970 ⁸Ρὼμέ
747 3885 994 3970 διαδοχῂν
1027 3887 1346 3970 ἐποιησάμην
1376 3889 1570 3970 μέχρις
1597 3887 1723 3970 ’ᾼνι-

128 3955 294 4035 ζὴτρυ,
326 3955 388 4012 οὗ
418 3955 660 4019 διάκονος
695 3955 1088 4035 ἴαν-’Πλευθερος-
1133 3962 1226 4013 Καὶ
1250 3955 1416 4035 ὲπαρά
1445 3955 1721 4035 ’.Ἄνικήτου

129 4023 425 4106 διαδέχεται-
443 4035 641 4105 Σωτὴρ,
669 4029 777 4104 μεθ’
807 4027 860 4084 ὃν
890 4023 1193 4106 Ἐλεύθερος.
1244 4023 1374 4096 Ωιιλί)
1394 4031 1497 4106 _sic
1527 4031 1722 4085 reddas

129 4094 306 4154 Latine
339 4119 353 4154 :
383 4100 518 4155 Cum
550 4094 708 4156 essent
737 4110 907 4155 autem
945 4094 1144 4166 ﬂentis,
1182 4094 1555 4154 successionem
1583 4119 1723 4155 com-

133 4170 269 4241 posui
297 4187 457 4241 usque
505 4171 574 4225 ad
604 4172 914 4235 Anicetum,
964 4171 1112 4239 cujus
1143 4171 1391 4224 diaconus
1431 4182 1541 4226 erat
1564 4171 1724 4226 Eleu-

131 4236 297 4312 t_l_t_erus_
319 4284 333 4308 ,
371 4236 430 4298 ἐι
472 4243 540 4296 ab
572 4243 784 4296 Anicelo
847 4236 1087 4312 successit
1123 4241 1338 4295 Soterus
1364 4283 1378 4306 ,
1424 4252 1537 4309 post
1577 4260 1726 4312 quem

135 4306 456 4369 Eleutherus.
489 4314 677 4384 Neque
705 4315 986 4384 enimvero
1016 4310 1381 4384 Hieronymus
1404 4306 1600 4382 {quod
1625 4329 1724 4368 an-

131 4386 209 4454 tea
241 4393 488 4440 notatum
520 4382 607 4441 est
629 4383 807 4440 doctis
835 4383 966 4437 viris
994 4423 1007 4446 ,
1049 4390 1196 4437 recte
1217 4423 1231 4447 ,
1275 4382 1524 4455 διαδοχήν
1555 4385 1726 4444 ἐποιη-

126 4470 302 4523 σαμην,
333 4456 760 4524 interpretatur,
779 4455 960 4510 Roma:
987 4454 1325 4522 perseveravi,
1351 4454 1728 4524 antquemad-

129 4527 334 4597 modum
359 4527 608 4582 Ruﬁnus
637 4527 771 4597 ipse,
803 4525 1064 4592 permansi
1085 4524 1176 4590 ibi,
1222 4539 1322 4594 pro
1345 4525 1727 4580 successionum

131 4596 278 4670 series
300 4599 600 4670 composui,
626 4596 719 4652 aut
748 4597 956 4670 digessi.

1829 3356 1965 3408 ναῖος
1998 3349 2044 3400 ἐν
2070 3357 2142 3420 τῷ
2170 3349 2389 3419 πέμπτω
2417 3349 2550 3422 λόγῳ
2578 3357 2650 3420 τῷ
2677 3351 2804 3406 κατὰ
2828 3358 2929 3407 τῶν
2951 3350 3213 3427 αἱρετικῶν
3240 3353 3432 3424 μέμνῃ·

1830 3466 1937 3499 ται.
1962 3446 2055 3497 Καὶ
2079 3440 2201 3499 ἄλλη
2231 3443 2407 3514 βίϐλος
2433 3445 2564 3498 κατά
2592 3452 2772 3499 πασῶν
2797 3452 2898 3499 τῶν
2926 3445 3192 3520 αἱρέσεων,
3219 3441 3279 3504 ἧς
3304 3445 3434 3515 μέμ-

1830 3559 1976 3596 νηται
2003 3539 2053 3592 ἐν
2091 3543 2164 3608 τῷ
2194 3537 2566 3611 άπολογητικῷ,
2605 3535 2658 3591 όν
2687 3535 2873 3593 ἔδωκεν
2898 3536 3180 3608 Ἀντωνίνῳ
3208 3543 3284 3608 τῷ
3309 3538 3432 3606 Πίῳ.

1829 3626 1991 3692 Οὗτος
2014 3633 2060 3684 ἐν
2174 3627 2337 3702 Ῥώμῃ
2365 3627 2507 3699 ἔχων
2531 3630 2623 3690 τὰς
2653 3627 2942 3706 διατριϐάς,
2970 3631 3183 3684 εὐθύνων
3207 3631 3434 3704 κρήσκην

1831 3814 2056 3869 Antinoi
2107 3814 2331 3884 elegans
2381 3814 2746 3883 estOrigenis
2789 3825 2982 3870 contra
3016 3813 3234 3870 Celsum
3284 3813 3434 3869 locus

1834 3885 1932 3941 lib.
1967 3902 2047 3952 ιιι,
2082 3903 2230 3940 ηυηι.
2259 3886 2348 3942 36.
2411 3885 2544 3941 Vide
2571 3895 2627 3940 et
2657 3886 3005 3956 Spartianum
3038 3889 3090 3939 in
3125 3885 3428 3941 Hadriano.

1832 3958 1933 4024 Qui
1957 3957 2201 4028 sequitur
2228 3973 2439 4024 versus,
2468 3955 2748 4012 Antinoum
2765 3968 2934 4012 autem
2963 3958 3016 4010 in
3045 3955 3266 4022 deliciis,
3298 3967 3430 4025 etc.,

1833 4029 2048 4099 penitus
2078 4043 2185 4082 non
2215 4029 2378 4083 habet
2399 4028 2521 4083 cod.
2557 4030 2612 4083 S.
2639 4028 2849 4084 Crucis.

1909 4109 1932 4136 θ
1965 4099 2156 4154 Verius
2186 4099 2449 4170 Samaria:
2478 4100 2608 4154 urbs
2629 4100 2906 4156 diceretur
2927 4141 2940 4164 ,
2988 4114 3114 4170 qua:
3140 4099 3208 4155 ab
3238 4097 3435 4155 incolis

1836 4169 2129 4234 Maban/ta,
2167 4171 2294 4222 olim
2328 4169 2537 4225 Sic/tem
2558 4180 2641 4226 est
2671 4171 2963 4240 appellata.

1913 4240 1930 4278 ί
1980 4241 2274 4296 Bacchium
2337 4251 2611 4312 tamquam
2654 4243 2826 4298 Prisci
2874 4256 3173 4312 cognomen
3235 4242 3439 4311 accipit

1837 4312 1987 4367 Hier.
2031 4326 2153 4366 cum
2203 4313 2275 4382 sit
2321 4313 2487 4380 patris
2517 4312 2693 4369 Prisci
2739 4329 2973 4380 nomen,
3027 4315 3170 4382 quod
3199 4314 3438 4368 afﬁrmat

1836 4382 2032 4439 Suidas
2061 4381 2202 4452 apud
2230 4381 2589 4452 Lipomanum
2617 4395 2770 4454 parte
2797 4401 2870 4449 ιι,
2903 4393 2959 4438 et
2992 4381 3239 4438 Valesius
3275 4400 3337 4438 ex
3372 4401 3437 4438 (ιο

1837 4455 2051 4523 probat,
2081 4454 2222 4521 quod
2256 4454 2452 4525 plurali
2486 4471 2711 4510 numero
2737 4455 2981 4510 Justinus
3010 4454 3306 4519 addit,r€w
3333 4458 3437 4514 ἀπὸ

1836 4526 2072 4600 elautae,
2102 4526 2326 4600 Patrem
2351 4527 2631 4600 nimirum,
2665 4535 2722 4582 et
2747 4541 2905 4581 avum
2933 4525 3201 4600 indicans.

1910 4607 1934 4643 8
1964 4596 2115 4651 Nunc
2144 4597 2459 4674 inscribitur
2494 4598 2639 4672 λόγος
2667 4597 3042 4674 παραινξτικός,
3064 4614 3179 4674 quo
3215 4599 3436 4657 nomine

197 4663 224 4701 δ
247 4669 393 4740 Apud
414 4663 629 4725 'Euseb.
665 4684 725 4737 ll,
754 4663 958 4740 8711's}.
988 4683 1009 4740 ξ
1037 4664 1122 4728 Οἷς
1159 4670 1425 4740 κενοτάφια
1465 4671 1722 4740 καὶγναούς

1839 4677 2151 4740 eunryucat
2178 4669 2343 4722 etiam
2372 4663 2820 4740 Damascenns'in
2846 4663 3150 4724 Parallelis.

137 4733 372 4830 ἐποίησαν
415 4747 495 4804 ὡς
531 4733 860 4830 μέχριννῦντ·
887 4737 953 4794 ὧν
989 4738 1102 4829 ἐστι
1141 4743 1224 4828 uicti
1270 4733 1516 4830 ’Λνεςίνοος
1540 4739 1735 4828 ⁵δοῦλος

139 4804 395 4889 Ἀδριανοῦ
454 4804 706 4889 Καίσαρος
727 4853 740 4878 ,
772 4809 833 4866 οὗ
875 4815 958 4866 καί
982 4813 1116 4886 ἁγὼν
1149 4808 1328 4889 ἄγεται
1369 4811 1736 4889 ’ρντινόειοῆό

144 4881 323 4958 καῖ’ἓφῖ
340 4887 488 4958 ἡμῶν
514 4881 771 4958 γινόμενος
788 4901 803 4916 ⁸
841 4886 929 4938 Καὶ
954 4881 1054 4958 γάρ
1085 4886 1170 4938 καὶ
1191 4881 1342 4938 πόλιν
1376 4881 1573 4939 ἔκτισεν
1599 4884 1732 4939 ἐπώ-

146 4955 565 5032 νυμον-’Λντινόου
693 4955 978 5032 προφήταςλ

216 5032 236 5058 ε
264 5024 378 5081 Non
409 5025 556 5096 apud
585 5023 865 5080 Antinoum
889 5026 1140 5080 civitatem
1156 5027 1466 5096 gymnicum
1495 5023 1735 5096 Antinoo

153 5105 361 5163 agonem
411 5095 655 5154 exerceri
685 5097 905 5153 Solitum
926 5139 939 5163 ,
989 5097 1082 5151 sed
1113 5095 1174 5151 in
1196 5095 1469 5152 Mantinea
1494 5138 1509 5163 ,
1541 5095 1735 5152 scribit

157 5159 429 5241 l’ausanias
452 5171 505 5223 in
539 5169 838 5231 Arcadicis,
869 5159 1167 5241 όβασιλεύς
1194 5159 1552 5241 κατεστήσατο
1591 5169 1734 5241 αὐτῷ

156 5232 486 5318 ἐνηῆξαντινείᾳ
511 5243 688 5312 τιμάς,
722 5243 821 5318 ’καὶ
844 5232 1115 5318 τελετήν...
1149 5245 1234 5318 καί
1268 5245 1404 5315 ἀγών
1431 5240 1567 5318 ἐστιν
1598 5232 1735 5314 αὐτῷ

160 5300 214 5356 δι’
242 5305 380 5372 ἔτους
407 5300 683 5386 πέμπτου(
712 5310 832 5366 iam
887 5311 1066 5381 itaque
1115 5300 1645 5386 malim'emendare
1671 5300 1735 5365 ei

159 5383 593 5456 Priestantiss'imo
624 5398 726 5436 ms.
759 5391 968 5456 nostro,
996 5399 1130 5454 agon
1151 5393 1413 5437 exercetur
1439 5383 1736 5456 Antinoius,

161 5452 494 5526 unitatemque
533 5470 607 5526 ea:
651 5457 763 5526 ejus
804 5452 1048 5526 nomine,
1104 5465 1211 5508 etc.
1237 5494 1254 5519 ,
1308 5469 1484 5526 eoque
1543 5452 1737 5526 magis,

163 5520 291 5601 (IlIOd
333 5520 472 5581 itlem
529 5520 900 5596 l-lege'sippus,
950 5522 1008 5580 οὗ
1055 5528 1142 5580 καὶ
1182 5528 1318 5598 ἀγὼν
1357 5520 1537 5598 ἄγεται
1582 5520 1744 5581 Ἀντι-

161 5604 331 5660 νοεςος,
357 5605 462 5653 etc.

229 5657 622 5739 d_Exeiderunt
662 5668 729 5723 ab
769 5667 1056 5739 Hegesippi
1105 5677 1252 5723 textu
1312 5676 1586 5739 postrema
1629 5666 1746 5721 haec

169 5733 344 5814 Yerlla,
371 5743 683 5814 κατέστησεν
711 5742 765 5814 ἓν
782 5733 1154 5814 «amomum
1182 5733 1332 5814 Hier:
1358 5738 1544 5814 vertit,
1567 5739 1747 5814 statuit

171 5813 223 5880 tu
248 5809 469 5880 templo;
531 5826 636 5864 non
684 5809 1312 5880 enimquemadmodum
1351 5811 1550 5868 ἔκτισιν
1579 5811 1745 5874 πόλινς

169 5878 239 5927 ita
271 5874 463 5940 rma
497 5887 760 5959 προφήτας
789 5874 894 5941 dici
923 5890 1123 5954 potest.
1153 5882 1233 5942 De
1253 5882 1537 5956 prophetis
1563 5891 1746 5941 autem

1915 4736 1939 4773 ιι
1971 4737 2171 4793 Veron.
2204 4741 2421 4804 Ψάλτης,
2451 4738 2658 4795 Graecis
2686 4739 2903 4795 litteris.
2933 4741 3215 4797 lutercidit
3255 4755 3437 4800 autem

1840 4809 1928 4886 hic
1955 4809 2115 4873 liber,
2151 4817 2212 4862 ut
2248 4821 2304 4864 et
2330 4811 2827 4886 sequens__£xo?ux6v
2873 4815 2994 4885 περί
3029 4813 3215 4886 ψυχῆς
3238 4827 3293 4870 et
3319 4832 3440 4886 quae

1838 4879 1979 4936 infra
2013 4888 2299 4946 memorat,
2333 4879 2516 4934 contra
2547 4879 2866 4937 Marcionem
2897 4879 3183 4938 volumina.

1918 4950 1932 4987 ί
1971 4951 2244 5006 Hactenus
2271 4949 2402 5022 editi
2439 4965 2562 5006 cum
2589 4952 2782 5007 Graeco
2827 4955 3145 5022 interprete,
3184 4957 3235 5008 in
3287 4956 3442 5021 quin.-

1838 5031 1921 5087 ιο,
1957 5038 2062 5077 non
2094 5021 2515 5095 antiquisssms.
2544 5031 2732 5079 noster
2776 5021 3025 5095 castigat.
3062 5025 3205 5080 Sane
3247 5025 3339 5080 lib.
3368 5042 3440 5091 tv,

1839 5109 1945 5148 non
1998 5111 2062 5167 ν,
2116 5094 2217 5148 hoc
2262 5093 2619 5167 JustiniOpus
2663 5095 2846 5151 laudat
2877 5093 3118 5150 Irenazus
3157 5112 3282 5167 cap.
3334 5097 3440 5152 l4:
3524 5128 3527 5129 ν

1838 5167 2010 5226 Καλῶς
2041 5163 2322 5226 ’1ουστῑνος
2360 5165 2413 5221 ἐν
2434 5173 2508 5241 τῷ
2529 5167 2660 5244 πρὸς
2695 5171 2967 5246 Μαρκίωνα
2998 5163 3324 5242 συντάγμξατί
3353 5193 3445 5245 φη-

1840 5260 1945 5301 σιν,
1971 5247 2076 5292 etc.

1916 5309 1929 5358 i
1971 5309 2124 5363 Hunc
2152 5307 2346 5363 librum
2377 5316 2559 5364 contra
2587 5326 2762 5368 omnes
2788 5311 3008 5368 ha’reses
3053 5328 3162 5368 non
3195 5320 3449 5369 recenset

1843 5396 1944 5453 ms.
1979 5380 2036 5436 S.
2069 5379 2282 5436 Crucis.
2316 5379 2476 5453 Certe
2499 5397 2605 5437 non
2627 5393 2805 5439 exstat
2833 5384 3013 5450 hodie,
3049 5385 3144 5438 sed
3170 5399 3444 5453 nunquam

1841 5451 2073 5507 fortasse
2105 5455 2160 5507 in
2187 5466 2378 5506 manus
2415 5451 2695 5509 hominum
2726 5457 2894 5511 venit.
2936 5453 3091 5508 lllum
3126 5455 3240 5520 ipse
3279 5451 3448 5510 Iusti-

1843 5537 1950 5596 nus
1967 5523 2231 5596 Apologia
2256 5523 2501 5596 longiore
2527 5524 2671 5580 intra
2696 5526 3025 5581 domesticos
3047 5527 3282 5594 parietes
3303 5524 3448 5596 apud

1851 5609 1913 5651 se
1939 5593 2141 5651 habere
2155 5593 2324 5658 dixit.
2357 5605 2412 5650 et
2441 5597 2487 5650 si
2519 5600 2874 5666 oportuisset,
2901 5593 3197 5652 editurum.

1927 5670 1945 5691 ⁴”
1973 5667 2113 5734 Quid
2145 5666 2248 5721 sibi
2275 5669 2500 5723 Grtccus
2529 5669 2678 5727 velit.
2731 5683 2839 5722 non
2888 5681 3176 5737 assequar.
3226 5666 3448 5724 Videtur

1853 5738 2032 5813 verba,
2063 5740 2117 5792 in
2146 5737 2346 5813 deliciis
2371 5755 2469 5813 pro
2508 5738 2821 5795 ZEdilicium
2845 5779 2860 5807 ,
2892 5738 3174 5810 dignitatis
3205 5754 3405 5797 nomen
3429 5780 3446 5813 ,

1855 5811 2146 5881 accepisse.
2181 5810 2323 5868 Satis
2352 5809 2593 5885 supine”
