4054 6344
585 285 686 348 6W

1839 279 1897 341 Β.
1944 275 2210 342 EUSEBII
2253 275 2640 346 ΗιειιοΝγΜι

3801 269 3958 339 6ιῦ

1978 396 2236 461 CAPUT
2280 395 2498 458 XXX.

649 495 963 563 Philippus,
1011 495 1303 564 episcopus
1350 494 1663 563 Cretensis,
1725 497 1830 550 hoc
1872 507 1990 562 est,
2034 496 2186 552 urbis
2215 499 2259 555 Λ

579 588 898 659 ﬂGortynae.
922 586 1078 658 cujus
1101 587 1388 659 Dionysius
1410 589 1573 660 871
1609 587 1660 642 in
1691 589 1920 659 epistula
1951 605 2044 643 sua
2071 603 2188 644 me-

578 681 755 744 minit,
789 696 951 752 quam
984 681 1204 751 scripsit
1230 679 1296 733 ad
1320 679 1568 749 ejusdem
1599 680 1837 736 civitatis
1857 681 2181 748 Ecclesium,

579 772 607 812 ι)
658 773 976 844 pra-clarum
1026 771 1316 827 adversum
1361 772 1692 828 Marcionem
1738 773 1908 828 edidit
1957 773 2185 840 librum,

580 865 1031 938 temporibusque
1057 866 1126 922 Μ.
1159 865 1426 922 Antonini
1450 865 1602 933 Vcri,
1626 866 1762 922 etL.
1787 865 1998 922 Aurelii
2025 865 2192 921 Com-

583 959 730 1017 modi
761 960 976 1018 claruit.

2363 497 2607 558 Φίλιππος
2635 496 2908 556 ἐπίσκοπος
2935 499 3130 571 κρήτης
3160 494 3349 555 πόλεως
3379 494 3633 569 Γορτύνης
3651 531 3664 556 ι
3694 491 3960 553 οὗτινος

2289 591 2548 651 Διονύσιος
2600 592 2650 644 ἐν
2696 598 2758 664 τῇ
2811 589 3052 663 ἐπιστολῇ
3311 589 3473 643 αὐτοῦ
3521 589 3815 660 μέμνηται,
3867 588 3958 645 ἣν

2288 682 2480 759 ἔχραψε
2504 685 2634 760 πρὸς
2661 689 2753 743 τήν
2775 683 3070 742 Ἐκκλησίαν
3095 683 3465 755 προειρημένης
3492 681 3685 742 πόλεως
3701 723 3718 749 ,
3762 678 3958 736 ἔνδο-

2295 779 2379 841 ξον
2409 776 2546 832 πανὺ
2577 779 2710 832 κατὰ
2737 778 3030 851 Μαρκίωνος
3067 772 3273 839 ἐξέδωκε
3319 773 3526 844 βίϐλον,
3561 771 3752 842 (Forte
3784 789 3962 842 sup-

2295 871 2538 941 plendum
2558 873 2664 940 καὶ)
2682 872 2732 925 ἐν
2751 878 2858 932 τοῖς
2879 875 3070 946 καιροῖς
3097 875 3197 923 τῶν
3209 870 3586 946 προειρημένων
3607 867 3952 942 διέπρεψεν.

1971 1051 2230 1114 CAPUT
2273 1053 2521 1115 XXXI.

661 1167 682 1195 ε
725 1154 980 1211 Musanus
1011 1170 1120 1210 non
1148 1153 1401 1224 ignobilis
1429 1153 1572 1209 inter
1615 1169 1729 1219 eos,
1763 1154 1854 1224 qui
1894 1154 1961 1208 de
2006 1156 2187 1209 eccle-

584 1247 807 1304 siastico
838 1247 1091 1317 dogmate
1121 1245 1481 1315 scripserunt,
1505 1245 1604 1299 sub
1627 1244 1959 1316 imperatore
1989 1246 2057 1301 Μ.
2082 1247 2192 1300 An-

585 1341 773 1397 tonino
807 1341 948 1396 Vero
987 1340 1224 1395 confecit
1251 1340 1446 1394 librmn
1485 1337 1510 1375 ἀ
1558 1339 1624 1394 ad
1658 1339 1920 1409 quosdam
1967 1339 2188 1406 fratres,

584 1433 677 1504 qui
709 1434 778 1488 de
819 1432 1067 1488 Ecclesia
1095 1431 1162 1487 ad
1204 1432 1607 1488 Encratitarum
1657 1432 1912 1488 haeresim
1952 1432 2192 1487 declina-

588 1535 803 1582 verant.

2363 1159 2629 1217 Μουσανὸς
2649 1197 2664 1224 ,
2714 1158 2802 1211 οὐκ
2830 1153 3011 1221 ἄδοξος
3035 1158 3227 1228 μεταξὺ
3260 1162 3360 1212 τῶν
3396 1159 3520 1230 περί
3551 1156 3961 1214 ἐκκλησιαστιο

2297 1254 2386 1302 κοῦ
2423 1247 2676 1322 δόγματος
2716 1248 3177 1326 συγ-γραψαμένων,
3228 1251 3311 1303 ἐπὶ
3348 1251 3555 1324 Μάρκου
3601 1249 3949 1305 Ἀντωνίνου

2298 1348 2460 1419 Βήρου
2510 1341 2862 1400 κατεσκεύασε
2913 1343 3086 1416 βίϐλον
3139 1343 3272 1418 πρὸς
3298 1365 3444 1405 τινας
3472 1343 3751 1418 ἀδελφοὺς,
3815 1351 3954 1399 τῶν

2299 1436 2401 1490 ἀπὸ
2429 1444 2520 1496 τῆς
2564 1435 2860 1498 Ἐκκλησίας
2902 1437 3034 1508 πρὸς
3073 1441 3164 1496 τὴν
3204 1443 3302 1491 τῶν
3341 1435 3678 1512 Ἐγκρατιτῶν
3713 1438 3954 1514 αἵρεσιν

2299 1530 2743 1585 κατανευσάντων.

1959 1660 2216 1724 CAPUT
2260 1660 2537 1722 XXXII.

663 1789 940 1846 Modestus
968 1799 1024 1846 et
1052 1788 1169 1858 ipse
1198 1789 1299 1844 sub
1328 1788 1658 1858 imperatore
1704 1785 1776 1841 Μ.
1813 1786 2110 1852 Antonino,
2143 1793 2196 1840 et
2230 1788 2274 1847 Β

594 1884 656 1940 L.
688 1882 908 1939 Aurelio
937 1880 1257 1946 Commodo,
1286 1879 1576 1934 adversum
1606 1879 1934 1934 Marcionem
1978 1877 2196 1944 scripsit

598 1985 621 2013 ο
657 1975 881 2038 librum,
915 1975 1005 2044 qui
1041 1988 1211 2042 usque
1239 1971 1398 2027 hodie
1425 1979 1762 2040 perseverat.
1792 1969 2069 2025 Feruntur
2097 1967 2196 2023 sub

592 2072 816 2127 nomine
843 2068 961 2138 ejus
987 2079 1039 2122 et
1063 2068 1168 2121 alia
1196 2073 1562 2137 syntagmata,
1593 2063 1689 2120 sed
1713 2063 1779 2119 ab
1803 2063 2030 2119 eruditis
2046 2060 2198 2131 quasi

594 2162 926 2240 ψευδὰγραφα
950 2159 1333 2232 repudiantur.

2373 1784 2652 1852 Μοδεστός,
2686 1791 2768 1842 καὶ
2792 1788 2946 1849 αὐτὸς
2975 1791 3061 1844 ἐπὶ
3079 1787 3376 1846 Ἀντωνίνου
3401 1793 3480 1846 καὶ
3509 1789 3734 1862 Κομὸδου
3772 1791 3954 1848 κατὰ

2300 1881 2592 1953 Μαρκίωνος
2616 1881 2859 1945 συνέταξε
2883 1881 3073 1951 βίϐλον,
3103 1882 3215 1942 ἥτις
3242 1879 3375 1958 ἄχρι
3399 1887 3613 1957 σήμερον
3636 1884 3943 1956 ὑπάρχει-

2304 1975 2513 2047 Φέρεται
2533 1975 2613 2026 καὶ
2643 1969 2764 2027 ἄλλα
2799 1975 2958 2028 αὐτοῦ
2999 1976 3398 2051 συγγράμματα,
3447 1975 3594 2031 ἅτινα
3630 1977 3784 2052 παρά
3818 1982 3948 2030 τῶν

2308 2060 2723 2136 πεπαιδευμένων
2753 2063 3147 2144 ψευδεπίγραφοι
3174 2065 3622 2139 ἀποδοκιμάζεται.

1949 2251 2205 2314 CAPUT
2254 2249 2556 2312 XXXIII.

672 2385 1006 2442 Bardesanes
1041 2381 1060 2420 ί
1107 2382 1159 2436 in
1185 2378 1573 2449 Mesopotamia
1622 2377 1802 2432 clarus
1846 2376 2067 2431 habitus
2097 2386 2200 2440 est,

598 2481 688 2552 qui
720 2479 951 2550 primum
981 2474 1258 2531 Valentini
1288 2481 1555 2538 sectator,
1589 2470 1786 2525 deinde
1813 2468 2141 2532 confutatur,
2173 2479 2196 2515 ε

600 2587 796 2628 novam
825 2569 1078 2625 haeresim
1104 2564 1367 2621 condidit.
1403 2565 1620 2618 Ardens
1655 2562 1775 2633 ejus
1807 2577 1836 2616 a
1873 2561 2027 2634 Syris
2067 2575 2207 2631 pra:-

599 2666 815 2723 dicatur
867 2661 1167 2734 ingenium,
1235 2669 1289 2715 et
1336 2659 1390 2713 in
1459 2657 1831 2728 disputatione
1886 2656 2202 2711 vehemens.

598 2760 828 2829 Scripsit
858 2756 886 2794 ιι
918 2758 1125 2812 infinita
1160 2755 1454 2809 adversum
1487 2765 1678 2806 omnes
1709 2767 1844 2818 pene
1888 2749 2202 2818 haereticos,

601 2851 692 2920 qui
721 2857 880 2903 :etate
905 2848 1022 2916 ejus
1050 2847 1469 2916 pullulaverant.
1522 2843 1580 2897 In
1625 2842 1823 2912 quibus
1863 2839 2202 2896 clarissimus

601 2940 694 2995 ille
736 2949 790 2994 et
839 2937 855 2975 ί
909 2937 1240 2992 fortissimus
1281 2936 1444 3002 liber,
1473 2948 1633 3005 quem
1667 2931 1681 2982 ἱ
1719 2931 1789 2987 Μ.
1823 2930 2098 2986 Antonino
2137 2931 2202 2985 de

2384 2374 2715 2451 Βαρδησάνης
2741 2379 2790 2432 ἐν
2815 2381 3182 2455 Μεσοποταμίᾳ
3209 2380 3445 2454 λαμπρὸς
3471 2381 3666 2450 φανεὶς,
3709 2388 3944 2453 πρῶτον

2308 2473 2398 2540 μὲν
2426 2469 2715 2524 Βαλεντὶνου
2744 2468 3104 2538 σπουδαστὴς,
3137 2472 3358 2548 ὕστερον
3397 2470 3452 2527 δὲ
3483 2473 3775 2539 ἀντίπαλος,
3810 2496 3948 2529 και.-

2308 2568 2392 2620 νῂν
2413 2565 2609 2639 αἵρεσιν
2637 2568 3007 2622 συνεστήσατο.
3042 2567 3241 2620 Τούτου
3270 2569 3413 2644 παρά
3449 2573 3550 2621 τῶν
3593 2569 3762 2643 Σύρων
3804 2571 3945 2641 θερ-

2308 2657 2503 2726 μοτάτη
2547 2659 2854 2732 κηρύττεται
2907 2657 3088 2730 εὐφυΐα
3115 2661 3202 2712 καὶ
3243 2660 3294 2712 ἐν
3330 2656 3542 2724 διαλέξει
3567 2658 3939 2735 σφοδροτάτη.

2309 2743 2536 2822 ’Ἔγραψε
2587 2749 2863 2822 πάμπολλα
2904 2752 3036 2806 κατὰ
3074 2758 3260 2806 πασῶν
3309 2749 3504 2823 σχεδὸν
3534 2760 3634 2808 τῶν
3672 2755 3944 2829 αἱρέσεων

2306 2849 2405 2896 τῶν
2436 2841 2518 2896 ἐπὶ
2543 2849 2642 2896 τῶν
2683 2844 2886 2919 χρόνων
2916 2846 3076 2899 αὐτοῦ
3112 2844 3463 2916 ἀνακυψασῶν
3495 2849 3545 2900 ἐν
3583 2843 3658 2906 οἷς
3695 2868 3938 2923 περιφα-

2306 2937 2393 2994 νής
2414 2936 2553 2991 ἐστιν
2580 2939 2665 2990 καὶ
2685 2945 2909 3009 γενναῖος
2939 2936 2964 2992 ὁ
2991 2936 3153 3008 λόγος,
3190 2933 3242 2990 ὃν
3267 2938 3452 3014 Μάρκῳ
3477 2938 3760 3013 Ἀντωνὶνῳ
3796 2942 3939 3017 περέ

676 3111 701 3138 δ
746 3100 873 3155 Erat
898 3113 1094 3167 nempe
1122 3097 1364 3166 Gortyna
1395 3095 1572 3167 Cretae
1613 3092 1952 3164 metropolis.
1997 3092 2197 3149 Recole
2227 3095 2271 3159 C
2304 3096 2364 3152 S.
2385 3095 2692 3167 Clementis
2723 3095 2789 3151 ad
2818 3096 3128 3151 Corinthios
3159 3097 3478 3166 Epistulam.

601 3175 672 3231 de
701 3171 936 3241 Dionysii
968 3166 1350 3241 epistola_cap.
1382 3166 1476 3220 27.

675 3244 702 3283 ι)
745 3238 981 3298 Ᾱίιὲιιοιιι
1014 3255 1121 3293 non
1151 3238 1292 3292 tulit.

679 3327 702 3353 ο
746 3313 1027 3382 Mosyanus
1050 3310 1101 3363 in
1132 3309 1305 3364 Vatic.
1335 3309 1568 3382 dicitur;
1601 3307 1658 3382 in
1674 3306 1954 3382 ‘Veronen.
1983 3308 2200 3382 Masga-

604 3404 718 3453 nus,
748 3379 982 3441 Ensébiu
1011 3382 1293 3442 Μουσανός.
1323 3382 1444 3435 Mox
1476 3381 1616 3436 idem
1646 3379 1943 3448 Veronen.,
1975 3382 2064 3451 qui
2092 3380 2198 3434 Ec-

602 3457 892 3512 clesiustica
922 3453 1166 3526 dog-moto
1189 3453 1520 3526 scripserunt.

672 3529 700 3566 ά
740 3522 1010 3595 Ριθτίιιιιό
1033 3524 1162 3579 editi
1226 3523 1368 3595 libri
1392 3522 1637 3577 adversus
1683 3523 1932 3591 quosdam
1965 3526 2149 3593 fratres
2183 3540 2200 3578 :

603 3594 1046 3656 dissentientibus
1079 3594 1303 3660 nostris,
1327 3594 1552 3662 aliisque
1589 3608 1784 3662 magno
1818 3610 2043 3649 numero
2069 3610 2197 3649 mss.

603 3673 830 3742 ipsoque
863 3668 1118 3734 Eusebio,
1142 3667 1234 3742 qui
1265 3665 1655 3742 praepositione
1676 3668 1807 3740 πρὸς
1841 3667 2028 3742 utitur.
2053 3668 2202 3733 opus

605 3736 756 3799 istud'
794 3742 1029 3806 Musani,
1065 3736 1211 3808 quod
1242 3736 1617 3808 vocatﬁuscb.
1646 3736 2200 3812 Ἐπιτρεπτικὼτοιτον,

606 3815 839 3885 amplius
855 3826 972 3885 non
999 3817 1194 3885 exstat.

680 3877 713 3924 θ’
744 3883 890 3940 Nihil
925 3898 988 3937 ex
1019 3881 1177 3952 hujus
1203 3879 1431 3936 Modesti
1463 3878 1681 3948 scriptis
1726 3889 1986 3952 superest
2017 3877 2202 3952 hodie.

607 3956 856 4028 Plerique
873 3965 1051 4009 autem
1080 3949 1210 4007 mss.
1239 3952 1424 4028 legunt
1445 3952 1846 4028 aur/9529147“;
1881 3960 1931 4004 et
1959 3949 2204 4028 ψευδεπὶ-

603 4021 801 4106 γραφσζ,
829 4039 1155 4106 quas_voces
1191 4032 1246 4078 et
1283 4021 1620 4106 qubroniiis
1649 4021 1903 4106 retinuit,-
1925 4021 2204 4106 etni'mmu-

607 4092 743 4167 iiré,
760 4092 910 4170 juxta
941 4097 1332 4170 Martianzeum,
1349 4092 1402 4148 in
1420 4095 1783 4166 συντάγματα,
1799 4104 1854 4148 et
1874 4092 2207 4170 ψευδόγραφα

609 4167 773 4228 nulla
787 4169 1087 4225 necessitas
1107 4167 1272 4237 cogit.

685 4243 701 4279 ί
747 4241 1075 4297 Membranaa
1126 4234 1503 4306 Véronenses,
1542 4234 1986 4306 ,Mewpotamiaz,
2049 4235 2204 4303 cujus

606 4313 899 4370 locutionis
925 4309 1175 4381 exempla
1205 4309 1395 4379 optimi
1436 4305 1745 4376 Scriptores
1781 4306 1959 4361 Latini
2009 4322 2209 4376 suppe-

609 4386 806 4441 ditant.

681 4466 705 4502 8
748 4455 1019 4510 Veronen.
1072 4452 1291 4522 duoque
1324 4451 1414 4506 alii
1443 4448 1592 4513 cod.,
1616 4464 1802 4522 novant
1829 4449 1938 4516 ipse
1967 4447 2205 4522 haeresim

610 4526 860 4581 condidit.
888 4526 1018 4591 Quae
1043 4519 1220 4579 autem
1247 4531 1433 4578 essent
1462 4535 1619 4575 nova:
1650 4522 1768 4590 ejus
1790 4519 2063 4591 haereseos
2093 4520 2208 4588 pla-

609 4599 740 4664 cita,
772 4590 991 4651 difﬁcile
1020 4594 1165 4650 dictu
1198 4603 1300 4649 est.
1349 4595 1424 4648 Ex
1469 4591 1676 4664 Marin
1723 4590 2118 4664 Bardesianista
2155 4591 2206 4645 in

612 4661 837 4750 Dialogo
859 4667 922 4720 de
952 4667 1218 4750 rectahﬁde
1249 4665 1541 4750 intelligas,
1574 4663 1680 4717 duo
1727 4663 1876 4717 illum
1915 4661 2204 4750 admisisse

651 4734 897 4809 rincipia,
924 4734 1463 4812 siveip'itactradices
1479 4779 1494 4801 ,
1512 4751 1626 4812 qua
1637 4751 1753 4812 rum
1763 4749 1890 4812 _u_na
1921 4734 2205 4812 dumtaxat

628 4827 748 4868 iona
777 4805 942 4874 esset,
967 4805 1178 4864 scilicet
1226 4807 1380 4864 Deus.
1427 4807 1672 4861 Delatam
1724 4806 1928 4860 dixisse
1965 4805 2032 4859 de
2061 4805 2203 4860 coelo

607 4882 810 4939 Christi
855 4895 1077 4936 carnem
1132 4896 1238 4934 non
1280 4895 1347 4934 ex
1395 4876 1560 4932 Maria
1606 4886 1899 4945 sumptam.
1958 4877 2204 4944 Denique

608 4964 945 5010 mortuorum
992 4951 1447 5007 resurrectionem
1500 4947 1666 5004 fuisse
1712 4947 2028 5003 inliciatnm.
2091 4945 2201 5003 Sed

608 5026 727 5082 haec
770 5027 961 5082 eadem
1003 5023 1193 5078 deliria
1237 5037 1267 5074 e
1327 5019 1620 5086 Valentini,
1663 5034 1690 5072 a
1740 5035 1842 5089 qua
1901 5017 2197 5079 defecerat.

608 5097 794 5152 schola
825 5093 1238 5165 promanabant.
1266 5091 1550 5165 Singulare
1583 5106 1748 5165 unum
1781 5090 1848 5165 de
1883 5104 1951 5165 eo
1978 5096 2205 5165 annotat

607 5159 968 5238 Epiphanius,
992 5162 1135 5233 quod
1163 5159 1393 5214 uteretur
1422 5159 1570 5238 Lege
1588 5172 1637 5238 et
1677 5161 1986 5238 Prop/telis,
2032 5159 2202 5238 Veteri

607 5231 677 5292 a6
695 5231 825 5292 n'ovo
854 5231 1205 5298 Testamento,
1247 5241 1293 5285 et
1318 5231 1630 5301 apocryphis
1679 5232 2020 5302 quibusdam,
2057 5231 2201 5301 quod

605 5320 757 5368 certe
786 5305 1146 5362 Valentiniani
1179 5317 1282 5359 non
1314 5303 1690 5358 admittebant.

677 5380 707 5420 ιι
745 5380 1014 5437 Nonnulla
1045 5392 1112 5430 ex
1146 5373 1230 5430 his
1260 5376 1501 5429 nominat
1527 5374 1584 5430 S.
1617 5374 1868 5444 lipbrtem
1896 5371 2206 5445 Syrus,qui

607 5454 728 5525 ejus
757 5464 923 5508 sectae
952 5447 1390 5525 erroressaapius
1417 5446 1719 5525 impugnat.

686 5525 702 5562 ί
735 5525 794 5580 In
817 5525 938 5579 aliis
968 5520 1122 5576 libris
1148 5515 1566 5588 ﬂorentissimus.
1598 5515 1667 5568 At
1692 5513 2202 5588 Ensebius,_1ib.‘tv,

607 5611 727 5666 cap.
778 5597 993 5657 ultimo,
1025 5583 1230 5666 (ξι-9⁷ης)
1277 5593 1393 5642 Ιηεο
1438 5585 1798 5666 Hieronymus
1844 5583 2204 5666 ltausit,.im-

607 5653 834 5723 νὼἷτατον
859 5653 1018 5719 vocat
1050 5680 1062 5714 :
1099 5653 1323 5730 Ruﬁnus
1369 5653 1810 5730 potentissimum,
1855 5653 2206 5730 quemadmo-

612 5737 741 5808 dum
770 5744 824 5790 ct
848 5745 1003 5791 vetus
1053 5733 1242 5790 [renati
1295 5725 1566 5801 interpres
1619 5727 2023 5798 potentissimum
2067 5725 2207 5783 dixit

2233 4492 2287 4552 D

2379 3165 2392 3216 i
2443 3167 2578 3222 Sunt
2605 3167 2750 3223 docti
2782 3169 2917 3232 viri,
2949 3169 3041 3238 qui
3088 3165 3232 3224 hunc
3258 3171 3592 3225 Antoninum
3637 3171 3775 3227 nihil
3819 3176 3934 3229 mi-

2303 3254 2405 3312 nus
2454 3239 2621 3293 fuisse
2651 3255 2830 3312 quam
2877 3240 3263 3312 imperatorem
3315 3241 3485 3296 velint
3528 3253 3582 3297 et
3624 3259 3928 3312 perperam

2304 3311 2565 3387 scriptum
2616 3310 2682 3387 ab
2727 3310 3056 3387 I'liETOIIyIIIO
3100 3310 3354 3387 Murcum
3382 3313 3704 3387 Antoninum
3731 3310 3933 3387 quem

2306 3381 2571 3434 Eusebius
2612 3381 2910 3454 dumtaxat
2936 3381 3260 3454 Antoninum
3302 3383 3458 3448 dicit,
3509 3381 3824 3454 quemdam,
3863 3398 3929 3443 ut

2303 3460 2608 3517 autumant,
2656 3467 2722 3507 eo
2771 3452 2989 3507 nomine
3036 3453 3360 3508 Bardesanis
3403 3452 3637 3511 socium.
3682 3452 3818 3512 Nam
3867 3473 3924 3515 et

2306 3523 2812 3598 lib._vt_Prn_eparat.
2845 3523 3050 3593 Evang.
3075 3540 3196 3593 cap.
3229 3525 3285 3590 9,
3313 3536 3594 3598 postquam
3635 3528 3924 3598 hujusmet

2306 3593 2429 3648 libri
2471 3593 2535 3646 de
2578 3592 2716 3647 Fato
2774 3592 3156 3660 fragmentum
3201 3592 3474 3652 attulisset
3542 3592 3926 3657 luculentissi-

2309 3681 2454 3739 mum
2491 3665 2563 3719 ita
2605 3667 2820 3722 subdit.
2853 3665 3218 3739 Bardesanem
3264 3667 3636 3739 philosophari
3692 3673 3921 3729 solitum

2307 3738 2358 3790 ἐν
2397 3744 2512 3814 τοῖς
2555 3739 2705 3814 πρρς.
2733 3737 3134 3814 τούξηέταίρους
3180 3737 3455 3814 διαλόγοις,
3482 3737 3542 3794 in
3586 3741 3824 3814 Dialogis
3851 3746 3924 3798 ad

2307 3808 2518 3861 anticus.
2567 3807 2646 3863 Ad
2695 3808 2811 3863 haec
2864 3807 3077 3863 Valesiu
3128 3807 3349 3864 minime
3381 3822 3463 3864 est
3492 3807 3816 3879 verisimile,
3856 3817 3924 3871 li-

2310 3880 2439 3956 bros
2471 3879 2610 3949 Syro
2639 3895 2896 3956 sermone
2919 3881 3156 3956 scriptus
3185 3880 3498 3956 imperaturi
3528 3883 3782 3940 Romano
3816 3904 3918 3956 po-

2311 3951 2480 4023 tuisse
2513 3948 2812 4023 imucupari
2845 3952 3038 4023 :__quod
3069 3948 3288 4023 quidem
3327 3966 3708 4022 argumentum
3737 3967 3794 4012 et
3817 3948 3952 4014 'me'

2311 4021 2480 4075 movit
2508 4021 2820 4092 aliquando.
2855 4020 3053 4076 Verum
3086 4020 3131 4076 si
3165 4033 3321 4087 putes
3361 4020 3511 4078 innui
3559 4027 3630 4081 M.
3680 4028 3919 4085 Antoni-

2314 4108 2442 4146 num
2472 4093 2846 4162 Elagabulum,
2879 4095 2969 4158 qui
2999 4094 3141 4163 apud
3170 4095 3457 4150 Phteniccs
3477 4095 3620 4152 Solis
3649 4101 3916 4156 sacerdos

2309 4164 2445 4238 fuit.
2465 4163 2777 4238 Syrumque
2795 4163 2934 4218 adeo
2961 4179 3268 4238 sermonem
3296 4167 3500 4238 optime
3530 4181 3771 4232 noverat,
3795 4172 3916 4238 jam

2312 4234 2448 4288 nihil
2473 4234 2596 4290 erit.
2626 4235 2795 4308 Quod,
2820 4244 3027 4308 spectat
3064 4235 3282 4291 Eusebii
3327 4234 3728 4303 teStimoninnt,
3784 4234 3918 4308 pur-

2311 4319 2460 4360 some
2485 4322 2606 4377 quae
2651 4310 2702 4360 in
2746 4305 2978 4375 dialogis
3016 4308 3395 4377 colloquentes
3427 4305 3915 4376 ittdttcuttturptni—

2313 4379 2731 4451 nimeomnimn
2771 4388 2980 4443 vetant,
3014 4382 3160 4451 quin;
3190 4379 3327 4434 liber
3369 4380 3486 4450 ipse
3528 4381 3687 4436 alteri
3738 4384 3918 4451 possit

2316 4449 2560 4521 inscribi.
2606 4448 2789 4521 Inbue
2816 4458 2996 4503 autem
3027 4449 3091 4503 de
3111 4447 3249 4502 Fan
3276 4447 3772 4521 non'praesumptus
3793 4454 3913 4509 An-

2313 4520 2550 4592 toninns,
2585 4520 2681 4574 sed
2713 4519 2995 4589 Philippus
3023 4522 3208 4575 nescio
3229 4523 3350 4591 quis
3379 4519 3615 4586 disserit,
3642 4519 3706 4578 ιιι
3732 4542 3913 4592 neque

2311 4606 2377 4666 ei:
2408 4591 2510 4647 hoc
2532 4592 2712 4662 capite
2739 4592 2938 4666 aliquid
2968 4592 3241 4666 evincent,
3267 4595 3356 4662 qui
3391 4595 3460 4666 in,
3483 4597 3757 4666 contraria
3791 4591 3912 4666 opi-

2310 4663 2474 4739 nione
2507 4672 2815 4739 versantur.
2847 4662 3293 4739 Caeteraoptime
3323 4665 3594 4739 quadrant
3639 4662 3915 4739 Hierony-

2309 4733 2507 4788 minute
2533 4734 2841 4800 sententiae,
2871 4746 3037 4804 atque
3070 4733 3186 4803 ipsa
3217 4733 3355 4789 cum
3375 4735 3562 4805 primis
3605 4738 3747 4792 ratio
3773 4733 3912 4793 ten]-

2311 4807 2488 4872 poris,
2541 4805 2808 4873 siquidem
2860 4809 3062 4859 Auctor
3101 4805 3355 4861 Chronici
3407 4805 3668 4863 Edesseni
3720 4823 3909 4866 natum

2309 4876 2472 4930 tradit
2511 4876 2877 4931 Bardesanem
2925 4891 3072 4930 anno
3120 4877 3433 4933 Graecorum
3477 4878 3618 4944 465,
3663 4878 3768 4935 hoc
3824 4891 3908 4936 est

2306 4947 2508 5002 (lbristi
2561 4949 2684 5003 154.
2730 4946 2946 5018 Abgaro
2984 4948 3158 5003 Maani
3209 4948 3320 5002 tilio
3377 4947 3699 5006 familiarem
3740 4951 3910 5007 fuisse

2309 5027 2542 5089 testatur
2571 5018 2914 5088 Epiphanius
2947 5019 3143 5074 haeresi
3174 5019 3265 5085 66,
3299 5019 3460 5089 eique
3490 5023 3769 5077 consentit
3799 5022 3909 5077 Eu-

2309 5088 2496 5163 sebius
2527 5089 2619 5144 lib.
2653 5106 2683 5163 _v
2716 5090 2954 5163 Praepar.
2997 5088 3384 5163 cap.wl0,_ubi’
3413 5091 3617 5163 legem,
3663 5095 3749 5148 cui
3782 5110 3906 5148 sau-

2310 5161 2515 5215 ciendus
2555 5161 2667 5230 regi
2698 5169 2887 5216 auctor
2925 5160 3099 5234 fuerat
3125 5160 3491 5234 Bardesanes,
3521 5178 3589 5218 ne
3615 5165 3738 5234 quis
3764 5179 3823 5218 se
3851 5165 3904 5219 in

2311 5238 2587 5304 posterum
2617 5235 2872 5304 eviraret,
2906 5231 3134 5304 durasse
3161 5232 3355 5304 ait,And
3391 5231 3906 5304 tempora'Antonini

2313 5300 2556 5368 Caesaris,
2589 5319 2692 5357 non
2725 5301 2814 5357 Pii
2844 5300 3113 5373 appellati,
3139 5303 3229 5358 sed
3264 5302 3393 5358 Viri.
3421 5300 3560 5372 Quin
3587 5306 3754 5361 etiam
3793 5317 3904 5360 tra-

2312 5374 2391 5426 dit
2422 5373 2564 5429 idem
2613 5375 2970 5443 Epiphanius,
3005 5375 3186 5439 illum,
3220 5390 3344 5430 cum
3389 5375 3692 5432 orthodoxe
3739 5379 3908 5432 senti—

2313 5455 2416 5512 ret,
2448 5461 2623 5515 usque
2651 5447 2788 5501 adeo
2829 5445 3087 5513 ﬂagrasse
3110 5447 3229 5500 zelo
3260 5445 3390 5512 Dei,
3430 5454 3487 5500 ut
3515 5447 3707 5502 audire
3748 5464 3904 5504 recu-

2309 5517 2445 5570 sarit
2471 5517 2824 5584 Apollonium
2850 5516 3108 5571 Antonini
3153 5517 3499 5586 Imperatoris
3522 5521 3759 5585 amicum
3783 5536 3906 5572 sna-

2310 5588 2554 5654 dentem,
2602 5599 2658 5642 ut
2701 5602 2760 5642 se
2789 5589 3155 5643 Christianum
3186 5602 3309 5642 esse
3338 5598 3580 5657 negaret.
3619 5590 3791 5645 Porro
3820 5591 3906 5645 hic

2311 5658 2428 5786 ejns
2453 5657 2612 5786 (ﬁber
2641 5659 2703 5714 de
2737 5657 2871 5714 Fato
2891 5658 3154 5715 adversus
3183 5657 3394 5716 Abidan
3427 5657 3542 5715 Fati
3571 5675 3907 5720 assertorem

2311 5743 2370 5786 cs
2420 5745 2505 5786 οι
2535 5745 2616 5785 us.

2310 5739 2396 5786 cst
2420 5733 2616 5786 editus.
