4022 6324
54 311 186 367 657
1241 309 1449 365 LIBER
1490 309 1578 365 DE
1618 306 1801 366 VIRIS
1822 307 2303 365 ILLUSTRIBUS.
3319 313 3429 369 658

48 429 406 501 dagmatis,
442 431 497 485 id
537 444 606 485 est
627 472 642 497 ,
676 446 819 485 novre
849 428 1127 500 prophetia:
1150 426 1213 480 ab
1235 428 1377 481 omni
1407 426 1601 479 mundo
1640 426 1696 480 in

1825 446 1949 484 στην
1974 430 2068 481 τοῦ
2098 422 2350 496 δόγματος
2372 425 2554 480 τούτου
2576 465 2589 485 .
2616 434 2706 487 τῆς
2736 435 2904 488 καινῆς
2924 429 3051 499 λέγω
3081 435 3391 503 προφητείας
3414 472 3427 497 ,

44 525 304 576 εαηὶαηι
357 524 667 599 reprobari,
711 524 828 577 misi
869 527 1005 577 t'obis
1045 520 1362 591 Apollinaris
1386 519 1711 585 beatissimi,

45 616 156 686 qui
212 617 338 683 fuit
398 617 455 669 in
508 615 780 683 Hierapoli
813 614 950 667 Asia:
972 614 1286 682 episcopus,
1318 612 1588 667 “litteras.
1634 609 1714 665 Ad

46 704 78 743 ι’
122 706 504 760 Domninum
537 722 786 776 quoque,
821 704 912 773 qui
946 703 1345 773 persecutionis
1380 713 1625 772 tempore
1649 701 1716 756 ad

46 796 310 853 Judmos
344 797 768 861 declinaverat,
804 796 1059 850 volumen
1089 796 1432 863 compasuit;
1467 804 1521 849 et
1549 794 1715 847 alium

45 890 123 945 de
162 889 528 960 Evangelia,
566 888 709 958 quod
740 890 842 942 sub
875 890 1096 943 nomine
1116 888 1259 943 Petri
1291 889 1485 953 fertur,
1519 887 1714 941 librum

44 982 123 1037 ad
170 980 558 1037 Rhosensem
599 981 802 1036 Cilicia:
847 980 1179 1047 Ecclesium,
1212 996 1333 1050 qua:
1365 981 1419 1035 in
1462 980 1713 1035 hmresim

45 1074 180 1141 ejus
219 1074 498 1129 lectione
541 1073 859 1128 diverterat.
908 1072 1186 1142 Leguntur
1221 1081 1275 1127 et
1315 1072 1547 1141 Sparsitu
1596 1072 1715 1142 ejus

44 1165 272 1221 breves
313 1175 339 1203 ο
382 1166 643 1236 epistolae
668 1206 684 1231 ,
716 1166 957 1221 auctoris
980 1165 1063 1220 sui
1093 1168 1312 1225 ἀσκήσει
1350 1174 1406 1220 et
1428 1165 1553 1219 vitae
1580 1180 1714 1219 con-

44 1267 379 1329 gruentes.
1817 1263 2005 1315 τούτου
2061 1262 2307 1335 αἱρέσεως
2360 1265 2677 1333 μετήνεγκεν.
2736 1262 3181 1334 ’Δναγινώσκονται
3243 1260 3297 1316 δέ
3347 1268 3432 1320 καί

43 1348 355 1426 σποράδην
399 1351 757 1429 βραχύταται
786 1352 943 1408 αὐτοῦ
972 1351 1231 1407 ἐπιστολαὶ
1266 1359 1328 1425 τῇ
1359 1353 1573 1411 ἀσκήσει
1603 1354 1687 1407 καί
1722 1358 1797 1425 τῷ
1826 1353 1922 1423 βίῳ
1950 1353 2105 1407 αὐτοῦ
2140 1350 2477 1424 συνᾴδουσαι.

1524 1487 1782 1550 CAPUT
1828 1488 2027 1548 XLII.
2089 1462 2097 1469 ’

126 1590 502 1659 Apollonius
524 1631 539 1657 ,
570 1590 831 1646 Romana
880 1591 1029 1645 urbis
1052 1587 1079 1626 ἀ
1109 1600 1356 1655 senator,
1395 1590 1496 1645 sub
1542 1592 1704 1644 Com-

46 1683 229 1738 modo
256 1684 534 1755 principe
562 1700 591 1738 a
619 1699 778 1739 servo
807 1683 1012 1739 Severo
1046 1684 1309 1753 proditus.
1343 1683 1487 1754 quod
1518 1682 1703 1737 Chris-

48 1776 245 1830 tianus
272 1786 469 1839 esset,
498 1785 521 1811 ε
547 1776 867 1844 impetrato,
898 1785 956 1829 ιιι
986 1775 1253 1830 rationeru
1282 1774 1405 1830 ﬁdei
1437 1790 1550 1829 suae
1577 1774 1696 1829 red-

1825 1783 1983 1841 τιανὸς
2007 1777 2149 1843 εἶναι,
2184 1782 2438 1853 ἐπιταγείς
2467 1803 2520 1836 τε
2543 1790 2634 1841 τῆς
2672 1782 2858 1841 οἰκείας
2888 1783 3113 1843 πίστεως
3141 1781 3319 1838 δοῦναι
3338 1784 3395 1838 λό
3409 1816 3422 1826 ~

48 1869 243 1935 deret,
286 1869 528 1938 insigne
561 1866 859 1923 fvolumen
888 1870 1225 1938 composuit,
1261 1868 1403 1939 quod
1435 1868 1488 1921 in
1513 1877 1696 1921 senatu

1825 1894 1918 1945 νον,
1946 1872 2077 1943 μέγα
2098 1878 2293 1943 τεῦχος
2315 1872 2601 1935 συνέταξεν,
2631 1868 2756 1945 ὅπερ
2779 1874 2900 1947 ἐντῇ
2924 1874 3191 1945 συγκλήτῳ
3208 1876 3421 1947 άνέγνω,

49 1960 229 2032 legit;
264 1973 331 2016 et
364 1960 728 2016 nihilominus
764 1962 1033 2016 sententia
1072 1970 1324 2026 senatus,
1359 1977 1455 2030 pro
1495 1959 1711 2014 Christo

47 2057 245 2125 capite
296 2064 601 2110 truncatus
629 2064 711 2109 est
752 2058 922 2109 veteri
955 2056 1094 2123 apud
1122 2069 1216 2109 eos
1244 2054 1527 2111 obtinente
1560 2056 1674 2124 lege
1694 2096 1707 2119 ,

49 2148 279 2219 absque
316 2146 629 2216 negatione
651 2163 757 2202 non
790 2147 989 2201 dimitti
1012 2147 1384 2216 Christianos,
1417 2148 1508 2221 qui
1537 2148 1707 2203 semel

48 2241 118 2297 ad
147 2257 372 2297 eorum
409 2241 679 2310 judicium
708 2242 964 2312 pertracti
992 2252 1193 2298 essent.

1822 523 1908 574 καί
1937 525 2024 579 τήν
2052 521 2100 574 ἑν
2139 516 2235 592 ὅλῳ
2256 528 2328 593 τῷ
2354 520 2532 591 κόσμῳ
2570 524 2749 592 μανίαν
2781 522 3225 594 ἀποδοκιμαστίαν
3258 525 3428 601 ύπάρ-

1820 632 1956 682 χειν,
1984 610 2189 682 ἔπεμψα
2228 613 2346 683 ύμῖν
2374 612 2764 687 Ἀπολλιναρίου
2796 621 2887 668 τοῦ
2919 618 3337 691 μακαριωτάτου,
3373 617 3431 680 ὃς

1819 707 2017 776 γέγονεν
2054 702 2400 779 Ἱεραπολίτης
2441 704 2615 765 Ἀσίας
2646 707 2954 770 ἐπίσκοπος,
2998 710 3311 783 γράμματα·
3344 717 3431 766 καί

1821 800 1950 876 πρὸς
1989 798 2173 868 Δὸμνον
2214 796 2265 851 δέ
2309 800 2395 852 τὸν
2437 805 2509 867 τῷ
2538 806 2699 874 καιρῷ
2738 806 2829 853 τοῦ
2875 797 3101 871 διωγμοῦ
3140 801 3270 876 πρὸς
3309 804 3433 863 τούς

1822 891 2106 952 Ἰουδαίους
2136 894 2523 946 κατανεύσαντα
2547 893 2789 955 συνέταξε
2818 899 3033 962 τεῦχος,
3060 896 3143 947 καί
3164 890 3281 947 ἄλλο
3305 899 3428 971 περὶ

1824 989 1914 1038 τοῦ
1950 984 2259 1055 Εὐαγγελίου
2280 1026 2293 1047 ,
2328 980 2451 1059 ὅπερ
2484 982 2563 1036 ἐπ’
2592 984 2798 1055 ὀνόματι
2824 984 3009 1059 Πέτρου
3046 986 3268 1060 φέρεται,
3296 989 3311 1006 ⁶
3340 992 3429 1041 καί

1818 1075 1946 1148 πρὸς
1968 1080 2059 1132 τήν
2088 1076 2137 1127 ἐν
2158 1073 2314 1146 Ῥὀσῳ
2335 1082 2435 1129 τῶν
2464 1073 2673 1127 Κιλίκων
2693 1075 2985 1133 Ἐκκλησίαν
3007 1076 3196 1147 βίϐλον,
3222 1078 3333 1137 ἥτις
3355 1080 3428 1141 εἰς

1818 1171 1907 1225 τήν
1933 1168 2131 1241 αἳρεσιν
2154 1169 2307 1221 αὐτοῦ
2332 1167 2635 1238 ἐξεστράφη,
2664 1168 2747 1221 καί
2766 1188 2906 1227 τινας
2938 1170 3007 1227 εἰς
3030 1169 3313 1239 ἀνάγνωσιν
3334 1178 3429 1231 τῆς

1886 1589 2236 1654 Ἀπολλώνιος,
2262 1592 2451 1663 Ῥώμης
2469 1593 2819 1663 συγκλητικὸς,
2851 1596 2938 1647 ἐπὶ
2958 1594 3190 1666 Κομόδου
3214 1604 3306 1651 τοῦ
3333 1598 3427 1669 βα-

1815 1687 1993 1746 σιλέως
2016 1689 2157 1762 παρά
2196 1692 2286 1741 τοῦ
2337 1684 2515 1739 δούλου
2548 1688 2691 1762 παρὰ
2726 1686 2927 1764 Σεϐήρῳ
2966 1686 3229 1761 προδοθείς
3260 1699 3421 1764 Χρισ-

1820 1968 1902 2019 καὶ
1933 1964 2099 2025 οὕτως
2131 1965 2273 2020 οὐδὲν
2318 1963 2464 2023 ἧττον
2510 1965 2765 2035 ἀποφάσει
2799 1972 2891 2024 τῆς
2937 1966 3255 2038 συγκλήτου,
3289 1968 3423 2043 ύπέρ

1818 2066 1909 2112 τοῦ
1940 2065 2162 2133 Χριστοῦ
2185 2060 2469 2130 ἀπετμήθη,
2492 2058 2716 2117 παλαιᾶς
2740 2056 2867 2135 παρ’
2885 2059 3063 2118 αὐτοῖς
3092 2062 3422 2131 κατεχούσης

1818 2153 2105 2215 συνηθείας,
2125 2148 2256 2221 δίχα
2278 2152 2540 2225 ἀρνήσεως
2560 2156 2627 2219 μή
2655 2151 2892 2221 ἀφεθῆναι
2917 2152 3038 2211 τούς
3059 2155 3419 2226 Χριστιανούς,

1819 2246 1940 2304 τούς
1970 2242 2107 2305 ἅπαξ
2140 2245 2207 2301 εἰς
2237 2248 2327 2301 τήν
2354 2244 2516 2297 αὐτῶν
2546 2242 2797 2316 ἀκρόασιν
2824 2243 3171 2305 ἐλκυσθέντας.

1484 2369 1743 2432 CAPUT
1789 2366 2018 2428 XLIII.

123 2460 532 2533 Theophilus,
565 2463 830 2520 Caesareae.
861 2465 1165 2522 Palaestina:
1198 2468 1341 2540 (qum
1368 2469 1494 2523 olim
1520 2471 1714 2525 Turris

54 2554 362 2613 Stratonis
399 2555 726 2627 vocabatur)
760 2558 1091 2628 Episcopus,
1123 2560 1226 2616 sub
1265 2562 1471 2616 Severo
1501 2562 1711 2631 prioci-

54 2664 155 2719 pe,
194 2649 521 2703 adversum
550 2663 668 2715 eos,
693 2650 783 2718 qui
817 2650 1031 2705 decima
1079 2660 1271 2721 quarta
1304 2654 1428 2708 luna
1452 2668 1575 2707 cum
1608 2655 1710 2709 Ju-

56 2740 198 2794 dmis
224 2739 460 2794 Pascha
490 2739 783 2805 faciebant,
810 2757 933 2797 cum
959 2744 1173 2799 caneris
1204 2744 1491 2817 EpiscOpis
1521 2756 1545 2793 κ
1572 2762 1704 2817 syn-

56 2831 285 2889 odicatn
320 2831 499 2889 valde
526 2834 714 2890 utilem
744 2837 1055 2907 composuit
1076 2838 1387 2909 epistolam.

1894 2465 2151 2541 Θεόφιλος,
2170 2471 2491 2541 Καισαρείας
2512 2467 2871 2533 Παλαιστίνης,
2896 2469 3007 2528 ἥτις
3034 2471 3209 2543 πρώην
3224 2468 3421 2543 πύργος

1821 2566 2110 2634 Στράτωνος
2137 2563 2365 2617 ἐκαλεῖτο
2384 2603 2397 2626 ,
2431 2565 2736 2625 ἐπίσκοπος,
2765 2564 2851 2615 ίπί
2889 2562 3109 2636 Σεϐήρου
3136 2569 3226 2616 τοῦ
3263 2564 3417 2633 βασι-

1819 2656 1939 2716 λέως
1956 2697 1970 2719 ,
2005 2657 2134 2710 κατά
2158 2664 2258 2709 τῶν
2286 2654 2646 2709 ἐπιτελούντων
2674 2656 2731 2707 τὸ
2763 2656 2959 2725 πάσχα
2995 2655 3127 2725 μετά
3159 2662 3258 2707 τῶν
3286 2654 3416 2707 Ἰου-

1817 2748 1973 2803 δαίων
1994 2760 2056 2820 τῇ
2086 2747 2623 2825 τεσσαρεσκαιδεκάτη
2644 2756 2733 2807 τῆς
2762 2748 2993 2808 σελήνης.
3018 2745 3280 2805 συνοδικήν
3307 2750 3420 2801 ἑπι-

1817 2842 1997 2901 στολήν
2021 2844 2154 2897 πάνυ
2181 2844 2478 2913 θαυμαστήν
2504 2842 2634 2910 μετὰ
2656 2841 2841 2915 ἐτέρων
2873 2839 3161 2901 συνέταξεν.

1467 2975 1727 3037 CAPUT
1774 2975 2003 3037 XLIV.

122 3081 312 3153 885
348 3077 694 3149 Bacchylus,
726 3079 975 3134 Corinthi
1013 3082 1325 3150 episeOpus,
1356 3083 1455 3137 sub
1502 3084 1699 3139 eodem

57 3173 280 3229 Severo
318 3171 583 3240 principe
625 3171 809 3225 clarus
857 3172 1095 3237 habitus,
1125 3172 1193 3227 de
1222 3174 1428 3229 Pascha
1474 3191 1541 3229 ex
1587 3190 1702 3230 om-

58 3267 217 3322 nium
281 3265 384 3335 qui
452 3263 509 3317 in
560 3263 763 3318 Achaia
811 3274 969 3319 erant
1010 3267 1392 3337 episcoporum
1442 3284 1699 3340 persona,

64 3360 397 3429 elegantem
430 3354 463 3391 ιι
491 3354 691 3411 librum
720 3357 961 3427 scripsit.

1882 3084 2349 3156 886Βακχύλος,
2379 3084 2625 3156 Κορίνθου
2659 3084 2954 3147 ἐπίσκοπος,
2987 3081 3170 3154 ὁμοίως
3197 3083 3413 3160 Σεϐήρου

1816 3181 2169 3252 βασιλεύοντος
2202 3180 2436 3254 λαμπρὸς
2489 3180 2780 3254 ὑπάρχων,
2832 3182 2951 3253 περὶ
2988 3187 3079 3234 τοῦ
3125 3180 3322 3251 πάσχα
3359 3181 3415 3232 ἐκ

1816 3276 2095 3347 προσώπου
2137 3274 2338 3326 πάντων
2372 3278 2469 3326 τῶν
2498 3273 2547 3325 ἐν
2574 3270 2773 3345 ’Λχαΐᾳ
2804 3270 3091 3327 ἐπισκόπων
3115 3275 3412 3343 θαυμαστήν

1734 3347 1779 3409 C
1816 3367 2059 3429 συνέταξε
2088 3366 2277 3439 βίϐλον.

1490 3496 1747 3559 CAPUT
1794 3497 1989 3558 XLV.

142 3598 502 3669 Polycrates,
531 3595 895 3665 Ephesiorum
946 3596 1262 3668 episcopus,
1315 3612 1437 3652 cum
1483 3597 1701 3652 caeteris

77 3692 355 3760 episcopis
375 3690 553 3753 Asina,
585 3689 675 3759 qui
696 3689 848 3758 juxta
877 3689 1167 3757 quamdam
1196 3700 1438 3745 veterem
1464 3706 1700 3745 consue-

79 3786 332 3841 tudinem
368 3799 502 3839 cum
527 3782 734 3839 Judreis
762 3784 972 3837 decima
996 3794 1187 3853 quat-ta
1222 3785 1345 3838 luna
1370 3784 1579 3839 Pascha
1609 3800 1699 3839 ce-

80 3878 403 3942 lebrabant,
455 3877 679 3946 scripsit
727 3876 988 3930 adversus
1043 3875 1346 3942 Victorem,
1379 3878 1695 3946 episc0pum

82 3970 424 4037 Romanum,
461 3969 753 4039 epistolam
806 3969 1144 4039 synodicam,
1177 3971 1228 4022 in
1277 3986 1381 4039 qua
1428 3971 1607 4035 docet,
1638 3985 1699 4023 se

84 4066 313 4134 aposwli
354 4061 618 4125 Joannis,
651 4071 708 4115 et
747 4071 995 4115 veterum
1052 4062 1436 4116 auctoritatem
1489 4062 1643 4131 sequi
1683 4082 1695 4117 :

150 4302 219 4347 5—-
241 4274 423 4330 Penes
447 4273 655 4347 Euseb.
688 4275 1031 4347 γράμματαε-
1054 4281 1177 4347 puta
1210 4273 1322 4347 ipsa
1354 4272 1691 4347 Apollinaris

87 4346 279 4413 scripta
326 4358 531 4399 contra
574 4342 904 4397 Mutttitttttin.
937 4343 1055 4396 Vid.
1084 4342 1313 4396 Tertull.
1357 4345 1423 4394 de
1460 4344 1689 4409 Jejuttiis

87 4415 256 4477 initio.
279 4429 333 4471 et
360 4416 461 4472 lib.
506 4430 563 4469 nt
590 4426 779 4470 contra
819 4415 1149 4469 Marciouem
1184 4414 1285 4467 sub
1316 4416 1499 4478 linem,
1529 4422 1580 4467 et
1613 4429 1688 4479 tv,

90 4488 570 4614 ςὲὶίῖ’Βῗὲίδιὶτιηωιιε
610 4573 731 4612 cum
764 4557 1038 4625 plerisque
1075 4554 1235 4609 editis
1259 4553 1520 4608 Domuum
1552 4571 1569 4607 :
1598 4556 1688 4609 alii

94 4636 391 4697 praesertim
421 4646 561 4685 mss.
605 4630 910 4697 sepissime
956 4626 1284 4679 Dominum:
1311 4638 1439 4679 sunt
1491 4627 1579 4691 qui
1633 4636 1689 4680 et

1884 3600 2221 3675 Πολυκράτης,
2273 3602 2480 3672 Ἐφέσου
2539 3601 2835 3661 ἐπίσκοπος.
2886 3602 3019 3673 μετὰ
3067 3606 3165 3654 τῶν
3217 3600 3403 3653 λοιπῶν

1805 3693 1979 3753 Ἀσίας
2006 3695 2312 3757 ἐπισκόπων,
2339 3702 2440 3749 τῶν
2474 3696 2837 3750 ἐπιτελούντων
2860 3700 2949 3752 τήν
2975 3694 3151 3769 ἑορτήν
3178 3698 3268 3747 τοῦ
3300 3692 3403 3744 πά-

1805 3808 1923 3856 σχα
1952 3789 2085 3857 μετὰ
2113 3795 2211 3841 τῶν
2252 3785 2509 3841 Ἰουδαίων
2551 3796 2610 3861 τῇ
2639 3784 3167 3864 τεσσαρεσκαιδεκάτη
3197 3792 3287 3842 τῆς
3315 3804 3401 3837 σε-

1801 3879 1969 3942 λήνης,
1996 3881 2126 3934 κατά
2154 3881 2399 3949 Βίκτωρος
2429 3880 2712 3933 ἐπισκόπου
2732 3878 2922 3949 Ῥώμης
2944 3877 3216 3933 ἐπιστολήν
3245 3897 3405 3929 συνο-

1802 3969 1942 4031 δικήν
1984 3970 2187 4034 ἐξέδωκε
2213 4013 2223 4034 ,
2269 3970 2521 4025 διδάσκων
2552 3973 2756 4042 ὀφείλειν
2784 3974 3016 4024 Ἰωάννου
3044 3976 3135 4024 τοῦ
3165 3970 3363 4023 ἀποστό
3382 3998 3396 4006 -

1801 4065 1887 4119 λου
1908 4107 1921 4129 ,
1961 4068 2047 4120 καὶ
2084 4074 2147 4140 τῇ
2181 4066 2373 4136 παλαιᾷ
2401 4066 2739 4129 ἐξακολουθεῖν
2771 4066 3000 4138 αύθεντία
3019 4106 3033 4131 ,
3061 4062 3143 4136 ἀφ’
3172 4060 3229 4121 ἧς
3255 4062 3399 4133 ὀλίγα

1802 4288 1961 4327 nemo
1990 4272 2265 4327 studiosus
2294 4289 2391 4341 pro
2421 4290 2482 4325 ac
2504 4273 2720 4329 Ssvsao
2742 4270 3027 4340 legendum
3060 4287 3091 4321 a
3118 4285 3292 4335 servo,
3328 4270 3394 4322 ad

1802 4346 2100 4415 marginem
2128 4345 2247 4399 ΙΙΙ)Γὶ
2273 4344 2642 4407 admonuerit,
2664 4361 2823 4411 quant
2852 4343 2988 4395 alius
3020 4353 3199 4415 notam
3227 4344 3399 4395 textui

1799 4412 1945 4487 cinn'
1969 4432 2130 4486 prava
2162 4416 2274 4487 ipsa
2326 4417 2560 4470 lectione
2612 4416 2872 4487 inseruit,
2918 4429 2950 4465 a
2977 4428 3123 4487 servo
3156 4412 3389 4467 Severos.

1800 4484 1981 4540 Malim
2009 4484 2194 4553 itaque
2209 4487 2508 4541 Veronens.
2542 4496 2594 4539 et
2621 4484 2738 4538 Vat.
2774 4484 3269 4546 prmstaurtbsinmr.
3306 4499 3399 4538 ('0-

1799 4556 1980 4611 dicum
2013 4560 2165 4627 sequi
2199 4559 2383 4623 ﬁdem,
2416 4558 2504 4626 qui
2537 4557 2741 4627 omisso
2774 4554 2949 4607 Severi
2982 4557 3202 4609 nomine
3232 4571 3261 4608 a
3289 4572 3398 4609 ser-

1798 4642 1858 4679 t'o
1888 4626 2126 4698 proditus
2170 4639 2378 4683 tantum
2415 4630 2637 4679 habent.
2674 4626 2931 4679 Erasmus
2958 4627 3243 4695 legendum
3296 4645 3388 4692 pu-

96 4695 430 4756 Domnionem
464 4706 669 4772 legant.
690 4695 976 4772 Eusebius
1007 4710 1188 4751 tamen
1222 4705 1461 4769 Δομνῖνον
1490 4708 1683 4762 vocat,
1713 4695 1766 4753 D
1795 4695 1927 4751 tavit
1950 4699 2041 4751 sub
2070 4699 2349 4772 Commodo
2373 4698 2621 4767 Principe
2641 4714 2673 4747 ιι
2687 4713 2842 4772 servo
2864 4700 3095 4768 proditus
3121 4742 3135 4765 ,
3182 4698 3272 4753 sub
3296 4698 3368 4753 Se

97 4778 249 4838 atque
277 4772 348 4826 ita
377 4775 492 4829 duo
526 4788 657 4826 mss.
690 4771 886 4837 nostri,
922 4786 1059 4835 quos
1090 4772 1393 4839 sequimur.

164 4842 189 4878 δ
216 4845 337 4898 Ilrec
370 4858 429 4899 ut
461 4852 662 4900 caetera
710 4844 891 4899 omnia
928 4841 1248 4910 Serapionis
1293 4841 1493 4908 scripta
1523 4838 1687 4895 hodie

100 4906 497 4970 desiderantur.

170 4994 189 5021 ο
217 4983 544 5041 Senatoretu
575 4986 720 5041 hunc
745 4984 1094 5051 Apollonium
1128 4982 1293 5037 fuisse
1312 5025 1327 5049 ,
1351 4996 1416 5035 ex
1451 4982 1687 5036 Eusebio

106 5053 310 5118 quidem
354 5058 504 5112 nullo
549 5067 705 5125 pacto
730 5058 856 5112 licet
886 5057 1289 5125 argumentari;
1318 5062 1374 5107 at
1413 5068 1518 5125 non
1565 5055 1687 5109 ideo

107 5134 181 5175 est
209 5128 426 5195 proprio
456 5124 674 5197 ingenio
702 5124 1008 5182 credendus
1039 5141 1404 5197 exaggerasse
1430 5124 1690 5197 Hierony-

112 5205 243 5271 tmts,
271 5202 358 5266 qui
390 5198 445 5253 id
490 5195 658 5271 potuit
700 5215 766 5253 ex
798 5199 921 5252 aliis
948 5195 1295 5271 monimentis
1319 5195 1605 5271 didicisse,
1634 5195 1691 5252 et

113 5262 240 5343 ltirte
267 5262 333 5322 ex
364 5262 514 5343 actis
547 5270 990 5343 Inartyriiiipsius
1023 5270 1293 5343 Apollonii
1334 5268 1484 5343 apud
1514 5262 1687 5343 Euse-

112 5331 270 5413 luunt,
302 5340 462 5408 cujus
490 5357 626 5407 opus
667 5331 734 5395 de
763 5331 1085 5413 Martyribus
1122 5331 1692 5413 jamtltttlottt_interci-

113 5402 200 5458 dit.
227 5402 387 5465 Certe
413 5402 637 5466 ttuli‘uus
678 5414 824 5480 ipse,
855 5402 1016 5481 quem
1058 5402 1240 5479 inepte
1281 5412 1413 5465 satis
1442 5410 1692 5465 Valesius

113 5480 761 5554 Sttspicaturdescriptum
790 5499 817 5535 a
848 5480 1060 5547 nostro,
1095 5481 1420 5554 senatorem
1451 5497 1575 5536 eum
1615 5480 1692 5554 fa-

115 5548 199 5621 cit.
224 5548 369 5621 Idem
394 5548 683 5607 dicendum
706 5555 775 5607 de
802 5557 942 5607 servi
976 5552 1153 5607 Severi
1184 5552 1423 5618 n0mine,
1454 5556 1498 5604 si
1530 5552 1691 5607 modo

120 5614 237 5671 illud
281 5622 347 5673 ab
392 5624 721 5695 Hieronymo
757 5628 1017 5694 scriptum
1051 5634 1133 5677 est
1169 5641 1180 5676 :
1225 5614 1473 5692 suspicor
1502 5624 1648 5677 enim
1672 5668 1686 5691 ,

120 5696 180 5737 Cx
214 5704 366 5757 prava
397 5695 629 5749 lectione
652 5706 826 5749 ortum
852 5738 866 5762 ,
898 5710 1021 5749 cum
1074 5696 1255 5764 plures
1278 5738 1291 5760 ,
1328 5695 1471 5763 tique
1505 5696 1689 5764 probm

122 5764 470 5836 vetustatisuct
492 5774 631 5819 notae
652 5808 665 5829 ,
714 5782 842 5820 mss.
880 5770 1043 5821 etiam
1067 5783 1095 5819 a
1122 5766 1279 5821 nobis
1317 5767 1545 5836 in~pecti
1570 5807 1584 5833 ,
1611 5766 1691 5822 le-

126 5837 240 5890 lant
265 5832 351 5885 sub
381 5833 656 5893 Commodo
684 5837 912 5901 prinripo
956 5852 1016 5887 ac
1045 5838 1258 5893 SEVERO
1280 5832 1532 5905 proditus.
1569 5836 1684 5889 Non

1795 4784 1937 4836 vero,
1966 4769 2102 4836 quod
2133 4768 2459 4824 Christianus
2486 4778 2645 4831 esset,
2680 4769 2951 4837 impetrato
2982 4813 2995 4835 ,
3025 4779 3129 4823 etc.

1868 4838 1894 4876 ά
1929 4843 2014 4895 ΑΙ.
2071 4841 2324 4907 imperato
2346 4883 2359 4905 ,
2410 4839 2865 4905 quemadmodum
2909 4850 2963 4893 el
2994 4840 3163 4893 Vatic.
3196 4841 3388 4909 quibus

1795 4912 2122 4983 sull‘ragatrur
2152 4919 2376 4983 Crtecus
2408 4912 2676 4983 interpres
2708 4910 2965 4983 ἐπιταγείς
2988 4953 3002 4976 ,
3034 4920 3140 4983 etc.

1873 4993 1895 5019 ο
1928 4982 2060 5035 Illud
2097 4984 2245 5035 Actis
2290 4980 2584 5051 Martyrum
2614 4980 2915 5052 inseruerat
2944 4981 3243 5048 Eusebius,
3278 4983 3397 5052 qui-

1800 5054 2021 5108 buscum
2047 5062 2218 5107 totum
2249 5050 2501 5118 deperiit.
2534 5052 2606 5105 De
2628 5054 2777 5105 veteri
2799 5050 2931 5122 lege,
2957 5068 3072 5121 qua:
3095 5052 3283 5121 absque
3298 5050 3398 5108 Vne-

1799 5126 2007 5195 gatione
2029 5125 2217 5178 dimitti
2248 5122 2570 5177 Christianos
2593 5140 2694 5176 non
2737 5123 2957 5192 sinebat,
2987 5128 3112 5178 vide
3136 5126 3393 5194 Plinium,

1801 5198 1894 5251 lib.
1931 5213 1995 5260 χ,
2022 5200 2182 5268 epist.
2212 5196 2281 5251 97
2308 5239 2322 5261 ,
2357 5196 2423 5249 ad
2451 5195 2744 5265 Trajanth
2771 5212 2785 5261 ;
2814 5196 3034 5266 Pt-gium
3056 5212 3293 5268 quoque,
3327 5197 3393 5251 ad

1797 5283 1999 5322 annum
2025 5267 2225 5321 Christi
2261 5268 2381 5321 I87.

1877 5337 1897 5377 τ
1930 5340 1985 5393 In
2034 5339 2241 5411 synodo
2285 5339 2605 5411 Caesariensi
2652 5354 2796 5393 anno
2827 5342 3048 5411 circiter
3076 5340 3211 5406 I98,
3244 5339 3401 5409 cujus

1799 5420 1917 5465 acta
1951 5409 2091 5480 apud
2116 5409 2315 5464 Bedatn
2341 5410 2409 5465 de
2440 5410 2729 5478 Equinoct.
2766 5410 3051 5465 habentur.

1874 5492 1899 5529 8
1930 5482 2047 5536 Non
2106 5484 2245 5534 alius
2296 5483 2510 5535 videtur
2561 5496 2683 5535 es.~e
2733 5482 2818 5535 hic
2870 5480 3007 5536 liber
3057 5497 3084 5534 a
3126 5482 3400 5553 Synodica

1799 5553 2030 5621 cpistola
2052 5596 2068 5618 ,
2099 5566 2263 5624 quam
2295 5554 2526 5607 aliorum
2552 5569 2772 5622 quoque
2802 5554 3186 5623 episcoporum
3224 5556 3401 5610 nomi-

1797 5640 1866 5681 tte
1895 5625 2143 5679 dictavit.

1872 5699 1889 5720 ’
1912 5696 1968 5750 lu
1993 5695 2185 5751 Grarco
2214 5696 2345 5751 illud
2374 5701 2462 5751 καὶ
2488 5711 2594 5750 non
2618 5695 2793 5749 solum
2823 5705 3017 5766 vacat,
3052 5698 3148 5754 sed
3175 5708 3230 5756 et
3262 5699 3393 5757 Iliee

1797 5769 2120 5838 ronymiano
2148 5776 2297 5823 textu
2324 5768 2657 5823 contrarium
2682 5775 2783 5821 est.
