4022 6470
522 281 628 334 ϐϐὗ
1768 277 1826 333 S.
1871 275 2143 333 EUSEBII
2182 272 2564 330 lllERONYMl
3798 260 3889 315 ϐω

515 393 733 448 solitum
763 406 1056 461 numquam
1091 391 1423 463 Cyprianum
1452 391 1661 463 absque
1683 390 2004 446 Tertulliani
2037 389 2113 444 le-

2248 393 2436 463 πμὰτων
2448 388 2819 461 Τερτυλλιανοῦ
2838 391 3027 464 χωρίς,
3042 407 3161 441 συνι
3168 394 3280 458 χώς
3300 386 3582 459 λέγοντος
3603 383 3717 437 τοῦ
3740 379 3891 434 αὐτοῦ
3970 379 3979 423 l

516 487 697 542 etione
728 498 892 537 unum
915 482 1062 538 diem
1096 486 1430 552 praeterisse,
1458 498 1522 541 ac
1552 483 1656 537 sibi
1690 483 1886 538 crebro
1912 483 2115 551 dicere,

2248 484 2384 554 ‘92
2414 482 2744 559 Κυπριανοῦ,
2776 478 2983 540 Ἐπίδος
3012 481 3097 535 τὸν
3136 476 3463 533 διδάσκαλον
3490 517 3511 539 ,
3556 471 3892 544 Τερτυλλια-

513 573 600 628 Da
644 576 947 648 magistrum
993 592 1010 628 :
1048 573 1445 629 Tertullianum
1488 574 1743 631 videlicet
1782 574 2117 645 signiﬁcans.

2248 577 2297 629 όν
2329 575 2554 634 δηλονότι
2584 572 2804 645 μηνύων.
2823 569 2987 633 Οὗτος
3019 568 3154 647 ἄχρι
3180 572 3344 643 μέσης
3366 569 3617 627 ἡλικίας
3654 564 3894 641 πρεσευ·

512 667 613 723 Hic
632 684 753 722 cum
777 684 949 736 usque
975 667 1043 721 ad
1076 667 1308 722 mediam
1339 676 1552 723 aetatem
1584 677 1609 704 α
1634 669 1918 739 presbyter
1932 668 2120 724 Eccle-

513 760 611 816 sise
641 759 1074 830 permansisset,
1124 759 1326 814 invidia
1375 770 1563 829 postea
1602 758 1631 797 h
1676 769 1730 814 et
1772 761 2118 815 contumeliis

516 854 838 908 clericorum
882 853 1144 907 Romanae
1196 852 1455 907 Ecclesiae
1483 894 1498 921 ,
1540 853 1604 906 ad
1638 855 1878 909 Montani
1921 854 2114 924 dogma

516 945 792 1013 delapsus,
826 945 879 999 in
912 945 1097 998 multis
1131 944 1283 998 libris
1309 943 1473 998 Novae
1510 944 1819 1015 Prophetiae
1849 947 2117 1013 meminit,

515 1040 827 1107 specialiter
855 1046 1033 1091 autem
1077 1037 1362 1091 adversum
1406 1037 1703 1091 Ecclesiam
1753 1039 1921 1091 texuit
1969 1039 2121 1092 volu-

519 1131 689 1194 mina,
722 1129 787 1182 dc
819 1128 1099 1198 pudicitia,
1130 1126 1199 1181 de
1232 1125 1635 1197 persecutione,
1665 1126 1733 1181 de
1767 1127 2008 1197 jejuniis,
2052 1129 2120 1184 de

521 1222 862 1291 monogamia
892 1262 905 1284 ,
949 1221 1016 1274 de
1050 1231 1069 1258 ο
1106 1221 1299 1273 ecstasi
1330 1220 1497 1275 libros
1526 1235 1621 1274 sex
1649 1264 1663 1287 ,
1703 1231 1755 1276 et
1781 1221 2069 1291 septimum
2103 1266 2116 1290 ,

518 1328 678 1383 quem
716 1314 1008 1367 adversum
1036 1310 1383 1382 Apollonium
1437 1312 1763 1381 composuit.
1817 1313 2118 1385 Ferturque

2248 1321 2309 1372 εαί
2345 1319 2498 1392 ἕτερα
2523 1318 2799 1389 πάμπολλα
2817 1358 2832 1382 ,
2859 1320 3021 1381 ζήσας
3053 1316 3149 1375 ἕως
3168 1318 3338 1393 γήρως
3366 1314 3679 1385 ἐσχάτου.

517 1406 721 1463 vixisse
748 1421 918 1475 usque
943 1407 1007 1460 ad
1033 1405 1368 1476 decrepitam
1400 1414 1614 1461 mtatem
1644 1449 1658 1474 ,
1685 1415 1738 1461 et
1768 1406 1935 1460 multa
1958 1450 1972 1473 ,
2000 1423 2120 1477 quae
2160 1406 2186 1444 ά
2213 1425 2320 1464 non
2350 1417 2567 1465 exstant
2596 1408 2857 1480 npuscula
2884 1407 3217 1463 condidisse.

593 1628 857 1696 Origenes
878 1634 923 1688 θ,
942 1623 1033 1694 qui
1058 1631 1111 1677 et
1140 1623 1515 1690 Adamantius,
1546 1623 1758 1678 decimo
1780 1623 1966 1679 Severi
1992 1625 2123 1680 Per-
2155 1642 2202 1701 Β

447 1732 459 1746 '
525 1719 722 1777 tinacis
788 1734 933 1773 anno
1008 1717 1296 1773 adversum
1351 1718 1692 1773 Christianos
1750 1720 2127 1788 persecutione

526 1821 799 1869 commota
822 1811 868 1879 τ,
897 1827 925 1865 a
962 1810 1203 1865 Leonide
1234 1809 1415 1878 Patre,
1448 1808 1650 1864 Christi
1682 1812 1944 1882 martyrio
1966 1828 2126 1868 coro-

529 1916 685 1973 nato,
719 1918 841 1958 cum
873 1917 966 1957 sex
1000 1901 1261 1957 fratribus
1289 1911 1343 1956 et
1374 1912 1547 1957 matre
1592 1902 1775 1971 vidua,
1812 1919 2012 1974 pauper
2042 1920 2129 1961 re-

528 2000 797 2071 linquitur
824 2043 838 2067 ,
894 2011 1067 2051 annos
1114 2006 1272 2051 natus
1315 1996 1538 2051 circiter
1566 1996 1754 2052 decem
1796 2008 1853 2052 et
1892 2010 2125 2068 septem.

529 2095 663 2150 Rem
687 2095 832 2149 enim
863 2091 1183 2146 familiarem
1207 2090 1276 2145 ob
1304 2091 1701 2147 confessionem
1734 2090 1934 2147 Christi
1969 2094 2131 2150 fiscus

528 2194 909 2257 occupaverat.
948 2184 1044 2238 Hic
1074 2182 1419 2238 Alexandria
1446 2184 1696 2255 dispersa
1721 2187 1964 2243 Ecclesia
1992 2233 2005 2253 ,
2038 2187 2131 2242 dc-

529 2285 673 2340 cimo
729 2293 923 2335 oetavo
980 2280 1155 2333 aetatis
1206 2294 1320 2333 suae
1373 2294 1551 2349 anno,
1604 2286 1943 2353 κατηχήσεων
1997 2298 2133 2351 opus

530 2392 841 2448 aggressus,
877 2384 1067 2445 postea
1093 2390 1121 2425 a
1154 2372 1431 2427 Demetrio
1458 2418 1471 2441 ,
1502 2375 1618 2444 ejus
1659 2376 1809 2431 urbis
1838 2378 2095 2447 episcopo
2117 2422 2131 2445 ,

532 2469 588 2524 in
624 2470 802 2523 locum
834 2464 1128 2521 Clementis
1182 2473 1206 2510 8
1240 2464 1541 2536 presbyteri
1588 2467 1942 2523 confirmatus
1968 2513 1981 2537 ,
2037 2484 2134 2538 per

535 2563 739 2617 multos
768 2573 942 2615 annos
972 2556 1153 2611 ﬂoruit
1183 2574 1196 2610 :
1228 2568 1282 2612 et
1308 2574 1427 2613 cum
1450 2561 1560 2628 jam
1603 2560 1795 2615 mediae
1827 2571 1973 2617 esset
2003 2573 2132 2616 aeta-

535 2657 602 2711 tis-
634 2654 685 2722 ιι,
734 2665 789 2711 et
832 2664 1056 2726 propter
1102 2652 1374 2707 Ecclesias
1422 2652 1642 2708 Achaiae
1670 2697 1684 2720 ,
1718 2670 1839 2723 quae
1889 2655 2133 2723 pluribus

536 2747 701 2821 893
733 2746 1033 2801 barresibus
1064 2745 1404 2800 vexabantur
1429 2788 1442 2811 ,
1473 2746 1574 2799 sub
1604 2746 1915 2803 testimonio
1947 2746 2136 2800 Eccle-

2219 691 2367 747 τερος
2396 678 2487 731 τῆς
2513 670 2761 745 ἡμετέρας
2792 668 3053 727 ἐκκλησίας·
3074 666 3297 739 γέγονεν,
3330 664 3605 739 ὕστερον
3648 659 3715 714 δὲ

2222 766 2303 817 καί
2341 762 2783 838 προπηλακισμοῖς
2812 767 2910 815 τῶν
2942 760 3182 836 κληρικῶν
3218 765 3310 816 τῆς
3350 755 3398 811 έν
3430 754 3650 826 Ῥώμῃ
3683 752 3897 810 Ἐκκλη-

2220 861 2353 920 σίας,
2386 860 2455 918 εἰς
2484 861 2541 913 τό
2571 863 2830 913 Μοντανοῦ
2862 854 3022 929 δόγμα
3045 855 3336 917 όλισθήσας,
3364 853 3602 911 πολλὰς
3638 851 3897 913 συνέταξε

2221 952 2452 1023 βίϐλους,
2482 955 2495 973 ⁸
2528 959 2701 1010 καινῆς
2730 953 3040 1024 προφητείας
3067 948 3338 1019 μέμνηται.
3369 947 3464 998 καί
3500 941 3715 1002 ἰδικῶς
3769 942 3901 997 κατά

2221 1052 2313 1104 τῆς
2335 1044 2628 1103 Ἐκκλησίας
2651 1042 3033 1118 συνεγράψατο,
3066 1039 3204 1095 οὐδὲν
3226 1039 3280 1094 δὲ
3312 1037 3471 1099 ἧττον
3499 1042 3658 1111 περὶ
3693 1056 3901 1111 σωφροο

2223 1139 2377 1197 σύνης
2402 1178 2416 1198 ,
2464 1139 2584 1209 περὶ
2623 1133 2869 1208 διωγμοῦ,
2901 1136 3021 1209 περὶ
3048 1134 3306 1195 νηστείας,
3340 1134 3471 1205 περὶ
3503 1130 3896 1202 μονοναμίας,

2222 1231 2343 1303 περὶ
2362 1228 2652 1286 ἐκστάσεως
2672 1224 2851 1298 λόγους
2871 1224 2943 1289 ἒξ,
2968 1228 3048 1279 καί
3065 1222 3281 1295 ἕϐδομον
3308 1224 3435 1277 κατὰ
3462 1222 3535 1273 Ἀ
3551 1220 3895 1284 πολλωνίου,

2298 1630 2575 1705 Ὠριγένης,
2607 1628 2633 1683 ό
2661 1630 2743 1683 καὶ
2764 1628 2816 1681 Ἀ
2828 1626 3121 1700 δαμάντιος,
3154 1625 3349 1699 δεκάτῳ
3370 1628 3611 1697 ἐνιαυτῷ
3638 1627 3894 1702 Σεϐήρου

2229 1727 2319 1775 τοῦ
2347 1722 2646 1793 Περτίνακος
2671 1720 2801 1775 κατὰ
2820 1726 2918 1774 τῶν
2936 1726 3251 1791 Χριστιανῶν
3272 1716 3492 1791 διωγμοῦ
3531 1719 3889 1779 κινηθέντος,

2230 1815 2375 1889 παρὰ
2402 1812 2650 1868 Λεωνίδου
2673 1813 2901 1885 πατρὸς,
2926 1818 3019 1867 τοῦ
3040 1814 3125 1866 καὶ
3143 1814 3595 1885 μαρτυρήσαντος.
3630 1812 3793 1881 μετά
3827 1809 3893 1873 ἓξ

2231 1904 2450 1977 ἀδελφῶν
2472 1907 2554 1959 καὶ
2567 1905 2760 1979 μητρός
2779 1908 2952 1981 χήρας
2962 1905 3114 1963 πένης
3126 1903 3408 1975 κατελείφθη
3420 1944 3432 1965 ,
3446 1904 3580 1956 ἐτῶν
3608 1904 3754 1978 περί
3767 1921 3883 1956 που

2233 1997 2588 2053 ἑπτακαίδεκα.
2619 2004 2823 2053 Τοῦτων
2857 2000 2958 2074 γὰρ
2986 1999 3016 2054 ἡ
3038 1998 3314 2072 περιουσία
3346 1993 3429 2050 διὰ
3455 1995 3517 2049 τὸ
3557 1990 3713 2048 εἶναι
3746 2004 3884 2069 X91-

2237 2101 2452 2149 στιανῶν
2476 2092 2717 2165 ἐδημίσθη
2736 2131 2747 2144 .
2768 2089 2948 2150 Ὀστις
2972 2092 3019 2144 ἐν
3035 2088 3387 2166 Ἀλεξανδρείᾳ
3407 2087 3883 2162 διασκορπισθεῖ·

2238 2207 2331 2240 σαν
2351 2191 2442 2245 τήν
2461 2186 2761 2243 Ἐκκλησίαν
2785 2181 3126 2238 ὀκτωκαίδεκα
3160 2189 3278 2238 ιτῶν
3306 2187 3395 2241 τήν
3437 2181 3656 2240 ἡλικίαν
3692 2178 3841 2253 ἄγων
3860 2222 3873 2243 ,

2236 2284 2580 2350 κατηχήσεων
2612 2279 2897 2347 ἐπιστήμην
2922 2275 3239 2349 παρειληφὼς
3261 2315 3274 2335 ,
3306 2273 3415 2344 μετ’
3446 2275 3505 2327 οὐ
3525 2273 3682 2327 πολὺ
3730 2273 3879 2346 παρὰ

2240 2374 2526 2447 Δημητρίου
2556 2378 2648 2430 τῆς
2668 2371 2823 2429 αὐτῆς
2842 2369 3035 2428 πόλεως
3066 2366 3365 2429 ἐπισκόπου,
3397 2367 3471 2424 εἰς
3506 2364 3692 2421 τόπον
3740 2361 3875 2419 Κλή-

2240 2486 2418 2536 μεντος
2444 2463 2805 2539 πρεσϐυτέρου
2836 2462 3192 2523 κατασταθείς,
3227 2462 3313 2514 ἐπὶ
3333 2456 3419 2517 ἔτη
3446 2458 3630 2512 πολλὰ
3662 2455 3877 2531 διέπρε-

2238 2559 2326 2629 die,
2358 2558 2567 2628 μεσῆλιξ
2601 2577 2655 2612 τε
2677 2556 2960 2628 γενόμενος,
2989 2553 3074 2610 διὰ
3097 2557 3192 2614 τὰς
3233 2555 3281 2607 ἐν
3304 2562 3366 2623 τῇ
3387 2552 3444 2606 Ἀ
3457 2551 3611 2627 χαΐᾳ
3654 2551 3872 2606 Ἐκκλη-

2242 2655 2383 2714 σίας.
2442 2654 2627 2712 αἵτινες
2673 2651 2818 2725 παρὰ
2869 2650 3063 2704 πολλῶν
3118 2649 3356 2722 αἱρέσεων
3395 2648 3730 2710 ἐσκύλοντο,
3792 2645 3877 2697 ἐπὶ

2243 2745 2506 2818 μαρτυρίᾳ
2551 2742 2995 2802 Ἐκκλησιαστικῆς
3026 2740 3325 2798 ἑπιστολλῆς
3556 2740 3744 2793 ἀπιὼν
3790 2733 3872 2788 διὰ

538 2840 771 2895 εἰςιδιὶείη
811 2839 827 2875 ί
862 2839 1104 2908 epismlae
1130 2839 1374 2893 Athenas
1422 2853 1518 2907 per
1543 2838 1887 2892 Palmslinam
1943 2852 2137 2906 perge-

2248 2835 2578 2894 Παλαιστίνης
2592 2836 2661 2895 είς
2674 2833 2907 2897 Ἀθήνας,
2922 2836 3065 2908 παρὰ
3075 2834 3381 2887 Θεοκτίστου
3398 2834 3487 2884 καί
3503 2826 3871 2902 Ἀλεξάνδρου

540 2940 647 2997 ret,
677 2946 707 2983 a
738 2929 1053 2984 Theoctisto
1081 2939 1133 2984 et
1160 2930 1469 2986 Alexandro
1500 2974 1513 2996 ,
1564 2928 1826 2985 Caesareae
1856 2940 1909 2985 et
1940 2930 2133 2985 Hiero-

2248 2928 2554 3001 Καισαρείας
2596 2930 2679 2981 καὶ
2718 2926 3077 3002 Ἱεροσολύμων
3123 2923 3437 2987 ἐπισκόπων,
3484 2920 3868 2998 πρεσϐύτερος

544 3023 879 3093 solymorum
908 3023 1200 3093 episcopis,
1236 3025 1522 3094 presbyter
1568 3023 1852 3077 ordinatus
1878 3023 2139 3080 Demetrii

2248 3020 2641 3095 χειροτονηθείς,
2684 3020 2949 3094 Δημητρίῳ
2987 3018 3405 3092 προσέκρουσεν,
3448 3012 3604 3077 ὅστις
3646 3014 3867 3085 τοιαύτη

617 3166 642 3192 ⁸
678 3156 743 3210 Et
771 3165 892 3227 sunt
922 3162 1099 3227 tamen
1131 3156 1221 3224 qui
1252 3165 1447 3223 negant
1478 3156 1773 3211 bodienum
1802 3156 1970 3211 fuisse
1998 3174 2140 3227 pres-

545 3230 775 3299 byterum
804 3226 1217 3299 Tertulliunum,
1252 3235 1309 3281 et
1339 3229 1507 3299 velint
1552 3228 1760 3281 nullum
1790 3244 1854 3283 ex
1888 3226 2139 3299 Antiquis

545 3298 599 3354 id
633 3315 888 3371 uiuitur-ni
924 3298 1209 3371 tradidisse
1234 3341 1248 3365 ,
1280 3298 1425 3371 nndc
1467 3299 1553 3353 hic
1578 3301 1715 3368 apud
1750 3298 2138 3371 Hieronymum

543 3386 643 3439 pro
666 3369 943 3440 presbyter
985 3367 1232 3422 Ecclesia:
1277 3370 1563 3437 legendum
1596 3367 1929 3425 contendant
1954 3367 2140 3424 Vhomo

544 3439 795 3496 Ecclesiae
823 3484 837 3506 ,
870 3450 927 3494 ut
970 3440 1070 3493 sibi
1098 3483 1111 3507 ,
1147 3443 1298 3494 aiunt
1328 3483 1342 3507 ,
1372 3452 1581 3495 constet
1613 3441 1975 3512 Hieronymus
2002 3485 2015 3507 ,
2047 3443 2139 3512 qui

2244 3155 2338 3209 sed
2364 3154 2467 3207 alia
2499 3160 2625 3207 sunt
2656 3152 2977 3207 Tertulliani
3008 3152 3303 3217 volmnina,
3334 3168 3453 3220 quae
3485 3150 3582 3207 hic
3617 3168 3735 3207 non
3766 3166 3865 3206 nos

2246 3227 2435 3292 minat,
2466 3234 2522 3278 et
2561 3236 2737 3279 tamen
2764 3225 2874 3292 jam
2907 3234 3016 3277 tum
3052 3223 3296 3291 periisse,
3322 3227 3409 3277 vix
3449 3225 3611 3277 credi
3664 3227 3860 3291 pos-sit.

2248 3297 2419 3351 Fuere
2452 3298 2588 3349 liber
2617 3296 2679 3348 de
2710 3296 2895 3347 anima:
2916 3295 3261 3348 submissione
3293 3311 3310 3347 :
3341 3296 3480 3348 alius
3510 3296 3578 3347 de
3609 3293 3861 3361 supersti-

2246 3370 2382 3422 tione
2410 3365 2585 3421 διεσπλιὶ
2611 3383 2627 3419 :
2662 3368 2787 3421 item
2818 3367 2879 3420 de
2904 3382 3058 3419 carne
3089 3375 3136 3419 ct
3164 3366 3336 3419 anima
3356 3409 3370 3433 ,
3400 3381 3643 3434 quorum
3673 3366 3861 3420 titulos

2246 3456 2277 3495 e
2320 3457 2422 3493 ms.
2473 3438 2819 3506 Agnbardino
2867 3438 3157 3505 descripsit
3207 3436 3471 3506 Rigaltus.
3522 3437 3674 3492 Tum
3727 3448 3860 3503 quos

541 3515 703 3568 aliter
722 3513 905 3566 dicere
932 3512 1227 3577 videretur,
1257 3512 1420 3566 fuisse
1442 3512 1841 3567 Tertulliaunm
1876 3513 1928 3567 in
1962 3513 2139 3567 infan-

544 3585 613 3638 tia
650 3581 973 3654 presbyterii
1000 3583 1170 3651 gradu
1198 3583 1481 3649 donatum,
1518 3585 1569 3636 in
1602 3600 1708 3652 quo
1732 3600 1901 3652 usque
1928 3585 1992 3637 ad
2023 3602 2139 3639 mc-

542 3656 687 3710 diam
715 3665 929 3727 aetatem
976 3656 1376 3727 permanserit,
1415 3668 1526 3727 tum
1558 3670 1679 3709 esse
1712 3658 1994 3727 presbyter
2032 3670 2143 3710 ccs-

543 3727 767 3792 saverit,
799 3726 850 3779 id
882 3726 1025 3788 quod
1054 3740 1175 3779 cum
1202 3726 1456 3780 [Sceleshe
1486 3726 1736 3780 doctrina
1764 3728 1830 3781 de
1855 3729 2139 3781 characte-

544 3798 620 3851 ris
649 3798 765 3866 ejus
788 3798 1112 3861 aeternitate,
1147 3807 1293 3851 stare
1320 3798 1469 3851 nullo
1502 3798 1662 3851 modo
1695 3806 1892 3866 potest.
1936 3797 2029 3851 liis
2065 3813 2143 3853 re-

546 3883 685 3936 pone
716 3870 1012 3922 Auctorum
1060 3868 1304 3922 omnium
1352 3871 1441 3935 qui
1490 3868 1557 3922 de
1596 3869 1931 3923 Tertulliano
1979 3868 2143 3922 locuti

544 3948 671 3992 sunt
690 3938 804 3993 sive
836 3940 888 3992 in
920 3938 1272 3993 Bibliothecis
1300 3939 1708 4007 ecclesiasticis,
1737 3941 1850 3994 sive
1878 3940 2005 3993 alibi
2027 3954 2146 3994 sen-

545 4013 767 4064 tentiam
796 4021 851 4064 et
882 4010 1063 4081 fidem,
1094 4011 1299 4079 absque
1326 4026 1394 4064 eo
1416 4012 1559 4080 quod
1590 4013 1658 4064 de
1688 4012 1999 4081 Hieronymi
2023 4019 2146 4063 tex-

546 4088 601 4135 tu
632 4081 950 4135 dubitarint.
1001 4080 1135 4133 Tum
1182 4085 1389 4149 optime
1422 4082 1622 4135 habere
1653 4083 1795 4147 quod
1827 4080 1914 4135 hic
1945 4080 2145 4135 dicitur

545 4154 706 4221 fuisse
732 4153 1105 4224 presbyterum
1130 4150 1394 4224 Ecclesiw,
1418 4167 1523 4204 non
1545 4152 1921 4224 presbyterum
1945 4152 2141 4217 ἁπλῶς,

546 4233 605 4276 ut
631 4221 905 4294 intelligas
930 4224 1034 4275 dici
1064 4221 1453 4294 Tertullianum
1486 4224 1553 4275 ad
1585 4223 1635 4275 id
1671 4238 1842 4294 usque
1884 4225 2145 4294 temporis

547 4293 831 4348 catholicae
875 4294 1040 4347 fuisse
1082 4293 1360 4346 addictum
1406 4294 1662 4364 Ecclesiae
1708 4293 1762 4347 in
1817 4293 2145 4364 presbyterii

547 4368 738 4434 gradu,
771 4381 957 4435 posuea
987 4364 1053 4416 ad
1090 4364 1447 4417 Montanistas
1475 4362 1743 4435 defecisse
1768 4406 1782 4431 ,
1813 4364 1952 4435 apud
1983 4362 2142 4432 quos,

548 4433 1079 4507 etiamsi‘presbyter
1124 4450 1247 4489 esse
1277 4434 1665 4507 nondesierit,
1695 4445 1873 4489 tamen
1899 4433 2147 4507 Ecclesia:

550 4505 812 4577 presbyter
839 4522 944 4560 non
963 4505 1201 4577 amplius
1223 4516 1356 4561 erat.
1383 4505 1518 4561 Vide
1536 4506 1964 4577 Tilletnontinm,
1991 4506 2148 4560 Fleu-

550 4576 691 4647 rium
720 4585 879 4645 atque
921 4578 1077 4632 alios.
1112 4580 1191 4633 Ex
1219 4579 1456 4647 antiquis
1485 4577 1691 4630 Anetor
1734 4576 2101 4630 Prwdestt'nati
2130 4620 2145 4643 ,

549 4646 644 4716 qni
664 4658 825 4717 certe
855 4656 980 4702 ante
1005 4646 1691 4703 llincmarumRemensem
1716 4654 1957 4717 scripsit,
1986 4666 2012 4700 a
2044 4665 2149 4711 quo

551 4716 804 4771 laudatur
829 4728 883 4773 et
904 4719 1144 4791 creditur
1161 4737 1189 4773 a
1222 4721 1397 4775 doctis
1422 4737 1451 4771 ν
1471 4718 1656 4773 saeculi
1685 4716 1912 4785 Auctor,
1939 4719 2151 4791 presby-

547 4798 769 4843 teramm
790 4806 1045 4857 expresse
1064 4790 1402 4846 Tertulliano
1428 4791 1635 4845 tribuit.
1672 4791 1916 4857 Denique
1949 4794 2063 4859 ipse
2090 4790 2151 4845 Se

551 4860 918 4932 Tertullianus
948 4877 977 4916 a
1012 4862 1163 4918 laicis
1183 4863 1468 4932 distinguit
1498 4863 1591 4916 lib.
1633 4862 1703 4917 de
1732 4864 1920 4917 Anima
1945 4878 2064 4931 cap.
2091 4863 2145 4916 9.

549 4931 709 4998 Quod
748 4934 792 4988 si
833 4935 927 4990 lib.
954 4934 1025 4989 de
1062 4931 1400 5004 Monogamia
1426 4945 1481 4988 et
1508 4933 1799 4988 Exhortat.
1833 4935 1899 4987 ad
1926 4932 2150 4989 CaStita-

550 5013 660 5057 tem
690 5022 749 5058 se
778 5021 898 5060 cum
941 5005 1119 5060 Laicis
1170 5005 1494 5072 confundit,
1539 5005 1593 5059 itl
1634 5020 1812 5060 causa:
1842 5016 1959 5072 est,
2002 5005 2148 5074 quod

550 5088 648 5130 eos
677 5077 842 5132 libros
868 5077 1198 5145 composuit,
1221 5091 1343 5130 cum
1362 5079 1427 5130 ad
1450 5077 1805 5131 Montanistas
1832 5077 2143 5133 defecisset.

624 5145 652 5182 ιι
685 5146 841 5200 Circa
882 5163 1086 5200 annum
1118 5146 1345 5211 Christi,
1392 5157 1449 5199 ut
1478 5146 1669 5213 fertur,
1701 5148 1830 5215 905,
1874 5163 1999 5202 cum
2031 5150 2148 5217 ipse

550 5216 1025 5289 quadragesimum
1058 5217 1178 5283 plus
1201 5218 1379 5289 minus
1396 5229 1599 5286 ageret.
1645 5218 1984 5274 Martianreus
2017 5216 2149 5289 legit

554 5288 661 5341 llic
690 5304 871 5355 usque,
903 5300 955 5341 et
989 5288 1271 5355 permansit
1299 5304 1317 5342 :
1342 5303 1439 5358 pro
1466 5304 1572 5359 quo
1595 5289 1769 5346 altero
1798 5291 1964 5347 verbo
1981 5288 2146 5346 Guel-

552 5360 809 5431 pherhyt.
844 5360 1039 5431 Africa:
1064 5359 1212 5427 legit.

627 5440 650 5469 ε
683 5432 744 5504 lli
786 5432 849 5484 de
894 5432 1075 5485 ecstast'
1113 5431 1258 5498 libri,
1282 5448 1511 5500 quorum
1538 5447 1701 5504 supra
1741 5448 1861 5504 cap.
1901 5432 1973 5486 24
1998 5442 2053 5488 et
2077 5433 2147 5490 £0

551 5503 886 5557 mentionem
912 5504 1162 5569 fecimus,
1195 5506 1491 5570 perierunt.

624 5572 651 5609 ά
673 5571 964 5629 Contrario
986 5589 1171 5641 sensu,
1192 5574 1330 5630 forte
1352 5588 1406 5630 et
1423 5578 1657 5641 veriore,
1684 5576 1811 5641 legit
1828 5574 2143 5641 Vaticanus,

550 5660 665 5712 qua:
696 5661 829 5698 nunc
856 5655 1082 5713 exstant,
1110 5662 1204 5715 pro
1224 5662 1326 5701 non
1356 5656 1575 5701 exstant.
1606 5648 1671 5701 Et
1702 5646 1899 5699 librum
1929 5646 2143 5713 quidem

553 5716 617 5790 cie
640 5715 1063 5790 garonyestib‘us
1088 5719 1455 5790 Hieronymus
1478 5732 1566 5786 ep.
1601 5718 1669 5783 64
1696 5760 1711 5784 ,
1737 5717 1812 5790 ad
1836 5716 2140 5790 Fabiolam,

551 5784 622 5838 de
640 5783 787 5839 Vest.
815 5785 1063 5853 Sacerd.,
1086 5788 1140 5843 in
1188 5783 1313 5856 fine;
1349 5783 1547 5845 frustra
1580 5783 1845 5859 quaesisse
1877 5804 1936 5845 se
1965 5787 2095 5843 dicit
2124 5783 2137 5855 ᾗ

2174 4470 2227 4530 Ι)

2247 3512 2366 3575 ipse
2395 3504 2755 3579 Hieronymus
2785 3510 2866 3562 vel
2898 3510 2947 3562 in
2980 3504 3081 3563 hoc
3116 3512 3232 3578 ipso
3271 3504 3535 3579 Catulogo
3553 3525 3687 3575 cap.
3719 3509 3785 3563 l8
3806 3514 3857 3560 et

2247 3584 2336 3646 70,
2363 3584 2444 3635 vel
2469 3577 2664 3634 aliis—in
2691 3581 2823 3634 locis
2852 3580 3055 3645 laudat,
3083 3577 3208 3633 liber
3238 3582 3301 3634 de
3331 3580 3438 3647 Spe
3458 3577 3740 3634 Fidelium
3762 3622 3777 3645 ,
3806 3584 3857 3631 et

2248 3656 2310 3705 de
2342 3652 2593 3707 Trinitate
2623 3669 2772 3722 opus,
2804 3653 2944 3705 etde
2972 3650 3281 3704 animalibus
3312 3652 3521 3705 mundis
3551 3664 3597 3704 et
3627 3653 3853 3705 immun-

2247 3726 2364 3791 dis;
2394 3733 2450 3777 et
2480 3724 2541 3776 de
2570 3722 2967 3776 Circumcisione
2991 3739 3009 3776 :
3030 3727 3166 3777 etde
3197 3722 3523 3793 Virginitate.
3557 3724 3691 3778 Illos
3723 3735 3854 3793 ιιι-ειε-

2249 3789 2421 3861 tereo,
2443 3810 2669 3864 quorum
2686 3795 2824 3861 apud
2849 3794 3007 3861 alios,
3041 3798 3242 3847 mentio
3264 3789 3369 3860 eSI,
3404 3803 3464 3848 ut
3486 3806 3678 3848 contra
3700 3789 3853 3860 Apel-

2250 3866 2487 3927 licianos,
2518 3865 2659 3932 apud
2686 3864 3029 3919 Vincentium
3061 3865 3447 3933 Lyrinensem,
3486 3881 3615 3933 cap.
3659 3866 3753 3929 24,
3796 3870 3849 3917 et

2248 3938 2312 3989 de
2341 3936 2599 3989 Paradiso
2621 3978 2635 4001 ,
2668 3950 2833 4003 penes
2867 3936 3044 4003 ipsum
3079 3936 3489 4005 'l‘ertulliamtm,
3532 3952 3661 4005 cap.
3694 3936 3763 3991 55
3790 3934 3848 4005 de

2250 4008 2435 4079 Anima
2461 4024 2479 4060 :
2510 4022 2616 4079 quo
2655 4006 2805 4079 idem
2862 4007 3179 4079 lidejussore
3202 4052 3215 4074 ,
3267 4003 3756 4079 Graecaopnsculu
3787 4003 3847 4056 de

2250 4076 2692 4151 Spegtacnlis,_d_e
2716 4075 3004 4151 Baptismo,
3056 4080 3119 4131 de
3162 4079 3391 4133 vetandis
3424 4075 3760 4151 Virginibus,
3786 4082 3845 4151 et

2250 4145 2314 4203 de
2343 4148 2547 4203 Corona
2590 4146 2798 4220 Militis.
2842 4148 2939 4203 'l‘ot
2973 4151 3256 4214 librorum,
3303 4166 3439 4220 quos
3470 4145 3628 4204 nobis
3656 4145 3847 4220 invidit

2251 4221 2470 4289 sequior
2495 4234 2649 4286 tetas,
2698 4219 2744 4273 si
2781 4231 2889 4273 tum
2914 4236 3126 4290 quoque
3159 4216 3423 4291 temporis
3456 4236 3559 4275 non
3595 4216 3837 4273 exstitis-

2250 4300 2391 4416 3eut,
2426 4292 2611 4346 titulos
2638 4291 2831 4347 saltem
2856 4291 3219 4361 Hieronymus
3256 4293 3535 4349 memoria:
3562 4302 3836 4345 commen-

2288 4374 2457 4416 asset.

2288 4374 2457 4417 asset.

2327 4444 2350 4470 θ
2396 4433 2529 4489 Cod.
2550 4431 2924 4489 Cluniacensis
2945 4435 3034 4505 qui
3061 4443 3105 4485 et
3132 4436 3421 4490 Amantius.
3462 4434 3725 4505 Equidem
3745 4446 3837 4505 ett-

2255 4507 2410 4573 stitit,
2444 4508 2533 4574 qui
2565 4505 2633 4560 ab
2655 4502 3340 4560 adamando'Adamantium
3367 4502 3694 4575 appellatum
3733 4502 3835 4558 Oriv

2254 4592 2442 4647 genem
2476 4587 2711 4644 putaret,
2743 4579 2987 4645 bamque
3016 4579 3396 4648 etymologiam
3418 4593 3480 4632 ex
3499 4575 3618 4644 ipso
3649 4577 3837 4648 Hiero-

2254 4646 2419 4731 nymo
2450 4649 2771 4731 extunderet
2810 4647 2863 4731 in
2908 4648 3013 4730 line
3044 4646 3166 4730 libri
3205 4646 3349 4731 tertii
3396 4651 3659 4731 adversus
3692 4646 3834 4702 Pela-

2252 4718 2465 4790 gianos,
2500 4718 2593 4772 ubi
2631 4718 2894 4785 Transite,
2928 4718 3120 4785 inquit,
3148 4719 3216 4773 ad
3240 4721 3504 4775 Amasinm
3529 4732 3768 4790 vestrum.

2329 4789 2349 4828 τ
2393 4792 2435 4843 Α
2470 4790 2693 4844 Leonida
2721 4800 2886 4861 patre.
2923 4790 3036 4844 Duo
3062 4792 3281 4848 codices
3314 4791 3556 4846 Vaticani
3602 4807 3729 4845 mss.
3763 4788 3836 4842 le-

2251 4872 2404 4931 gunt,
2439 4879 2469 4914 a
2495 4860 2727 4934 Leonide
2747 4860 3011 4934 Episcoito
3051 4872 3219 4932 patre,
3249 4862 3442 4918 Christi
3470 4863 3720 4934 martyrio
3758 4873 3835 4934 co:

2252 4927 2458 4996 renato,
2490 4942 2595 4987 etc.
2631 4927 3005 4987 Cluniacensis
3024 4927 3181 4989 a'ntea
3208 4927 3449 5005 legebat,
3478 4927 3725 5003 Origines
3753 4927 3833 5001 qui

2250 5012 2299 5058 et
2328 5004 2602 5058 Amantius
2630 5004 2912 5073 presbyter,
2941 5014 3046 5059 etc.
3076 5006 3166 5061 Sic
3191 5004 3377 5062 errore
3410 5014 3657 5061 veterum
3689 5005 3833 5057 libra—

2252 5078 2456 5130 riorum
2489 5076 2653 5129 multa
2680 5075 2970 5143 depravata
3013 5078 3292 5145 leguntur;
3329 5080 3422 5129 sed
3468 5078 3519 5130 in
3560 5076 3681 5131 aliis
3711 5076 3831 5128 bene

2253 5146 2435 5200 multis
2454 5150 2762 5216 incorrupta
2786 5160 3154 5214 perseverant.
3180 5150 3448 5204 MARTIAN.
3464 5178 3535 5188 —
3550 5148 3609 5202 lu
3635 5147 3831 5201 duobus

2252 5217 2525 5272 Vaticanis
2552 5222 2715 5289 codd.
2754 5221 3013 5287 scriptum
3042 5221 3245 5289 reperit
3282 5220 3629 5275 Mattianxeus
3659 5235 3690 5271 a
3716 5217 3829 5271 Leo-

2252 5291 2371 5343 nide
2411 5289 2652 5358 episcopo
2695 5288 2851 5343 Patre
2886 5306 2905 5344 :
2956 5306 2985 5342 a
3030 5288 3216 5347 nostro
3265 5294 3417 5346 abest
3441 5295 3606 5345 etiam
3646 5307 3679 5343 a
3712 5300 3829 5360 νηῡ·

2250 5361 2471 5431 positio.
2503 5361 2722 5416 Confer.
2758 5361 2955 5416 Euseb.
2998 5377 3071 5429 Vl,
3105 5365 3129 5417 1
3164 5364 3294 5418 eti.

2324 5443 2349 5505 β
2378 5433 2675 5487 Clementis
2704 5432 3079 5499 Alexandrini,
3114 5436 3183 5489 de
3204 5450 3310 5505 quo
3340 5449 3502 5502 supra
3533 5449 3657 5504 cap.
3681 5434 3764 5489 38.

2321 5503 2603 5577 hyAnnum
2628 5507 2819 5575 agebat
2850 5507 3026 5558 aetatis
3053 5518 3165 5560 sua:
3190 5503 3241 5576 p.
3269 5522 3342 5561 m.
3365 5503 3826 5577 quadragesimum

2251 5576 2494 5633 tertium.

2329 5647 2342 5684 ί
2370 5650 2498 5722 ΔΙιτιξ
2526 5648 2790 5722 epistolas
2813 5645 3090 5707 Formatas
3110 5649 3381 5722 appellant
3411 5646 3730 5721 Scriptores
3755 5659 3829 5703 cce

2247 5718 2562 5775 clesiastici.

2324 5794 2339 5812 ⁹
2366 5788 2566 5861 Supplc
2587 5792 2636 5845 ἐν
2666 5786 2805 5856 αἷςέμ
