4022 6382
127 356 258 414 665

1295 359 1500 416 LIBER
1540 359 1628 415 DE
1671 357 1855 416 VIRIS
1894 355 2375 414 ILLUSTBIBUS.

3376 359 3482 415 σεο

123 465 395 526 oﬂ‘endit
426 471 673 526 animum
701 488 715 539 ;
745 471 837 543 qui
865 479 1008 526 tanta
1040 471 1093 526 in
1135 486 1259 528 eum
1289 471 1654 527 debacchatus
1689 479 1769 526 est

1881 471 1988 526 κατ’
2031 473 2188 528 αὑτοῦ
2247 473 2516 548 ἐχρήσατο
2554 471 2727 546 ἀνοίᾳ,
2761 471 2893 526 ὥστε
2943 468 3023 526 ἐπ’
3067 471 3278 542 ὀνόματι
3333 473 3486 530 αὐτοῦ

121 560 406 632 insania,
444 574 508 621 ut
535 581 629 636 per
655 575 827 622 tomm
871 564 1126 620 mundum
1177 580 1341 636 super
1391 565 1610 620 nomine
1657 564 1776 634 ejus

121 656 472 714 scriberet.
522 658 748 714 Constat
800 676 918 713 eunt
951 703 964 726 ,
1018 669 1306 727 antequam
1336 657 1641 714 Caesaream
1673 657 1776 713 mi-

121 760 364 821 graret,
407 754 584 808 fuisse
611 753 792 808 Roma!
809 753 914 807 sub
937 753 1246 825 Zepltyrino
1278 754 1555 824 episc0po,
1582 761 1637 808 et
1664 762 1777 806 sta-

125 840 235 898 tim
262 842 682 900 Alexandriam
707 859 1012 913 reversum,
1031 845 1296 900 Heraclan
1325 846 1702 915 presbyterum
1725 845 1773 910 ⁸,

123 936 229 1005 qui
285 937 409 991 sub
447 936 639 991 habitu
673 937 982 1008 philosophi
1018 939 1423 1007 perseverabat,
1473 939 1775 1008 adjutorem

124 1027 239 1084 sibi
279 1027 507 1084 fecisse
549 1034 919 1102 κατηχήσεως,
964 1031 1050 1099 qui
1081 1030 1299 1101 quidem
1339 1041 1394 1085 et
1436 1040 1555 1100 post
1586 1029 1778 1084 Deme-

125 1122 310 1178 trium
348 1122 798 1178 AleXandrinatn
831 1125 1003 1179 tenuit
1030 1123 1354 1179 Ecclesiam.

200 1212 468 1280 Quanta:
518 1224 698 1269 autem
729 1214 920 1285 gloria:
952 1215 1134 1282 fuerit,
1168 1215 1296 1271 hinc
1338 1222 1602 1285 apparet,
1634 1213 1778 1283 quod

118 1304 150 1345 δ
186 1305 611 1376 Firmilianus,
639 1308 908 1366 Caesarea:
958 1310 1280 1380 episc0pus,
1312 1323 1436 1364 cum
1465 1307 1612 1362 omni
1640 1305 1780 1376 Cap-

119 1399 382 1470 padocia
425 1415 566 1456 eum
600 1401 872 1466 invitavit,
914 1412 970 1457 et
1011 1403 1101 1458 diu
1136 1405 1331 1468 tenuit,
1355 1410 1411 1458 et
1439 1412 1632 1472 postea
1678 1403 1780 1456 sub

120 1492 454 1549 occasione
513 1501 826 1549 sanctorum
869 1495 1112 1551 locorum
1152 1495 1495 1551 Palaestinam
1527 1495 1778 1560 veniens,

120 1585 221 1642 diu
246 1585 554 1644 Caesareae
584 1589 638 1644 in
664 1591 872 1645 sanctis
894 1591 1192 1662 Scriptnris
1215 1590 1281 1645 ab
1304 1606 1369 1645 eo
1397 1589 1646 1645 eruditus
1673 1597 1778 1643 est.

120 1677 240 1736 Sed
273 1687 340 1736 et
376 1680 534 1736 illud
556 1722 570 1747 ,
594 1682 738 1753 quod
765 1683 833 1737 ad
853 1683 1199 1751 Mammeam,
1225 1693 1456 1739 matrem
1482 1682 1780 1738 Alexandri

124 1772 550 1843 imperatoris,
583 1777 896 1847 religiOsam
927 1778 1207 1845 feminam,
1238 1788 1460 1848 rogatus
1493 1777 1643 1832 venit
1672 1775 1784 1830 An-

1880 569 2057 619 πᾶσαν
2083 569 2174 623 τὴν
2203 565 2495 636 οἰκουμένην
2533 562 2751 640 γράψαι.
2777 564 2877 638 Πρὸ
2907 568 3000 617 τοῦ
3037 560 3091 617 δὲ
3131 563 3388 634 μετελθεῖν
3416 567 3487 626 εἰς

1881 655 2213 734 Καισάρειαν,
2250 661 2341 716 τὴν
2371 655 2562 728 Ῥώμην
2611 656 2903 729 κατείληφεν
2948 656 3032 709 ἐπὶ
3076 657 3349 729 Ζεφυρίνου
3378 657 3486 711 ἐπι-

1885 750 2107 812 σκόπου,
2140 749 2283 808 εύθύς
2316 769 2370 804 τε
2393 750 2464 808 εἰς
2485 745 2865 821 Ἀλεξάνδρειαν
2890 747 3170 811 ἀναζεύξας
3191 788 3206 812 ,
3240 745 3488 821 Ἠρακλᾶν

1880 845 1966 899 τὸν
1987 845 2343 921 πρεσϐύτερον
2372 843 2454 898 τὸν
2477 843 2525 894 ἐν
2545 845 2790 914 σχήματι
2825 840 3090 914 φιλοσόφου
3132 839 3482 910 διατελοῦντα,

1880 937 2060 1008 βοηθὸν
2086 937 2390 992 συνελάϐετο
2420 939 2759 1007 κατηχήσεως
2781 977 2795 1000 ,
2836 931 2983 995 ὅστις
3017 936 3101 989 καί
3141 935 3272 1006 μετά
3317 941 3485 1008 Δημή-

1879 1051 2020 1106 σριον
2050 1034 2140 1088 τήν
2174 1025 2543 1100 Ἀλεξανδρέων
2587 1026 2920 1100 ἐκυϐέρνησεν
2955 1025 3276 1084 Ἐκκλησίαν.
3323 1023 3485 1088 Ὀσης

1882 1119 1934 1176 δὲ
1966 1119 2114 1185 δόξης
2141 1122 2354 1193 ἐγένετο,
2386 1121 2441 1174 ἐκ
2467 1120 2653 1174 τούτου
2693 1115 2955 1177 δηλοῦται*
3001 1118 3346 1192 Φιρμιλλιανὸς
3384 1120 3482 1195 γάρ

1883 1213 2200 1292 Καισαρείας
2225 1216 2504 1273 ἐπίσκοπος
2530 1213 2660 1284 μετά
2677 1212 2854 1272 πάσης
2872 1219 2964 1271 τῆς
2984 1209 3363 1274 Καππαδοκίας
3396 1216 3483 1269 καί

1881 1309 2209 1386 προέπεμψεν
2231 1310 2412 1372 αὐτὸν,
2442 1310 2528 1362 καί
2561 1308 2647 1361 ἐπὶ
2682 1306 2808 1362 πολύ
2849 1307 3102 1377 κατέσχε,
3141 1309 3226 1361 καὶ
3265 1305 3481 1381 ὕστερον

1881 1405 2133 1480 προφάσει
2160 1394 2442 1474 τῶνάγίων
2466 1400 2634 1456 τόπων
2663 1401 2733 1459 εἰς
2762 1399 3097 1458 Παλαιστίνην
3125 1399 3274 1453 ἐλθὼν
3300 1441 3313 1462 ,
3345 1400 3393 1453 ἐν
3419 1409 3482 1475 τῇ

1881 1498 2181 1575 Καισαρέων
2225 1497 2348 1574 παρ’
2407 1498 2567 1551 αὐτοῦ
2614 1496 2706 1555 τὰς
2747 1496 2882 1555 θείας
2937 1491 3210 1552 ἐπαιδεύθη
3248 1496 3480 1568 γραφάς.

1881 1594 2092 1671 Κᾲκεῖνο
2120 1593 2174 1649 δὲ
2197 1591 2362 1654 οὐδεὶς
2382 1594 2566 1666 ἀγνοεῖ,
2603 1590 2682 1647 ὅτι
2709 1611 2808 1667 περ
2829 1590 2960 1667 πρὸς
2978 1591 3192 1660 Μαμίαν
3216 1595 3306 1649 τήν
3326 1592 3484 1662 μητέο

1881 1709 1951 1764 ρα
1994 1685 2330 1762 Ἀλεξάνδρου
2386 1692 2479 1742 τοῦ
2549 1684 2799 1757 βασιλέως
2845 1683 3221 1742 εύλαϐεστάτην
3267 1691 3482 1757 γυναῖκα

1881 1782 2241 1855 παρακληθεὶς,
2276 1778 2417 1840 ἦλθεν
2441 1783 2512 1840 εἰς
2531 1778 2890 1849 Ἀντιόχειαν,
2939 1779 3025 1832 καί
3062 1778 3110 1830 ἐν
3154 1779 3367 1851 μεγίστῃ
3395 1780 3480 1848 γέ·-

125 1865 446 1935 tiochiam,
484 1877 542 1923 et
564 1883 777 1924 summo
800 1869 1014 1926 honore
1037 1871 1256 1926 habitus
1281 1881 1363 1926 est
1388 1887 1401 1923 :
1427 1870 1682 1940 quodque
1708 1867 1769 1922 ad

1881 1898 1990 1950 γονε
2033 1885 2184 1950 τιμῇ’
2235 1877 2472 1951 καὶπρὸς
2522 1874 2763 1929 Φίλιππον
2805 1874 2892 1928 τὸν
2913 1873 3127 1944 βασιλέα
3161 1874 3258 1934 τὸν,
3275 1880 3482 1949 πρῶτον

127 1955 490 2030 Philippum
524 1961 941 2032 imperatorem,
969 1964 1060 2034 qui
1094 1965 1300 2033 primus
1331 1963 1398 2017 de
1428 1963 1646 2032 regibus
1672 1961 1780 2014 Rt:-

128 2052 326 2107 manis
369 2062 393 2090 °
427 2051 785 2110 Christianus
815 2056 944 2122 fuit,
986 2067 1040 2111 et
1070 2056 1137 2110 ad
1169 2055 1196 2092 τι
1229 2070 1461 2111 matrem
1491 2056 1608 2125 ejus
1636 2056 1778 2109 litte-

126 2158 224 2199 ras
259 2145 436 2211 fecit,
471 2163 593 2214 qua:
624 2164 798 2218 usque
841 2149 1004 2204 hodie
1045 2161 1281 2205 exstant.
1315 2151 1446 2219 Quis
1484 2151 1699 2220 ignorat
1724 2157 1777 2204 et

126 2239 292 2307 quod
332 2249 565 2294 tantum
599 2242 652 2295 in
677 2239 975 2312 Scripturis
1006 2243 1206 2297 divinis
1234 2243 1481 2298 habuerit
1509 2241 1696 2307 studii,
1722 2252 1778 2295 ut

122 2333 308 2387 etiam
346 2331 650 2388 Hebrteam
683 2343 707 2372 ο
742 2335 980 2404 linguam
1005 2378 1018 2402 ,
1051 2345 1242 2390 contra
1271 2337 1447 2390 aetatis
1489 2335 1776 2405 gentisque

125 2440 252 2481 sua:
287 2432 567 2480 naturam
598 2427 872 2482 edisceret
900 2448 912 2482 :
939 2439 988 2482 et
1023 2428 1270 2497 exceptis
1308 2429 1664 2497 Septuaginta
1697 2427 1776 2480 in-

126 2518 526 2586 terpretibus,
556 2517 690 2572 alias
722 2535 940 2589 quoque
973 2520 1244 2574 editiones
1270 2519 1322 2573 in
1361 2535 1523 2574 unum
1547 2533 1776 2587 congre-

126 2618 295 2677 garet
335 2605 356 2645 ί
393 2608 660 2663 volumen
689 2627 701 2662 :
727 2610 938 2676 Aquilae
967 2613 1178 2665 scilicet
1224 2611 1439 2665 Pontici
1475 2609 1767 2680 proselyti,

126 2711 182 2756 et
229 2701 654 2757 Theodotionis
708 2702 1006 2768 llebionei,
1047 2713 1103 2757 et
1151 2702 1472 2774 Symmachi
1519 2701 1768 2770 ejusdem

127 2794 423 2867 dogmatis
447 2837 465 2862 ,
513 2796 602 2866 qui
635 2797 686 2851 in
725 2797 1080 2867 Evangelium
1111 2814 1329 2868 quoque
1362 2800 1489 2853 κατὰ
1509 2798 1768 2852 Ματθαῖον

126 2887 368 2958 scripsit
399 2891 860 2957 commentarios,
895 2891 960 2944 de
991 2906 1100 2960 quo
1132 2899 1186 2945 et
1225 2906 1380 2944 suum
1408 2890 1607 2959 dogma
1637 2904 1769 2944 con-

128 2979 367 3038 ﬁrmare
419 2990 680 3037 conatur.
741 2983 1015 3039 Praeterea
1062 2986 1304 3053 quintam
1356 2995 1408 3039 et
1457 2994 1664 3038 sextam
1712 2990 1768 3037 et

125 3075 442 3144 septimam
489 3075 812 3143 editionem,
848 3092 985 3146 quas
1015 3077 1177 3131 etiam
1224 3091 1324 3130 nos
1358 3077 1426 3131 de
1471 3078 1590 3146 ejus
1621 3085 1645 3121 8
1679 3074 1762 3129 bi-

126 3163 427 3220 bliotheca
457 3163 751 3232 habemus,
784 3169 922 3221 miro
947 3167 1138 3222 labore
1171 3168 1394 3236 reperit,
1431 3177 1630 3222 etcum
1655 3181 1762 3220 ca:-

128 3260 271 3314 teris
301 3257 657 3312 editionihtts
686 3255 715 3294 ¹³
737 3262 1100 3328 comparavit.

199 3348 384 3421 895
421 3347 497 3402 Et
524 3350 648 3419 quia
686 3349 917 3406 indicem
966 3367 1194 3420 operum
1225 3352 1345 3422 ejus
1387 3352 1441 3404 in
1474 3351 1766 3407 volumini-

128 3441 241 3498 bus
267 3441 672 3512 epistolarum,
696 3460 832 3516 quas
859 3445 924 3499 ad
952 3446 1171 3501 Paulam
1196 3446 1608 3516 scripsimus,in
1635 3463 1766 3517 qua-

138 3535 267 3590 dam
323 3532 342 3572 ί
403 3535 644 3605 epistola
693 3551 882 3593 contra
940 3538 1197 3594 Varronis
1251 3555 1418 3610 opera
1468 3539 1764 3595 conferens

140 3628 328 3699 posui,
365 3643 522 3684 nunc
547 3629 742 3684 omitto
769 3648 780 3684 :
810 3631 937 3686 illud
969 3631 1038 3686 de
1067 3633 1366 3687 immortali
1397 3633 1515 3704 ejus
1542 3633 1763 3704 ingenio

143 3735 252 3775 non
281 3730 511 3788 tacens,
537 3722 680 3793 quod
705 3722 1046 3780 dialecticam
1069 3741 1282 3796 quoque
1303 3737 1356 3781 et
1381 3729 1759 3794 geometriam,

144 3820 198 3867 et
222 3815 669 3879 arithmeticam,
701 3817 988 3883 musicam,
1017 3819 1433 3887 grammaticam
1452 3820 1762 3875 etrltetori-

144 3918 291 3973 cam,
323 3905 692 3979 omniumque
735 3908 1183 3981 pltitosopltorum
1232 3920 1415 3966 sectas
1444 3913 1513 3965 ita
1542 3910 1755 3979 didicit,

214 4099 241 4128 ⁸
281 4091 426 4175 Male
470 4105 672 4175 xoeem
721 4090 908 4175 iterum
937 4090 1037 4171 _ltic
1066 4091 1332 4175 ‘reposnit
1370 4090 1714 4146 Martianams
1738 4133 1755 4159 ,

147 4176 304 4231 quam
329 4163 552 4231 jamdiu
581 4163 711 4216 olim
745 4159 1020 4214 Victorius
1048 4161 1350 4217 deleverat.

159 4300 164 4301 ί
216 4231 243 4270 δ
285 4232 626 4289 Firmiamtm
671 4245 771 4301 pro
811 4229 1123 4284 Firmitiano
1175 4233 1371 4286 vitiose
1404 4233 1602 4287 habent
1631 4233 1755 4288 cod.

149 4300 598 4375 Sigebergensis,
627 4300 1023 4375 Guelpln-rbyt.
1056 4314 1110 4354 et
1138 4302 1328 4375 Grtcca
1370 4306 1573 4357 versio.

222 4384 244 4412 °
284 4373 341 4430 Id
373 4373 443 4432 ἐκ
478 4374 726 4446 Eu-ebio
755 4375 975 4443 quidem
1021 4389 1075 4426 Vl
1098 4415 1112 4435 ,
1257 4381 1498 4446 εξιξοῦτον
1543 4377 1760 4446 κατέχει

150 4440 293 4526 λύγος
320 4448 640 4526 χριστιανὸν
664 4440 788 4526 δ’ῃά
809 4486 821 4502 .
857 4451 989 4508 etc.,
1021 4445 1250 4526 qttod_itt
1282 4440 1758 4526 Cltrtttticnatlnan'tt.

151 4514 252 4570 κιο
273 4514 668 4572 conﬁrmatur.
707 4516 901 4570 Verum
927 4515 1146 4583 quantis
1175 4515 1290 4568 htec
1321 4516 1590 4569 sententia
1619 4515 1763 4570 difﬁ-

153 4588 445 4644 cultatibus
501 4588 578 4642 sit
624 4587 858 4641 obnoxia
885 4627 898 4647 ,
933 4587 1101 4645 satis,
1139 4603 1223 4639 me
1265 4593 1511 4652 tacente,
1564 4599 1764 4642 norunt

155 4658 372 4715 eruditi.
426 4660 595 4715 Docti
658 4659 760 4712 viri
815 4659 980 4728 hunc
1017 4656 1332 4728 Philippum
1391 4672 1512 4728 cum
1564 4671 1766 4728 Cogno-

158 4729 302 4785 mine
323 4732 430 4788 alio
462 4728 698 4802 Egypti
723 4727 1006 4798 Augustali
1038 4727 1354 4782 Christiano
1384 4727 1766 4783 confundiau-

162 4805 387 4859 lutnant.

227 4867 255 4907 ά
292 4872 594 4929 Oraeillam
641 4871 902 4929 Severam
951 4871 1190 4940 Philippi
1222 4870 1454 4940 junimis
1499 4881 1763 4936 matrem,

165 4946 480 5021 gtseiiioris
532 4943 1038 5021 c0njugemLunde
1077 4949 1308 5021 γαμετήν
1357 4944 1586 5021 agar;ng
1631 4943 1768 4997 dixit

169 5009 392 5084 Euseb,
425 5033 534 5074 non
569 5009 801 5069 nuntiem.
837 5014 968 5069 Eam
1003 5009 1292 5084 epistolam
1324 5009 1497 5068 etiam'
1526 5014 1762 5069 Vincen-

171 5083 283 5159 tius»
319 5087 643 5159 Lyrinensis
685 5087 1014 5159 Commonit.
1042 5083 1113 5151 ⁷1,
1146 5100 1267 5155 cap.
1308 5086 1379 5159 2'5
1407 5127 1419 5148 ,
1457 5085 1540 5140 his
1581 5086 1767 5159 verbis

171 5152 347 5210 laudat
365 5152 393 5213 ἐ
431 5161 600 5226 Quam
631 5167 801 5213 autem
851 5157 1069 5226 privata:
1110 5152 1226 5210 nari
1253 5157 1417 5211 solum
1457 5156 1764 5222 conditioni,

172 5226 256 5303 sed
290 5231 391 5297 ipsi
435 5247 639 5303 quoque
681 5229 838 5296 fuerit
866 5230 1171 5303 reverendus
1213 5228 1432 5303 imperio
1455 5270 1469 5293 ,
1501 5230 1769 5303 declarant

177 5294 419 5369 historiae.
591 5294 712 5356 eum
735 5317 766 5352 a
791 5309 952 5354 matre
994 5297 1280 5353 Alexandri
1315 5301 1644 5364 imperatoris
1681 5317 1770 5354 αε-

178 5368 328 5443 citum
357 5368 549 5443 ferunt,
583 5371 800 5427 cwlestis
844 5373 1022 5440 utique
1060 5371 1346 5443 sapientiw_
1371 5375 1575 5443 merito,
1618 5375 1770 5432 cuius

180 5445 224 5523 et
249 5439 563 5523 ille-gratia,
585 5452 632 5497 et
673 5443 766 5523 illa
795 5439 1276 5523 antoreﬂagrabat.
1310 5440 1417 5523 Sed_
1447 5443 1768 5523 ethejttsdem

181 5509 408 5588 epistola:
448 5509 797 5588 testimonium
841 5509 1138 5588 perhibent,
1171 5529 1299 5578 quas
1347 5510 1417 5588 ad
1450 5509 1770 5588 ⁸ΡΙιῖιὲρριιηι

182 5582 556 5656 imperatorem,
579 5586 670 5656 qni
698 5582 892 5654 primus
919 5583 1271 5637 Romanorum
1292 5583 1587 5656 principum
1620 5582 1769 5638 Chri-

185 5649 374 5725 stiania
401 5658 523 5722 fuit,
548 5649 836 5710 ’(I'Itris'tiani
861 5656 1145 5722 magisterii
1171 5649 1478 5708 auctoritate
1503 5656 1770 5725 conscrip-

187 5717 266 5771 sit.
301 5717 470 5780 Unam
514 5717 685 5798 porro
728 5717 1011 5798 epistolam
1037 5767 1052 5792 ,
1097 5744 1225 5798 non”
1255 5725 1473 5796 plures,
1507 5717 1768 5798 intellig'c,

189 5800 406 5919 eatttqtlte
436 5797 581 5854 eirea
603 5797 802 5876 annum
832 5800 1094 5865 scriptam
1119 5797 1252 5851 245.

260 5867 282 5896 ⁸
369 5880 444 5919 nec
489 5881 704 5919 nuomi‘e
750 5868 816 5919 de
857 5868 1118 5919 Hebraica
1163 5868 1252 5919 ()ri

260 5867 282 5896 '
321 5866 444 5924 Haec
489 5881 704 5942 quoque
750 5868 816 5928 de
857 5868 1118 5928 chraica
1163 5866 1414 5938 Origenis
1463 5869 1772 5926 eruditione

1882 1970 1936 2022 ἐκ
1975 1976 2073 2022 τῶν
2121 1967 2376 2040 Ῥωμαίων
2421 1966 2672 2036 βασιλέων
2715 1965 3014 2041 Χριστιανὸν
3063 1961 3342 2038 γενόμενον,
3393 1967 3480 2018 καί

1880 2059 2011 2136 πρὸς
2031 2065 2120 2118 τήν
2138 2063 2326 2114 τούτου
2357 2059 2551 2133 μητέρα
2574 2059 2857 2134 γράμματα
2883 2057 3184 2116 ἀπέσταλεν.
3214 2054 3350 2133 ἄχρι
3386 2064 3479 2113 τού

1880 2154 2128 2228 παρόντος
2156 2155 2503 2226 τυγχάνοντα·
2537 2155 2619 2207 καί
2659 2148 2736 2206 ὅτι
2774 2152 3036 2208 τοσαύτην
3075 2148 3206 2222 ἔσχε
3249 2147 3480 2210 σπουδήν

1878 2250 1999 2322 περὶ
2019 2247 2109 2306 τὰς
2134 2249 2270 2307 θείας
2289 2251 2511 2323 γραφὰς,
2543 2247 2676 2300 ὥστε
2708 2248 2795 2298 καὶ
2829 2250 2920 2303 τήν
2955 2243 3228 2320 Ἐϐραῑκήν
3265 2241 3478 2307 διάλεξιν

1878 2339 2264 2412 ἐναντιουμένην
2284 2349 2346 2416 τῇ
2367 2361 2421 2394 τε
2450 2339 2635 2411 ἡλικίᾳ,
2659 2341 2825 2410 καίτῇ
2849 2338 3004 2410 οἰκείᾳ
3024 2337 3193 2408 φύσει,
3219 2335 3471 2406 ἐκμαθεῖν·

1878 2435 1964 2486 καὶ
2005 2431 2138 2502 δίχα
2178 2440 2277 2486 τῶν
2325 2431 2669 2504 ἑϐδομήκοντα
2714 2430 3050 2505 ἑρμηνευτῶν,
3075 2424 3225 2488 ἄλλας
3247 2425 3475 2487 ἐκδόσεις

1876 2529 1946 2586 εἰς
1968 2525 2018 2580 ἓν
2040 2534 2366 2600 συναγαγεῖν,
2390 2523 2578 2579 Ἀκύλα
2596 2525 2726 2597 λέγω
2757 2527 2994 2578 Ποντικοῦ
3018 2517 3368 2594 προσηλύτου,
3391 2523 3477 2576 καί

1875 2617 2210 2681 Θεοδοτίωνος
2243 2619 2539 2674 Ἠϐιωναίου
2563 2660 2576 2681 ,
2617 2621 2698 2672 καί
2731 2617 3016 2688 Συμμάχου
3043 2621 3137 2671 τοῦ
3172 2616 3329 2669 αὐτοῦ
3355 2612 3473 2687 δόγ-

1872 2734 2057 2784 ματος,
2091 2710 2144 2773 ὃς
2173 2713 2231 2766 τὸ
2263 2714 2393 2766 κατά
2420 2712 2677 2766 Ματθαῖον
2708 2709 3015 2782 Εὐαγγέλιον
3051 2707 3431 2778 ύπεμνημάτισε
3457 2748 3471 2771 ,

1871 2803 1936 2861 δι’
1963 2803 2021 2860 ού
2051 2809 2137 2860 καί
2155 2807 2214 2859 τὸ
2235 2803 2361 2859 ἴδιον
2389 2803 2552 2875 δόγμα
2587 2803 2872 2874 βεϐαιῶσαι
2903 2799 3135 2856 σπεύδει.
3175 2797 3389 2872 Ὀμοίως
3415 2796 3471 2853 δέ

1869 2897 2017 2952 πέντε
2047 2900 2130 2952 καὶ
2155 2895 2207 2960 ἓξ
2231 2898 2318 2950 καί
2339 2895 2470 2949 ἑπτά
2493 2895 2583 2956 τὰς
2614 2891 2859 2954 ἐκδύσεις,
2894 2891 3108 2951 ἅστινας
3136 2893 3223 2945 καί
3247 2892 3397 2960 ἡμεῖς
3418 2891 3472 2944 ἐκ

1867 2997 1958 3049 τῆς
1983 2990 2144 3043 αὐτοῦ
2167 2987 2486 3058 βιϐλιοθήκης
2507 2984 2756 3058 ἔσχομεν,
2779 2984 2946 3054 πολλῷ
2965 2983 3098 3054 πόνῳ
3119 2983 3277 3058 εύρών
3295 3021 3310 3046 ,
3335 2982 3468 3053 μετὰ

1867 3083 2051 3158 ἐτέρων
2086 3080 2330 3136 ἐκδόσεων
2368 3083 2616 3139 ὠνήσατο.
2664 3077 2764 3132 Καὶ
2793 3075 2960 3135 ἐπειδή
2988 3075 3070 3131 τὸν
3103 3073 3326 3146 ἔλεγχον
3363 3081 3464 3128 τῶν

1868 3176 2024 3229 αὐτοῦ
2068 3174 2443 3244 συνταγμάτων
2490 3173 2539 3226 ἐν
2577 3179 2649 3242 τῷ
2693 3171 2876 3240 τεύχει
2924 3175 3022 3222 τῶν
3048 3166 3327 3222 ἐπιστολῶν
3366 3172 3467 3220 τῶν

1789 3267 1832 3328 C
1867 3269 1996 3340 πρὸς
2048 3266 2244 3321 Παύλαν
2295 3264 2423 3342 παρ’
2476 3267 2615 3336 ἡμῶν
2655 3269 2963 3339 γραφεισῶν,
3011 3261 3060 3314 ἐν
3104 3264 3197 3333 μιᾷ
3225 3258 3464 3332 ἐπιστολῇ

1870 3364 2152 3437 συγκρίνων
2196 3369 2303 3422 τοῖς
2348 3361 2609 3434 Βάρρωνος
2637 3357 2804 3435 ἔργοις
2843 3357 3057 3421 τέθεικα,
3091 3361 3176 3409 νῦν
3203 3353 3465 3430 παράλιμ-

1870 3455 2036 3517 πάνω,
2072 3455 2236 3508 ἐκεῖνο
2258 3456 2378 3528 περὶ
2405 3461 2497 3513 τῆς
2526 3453 2684 3505 αὐτοῦ
2715 3450 2962 3504 ἀθανάτου
3000 3446 3205 3516 εύφυῖἀς
3235 3451 3304 3516 μὴ
3343 3466 3468 3498 σιω-

1870 3555 2001 3612 πῶν,
2033 3544 2223 3624 ὅτιπερ
2251 3546 2582 3611 διαλεκτικὴν,
2613 3548 2699 3599 καί
2727 3548 3090 3618 γεωμετρικήν,
3112 3542 3462 3618 ἀριθμητικήν,

1869 3645 2135 3712 μουσικήν,
2167 3642 2554 3716 γραμματικήν,
2586 3636 2753 3708 896
2782 3640 2867 3690 καί
2905 3636 3172 3708 ῥητορικὴν
3190 3675 3204 3698 ,
3228 3634 3315 3685 καί
3344 3635 3466 3686 πάν-

1870 3756 1970 3788 των
2017 3740 2118 3788 τῶν
2167 3732 2442 3805 φιλοσόφων
2489 3732 2554 3785 τὰ
2581 3728 2834 3802 δόγματα,
2861 3727 3024 3787 οὕτως
3051 3727 3297 3796 ἐξέμαθεν,
3331 3725 3463 3778 ὥστε

1871 3825 2210 3886 σπουδαστάς
2244 3833 2343 3880 τῶν
2385 3831 2638 3896 κοσμικῶν
2665 3823 2981 3899 γραμμάτων
3017 3819 3277 3892 ἀκροατὰς
3307 3817 3466 3887 ἐσχη-

1866 3918 2024 3984 κέναι,
2074 3920 2159 3971 καί
2193 3917 2478 3988 ἐξηγεῖσθαι
2527 3916 2708 3973 αὐτοῖς
2758 3913 3024 3976 ἑκάστοτε,
3068 3907 3360 3985 συνδρομάς
3410 3928 3464 3963 τε

1869 4093 2026 4148 valde
2071 4095 2421 4160 diSputantur
2470 4094 2523 4148 in
2575 4102 2862 4159 utramque
2911 4099 3158 4160 partem;
3190 4086 3466 4143 doctiores

1870 4165 2115 4233 plerique
2145 4165 2418 4234 denegant
2449 4165 2587 4219 hanc
2617 4165 2692 4218 illi
2724 4163 2960 4217 laudem.

1947 4234 1965 4272 ι’
2013 4230 2377 4303 Extmngetida
2409 4235 2657 4289 videatur
2680 4250 2781 4289 vox
2811 4233 2996 4288 istlncc
3027 4230 3280 4293 twlnmen,
3302 4245 3462 4298 quant

1871 4322 1971 4361 nec
2001 4306 2334 4361 Veranensis
2367 4307 2529 4367 liber,
2566 4321 2664 4360 nec.
2712 4306 2934 4359 Gra'cns
2983 4305 3254 4366 interpres
3295 4316 3462 4369 agno-

1871 4385 2049 4432 scunt.
2081 4377 2291 4432 Di\erit
2337 4376 2697 4446 Hieronymus
2729 4379 2779 4428 in
2809 4391 2966 4428 totum
2996 4415 3008 4437 ,
3039 4371 3181 4441 quod
3213 4383 3330 4434 est,
3363 4388 3463 4424 una

1871 4448 2067 4514 simul,
2117 4449 2235 4503 illas
2280 4448 2553 4503 editiOnes
2599 4446 2887 4511 Origenent
2941 4459 3336 4513 congregasse;
3368 4459 3465 4497 nec

1872 4525 2017 4574 enim
2047 4520 2360 4574 verositnile
2388 4529 2474 4574 est
2506 4533 2614 4572 uno
2644 4515 3132 4584 comprehendisse
3165 4515 3460 4570 volumine.

1869 4589 2000 4656 Qua:
2025 4591 2142 4658 ejus
2175 4591 2375 4646 laboris
2402 4599 2693 4658 supersunt
2723 4588 3047 4658 fragmenta,
3077 4589 3215 4642 dttos
3243 4586 3466 4656 ettplent

1872 4661 1924 4713 in
1954 4661 2084 4716 folio
2113 4674 2308 4716 tomos.

1943 4741 1968 4777 Β
2008 4733 2226 4786 Scilicet
2259 4732 2608 4787 Caesariensi.
2665 4731 2742 4785 De
2788 4729 3063 4801 Symmac.
3113 4729 3240 4785 Vid.
3297 4729 3470 4785 Ebed-

1869 4801 1997 4857 Jesn
2025 4819 2074 4856 c.
2110 4803 2198 4858 10.

1945 4871 1970 4908 l1
1992 4873 2222 4944 Quidam
2248 4887 2379 4926 mss.
2413 4881 2550 4928 teste
2572 4872 3198 4944 lllztrtianreo,00pttltivit.
3227 4873 3471 4944 Pessime

1872 4953 2056 4999 autem
2107 4943 2329 4999 Graecus
2359 4946 2628 5011 interpres
2655 4949 2905 5010 ὠνήσατο,
2935 4942 3023 5010 qui
3057 4959 3382 5010 comparare,
3418 4942 3469 4996 id

1871 5027 1975 5075 cst,
2019 5017 2273 5084 conferre.
2308 5025 2519 5080 accepit
2553 5019 2776 5076 perinde
2806 5027 2967 5084 atque
2998 5031 3180 5068 curere.

1951 5085 1964 5124 ί
2013 5085 2330 5156 lnquadam
2364 5085 2620 5152 Epistula.
2667 5087 2793 5140 llate
2837 5085 3064 5154 epistola
3109 5085 3471 5156 injuriatem-i

1874 5173 2064 5226 porum
2098 5154 2408 5220 intercidit;
2441 5156 2594 5225 cujus
2625 5167 2802 5211 tamen
2833 5157 3026 5211 bonam
3063 5167 3268 5224 partem
3293 5154 3470 5208 Rufini

1871 5230 2140 5285 inveCtiva
2171 5229 2326 5283 nobis
2367 5241 2742 5283 Conservatam
2779 5228 3032 5299 prodidit.
3069 5228 3199 5283 Vide
3228 5241 3386 5295 supra
3417 5229 3470 5279 in

1875 5302 1982 5356 line
2009 5301 2369 5363 Epistolarum
2394 5300 2647 5354 secunda:
2669 5303 2880 5355 classis.
2907 5300 3238 5356 Catterarutn
3258 5313 3473 5367 quoque

1874 5370 2153 5426 volumina
2186 5371 2550 5440 Epistolarqu
2584 5374 2774 5427 invidit
2807 5372 3036 5438 posti-ris
3084 5370 3358 5426 humilitas
3407 5382 3472 5423 ac

1875 5442 2135 5499 modesria
2163 5453 2365 5497 sanctze
2389 5443 2592 5509 Paula;
2624 5460 2744 5512 qtne
2768 5444 2940 5498 noluit
2971 5458 3165 5497 nomen
3198 5457 3355 5496 suum
3381 5455 3472 5495 ce-

1875 5515 2073 5570 lebrari
2106 5531 2170 5568 ('X
2200 5515 2457 5584 Epistolis
2485 5516 2542 5570 S.
2574 5516 2908 5584 Hieronymi.
2943 5514 3218 5568 ΜΑΙΠΙΑΝ.

1944 5616 2015 5626 -
2038 5585 2210 5656 Hujus
2235 5583 2481 5654 epistola:
2506 5583 2870 5656 fragmentum
2900 5589 3141 5656 servavit
3167 5583 3394 5656 Ruﬁnus
3417 5583 3471 5656 in

1873 5654 2280 5714 Invectivarum
2315 5658 2407 5711 lib.
2443 5673 2512 5720 ll,
2554 5654 2697 5726 quod
2730 5669 2780 5709 ct
2812 5672 2910 5710 nos
2962 5655 3089 5726 inde
3137 5654 3365 5710 a5t~itum
3409 5654 3469 5726 in

1874 5731 2055 5800 priori
2093 5738 2264 5792 tumo,
2308 5730 2466 5796 epist.
2512 5724 2604 5793 35,
2638 5724 3281 5800 exhibemus._Eumdem
3331 5725 3471 5780 indi-

1793 5859 1796 5861 _
1874 5795 1992 5856 cem
2015 5799 2286 5855 Eusebius
2319 5795 2629 5856 instituerat
2657 5798 2710 5852 itt
2751 5798 2861 5853 vita
2904 5795 2963 5851 S.
2994 5795 3262 5868 Pamphili
3303 5807 3468 5853 mart.

1877 5887 2108 5941 quacum
2139 5887 2242 5926 una
2275 5869 2453 5940 periit.
