4054 6372
543 293 641 347 671

1803 286 1864 343 S.
1907 285 2182 344 EUSEBII
2223 286 2603 343 HIERONYMI

3730 286 3901 345 672

534 413 739 476 quanto
762 412 1013 471 tempore
1053 400 1295 471 gloriose
1336 399 1570 455 rexisset
1601 398 1928 465 Ecclesiam,
1955 398 2022 453 ad
2052 413 2145 454 ex-

2259 402 2437 477 χρόνον
2465 399 2669 465 ἐνδόξως
2708 402 3031 475 κυϐερνήσας
3061 407 3151 461 τὴν
3186 401 3519 470 Ἐκκλησίαν,
3562 404 3900 459 τελευταῖον

538 507 769 553 tremum
801 497 984 566 lapsus
1010 496 1065 551 in
1099 494 1373 560 hmresim,
1407 509 1528 565 qua:
1550 494 1829 549 Christum
1856 504 1983 548 ante
2009 502 2033 529 °
2065 495 2148 547 in-

538 590 917 647 carnationem
963 598 1159 660 negat,
1190 589 1261 643 ab
1300 588 1537 659 Origene
1570 600 1871 644 correctus.
1915 585 2150 655 Scripsit

538 686 689 741 varia
732 684 1015 751 Opuscula.
1067 682 1093 721 ι)
1136 692 1193 739 et
1239 683 1481 739 maxime
1533 682 1820 752 epistolas,
1855 681 1907 735 in
1954 681 2151 750 quibus

538 778 758 847 Origeni
788 778 999 848 gratias
1035 777 1171 847 agit,
1211 777 1306 831 sed
1337 785 1393 832 et
1413 775 1665 846 Origenis
1694 774 1762 829 ad
1792 790 1916 830 eum
1951 774 2152 827 littera:

539 882 685 927 sunt.
718 869 911 924 Exstat
938 868 1458 940 dialogusOrigeuis
1485 868 1780 939 etBerylli,
1812 866 1866 920 in
1896 879 2009 935 quo
2034 863 2143 917 ha:-

539 978 731 1021 reseos
775 965 1112 1034 coarguitur.
1162 962 1370 1018 Claruit
1418 974 1601 1017 autem
1658 962 1759 1015 sub
1808 958 2144 1022 Alexandro,

543 1055 826 1112 ﬂammea:
854 1058 987 1121 lilio,
1019 1068 1074 1111 et
1105 1056 1401 1113 Maximino
1438 1065 1495 1113 et
1536 1054 1835 1120 Gordiano,
1879 1053 1973 1124 qui
2014 1052 2065 1108 ci
2094 1052 2147 1106 in

543 1150 836 1221 imperium
866 1158 1277 1206 successerunt.

2252 498 2322 555 εἰς
2344 501 2434 554 τὴν
2456 496 2762 569 ἀρνουμένην
2786 496 2873 551 τὸν
2913 497 3133 572 Χριστόν
3163 498 3262 571 πρὸ
3286 504 3379 559 τῆς
3406 498 3889 573 ἐνανϐρωπήσεως,

2254 589 2540 653 ὀλισθὴσας,
2572 591 2717 664 παρὰ
2744 588 3024 665 Ὠριγένους
3053 592 3403 665 ἐπιστραφεὶς,
3430 590 3717 666 συνέγραψε
3735 614 3895 646 που

2252 683 2362 736 κίλα
2382 684 2684 758 πράγματα,
2706 686 2788 736 καὶ
2806 683 3033 753 μάλιστα
3055 684 3327 742 ἐπιστοὶὰς
3351 685 3401 737 ἔν
3423 680 3504 743 αἶς
3526 691 3599 756 τῷ
3622 683 3897 759 Ὠριγένεε

2255 777 2557 849 εὐχαριστεῖ
2570 791 2582 803 ⁸
2620 776 2745 830 ἀλλὰ
2773 779 2859 830 καὶ
2883 775 3168 851 Ὠριγένους
3208 778 3336 852 πρὸς
3363 776 3511 831 αὐτόν
3552 779 3674 831 εἰσιν
3709 776 3897 832 Ἐπι-

2259 868 2454 921 στολαί.
2485 864 2636 921 ’Ἐστι
2662 866 2891 941 διάλογος
2916 868 3209 943 Ὠρεγένους
3230 872 3314 923 καὶ
3342 869 3614 943 Βηρύλλου,
3649 870 3694 922 ἐν
3770 870 3897 924 αἱς

2257 961 2449 1032 ρέσεως
2476 960 2755 1014 εὐθύνεται.
2792 959 3039 1035 Διέπρεψε
3072 958 3125 1015 δὲ
3155 961 3240 1014 ἐπὶ
3264 959 3600 1034 Ἀλεξάνδρου
3635 968 3721 1015 τοῦ
3748 974 3895 1016 Μοι-

2258 1054 2381 1121 μέας
2408 1052 2520 1106 υἱοῦ
2543 1056 2627 1106 καὶ
2654 1054 2929 1122 Μαξιμίνου
2956 1056 3036 1108 καὶ
3064 1050 3338 1129 Γορδιανοῦ
3365 1060 3466 1109 τῶν
3491 1051 3893 1126 διαδεξαμένων

2259 1149 2348 1203 τήν
2377 1144 2559 1198 ἐκείνου
2582 1144 2869 1219 βασιλείαν.

1966 1260 2227 1324 CAPUT
2273 1260 2440 1321 LXI.

620 1370 969 1442 Hippolytus,
993 1369 1277 1439 cujusdam
1293 1369 1557 1425 Ecclesiae
1572 1381 1594 1408 ε
1610 1368 1924 1439 episcopus,
1948 1380 2147 1419 nomen

545 1462 747 1535 quippe
773 1463 922 1518 urbis
948 1464 1088 1518 scire
1113 1479 1222 1517 non
1255 1464 1426 1533 potui,
1463 1461 1728 1518 rationem
1755 1462 1980 1518 Pascha:
2012 1469 2153 1515 tem-

550 1569 858 1625 porumque
886 1552 1139 1610 Canones
1179 1555 1422 1623 scripsit,
1471 1570 1642 1625 usque
1672 1554 1740 1609 ad
1774 1554 2007 1622 primum
2051 1568 2150 1605 an-

552 1664 681 1703 num
733 1648 1029 1704 Alexandri
1081 1648 1450 1718 imperatoris,
1502 1658 1557 1703 et
1597 1648 1834 1703 sedecim
1886 1660 2153 1701 annorum

550 1742 833 1803 circulum,
860 1758 1023 1813 quem
1048 1742 1227 1798 Graeci
1257 1741 1736 1814 έκκαιδικαετηρίδα
1762 1749 1979 1802 vocant,
2005 1754 2156 1808 repe-

2309 1365 2609 1427 Ἱππόλυτος
2620 1369 2727 1432 ,οὐκ
2750 1364 2865 1423 οἶδα
2878 1370 3026 1429 ποίας
3038 1367 3344 1429 Ἐκκλησιὶας
3357 1368 3661 1434 ἐπίσκοπος,
3676 1367 3707 1428 ἦ
3723 1370 3889 1430 τίνος

2254 1458 2449 1522 πόλεως
2472 1466 2562 1521 τὴν
2584 1466 2929 1536 προσηγορίαν
2955 1464 3130 1533 μαθεῖν
3155 1465 3245 1516 οὐκ
3272 1460 3538 1526 ἠδυνήθην,
3569 1462 3885 1537 συνέγραψε

2256 1553 2398 1625 λόγον
2422 1561 2513 1609 τοῦ
2542 1557 2762 1627 πάσχα,
2792 1560 2876 1609 καὶ
2900 1557 3023 1615 τοὺς
3047 1558 3321 1629 χρονικοὺς
3361 1556 3567 1614 κανόνας
3590 1555 3689 1614 ἕως
3716 1556 3886 1629 πρώ-

2256 1665 2347 1699 του
2384 1645 2618 1700 ἐνιαυτοῦ
2655 1644 2983 1723 Ἀλεξάνδρου
3011 1653 3101 1701 τοῦ
3132 1646 3407 1717 βασιλέως,
3439 1643 3610 1709 δεκαέξ
3633 1646 3768 1717 λέγω
3798 1642 3883 1703 δή

2259 1735 2498 1790 ἐνιαυτῶν
2517 1737 2712 1801 κύκλον,
2735 1734 2787 1790 ὃν
2806 1739 2849 1790 οἱ
2868 1738 3123 1809 λεγόμενοι
3140 1741 3367 1813 Γραικοὶ,
3392 1734 3885 1809 ἔκκαιδεκαετηρὶδα

551 1835 727 1899 rit,et
756 1811 1021 1900 Eusebio,
1055 1836 1148 1904 qui
1193 1849 1359 1904 super
1406 1811 1851 1887 eodem’Pascha
1894 1827 1921 1866 ἀ
1975 1830 2150 1885 Cano-

2260 1828 2759 1901 καλοῦσιν,Ευσεϐίῳ
2780 1837 2852 1900 τῷ
2878 1832 2997 1904 περὶ
3018 1832 3174 1885 αὐτοῦ
3211 1836 3301 1883 τοῦ
3328 1831 3515 1900 πάσχα
3539 1825 3884 1882 ἐννεακαιδε-

554 1941 703 1989 nem,
731 1925 919 1980 decem
949 1936 1007 1980 et
1039 1940 1237 1980 novem
1278 1939 1547 1979 annorum
1585 1932 1607 1959 ε
1639 1922 1932 1985 circulum,
1969 1921 2019 1975 id
2052 1931 2157 1986 est,

554 2020 1120 2097 ἐννεακαιδεκαετηρίδα
1330 2019 1667 2089 composuit,
1696 2018 2041 2072 occasionem
2063 2015 2158 2071 de-

552 2114 651 2171 dit.
685 2114 918 2184 Scripsit
948 2118 1236 2169 nonnullo~
1267 2113 1320 2167 in
1349 2113 1661 2182 Scripturas
1694 2109 2151 2174 commentarios,

552 2208 808 2277 equibus
832 2207 931 2262 hos
957 2207 1176 2278 reperi:
1215 2207 1267 2261 in
1306 2198 1601 2282 ἐξαήμερον,
1647 2203 1665 2243 ί
1700 2213 1755 2260 et
1784 2204 1840 2259 in
1881 2202 2156 2269 Exodum,

552 2302 606 2357 in
636 2302 917 2357 Canticum
940 2300 1317 2368 Canticorum,
1354 2302 1406 2354 in
1436 2299 1716 2366 Genesim,
1759 2306 1816 2353 et
1859 2300 1911 2351 in
1942 2295 2154 2351 Zacha-

552 2394 687 2451 riam
717 2412 730 2448 :
772 2393 841 2450 de
870 2394 1127 2459 Psalmis,
1159 2406 1213 2449 et
1243 2396 1297 2449 in
1341 2393 1557 2460 Isaiam,
1598 2391 1668 2447 de
1692 2392 1940 2456 Daniele,
1976 2390 2046 2445 de
2077 2390 2153 2444 A-

554 2487 857 2559 pocalypsi,
890 2486 956 2541 de
981 2487 1315 2551 Proverbiis,
1346 2486 1414 2541 de
1444 2486 1800 2549 Ecclesiaste,
1833 2484 1901 2538 de
1938 2483 2069 2538 Saul
2099 2490 2155 2537 et

553 2577 905 2651 Pythonissa,
935 2579 1002 2635 de
1027 2589 1052 2627 Β
1076 2580 1433 2646 Antichristo,
1464 2579 1529 2633 de
1545 2578 1989 2641 Resurrectione,
2022 2591 2153 2630 con-

551 2679 634 2724 tra
682 2672 1037 2735 Marcionem,
1067 2671 1135 2725 de
1169 2670 1397 2735 Pascha,
1435 2669 1723 2724 adversum
1757 2683 1951 2722 omnes
1982 2667 2155 2722 luere—

550 2776 661 2828 ses,
691 2774 745 2818 et
777 2763 801 2799 ¹ι
828 2764 1163 2841 Προσομιλίαν
1185 2765 1253 2818 de
1292 2762 1451 2817 laude
1482 2762 1695 2816 Domini
1738 2760 2057 2826 Salvatoris,
2101 2758 2155 2813 in
2206 2806 2211 2809 _

548 2941 792 3015 geryllus
820 2942 1106 3015 EpiscOpus
1146 2944 1338 3000 Arabia
1365 2944 1647 2999 Bostrenus
1687 2944 1863 2997 clarus
1899 2943 2139 2998 habetur.

554 3013 678 3071 Viti.
720 3014 917 3068 Euseb.
949 3013 1034 3079 vt,
1073 3015 1164 3070 20.

628 3095 653 3121 τι
699 3084 969 3158 Veroueu.
999 3095 1119 3139 ante
1159 3103 1363 3139 carnem
1391 3096 1560 3158 negat.
1594 3086 1989 3158 Guelpherbyt.
2032 3096 2150 3141 ante

552 3156 963 3211 incarnationem
989 3158 1150 3225 fuisse
1193 3169 1363 3227 negat.
1402 3156 1473 3211 Ei
1505 3157 1743 3211 Eusebio
1784 3156 1878 3211 lib.
1910 3156 1961 3213 in
1983 3202 1996 3225 ,
2025 3172 2147 3227 cap.

2260 1915 2536 1992 καετηρίδα
2569 1919 2869 1982 συντάξαντι
2904 1918 3159 1993 πρόφασιν
3190 1918 3557 1993 παρεσχηκὼς.
3590 1911 3885 1988 Ἔγραψα)

2261 2012 2330 2070 εἰς·
2349 2011 2444 2068 τὰς
2471 2011 2606 2069 θείας
2626 2011 2828 2084 γραφὰς
2855 2010 3222 2080 ὑπομνήματα,
3440 2006 3517 2077 ἀφ’
3541 2001 3607 2057 ὧν
3632 2002 3757 2059 τάδε
3787 1999 3883 2057 εὗ-

2260 2125 2367 2179 ρον,
2386 2107 2455 2165 εἰς
2468 2109 2557 2163 τήν
2570 2106 2753 2175 έξαήμε
2758 2125 2863 2179 ρον,
2883 2107 2953 2165 εἰς
2972 2112 3062 2162 τήν
3084 2101 3311 2168 Ἕξοδον,
3330 2104 3399 2161 εὶς
3418 2103 3484 2156 τὰ
3500 2098 3747 2172 ’Δσματα
3765 2107 3879 2152 τῶν

2262 2202 2528 2273 ᾀσμάτων,
2565 2202 2636 2260 εἰς·
2663 2204 2754 2257 τήν
2783 2202 2978 2254 Γένισιν
2996 2243 3008 2264 ,
3036 2201 3107 2259 εἰς
3136 2198 3432 2271 Ζαχαρίαν,
3471 2199 3593 2270 περὶ
3625 2194 3876 2265 Ψαλμῶν,

2261 2296 2333 2354 εἰς
2358 2291 2584 2359 Ἠσαίαν,
2620 2298 2739 2371 περί
2768 2295 2967 2359 Δανιὴλ,
3002 2298 3121 2370 περὶ
3154 2290 3576 2364 Ἀποκαλύψεως,
3619 2293 3740 2365 περὶ
3761 2299 3876 2344 Πα-

2259 2397 2487 2463 ροιμιῶν,
2505 2410 2567 2444 πε
2572 2390 3060 2463 ρὶἘκκλησιαο-τοῦ,
3082 2388 3364 2461 περίΣαούλ
3383 2388 3463 2440 καὶ
3483 2386 3733 2443 Πύθωνος.
3747 2383 3879 2457 περὶ

2258 2488 2348 2536 τοῦ
2390 2482 2784 2555 Ἀντιχρίστου,
2817 2487 2936 2560 περὶ
2962 2483 3346 2542 Ἀναστὰσεως.
3376 2482 3505 2536 κατὰ
3543 2482 3877 2555 Μαρκίωνος,

2261 2579 2490 2647 περὶτοῦ
2514 2578 2724 2647 Πάσχα,
2748 2578 2879 2632 κατὰ
2906 2584 3083 2632 πασῶν
3098 2584 3198 2631 τῶν
3214 2577 3458 2649 Αἱρέσεων
3476 2617 3490 2637 ,
3518 2573 3877 2651 προσομιλιῶν

2265 2666 2415 2737 (Leg.
2442 2668 2803 2747 προσομιλίαν)
2831 2674 2949 2745 περὶ
2977 2678 3075 2725 τῶν
3103 2671 3353 2725 Ἐπαίνων
3387 2676 3479 2725 τοῦ
3510 2671 3692 2744 Κυρίου
3720 2668 3874 2738 ἡμῶν

2263 2756 2432 2819 Ἰησοῦ
2456 2767 2699 2833 Χριστοῦ,
2722 2764 2770 2815 ἐν
2800 2758 2871 2823 οἷς
2891 2762 3142 2840 παρόντος
3163 2761 3451 2839 Ὠριγένους
3470 2761 3652 2816 ἑαυτὸν
3675 2757 3873 2831 ὡμιλη-

2255 2944 2388 2997 ratio
2420 2954 2539 3015 erat
2584 2942 2862 3012 Exposita,
2896 2961 3056 3013 quem
3104 2955 3160 3002 et
3191 2945 3551 3001 Constantino
3580 2961 3871 3015 nuncupa-

2255 3018 2352 3068 vit.
2393 3014 2589 3069 Vernm
2629 3032 2693 3069 ex
2724 3026 2837 3069 toto
2872 3027 3129 3072 Contextu
3159 3018 3384 3086 ipsaque
3411 3014 3865 3073 Coostautiniad

2256 3087 2548 3160 Eusebium
2604 3087 2985 3160 responsione
3015 3089 3148 3142 satis
3196 3089 3487 3160 manifesto
3542 3089 3864 3160 colligitur,

2257 3173 2379 3212 eum
2412 3158 2606 3213 librum
2642 3160 2883 3228 mysteria
2925 3157 3136 3221 Christi,
3183 3170 3229 3214 et
3273 3159 3547 3213 Paschalis
3582 3157 3701 3229 ejus
3742 3163 3871 3228 [esti

556 3228 655 3293 55,
708 3228 980 3312 intellig-as
1036 3243 1262 3310 negasse
1317 3229 1588 3298 Beryllnm
1643 3226 1862 3282 Christo
1917 3226 2225 3312 propriizeC
2260 3226 3427 3312 lypicam‘exposi'tiouemcontinpissemnon
3458 3226 3868 3312 deeeuinoren-

554 3313 805 3367 per-sonte
854 3294 1216 3353 ditferentiam
1256 3294 1545 3365 antequam
1596 3314 1815 3353 carnem
1867 3294 2148 3355 sumeret:

551 3369 686 3429 Μηδέ
702 3375 799 3443 μήν
828 3370 1042 3427 θεότητα
1068 3369 1201 3443 ἰδέαν
1223 3369 1388 3441 ἔχειν,
1408 3371 1563 3439 juxta
1592 3370 1743 3425 Noeti
1772 3370 2002 3426 haeresiu
2031 3388 2152 3443 qua:

555 3441 741 3512 postea
770 3452 826 3495 et
853 3443 1074 3497 Subellii
1104 3441 1227 3495 fuit.

626 3511 654 3550 ι)
692 3512 833 3567 Nihil
869 3512 1031 3568 hodie
1055 3522 1307 3583 superest
1332 3526 1364 3568 e
1387 3512 1589 3585 Berylli
1608 3512 1854 3583 scriptis,
1888 3514 2003 3569 sive
2028 3513 2153 3569 Ori-

552 3584 706 3655 genis
735 3585 800 3637 ad
828 3585 1127 3656 Beryllum.

627 3666 649 3695 ο
695 3657 839 3711 Inter
887 3661 1064 3710 varias
1098 3664 1345 3711 veterum
1373 3665 1427 3711 et
1449 3656 1816 3712 recentiorum
1850 3657 2155 3712 sententias

553 3726 621 3783 de
652 3727 893 3782 Ecclesia
935 3742 1094 3796 quam
1152 3726 1474 3799 Hippolytus
1502 3728 1769 3799 obtinuit,
1815 3727 1904 3781 illa
1939 3728 2151 3783 vermi-

556 3799 739 3853 Inilior
764 3800 976 3852 videtur
1004 3813 1147 3863 esse,
1182 3814 1303 3867 qua)
1339 3798 1463 3853 eum
1498 3798 1696 3853 Portus
1740 3799 1994 3865 Romani,
2043 3815 2149 3854 non

554 3869 623 3923 ad
655 3869 799 3923 05tia
829 3869 1090 3925 Tiberina
1111 3913 1124 3934 ,
1152 3871 1246 3923 sed
1279 3869 1513 3925 celebris
1549 3869 1651 3924 hoc
1684 3870 1904 3925 nomine
1933 3872 1984 3925 in
2020 3869 2155 3925 Ara-

556 3941 641 3995 bia
690 3941 960 4008 Emporii,
998 3942 1160 3995 hodie
1191 3942 1391 4007 Adena,
1426 3941 1741 4009 episcopum
1783 3941 1929 3995 facit.
1975 3942 2156 3995 Abuli-

554 4014 667 4066 dem
700 4012 877 4068 Romae
906 4011 1221 4084 Episcoyum
1253 4014 1459 4066 Arabes
1502 4022 1716 4066 vocant.
1758 4012 1886 4068 Vid.
1931 4012 2154 4069 Catalo-

550 4099 678 4154 sunt
716 4083 1019 4139 Ebed-Jesu
1041 4083 1162 4153 cap.
1198 4085 1251 4137 7.

626 4150 653 4191 εί
692 4154 823 4209 Cod.
859 4150 1127 4211 Veronen.
1159 4165 1545 4225 temporumque
1572 4154 1797 4225 scripsit,
1824 4154 2032 4224 absque
2057 4170 2152 4208 vo-

553 4240 616 4281 ce
644 4242 915 4281 annonem.
947 4226 1097 4281 Hanc
1129 4225 1247 4280 libri
1277 4226 1343 4279 de
1376 4224 1644 4279 Paschate
1675 4224 1881 4294 partem
1918 4227 2148 4281 alteram

553 4297 721 4352 fuisse
756 4296 1001 4351 Valesius
1030 4299 1218 4363 sentit,
1252 4295 1397 4366 quod
1421 4365 1426 4366 γ
1449 4296 1698 4365 Scaliger
1747 4307 1803 4349 et
1852 4296 2150 4352 Bncberius

553 4369 779 4442 minime
813 4365 1338 4442 animadverterunt.
1387 4365 1650 4442 Nimirum
1686 4369 1934 4442 xpowxé;
1971 4382 2144 4423 canon

553 4439 657 4493 iste
680 4438 746 4490 ad
781 4455 947 4506 usque
973 4442 1203 4508 primum
1238 4440 1536 4494 Alexandri
1575 4438 1775 4492 annum
1807 4440 2145 4508 produceba-

554 4518 672 4575 tur;
704 4521 891 4579 contra
923 4510 1197 4566 Paschatis
1221 4512 1358 4567 ratio
1398 4527 1462 4565 ex
1495 4524 1561 4563 eo
1593 4510 1709 4579 ipso
1742 4525 1885 4563 anno
1916 4508 2142 4577 incipie-

555 4580 668 4636 bat.
715 4578 983 4636 Eximium
1038 4583 1203 4637 hocce
1254 4578 1647 4638 monimentum
1694 4582 1889 4635 nedum
1942 4580 2144 4636 chartis

2260 3301 2439 3355 nalem
2485 3301 2708 3373 Cyclnm
2745 3300 3014 3355 Lanarum
3074 3302 3437 3373 Pascbalinm.
3494 3303 3865 3373 Hieronymus

2260 3380 2387 3426 tunc
2411 3371 2585 3441 ipsum
2615 3371 2683 3426 de
2715 3373 2978 3427 Paschate
3021 3373 3216 3427 librum
3253 3372 3469 3427 Eusebii
3507 3388 3612 3427 non
3643 3371 3863 3430 videtur

2258 3442 2432 3496 oculis
2453 3457 2766 3513 usurpasse,
2798 3460 2921 3498 nam
2953 3460 3128 3514 neque
3158 3461 3282 3499 eum
3309 3445 3446 3498 inira
3476 3457 3745 3500 memorat
3775 3448 3863 3501 in-

2262 3522 2344 3568 ter
2373 3514 2590 3568 Eusebii
2635 3515 2834 3583 scripta
2893 3530 2993 3569 suo
3044 3520 3162 3571 loco
3207 3532 3329 3583 cap.
3376 3517 3466 3569 8i.
3518 3516 3616 3570 Hic
3670 3527 3860 3573 autem

2260 3583 2422 3660 etiam
2459 3597 2646 3639 contra
2702 3586 2995 3660 Eusebium
3042 3595 3217 3656 putat,
3250 3588 3436 3660 dicens
3465 3588 3533 3660 ab
3566 3589 3862 3660 llippolyto

2260 3656 2774 3711 decemnovcunalis
2821 3654 2969 3728 Cyi-li
3024 3654 3292 3712 condendi
3342 3654 3685 3713 occasionem
3733 3654 3859 3715 eum

2261 3728 2579 3797 sumpsisse,
2611 3744 2730 3780 cum
2752 3728 2894 3783 hunc
2921 3730 3131 3791 cyclum
3162 3731 3252 3783 diu
3280 3739 3436 3783 antea
3465 3732 3607 3784 circa
3644 3732 3857 3785 initium

2263 3800 2477 3865 imperii
2529 3799 2685 3852 Probi
2738 3799 3082 3868 imperatoris
3136 3802 3520 3855 concinnatum
3580 3804 3742 3857 luisse
3786 3805 3857 3857 ab

2261 3870 2534 3942 {inarchio
2562 3870 2843 3942 Lil“(liCt‘$
2872 3872 2923 3923 in
2953 3870 3106 3942 Syria
3132 3875 3390 3941 episeopo
3418 3871 3646 3940 ipsemet
3681 3875 3858 3927 tradat

2262 3940 2528 3996 Eusebius
2560 3941 2760 3995 Hister.
2799 3940 3111 3996 Ecclesiast.
3144 3943 3238 3996 lli).
3272 3958 3395 4005 \‘ttt,
3420 3957 3471 3997 c.
3505 3944 3594 3997 52.
3628 3943 3854 4000 Multum

2260 4027 2473 4085 quoque
2506 4014 2783 4081 probabile
2811 4024 2913 4085 est,
2943 4014 3367 4068 Alexandrinam
3412 4013 3711 4069 Ecclesium
3739 4017 3851 4085 jam

2259 4094 2386 4137 ante
2414 4083 2688 4157 Nica-nuni
2733 4084 3047 4157 concilium.
3098 4088 3254 4157 cyclo
3303 4085 3407 4138 isto
3438 4100 3587 4138 usam
3632 4083 3851 4141 decent-

2261 4156 2570 4227 uovcnnali.
2614 4155 2901 4227 Castorum
2927 4155 3237 4227 Hieronymi
3290 4157 3650 4211 testimonium
3683 4158 3852 4212 hocce

2260 4223 2429 4281 fraudi
2472 4227 2568 4279 l‘uit
2595 4235 2649 4280 et
2682 4226 2964 4281 Gennadio
2994 4227 3062 4281 de
3106 4223 3369 4294 Scriptor.
3406 4228 3547 4282 Eccl.
3589 4243 3707 4293 cap.
3740 4227 3835 4293 38,

2256 4298 2707 4421 guemadmodum
2731 4298 3065 4365 Gennadius,
3082 4299 3321 4352 Sledouo
3346 4296 3663 4369 Hispalensi,
3680 4298 3773 4352 lib.
3788 4314 3846 4353 τι

2307 4370 2461 4421 riain.
2504 4384 2552 4421 (τ.
2591 4371 2679 4421 17.
2725 4370 2814 4421 oui
2862 4368 3000 4421 idem
3047 4371 3116 4421 de
3147 4371 3379 4421 Eusebio
3409 4371 3645 4421 tradunt-
3676 4381 3736 4421 ut
3760 4386 3846 4421 se-

2307 4370 2461 4438 rigin.
2504 4384 2552 4423 (τ.
2591 4371 2679 4435 i7,
2725 4370 2814 4436 qui
2862 4368 3000 4422 idem
3047 4371 3116 4424 de
3147 4371 3379 4424 Eusebio
3409 4368 3645 4437 tradunt,
3676 4381 3736 4423 ut
3760 4386 3850 4426 se-

2256 4440 2475 4512 quiores
2516 4448 2726 4512 taceam
2765 4439 3105 4504 lefridum,
3139 4451 3197 4496 et
3244 4440 3442 4495 Bedatu
3475 4444 3562 4512 qui
3610 4458 3753 4497 unus
3781 4459 3847 4498 ex

2255 4510 2363 4563 alio
2393 4510 2703 4580 descripsit.

2335 4580 2353 4619 τ
2387 4582 2561 4636 Verba
2595 4594 2638 4634 et
2666 4585 2717 4636 in
2765 4581 3001 4636 Exedunt
3024 4581 3361 4638 Veronensis
3415 4583 3583 4639 codex
3617 4598 3725 4637 non
3758 4584 3850 4639 ha-

554 4651 922 4725 dcscriptnm,
953 4651 1005 4705 in
1033 4669 1339 4708 marmorea
1368 4653 1611 4723 ejusdem
1647 4652 1704 4708 S.
1740 4651 2013 4724 Hippolyti
2057 4668 2142 4707 ca-
2172 4650 2226 4708 D
2252 4652 2361 4717 bet,
2393 4664 2449 4708 et
2471 4655 2561 4723 qui
2596 4654 2793 4709 habent
2825 4668 2955 4707 mss.
3009 4655 3155 4725 libri,
3184 4666 3348 4725 atque
3406 4658 3557 4720 editi,
3592 4657 3843 4711 videntur

556 4722 772 4795 tltedra,
797 4723 882 4775 cui
912 4724 1108 4778 insidet
1129 4725 1243 4793 ipse
1272 4741 1337 4780 ex
1367 4722 1640 4779 marmore
1665 4767 1680 4792 ,
1712 4722 1906 4795 priscis
1937 4722 2149 4786 tempo-

557 4793 706 4849 ribus
744 4795 1035 4863 sculptum,
1069 4796 1364 4851 bodienum
1397 4805 1647 4865 superest
1676 4793 1729 4851 in
1760 4795 2028 4850 Vaticana:
2061 4797 2148 4849 Bi-

558 4865 840 4921 bliotheca:
863 4868 1150 4923 vestibulo.
1188 4869 1449 4923 Dextrum
1480 4871 1619 4922 latus
1647 4868 1869 4923 exhibet
1896 4866 2149 4921 Chrono-

556 4937 751 5005 logiatn
785 4939 1095 4994 Paschaletn
1139 4956 1234 5007 per
1265 4942 1448 5011 cyclos
1478 4955 1741 4992 annorum
1774 4938 1873 5011 H2
1904 4938 2146 4993 Juliano-

559 5025 677 5064 rutu
712 5013 1009 5079 proleptico
1040 5012 1232 5065 ordine
1263 5010 1486 5065 eisacris
1518 5012 1736 5066 litteris.
1784 5010 2029 5064 Alterum
2052 5026 2147 5065 ex-

557 5085 875 5151 pansionem
946 5083 1083 5151 cycli
1136 5082 1378 5145 ejusdem
1435 5082 1713 5136 Paschalis
1777 5096 1874 5150 per
1937 5092 2144 5150 septem

565 5150 1137 5205 lleccedecaeteridas.
1174 5151 1231 5205 lu
1273 5151 1505 5205 Postica:
1536 5164 1713 5205 autem
1763 5153 2024 5207 laterculo
2054 5154 2150 5206 ali-

559 5233 691 5291 quot
736 5225 978 5295 ejusdem
1012 5224 1249 5290 Operum
1296 5221 1584 5291 Calalogus
1633 5223 1943 5289 exhibetur,
1991 5229 2148 5295 cujus

558 5305 739 5350 tamen
772 5294 1054 5362 inscriptio
1084 5294 1350 5363 superiori
1377 5305 1525 5363 parte
1550 5296 1805 5349 mulctata
1828 5307 1931 5351 est.

635 5376 658 5404 ο
702 5367 797 5422 Hic
827 5382 957 5421 vero
1004 5366 1516 5421 decemnoveunalis
1563 5366 1748 5437 cyclus
1793 5367 1860 5421 ab
1910 5367 2147 5421 Eusebio

557 5438 917 5493 concinnatus
966 5438 1307 5493 intercidisse
1339 5439 1500 5506 vulgo
1551 5438 1826 5502 creditur;
1871 5452 2056 5491 verum
2092 5447 2150 5491 ut

556 5509 769 5565 doctior
799 5508 1088 5566 Criticnlus
1114 5512 1360 5579 superius
1390 5510 1577 5575 sentit,
1620 5522 1910 5579 numquam
1941 5508 2010 5559 ab
2042 5507 2150 5561 Eu-

556 5581 712 5636 sebio
738 5583 1071 5650 compositus
1096 5578 1200 5637 est.
1232 5582 1594 5651 Hieronymus
1634 5580 1696 5651 id
1723 5578 1917 5651 _haus_i_t
1942 5593 2043 5651 seu
2067 5593 2151 5633 ve-

553 5652 668 5706 rius
699 5652 837 5706 male
868 5646 1076 5722 accepit
1112 5653 1182 5708 ab
1212 5646 1452 5707 Eusebio
1476 5653 1614 5719 ipsa,
1645 5648 1737 5702 Ubi
1772 5649 1826 5700 in
1863 5647 1979 5702 Vita
2005 5646 2149 5703 Con-

550 5722 787 5793 stantini
809 5722 915 5793 lib.
955 5739 1033 5792 iv,
1062 5740 1185 5793 cap.
1214 5723 1285 5778 34
1311 5732 1366 5779 et
1390 5722 1482 5787 35,
1527 5727 1792 5793 memorat
1821 5733 1883 5793 se
1922 5734 2145 5793 campo:

543 5790 727 5845 suisse
758 5788 967 5843 Librum
1002 5788 1299 5861 quandam.
1350 5809 1451 5863 quo
1496 5805 1690 5843 arrnim
1730 5789 1998 5844 Parrhalis
2030 5788 2147 5861 festi

2251 4725 2529 4795 accepisse
2557 4739 2654 4793 pro
2684 4727 2789 4788 his,
2817 4734 3000 4796 etpost
3030 4724 3414 4782 Hexaemeron.
3447 4727 3519 4780 lla
3558 4727 3840 4793 Eusebius,

2250 4810 2323 4859 VI,
2486 4797 2891 4872 Cotmuenlariu
2912 4814 2967 4872 ιιι
2996 4797 3292 4872 ἐξαήμερον,
3326 4800 3494 4872 ali_um_
3519 4803 3591 4858 εἰς
3624 4801 3691 4854 τὰ
3720 4802 3843 4872 μετὰ

2253 4873 2342 4923 τήν
2380 4868 2655 4943 έξαὴμερον
2678 4869 2969 4937 sulijnngit,
2996 4868 3158 4943 atque
3185 4868 3254 4923 ex
3286 4886 3350 4923 eo
3381 4868 3608 4943 Ruﬁnus
3655 4868 3844 4943 inﬂe-

2250 4938 2551 5002 xaemeron,
2568 4938 2612 4991 et
2629 4955 2705 4998 ea.
2728 4955 2842 5007 qua:
2864 4948 2977 5009 post
3001 4938 3379 4994 Hexaemeron.
3404 4941 3691 5008 Putaverat
3713 4940 3843 4996 forte

2252 5010 2451 5078 aliquis
2504 5013 2557 5081 in
2616 5010 2927 5081 lliet'Onymi
2982 5022 3127 5065 textu
3160 5013 3354 5063 vitiose
3398 5013 3539 5065 idem
3598 5010 3839 5066 Gra~com

2252 5081 2474 5134 Verbum
2510 5078 2863 5134 Hexaemeron
2897 5084 3093 5148 repeti,
3128 5089 3184 5134 et
3214 5081 3266 5135 in
3310 5081 3554 5137 Exedunt
3596 5085 3838 5137 mutavit.

2326 5161 2349 5197 Β
2386 5153 2482 5206 llic
2508 5166 2721 5222 quoque
2750 5154 2886 5207 liber
2914 5154 2977 5206 de
3038 5155 3350 5206 Antichristo
3407 5165 3652 5218 superat.
3682 5171 3837 5221 quem

2252 5221 2478 5276 Photius
2509 5224 2630 5276 cod.
2664 5223 2773 5278 9.02
2799 5226 2861 5276 de
2890 5222 3095 5277 Christo
3121 5234 3167 5276 et
3216 5224 3533 5277 Antia/triste
3590 5225 3717 5293 legit
3763 5230 3839 5278 in-

2250 5295 2536 5361 scriptum,
2566 5294 3025 5363 quemadmodum
3056 5305 3109 5347 et
3138 5296 3277 5348 alius
3321 5306 3501 5349 contra
3545 5312 3718 5348 omnes
3739 5294 3837 5349 Ιιω-

2250 5381 2406 5419 reses.
2441 5366 2649 5420 Caetera
2674 5365 2733 5421 S.
2767 5366 3015 5436 Martyris
3047 5366 3270 5435 scripta,
3306 5369 3495 5436 paucis
3525 5367 3836 5437 fragmentis

2251 5438 2514 5502 CXtreptis,
2549 5437 2847 5505 perierunt.
3406 5470 3409 5473 λ

2322 5505 2350 5543 ιι
2379 5508 2650 5563 Veronen.
2678 5507 3093 5571 Prosaomelian,
3137 5524 3203 5564 ex
3232 5526 3338 5578 quo
3389 5519 3441 5564 et
3496 5525 3559 5563 ex
3598 5508 3836 5563 Vaticau.

2256 5578 2485 5655 ipsoque
2528 5581 2834 5655 Hieronymi
2868 5592 3013 5655 ιθκιιι
3053 5580 3337 5649 legendum
3372 5581 3543 5655 liquet
3594 5601 3840 5655 προσομι-

2256 5650 2385 5716 λίαν,
2437 5662 2491 5703 ιιι
2532 5650 2811 5705 Fabricius
2864 5650 3123 5705 restituit.
3159 5655 3331 5706 Antea
3372 5652 3505 5706 editi
3561 5650 3838 5720 perperam

2256 5721 2640 5797 Epacspma»,
2674 5722 2756 5797 γει
2807 5721 3160 5797 πιρὶιὸιρλιῶν
3186 5740 3218 5797 ,Α
3246 5721 3466 5797 Erasm.
3529 5732 3579 5775 et
3632 5724 3835 5777 similia.

2257 5790 2648 5848 Fiuerit’istlncc
2678 5790 2963 5847 liomil.'de
2986 5790 3312 5863 Epiphanio,
3342 5809 3463 5864 qua:
3493 5798 3689 5849 exstat.
