4022 6376
784 118 1203 128 ῤ’)νῇ

136 392 240 451 675

1238 392 1437 450 LIBER
1478 392 1569 449 DE
1610 391 1791 452 VIRIS
1830 393 2304 457 ILLUSTRIBUS.

3320 400 3424 459 674

132 524 254 577 qua,
296 515 565 577 praesente
604 507 858 579 Origene,
890 519 949 563 se
990 507 1136 578 loqui
1170 507 1222 563 in
1272 509 1519 564 Ecclesia
1551 507 1717 577 signi-

1848 517 1961 569 ιέναι
1974 516 2103 570 κατά
2121 518 2335 586 μίμησιν
2346 513 2568 568 αύτοῦὲν
2670 513 2909 587 ἐκκλησίᾳ
2923 510 3082 570 δηλοῖ.
3100 512 3424 589 Ἀμϐρόσιος,

130 601 274 653 ﬂcat.
305 609 331 637 ιι
362 600 417 655 In
446 598 606 670 hujus
632 602 1030 656 aemulationem
1069 600 1415 666 Ambrosius,
1449 616 1610 671 quem
1656 600 1725 655 de

128 691 419 747 Marcianis
447 693 646 749 hmresi
682 693 746 747 ad
791 709 973 746 verum
1023 692 1186 748 ﬁdem
1231 702 1541 748 correctum
1586 691 1727 746 dixi-

129 800 271 851 mus,
300 786 622 841 cohortatus
661 796 746 841 est
793 785 1106 857 Origenem,
1136 787 1189 842 iu
1221 786 1533 857 Scripturas
1576 800 1726 840 com-

129 884 425 937 meutarios
467 880 708 935 scribere
734 920 748 944 ,
781 880 1035 950 prabens
1073 878 1123 933 ei
1151 890 1364 949 septem
1410 889 1464 933 et
1495 893 1562 933 eo
1603 892 1723 931 am-

128 974 267 1045 plius
292 974 557 1040 notarios,
586 989 890 1045 eorumque
931 990 1226 1043 expensas,
1272 984 1327 1029 et
1368 974 1721 1029 librariorum

127 1085 309 1140 parem
356 1085 667 1138 numerum,
715 1069 970 1140 quodque
1010 1068 1092 1123 bis
1124 1068 1301 1138 majus
1343 1075 1450 1135 est,
1488 1066 1726 1122 incredi-

128 1162 219 1217 bili
244 1162 423 1218 studio
478 1163 724 1235 quotidie
755 1164 824 1217 ab
870 1178 937 1218 eo
976 1177 1115 1232 Opus
1165 1161 1411 1233 exigens.
1466 1159 1621 1216 Unde
1669 1160 1725 1215 in

129 1257 354 1328 quadam
382 1258 623 1331 epistola
653 1256 989 1337 ἐργοδιὼκτην
1014 1272 1138 1313 eum
1166 1255 1429 1327 Origenes
1456 1263 1632 1310 vocat.

1831 604 1994 662 ὅντινα
2010 609 2115 662 ἀπὸ
2135 616 2226 669 τῆς
2252 608 2441 669 πλάνης
2475 608 2761 682 Μαρκίωνος
2790 610 2861 667 εἰς
2888 610 2979 662 την
3006 605 3232 661 ἀληθινήν
3256 607 3432 659 πίστιν

1830 698 2138 775 ἐπιστρέψαι
2166 700 2466 775 προείρηται
2486 739 2499 764 ,
2537 696 2893 774 προετρέψατο
2922 696 3151 771 Ὠριγένη
3178 696 3271 756 τὰς
3297 685 3433 757 θείας

1829 791 2240 863 ύπομνηματὶσαι
2286 792 2518 867 γραφὰς,
2577 790 2932 865 παρεσχηκὼς
2970 790 3109 858 αὐτῷ
3162 787 3295 843 ἔπτὰ
3348 789 3434 842 καὶ

1830 883 2033 943 πλείους
2061 885 2355 960 νοταρίους,
2382 886 2466 938 καὶ
2506 886 2597 943 τὰς
2639 884 2832 937 τούτων
2863 879 3118 946 δαπάνας,
3150 884 3235 936 καὶ
3262 880 3434 936 καλλιο

1830 981 2055 1055 γράφους
2084 980 2167 1034 τὸν
2192 974 2304 1043 ἶσον
2335 978 2568 1054 ἀριθμόν,
2590 980 2673 1032 καὶ
2702 974 2828 1052 ὅπερ
2859 974 2975 1032 ἐστὶ
3005 980 3190 1047 μεῖζον,
3225 978 3436 1032 ἀνυποί-

1832 1092 1940 1144 στῳ
1972 1068 2175 1144 σπουδῇ
2205 1072 2443 1125 ἑκάστοτε
2475 1068 2618 1147 ἔργον
2649 1069 2774 1144 παρ’
2803 1070 2963 1124 αὐτοῦ
2995 1069 3246 1134 ἀπαιτῶν,
3281 1066 3357 1124 διὸ
3383 1070 3433 1123 ἐν

1834 1168 1927 1235 μιᾷ
1956 1163 2222 1234 ἐπιστολῇ,
2253 1162 2587 1240 ἐργοδιὼκτην
2618 1164 2769 1219 αὐτόν
2798 1160 3053 1238 Ὠριγένης
3081 1164 3236 1219 καλεῖ.

1497 1368 1758 1432 CAPUT
1801 1370 2001 1432 LXII.

191 1476 525 1542 Alexander,
586 1477 878 1548 episcopus
931 1474 1314 1545 Cappadocite,
1344 1472 1371 1511 ι)
1404 1488 1527 1528 cum
1573 1472 1725 1527 desi-

125 1570 276 1627 derio
305 1584 624 1626 sanctorum
680 1571 927 1626 locorum
979 1568 1417 1639 Hierosolymam
1448 1574 1724 1636 pergeret,

125 1674 177 1719 et
212 1663 506 1720 Narcissus
558 1663 851 1734 episcopus
885 1660 1134 1731 ejusdem
1180 1661 1336 1715 urbis
1360 1661 1471 1729 jam
1500 1673 1670 1713 senex
1701 1668 1723 1696 ο

126 1769 336 1830 regeret
380 1759 716 1823 Ecclesium,
761 1770 816 1813 ct
859 1756 1113 1811 Narcisso
1154 1766 1209 1810 et
1258 1755 1447 1809 multis
1495 1752 1729 1808 clerico-

125 1873 240 1913 rum
296 1858 419 1928 ejus
446 1857 748 1912 revelatum
798 1864 903 1918 est,
958 1854 1129 1907 altera
1173 1851 1260 1906 die
1316 1864 1475 1904 mane
1528 1850 1729 1902 intrare

125 1952 468 2020 episcopum,
498 1949 592 2019 qui
634 1947 850 2016 adjutor
887 1944 1244 1999 sacerdotalis
1286 1941 1560 1998 cathedra:
1606 1954 1727 1994 esse

128 2042 378 2099 deberet.
411 2045 594 2109 Itaque
624 2056 685 2095 re
733 2040 804 2092 ila
825 2037 1119 2106 completa,
1150 2045 1207 2089 ut
1241 2034 1499 2102 praedicta
1531 2032 1727 2096 fuerat,

127 2135 330 2191 cunctis
351 2136 380 2173 εί
414 2138 468 2190 in
517 2133 806 2189 Palzestina
837 2131 1111 2201 episc0pis
1153 2131 1206 2183 in
1236 2144 1400 2182 unum
1430 2139 1726 2196 congrega-

127 2227 210 2294 tis,
268 2229 560 2283 adnitente
599 2240 817 2296 quoque
874 2226 993 2293 ipso
1040 2222 1127 2277 vel
1173 2220 1409 2275 maxime
1449 2217 1727 2283 Narcisso,

125 2320 638 2393 Hierosolymitantu
657 2317 913 2372 Ecolesiaa
932 2331 1052 2369 cum
1075 2329 1140 2368 eo
1160 2311 1582 2384 gubernaculum
1612 2324 1730 2363 sns-

124 2412 287 2484 cepit.
333 2412 436 2467 Hic
477 2413 528 2467 in
578 2413 685 2466 line
713 2409 992 2480 cujusdam
1033 2405 1303 2475 epistolae,
1354 2404 1515 2475 903
1570 2417 1730 2473 quam

127 2508 309 2563 scribit
325 2506 392 2559 ad
409 2505 717 2561 Autiuoitas
736 2518 899 2571 super
918 2516 1049 2571 pace
1071 2498 1329 2554 Ecclesia:
1344 2498 1420 2550 ait
1443 2514 1455 2548 :
1482 2507 1505 2532 υ
1523 2494 1733 2550 Salutat

129 2612 209 2651 vos
245 2596 555 2661 Narcissus,
607 2596 697 2665 qui
741 2607 861 2647 ante
914 2608 991 2646 me
1047 2592 1131 2644 Ιιὶσ
1160 2589 1325 2643 tenuit
1385 2587 1733 2656 episcopalem

135 2691 319 2757 locum,
344 2701 393 2746 et
416 2707 555 2745 nunc
595 2705 797 2743 mecum
844 2685 1080 2741 eumdem
1112 2681 1430 2737 orationibus
1463 2681 1613 2749 regit,
1639 2694 1733 2731 an-

135 2800 220 2839 nos
249 2794 401 2839 natus
416 2785 625 2838 circiter
654 2780 670 2819 τ
703 2791 905 2836 centum
934 2777 1180 2843 sedecim,
1206 2785 1253 2829 et
1274 2790 1361 2829 vos
1390 2786 1591 2827 mecum
1618 2786 1736 2840 pre-

136 2890 276 2933 catur
298 2890 351 2933 ut
382 2894 545 2933 unum
571 2876 809 2946 idemque
834 2873 1071 2944 capiatis.
1122 2871 1354 2939 Scripsit
1382 2876 1439 2923 et
1481 2866 1640 2919 aliam
1666 2863 1733 2917 ad

138 2972 552 3039 Antiochenses,
614 2988 707 3043 per
732 2970 1068 3026 Clementem
1097 2966 1473 3038 presbyterum
1502 2962 1736 3016 Alexan-

138 3063 285 3132 driaz,
316 3065 386 3121 de
416 3081 526 3137 quo
550 3075 749 3134 Bsupra
774 3062 1035 3126 diximus,
1063 3075 1161 3114 nec
1191 3073 1300 3112 non
1328 3056 1393 3110 ad
1415 3056 1731 3123 Origenem,

137 3164 186 3211 et
216 3174 316 3227 pro
344 3158 585 3230 Origene
614 3167 804 3212 eontra
852 3155 1221 3218 Demetrium;
1264 3166 1331 3206 eo
1358 3149 1504 3221 quod
1532 3146 1561 3185 ιι
1581 3148 1735 3218 juxta

139 3254 506 3309 testimonium
524 3251 788 3307 Demetrii
814 3265 935 3306 eum
960 3250 1341 3319 presbyterum
1368 3242 1732 3299 constituerit.

139 3342 243 3400 Sed
299 3358 353 3400 et
413 3346 537 3400 aliae
590 3344 708 3413 ejus
751 3342 817 3396 ad
870 3342 1122 3396 diversos
1166 3339 1418 3393 feruntur
1466 3335 1735 3404 epistolae.

138 3432 382 3503 Septima
415 3445 595 3490 autem
647 3436 1026 3504 persecutione
1056 3432 1157 3487 sub
1205 3430 1395 3496 Decio,
1444 3443 1552 3499 quo
1606 3436 1743 3482 tem-

141 3541 271 3595 pore
310 3528 550 3601 Babylas
596 3528 904 3585 Antiochia:
945 3543 1139 3598 passus
1166 3538 1273 3593 est,
1319 3524 1511 3580 ductus
1563 3521 1743 3579 Cassa-

144 3633 310 3685 ream,
342 3632 403 3677 et
431 3624 651 3678 clausus
682 3621 736 3677 in
768 3636 1012 3687 carcere,
1034 3620 1105 3675 ob
1126 3617 1528 3675 confessionem
1556 3617 1741 3673 Chris«

146 3711 183 3766 ti
205 3715 472 3786 martyrio
500 3725 815 3772 coronatur.

1899 1476 2254 1557 Ἀλέξανδρος,
2279 1481 2559 1543 ἐπίσκοπος
2575 1480 2960 1548 Καππαδοκίας,
2985 1483 3124 1556 πόθῳ
3153 1492 3251 1541 τῶν
3280 1484 3434 1559 ἁγίων

1830 1572 1999 1627 τόπων
2037 1574 2254 1635 ἐπιστὰς
2396 1573 2792 1651 Ἰεροσολύμων,
2834 1584 2926 1632 τοῦ
2968 1576 3248 1632 ἐπισκόπου
3297 1590 3433 1653 Ναρ-

1830 1668 2010 1722 κίσσου
2040 1676 2132 1728 τῆς
2162 1670 2318 1729 αὐτῆς
2347 1669 2538 1729 πόλεως
2568 1667 2662 1728 ἤδη
2692 1670 3056 1745 γεγηρακότος,
3089 1674 3172 1725 καὶ
3201 1676 3288 1731 τήν
3319 1671 3432 1727 Ἐκ-

1830 1760 2039 1819 κλησίαν
2069 1762 2429 1836 κυϐερνῶντος,
2464 1763 2603 1833 αύτῷ
2632 1783 2686 1817 τε
2716 1771 2791 1836 τῷ
2817 1765 3092 1839 Ναρκίσσῳ
3121 1768 3203 1820 καὶ
3234 1765 3431 1825 πολλοῖς

1832 1852 2083 1927 κληρικοῖς
2114 1857 2269 1910 αὐτοῦ
2307 1852 2631 1927 ἀπεκαλύφθη
2666 1855 2858 1926 μέλλειν
2894 1864 2956 1931 τῇ
2987 1856 3099 1921 ἑξῆς
3140 1858 3290 1912 ἔωθεν
3320 1860 3430 1913 εἰσο

1834 1947 1956 1998 ιέναι
1985 1947 2258 2001 ἐπίσκοπον
2286 1948 2369 2003 τόν
2400 1947 2657 2019 ὀφείλοντα
2686 1948 2867 2017 βοηθὸν
2896 1950 3130 2022 γενέσθαι
3161 1959 3253 2012 τῆς
3293 1951 3430 2023 ἱερα-

1828 2046 1971 2100 τικῆς
2000 2038 2269 2116 καθέδρας.
2296 2047 2396 2094 Τοῦ
2420 2041 2725 2113 πράγματος
2754 2043 2922 2095 τοίνυν
2953 2045 3112 2102 καθὼς
3142 2046 3429 2118 προεμηνύ-

1828 2134 1884 2189 θη
1914 2132 2296 2207 πληρωθέντος,
2332 2134 2533 2187 πάντων
2562 2139 2661 2187 τῶν
2700 2134 2750 2186 ἐν
2788 2132 3092 2209 Παλαιστίνῃ
3140 2136 3431 2191 ἐπισκόπων

1832 2223 1916 2276 ἐπὶ
1934 2224 1992 2276 τό
2024 2225 2147 2277 αύτό
2178 2227 2551 2295 συναχθέντων,
2579 2225 2994 2286 συνεπινεύοντος
3016 2228 3192 2287 αὐτοῖς
3219 2232 3428 2305 Ναρκίσ-

1835 2335 1953 2379 σου,
1979 2321 2069 2374 την
2098 2316 2397 2392 κνϐἐρνησιν
2418 2325 2510 2377 τῆς
2539 2318 2589 2370 ἐν
2619 2315 2988 2392 Ἱεροσολύμοις
3017 2317 3314 2381 Ἐκγλησίας
3338 2324 3432 2376 σύν

1833 2410 1969 2479 αὐτῷ
1998 2407 2281 2474 ἀνεδέξατο.
2316 2408 2478 2471 Ούτος
2510 2412 2558 2464 ἐν
2586 2418 2658 2482 τῷ
2686 2412 2815 2468 τέλει
2843 2419 2967 2483 μιᾶς
3006 2414 3276 2475 ἐπιστολῆς
3304 2437 3433 2489 γρα-

1834 2504 2009 2574 φείσης
2041 2503 2165 2578 παρ’
2198 2505 2353 2558 αὐτοῦ
2400 2504 2530 2578 πρὸς
2591 2502 2927 2571 Ἀντινοῒτας,
2963 2510 3082 2581 περὶ
3125 2516 3217 2567 τῆς
3262 2507 3437 2568 ἐκκλη-

1834 2603 2106 2656 σιαστικῆς
2328 2600 2524 2671 εἰρήνης
2541 2639 2554 2663 ,
2590 2594 2679 2670 ἔφη
2698 2613 2710 2627 ·
2752 2614 2771 2648 ι
2803 2598 3107 2662 Ἀσπάζεται
3137 2601 3274 2672 ύμᾶς
3302 2602 3437 2676 Νάρ-

1837 2708 2020 2748 κισσος
2050 2685 2103 2748 ὃς
2134 2689 2234 2763 πρό
2270 2690 2392 2760 ἐμοῦ
2426 2685 2602 2759 εἴχετο
2629 2697 2720 2749 τῆς
2751 2691 2970 2745 ἐνταῦθα
3010 2693 3320 2757 ἐπισκοπῆς,
3357 2696 3441 2748 καὶ

1834 2788 1924 2836 νῦν
1954 2784 2036 2837 τόν
2057 2783 2206 2837 αὐτόν
2229 2784 2407 2836 ἰθύνων
2428 2782 2538 2853 μετ’
2569 2785 2695 2855 ἐμοῦ
2725 2784 3011 2856 εὐχόμενος
3041 2787 3244 2855 ἐπέχει,
3270 2788 3438 2841 ἐνιαυ-
3486 2808 3489 2809 ν

1836 2876 1920 2928 τὸν
1975 2871 2112 2946 ἄγων
2161 2873 2800 2941 ἑκατοστοεξκαιδέκατον,
2854 2874 3089 2948 δεόμενος
3136 2878 3278 2948 ὑμῶν
3328 2877 3437 2950 ἅμα

1836 2967 1967 3037 ἐμοὶ,
1984 2966 2068 3019 ἵνα
2080 2968 2137 3021 τό
2148 2966 2270 3020 αὐτὸ
2281 2969 2363 3020 καὶ
2374 2964 2424 3020 ἓν
2438 2970 2739 3042 φρονήσητε.
2756 2984 2774 3017 ι
2793 2964 3028 3040 Ἔγραψε
3042 2971 3125 3021 καὶ
3138 2964 3286 3026 ἄλλην
3305 2971 3437 3041 πρὸς

1836 3055 2125 3129 Ἀντιοχεῖς
2155 3056 2241 3111 διὰ
2281 3056 2571 3127 Κλήμεντος
2616 3060 2974 3134 πρεσϐυτέρου
3031 3058 3436 3137 ’Δλεξανδρείας,

1839 3153 1957 3225 περὶ
1971 3146 2028 3203 ού
2060 3158 2305 3220 προεῖπον
2320 3166 2331 3179 ⁸
2355 3150 2411 3203 οὐ
2431 3154 2529 3221 μὴν
2550 3149 2675 3204 ἀλλά
2690 3152 2915 3226 καὶπρὸς
2932 3149 3187 3225 Ὠριγένην
3206 3154 3290 3206 καὶ
3307 3153 3438 3230 ύπὶρ

1840 3242 2127 3317 Ὠριγὲνους
2157 3244 2287 3297 κατά
2318 3245 2605 3317 Δημητρίου
2625 3284 2639 3308 ,
2689 3246 2771 3295 καὶ
2805 3240 2883 3297 ὅτι
2913 3242 3444 3320 προσμαρτυρούντος

1844 3339 2130 3411 Δημητρίου
2152 3337 2508 3413 πρεσϐύτερον
2537 3336 2686 3391 αὐτὸν
2708 3335 3086 3413 ἐχειροτόνησε.
3108 3342 3199 3393 Καὶ
3224 3336 3369 3395 ἄλλαι
3391 3337 3444 3395 δέ

1843 3430 1997 3483 αὐτοῦ
2038 3431 2168 3505 πρὸς
2186 3427 2456 3504 διαφόρους
2482 3432 2716 3503 φέρονται
2747 3430 3028 3486 ἐπιστολαί.
3052 3438 3133 3501 Τῷ
3162 3429 3215 3486 δὲ
3244 3430 3445 3505 ἑϐδόμῳ

1846 3519 2053 3595 διωγμῷ
2073 3521 2157 3575 ἐπὶ
2174 3524 2346 3575 Δεκίου
2374 3523 2513 3578 ἡνίκα
2527 3523 2613 3574 καὶ
2627 3520 2858 3582 Βαϐύλας
2877 3523 2924 3574 ἐν
2953 3521 3242 3597 ’Δντιοχείᾳ
3262 3520 3445 3577 ἔπαθεν

1814 3606 2030 3685 «ἀχθεὶς
2089 3610 2425 3689 Καισάρειαν,
2469 3615 2552 3665 καὶ
2596 3614 2668 3672 εἰς
2697 3613 2914 3685 φυλακὴν
2961 3614 3293 3684 ἐγκλεισθεὶς,
3356 3610 3441 3671 διὰ

1846 3714 1936 3768 τὴν
1979 3714 2071 3763 τοῦ
2090 3713 2310 3782 Χριστοῦ
2344 3706 2700 3780 ἐξομολόγησιν
2727 3708 3107 3781 ἐμαρτύρησεν.

1528 3803 1786 3867 CAPUT
1830 3801 2059 3865 LXIII.

211 3908 382 3969 Julius
412 3914 726 3983 Africanus,
764 3912 778 3950 ί
815 3912 970 3983 cujus
1000 3914 1239 3984 quinque
1266 3910 1336 3967 de
1385 3908 1747 3979 Temporibus

152 4013 354 4060 exstant
383 4007 683 4072 volumina,
716 4006 816 4062 sub
861 4006 1198 4076 lmperatore
1228 4006 1241 4054 ἱ
1283 4004 1351 4058 Μ.
1384 4003 1607 4059 Aurelio
1630 4000 1744 4057 An-

218 4149 242 4175 ⁸
270 4140 496 4198 (ἓνωωςι
525 4144 819 4212 interpres,
850 4152 905 4195 et
926 4142 1176 4209 quaedam
1219 4140 1428 4195 Latina:
1471 4140 1742 4212 editiones

153 4205 260 4293 btet:
285 4215 448 4270 verba
479 4218 537 4268 in
568 4205 727 4288 hujus
752 4205 1152 4278 mutilationem,
1184 4227 1307 4267 cum
1357 4211 1739 4282 superioribus

154 4292 339 4359 vrt‘iose
375 4294 635 4359 jungunt.

220 4350 247 4390 δ
298 4350 510 4414 [ΙΙ-Βοιιῖ
560 4358 790 4413 reticent
842 4355 1110 4409 Eusebius
1174 4353 1746 4423 Ilieronymusquczc

157 4424 335 4487 Quinto
382 4438 571 4485 autem
632 4430 771 4483 libro
828 4426 974 4481 Juris
1031 4422 1524 4491 Chron-Romani,
1556 4424 1645 4477 ubi
1678 4422 1748 4477 de

157 4499 603 4573 translationibus
650 4497 1059 4569 episcOporum,
1094 4495 1315 4551 Flavias
1344 4497 1509 4549 luisse
1540 4494 1749 4549 intelli-

156 4576 309 4631 gitur.

227 4647 247 4674 ε
275 4643 455 4699 Annos
477 4652 643 4702 natus
672 4640 912 4697 sedecim
943 4654 1106 4710 supra
1154 4647 1400 4705 centum,
1426 4646 1484 4693 ut
1506 4650 1632 4691 mox
1665 4636 1746 4691 di—

159 4715 320 4777 cetnr.
355 4714 475 4772 Vid.
509 4712 715 4769 Euseb.
747 4728 821 4777 vr,
854 4714 940 4768 11.
1284 4754 1289 4759 -

223 4775 251 4815 ‘1
292 4781 561 4844 Veronen.
616 4786 709 4839 lib.
744 4775 944 4839 cunctis
976 4783 1275 4838 Patwstinw
1299 4779 1581 4851 episcapis.
1620 4778 1741 4833 Mox

1928 3903 2129 3966 Ἰούλιος
2157 3903 2458 3980 Ἀφρικανός
2477 3946 2491 3971 ,
2527 3901 2587 3958 οὗ
2619 3904 2768 3959 πέντε
2809 3907 2930 3979 περὶ
2968 3906 3171 3983 Χρόνων
3198 3907 3451 3980 τυγχάνει

1848 4001 2008 4075 λόγοι,
2034 4002 2121 4055 ἐπὶ
2142 4000 2347 4077 Μάρκου
2375 3998 2626 4074 Αύρηλίου
2648 3997 2944 4054 Ἀντωνίνου
2973 4007 3065 4055 τοῦ
3095 3996 3450 4071 διαδεξαμένου

1847 4136 2179 4192 Antiocheam
2207 4133 2454 4189 Ecclesia:
2485 4134 2838 4205 presbyterum
2870 4144 3022 4202 putat
3070 4136 3165 4189 lib.
3222 4153 3273 4192 ιι
3309 4137 3445 4194 llist.

1845 4226 1895 4265 c.
1926 4209 1981 4263 8.
2017 4209 2057 4261 Ε
2084 4206 2453 4280 tribusmporro
2502 4205 2930 4280 hiscejepistulis
2957 4217 3083 4280 sunt
3133 4208 3248 4280 loca
3303 4226 3451 4280 quar-

1847 4282 1970 4336 dam
2029 4292 2198 4346 penes
2248 4276 2573 4343 Eusebium;
2623 4278 2758 4332 alias
2805 4291 2905 4331 nec
2960 4278 3029 4332 de
3079 4276 3450 4337 nomine'nu-

1849 4366 2049 4407 νιιιιιις.

1924 4420 1948 4459 1³
1979 4419 2213 4475 Gravius
2260 4419 2491 4474 rescribi
2527 4419 2731 4473 mavult
2758 4428 2938 4474 contra
2972 4420 3317 4478 testimonium
3345 4425 3451 4479 Dc-

1854 4493 2043 4549 metrii.
2074 4492 2241 4566 Immo
2270 4491 2947 4566 verojnataretinendum
2997 4503 3112 4557 est;
3148 4510 3270 4549 nam
3298 4498 3442 4566 quod

1849 4567 1945 4620 sub
2000 4562 2997 4639 ecclesiasticnteepistolwtestimonio,
3026 4575 3273 4639 utatipra
3317 4562 3443 4639 'cap.

1849 4638 1921 4693 54
1975 4634 2232 4701 traditur,
2294 4633 2586 4701 Origenem
2643 4631 3217 4705 Alexandcrbenigne
3287 4631 3449 4697 exce-

1849 4708 1990 4777 perit
2016 4747 2059 4784 ,n
2088 4719 2152 4759 ac
2217 4706 2598 4784 presbyterum
2640 4701 3039 4784 oordinaverit“,
3105 4701 3292 4784 contra
3368 4714 3448 4784 ip-

1848 4774 2397 4853 simt_Detnetriutti'
2438 4793 2507 4831 ex
2571 4774 2685 4829 suis
2751 4774 2924 4843 ipsius
2989 4777 3186 4834 litteris
3249 4774 3445 4853 urgci-e

163 4846 263 4927 (Illo
284 4870 411 4912 mss.
435 4866 697 4912 annuente
727 4872 823 4927 pro
853 4858 1131 4911 adnitente.
1164 4846 1527 4927 Pritnumhoc
1572 4850 1741 4927 habe—
1767 4865 1821 4927 ι)
1844 4848 2051 4927 debuit.

165 4924 243 4973 tur
265 4932 579 4997 exemplum
630 4923 740 4980 dati
768 4926 970 4983 viventi
1004 4930 1272 4996 Episcopo
1294 4923 1646 4997 coadjutoris,
1678 4937 1743 4997 ac

166 4993 506 5072 εἶξεθθεκυιξίε,
564 5000 796 5072 primum
837 4993 1060 5072 quoque
1104 4993 1357 5072 translati
1390 5012 1453 5072 ex
1514 5010 1617 5072 una
1676 4993 1743 5072 ad

168 5060 315 5139 illam
343 5060 527 5127 sedem
552 5060 814 5139 episcnpi.
850 5060 1043 5126 I’ustea
1077 5067 1291 5124 tametsi
1330 5068 1553 5139 vetitum
1584 5065 1749 5121 fuerit

169 5126 376 5210 gattone
576 5126 948 5207 Antiochenu,
1020 5143 1186 5195 immo
1254 5149 1310 5194 et
1361 5140 1427 5193 77
1512 5137 1747 5205 Aposto-

358 5219 416 5324 ιιι
452 5197 701 5279 audiunt,
748 5197 1058 5283 huiusmodi
1107 5211 1363 5281 exempla
1404 5197 1607 5281 passim
1655 5224 1749 5264 oc-

262 5292 355 5324 Ι⁵ιιιι
391 5323 396 5324 ,

236 5290 402 5337 rrunt.

182 5408 192 5427 ι
241 5353 262 5381 ⁸
297 5349 446 5429 Apud
478 5357 683 5429 Euseb.
714 5371 787 5419 Vl,
821 5356 880 5429 Η
912 5375 922 5408 :
951 5357 1265 5420 ’Λσπάζεται
1304 5354 1443 5425 ὑμᾶς
1463 5354 1753 5429 Νάρκισσος

174 5421 198 5503 ἦ
224 5421 330 5503 τξρό-
346 5426 469 5495 ἐμοῦ
498 5427 683 5503 διέπων
717 5429 803 5503 τὸν
827 5427 979 5482 τόπον
991 5436 1095 5503 Ατῆς
1120 5421 1404 5485 ἐπισκοπῆς
1428 5427 1515 5503 τόν
1537 5421 1750 5503 Euboicis,

178 5492 835 5573 βαξ-νῖίνσυνεξεταζόμενός
873 5521 957 5570 μοι
985 5498 1069 5554 διὰ
1105 5504 1203 5573 τῶν
1231 5500 1399 5565 εὐχῶν
1417 5536 1431 5557 ,
1470 5496 1645 5573 ἑκατὸν
1673 5492 1754 5547 δε·

179 5560 287 5644 ἴξιὶξ
312 5560 396 5624 ἔτη
424 5560 972 5644 ἠνυκὼςξπαρακαλῶν
1011 5572 1147 5643 ὑμᾶς
1177 5560 1360 5640 ὁμοίῶς
1390 5569 1499 5637 ἐμοὶ
1535 5566 1751 5641 δμ⁰ΨΡ⁰“

178 5642 339 5685 νησαι.

252 5696 267 5734 ί
300 5704 508 5767 Annum
532 5712 849 5781 superaddit
868 5713 927 5767 S.
950 5712 1142 5767 Crucis
1169 5724 1270 5764 ms.
1326 5709 1379 5763 in
1409 5724 1519 5779 quo
1550 5717 1756 5763 centum

182 5763 407 5859 ἀεξεοειυει
422 5763 621 5859 ⁸περιεηῆ
650 5763 1018 5859 numerantur;

249 5846 557 5924 .‘t‘ituirtim
606 5870 723 5923 cap.
771 5855 862 5919 38,
905 5855 1045 5909 unde
1078 5855 1248 5924 liquet
1304 5852 1414 5908 falli
1468 5850 1745 5924 Ruﬁnum,

186 5918 267 5975 qui
294 5929 397 5975 non
417 5918 855 5983 Alexandrinum
882 5918 1237 5995 Clementem,
1267 5926 1360 5981 sed
1405 5925 1567 5980 alium
1597 5923 1749 5979 innui

1926 4921 1941 4958 ι
1980 4920 2131 4974 Hunc
2165 4916 2312 4971 Elied
2349 4916 2478 4995 Iesu
2505 4915 2755 4995 Catalogi
2783 4931 2907 4995 cap.
2948 4920 3002 4995 β,
3037 4920 3309 4995 Emimus
3336 4928 3447 4995 epi-

1847 5008 2060 5061 scOpum
2088 4996 2265 5061 vocat,
2293 4989 2448 5061 cujus
2496 4986 2903 5061 Commentarios
2943 4990 2999 5043 in
3041 4990 3246 5046 Novum
3271 4986 3447 5049 'l‘es'ta—

1851 5057 2099 5124 mentum,
2124 5069 2181 5114 et
2200 5057 2489 5113 Lhronicon
2514 5059 2715 5113 laudat.
2743 5062 2806 5115 Et
2836 5062 2940 5117 hoc
2964 5062 3183 5131 quidem
3213 5065 3443 5122 alterum

1848 5134 2107 5191 eximium
2154 5146 2312 5198 opus.
2339 5146 2447 5201 quo
2477 5145 2566 5186 res
2592 5132 2662 5186 ab
2709 5133 2844 5187 urbe
2869 5133 3092 5187 condito
3138 5138 3203 5187 ad
3235 5150 3439 5193 annum

1850 5206 2052 5279 Christi
2081 5203 2181 5279 22H
2217 5204 2453 5279 quinque
2485 5204 2639 5279 hbris
2671 5202 2922 5279 digessit,
2969 5204 3294 5275 jamdudum
3352 5226 3447 5279 pe-

1853 5277 1973 5341 riit;
1997 5278 2090 5331 sed
2116 5291 2180 5328 ex
2205 5289 2271 5327 eo
2296 5273 2459 5328 multa
2480 5273 2890 5345 Chronographi
2916 5273 3201 5345 sequiores
3220 5273 3451 5336 tnutuati

1853 5358 2017 5412 sunt;
2041 5357 2204 5417 atque
2235 5346 2501 5417 Eusebius
2527 5347 2581 5400 in
2615 5344 2823 5414 primis,
2849 5348 2937 5416 qui
2972 5344 3170 5403 nedum
3205 5350 3257 5403 in
3281 5350 3473 5407 Cill'O“

1856 5420 1998 5483 nico,
2026 5416 2187 5472 etiam
2210 5417 2260 5470 in
2286 5416 2588 5487 Praeparat.
2616 5417 2878 5483 Etangel.
2907 5420 3001 5471 lib.
3028 5436 3107 5487 ιιι,
3140 5420 3229 5484 10,
3252 5434 3303 5475 et
3332 5438 3446 5487 vm,

1859 5494 1912 5557 I,
1938 5491 2045 5545 duo
2068 5489 2229 5543 aliert
2257 5488 2630 5565 insignia‘lnca
2666 5503 2732 5543 ex
2760 5487 2855 5542 lib.
2884 5504 2940 5541 ιιι
2972 5502 3048 5565 ct_
3076 5507 3123 5543 ν.
3147 5492 3445 5565 _lltcrnuy-

1859 5578 1981 5616 mus
2036 5574 2361 5631 quoquerex
2420 5560 2597 5628 quinto
2632 5567 2918 5631 temporum
2968 5560 3224 5615 volumine
3265 5560 3444 5619 locum

1858 5634 2016 5689 affert
2044 5630 2094 5687 in
2116 5647 2239 5700 cap.
2266 5630 2511 5704 Danielis
2550 5630 2836 5704 tx._‘Multa
2887 5631 3119 5704 denique
3145 5633 3449 5704 Dionysius

1860 5705 2169 5777 patriarcha
2200 5703 2559 5777 exscripsisse
2614 5701 2978 5769 dicitur,quae
3031 5703 3083 5757 in
3140 5701 3449 5764 Eusebiano

1858 5774 2131 5834 Chronico
2158 5792 2263 5831 non
2301 5774 2590 5829 habentur.

1931 5849 1944 5899 i
1982 5850 2200 5905 Scilicet
2257 5845 2625 5916 Heliogabalo,
2679 5844 2769 5915 qui
2815 5844 2884 5900 ab
2928 5859 3075 5901 anno
3113 5845 3219 5904 218
3249 5850 3315 5907 ad
3346 5851 3454 5910 222

1856 5921 2141 5991 imperium
2168 5920 2359 5975 tenuit.
