4022 6452
459 285 570 342 698
1724 280 1779 338 S.
1826 277 2101 336 EUSEBII
2140 276 2522 335 HIERONYMI
3690 274 3806 331 896

446 398 684 464 librum,
729 406 783 453 et
824 398 1078 454 nonnulla
1120 397 1225 451 alia
1250 438 1265 463 ,
1318 405 1371 450 et
1410 396 1510 451 sub
1537 404 1562 433 λ
1590 409 1716 466 rege
1742 394 2060 450 Constantio
2089 455 2098 469 Δ

2209 399 2251 451 iii
2278 398 2362 450 οὐκ
2391 397 2533 470 ὀλίγα
2559 393 2700 463 ἄλλα,
2737 399 2819 451 καί
2848 395 3212 467 βασιλεύοντος
3242 393 3650 456 Κωνσταντίου,
3686 400 3805 446 Μα-

455 492 855 549 Macedoniana:
880 492 1072 563 partis,
1104 506 1227 547 cum
1254 489 1536 546 Eustathio
1563 489 1885 556 Sebasteno,
1909 489 2057 559 prin-

453 599 581 655 ceps
615 584 731 639 luit.

2164 488 2450 551 κεὸονιακῆς
2472 491 2742 566 θρησκείας
2773 488 2882 561 ἄμα
2903 490 3168 559 Εὐσταθίῳ
3196 488 3501 559 Σεϐαστηνῷ
3529 485 3729 563 ἦρξεν.

1886 676 2144 740 CAPUT
2187 676 2321 738 XC.

520 781 866 846 Theodorus,
900 779 1164 836 Heraclia:
1196 779 1555 835 Thraciarum
1584 780 1904 851 episcopus,
1950 780 2065 834 ele-

2246 778 2524 855 Θεόδωρος,
2549 776 2835 853 Ἡρακλείας
2861 782 2953 835 τῆς
2974 780 3184 849 Θρᾳκῶν
3214 775 3526 837 ἐπίσκοπος,
3562 775 3812 847 εὐφυοῦς

453 875 634 945 gantis
661 875 942 945 apertique
965 874 1251 937 sermonis,
1278 883 1335 927 et
1361 874 1532 943 magis
1564 873 1837 928 historicre
1866 873 2065 927 intelli-

2209 875 2257 926 αὶ
2285 874 2501 947 ἀρίστου
2535 870 2686 941 λόγου
2723 869 2806 923 καί
2841 868 3103 943 ἱστορικῆς
3124 864 3359 928 διανοίας
3380 908 3395 931 ,
3426 865 3688 932 ἐξέδωκεν
3721 868 3815 920 ἐπὶ

455 971 651 1041 gentiie
676 1011 690 1032 ,
723 968 894 1023 edidit
919 968 1021 1022 sub
1049 966 1075 1005 δ
1106 966 1427 1022 Constantio
1458 967 1699 1036 principe
1726 973 2063 1020 commenta-

458 1064 569 1116 rios
600 1062 650 1116 in
678 1062 993 1115 Mattlimuin
1013 1101 1027 1125 ,
1057 1059 1187 1115 etin
1217 1058 1482 1115 Joannem
1504 1101 1517 1125 ,
1548 1068 1603 1114 et
1634 1061 1685 1113 in
1714 1059 2058 1129 Apostolum,

457 1166 511 1211 et
541 1155 593 1209 in
630 1165 650 1192 ο
676 1154 1029 1208 Psalterium.
1534 1150 1539 1157 ’

2174 964 2532 1020 Κωνσταντίου
2590 962 2843 1037 βασιλέως
2900 962 3247 1031 ὑπομνήματα
3290 961 3363 1020 εἰς
3406 961 3680 1015 Ματθαῖον
3723 962 3815 1014 καί

2172 1057 2420 1125 Ἰωάννην,
2452 1060 2536 1112 καὶ
2562 1058 2634 1117 εἰς
2662 1056 2748 1111 τὸν
2778 1053 3113 1117 Ἀπόστο).ον,
3146 1056 3234 1107 καὶ
3263 1056 3336 1113 εἰς
3376 1054 3435 1109 τό
3469 1054 3807 1127 Ψαλτήριον.

1883 1247 2142 1309 CAPUT
2192 1244 2351 1308 XCI.

534 1348 822 1415 Eusebius,
856 1348 1155 1403 Emesenus
1180 1348 1205 1384 ἀ
1231 1349 1539 1419 episcopus,
1567 1348 1826 1420 elegantis
1855 1357 1909 1403 et
1940 1348 2063 1402 rhe—

2244 1346 2507 1411 Εὐσέϐιος,
2534 1344 2829 1418 Ἐμεσηνὸς,
2862 1346 3059 1418 εὐφυῶς
3100 1345 3182 1397 καί
3224 1341 3529 1417 ῥητορικῶς,
3578 1340 3819 1418 ἀναριθ-

460 1444 615 1498 torici
652 1443 873 1513 ingenii,
901 1443 1324 1498 innumerabiles
1348 1484 1363 1508 ,
1399 1454 1453 1498 et
1478 1445 1567 1514 qui
1598 1444 1664 1498 ad
1703 1445 1947 1514 plausum
1972 1457 2067 1514 po-

462 1538 572 1608 puli
604 1538 901 1607 pertineut,
949 1535 1186 1592 confecit
1216 1538 1381 1591 libros
1405 1580 1419 1604 ,
1465 1538 1743 1608 magisque
1788 1538 2067 1592 historiam

466 1642 720 1697 secutus,
751 1631 818 1685 ab
851 1630 933 1683 his
959 1630 1047 1699 qui
1086 1630 1393 1685 declamare
1424 1631 1641 1697 volunt,
1674 1629 2073 1685 studiosissime

467 1727 687 1795 legitur.
721 1741 751 1779 e
778 1727 975 1794 quibus
1015 1724 1102 1779 vel
1146 1725 1400 1795 praecipui
1444 1734 1568 1780 sunt
1612 1725 1897 1779 adversum
1934 1733 1955 1760 ε
1982 1722 2071 1777 Ju-

2209 1722 2253 1777 ἓν
2297 1724 2421 1778 εἰσιν
2468 1723 2714 1797 ἐξαίρετοι
2758 1716 2899 1793 λόγοι
2940 1716 3081 1781 δέκα,
3111 1719 3243 1772 κατά
3284 1724 3383 1772 τῶν
3411 1715 3671 1772 Ἰουδαίων
3717 1718 3819 1770 καὶ

2226 1820 2265 1825 Α-
2320 1823 2327 1825 ᾼ
2482 1818 2491 1825 ι
2605 1814 2629 1825 Λ
2791 1819 2811 1825 μ
2974 1814 2981 1825 I
3089 1811 3099 1825 9
3156 1819 3191 1825 .-.
3229 1809 3247 1825 κ
3274 1810 3283 1825 Ι
3429 1805 3450 1825 τ
3546 1810 3556 1825 I
3610 1813 3651 1825 π
3672 1806 3684 1822 Ι

466 1817 618 1873 ἁλιέως
643 1860 655 1882 ,
689 1829 743 1872 et
770 1818 991 1883 Gentes,
1024 1828 1077 1872 et
1104 1817 1457 1884 Novatiaiios,
1487 1828 1541 1875 et
1566 1817 1631 1873 :id
1657 1817 1873 1874 Galatas
1908 1816 1924 1854 ί
1951 1818 2075 1873 libri

2209 1820 2386 1874 Εθνῶν.
2411 1818 2495 1869 καί
2512 1814 2866 1868 Νωϐατιανῶν.
2902 1811 3137 1883 καὶπρὸς
3156 1809 3386 1869 Γαλάτας
3404 1805 3491 1869 εἷς,
3514 1810 3583 1867 εἰς
3610 1806 3817 1876 E1317-

467 1911 682 1978 decein,
707 1919 762 1966 ct
782 1910 835 1964 in
868 1911 1156 1981 Evangelia
1185 1912 1421 1967 homilim
1448 1913 1661 1981 breves,
1687 1912 1781 1969 sed
1805 1912 2072 1984 plurimm.

2209 1911 2326 1965 μέλια
2374 1907 2561 1977 ὁμιλίαι
2604 1905 2943 1982 βραχύταται
2970 1906 3060 1973 μέν
3078 1943 3092 1966 ,
3122 1901 3304 1956 πολλαὶ
3333 1899 3402 1955 δέ.
3428 1896 3670 1957 1’ἱινθηοέν
3706 1896 3814 1951 ἐπὶ

471 2006 680 2061 Floruit
710 2006 1043 2076 temporibus
1066 2005 1369 2061 Constantii
1408 2006 1757 2077 Imperatoris
1778 2048 1793 2074 ,
1834 2006 1935 2061 sub
1968 2020 2077 2076 quo

2209 2004 2549 2059 ἱωνσταντίου
2594 2000 2869 2072 βασιλέως,
2921 1999 3005 2052 καί
3040 1996 3352 2056 τελευτήσας
3406 1994 3455 2048 ἐν
3496 1992 3819 2064 Ἀντιοχείᾳ

470 2109 815 2166 οιπιοτιυιις,
842 2099 1143 2155 Antiochiae
1175 2101 1424 2171 sepultus
1451 2109 1554 2155 est.

2174 1446 2366 1513 μήτους
2393 1443 2477 1494 καὶ
2516 1443 2586 1499 εἷς
2629 1439 2807 1511 κρότον
2832 1444 2925 1493 τοῦ
2953 1437 3078 1491 λαοῦ
3119 1437 3482 1496 συντείνοντας
3515 1434 3819 1493 ἐποιήσατο

2174 1535 2380 1608 λόγους,
2418 1536 2502 1587 καὶ
2527 1532 2711 1604 μᾶλλον
2736 1531 3018 1585 ἀκολουθῶν
3047 1530 3251 1606 ἱστορίᾳ
3272 1568 3287 1594 ,
3316 1524 3466 1589 ὅστις
3506 1524 3818 1582 σπουδαιό-

2180 1651 2325 1705 τερον
2367 1631 2769 1700 ἀναγινώσκεται
2799 1629 2943 1703 παρά
2986 1632 3086 1679 τῶν
3126 1624 3323 1700 κρότοις
3370 1624 3683 1699 χαιρόντων,
3723 1620 3819 1693 ἀφ’

2187 2100 2371 2170 ἐτάφη.

547 2296 902 2367 Tripliyllius,
947 2295 1112 2367 Cypri
1153 2294 1464 2360 Ledrensis,
1515 2294 1629 2351 sive
1656 2304 1679 2340 ε
1724 2294 2077 2349 Leucothean

2256 2290 2575 2365 Τριφύλλιος.
2592 2290 2797 2364 κύπρου
2815 2285 3034 2364 Λήδρου,
3051 2287 3164 2346 ἤτοι
3184 2292 3477 2345 Λευτεῶνος
3502 2282 3814 2349 ἐπίσκοπος,

478 2389 784 2460 episcopus,
828 2389 1307 2459 eloquentissimus
1346 2403 1459 2443 sua:
1500 2388 1679 2443 aetatis
1701 2430 1716 2453 ,
1742 2396 1797 2443 et
1827 2388 1927 2441 sub
1956 2401 2083 2457 rege

2209 2385 2447 2463 εὐφραδὴς
2476 2388 2561 2439 καὶ
2587 2386 2673 2438 ἐπὶ
2701 2381 3059 2438 Κωνσταντίου
3100 2382 3369 2451 ἐπίσημος.
3403 2378 3654 2451 Ἀνέγνων
3682 2373 3814 2430 τοῦ-

479 2479 795 2536 Consmntio
823 2481 1211 2537 celeberrimus
1252 2480 1370 2534 fuit.
1421 2480 1548 2551 Legi
1580 2480 1701 2551 ejus
1741 2481 1791 2534 in
1816 2478 1844 2515 ιι
1866 2478 2086 2534 Cantica

2209 2501 2285 2535 του
2316 2482 2387 2539 εἰς
2406 2476 2649 2549 ’ᾋσματα
2671 2477 2919 2552 ᾀσμάτων
2948 2476 3315 2545 ὑπομνήματα,
3345 2470 3512 2539 ὅστις,
3541 2470 3709 2526 πολλὰ
3734 2468 3823 2521 λέο

481 2578 811 2631 canticorum
836 2577 1279 2632 commentarios.
1309 2575 1375 2630 Et
1398 2576 1564 2629 multa
1590 2576 1695 2629 alia
1717 2576 2088 2643 composuisse

2209 2597 2345 2648 νεται
2374 2572 2815 2649 συγγεγραφέναι,
2855 2568 3003 2626 ἅτινα
3030 2570 3100 2629 εἰς
3126 2568 3218 2627 τὰς
3245 2568 3502 2642 ἡμετέρας
3533 2571 3729 2641 χεῖρας
3757 2561 3819 2615 οὐ

480 2668 651 2725 fertur
680 2686 801 2740 quae
834 2670 888 2725 in
922 2678 1137 2726 nostras
1164 2685 1350 2724 manus
1382 2668 1604 2724 minime
1632 2676 2019 2739 pervenerunt.
2202 2665 2487 2741 περιῆλθεν.

1869 2763 2126 2827 CAPUT
2172 2760 2401 2823 XCIII.

555 2868 722 2937 929
758 2867 1020 2934 Donatus,
1050 2883 1080 2922 a
1102 2882 1208 2938 quo
1247 2868 1534 2923 Donatiani
1567 2883 1663 2937 per
1694 2867 1935 2923 Africam
1983 2869 2085 2922 sub

2454 2866 2699 2923 Δωνᾶτος.
2730 2861 2813 2934 ἀφ’
2841 2859 2898 2916 οὗ
2924 2859 2971 2914 oi
3000 2860 3320 2915 Δωνατισταί
3357 2855 3409 2910 ἓν
3450 2864 3513 2929 τῇ
3556 2854 3773 2929 ’Λφρικῇ
3806 2892 3821 2918 ,

487 2959 811 3013 Constantio
846 2959 861 2996 ί
900 2960 1370 3032 Constantinoque
1423 2962 1760 3033 principibus
1793 2961 2091 3031 pullulare-

2209 2962 2286 3015 Ξπί
2316 2961 2671 3013 Κωνσταντὸου
2696 2963 2789 3013 τοῦ
2832 2956 3104 3028 βασιλέως,
3135 2955 3338 3027 φάσκων
3368 2952 3516 3026 παρὰ
3556 2949 3824 3025 ἡμετέρων

490 3059 637 3115 runt,
670 3065 942 3117 asserens,
967 3071 993 3105 a
1028 3055 1230 3108 nostris
1272 3056 1580 3126 Scripturas
1611 3058 1664 3111 in
1717 3056 2093 3127 persecutione

2209 3056 2291 3115 τὰς
2317 3055 2450 3116 θείας
2476 3055 2683 3130 Γραφὰς
2718 3055 2767 3107 ἐν
2797 3060 2871 3125 τῷ
2917 3050 3124 3124 διωγμῷ
3170 3057 3277 3109 τοῖς
3314 3048 3557 3108 Ἐθνικοῖς
3585 3042 3823 3121 παραδε-

491 3143 741 3199 Ethiiicis
793 3143 1056 3210 traditas,
1092 3154 1256 3198 totam
1304 3161 1443 3214 pene
1491 3147 1726 3202 Africam
1757 3159 1811 3203 et
1862 3148 2096 3203 maxime

491 3235 840 3298 Numidiam,
889 3252 985 3291 sua
1031 3238 1384 3302 persuasione
1415 3238 1643 3309 decepit.
1698 3240 1932 3294 Exstant
1979 3241 2097 3312 ejus

494 3329 665 3382 multa
719 3328 785 3381 ad
826 3343 978 3383 suam
1033 3328 1281 3383 hmresim
1328 3332 1653 3397 pertinentia
1702 3333 2002 3401 upiiseula,
2045 3342 2101 3389 et

490 3422 560 3476 de
591 3418 798 3490 Spiritu
820 3429 1007 3475 sancto
1034 3420 1197 3486 liber,
1225 3423 1428 3478 Ariano
1450 3422 1685 3494 dogmati
1722 3427 1735 3475 Ι
1767 3441 2091 3496 congruens.

490 3603 782 3661 intercidit.
817 3602 937 3658 Vid.
966 3602 1249 3658 Socratem
1276 3601 1371 3656 lib.
1403 3618 1474 3667 it,
1502 3617 1621 3674 cap.
1654 3602 1744 3665 30,
1781 3605 1881 3658 sub
1912 3605 2097 3669 tinem,

493 3678 581 3731 ubi
623 3677 1047 3741 disiiutationem
1081 3682 1369 3736 memorat,
1394 3690 1555 3743 quam
1583 3690 1705 3729 cum
1738 3675 1972 3729 Photino
2002 3676 2102 3729 Ba-

493 3748 649 3803 silius-
684 3748 893 3811 habuit,
922 3757 973 3799 et
1008 3746 1203 3800 notarii
1235 3757 1592 3812 exceperunt.

568 3829 594 3855 ι
625 3818 829 3873 Vitiose
874 3818 1123 3889 qumdam
1172 3817 1471 3881 editiones,
1521 3818 1614 3871 sub
1660 3817 1800 3890 Rege
1840 3816 2099 3873 Constan-

499 3890 628 3942 tino.

566 3959 594 3999 ἲν
632 3958 934 4016 Veroneus.
968 3975 1096 4019 ms..
1130 3960 1223 4014 sub
1252 3957 1626 4021 Constantino:
1652 3976 1956 4030 perperam-

572 4042 595 4070 α
623 4032 783 4087 Solus
807 4038 859 4087 in
881 4034 1122 4101 psalmos
1144 4033 1570 4087 commentarius
1600 4031 1813 4101 integer
1837 4033 2097 4087 habetur:

500 4102 830 4173 reliquorum
879 4120 1103 4171 operum
1161 4114 1419 4170 excerpta
1471 4103 1523 4157 in
1577 4108 1787 4157 catenis
1838 4106 2022 4158 variis.
2059 4106 2099 4159 Ε

497 4171 976 4249 Commentariolis
996 4176 1051 4249 in
1074 4176 1391 4249 Apostoluin
1424 4175 1637 4249 insigne
1659 4178 2099 4249 {lupanari-annos

502 4246 621 4311 ip~e
651 4246 868 4300 "ICI'OII.
902 4245 1088 4300 reciiat
1121 4245 1283 4313 epist.
1308 4262 1449 4300 nunc
1480 4246 1585 4300 119
1608 4246 1673 4299 ad
1695 4245 2013 4301 Minervium
2047 4256 2104 4301 et

502 4316 894 4371 Alexandrum.
934 4320 1039 4372 An.
1088 4318 1189 4372 5H
1228 4317 1542 4386 depositus,
1585 4317 1732 4371 circa
1781 4319 1889 4373 555
1939 4317 2101 4373 tinem

502 4388 718 4441 VtVendi
754 4388 945 4443 iecisse
975 4389 1243 4442 creditur.

2203 3144 2399 3207 δόσθαι.
2436 3151 2617 3200 πᾶσαν
2643 3149 2733 3203 τὴν
2761 3143 3015 3218 Ἀφρικὴν,
3050 3145 3136 3198 καί
3160 3142 3389 3213 μάλιστα
3424 3145 3516 3200 τὴν
3541 3136 3824 3209 Νουμιδίαν

2204 3247 2265 3313 τῇ
2295 3238 2465 3294 πειθοῖ
2492 3240 2779 3297 ἠπάτησεν.
2801 3239 2913 3290 Εἰσί
2934 3237 3118 3291 τούτου
3153 3233 3327 3297 πολλὰ,
3349 3241 3411 3303 τῇ
3434 3233 3587 3287 αὑτοῦ
3615 3232 3823 3304 αἱρέσει

2206 3333 2476 3395 ἀνήκοντα,
2529 3335 2617 3386 καὶ
2668 3335 2788 3407 περὶ
2842 3336 2935 3386 τοῦ
2984 3330 3128 3403 ἁγίου
3184 3329 3480 3400 Πνεύματος
3526 3326 3697 3398 λόγος,
3748 3328 3821 3390 τῷ

2208 3426 2475 3503 ’Δρειανῶν
2503 3424 2720 3500 δόγματι
2750 3424 3003 3499 ἁρμόζων.

2205 3604 2455 3658 Leucosia
2486 3603 2690 3659 Graecis
2720 3602 2941 3669 dicitur,
2985 3602 3205 3657 Nicosia
3234 3615 3365 3656 vero
3404 3596 3722 3667 Sophronio
3762 3602 3821 3652 et

2204 3677 2345 3731 aliis.
2374 3675 2456 3731 Ad
2485 3676 2749 3745 originem
2785 3678 2969 3745 itaque
3001 3674 3245 3729 Latinam
3282 3670 3596 3745 Hieronymi
3630 3683 3817 3745 [ever-

2209 3758 2409 3809 tentes,
2440 3739 2637 3801 falsu'm
2669 3739 2970 3811 stepi~siine
3014 3762 3076 3799 ac
3120 3739 3501 3813 depravatum
3527 3742 3578 3813 in
3625 3739 3817 3793 Graeco

2205 3820 2514 3889 Sophronio
2543 3828 2864 3873 contextum
2892 3812 3337 3889 einendaiiiusex
3365 3812 3651 3889 codicibus
3680 3823 3811 3889 mss.
3834 3868 3841 3875 _

2207 3881 2438 3960 quorum
2471 3890 2593 3945 iidei
2640 3900 2801 3959 atque
2841 3889 3151 3943 anetoritati
3180 3881 3813 3960 adlimrentes,_imperif

2210 3958 2385 4016 torum
2425 3961 2585 4029 hujus
2649 3958 2911 4026 temporis
2968 3960 3230 4025 judicium
3289 3958 3718 4029 contemnimus,
3760 3958 3813 4007 et

2206 4048 2396 4088 eorum
2444 4026 2745 4087 calumnias
2791 4047 2924 4086 aure
2966 4032 3129 4085 surda
3171 4031 3466 4084 transimus
3538 4026 3809 4081 Maurus.

2206 4104 2416 4159 -—Duu
2486 4118 2617 4157 ms~‘.
2674 4119 2821 4157 Cllnl'
2873 4103 3179 4172 Freculpho
3230 4098 3629 4171 iCypriledensis
3693 4108 3811 4172 _uno

2205 4178 2394 4230 verbo.
2434 4174 2538 4227 Pro
2586 4173 2916 4228 Leucothean
2950 4164 3212 4228 Erasmus
3253 4164 3334 4226 εἶ’
3368 4172 3637 4227 Victorius
3679 4164 3811 4218 Leu-

2206 4248 2371 4299 teonis
2414 4260 2479 4299 ex
2526 4244 2721 4300 Graeco
2764 4245 3069 4315 interprete
3099 4286 3113 4309 ,
3164 4259 3325 4314 quem
3371 4244 3614 4315 sequitur
3642 4236 3803 4290 etiam

2212 4317 2483 4388 llouorius
2508 4357 2524 4382 ,
2572 4325 2628 4371 et
2675 4314 2946 4372 Meursius
2979 4316 3013 4370 l.
3050 4332 3065 4370 ι
3096 4316 3165 4371 de
3213 4315 3417 4385 Cypro.
3457 4314 3584 4388 Erat
3628 4320 3806 4388 autem

2210 4378 2561 4451 LPuCOi'IteOit,
2616 4397 2673 4442 iit
2731 4390 3076 4441 Martianieus
3134 4378 3440 4445 annotavit.
3494 4378 3811 4451 Metropolis

575 4454 602 4493 ιι
634 4456 849 4530 Nomen
866 4460 1133 4529 episcopus
1172 4458 1340 4530 nostri
1374 4457 1594 4512 codices
1625 4474 1731 4530 non
1756 4458 1975 4525 habent,
2010 4474 2109 4514 nec
2142 4464 2188 4523 D
2214 4459 2375 4530 Cypri
2408 4449 2596 4513 insulie
2628 4460 2679 4512 iu
2713 4473 2808 4513 ora
2834 4459 3070 4524 Boreali,
3105 4473 3226 4528 qua:
3250 4468 3305 4513 et
3331 4457 3584 4512 Leucosia
3609 4449 3810 4507 Graecis

505 4527 617 4582 duo
641 4542 779 4595 quos
811 4527 1081 4581 Vtclnl‘itis
1112 4529 1368 4597 inspexit,
1400 4545 1501 4584 nec
1527 4528 1746 4584 tandem
1779 4530 2002 4584 Graecus
2038 4533 2109 4585 iii-

507 4609 723 4666 terpres
752 4600 922 4653 novit.
955 4598 1009 4653 In
1037 4597 1313 4655 Chronico
1357 4598 1422 4653 ad
1455 4614 1655 4652 annum
1684 4600 1751 4653 IO
1778 4601 2107 4667 Constantii,

510 4667 1060 4742 EusebiusEA'inisenus
1085 4673 1310 4742 Ariana:
1344 4672 1561 4742 signifer
1592 4671 1835 4742 [actionis
1874 4674 2037 4726 multa
2064 4684 2112 4727 et

508 4741 655 4812 varia
676 4740 875 4812 scribit.
913 4739 1035 4794 Vid.
1071 4739 1493 4796 Tillemontiuni
1520 4752 1559 4795 t.
1592 4739 1683 4803 VI,
1714 4753 1859 4812 part.
1890 4758 1949 4807 ιι,
1986 4759 2110 4811 pag.

506 4811 643 4876 124;
674 4810 957 4866 Socratem
1005 4812 1082 4879 II,
1126 4815 1189 4879 9;
1232 4814 1598 4869 Sozomcnum
1631 4810 1729 4881 ni,'
1754 4815 1822 4881 6,
1864 4826 1918 4870 ct
1954 4810 2109 4870 Nice-

510 4883 739 4953 phorum
775 4899 849 4937 IX.
884 4886 941 4940 5.

584 4965 606 4991 ⁸³
638 4956 747 5009 Hoc
780 4965 968 5009 contra
997 4954 1215 5010 Iudaeos
1250 4971 1388 5022 opus
1418 4971 1521 5010 ius.
1563 4967 1777 5011 exstare
1822 4956 1874 5009 iii
1910 4956 2114 5012 Vindo-

507 5026 730 5099 bonensi
765 5027 1098 5081 Bibliotheca
1132 5028 1329 5081 asserit
1361 5027 1684 5083 Lambecius
1718 5046 1730 5080 :
1764 5037 1961 5083 caetera
1994 5046 2112 5099 qua:

506 5098 595 5151 hic
626 5099 773 5151 llier.
807 5107 1095 5155 memorat.
1126 5100 1528 5152 desiderantur.

583 5166 603 5204 τ
636 5169 785 5239 Quos
812 5167 1001 5239 decem
1036 5168 1137 5239 lib.
1159 5167 1404 5239 Hirrum,
1435 5168 1659 5222 Graecus
1682 5171 1805 5235 ejus
1836 5171 2111 5239 interpres

509 5234 999 5315 unumg’i‘ctdicit.
1032 5238 1170 5315 Cod.
1199 5234 1730 5315 Giielplierliytaiitis,
1760 5253 1807 5295 et
1834 5244 1888 5297 in
1914 5234 2109 5315 episto-

429 5328 437 5333 ·
507 5310 610 5365 lam
634 5311 701 5363 ad
728 5306 943 5363 Galatas
967 5310 1262 5364 ὑποθέσεων
1289 5309 1406 5361 libri
1437 5306 1627 5365 decem.

582 5390 607 5426 ε
650 5380 977 5434 Leurotheon
1005 5381 1295 5449 episcopus.
1326 5379 1530 5435 Fucum
1565 5382 1667 5437 hoc
1699 5384 1751 5437 in
1780 5383 1900 5437 loco
1920 5429 1935 5451 ,
1970 5395 2026 5438 ut
2057 5388 2111 5441 in

509 5449 630 5505 aliis
660 5453 797 5508 bene
827 5454 1010 5505 multis
1040 5451 1167 5507 fecit
1202 5453 1423 5508 Erasuto
1451 5464 1505 5507 et
1538 5456 1775 5509 Mariano
1805 5449 1974 5508 falsus
2006 5456 2110 5511 So-

510 5521 773 5595 phrouius
827 5524 1098 5595 interpres
1145 5524 1389 5591 Griecus,
1440 5526 1530 5595 qui
1562 5528 1788 5580 verbum
1820 5535 2113 5588 Λευτεῶνος

516 5593 690 5660 pusuit
721 5610 817 5661 pro
868 5594 1196 5649 Leucatheon
1242 5593 1478 5665 genuino
1530 5597 1749 5651 nomine
1798 5609 2011 5650 retento
2059 5601 2111 5652 in

508 5666 719 5718 cunctis
739 5667 1142 5733 exemplaribus
1167 5682 1297 5720 mss.
1329 5671 1422 5720 tist
1441 5676 1617 5720 autem
1648 5666 1938 5721 Ledrensis
1959 5669 2109 5734 urbs,

510 5747 638 5809 qua;
656 5744 712 5787 et
740 5736 1049 5809 Leutheou,
1075 5739 1204 5791 urbs
1237 5739 1812 5809 arcliiepiscopalis‘et
1843 5737 2112 5809 Metropo-

506 5801 574 5853 lis
600 5801 763 5870 Cypri
792 5806 1008 5872 insulae,
1037 5807 1092 5862 in
1122 5821 1217 5861 ora
1247 5801 1456 5864 Boreali
1482 5848 1493 5871 ,
1544 5801 1664 5879 quae
1712 5801 2031 5866 Leucothon'
2056 5820 2108 5868 et

2222 4529 2441 4591 dieitur,
2476 4530 2601 4583 aliis
2631 4529 2862 4584 Nicosia.

2324 4600 2350 4637 ιι
2382 4601 2533 4655 Nulla
2567 4617 2710 4656 nunc
2754 4609 2971 4656 exstant
3008 4598 3301 4670 Triphyllii
3342 4600 3563 4670 scripta.
3612 4600 3692 4656 De
3725 4601 3810 4656 illo

2222 4670 2328 4726 vid.
2361 4672 2650 4726 Sozomcn.
2679 4673 2775 4727 lib.
2808 4689 2849 4733 ι.
2872 4687 2920 4727 c.
2958 4673 3043 4727 Η.

2298 4741 2311 4779 ί
2342 4743 2415 4797 ita
2446 4745 2631 4813 legunt
2661 4745 2878 4799 codices
2911 4743 3081 4797 nostri
3112 4757 3328 4809 omnes,
3352 4750 3407 4797 et
3432 4758 3572 4813 quos
3613 4746 3809 4813 passim

2218 4814 2308 4867 alii
2340 4816 2652 4884 inspexere.
2684 4815 3025 4869 Martiattwus
3049 4825 3170 4884 post
3200 4814 3527 4878 Victoriam,
3560 4819 3655 4870 sub
3684 4816 3811 4871 Cou-

2217 4893 2383 4939 stante
2408 4887 2869 4955 Constantinuque,
2902 4901 3182 4954 perperam
3202 4929 3217 4951 ,
3261 4896 3503 4940 utetiam
3551 4888 3672 4941 aliae
3702 4888 3811 4945 edi.

2218 4956 2430 5029 tiones,
2485 4972 2623 5029 quas
2663 4954 2767 5012 sub
2815 4957 3094 5010 Constante
3143 4967 3189 5010 et
3248 4954 3553 5011 Constantio
3606 4958 3810 5029 legunt.

2218 5026 2541 5081 Sitliismatis
2603 5028 3006 5082 Donatistarum
3064 5030 3331 5098 originem
3389 5044 3419 5083 a
3468 5026 3811 5086 Cun~tantini

2218 5114 2334 5153 aevo
2365 5100 2733 5167 repetendam,
2763 5099 2883 5169 quis
2905 5100 3120 5153 nescit?

2293 5172 2304 5219 i
2354 5170 2543 5222 Donati
2574 5173 2772 5237 scripta
2799 5172 2978 5224 omnia
3008 5171 3214 5237 jamdiu
3244 5169 3664 5229 interciderunt.
3715 5173 3815 5227 He-

2218 5241 2482 5294 colrndus
2514 5255 2673 5303 μοιΓο
2701 5252 2781 5292 est
2822 5240 3045 5310 insignis
3074 5240 3360 5306 Augustini
3416 5243 3568 5297 locus
3618 5244 3811 5299 haeresi

2218 5310 2310 5376 69,
2359 5327 2517 5381 quem
2579 5322 2632 5367 et
2684 5311 2967 5366 Fabricius
3006 5312 3308 5366 describit:
3348 5311 3569 5367 Ea'stant
3622 5316 3814 5381 scripta

2215 5384 2598 5455 ejus(Donati)
2652 5384 2741 5449 ubi
2782 5394 3031 5455 apparet,
3075 5400 3187 5436 eum
3218 5386 3369 5436 etiam
3425 5401 3528 5438 non
3585 5384 3815 5440 Catholi-

2218 5453 2333 5507 cam
2361 5453 2438 5507 'de
2490 5453 2745 5507 Trinitate
2783 5454 3025 5507 habuisse
3058 5458 3369 5508 sententiam
3401 5495 3414 5513 ,
3459 5456 3549 5509 sed
3582 5458 3813 5522 quamvis

2215 5527 2453 5597 ejusdem
2488 5526 2789 5597 substantia:
2812 5566 2826 5587 ,
2851 5528 3096 5597 minorem
3125 5535 3293 5579 tamen
3324 5525 3485 5579 Patre
3516 5526 3564 5579 Ρ
3566 5527 3740 5593 ilium,
3770 5536 3814 5581 et

2216 5594 2463 5650 ntinoreni
2495 5595 2634 5650 Filio
2682 5604 2891 5661 putasse
2949 5594 3205 5661 Spiritum
3246 5606 3503 5652 sanctum.
3548 5596 3740 5653 Verum
3762 5601 3810 5652 in

2217 5670 2356 5720 hunc
2375 5685 2521 5737 queui
2546 5669 2608 5721 de
2636 5665 2884 5721 Trinitate
2913 5666 3109 5734 habuit,
3137 5682 3387 5730 errarem,
3419 5665 3807 5725 Donatistarum

2216 5738 2513 5811 multitudo
2542 5740 2737 5792 intenta
2758 5755 2860 5811 non
2896 5740 3016 5810 fuit,
3047 5755 3139 5811 nec
3190 5738 3346 5811 facile
3364 5738 3418 5792 in
3440 5741 3514 5796 eis
3542 5742 3808 5811 quisquam

2216 5810 2306 5875 qui
2326 5808 2421 5863 hoc
2448 5804 2599 5863 illum
2639 5808 2857 5865 sensisse
2886 5804 3099 5875 noverit,
3130 5804 3410 5864 inuenitur.
