4054 6326
215 419 317 474 ⁸ἶῖ1

1332 407 1537 466 LIBER
1576 409 1665 465 DE
1710 408 1893 469 VIRIS
1931 410 2407 468 ILLUSTRIBUS.

3419 416 3530 471 79.2

213 531 361 585 cavit
386 527 743 599 Evangelium
775 526 986 582 Domini
1016 524 1189 581 nostri
1214 522 1341 581 Jesu
1370 522 1600 591 Christi,
1646 530 1703 579 et
1755 524 1809 579 in

1949 526 2035 591 υξε
2060 527 2120 581 τὸ
2144 526 2445 599 Εὐαγγέλιον
2469 533 2560 582 τοῦ
2584 525 2779 604 Κυρίου
2806 530 2945 600 ήμῶν
2966 530 3137 589 Ἰησοῦ
3167 538 3417 608 Χριστοῦ,
3442 534 3530 588 καί

215 621 565 693 Sebastopoli
613 618 945 690 praedicavit,
974 633 1096 690 quae
1136 619 1556 688 cognominatur
1596 630 1815 686 magna,

214 716 307 773 ubi
332 724 416 771 est
447 715 677 785 irruptio
723 713 937 781 Apsari,
967 719 1023 767 et
1041 709 1232 766 Phasis
1282 709 1497 774 ﬂuvius,
1532 708 1644 763 illic
1669 708 1820 763 inco-

215 811 339 867 lunt
362 809 655 879 Ethiopes
686 816 713 845 ει
744 807 1056 864 interiores.
1109 804 1367 877 Sepultus
1394 814 1478 861 est
1504 812 1685 859 autem
1715 804 1819 859 Pa-

218 903 322 959 tris
370 901 588 959 civitate
641 900 884 967 Achaite,
916 900 1064 956 cruci
1109 898 1337 955 suffixus
1363 899 1431 954 ab
1459 897 1643 970 AEgaea
1676 899 1820 955 Prae-

222 998 371 1054 fecto
389 995 814 1052 Edessenorum.

289 1090 355 1147 ll.
383 1089 621 1145 Jacobus
649 1087 904 1145 Zebedtei
954 1086 1119 1151 filius,
1161 1084 1446 1141 duodecim
1477 1084 1648 1140 tribus
1700 1099 1820 1153 qua:

214 1192 375 1238 erant
396 1183 450 1237 in
464 1180 830 1252 dispersione,
851 1179 1105 1235 omnibus
1126 1177 1442 1248 praedicavit
1468 1176 1820 1247 Evangelium

218 1274 436 1331 Domini
487 1274 661 1331 nostri
716 1272 850 1329 Jesu
878 1270 1107 1328 Christi.
1132 1271 1458 1327 Interfectus
1512 1279 1596 1326 est
1638 1279 1819 1326 autem

216 1368 404 1441 gladio
423 1370 491 1426 ab
521 1367 822 1423 Tetrarcha
854 1365 1191 1429 Judaeorum,

290 1461 377 1517 Ill.
408 1460 690 1532 Philippus
721 1458 1006 1530 apostolus
1028 1460 1081 1513 in
1105 1457 1340 1530 Phrygia
1354 1455 1615 1527 praedicat
1641 1455 1821 1512 Evan-

215 1554 419 1627 gelium
466 1554 684 1611 Domini
712 1553 862 1610 Jesu.
901 1553 1177 1625 Sepelitur
1198 1552 1503 1623 Hierapoli,
1526 1566 1650 1608 cum
1684 1550 1822 1607 ﬁlia-

217 1648 342 1716 bus,
375 1647 698 1705 honorifice.

289 1739 378 1797 ιν.
412 1739 842 1796 Βεειιιοιοιιιωυε
864 1739 1165 1811 apostolus,
1186 1738 1329 1794 Indis
1360 1739 1427 1794 iis
1454 1738 1546 1808 qui
1567 1738 1822 1795 dicuntur

214 1835 500 1902 fortunati,
538 1834 846 1903 praedicavit
867 1833 1220 1906 Evangelium
1244 1832 1470 1902 Christi,
1494 1842 1549 1889 et
1577 1833 1825 1905 Evange-

1920 618 1973 674 ἐν
1997 620 2370 675 Σεϐαστοπόλει
2390 619 2598 695 ἐκήρυξε
2707 622 2897 695 μεγάλῃ
2916 662 2929 685 ,
2954 618 3084 677 ὅπου
3108 624 3246 679 ἐστίν
3272 628 3302 683 ή
3326 646 3527 702 παρεμ-

1924 714 2045 774 ϐολή
2070 713 2328 786 Ἀψάρου,
2360 718 2445 770 καὶ
2465 720 2621 774 Φᾶσις
2646 712 2671 769 6
2694 717 2949 786 ποταμός,
2981 714 3095 770 ἔνθα
3117 718 3344 772 οἰκοῦσιν
3364 718 3529 773 Αἰθίο-

1921 829 2015 869 πες
2042 808 2087 861 οί
2116 805 2142 844 δ
2168 808 2427 882 ἐσώτεροι.
2452 808 2716 863 Θάπτεται
2745 804 2799 861 δέ
2829 808 2879 861 ἐν
2906 808 3126 884 Πάτραις
3153 814 3246 867 τῆς
3271 808 3330 860 Ἀ
3339 809 3525 880 χαίοις,

1921 908 2135 980 σταυρῷ
2155 898 2462 975 παραδοθεὶς
2488 901 2589 957 ὑπὸ
2614 900 2772 974 Αίγέα
2796 906 2887 955 τοῦ
2908 899 3160 971 βασιλέως
3182 896 3527 959 ’Βδεσσηνῶν.

1998 1099 2049 1141 Β.
2081 1086 2322 1148 Ἰάκωϐος
2347 1086 2373 1143 6
2400 1094 2494 1142 τοῦ
2520 1085 2815 1154 Ζεϐεδαίου,
2849 1095 2964 1149 ταῖς
2992 1085 3184 1143 δώδεκα
3203 1088 3383 1161 φυλαῖς
3411 1095 3529 1149 ταῖς

1924 1183 1975 1235 ἐν
2003 1189 2065 1257 τῇ
2089 1179 2368 1257 διασπορᾷ,
2395 1185 2558 1236 πᾶσιν
2584 1183 2789 1258 ἐκήρυξε
2816 1182 2875 1235 τὸ
2898 1181 3195 1253 Εὐαγγέλιον
3219 1187 3310 1236 τοῦ
3331 1178 3530 1256 Κυρίου

1926 1277 2067 1345 ἡμῶν
2090 1274 2261 1332 Ἰησοῦ
2290 1280 2532 1351 Χριστοῦ.
2562 1272 2801 1349 Ἀνηρέθη
2829 1271 2884 1328 δὲ
2904 1276 3151 1349 μαχαίρᾳ
3177 1273 3279 1328 ὑπὸ
3300 1270 3527 1349 Ἠρῶδου

1925 1372 2231 1447 Τετράρχου
2261 1378 2361 1425 τῶν
2386 1369 2668 1427 Ἰουδαίων.

1994 1476 2050 1519 Γ.
2081 1465 2319 1525 Φᾶιππος
2349 1463 2375 1519 6
2401 1465 2681 1527 ἀπόστολος
2708 1466 2757 1520 ἐν
2793 1465 2985 1541 Φρυγίᾳ
3006 1464 3259 1541 κυρύσσει
3277 1464 3334 1520 τὸ
3362 1466 3530 1537 Εὐαγ-

1924 1557 2084 1631 γέλιον
2103 1566 2193 1614 τοῦ
2220 1556 2415 1633 Κυρίου
2436 1558 2624 1626 Ἰησοῦ,
2647 1559 2893 1615 θάπτεται
2916 1560 2961 1612 ἐν
2980 1556 3256 1629 Ἱεραπόλει
3279 1558 3411 1628 μετὰ
3430 1565 3534 1613 τῶν

1925 1652 2216 1729 θυγατέρων
2244 1652 2467 1718 ἐνδόξως.

1999 1757 2052 1798 Δ.
2088 1746 2473 1821 Βαρθωλομαῖος
2500 1743 2525 1799 6
2555 1744 2834 1805 ἀπόστολος
2851 1786 2865 1809 ,
2900 1741 3078 1804 Ἰνδοῖς
3097 1783 3110 1807 ,
3134 1750 3248 1803 τοῖς
3278 1743 3531 1814 καλουμέ-

1926 1860 2026 1900 νοις
2052 1837 2372 1905 εὐδαίμοσιν,
2402 1842 2605 1917 ἐκήρυξε
2632 1840 2691 1894 τὸ
2712 1840 3014 1913 Εὐαγγέλιον
3036 1844 3129 1893 τοῦ
3156 1844 3385 1913 Χριστοῦ
3404 1878 3420 1904 ,
3452 1842 3535 1893 καί

217 1929 352 1985 lium
404 1929 549 1999 quod
601 1937 685 1984 est
739 1927 1043 1984 secundum
1098 1928 1413 1983 Matthaeum
1462 1927 1543 1983 eis
1579 1928 1823 1983 tradidit.

1948 1933 1987 1987 τὸ
2013 1936 2144 1987 κατά
2167 1935 2421 1987 Ματθαῐον
2448 1934 2623 1993 αὐτοῖς
2645 1932 2926 2005 εὐαγγέλιον
2954 1928 3156 1985 ἔδωκεν.
3180 1929 3453 1999 Ἐκοιμήθη
3478 1927 3537 1983 δέ

215 2022 483 2079 Dormivit
503 2031 683 2078 autem
706 2020 1026 2092 Albanopoli
1056 2021 1257 2091 oppido
1282 2022 1504 2091 majoris
1531 2021 1822 2077 Armeniae.

268 2102 358 2169 Υ.
386 2114 625 2169 Thomas
650 2113 950 2183 apostolus,
973 2112 1443 2184 quemadmodum
1462 2112 1721 2167 traditum
1746 2122 1831 2167 est

214 2206 405 2272 nobis,
440 2205 659 2260 Parthis
709 2214 765 2261 et
818 2204 989 2260 Medis
1043 2214 1098 2259 et
1148 2204 1334 2260 Persis
1363 2213 1419 2261 et
1447 2204 1733 2259 Carmanis
1774 2214 1830 2260 ct

215 2301 495 2373 llyrcanis
523 2308 578 2356 et
601 2299 808 2355 Bactris
836 2307 891 2355 et
921 2300 1087 2369 Magis
1124 2298 1444 2369 prmdicavit
1472 2299 1826 2369 Evangelium

218 2393 465 2451 Domini.
518 2392 785 2449 Dormivit
839 2394 890 2447 in
930 2392 1152 2449 civitate
1212 2389 1519 2460 Calamina,
1572 2408 1693 2464 qua:
1747 2401 1832 2449 est

219 2485 418 2543 lndizn.

300 2580 386 2635 Vl.
417 2578 606 2636 Simon
654 2577 1017 2645 Chananazus,
1051 2586 1420 2649 cognomento
1445 2577 1632 2645 Judas,
1661 2576 1832 2635 frater

227 2672 418 2729 Jacobi
449 2671 723 2743 episcopi,
756 2670 849 2742 qui
877 2679 931 2727 et
956 2671 1223 2726 successit
1250 2671 1329 2725 illi
1356 2672 1409 2726 in
1433 2672 1829 2742 episcopatum,

223 2776 351 2840 post
393 2767 599 2822 obitum
645 2764 834 2822 Jacobi
884 2775 1244 2837 cognomento
1277 2765 1445 2835 justi,
1487 2766 1620 2820 vixit
1657 2780 1833 2821 annos

224 2861 415 2933 viginti
466 2875 629 2931 supra
672 2868 912 2916 centum.
955 2859 1264 2915 Crucifixus
1312 2868 1496 2915 autem
1545 2859 1647 2914 sub
1697 2859 1834 2914 Tra-

220 2956 356 3029 jano
407 2956 734 3026 imperatore
765 2996 781 3023 ,
818 2966 961 3011 mota
1020 2955 1403 3028 persecutione
1455 2956 1646 3026 gravi,
1698 2954 1831 3010 dor—

230 3049 406 3105 mivit.

307 3141 424 3199 VII.
454 3140 730 3210 Matthias,
765 3156 889 3198 cum
925 3158 1064 3198 unus
1089 3150 1237 3199 esset
1274 3158 1305 3199 e
1345 3157 1574 3198 numero
1596 3142 1827 3214 Septua-

228 3232 405 3301 ginta,
435 3234 663 3289 allectus
718 3244 803 3291 est
833 3234 889 3289 in
942 3234 1189 3290 ordinem
1241 3234 1492 3291 undecim
1552 3236 1830 3305 apostolo-

1933 2025 1982 2077 ἐν
2011 2022 2374 2081 Ἀλϐανοπόλει
2398 2033 2489 2085 τῆς
2515 2025 2733 2097 μεγάλης
2754 2023 3048 2098 Ἀρμενίας.

2004 2122 2064 2167 Ε.
2097 2122 2285 2188 Θωμᾶς
2313 2116 2339 2170 6
2369 2116 2669 2182 ἀπόστολος,
2702 2117 2867 2175 καθὼς
2892 2117 2922 2172 ή
2947 2111 3231 2190 παράδοσις
3269 2113 3531 2190 περιέχει,

1933 2210 2143 2285 Πάρθοις
2167 2213 2253 2265 καί
2272 2208 2454 2269 Μήδοις
2474 2212 2557 2263 καί
2580 2210 2795 2283 Πέρσαις
2822 2211 2907 2261 καί
2925 2205 3217 2279 Καρμανοίς
3237 2206 3325 2258 καί
3352 2202 3538 2277 ’Υρκα-

1933 2309 2040 2362 νοῑς
2067 2306 2151 2356 καί
2184 2303 2421 2377 Βάκτροις
2447 2305 2526 2356 καί
2564 2302 2751 2373 Μάγοις
2786 2300 2994 2374 ἐκήρυξε
3028 2298 3087 2352 τὸ
3115 2297 3412 2371 Εὐαγγέλιον
3440 2302 3534 2351 τοῦ

1933 2392 2144 2470 Κυρίου.
2172 2394 2440 2465 Ἐκοιμήθη
2467 2394 2517 2447 ἐν
2540 2393 2685 2448 πόλει
2705 2390 2963 2464 Καλαμίνη
2992 2398 3083 2450 τῆς
3111 2387 3340 2449 Ἰνδικῆς-

2006 2584 2069 2644 ς’.
2099 2586 2256 2656 Σίμων
2274 2580 2574 2646 Καναναῖος,
2601 2578 2626 2634 6
2654 2578 2931 2638 ἐπικληθείς
2958 2575 3175 2642 Ἰούδας,
3209 2573 3422 2648 ἁδελφὸς
3441 2573 3539 2630 ἰα-

1934 2678 2099 2732 κώϐου
2126 2682 2217 2732 τοῦ
2253 2676 2538 2732 ἐπισκόπου
2558 2715 2570 2738 ,
2600 2671 2746 2733 ὅστις
2777 2675 2859 2726 καὶ
2884 2672 2971 2727 τόν
3002 2671 3181 2743 κλῆρον
3212 2677 3305 2731 τῆς
3327 2670 3537 2725 ἐπισκο-

1932 2779 2034 2831 πῆς
2074 2768 2271 2835 ἐδέξατο
2322 2772 2477 2842 μετάθ
2497 2775 2586 2828 τήν
2611 2768 2857 2824 Ἰακώϐου
2907 2773 2997 2823 τοῦ
3043 2764 3240 2821 δικαίου
3280 2769 3536 2835 κοίμησιν.

1934 2862 2148 2927 Ἐζησεν
2186 2862 2360 2918 έκατόν
2392 2859 2578 2917 εἴκοσιν
2623 2859 2731 2919 ἔτη.
2770 2868 2981 2937 Σταυρῷ
3018 2857 3072 2913 δέ
3105 2855 3415 2933 παραδοθεὶς
3453 2857 3539 2911 ἐπὶ

1931 2964 2185 3035 Τραϊανοῦ
2234 2964 2326 3012 τοῦ
2366 2956 2647 3028 βασιλέως,
2690 2953 2915 3028 διωγμοῦ
2955 2953 3172 3024 μεγάλου
3221 2952 3537 3018 κινηθέντος,

1936 3054 2168 3125 ἐκοιμήθη
2178 3092 2190 3106 .

2007 3157 2061 3199 Ζ.
2091 3146 2311 3205 Ματθίας
2333 3141 2404 3205 εἷς
2432 3142 2497 3198 ὢν
2522 3150 2621 3197 τῶν
2646 3141 3009 3214 ἐϐδομήκοντα,
3040 3140 3538 3213 συγκαταριθμηθεὶς

1934 3240 1988 3297 δέ
2019 3242 2151 3312 μετά
2179 3247 2278 3295 τῶν
2312 3238 2482 3294 ἕνδεκα
2507 3238 2852 3304 Ἀποστόλων,
2889 3239 3001 3293 άντί
3025 3234 3197 3291 ’ἰούδα
3235 3242 3324 3291 τοῦ
3362 3235 3538 3291 Ἰσκα-

226 3340 375 3391 rum,
404 3325 455 3379 in
504 3326 686 3381 locum
716 3326 870 3383 Judaa
921 3327 1225 3395 lscariotte,
1271 3329 1363 3399 qui
1416 3328 1518 3383 fuit
1560 3328 1826 3399 proditor.

1948 3338 2121 3391 οιὼτου
2146 3339 2234 3388 τοῦ
2256 3332 2510 3408 προδότου
2532 3334 2815 3405 γενομένου,
2842 3334 2890 3387 ἐν
2910 3339 2972 3407 τῇ
2998 3341 3019 3368 ο
3038 3329 3253 3407 δευτέρᾳ
3272 3326 3532 3403 Αἰθιοπίᾳ,

228 3418 538 3475 lnbaltera
587 3419 872 3492 [EthiOpia
901 3464 917 3489 ,
967 3422 1055 3477 ubi
1102 3430 1184 3478 est
1244 3421 1477 3493 irruptio
1527 3424 1745 3493 Apsari,
1777 3431 1832 3479 et

230 3510 392 3583 l’lyssi
418 3522 629 3581 portus,
667 3511 979 3582 praedicavit
1011 3513 1383 3584 Evangelium,
1404 3515 1570 3587 959
1586 3529 1707 3569 cum
1740 3530 1830 3570 es-

236 3612 362 3659 sent
390 3604 642 3661 homines
664 3615 930 3677 agrestes.
958 3606 1023 3661 Et
1064 3606 1173 3663 illic
1202 3606 1482 3677 dormivit,
1528 3616 1583 3663 et
1610 3607 1719 3664 illic
1744 3622 1832 3664 se-

230 3699 424 3771 pultus
450 3709 555 3767 est,
582 3716 756 3772 usque
782 3702 851 3758 ad
874 3701 1201 3759 hodiernum
1229 3704 1393 3759 diem.

304 3787 445 3847 Vlll.
476 3790 795 3850 Timotheus
815 3803 995 3849 autem
1035 3793 1390 3865 Ephesiorum
1424 3796 1715 3867 episcopus
1742 3810 1832 3851 or-

230 3883 451 3940 dinatus
488 3900 519 3940 a
552 3886 713 3942 beato
759 3886 967 3951 Paulo,
1018 3904 1085 3943 ex
1134 3890 1388 3960 gentibus
1437 3899 1574 3954 erat,
1608 3906 1713 3945 non
1763 3905 1831 3945 ex

230 3980 682 4036 circumcisione.
714 3980 793 4035 De
831 3996 941 4051 quo
992 3982 1161 4036 multa
1224 3991 1455 4037 testatur
1483 3982 1706 4050 Paulus,
1737 3981 1832 4036 ad-

233 4086 469 4129 monens
500 4082 558 4127 ut
606 4072 890 4129 honestam
943 4073 1343 4143 professionem
1390 4076 1501 4130 dati
1556 4075 1657 4131 sibi
1702 4075 1830 4131 doni

232 4173 506 4227 servaret,
535 4166 627 4235 qui
659 4174 713 4221 et
744 4165 987 4237 gloriose
1011 4165 1121 4222 illic
1149 4168 1467 4224 testificatus
1494 4178 1601 4224 est.

302 4258 396 4314 1X.
428 4258 586 4313 Titus
638 4259 928 4329 episcOpus
979 4259 1179 4328 Cretae,
1225 4262 1277 4316 in
1336 4260 1523 4317 eadem
1557 4271 1610 4316 et
1642 4262 1695 4316 in
1724 4262 1834 4317 cir-

231 4352 665 4421 cumjacenlibus
697 4352 890 4407 insulis
929 4354 1243 4422 prmdicavit
1272 4354 1628 4424 Evatigclium
1676 4352 1833 4409 Chri-

232 4443 325 4498 sti.
353 4442 554 4499 Ibidem
575 4452 761 4500 autem
775 4451 829 4500 et
853 4445 1133 4513 dormivit,
1155 4454 1211 4502 et
1235 4446 1480 4517 sepultus
1510 4455 1613 4514 est,
1639 4462 1833 4519 nempe

234 4537 289 4592 in
320 4533 507 4592 Creta.

302 4632 374 4687 X.
406 4631 677 4688 Crescens
715 4633 767 4687 in
798 4644 819 4673 ε
868 4633 1059 4692 Galliis
1090 4633 1405 4705 praedicavit
1444 4633 1827 4706 Evangelium,

230 4735 289 4781 et
320 4725 437 4779 illic
467 4724 709 4795 sepultus
735 4735 837 4782 est.
879 4726 1178 4783 Eunuchus
1202 4726 1479 4784 Candaces
1508 4728 1830 4802 Aithiopum
1858 4708 1915 4769 D

230 4817 461 4888 Regina:
493 4818 544 4873 in
576 4819 772 4875 Arabia
824 4830 1193 4891 cognomento
1223 4820 1389 4889 felici,
1424 4830 1480 4878 et
1529 4824 1579 4878 in
1622 4823 1832 4895 Tapro-

229 4912 371 4967 bana
400 4912 577 4967 insula
607 4913 772 4968 maris
801 4913 972 4970 Rubri
998 4914 1311 4985 prmdicavit
1335 4915 1690 4985 Evangelium
1720 4917 1829 4973 Do.

230 5007 386 5062 mini.
422 5007 591 5062 Aiunt
616 5015 799 5063 autem
830 5023 954 5064 eum
1013 5019 1068 5064 et
1114 5010 1314 5067 ibidem
1367 5013 1686 5086 martyrium
1717 5028 1832 5084 per-

233 5098 446 5165 tulisse,
477 5097 846 5156 ethonoriiice
872 5099 1042 5157 fuisse
1067 5103 1360 5174 sepultum.

232 5313 245 5326 .
304 5251 329 5278 ’ί
362 5241 545 5297 Mallet
586 5242 890 5335 Dochartus
918 5246 1134 5335 ‘E‘fspOt.
1181 5243 1388 5327 Contra
1414 5244 1829 5335 cl.‘Fabricius

231 5314 555 5384 impressam
593 5314 885 5369 lectionem
911 5314 1151 5391 ἐσώτεροι
1177 5316 1381 5369 rectius
1409 5322 1609 5371 tuetur.

303 5384 332 5461 ιζ
361 5384 559 5461 ﬂuetio
575 5385 905 5461 probaretur
930 5387 1099 5455 magis
1127 5388 1360 5461 ἐσωτέρᾳ
1384 5404 1397 5439 :
1425 5386 1565 5456 quod
1592 5395 1647 5441 et
1667 5400 1829 5457 supra

230 5469 281 5510 c.
310 5458 618 5533 1,ΑΑίθίρπες
646 5458 960 5533 οίρσῲτεροι
988 5456 1345 5533 appellentur.

306 5538 327 5565 ο
358 5526 638 5598 Colligere
671 5526 724 5582 id
758 5526 890 5582 licet
906 5534 972 5582 ex
1000 5544 1035 5582 ιι
1063 5528 1129 5580 ad
1162 5527 1511 5598 Timotheum
1542 5542 1591 5583 c.
1626 5543 1698 5591 tv,
1727 5529 1825 5593 10;

231 5612 358 5681 nam
382 5598 475 5655 ubi
506 5596 677 5681 vulgo
694 5599 897 5681 legitur
917 5599 1160 5681 Crescens
1176 5600 1229 5653 in
1260 5596 1545 5681 Caiatiam,
1578 5599 1826 5681 quaedam

230 5668 420 5727 Graeca
455 5668 801 5741 exemplaria
846 5669 1051 5727 habent
1100 5674 1172 5733 εἰς
1218 5672 1451 5737 Γαλλίαν,
1492 5669 1549 5724 in
1575 5668 1825 5726 Galliam.

1934 3426 2064 3483 ὅπου
2094 3429 2123 3485 ή
2149 3427 2446 3503 παρεμϐολή
2471 3425 2709 3503 Ἀψάρου
2731 3466 2746 3491 ,
2780 3430 2867 3481 καί
2892 3423 3091 3480 ’Υσσου
3118 3424 3294 3494 λιμήν,
3327 3423 3534 3496 ἐκήρυξε

1934 3523 1991 3579 τό
2017 3523 2323 3596 Εὐαγγέλιον
2342 3562 2357 3586 ,
2383 3523 2578 3596 ἀγρίοις
2604 3523 2887 3595 ἀνθρώποις
2920 3514 3055 3574 οὖσι.
3093 3514 3259 3586 960
3285 3512 3386 3570 Καί
3409 3515 3535 3569 ἐκοι-

1932 3618 2085 3687 μήθη,
2112 3619 2193 3672 καὶ
2215 3618 2323 3671 ἐκεῖ
2343 3615 2498 3686 ἐτάφη
2522 3616 2617 3675 ἕως
2642 3622 2734 3675 τῆς
2755 3618 2996 3687 σήμερον.

2004 3812 2059 3857 Η.
2082 3803 2319 3874 Τιμόθεος
2356 3800 2410 3857 δέ
2441 3801 2467 3857 6
2500 3801 2778 3861 ἐπίσκοπος
2805 3799 3018 3873 Ἐφέσου
3059 3796 3389 3857 κατασταθείς
3430 3796 3538 3854 ὑπὸ

1932 3903 2022 3952 τοῦ
2048 3901 2298 3974 μακαρίου
2330 3894 2524 3952 Παῦλον
2542 3937 2556 3959 ,
2589 3897 2639 3960 ἐξ
2664 3897 2812 3950 ἐθνῶν
2838 3891 2924 3959 ἧν,
2953 3894 3037 3948 οὐκ
3064 3894 3119 3946 ἐκ
3152 3898 3431 3967 περιτομῆς
3448 3907 3461 3920 ·

1936 3993 2022 4044 καὶ
2051 3990 2212 4045 πολλά
2245 3996 2503 4064 μαρτυρεί
2529 3988 2752 4053 Παῦλος,
2790 3988 3029 4040 νουθετῶν
3061 3988 3151 4043 τήν
3181 3982 3325 4040 καλήν
3354 3980 3534 4053 ὁμολο-

1934 4082 2047 4152 γίαν
2074 4086 2165 4135 τοῦ
2198 4078 2427 4139 δοθέντος
2452 4080 2595 4151 αὐτῷ
2621 4079 2952 4150 χαρίσματος
2978 4074 3205 4145 φυλάξαι,
3232 4068 3285 4132 ὃς
3307 4073 3390 4127 καί
3409 4068 3538 4127 ἐνδό-

1932 4171 2030 4234 ξως
2056 4171 2161 4224 ἐκεῖ
2184 4170 2557 4245 ἐμαρτύρησεν.

2005 4272 2067 4318 Θ.
2100 4264 2268 4337 Τίτος,
2304 4264 2579 4323 ἐπίσκοπος
2606 4259 2840 4337 Κρήτης,
2884 4261 2935 4313 ἐν
2960 4259 3090 4332 αὐτῇ
3116 4260 3201 4312 καί
3236 4264 3353 4318 ταῖς
3388 4257 3535 4334 πέριξ

1934 4360 2103 4417 νήσοις
2128 4357 2333 4429 ἐκήρυξε
2359 4356 2420 4409 τὸ
2450 4354 2736 4429 εὐαγγέλιον
2762 4358 2855 4407 τοῦ
2876 4355 3124 4424 Χριστοῦ.
3147 4351 3283 4406 Ἐκεῖ
3303 4353 3388 4407 καί
3414 4351 3535 4409 ἐκοι-

1934 4450 2065 4520 μήθη
2088 4451 2172 4505 καί
2194 4448 2346 4521 ἐτάφη
2366 4449 2416 4501 ἐν
2434 4445 2629 4524 Κρήτη.

2006 4643 2067 4688 X.
2093 4631 2333 4708 Κρήσκης
2354 4635 2404 4687 ἒν
2424 4632 2653 4691 Γαλλίαις
2677 4631 2881 4706 ἐκήρυξε
2902 4630 2959 4686 τὸ
2978 4630 3296 4705 Εὐαγγέλιον,
3326 4633 3411 4689 καί
3431 4632 3538 4690 ἐκεῖ

1940 4728 2093 4798 ἐτάφη
2114 4741 2127 4755 ⁸
2156 4726 2417 4796 Εὐνοῦχος
2436 4721 2703 4783 Κανδάκης
2726 4733 2818 4783 τῆς
2841 4722 3150 4795 βασιλίσσης
3171 4724 3422 4780 Αἰθιόπων
3439 4768 3452 4792 ,
3489 4727 3542 4779 έν

1937 4820 2163 4897 Ἀραϐίᾳ
2183 4826 2245 4877 τῆ
2265 4817 2549 4889 Εὐδαίμονι,
2580 4819 2663 4871 καί
2682 4817 2731 4869 ἐν
2751 4816 3059 4891 Ταπροϐάνῃ
3083 4821 3219 4886 νήσῳ
3236 4818 3284 4869 ἐν
3304 4825 3366 4890 τῇ
3390 4816 3538 4890 Ἐρυ-

1939 4917 2031 4990 θρᾷ
2052 4914 2258 4989 ἐκήρυξε
2280 4914 2340 4967 τὸ
2360 4909 2658 4982 Εὐαγγέλιω
2675 4915 2770 4964 τοῦ
2785 4907 3003 4983 Κυρίου.
3025 4908 3182 4981 Λόγος
3203 4907 3256 4962 δέ
3277 4909 3535 4981 περιέχει,

1940 5012 2010 5069 ὡς
2037 5010 2123 5065 καί
2149 5006 2589 5081 μεμαρτυρηκέναι
2624 5004 2774 5058 αὐτὸν
2802 5003 2924 5068 ἐκεῖ,
2954 5003 3035 5058 καί
3062 4998 3274 5066 ἐνδόξως
3298 5008 3538 5073 ταφῆναι.

1940 5241 2129 5298 Tradit
2151 5254 2316 5309 porro
2342 5238 2617 5295 Eusebius
2668 5237 2759 5294 lib.
2794 5253 2873 5305 ιιι,
2897 5251 2949 5293 c.
2982 5238 3040 5303 4,
3064 5235 3545 5309 ἱρειιιη-ίιὶς-ςαλα-

1937 5318 2073 5379 τίαν,
2098 5304 2434 5383 quodGrmci
2454 5310 2544 5365 alii
2562 5304 2880 5383 praeferunt,
2911 5323 3011 5383 p_ro
3030 5304 3543 5383 Γαλλίαᾱκίπιιςοο

1937 5376 2164 5441 dttrélus
2208 5385 2481 5449 Γαλατίαν,
2513 5385 2607 5443 τὰς
2658 5382 2870 5441 Γαλλίας
2899 5379 3064 5441 οὕτως
3110 5379 3360 5434 ἐκάλεσεν.
3393 5376 3544 5434 Οῦτω

1938 5462 2039 5535 γὰρ
2072 5457 2335 5535 ἐκαλοῦντο
2357 5456 2540 5535 πάλαι*
2572 5454 2721 5535 Οῦτω
2744 5451 2799 5535 δέ
2825 5454 3021 5535 ratirva
3048 5452 3210 5535 αὐτὰς
3222 5449 3545 5535 ,ξνομάζουσι

1938 5518 1984 5584 όὶ
2009 5518 2102 5591 τῆς
2131 5527 2230 5594 ἔξω
2256 5526 2467 5587 παιδίας
2496 5525 2869 5598 μετειληφότες.
2910 5520 3179 5598 Epiphan.
3222 5518 3408 5598 [lares
3443 5536 3539 5598 Et;

1938 5603 2043 5655 Οὐκ
2070 5602 2123 5654 ἐν
2156 5591 2471 5726 Γαλατίᾳ
2496 5591 2566 5659 ὥς
2591 5591 2723 5656 τινες
2752 5592 3086 5656 πλανηθέντες
3120 5592 3405 5663 νομίζουσι,
3436 5591 3542 5653 ἀλλ’

1938 5673 1989 5724 ἓν
2016 5680 2078 5726 τῆ
2109 5682 2185 5726 Γα
2245 5672 2319 5725 ία.

1938 5673 1989 5724 ἓν
2109 5672 2319 5745 Γαλλίᾳ.

1704 5840 1996 5878 .,“,
2115 5848 2187 5865 __
