4054 6324
246 307 366 366 725

1374 307 1577 372 LIBER
1617 307 1708 372 DE
1750 307 1932 371 νιιιιει
1970 309 2448 372 ιιιυενιιιῡυιι.

3460 317 3566 373 7111

248 425 554 498 potuisset,
615 425 770 484 ruina
821 411 1011 494 magna
1066 424 1192 484 illuc
1247 423 1534 482 devolutus
1581 433 1699 489 est,
1731 433 1756 468 ει
1802 435 1857 478 ιιι
1886 431 1937 490 Α
1964 437 2081 483 erat
2124 440 2250 485 ante
2283 430 2604 500 discipulus,
2665 441 2722 487 et
2775 431 3012 489 fructum
3057 437 3176 492 sine
3216 435 3393 491 radice
3425 436 3562 494 oriri

249 518 421 572 ruina
449 519 576 596 ejus
607 526 823 588 pararet
846 516 1121 572 doctrinas
1148 530 1243 583 per
1273 513 1482 586 aliquas
1514 513 1864 574 seductiones

249 609 500 680 ineptas,
527 611 840 680 multosque
869 611 937 668 de
969 610 1050 664 via
1079 617 1224 668 recta
1255 608 1309 668 itt
1352 608 1516 668 aliam
1562 610 1703 663 viam
1736 624 1862 677 pero

249 703 432 772 ducit,
467 714 526 760 et
557 719 823 758 venenum
853 701 957 775 [ΑΙ.
991 698 1293 772 venenose]
1319 701 1436 772 ejus
1463 703 1612 772 quasi
1644 699 1864 756 tinnuiis

249 799 521 863 vocibus,
556 799 979 867 Sirenarumque
1009 797 1238 852 canticis
1261 839 1276 863 ,
1309 797 1494 867 plures
1543 811 1740 853 necare
1771 811 1866 866 po-

250 891 382 945 tuit.
416 890 612 946 Melior
641 890 898 944 omnibus
925 888 977 942 in
1027 889 1208 953 bonis,
1246 889 1400 960 pejor
1440 887 1492 942 in
1525 888 1707 942 malis.
1753 887 1866 941 Alio

249 1002 363 1058 qua
398 1001 525 1040 vero
553 1001 652 1055 per
683 999 806 1038 eum
829 998 988 1038 secus
1015 983 1154 1038 viam
1179 983 1440 1040 seminam
1467 991 1619 1048 sunt,
1651 979 1679 1018 ι)
1711 981 1866 1036 multi

252 1089 440 1132 tamen
475 1079 687 1154 aliquos
720 1078 838 1146 ejus
871 1076 1140 1146 pessimos
1172 1075 1476 1148 discipulos
1507 1076 1673 1129 multa
1705 1089 1861 1128 νεηθ-

248 1188 389 1228 nosa
419 1172 522 1230 sub
545 1171 660 1241 ejus
687 1171 908 1226 nomine
929 1170 1170 1226 edidisse
1201 1178 1490 1226 testantur.

330 1267 419 1320 IV.
468 1266 734 1324 Eusebius
779 1261 1134 1318 Cmsariensis
1167 1307 1181 1330 ,
1219 1261 1386 1317 clavis
1419 1262 1856 1331 Scripturarum,

246 1369 548 1428 custosque
588 1357 718 1416 novi
760 1356 1098 1412 Testamenti
1128 1397 1142 1421 ,
1177 1355 1364 1412 multis
1411 1356 1584 1424 major
1629 1357 1684 1412 in
1729 1368 1862 1408 con-

244 1452 644 1520 scriptionibus
673 1467 702 1504 a
730 1450 940 1506 Grmcis
979 1452 1393 1520 comprobatur.
1424 1448 1655 1516 Scripsit
1682 1446 1860 1502 Cano-

248 1562 353 1602 nes
381 1555 616 1617 quatuor
666 1545 1087 1616 Evangeliorum
1110 1585 1124 1608 ,
1159 1552 1212 1598 et
1255 1543 1506 1600 undecim
1543 1542 1665 1612 [AL
1698 1544 1859 1611 quin-

247 1636 456 1710 decim]
503 1638 672 1693 libros
722 1637 973 1694 historia:
1017 1635 1453 1702 Ecciesiasticre,
1512 1635 1602 1704 qui
1655 1648 1854 1687 novum

247 1733 663 1810 Testamentum
697 1741 919 1786 narrant
948 1740 1108 1800 atque
1140 1728 1480 1793 custodiunt,
1510 1741 1563 1783 et
1593 1728 1851 1804 Χρονιιὸν,

1969 519 2194 589 ﬁerique
2228 524 2476 576 tentavit.
2497 522 2623 579 Ideo
2646 525 2763 594 ejus
2792 527 3251 596 conscriptiunes,
3282 527 3563 598 Scriptore

1968 623 2022 668 et
2050 615 2236 668 charta
2268 631 2374 670 non
2407 617 2674 687 indigent.

2041 706 2132 763 lX.
2168 707 2438 776 Pelagius,
2469 710 2534 763 de
2562 725 2668 780 quo
2705 712 2845 781 apud
2889 711 3080 770 ﬁdeles
3108 728 3287 777 Sermo
3335 725 3450 782 est,
3492 714 3562 770 de

1967 813 2076 867 quo
2102 799 2266 854 etiam
2314 810 2372 856 et
2411 801 2540 855 mihi
2572 803 2754 871 gravis
2781 802 2806 840 ἀ
2839 820 3000 859 causa
3038 807 3424 878 disputationis
3452 810 3571 877 ejus

1966 891 2259 944 verborum
2313 907 2451 961 pene
2483 893 2535 947 in
2585 902 2702 952 toto
2735 895 2866 951 orbe
2897 889 3212 956 annuntiata
3245 907 3359 964 est,
3403 914 3566 968 quem

1966 995 2157 1036 omnes
2184 983 2442 1039 Ecclesia:
2474 987 2622 1052 quasi
2655 987 2839 1056 lupum
2870 987 2940 1042 de
2975 990 3110 1043 silva
3142 989 3430 1056 mirantur,
3469 1005 3566 1046 au-

1968 1092 2120 1130 reum
2171 1077 2410 1132 colorem
2449 1095 2613 1149 super
2641 1083 2854 1150 nigrum
2901 1098 3166 1138 venenum
3207 1097 3568 1152 componens,

1965 1167 2166 1222 fontem
2193 1169 2407 1224 dulcem
2450 1173 2607 1240 primi
2659 1173 2872 1240 mellis,
2920 1174 3302 1232 amaritudinis
3344 1177 3566 1234 malitias

1965 1260 2328 1314 commiscuit.

2035 1349 2101 1404 X.
2137 1351 2458 1408 Iovinianus
2495 1354 2613 1408 iazta
2645 1355 2800 1422 facie,
2852 1366 2904 1411 et
2941 1355 3112 1411 corde
3158 1371 3377 1428 aspero,
3435 1370 3565 1432 potu

1963 1445 2281 1501 dulcissimo
2310 1448 2437 1505 felle
2477 1451 2800 1516 commixto,
2847 1453 3045 1508 multos
3070 1456 3309 1524 potavit,
3351 1463 3406 1512 et
3432 1470 3565 1512 con-

1965 1541 2159 1593 trarias
2189 1546 2490 1596 sententias
2516 1558 2611 1611 per
2640 1542 2826 1598 odium
2857 1545 3208 1600 occasionum
3237 1545 3567 1603 Christianis

1961 1631 2249 1701 proferens
2275 1636 2620 1703 composuit,
2653 1644 2707 1690 et
2738 1651 2824 1692 me
2846 1638 3191 1708 (quanquam
3226 1636 3281 1690 in
3304 1637 3564 1692 omnibus

1960 1725 2295 1782 laboriosum
2320 1726 2341 1796 )
2366 1727 2580 1782 assidue
2607 1728 3001 1798 quaestionibus
3042 1727 3268 1783 inﬁnitis
3299 1728 3468 1784 allicit
3508 1739 3564 1783 et

248 1824 302 1878 id
336 1833 450 1892 est,
494 1835 800 1892 temporum
843 1822 1195 1877 breviarium.
1229 1821 1353 1874 "(ec
1401 1819 1502 1874 tria
1547 1828 1670 1873 sunt
1718 1835 1856 1888 prae-
1887 1821 1934 1882 Β
1963 1827 2143 1871 vexat.

248 1915 396 1969 clara
422 1956 437 1981 ,
461 1931 583 1987 quae
609 1917 658 1970 in
691 1915 950 1986 operibus
979 1916 1098 1982 ejus
1132 1922 1400 1966 testantur
1427 1954 1440 1975 ,
1470 1920 1526 1966 et
1556 1929 1655 1966 tios
1683 1922 1704 1950 ο
1731 1921 1856 1966 ante

241 2010 429 2062 omnia
469 2009 590 2078 ejus
617 2008 844 2077 veSIigia
879 2007 966 2076 qui
1003 2005 1202 2059 imitari
1235 2003 1530 2072 potuisset,
1562 2017 1852 2072 numquam

243 2101 586 2170 reperimus.

322 2192 382 2245 V.
414 2192 736 2246 Heliodorus
763 2191 1069 2262 presbyter,
1096 2190 1314 2242 domum
1339 2188 1732 2258 amplissimam
1761 2202 1857 2260 per

242 2289 524 2343 modicum
563 2285 803 2344 foramen
839 2285 1161 2353 respiciens,
1193 2291 1515 2351 tentansque
1544 2283 1680 2342 ostia
1711 2296 1852 2342 con.

239 2382 417 2445 clusa,
451 2379 744 2446 clavesque
788 2394 895 2431 non
945 2378 1183 2439 habens,
1232 2375 1318 2429 vix
1364 2390 1532 2444 pauca
1561 2374 1626 2428 ad
1677 2374 1851 2429 lucem

243 2471 482 2542 prodere
521 2470 829 2534 convaluit,
861 2468 956 2524 sed
985 2485 1105 2538 qua:
1137 2467 1310 2536 potuit
1333 2481 1585 2532 narrare,
1619 2465 1856 2528 fideliter

247 2564 520 2619 narravit.

323 2657 408 2711 Vl.
439 2657 765 2711 Ambrosius
796 2655 995 2721 frater,
1029 2652 1422 2724 profundorum
1452 2652 1612 2722 pinna
1642 2663 1850 2722 raptus,

252 2761 302 2804 et
337 2750 484 2802 aeris
507 2747 727 2803 volucer
751 2789 765 2810 ,
799 2746 1054 2816 quamdiu
1085 2747 1136 2800 in
1168 2744 1493 2816 profundum
1524 2741 1851 2813 ingreditur,

244 2845 486 2899 fructum
520 2843 587 2898 de
618 2843 730 2898 allo
759 2857 988 2912 carpere
1021 2839 1256 2896 videtur.
1276 2840 1343 2895 Et
1373 2853 1566 2896 omnes
1591 2836 1710 2906 ejus
1733 2851 1856 2890 scn-

247 2939 465 3004 lentim,
512 2937 637 2992 fidei
693 2937 985 3000 Ecclesize,
1020 2945 1072 2990 et
1101 2937 1345 2998 omnium
1379 2935 1639 2990 virtutum
1684 2932 1852 2988 limite

245 3042 378 3087 sunt
405 3033 696 3086 colurnum.

320 3125 487 3199 964
516 3126 622 3181 Vll.
657 3125 940 3180 Dardanus
985 3125 1186 3184 multas
1214 3123 1536 3195 quaestiones
1583 3120 1852 3190 arripiens

2032 1909 2123 1964 X1.
2165 1911 2342 1967 Julius
2390 1910 2498 1982 [ΑΙ.
2537 1911 2807 1984 Julianus]
2861 1912 3172 1981 Africanus,
3217 1914 3372 1983 cujus
3401 1914 3566 1969 vesti-

1957 2007 2104 2075 giutn
2137 2021 2326 2060 omnes
2376 2005 2672 2060 orientales
2702 2005 3082 2074 australesquc
3111 2005 3402 2076 diligenter
3433 2021 3566 2060 una-

1960 2100 2292 2167 nimiterque
2345 2101 2398 2154 in
2450 2099 2690 2153 Danielis
2736 2099 3168 2154 hebdomadibus
3213 2098 3563 2168 investigent,

1960 2193 2210 2246 universa
2237 2200 2542 2260 temporum
2578 2191 2751 2259 spatia
2793 2205 2915 2252 cum
2945 2190 3091 2250 omni
3127 2189 3572 2262 peritiajngique

1958 2299 2211 2340 sermone
2236 2284 2580 2348 construxit,
2609 2294 2662 2338 et
2686 2283 2831 2338 nulla
2859 2283 2929 2338 ab
2953 2283 3229 2348 omnibus,
3262 2298 3387 2354 quae
3412 2284 3561 2338 dicta

1957 2387 2087 2436 sunt
2120 2393 2219 2448 per
2269 2393 2425 2441 eum,
2470 2377 2524 2430 in
2558 2384 2671 2432 tuto
2698 2374 2832 2432 orbe
2863 2389 3102 2448 unquam
3149 2374 3276 2434 data
3305 2384 3390 2434 est
3433 2389 3564 2432 con-

1959 2471 2231 2526 tradictio.

2029 2561 2142 2616 Xll.
2180 2547 2202 2599 έ
2235 2561 2503 2616 Favonius
2533 2577 2560 2612 a
2590 2558 2775 2622 multis
2816 2557 3140 2629 cuipabliis,
3177 2557 3311 2616 dura
3345 2568 3568 2622 senten-

1958 2659 2027 2712 tia
2057 2656 2380 2726 fortiterque
2407 2657 2658 2712 universa
2690 2652 3017 2710 difficillima
3052 2655 3304 2723 ingerere
3335 2662 3566 2708 conatus

1957 2761 2061 2816 est,
2090 2760 2141 2805 et
2186 2749 2340 2824 quasi
2383 2749 2470 2818 qui
2520 2757 2710 2802 contra
2748 2746 2920 2806 undas
2964 2751 3130 2802 maris
3162 2746 3418 2818 navigare
3452 2761 3559 2809 non

1958 2853 2157 2913 potest,
2197 2843 2283 2896 vel
2328 2852 2517 2895 contra
2563 2842 2827 2910 impetum
2863 2839 3123 2894 torrentis
3181 2852 3336 2907 aqua
3373 2846 3563 2894 natare

1956 2953 2063 2992 non
2092 2936 2254 3001 valet,
2287 2936 2357 2988 ita
2380 2943 2597 2997 cuncta,
2626 2949 2747 3003 qum.
2775 2931 2997 3001 scripsit
3025 2940 3214 2990 contra
3245 2928 3565 3004 Scripturas

1953 3039 2192 3094 sanctas,
2243 3027 2464 3082 obstare
2518 3043 2626 3082 non
2674 3032 2964 3093 poterant:
3010 3022 3138 3079 Ideo
3177 3021 3336 3092 quasi
3370 3019 3560 3074 umbra

1955 3135 2119 3178 secus
2153 3120 2433 3176 hominem
2465 3126 2611 3180 sunt.

248 3197 573 3290 permeatis
616 3217 870 3272 astutitm
892 3261 906 3284 ,
935 3233 1236 3287 titlccnzqtte
1275 3217 1417 3270 circa
1457 3214 1706 3272 nucleum
1740 3229 1848 3272 non
1876 3197 1921 3260 C
2026 3211 2285 3277 Hilarius,
2320 3227 2384 3265 ex
2419 3209 2736 3281 Hieronymi
2765 3209 3027 3279 Cataloge
3048 3221 3167 3277 cap.
3199 3203 3326 3260 100.

246 3312 629 3382 confringeus,
677 3312 845 3366 multa
880 3311 1233 3382 impossibilia
1277 3310 1343 3364 tle
1375 3308 1678 3378 Scripturis
1729 3322 1850 3370 cum

251 3403 451 3460 fiducia
476 3401 738 3476 loquitur.

327 3492 460 3549 Vill.
505 3494 735 3550 Paulino
767 3495 940 3549 visum
985 3503 1069 3550 est
1111 3494 1426 3564 magistrum
1459 3492 1595 3559 fieri,
1641 3501 1696 3548 et
1745 3506 1850 3547 non

323 3641 349 3670 ⁸
388 3635 566 3708 5153.,
594 3646 647 3688 ut
684 3637 838 3690 ruina
883 3641 997 3708 ejus
1031 3644 1262 3708 parasset
1295 3637 1364 3692 ad
1405 3634 1699 3690 doctrinam
1745 3639 1857 3707 ejus

252 3706 457 3776 aliquas
482 3707 821 3773 “ductiones,
848 3706 951 3760 etc.

330 3778 356 3814 θ
400 3778 570 3846 Mss,
643 3777 798 3834 Multi
849 3790 1020 3834 tamen
1063 3779 1440 3850 discipulorum
1483 3783 1596 3850 ejus
1651 3777 1857 3848 pessimi

256 3850 438 3915 multa,
472 3861 577 3906 etc.

329 3934 348 3959 ε
380 3921 546 3988 Mam,
592 3931 639 3976 et
668 3923 843 3976 omnia
886 3925 1002 3995 ejus
1033 3923 1244 3995 vestigia
1284 3939 1385 3992 quo
1424 3923 1612 3974 iterare
1659 3920 1856 3988 pomis-

2034 3307 2313 3372 Damasus,
2343 3317 2410 3358 ex
2440 3318 2558 3372 cap.
2595 3301 2720 3357 105.

2030 3397 2328 3468 Gregorius
2350 3395 2604 3454 Nazianz.
2641 3411 2707 3456 ex.
2738 3409 2862 3464 cap.
2893 3393 3018 3452 ll7.

1961 3644 2060 3741 md
2085 3643 2247 3768 iiii,
2278 3701 2449 3772 gravis
2479 3697 2765 3772 disputatio
2794 3694 3083 3772 verborum,
3117 3699 3225 3744 elc-

2035 3787 2056 3812 ο
2087 3767 2240 3830 litmc
2266 3767 2570 3829 Favonium
2595 3810 2610 3833 ,
2641 3768 2742 3822 nisi
2771 3767 2816 3821 si
2848 3773 3188 3833 corruptum
3218 3772 3419 3814 nomen
3440 3767 3557 3826 est,

1959 3847 2100 3917 apud
2134 3848 2271 3900 alios
2305 3843 2527 3898 Veteres
2562 3830 2829 3908 nusquam
2857 3830 3040 3892 iuveni
3071 3830 3369 3888 laudatum.

251 4032 3523 4077 w

253 4475 967 4570 VERBORUM,
1029 4466 1963 4556 SENTENTIARUM
2013 4465 2160 4546 ET
2216 4457 2652 4546 RERUM
2702 4449 3561 4551 INSIGNIORUM,

783 4673 1018 4759 QUAE
1093 4669 1202 4741 IN
1273 4665 1588 4739 Τί)Μο
1661 4659 2152 4737 SECUNDO
2224 4650 3020 4729 CONTINENTUB.

1573 4849 2272 4874 ———'I—-——-—'_

1037 5037 1103 5121 A

330 5160 525 5207 Abacuc
549 5156 803 5208 Canticum
829 5166 926 5213 quo
961 5155 1103 5206 titulo
1143 5150 1440 5213 inscribitur.
1472 5148 1580 5200 738.
1629 5149 1868 5213 Loquitur

266 5224 496 5270 audacter
521 5221 578 5268 ad
607 5211 897 5275 Dominum,
923 5231 1039 5265 sese
1063 5212 1406 5275 reprehendit,
1439 5219 1489 5262 et
1523 5211 1864 5275 scripsitCau-

267 5284 416 5336 ticum
460 5281 796 5344 pertinentia),
835 5274 948 5344 759.
974 5279 1098 5336 Quid
1127 5274 1451 5344 deprecatur.
1653 5274 1868 5344 Historia

270 5335 472 5392 Alricuc'
490 5344 622 5392 missi
648 5341 706 5388 ad
731 5335 1008 5396 Danielem,
1041 5352 1135 5388 non
1159 5338 1401 5386 invenitur
1421 5336 1466 5384 in
1492 5335 1724 5393 Hebraeo,
1752 5335 1864 5384 519.

332 5405 602 5454 Abratiotas
623 5405 829 5454 occisus.
849 5401 958 5452 511.

979 5463 1090 5514 715.
1120 5459 1364 5525 Abraham
1389 5458 1688 5525 conscientia
1717 5457 1866 5525 fragi-

271 5529 422 5580 litatis
441 5541 544 5580 suae
570 5518 954 5588 protrus'cecidit
975 5527 1020 5576 in
1045 5531 1247 5588 terram,
1271 5519 1380 5588 ’196.
1409 5519 1595 5588 Putatis
1619 5533 1676 5568 se
1691 5518 1867 5588 celare

271 5591 399 5652 Deo,
432 5581 606 5650 aperte
632 5587 800 5636 ridere
825 5595 921 5635 non
937 5588 1108 5652 audet,
1131 5581 1381 5652 ibiquon
1399 5582 1555 5652 credit
1576 5581 1713 5652 quod
1733 5582 1868 5652 Deus

275 5643 584 5712 repromisit,
631 5655 684 5698 et
724 5662 895 5712 causas
942 5643 1572 5712 incredulitatisemicuit,
1610 5643 1730 5693 ibid.
1772 5645 1868 5712 atr-

272 5704 437 5774 l«ruitur
461 5705 488 5761 a
518 5704 833 5774 Deoirocculla
861 5712 1200 5774 reSponsione,
1231 5704 1613 5774 illt_tl._Abraliam
1632 5706 1869 5774 asseritur

273 5767 530 5835 trigaunts,
558 5772 669 5821 268.
699 5772 899 5828 Adiurat
931 5767 1129 5835 Servum
1169 5772 1215 5835 in
1235 5768 1461 5835 _Christo,
1485 5768 1595 5816 252.
1624 5767 1869 5835 Abraham

278 5829 476 5890 etVSara
502 5829 774 5900 arguuntur
801 5836 847 5884 in
882 5835 1014 5897 risu,
1040 5833 1148 5886 731.
1179 5831 1331 5883 lidctn
1357 5845 1418 5879 ex
1450 5842 1510 5879 eo
1534 5829 1662 5896 quod
1701 5835 1870 5894 postea

1892 5025 1945 5086 Ῑ)
1968 5019 2300 5086 crediderunt,
2336 5012 2540 5086 justiti?

2578 5011 2786 5076 Palmam
2820 5017 3140 5076 acceperunt,
3177 5006 3298 5059 ibid.
3321 5005 3564 5054 Abraham

1975 5089 2026 5131 et
2053 5079 2222 5129 caeteri
2242 5072 2446 5126 non'sihi
2472 5074 2653 5126 divites
2673 5072 2892 5136 fuerunt,
2917 5072 3027 5127 703.

2036 5143 2334 5190 Abrotanum
2359 5150 2494 5197 aegro
2519 5150 2614 5186 non
2643 5138 2790 5188 audet
2809 5130 2947 5197 dare,
2967 5140 3059 5190 nisi
3083 5136 3166 5198 qui
3191 5131 3391 5198 didicit,
3407 5130 3517 5198 ιβ.

2035 5203 2362 5264 Abstinentiae
2378 5190 2557 5264 bonum
2582 5207 2634 5264 et
2658 5199 2837 5264 malum
2855 5190 3144 5256 saturitatis,
3166 5196 3275 5264 346,
3301 5191 3416 5264 317ἒ
3424 5190 3565 5264 _Bea-.

1973 5268 2130 5316 liludo
2155 5262 2360 5327 paradisi
2387 5263 2571 5324 absque
2592 5262 2884 5317 abstinentia
2907 5266 3000 5314 cibi
3028 5254 3299 5322 non'potuit
3322 5254 3564 5310 dedicari,

1968 5331 2080 5381 516.

2037 5389 2334 5449 Academici,
2364 5387 2473 5438 558.

2036 5441 2293 5504 Acettsatio
2319 5441 2434 5503 vera
2460 5455 2627 5500 contra
2651 5447 2853 5500 fratrem
2877 5446 3122 5506 displicet,
3145 5441 3256 5493 461.

2037 5497 2506 5566 Kéhiié'sciiests
2523 5497 2744 5570 pluribus
2766 5497 3038 5564 interesibus
3063 5497 3255 5556 vexata:
3275 5537 3288 5562 ,
3316 5499 3429 5560 891,
3451 5497 3567 5549 895.

2037 5577 2249 5630 Achillas
2272 5575 2445 5634 lector,
2479 5572 2582 5624 l93.

2038 5627 2239 5692 Achiilis
2264 5627 2478 5690 tumulus
2501 5637 2563 5683 ab
2592 5632 2868 5696 Alexandro
2887 5632 3129 5696 visitatus,
3155 5627 3245 5696 15;
3293 5685 3347 5696 Ν

2038 5685 2236 5754 Lit-uia;
2255 5685 2401 5749 viiii;
2427 5685 2552 5746 uxor
2581 5685 2644 5746 M.
2671 5694 2866 5746 Catonis
2884 5685 3130 5749 Censorii,
3155 5689 3265 5740 3l6.
3293 5685 3410 5747 Ejus
3432 5685 3566 5742 vitia,

1976 5763 2097 5816 ibid.

2044 5804 2189 5874 :‘idam
2215 5838 2302 5889 spe
2327 5822 2593 5873 divinitatis
2618 5820 2957 5886 supplantatus
2983 5824 3091 5880 est,
3118 5816 3198 5867 l5.
3225 5813 3379 5865 Adam
3403 5814 3456 5860 et
3477 5804 3587 5858 Eva
