4022 6342
72 296 198 353 765
1576 294 1968 356 PMFATIO.
3334 292 3441 348 766

116 452 145 457 κ-
182 452 189 455 Α
216 437 275 458 ν
300 453 372 458 ,ο-
441 455 447 459 .
506 456 561 461 ,-
610 454 695 460 ,.__
728 455 765 459 .-
816 450 1031 459 κ--,......
1063 451 1215 457 *ἢκ-.-
1242 450 1257 455 -
1686 445 2210 454 ___..____——___
2317 441 3431 452 _-_———.-———-———___—___,

100 480 437 487 «wa_-.___a
468 485 537 489 Ak
690 486 697 489 ν
722 484 783 489 _--
849 485 853 487 .
982 482 1021 485 γ.
1064 481 1101 485 _.
1142 480 1239 485 γει
1274 480 1281 483 ι
1346 478 1401 483 η-
1425 478 1457 483 ,κ
1492 472 2991 483 ....ῌ-.---.---γ----.-.-....ι.ᾏ.,..,-.μ-κΉ.--»ι.,--Α---κμ-κν
3022 472 3415 478 ,ᾳκήῆ--μ-η.ν

1295 591 2297 735 ΡΡυἘΡΑΤΙΟ.

165 1022 328 1084 Hoc
350 1021 632 1088 demum
654 1024 845 1087 tertio
866 1023 1522 1105 Hieronymianorum
1537 1020 1822 1101 Operam
1845 1024 2018 1083 tomo
2039 1018 2198 1080 illud
2219 1017 2586 1098 scriptionis
2610 1033 2815 1096 genus
2841 1008 3437 1093 recognoscendum

74 1120 582 1200 aggredimur.
618 1123 804 1202 cujus
841 1123 1132 1202 subjecta
1163 1121 1466 1184 materies
1502 1121 1870 1185 divinarum
1911 1127 2005 1181 est
2038 1121 2419 1181 Litterarum
2452 1117 2795 1197 erpositio,
2830 1132 2958 1192 qua
2992 1113 3438 1176 sanctissimus

76 1221 442 1299 interpres
489 1222 614 1284 sibi
654 1223 984 1302 proprium
1013 1222 1208 1284 decus
1245 1227 1307 1283 et
1347 1239 1582 1283 nomen
1625 1223 1919 1285 Doctoris
1953 1221 2257 1297 Maximi,
2285 1220 2660 1282 concinente
2697 1221 2762 1277 in
2797 1217 2964 1277 hanc
2993 1214 3247 1277 laudem
3281 1215 3438 1278 orbe

78 1318 464 1393 universo,
511 1321 896 1399 promeruit.
946 1321 1103 1382 Nam
1156 1339 1302 1384 cum
1349 1321 1412 1380 in
1448 1323 1695 1382 caeteris
1730 1321 1986 1399 quidem
2035 1321 2379 1398 peculiaris
2433 1317 2704 1379 instituti
2760 1317 3172 1378 monimentis
3207 1317 3439 1380 elucu-

79 1419 376 1482 brandis
414 1439 625 1482 omne
663 1422 875 1483 tulerit
915 1425 1224 1500 punctum
1267 1442 1281 1481 :
1326 1422 1390 1484 in
1425 1421 1770 1500 Scripturte
1821 1421 2216 1503 exponendas
2271 1421 2536 1482 scientia
2575 1421 2660 1480 ita
2698 1419 3028 1496 excelluit,
3085 1425 3153 1478 ut
3206 1425 3434 1482 caetera

80 1520 187 1581 illi
222 1521 632 1581 communia
677 1538 824 1581 cum
870 1521 1112 1594 multis,
1146 1519 1338 1601 hujus
1379 1525 1508 1582 tota
1539 1538 1735 1599 quam
1767 1520 2082 1582 latissime
2114 1527 2311 1598 patet,
2356 1517 2830 1596 quodammodo
2864 1517 3122 1596 propria
3155 1517 3297 1579 laus
3349 1513 3442 1578 vi-

77 1624 366 1686 deatur.
409 1625 666 1686 Earum
701 1625 943 1687 scilicet
975 1625 1276 1702 partium,
1306 1642 1453 1703 quae
1495 1626 1849 1686 innumerae
1885 1621 2345 1704 propemodum
2377 1622 2800 1699 requiruntur
2829 1619 2904 1678 ad
2939 1637 3253 1682 summam
3289 1619 3426 1697 ejus

81 1727 248 1789 libri
289 1727 701 1806 dignitatem
737 1727 1205 1804 sustinendam,
1241 1727 1532 1805 singulas
1581 1727 1805 1786 habuit
1849 1727 1912 1786 iu
1966 1729 2301 1786 numerato
2337 1745 2351 1783 :
2393 1722 2697 1800 quodque
2742 1720 2910 1781 haud
2952 1721 3085 1780 scio
3129 1737 3209 1782 an
3267 1723 3435 1784 alius

84 1838 300 1892 antea
339 1830 736 1904 contulerit,
766 1847 1082 1892 summam
1122 1830 1495 1909 linguarum
1522 1827 1980 1902 Orientalium,
2003 1843 2150 1905 quin
2183 1824 2578 1904 primigenia:
2613 1831 2671 1883 et
2704 1823 3063 1884 vernacula:
3100 1830 3250 1882 sunt
3296 1825 3432 1904 ejus

85 1931 278 2000 libri.
315 1939 389 1993 et
413 1949 575 1994 eum
603 1931 828 2009 primis
857 1930 1212 2000 Hebraicis,
1244 1937 1304 1990 et
1337 1931 1572 1991 Graeca)
1595 1930 1912 2010 notitiam,
1939 1930 2363 1992 vetustiorum
2385 1946 2420 1988 e
2441 1923 2778 2004 Synagoga
2817 1932 2877 1985 et
2911 1926 3196 1990 Ecclesia
3239 1929 3434 1989 inter-

83 2040 410 2111 pretum,
449 2035 710 2094 Patrum
736 2049 998 2110 quoque
1025 2049 1138 2092 seu
1172 2031 1568 2104 Gi'tecorum,
1598 2047 1712 2091 seu
1747 2031 2145 2100 Latinorum,
2179 2027 2290 2104 qui
2333 2026 2454 2086 hoc
2502 2025 2715 2086 studio
2768 2025 3233 2096 inclaruerunt,
3273 2027 3438 2086 assi-

83 2131 310 2196 duam
364 2133 723 2194 lectionem
760 2139 825 2193 et
877 2132 1187 2207 studium,
1234 2148 1383 2192 cuni
1417 2131 1928 2208 exquisitissimo
1963 2129 2456 2200 sententiarum,
2494 2143 2842 2203 rerumque
2878 2125 3127 2186 delectu
3175 2126 3252 2186 ad
3293 2125 3438 2184 reli-

84 2254 274 2316 quas
321 2237 656 2300 doctrinis
703 2252 835 2298 suis
873 2238 1094 2298 laudes
1135 2236 1456 2316 adjunxit.
1512 2236 1650 2297 Hac
1702 2238 2053 2297 instructus
2099 2241 2278 2296 tanta
2326 2232 2815 2309 disciplinarum
2854 2229 3276 2307 supellectile,
3319 2228 3429 2289 ubi

87 2337 324 2402 sacris
362 2337 636 2398 Litteris
662 2336 1060 2415 explicandis
1093 2339 1384 2398 animum
1407 2338 1706 2414 advertit,
1739 2354 1816 2398 eo
1844 2335 2175 2416 dignitatis
2205 2335 2398 2398 etiam
2433 2351 2508 2393 ac
2536 2332 2921 2410 praestantiae
2953 2332 3246 2408 provexit
3272 2333 3437 2396 hanc

95 2447 357 2515 artem,
392 2457 535 2516 quo
571 2446 684 2500 aut
729 2438 1014 2500 nondum
1069 2447 1261 2501 antea
1299 2440 1434 2516 pari
1482 2439 1710 2502 saltem
1760 2440 1957 2518 gradu
1993 2440 2392 2516 pervenerat,
2429 2438 2543 2495 aut
2578 2440 2802 2512 postea
2846 2433 3116 2492 ulterius
3160 2450 3288 2492 non
3339 2439 3436 2495 est

99 2555 516 2618 progressa.
556 2540 902 2620 Triplieem
931 2540 1104 2602 enim
1145 2541 1454 2620 prOpositi
1498 2540 1622 2602 loci
1663 2558 1925 2603 sensum
1967 2541 2161 2609 eruit,
2207 2556 2282 2600 ac
2315 2539 2658 2616 investigat
2689 2559 2705 2598 :
2739 2542 2797 2595 et
2833 2537 2894 2596 in
2935 2536 3146 2614 primo
3177 2534 3433 2611 quidem

98 2657 312 2716 quem
350 2637 775 2714 historicum,
803 2639 942 2700 sive
969 2639 1200 2700 litterte
1232 2644 1490 2716 vocant,
1526 2639 1766 2701 diutius
1802 2641 2202 2711 immoratur,
2237 2638 2419 2700 varia
2456 2637 2546 2696 illi
2585 2642 2870 2696 veterum
2907 2653 2988 2695 ex
3023 2635 3294 2696 Hebraeo
3322 2636 3430 2694 in—

103 2745 498 2816 terpretum
535 2739 1025 2800 accommodans
1055 2739 1470 2819 glossemata,
1509 2742 1691 2802 varia
1722 2741 2171 2802 Tractatorum
2201 2743 2563 2800 commenta
2599 2744 2660 2799 et
2691 2739 3064 2798 sententias.
3110 2739 3271 2797 Tum
3303 2738 3434 2800 alia

106 2839 244 2900 duo
283 2855 547 2917 genera
585 2840 1114 2917 explanationum
1138 2838 1537 2920 aggreditur,
1558 2846 1620 2900 et
1641 2839 1717 2900 ad
1749 2841 2052 2900 liberiora
2067 2839 2473 2917 Trepologiae
2503 2844 2840 2898 revocatus
2866 2837 3096 2915 spatia,
3124 2834 3428 2913 quidquid

109 2940 192 3002 ad
228 2940 592 3012 moralem,
629 2939 1022 3018 etquidquid
1065 2941 1141 3002 ad
1175 2942 1508 3019 mysticam
1544 2940 2014 3017 expositionem
2048 2937 2210 2999 felici
2247 2939 2507 3016 ingenio
2543 2939 2993 3016 suppeditabat
3033 2936 3432 2996 reconditum

111 3040 455 3104 doctrina;
507 3057 740 3120 penus,
777 3045 957 3105 tanta
991 3058 1207 3104 rerum
1239 3043 1534 3103 ubertate
1588 3040 1815 3113 exerit,
1872 3040 2106 3100 mirum
2145 3044 2214 3099 ut
2265 3039 2346 3099 sit
2394 3037 2716 3097 exstitisse
2764 3033 3436 3108 notarios'scribendo

113 3161 344 3222 pares.

195 3249 346 3310 Hoc
383 3254 612 3308 autem
654 3247 719 3307 in
773 3245 1012 3323 studio,
1044 3262 1440 3324 quamquam
1486 3246 1779 3307 omnium
1813 3245 2180 3314 utilissimo,
2223 3261 2348 3304 non
2399 3244 2628 3322 ignoro
2685 3240 3027 3304 fastidiosis
3066 3239 3435 3302 hominibus

115 3354 526 3429 neutiquam
581 3353 867 3431 probari,
910 3352 1082 3431 quod
1127 3369 1353 3413 eorum
1393 3351 1773 3428 plerumque
1810 3349 2084 3408 Sanctus
2141 3349 2377 3408 Doctor
2415 3344 2773 3407 dissimulet
2816 3343 3101 3413 nomina,
3155 3360 3433 3420 quorum

117 3454 360 3514 laudnt
399 3453 785 3525 sententias,
820 3459 1016 3531 atque
1053 3453 1212 3514 adeo
1263 3451 1527 3512 dubium
1565 3448 1836 3512 subinde
1873 3450 1980 3525 sit,
2015 3455 2106 3510 tot
2143 3449 2308 3509 inter
2347 3447 2768 3508 vetustiorum
2811 3445 3068 3504 Patrum
3103 3443 3437 3521 Opinatio-

119 3573 264 3627 nes,
303 3555 373 3614 in
403 3571 608 3631 quam
640 3555 819 3617 malit
843 3556 979 3632 ipse
1011 3554 1382 3615 concedere.
1415 3553 1532 3614 Sed
1563 3554 1729 3615 hanc
1768 3553 1875 3612 ille
1907 3551 2230 3612 rancidam
2265 3567 2509 3627 suoque
2538 3550 2691 3610 olim
2735 3553 3018 3624 tempore
3047 3547 3426 3606 intentatam

117 3653 532 3718 calumniam
568 3667 716 3714 cum
749 3667 917 3731 srepe
939 3654 1119 3725 alibi,
1155 3658 1288 3714 tum
1335 3654 1397 3713 in
1425 3652 1809 3715 Prtel‘atione
1837 3652 1982 3711 libri
2021 3669 2087 3711 χι
2115 3651 2738 3712 Commentariorum
2779 3649 2843 3707 in
2892 3648 3126 3708 lsaiam
3158 3644 3428 3724 palmari

120 3753 245 3816 hoc
272 3763 670 3835 argumento
698 3755 886 3817 diluit
916 3776 930 3816 :
975 3757 1282 3833 Lictoris,
1318 3758 1551 3834 inquit,
1595 3755 1864 3818 arbitrio
1903 3754 2229 3833 de‘reliqui,
2276 3753 2428 3832 quid
2463 3753 2535 3813 de
2565 3751 2861 3831 plurimis
2902 3751 3176 3827 eligeret.
3211 3749 3432 3826 Itaque

119 3856 293 3934 quod
332 3875 462 3917 nos
505 3856 879 3919 verecundia
904 3858 1162 3936 fecimus
1197 3856 1562 3936 judicundi,
1600 3867 1657 3916 et
1688 3874 1901 3918 eorum
1933 3855 2170 3916 honore
2198 3853 2305 3932 qui
2341 3851 2567 3912 lecturi
2604 3859 2808 3924 erant,
2849 3847 3220 3928 quibusdam
3262 3848 3428 3925 forte

118 3970 253 4013 non
279 3953 558 4032 placeat,
589 3955 699 4034 qui
727 3969 858 4014 non
889 3955 1310 4034 Antiquarum
1337 3954 1692 4032 opiniones,
1723 3953 1830 4014 sed
1864 3964 2146 4014 nostram
2173 3952 2543 4012 sententiam
2570 3953 2731 4013 scire
2760 3948 3133 4009 desiderant.
3186 3945 3428 4020 Quibus

121 4053 340 4130 facilis
373 4054 702 4132 responsio
739 4060 826 4111 est
857 4073 879 4112 :
909 4052 1201 4116 Neluisse
1229 4069 1320 4112 me
1347 4053 1434 4115 sic
1462 4068 1654 4113 unum
1683 4051 1980 4129 recipere,
2019 4059 2087 4111 ut
2112 4049 2358 4111 viderer
2385 4049 2544 4110 alios
2569 4047 2995 4107 condemnare.
3033 4046 3110 4105 Et
3151 4046 3215 4104 in
3245 4047 3430 4106 Jere-

123 4152 273 4210 mire
306 4167 458 4230 cap.
489 4164 630 4210 xxii
663 4169 678 4207 :
709 4147 1095 4210 Miserabilis
1119 4149 1471 4225 Grunnius,
1523 4159 1576 4210 et
1618 4159 1763 4228 post
1806 4150 2036 4210 multos
2066 4167 2268 4210 ani-tos
2321 4147 2621 4226 discipuli
2646 4147 2980 4209 Iovi-niani
3018 4155 3072 4205 et
3114 4146 3286 4207 illius
3317 4165 3436 4206 σαν

125 4245 430 4314 lumniati
456 4254 629 4319 sunt,
660 4256 719 4306 et
745 4244 1212 4310 calumniantur
1235 4265 1324 4307 me
1357 4247 1468 4308 sub
1499 4248 1720 4309 alienis
1754 4247 2113 4310 nominibus
2134 4248 2433 4325 proprias
2457 4248 2791 4310 sententias
2815 4263 3048 4325 ponere
3067 4291 3082 4319 ,
3119 4245 3288 4322 quod
3319 4263 3430 4324 ego

129 4366 324 4411 causa
379 4346 819 4411 benevolentia:
848 4345 1045 4424 facio,
1099 4365 1177 4405 ne
1222 4348 1490 4425 aliquem
1521 4356 1685 4408 certo
1732 4349 1987 4409 noniine
2021 4347 2237 4410 uidear
2280 4348 2578 4410 lacerare.
2636 4347 2966 4410 Grunnius
3016 4347 3250 4423 reipsa,
3295 4348 3435 4409 sive

127 4448 434 4522 Ruﬁnus,
470 4456 530 4510 et
561 4447 856 4524 quisquis
886 4447 994 4506 ille
1027 4446 1143 4507 fuit
1168 4446 1246 4507 de
1271 4447 1599 4508 Joviniani
1627 4467 1823 4529 grege
1858 4456 2040 4512 vetus
2071 4450 2693 4521 calumniator,cum
2723 4467 2794 4510 se
2820 4447 3196 4527 Hieronymi
3227 4468 3433 4513 temu-

127 4549 270 4609 lum
300 4566 448 4610 esse
484 4547 893 4609 dissimulare
939 4565 1064 4608 non
1113 4555 1357 4626 posset,
1405 4565 1476 4610 se
1532 4549 1740 4625 ipsum
1788 4550 1990 4628 magis
2021 4552 2388 4615 invidentia;
2407 4552 2679 4613 crimine
2725 4549 3200 4625 condemnavit,
3232 4571 3427 4630 quam

129 4648 194 4709 S.
227 4649 573 4708 Doctorem
601 4647 1016 4708 obtrectando
1049 4647 1304 4710 lmserit.
1337 4646 1459 4722 Qui
1500 4664 1656 4709 vero
1689 4664 1833 4710 eam
1883 4651 2274 4712 calumniam
2328 4653 2694 4712 instaurant
2742 4651 3132 4714 recentiores
3177 4653 3430 4716 hetero-

124 4750 314 4821 doxi,
355 4766 483 4809 non
524 4754 651 4810 tam
690 4737 977 4809 fortassis
1013 4766 1097 4809 ex
1127 4747 1348 4809 animo
1375 4747 1697 4824 scribunt,
1731 4764 1930 4826 quam
1963 4749 2324 4810 ostentandi
2363 4747 2602 4828 ingenii
2629 4765 2853 4823 causa,
2885 4757 3078 4828 atque
3100 4753 3180 4812 ob
3209 4755 3429 4814 nescio

131 4866 336 4926 quam
375 4849 674 4929 projectie
715 4849 1096 4912 temeritatis
1143 4849 1473 4912 libidinem
1509 4849 1813 4928 carpendi
1850 4855 2094 4914 veteres
2141 4850 2384 4918 Patres,
2428 4866 2462 4908 a
2497 4865 2779 4925 quorum
2827 4850 2946 4913 ﬁde
2994 4851 3422 4915 desciverunt.

135 4949 308 5010 Nihil
353 4949 496 5010 dico
527 4949 601 5011 de
636 4947 997 5023 catholicis,
1025 4949 1079 5008 si
1116 4966 1260 5027 quae
1294 4966 1520 5009 eorum
1557 4954 1710 5008 sunt
1739 4966 2035 5009 censurae
2070 4948 2190 5008 hac
2218 4947 2295 5006 de
2327 4965 2420 5023 re,
2445 4965 2590 5024 qum
2615 4964 2773 5009 sane
2803 4949 3119 5027 ejusmodi
3151 4959 3326 5022 sunt,
3356 4960 3431 5014 ut

139 5048 537 5131 Hieronymo
581 5049 743 5112 nihil
767 5048 1132 5121 detrahunt,
1167 5049 1276 5111 sed
1305 5049 1627 5112 studiosos
1657 5050 1967 5122 excitent,
1998 5053 2066 5108 ut
2101 5047 2322 5108 sedulo
2349 5047 2816 5113 Ecclesiasticm
2853 5048 3235 5111 eruditionis
3276 5058 3427 5112 stu—

141 5150 273 5229 dio,
308 5170 491 5218 suam
517 5153 754 5231 cuique
778 5151 1044 5214 Auctori
1072 5152 1459 5214 sententiam
1490 5150 1756 5214 reddere
1791 5151 2006 5214 sciant
2039 5171 2054 5209 :
2089 5151 2261 5228 quod
2295 5156 2468 5212 certe
2501 5152 2565 5210 in
2595 5170 2899 5233 magnum
2945 5170 3281 5216 sacrarum
3326 5156 3427 5218 lit-

145 5258 451 5324 terarum,
487 5259 547 5314 et
575 5271 719 5314 cum
751 5251 976 5330 primis
1006 5251 1530 5332 Hieronymianm
1561 5251 1852 5314 lectionis
1876 5251 2280 5312 commodum
2307 5250 2507 5314 cedat.
2536 5253 2716 5314 Hanc
2757 5254 2887 5316 fere
2919 5273 3180 5332 Operam
3201 5257 3267 5316 S.
3295 5257 3427 5316 Ba—

145 5355 355 5430 silius,
377 5359 443 5418 et
463 5356 814 5433 Gregorius
836 5353 1312 5427 Nazianzenus,
1330 5356 1760 5432 cognomento
1781 5353 2176 5432 Theologus,
2201 5352 2611 5431 Origenianis
2635 5355 3096 5433 scriptionibus
3121 5355 3427 5417 feruntur

145 5453 548 5533 impendisse,
585 5461 654 5516 ut
689 5455 1032 5535 dogmatis,
1061 5471 1212 5532 quin
1235 5454 1436 5531 ipsius
1465 5455 1753 5534 prepria,
1783 5460 1983 5534 atque
2026 5455 2110 5517 ab
2161 5455 2441 5517 aliorum
2493 5455 2743 5533 placitis
2779 5457 3212 5534 discrepantia
3240 5458 3424 5521 vide-

146 5560 384 5628 rentur,
415 5557 478 5618 X
504 5556 832 5635 geminum
853 5555 1214 5634 alﬁgerent,
1233 5556 1709 5618 Platonicorum
1732 5558 2065 5635 more,qui
2092 5558 2472 5637 magistrum
2499 5577 2692 5620 suum
2725 5560 3113 5636 lectitantes,
3143 5561 3282 5622 loca
3315 5559 3421 5621 in-

149 5653 352 5734 signia
385 5673 463 5719 eo
501 5657 872 5720 charactere
902 5659 1322 5732 denuntiant,
1347 5664 1423 5722 ut
1461 5660 1523 5722 in
1561 5661 1826 5726 Plutone
1865 5664 2164 5728 Laertius
2212 5665 2434 5727 refert.
2474 5667 2684 5744 Atque
2722 5667 2785 5726 id
2837 5665 3096 5744 quidem
3129 5672 3435 5745 praestare

156 5773 294 5850 nos,
321 5765 573 5842 quanta
601 5761 782 5852 licuit
802 5761 1137 5845 diligentia
1167 5761 1647 5844 contendimus,
1677 5783 2078 5854 operamque
2109 5767 2172 5828 in
2199 5766 2328 5836 hoc
2347 5770 2634 5831 nostram
2663 5766 2947 5833 exime
2967 5767 3438 5848 subsequentcs
