4042 6306
648 243 753 301 767
2104 242 2496 300 ΡΚΑΩΥΑΊΊΟ.
3840 234 3923 289 763

646 360 801 420 tomi
822 405 840 436 ,
878 360 988 439 qui
1027 361 1140 420 toti
1174 361 1665 425 Commentariis
1694 363 2015 436 constant,
2043 360 2450 440 probabunt;
2490 373 2663 418 nunc
2711 356 2866 433 quid
2910 356 2976 415 in
3016 354 3136 416 hoc
3174 351 3417 426 Tertio,
3454 367 3538 413 ex
3576 364 3707 427 quo
3743 348 3930 411 Com-

646 461 1004 521 mentarios
1036 462 1479 540 auspicamur,
1512 461 1891 522 adornando
1925 460 2410 539 prastiterimus
2435 504 2449 532 ,
2478 456 2818 519 dicendum
2852 463 2969 518 est.

728 559 888 620 Cum
924 561 1219 640 singulos
1244 562 1751 624 Commentarios
1786 563 1865 623 ad
1897 579 2041 622 eum
2070 563 2389 632 ordinem,
2422 579 2614 639 quem
2644 560 2790 638 ipsi,
2822 560 2931 637 qui
2968 558 3383 618 illustrantur
3412 554 3577 617 sacri
3632 553 3782 613 libri
3829 553 3931 611 ob-

647 661 879 731 tinent,
912 662 1226 742 digerere,
1258 680 1333 724 ac
1368 682 1707 725 recensere
1739 681 1999 726 necesse
2028 666 2136 740 sit,
2165 665 2291 727 duo
2320 672 2529 726 tamen
2560 663 2914 744 Opuscula,
2949 678 3228 738 quorum
3251 660 3526 721 alterum
3550 656 3623 716 dc
3654 653 3941 718 Nomini-

649 760 789 836 bus,
816 763 1093 823 alterum
1139 762 1213 824 de
1244 763 1589 842 Scriptura
1611 766 1794 827 Locis
1824 767 2225 839 inscribitur,
2260 767 2730 847 praposuimus
2768 765 3089 825 universa
3119 760 3507 831 collectioni,
3544 763 3767 835 utpote
3812 772 3943 833 qua

649 879 782 923 non
814 881 1007 925 unam
1039 870 1151 926 aut
1179 864 1453 926 alteram
1484 864 1830 945 Scriptura
1859 873 2105 944 partem
2133 885 2213 928 ex
2228 873 2498 945 ponant,
2536 866 2645 927 sed
2681 872 2877 927 totam
2929 865 2994 923 in
3042 880 3116 924 ea
3149 879 3295 940 qua
3326 859 3618 937 subjecta
3647 857 3947 918 materies

648 971 772 1040 est,
804 964 1298 1043 amplectantur,
1338 971 1399 1025 et
1434 966 1715 1044 quodam
1770 967 1962 1027 veluti
2011 969 2370 1045 Apparatu,
2425 973 2557 1027 tum
2617 966 2736 1045 ipsi
2790 965 3161 1042 Scriptura,
3210 981 3356 1025 cum
3416 960 3945 1039 Hieronymianis

649 1064 1140 1126 Commentariis
1170 1068 1369 1145 probe
1419 1065 1852 1145 intelligendis
1892 1067 2059 1127 viam
2098 1068 2413 1127 muniant.
2449 1066 2733 1126 Priorem
2772 1064 3007 1124 librum
3058 1070 3307 1124 veteres
3350 1060 3627 1121 editores
3680 1059 3953 1118 minoris

648 1184 808 1228 sane
841 1167 1152 1244 fecerunt,
1188 1168 1322 1228 sive
1352 1169 1521 1246 quod
1552 1186 1826 1247 parvum
1855 1185 1892 1230 a
1932 1170 2137 1230 sterili
2183 1170 2453 1229 materia
2500 1167 2619 1228 sibi
2660 1166 2868 1227 laudis
2900 1164 3180 1225 fructum
3214 1167 3575 1241 sperarent,
3616 1162 3750 1221 sive
3785 1161 3954 1237 quod

648 1265 965 1344 imperitis
998 1282 1183 1326 suam
1218 1268 1473 1344 probari
1509 1285 1695 1346 posse
1734 1284 1997 1347 Operam
2031 1286 2158 1328 non
2195 1269 2693 1329 arbitrarentur.
2748 1268 3043 1343 Nupcrus
3090 1282 3245 1326 vero
3292 1263 3956 1341 Hieronymianarum

646 1365 1096 1440 Quastionum
1131 1369 1373 1428 Auctor
1402 1387 1571 1441 eum,
1611 1374 1681 1429 ut
1717 1376 1779 1431 et
1814 1370 2160 1449 plerosque
2188 1371 2349 1433 alios
2372 1370 2749 1449 Hieronymi
2785 1370 3069 1443 labores,
3095 1366 3256 1426 nihil
3288 1383 3453 1436 esse,
3493 1370 3603 1425 aut
3636 1381 3954 1442 perquam

649 1468 905 1545 exigua
951 1469 1245 1529 utilitatis
1284 1471 1649 1532 blateravit.
1700 1471 1814 1535 Cui
1863 1476 2054 1533 tanta
2103 1471 2380 1532 hominis
2432 1471 2771 1534 temeritati
2828 1470 3031 1531 multa
3081 1468 3366 1546 reposuit
3413 1467 3838 1527 Martianaus
3897 1466 3955 1523 in

647 1567 964 1646 Apologia
1000 1592 1014 1629 :
1056 1570 1327 1646 palmari
1362 1575 1577 1630 autem
1606 1569 1728 1630 hoc
1764 1587 1897 1630 uno
1940 1576 2323 1649 argumento
2353 1570 2607 1631 retundi
2637 1574 2915 1649 poterat.
2945 1567 3081 1628 Sint
3127 1567 3474 1638 interdum,
3509 1572 3580 1627 ut
3614 1566 3770 1631 vult,
3807 1565 3956 1625 vio-

650 1665 845 1727 lenta
880 1667 1172 1745 quadam
1204 1668 1627 1746 etymologia,
1662 1669 1789 1729 sint
1816 1669 1959 1731 alia
1987 1669 2432 1745 subabsurda,
2470 1670 2601 1729 sint
2644 1672 2707 1729 et
2734 1676 2959 1729 contra
3008 1669 3245 1746 lingua
3275 1667 3624 1745 ingenium,
3656 1682 3790 1725 non
3835 1665 3955 1725 hoc

654 1771 871 1828 tamen
907 1767 1060 1827 vitio
1095 1772 1305 1828 vertas
1342 1768 1768 1848 Hieronymo,
1821 1771 1932 1847 qui
1969 1769 2138 1831 hanc
2189 1786 2227 1831 a
2279 1788 2346 1830 se
2398 1770 2652 1847 culpam
2705 1769 3086 1847 deprecatur
3116 1769 3179 1828 in
3229 1768 3622 1844 Prafatione,
3654 1765 3952 1842 dumque

648 1867 1059 1945 prOpositum
1094 1866 1389 1928 Gracum
1421 1868 1781 1945 exemplar,
1819 1867 2267 1945 proutdecuit,
2302 1866 2571 1928 fideliter
2602 1868 2812 1939 vertit,
2862 1866 3135 1926 subinde
3177 1867 3374 1927 etiam
3410 1866 3699 1927 lectorem
3740 1882 3951 1927 suum

646 1966 927 2041 monuit,
966 1984 1045 2027 ne
1092 1984 1222 2043 qua
1276 1966 1435 2028 falsa
1472 1968 1750 2028 nominis
1784 1968 2321 2047 interpretatione
2376 1967 2804 2044 deciperetur.
2851 1966 3238 2027 Econtrario
3296 1983 3591 2045 magnam
3642 1967 3867 2026 inierit
3913 1982 3949 2027 a

656 2068 845 2127 nobis
881 2068 1183 2146 gratiam,
1212 2070 1382 2147 quod
1416 2088 1564 2131 eum
1609 2071 1870 2130 Librum
1904 2071 2131 2131 Latine
2177 2070 2460 2142 verterit,
2498 2087 2575 2130 ac
2610 2069 2843 2146 sapius
2873 2070 3254 2143 emendarit,
3302 2088 3433 2146 quo
3483 2069 3945 2149 propemodum

648 2184 783 2229 uno
804 2177 865 2229 et
881 2168 1082 2231 Graci
1110 2170 1379 2249 pridem,
1400 2178 1462 2231 et
1488 2177 1711 2249 postea
1730 2171 1937 2232 Latini
1965 2172 2258 2251 plerique
2282 2188 2506 2231 omnes
2532 2178 2909 2231 tractatores
2930 2172 3029 2231 usi
3047 2181 3197 2231 sunt
3214 2172 3289 2232 ad
3311 2172 3696 2250 allegoricos
3715 2188 3942 2232 sensus

649 2289 729 2333 ex
764 2273 1097 2333 nominum
1128 2272 1601 2351 significatione
1645 2272 2021 2352 captandos,
2068 2280 2128 2334 et
2171 2290 2301 2349 quo
2351 2274 2509 2334 adeo
2542 2278 2674 2333 tota
2699 2289 2921 2331 eorum
2983 2271 3359 2350 tropologia
3394 2272 3583 2345 ratio,
3640 2277 3944 2350 tantaque

650 2378 1060 2454 antiquitatis
1095 2378 1406 2438 memoria
1442 2379 1830 2439 continetur.

731 2477 853 2552 Qui
882 2478 1302 2557 subsequitur
1326 2477 1399 2539 de
1424 2477 1781 2538 Palaestina
1809 2478 2020 2551 Locis,
2052 2496 2133 2538 ex
2162 2478 2421 2539 Eusebii
2451 2478 2699 2551 Graco,
2731 2495 2923 2556 quem
2958 2494 3089 2539 una
3124 2481 3687 2556 reprasentamus,
3720 2476 3943 2536 Latine

653 2581 735 2641 ab
770 2580 1170 2659 Hieronymo
1218 2584 1310 2640 est
1360 2578 1692 2639 redditus:
1742 2579 2036 2657 nihilque
2078 2580 2210 2657 jam
2256 2578 2397 2638 dico
2424 2578 2501 2639 de
2556 2595 2808 2639 summa
2848 2578 2987 2656 ejus
3025 2578 3417 2655 prastantia,
3449 2593 3647 2655 quam
3705 2583 3942 2637 temere

651 2684 818 2744 idem
850 2684 1253 2745 conviciator
1276 2682 1619 2742 imminuit.
1652 2682 1791 2741 Erit
1817 2681 2085 2741 fortasse
2111 2700 2192 2743 ex
2228 2681 2345 2740 hac
2373 2685 2591 2739 nostra
2618 2679 2810 2757 hujus
2836 2680 3129 2756 opusculi
3158 2679 3761 2757 recognitione,cur
3791 2680 3941 2739 satis

649 2781 835 2840 illum
871 2784 1172 2860 paniteat
1207 2797 1444 2859 magno
1495 2779 1890 2857 Hieronymo
1920 2779 2101 2838 dictis
2133 2780 2423 2855 superbis
2479 2780 2778 2839 illusisse.
2837 2780 3093 2839 Nullum
3136 2779 3267 2840 fere
3302 2781 3540 2849 locum,
3593 2796 3796 2856 quem
3846 2778 3943 2835 ille

658 2883 1045 2963 suggillarit,
1080 2884 1357 2945 liberare
1393 2883 1719 2945 calumnia
1750 2880 2277 2960 pratermisimus
2313 2881 2375 2939 in
2415 2882 2605 2950 notis,
2648 2882 2709 2940 in
2743 2882 2978 2959 quibus
3028 2881 3174 2942 data
3208 2881 3550 2942 occasione
3582 2880 3942 2949 lectionem,

660 2984 1389 3062 interpretationemque
1421 2983 2017 3061 Hieronymianam,
2051 2989 2163 3040 aut
2199 2982 2483 3041 vitiatam
2528 2983 2888 3041 scribarum
2924 2982 3176 3044 incuria
3227 2982 3655 3056 restituimus,
3695 2990 3816 3041 aut
3849 2988 3945 3039 te-

655 3100 832 3143 mere
862 3082 1186 3159 culpatam
1212 3080 1630 3143 defendimus.
1665 3080 1821 3141 Nam
1862 3086 1920 3139 et
1959 3078 2223 3139 feliciori
2256 3097 2451 3156 quam
2490 3080 2599 3138 ulti
2645 3086 2838 3141 antea
2869 3081 3185 3141 editorum
3240 3080 3510 3158 hujusce
3552 3081 3697 3140 libri
3732 3080 3945 3141 conti-

656 3183 843 3263 gerit,
908 3182 1166 3243 fortuna
1216 3185 1388 3256 utor,
1431 3182 1539 3259 qui
1596 3199 1743 3242 cum
1795 3180 2124 3242 Vaticana
2180 3181 2591 3241 Bibliotheca
2623 3180 2869 3241 loculos
2921 3181 3282 3258 diligentia,
3330 3188 3569 3259 quanta
3628 3193 3943 3259 poteram,

656 3284 939 3344 maxima
986 3282 1475 3361 perlustrarem,
1512 3281 1676 3340 inter
1726 3279 1878 3351 alia,
1932 3295 2077 3355 qua
2126 3278 2203 3338 ad
2260 3297 2394 3339 rem
2450 3297 2654 3340 meam
2692 3280 2996 3349 facerent,
3036 3280 3379 3341 Eusebiani
3430 3298 3691 3357 quoque
3729 3288 3943 3342 textus

653 3385 992 3462 exemplar
1028 3399 1221 3443 manu
1257 3390 1624 3456 exaratum,
1661 3382 1817 3443 satis
1850 3382 2215 3458 antiquum,
2243 3387 2433 3459 atque
2469 3383 2723 3460 optima
2751 3400 2897 3443 cum
2924 3386 3145 3460 primis
3177 3392 3343 3444 nota
3379 3384 3800 3464 deprehendi,
3834 3405 3945 3446 cu-

646 3487 925 3567 jusmodi
963 3487 1216 3547 nullum
1250 3495 1509 3548 exstare
1541 3487 1705 3546 docti
1748 3487 1865 3546 viri
1914 3486 2503 3562 conquerebantur.
2550 3485 2866 3544 Nimirum
2916 3491 3041 3545 tres
3096 3491 3344 3545 tantum
3394 3486 3705 3546 hactenus
3762 3488 3945 3546 inno-

654 3594 913 3649 tuerant
940 3587 1078 3666 ejus
1108 3587 1419 3665 Opusculi
1451 3587 1697 3648 codices
1730 3606 1882 3648 mss.
1914 3605 2191 3664 quorum
2226 3588 2503 3665 primum
2536 3587 2911 3648 Bonfrerius
2948 3606 2982 3648 e
3012 3589 3401 3650 bibliotheca
3426 3591 3622 3668 Regia
3658 3592 3943 3651 Parisina

654 3687 869 3753 edidit,
902 3686 1319 3747 Martianaus
1356 3687 1726 3765 recognovit
1762 3707 1775 3745 :
1808 3687 2083 3746 alterum
2112 3686 2506 3747 Oxoniensis
2539 3696 2751 3749 servat
2779 3690 3119 3750 Academia
3155 3710 3170 3749 :
3207 3691 3465 3751 tertium
3499 3692 3796 3768 Lugduni
3836 3693 3941 3750 Ba-

655 3793 953 3846 tavorum
987 3802 1023 3845 e
1077 3785 1389 3845 Vossiana
1442 3785 1831 3847 bibliotheca
1877 3785 1940 3844 in
1986 3786 2303 3862 publicam
2341 3787 2480 3864 ejus
2519 3788 2877 3849 Academia
2906 3790 3253 3851 Curatores
3290 3792 3592 3851 dicuntur
3621 3792 3936 3852 intulisse.

658 3886 737 3946 At
769 3885 959 3965 hujus
994 3885 1369 3966 inspiciendi
1405 3886 1654 3965 copiam
1689 3886 1926 3946 nemini
1966 3886 2272 3946 hactenus
2308 3886 2536 3947 factam
2580 3888 3005 3950 Ilhenferdius
3046 3891 3213 3951 dolet
3250 3915 3264 3951 :
3316 3892 3750 3953 Oxoniensem
3792 3910 3942 3954 vero

654 4002 690 4048 a
722 3986 1014 4046 Parisino
1051 3992 1201 4045 ante
1232 4003 1470 4064 paucos
1508 4003 1713 4045 annos
1744 3985 1943 4046 fuisse
1979 3985 2399 4065 descriptum,
2436 3988 2546 4063 qui
2586 3988 2676 4046 illi
2730 3988 3139 4051 Bibliotheca
3182 3999 3464 4068 prasunt
3497 4010 3625 4052 non
3660 3992 3943 4053 difﬁten—

650 4090 780 4145 tur.
819 4084 916 4143 Ex
966 4101 1096 4144 uno
1129 4084 1322 4162 igitur
1353 4085 1553 4162 Regio
1587 4083 1883 4161 exemplo
1910 4084 2237 4146 adornata
2270 4085 2580 4146 hactenus
2618 4087 2927 4149 editiones
2958 4090 3336 4154 derivantur
3366 4114 3381 4153 :
3413 4092 3569 4152 illud
3627 4111 3778 4153 vero
3839 4095 3939 4152 vix

651 4185 824 4245 dictu
859 4190 978 4256 est,
1016 4184 1277 4262 quantis
1331 4192 1575 4244 scateat
1611 4182 1881 4257 mendis,
1919 4201 2117 4262 quam
2150 4186 2314 4247 male
2351 4187 2749 4257 mulctatum,
2787 4191 3104 4262 luxatum,
3146 4193 3499 4271 multisque
3544 4195 3687 4254 aliis
3735 4194 3935 4254 modis

652 4272 930 4363 pessime
962 4282 1256 4344 habitum
1303 4283 1405 4342 sit.
1436 4282 1485 4341 E
1510 4283 1838 4344 contrario
1876 4282 2048 4361 quod
2080 4286 2233 4344 mihi
2268 4285 2488 4347 datum
2524 4293 2618 4348 est
2662 4291 2971 4367 reperire,
3010 4295 3257 4355 tametsi
3296 4295 3469 4354 omni
3500 4311 3759 4372 prorsus
3789 4294 3941 4353 vitio

652 4401 784 4445 non
817 4394 1055 4459 careat,
1089 4391 1185 4447 est
1216 4391 1428 4447 tamen
1461 4392 1592 4446 tum
1624 4386 1827 4445 atatis
1858 4386 2059 4446 multo
2093 4388 2489 4462 vetustioris,
2526 4408 2802 4468 quaque
2828 4392 3147 4454 decimum
3200 4396 3506 4456 saculum
3554 4401 3935 4470 anteverlat,

656 4501 802 4545 cum
837 4484 1025 4564 longe
1062 4487 1528 4563 prastantioris
1562 4491 1727 4547 nota
1759 4504 1773 4543 :
1806 4484 1993 4564 cujus
2019 4502 2139 4563 Ope
2167 4492 2257 4546 tot
2282 4487 2531 4551 vitiosa
2557 4495 2749 4551 antea
2796 4491 3099 4553 lectiones
3134 4495 3584 4569 restituuntur,
3639 4498 3734 4553 tot
3780 4511 3938 4572 sup-

654 4585 917 4664 plentur
946 4584 1219 4662 lacuna,
1246 4594 1320 4647 ut
1368 4606 1451 4649 ex
1498 4604 1575 4648 eo
1622 4588 1903 4667 primum
1954 4591 2202 4669 integer
2241 4592 2502 4653 Eusebii
2534 4600 2745 4657 textus
2778 4596 2841 4656 in
2889 4597 3096 4659 lucem
3133 4602 3392 4681 prodire
3435 4603 3747 4663 videatur.
3796 4598 3933 4659 Fuit

651 4690 805 4751 olim
852 4690 971 4751 iste
1000 4693 1329 4769 quantivis
1358 4693 1547 4772 pretii
1583 4710 1704 4753 ms.
1733 4692 2137 4754 celeberrimi
2165 4696 2513 4758 cardinalis
2549 4697 2787 4774 Sirleti,
2820 4717 2993 4761 nunc
3029 4701 3198 4762 inter
3230 4702 3573 4764 Vaticanos
3605 4715 3934 4763 numerum

652 4796 825 4852 tenet
861 4788 1043 4865 11.56,
1077 4792 1411 4869 multaque
1459 4790 1589 4852 alia
1633 4788 1713 4852 ad
1746 4807 1881 4851 rem
1915 4796 2204 4853 nostram
2237 4798 2545 4867 continet,
2584 4813 2729 4874 qua
2780 4813 2900 4857 suo
2951 4798 3093 4860 loco
3152 4800 3219 4860 in
3279 4800 3517 4862 Graca
3562 4796 3933 4879 Appendicis

656 4890 1108 4953 Admonitione
1143 4907 1603 4951 memoramus.

733 4993 878 5054 Jam
910 4994 993 5053 ab
1032 4993 1153 5053 hoc
1183 4992 1532 5052 universali
1584 4994 1917 5070 Apparatu
1970 4994 2191 5071 prima
2219 5000 2573 5056 occurrunt
2620 4998 3005 5072 Quwstiones
3034 4999 3358 5063 Hebraicce
3392 5002 3461 5061 in
3492 5002 3791 5070 Gcnesim,
3825 5001 3933 5059 Ju—

667 5094 1003 5155 daicarum
1046 5094 1519 5163 Traditionum,
1552 5094 2132 5173 reconditiorisque
2160 5095 2466 5157 doctrina
2497 5098 2864 5159 thesaurus.
2895 5100 3226 5179 Ejusmodi
3256 5103 3545 5164 laborem
3583 5105 3649 5162 in
3686 5108 3933 5163 cateros

664 5211 929 5274 quoque
960 5193 1305 5271 Scriptura
1342 5192 1542 5254 libros
1596 5196 1866 5257 adorsus
1915 5203 2011 5257 est
2047 5196 2109 5259 S.
2143 5198 2364 5269 Pater;
2410 5196 2520 5259 sed
2554 5200 3088 5276 quemadmodum
3133 5204 3194 5261 in
3246 5204 3532 5280 generali
3573 5202 3931 5263 Prafatione

660 5294 1082 5361 ostendimus,
1112 5300 1225 5352 aut
1254 5292 1514 5352 minime
1543 5293 1831 5370 perfecit,
1863 5312 2008 5372 qua
2035 5294 2113 5356 ad
2165 5295 2387 5355 rudem
2422 5313 2645 5356 earum
2678 5303 3047 5358 contextum
3100 5300 3586 5374 informaverat,
3631 5304 3746 5363 aut
3774 5293 3928 5379 quod

666 5400 932 5478 propius
969 5395 1046 5457 ad
1078 5393 1264 5456 fidem
1297 5394 1572 5472 videtur,
1611 5402 1856 5457 mutato
1884 5397 2181 5472 consilio,
2211 5416 2355 5459 cum
2389 5403 2609 5477 postea
2636 5398 3150 5461 Commentarios
3177 5402 3564 5473 elaboraret,
3596 5402 3756 5462 liciis
3794 5401 3927 5463 illis.

669 5499 1251 5581 quatumultuario
1264 5509 1700 5579 congesserat,
1718 5519 1875 5562 usus
1898 5504 2025 5560 est:
2044 5498 2761 5579 autdeniquequidquid
2788 5500 2943 5561 illud
2964 5504 3352 5581 essetOperis
3372 5504 3542 5563 intra
3565 5502 3930 5562 domesticos

662 5602 938 5680 parietes
982 5599 1291 5674 cohibuit,
1322 5617 1444 5661 nec
1482 5598 1779 5660 editionis
1813 5598 2041 5657 honori
2066 5599 2378 5678 permisit.
2411 5600 2595 5661 Certe
2620 5618 2766 5660 cum
2797 5617 2913 5678 per
2935 5601 2994 5659 id
3022 5603 3354 5681 temporis,
3379 5619 3511 5679 quo
3536 5603 3615 5661 iis
3643 5600 3932 5675 Quastio‘

674 5702 863 5761 nibus
896 5701 1287 5764 adornandis
1312 5700 1747 5772 incumbebat,
1780 5717 1946 5778 sape
1978 5716 2114 5779 eas,
2140 5707 2202 5762 et
2227 5702 2508 5768 maxime
2540 5703 2602 5762 in
2634 5702 2799 5762 libro
2842 5702 2916 5762 de
2942 5702 3125 5764 Locis
3164 5708 3493 5777 memoret,
3523 5706 3667 5779 post
3697 5701 3927 5779 aliquot
