4042 6282
105 246 239 305 769
1605 256 2000 317 PBEFATIO.
3327 256 3435 314 770

102 381 349 426 annos
381 382 533 428 suos
570 366 703 446 ipse
732 367 931 430 libros
968 370 1030 429 in
1064 370 1373 449 Catalogo
1406 390 1777 446 recensens,
1815 380 2047 451 praeter
2079 372 2251 446 illas,
2282 388 2426 449 qua)
2472 372 2825 447 supersunt
2858 369 3064 431 unicae
3101 372 3169 431 in
3210 369 3433 432 Gene—

100 463 279 532 sim,
332 466 577 526 nullam
613 466 1077 528 Hebraicarum
1115 468 1558 541 Quaastionum
1613 472 2008 533 mentionem
2060 470 2231 539 facit,
2274 476 2341 530 ut
2387 469 2728 529 manifesto
2774 470 3117 548 nonjalias
3158 470 3219 528 in
3270 485 3435 529 suo-

101 581 279 623 rum
320 566 632 627 librorum
666 586 864 628 censu
892 584 1033 628 esse
1057 566 1437 630 declararet.

196 666 385 728 Hinc
415 668 642 747 grandi
673 668 851 728 hiatu
884 666 1261 728 intermedio
1290 668 1368 729 ad
1401 668 1895 730 Commentarios
1920 669 1985 728 in
2014 667 2443 730 Ecclesiasten
2475 668 3134 747 progredimur,quos
3168 667 3436 744 plurimi

102 766 364 828 fecisse
399 771 533 845 ipse
566 770 809 829 Auctor
840 768 1114 839 videtur,
1144 767 1462 846 siquidem
1491 772 1569 830 ad
1592 786 1700 829 eos
1731 787 1921 845 saepe,
1959 776 2027 828 ut
2058 786 2240 829 suam
2270 769 2499 829 liberet
2531 766 2739 837 fidem,
2772 772 2997 829 contra
3050 767 3260 827 Ruﬁni
3312 786 3437 829 ca—

96 866 411 927 lumnias
442 874 770 945 provocat.
820 868 1065 929 Exinde
1105 870 1373 929 veniunt
1416 870 1559 931 dure
1585 871 1653 931 in
1676 869 2007 931 Canticum
2032 870 2441 932 Canticorum
2477 870 2800 940 Homilies,
2832 888 2994 948 quas
3030 887 3108 929 ex
3133 869 3439 950 Origenis

102 968 356 1029 Graeco
390 968 615 1027 Latine
646 968 1019 1043 explicavit,
1059 986 1311 1030 summa
1340 968 1591 1029 illectus
1623 967 2133 1029 elucubrationis
2164 968 2302 1048 ejus
2338 968 2687 1047 elegantia,
2719 974 2789 1028 ut
2824 969 3035 1029 dicere
3067 985 3194 1027 non
3242 969 3439 1030 dubi-

101 1067 307 1139 tarit,
339 1066 507 1144 quod
543 1084 688 1127 cum
725 1066 1037 1143 Origenes
1074 1067 1140 1127 in
1174 1066 1417 1128 caeteris
1457 1066 1637 1127 libris
1668 1084 1894 1129 omnes
1928 1068 2177 1143 vicerit,
2211 1070 2272 1128 in
2318 1067 2582 1128 Cantico
2616 1069 3016 1128 canticorum
3047 1066 3185 1143 ipse
3236 1084 3304 1127 se
3334 1068 3439 1128 vi-

100 1170 312 1229 cerit.
380 1171 591 1247 Atque
649 1170 783 1231 haec
835 1170 1121 1248 quidem,
1183 1189 1328 1247 qua:
1384 1170 1665 1247 priorem
1726 1170 1913 1245 quasi
1976 1176 2221 1245 partem
2278 1168 2547 1247 hujusce
2607 1168 2755 1227 torni
2818 1166 3099 1243 explent,
3157 1166 3443 1244 genuina

102 1269 173 1329 S.
222 1270 522 1330 Doctoris
553 1271 944 1331 monimenta
976 1277 1151 1343 sunt,
1189 1288 1332 1347 quae
1363 1288 1516 1331 mss.
1556 1270 2005 1347 editorumque
2042 1270 2357 1329 librorum
2390 1269 2679 1329 subsidio
2707 1268 2846 1329 dedi
2894 1285 3182 1348 Operam,
3234 1279 3303 1328 ut
3357 1270 3439 1331 ab

102 1372 518 1446 innumeris,
557 1372 764 1447 iisque
804 1370 1162 1432 foedissimis
1202 1370 1445 1431 mendis
1492 1387 1934 1449 repurgarent,
1984 1371 2389 1448 pristinoque
2435 1388 2555 1431 suo
2594 1370 2813 1442 nitori,
2854 1370 3067 1447 quoad
3118 1370 3254 1449 ejus
3298 1371 3439 1433 fieri

102 1474 370 1547 posset,
398 1469 825 1530 restituerem.

196 1572 555 1649 Reliquum
583 1577 702 1642 est,
735 1578 805 1631 ut
835 1570 911 1633 ad
945 1589 1137 1648 quem
1185 1570 1440 1648 singula
1477 1585 1721 1630 annum
1754 1568 2091 1631 referenda
2122 1570 2278 1642 sint,
2318 1586 2636 1630 moneam.
2680 1570 2888 1646 Atque
2926 1569 3239 1631 Homilias
3269 1572 3434 1647 qui-

114 1673 275 1733 dem
313 1673 375 1732 in
406 1672 740 1734 Canticum
774 1672 1173 1732 canticorum
1207 1677 1273 1729 ut
1305 1671 1386 1729 ab
1415 1669 1513 1729 his
1544 1668 1873 1745 incipiam,
1911 1686 2054 1746 quas
2084 1685 2118 1728 a
2172 1670 2417 1729 caeteris
2463 1668 2740 1747 longiori
2794 1669 3030 1730 distant
3069 1670 3443 1748 intervallo,

112 1794 201 1836 ex
237 1793 350 1846 eo,
388 1774 557 1853 quod
594 1774 887 1852 proxime
920 1781 1066 1833 ante
1099 1772 1336 1831 librum
1364 1778 1590 1832 contra
1627 1770 1990 1830 Helvidium
2025 1772 2087 1829 in
2119 1772 2428 1847 Catalogo
2454 1779 2867 1841 censeantur.
2899 1778 2959 1832 et
2986 1772 3268 1834 Damaso
3297 1774 3440 1834 Ro-

117 1894 350 1937 mana:
389 1876 566 1936 urbis
600 1877 905 1952 epi5c0po
937 1874 1260 1949 inscriptae
1295 1872 1448 1946 sint,
1483 1872 1667 1931 facile
1698 1871 2019 1949 intelligas
2055 1888 2228 1933 anno
2255 1872 2374 1931 383
2408 1875 2771 1953 illigandas.
2818 1876 2973 1936 Nam
3007 1882 3066 1936 et
3105 1876 3442 1953 superiore

104 1978 389 2036 domum
418 1993 593 2037 anno
624 1974 703 2037 ad
732 1974 921 2033 finem
956 1980 1260 2049 vergente
1292 1971 1726 2046 Hieronymus
1756 1970 2029 2029 Romam
2061 1971 2252 2040 venit,
2287 1976 2347 2030 et
2377 1969 2686 2032 adversus
2726 1971 3090 2031 Helvidium
3133 1980 3201 2033 ut
3233 1974 3440 2034 serius

105 2076 487 2156 scripserit,
542 2082 933 2152 postremam
985 2072 1189 2149 ipsius
1225 2069 1344 2129 383
1375 2069 1528 2131 anni
1582 2076 1828 2146 partem
1885 2087 2011 2129 non
2068 2076 2164 2128 est
2202 2072 2698 2148 praetergressus
2732 2091 2746 2125 τ
2778 2072 3318 2148 quemadmodum
3374 2073 3441 2132 in

104 2178 399 2256 praeﬁxa
432 2176 509 2235 ad
546 2194 691 2235 eum
731 2176 967 2235 librum
995 2172 1449 2232 Admonitione
1482 2169 1902 2231 ostendimus.
1962 2168 2265 2247 Reliquos
2300 2178 2583 2246 quatuor
2638 2172 2837 2232 libros
2886 2174 3103 2232 statim
3139 2190 3176 2235 a
3215 2191 3445 2235 recen-

105 2280 317 2337 sione
348 2273 972 2337 Commentariorum
1001 2276 1064 2330 in
1096 2270 1273 2331 Pauli
1302 2269 1613 2345 Epistolas
1646 2269 1725 2329 ad
1758 2267 2044 2337 Galatas,
2075 2267 2411 2346 Ephesios,
2444 2269 2683 2338 Titum,
2715 2287 2791 2330 ac
2815 2270 3276 2345 Philemonem,
3317 2272 3441 2332 hoc

105 2379 260 2456 ipse.
294 2378 522 2437 ordine
558 2394 634 2436 ac
670 2375 834 2435 serie
862 2377 1202 2434 enumerat
1237 2371 1302 2429 in
1331 2370 1639 2445 Catalogo
1672 2390 1685 2428 :
1731 2367 2269 2427 ln'Ecclesiasten
2302 2368 2821 2429 Commentarios.
2854 2370 3282 2443 Quintianum
3310 2373 3437 2433 Hc-

106 2475 488 2536 braicarum
510 2473 577 2535 in
604 2472 888 2532 Genesim
919 2468 1147 2531 librum
1178 2487 1396 2528 unum.
1438 2468 1527 2526 De
1568 2466 1757 2526 Locis
1798 2466 2029 2527 librum
2062 2486 2281 2528 unum.
2316 2466 2775 2530 Hebraicorum
2830 2470 3173 2533 Nominum
3209 2472 3443 2534 librum

104 2594 349 2637 unum.
384 2575 477 2634 Ex
508 2590 641 2653 quo
670 2574 819 2632 licet
847 2570 1124 2650 primum
1157 2569 1238 2628 ab
1267 2570 1546 2627 Auctore
1570 2565 1714 2643 ipso
1743 2566 2126 2645 intelligere,
2157 2584 2348 2642 quem
2378 2566 2544 2626 inter
2576 2586 2643 2627 se
2668 2568 2947 2629 habeant
2976 2572 3181 2631 astatis
3220 2562 3438 2649 respo-

109 2686 330 2749 ctum,
374 2694 584 2753 neque
612 2674 782 2735 enim
814 2672 1007 2732 aliam
1056 2686 1253 2747 quam
1308 2669 1639 2746 temporis,
1672 2672 1742 2727 ut
1788 2685 1907 2746 ego
1936 2667 2196 2745 quidem
2225 2668 2549 2739 existimo,
2586 2670 2901 2731 rationem
2934 2672 2998 2731 in
3039 2673 3173 2733 suis
3215 2691 3437 2734 recen-

110 2781 344 2843 sendis
374 2780 629 2856 scriptis
678 2775 945 2838 habuit:
976 2792 1169 2851 quem
1202 2790 1356 2832 vero
1392 2771 1651 2851 proprie
1690 2787 1936 2832 annum
1967 2771 2240 2849 singulis
2275 2772 2522 2834 tribuas
2552 2773 2679 2835 alia
2713 2774 3000 2851 ejusdem
3039 2777 3438 2857 testimonia,

112 2862 407 2960 ipsaque
438 2897 653 2939 rerum
684 2876 887 2938 series
922 2873 1195 2935 docebit.
1244 2873 1429 2932 Enim
1461 2891 1618 2933 vero
1646 2872 2106 2945 Ecclesiasten,
2144 2873 2312 2950 quod
2352 2892 2433 2935 ex
2471 2875 2612 2952 ipsa
2648 2876 2785 2953 ejus
2813 2878 3026 2956 Operis
3061 2878 3441 2940 Praefatione

113 2990 364 3065 liquet,
414 2982 905 3048 Commentariis
942 2978 1290 3041 illustravit
1324 2977 1385 3038 S.
1440 2976 1677 3037 Doctor
1709 2983 1855 3055 post
1907 2977 2096 3055 ferme
2145 2976 2662 3056 quinquennium,
2698 2996 2780 3039 ex
2823 2996 2953 3057 quo
2984 2980 3165 3039 illum
3221 2980 3441 3043 Romae

118 3088 374 3167 degens
403 3086 471 3147 S.
503 3082 797 3145 Blwsillw
832 3082 1089 3159 legerat,
1122 3086 1189 3138 ut
1228 3094 1355 3136 eam
1394 3075 1474 3136 ad
1518 3082 1939 3152 contemptum
1990 3074 2176 3134 istius
2220 3073 2432 3135 seaculi
2458 3084 2865 3154 prouocaret.
2897 3076 3013 3137 His
3046 3096 3291 3139 annum
3324 3077 3445 3139 383

116 3186 456 3263 denotari,
491 3204 621 3264 quo
656 3183 939 3245 nondum
972 3180 1251 3242 Blresilla
1289 3177 1564 3252 perfecte
1593 3174 1831 3237 sasculo
1866 3174 2292 3248 valedixerat,
2324 3175 2736 3238 manifestum
2776 3182 2869 3239 est
2916 3198 2931 3237 :
2980 3178 3084 3239 cui
3131 3178 3185 3239 si
3243 3178 3445 3240 ferme

119 3286 658 3369 quinquennium
691 3281 1095 3361 adjunxeris,
1134 3296 1326 3353 quem
1363 3276 1488 3335 illis
1533 3274 1914 3335 ascribimus
1942 3271 2327 3335 388teneas.
2356 3274 2499 3334 Jam
2534 3275 2704 3352 quod
2748 3292 2880 3335 uno
2917 3275 3108 3336 simul
3151 3283 3441 3357 tempore

122 3399 191 3454 et
218 3389 627 3464 Quaastiones
660 3382 1034 3451 Hebraicas,
1073 3386 1133 3439 et
1172 3380 1368 3438 libros
1406 3376 1483 3438 de
1512 3376 1696 3436 Locis
1742 3380 1805 3434 et
1834 3375 1911 3434 de
1963 3373 2345 3435 Nominibus
2376 3375 2803 3451 elucubrarit,
2833 3394 2912 3437 ex
2947 3376 3326 3439 eorumdem
3362 3378 3443 3437 li-

128 3496 410 3555 brorum
441 3486 959 3557 Prasfationibus,
990 3481 1055 3540 in
1084 3480 1324 3559 quibus
1361 3477 1673 3538 alteruter
1718 3484 2119 3535 memoratur
2149 3482 2549 3551 compertum
2583 3482 2701 3537 est.
2739 3475 2920 3549 Quod
2958 3496 3107 3539 vero
3144 3478 3221 3538 ad
3260 3496 3447 3539 eum-

124 3591 280 3651 dem
323 3605 564 3650 annum
608 3582 728 3644 388
779 3581 1169 3659 pertineant,
1231 3578 1423 3657 plane
1458 3575 1780 3654 intelligas
1832 3593 1914 3635 ex
1949 3576 2078 3635 alia
2130 3574 2511 3637 Praefatione
2546 3576 2978 3639 Homiliarum
3026 3578 3323 3657 Origenis
3368 3578 3436 3641 in

127 3693 404 3759 Lucam,
440 3702 601 3766 quas
637 3685 757 3744 hoc
791 3683 930 3759 ipso
966 3696 1141 3741 anno
1171 3678 1431 3737 Latinas
1466 3677 1688 3736 fecisse
1723 3676 2217 3754 Hieronymum,
2252 3676 2409 3735 nihil
2448 3685 2540 3737 est
2575 3677 2841 3738 dubium
2870 3698 2883 3737 :
2921 3679 3259 3757 profitetur
3286 3697 3440 3740 vero

128 3793 224 3857 ibi
261 3812 353 3865 se,
389 3798 459 3850 ut
489 3804 714 3850 earum
750 3782 1032 3847 versioni
1067 3780 1491 3851 incumberet,
1522 3776 1983 3837 Hebraicarum
2012 3778 2430 3855 quaestionum
2464 3776 2696 3838 librum
2721 3779 3054 3857 paululum
3084 3781 3441 3859 prwtermi-

131 3895 313 3957 sisse.
348 3888 465 3950 Sed
506 3894 567 3949 et
603 3881 1138 3961 subsequentium
1184 3879 1248 3938 in
1288 3878 1595 3953 Catalogo
1629 3877 1944 3936 librorum
1980 3876 2203 3947 series,
2257 3884 2317 3937 et
2368 3879 2689 3956 praecipue
2730 3878 3090 3957 Didymiani
3142 3882 3440 3959 opusculi

136 3990 615 4071 interpretatio,
649 4005 844 4066 quam
879 3982 1172 4063 sequenti
1207 3998 1381 4040 anno
1416 3979 1860 4051 attribuimus,
1894 3995 2030 4038 rem
2060 3978 2267 4055 ipsam
2300 3978 2489 4055 plane
2522 3980 2951 4040 constituunt.

225 4097 314 4156 De
350 4091 959 4173 Appendice,quam
986 4084 1302 4166 duplicem
1336 4083 1483 4143 huic
1518 4087 1694 4142 tomo
1730 4082 2166 4153 annectimus,
2208 4098 2400 4143 unam
2436 4082 2831 4153 Graecorum,
2866 4084 3135 4146 alteram
3175 4085 3448 4147 Latino-

144 4220 289 4264 rum
319 4210 705 4281 συνταγμάτων,
740 4189 991 4269 praefari
1031 4188 1243 4248 multis
1275 4204 1406 4247 non
1441 4188 1715 4266 Oportet.
1756 4182 1893 4243 Hoc
1926 4200 2042 4242 nos
2071 4200 2267 4243 onere
2307 4184 2586 4259 praefixae
2617 4184 2963 4263 Opusculis
3016 4185 3141 4245 illis
3193 4184 3445 4246 Admo-

154 4304 426 4366 nitiones
462 4310 811 4375 utcumque
844 4295 1061 4354 levant
1104 4290 1325 4349 critica
1368 4288 1479 4349 illa
1511 4297 1767 4371 ἀκριϐείᾳ,
1806 4302 1949 4359 qua:
2006 4301 2152 4344 cum
2187 4283 2251 4343 in
2307 4287 2610 4346 omnibus
2648 4286 2921 4355 artibus,
2980 4302 3055 4346 ac
3090 4285 3449 4366 disciplinis

151 4405 538 4475 dominetur,
578 4406 711 4460 tum
749 4400 811 4457 in
845 4396 967 4455 hoc
997 4394 1287 4455 veterum
1322 4390 1864 4448 monimentorum
1897 4403 2133 4464 genere
2164 4386 2495 4465 singulare
2529 4404 2605 4447 ac
2636 4386 3073 4448 necessarium
3106 4388 3448 4468 imperium

153 4509 343 4568 tenet.
372 4498 756 4564 Excusanda
789 4494 991 4575 magis
1021 4496 1117 4553 est
1151 4491 1334 4550 nobis
1364 4488 1503 4565 ejus
1536 4486 1922 4565 Appendicis
1954 4486 2321 4564 prolixitas,
2345 4505 2424 4547 nc
2454 4487 2686 4548 alienis
2727 4488 3032 4568 operibus
3069 4491 3145 4553 ad
3178 4493 3448 4574 erplen-

154 4611 297 4670 dam
330 4606 482 4667 tomi
521 4601 752 4662 molem
780 4599 1247 4674 Hieronymum
1286 4589 1578 4652 dicamur
1623 4605 1955 4648 onerasse.
1997 4588 2218 4665 Neque
2250 4589 2423 4649 enim
2454 4587 2903 4668 scriptionum,
2940 4607 3086 4668 quas
3124 4592 3451 4673 Hierony-

158 4706 382 4771 mianis
410 4710 599 4767 antea
644 4719 770 4761 non
802 4697 1328 4767 accenserentur,
1371 4688 1423 4749 si
1470 4704 1712 4768 paucas
1752 4686 2004 4763 aliquot
2064 4687 2350 4764 pagellas
2398 4687 2708 4764 excipias,
2756 4686 3112 4766 quidquam
3166 4691 3242 4751 de
3280 4710 3450 4753 novo

159 4808 499 4889 adjecimus
535 4827 553 4867 :
594 4810 838 4864 veteres
883 4804 1101 4860 autem
1145 4792 1485 4861 editiones,
1533 4807 1609 4850 ac
1657 4787 1941 4847 maxime
1996 4786 2479 4847 Benedictinam
2529 4786 2659 4846 ulla
2693 4805 2773 4847 ex
2826 4792 3005 4864 parte
3060 4791 3451 4855 imminuere

164 4887 332 4974 nullo
362 4915 546 4989 pacto
574 4905 784 4981 licuit,
814 4899 986 4980 quod
1015 4894 1394 4959 eruditionis
1426 4891 1619 4952 homo
1650 4888 1923 4967 cupidus
1952 4887 2458 4968 prastermissum
2493 4888 2726 4949 merito
2761 4887 3098 4952 doluisset.
3158 4894 3453 4972 Denique

166 5019 303 5078 sunt
351 4988 461 5072 illa
502 5011 641 5088 ipsa
677 5004 1007 5085 Opuscula
1061 5000 1200 5079 ejus
1256 4994 1515 5065 indolis,
1563 5010 1709 5071 qua:
1742 4990 2034 5068 proxime
2081 4989 2384 5067 genuinis
2435 4988 2635 5048 nostri
2683 4988 3060 5070 Hieronymi
3108 4992 3449 5068 accedant,

167 5121 346 5191 atque
374 5110 505 5171 alio
531 5087 871 5170 transferri
902 5099 1233 5165 commode
1262 5094 1430 5157 haud
1467 5093 1829 5173 potuissent
1868 5111 1883 5150 :
1921 5098 1983 5151 et
2029 5090 2216 5150 bona:
2245 5087 2405 5150 adeo
2436 5089 2664 5170 frugis,
2699 5098 2765 5153 ut
2792 5110 2924 5153 non
2961 5094 3289 5174 exiguam,
3340 5103 3456 5158 aut

169 5190 367 5277 minus
401 5212 649 5277 variam
688 5227 770 5269 ex
798 5206 924 5266 illis
957 5202 1301 5265 utilitatem
1332 5196 1411 5257 ad
1466 5214 1599 5256 rem
1641 5192 2101 5262 Christianam,
2140 5207 2217 5251 ac
2244 5190 2628 5253 litterariam
2658 5199 3001 5273 pervenire
3044 5216 3257 5275 posse,
3292 5198 3452 5260 mihi

175 5317 392 5399 partim
428 5309 834 5393 experientia
874 5308 1039 5386 ipsa,
1073 5300 1307 5380 partim
1342 5297 1620 5358 aliorum
1648 5295 1968 5354 editorum
1998 5291 2243 5370 judicio
2271 5300 2467 5370 atque
2496 5296 2797 5374 exemplo
2826 5300 3287 5375 persuaserim.

243 5420 374 5483 Jam
402 5434 583 5491 vero,
616 5414 692 5473 de
721 5411 957 5489 quibus
983 5407 1289 5467 lectorem
1322 5396 1783 5477 prtemonuisse
1830 5395 2195 5473 oportebat,
2243 5396 2581 5472 expositis,
2616 5398 2930 5462 defuerim
2972 5403 3273 5463 omnibus
3320 5403 3452 5467 hu-

182 5521 493 5586 manitatis
525 5515 780 5590 ofﬁciis,
814 5511 934 5572 nisi
974 5525 1072 5569 me
1109 5504 1321 5584 palam
1361 5509 1805 5576 mternumque
1840 5496 2059 5557 animo
2087 5496 2471 5559 obstrictum
2517 5499 2825 5579 profitear
2856 5507 2947 5561 tot
3001 5504 3267 5566 eruditis
3302 5506 3456 5569 viris

180 5645 303 5691 cum
338 5625 405 5684 in
440 5620 563 5680 hac
598 5616 810 5689 Italia,
848 5619 981 5673 tum
1012 5606 1182 5689 apud
1222 5612 1507 5673 exteros,
1537 5602 1841 5680 integris,
1877 5602 1940 5660 et
1984 5600 2067 5659 ab
2114 5599 2289 5659 omni
2332 5603 2789 5663 assentationis
2841 5606 3213 5684 suspicione
3263 5608 3454 5691 longe

188 5726 418 5813 positis,
458 5737 580 5782 nec
611 5718 742 5780 ulla
774 5729 1023 5777 mecum
1046 5706 1287 5784 junctis
1320 5702 1774 5786 pepularitate,
1801 5699 1900 5764 vel
1931 5699 2161 5778 gratia,
2192 5700 2300 5777 qui
2336 5699 2572 5761 nedum
2610 5702 3010 5777 gravissimis
3046 5710 3459 5794 testimoniis,
