4022 6316
619 289 716 352 in
1879 292 1937 348 s.
1982 273 2243 347 unseen
2283 279 2662 343 HIERONYMI
3830 267 3912 332 77a

615 415 721 475 sed
753 411 934 473 editis
967 426 1232 486 quoque
1269 405 1507 469 libellis
1545 407 1837 467 laborem
1869 405 2045 466 hunc
2083 415 2296 466 meum
2345 399 2669 479 prusecuti
2720 400 2893 460 sunt.
2935 394 3296 456 Laudarem
3334 389 3398 454 et
3447 389 3748 464 nomina,
3783 392 3914 466 qui-

616 515 733 575 bus
765 519 825 571 et
855 514 1143 588 poteram
1171 523 1496 569 exornare
1520 504 1667 566 libri
1703 505 1998 575 frontem,
2034 501 2153 563 nisi
2192 497 2513 563 videretur
2553 496 2840 560 redolere
2869 494 3237 574 gloriolam,
3270 495 3465 568 atque
3493 487 3634 550 haec
3669 491 3914 550 mallem

605 615 687 674 ab
723 610 892 683 aliis,
928 626 1127 688 quam
1161 625 1198 668 a
1234 625 1332 668 me
1373 605 1538 666 ﬁeri.
1577 605 1714 666 Hoc
1740 606 1912 666 enim
1946 621 2098 665 vero
2135 608 2195 663 et
2239 601 2432 664 velim
2467 605 2527 660 et
2556 615 2738 679 rogo,
2776 593 3047 659 solidam
3085 593 3327 658 laboris
3363 591 3485 653 mei
3521 591 3831 671 gratiam,
3872 591 3914 651 si

609 727 740 789 qua
779 713 875 770 est
903 726 1002 767 me
1050 705 1352 783 deinceps
1389 707 1852 780 consecutura,
1909 703 1986 763 iis
2036 699 2280 778 deberi,
2336 715 2618 778 quorum
2653 699 2872 759 favore
2921 709 3063 759 sum
3116 695 3476 771 excitatus,
3530 700 3595 754 et
3643 709 3918 772 quorum

610 827 809 872 causa
839 811 1093 886 ceptum
1123 823 1285 884 opus
1317 803 1547 883 majori
1580 805 1642 864 in
1676 803 1810 865 dies
1838 817 2193 882 persequar
2216 799 2572 864 alacritate.
2603 799 2813 862 Unum
2847 806 3060 861 autem
3097 795 3360 859 honoris
3396 803 3598 859 causa
3631 795 3920 871 nomino,

611 909 1119 972 illustrissimum
1155 907 1363 970 virum
1400 905 1820 968 Franciscum
1850 901 2247 980 Musellium,
2288 903 2392 965 eui
2428 903 2778 982 plurimam
2815 901 3342 983 Hieronymiantb
3388 899 3619 980 glorias
3655 895 3921 962 studiosi

612 1014 909 1085 debeant,
939 1020 1002 1072 et
1030 1030 1159 1090 quo
1183 1029 1303 1089 ego
1337 1009 1502 1070 sicut
1533 1015 1723 1072 antea
1756 1007 2056 1070 editionis
2095 1006 2288 1086 hujus
2323 1004 2750 1087 suscipiendae
2789 1001 3146 1080 hortatore,
3183 1005 3272 1064 ita
3313 1019 3488 1064 nunc
3522 1013 3726 1080 quam
3760 999 3922 1062 cele-

613 1121 749 1184 rius
786 1117 1186 1200 perlicienda)
1215 1115 1510 1193 adjutore
1545 1121 1691 1175 utor
1729 1111 2213 1174 liberalissimo.

612 1227 3903 1267 ____________________________________._____

1214 1388 1357 1501 S.
1435 1384 2158 1501 EUSEBII
2230 1375 3308 1502 EIEBONYMI

1730 1575 2300 1646 STRIDONENSIS
2341 1579 2837 1645 PRESBYTER]

619 1754 1214 1903 LIBER
1256 1748 1522 1892 DE
1588 1748 2707 1897 NOMINIBUS
2757 1741 3438 1888 ‘HEBRA
3467 1743 3920 1892 ICIS.

1572 1989 2810 2030 *ψ

1802 2153 2703 2263 ΡΒῙΕΡΑΤΙΟ.

691 2575 818 2644 1-2
848 2569 1003 2625 Philo
1037 2566 1121 2621 vir
1157 2563 1551 2620 disertissimus
1596 2559 1934 2624 indecorum,
1965 2555 2221 2628 Origenis
2248 2560 2304 2617 Α
2327 2555 2472 2610 enim
2501 2553 2890 2609 Hebraicarum
2923 2553 3302 2622 Quaestionum
3340 2556 3563 2611 nuncin
3597 2572 3792 2612 manus
3831 2556 3925 2612 ιη.

611 2681 828 2737 quoque
885 2658 1200 2718 testimonio
1255 2655 1666 2724 comprobatur,
1722 2651 1960 2707 edidisse
2019 2649 2220 2704 librum

611 2756 1000 2811 llelmiicorum
1027 2749 1653 2814 Nominutn,eorumque
1681 2742 2040 2812 etytnologias
2064 2740 2222 2810 juxta

609 2846 859 2900 ordinem
893 2844 1194 2896 litterarum
1215 2855 1244 2892 e
1263 2841 1433 2893 latere
1464 2836 1772 2906 copulasse.
1789 2834 1890 2900 Qui
1915 2848 2036 2886 cum
2058 2832 2220 2900 vulgo

614 2935 878 2989 habeatur
907 2949 935 2986 a
971 2933 1200 2994 Graecis,
1229 2942 1280 2984 et
1313 2929 1674 2983 bibliothecas
1704 2928 1852 2980 orbis
1891 2924 2216 2994 impleverit,

609 3025 776 3082 studii
806 3035 828 3061 ο
857 3025 1022 3078 nostri
1061 3024 1156 3078 fuit
1181 3023 1232 3076 in
1265 3023 1511 3076 Latinam
1548 3021 1782 3088 linguam
1817 3034 1937 3072 eum
1983 3028 2215 3071 vertere.

618 3117 816 3173 Verum
871 3128 976 3170 tam
1027 3115 1244 3169 dissona
1301 3116 1442 3169 inter
1472 3130 1529 3168 se
1561 3112 1889 3182 exemplaria
1930 3111 2133 3180 reperi,
2166 3116 2220 3164 et

612 3211 690 3264 sic
719 3208 1005 3264 confusum
1031 3206 1301 3272 ordinem,
1325 3215 1381 3258 ut
1407 3215 1584 3260 tacere
1613 3204 1809 3258 melius
1831 3199 2214 3272 indicaverim,

611 3317 773 3373 quam
807 3301 1237 3370 reprehensione
1278 3297 1406 3366 quid
1450 3297 1667 3367 dignum
1715 3295 1976 3348 scribere.
2032 3292 2218 3362 Itaque

613 3396 835 3451 hortatu
892 3393 1116 3447 fratrum
1146 3390 1172 3429 δ
1225 3390 1509 3458 Lupuliani
1565 3399 1620 3442 et
1669 3388 1960 3451 Valeriani,
1993 3387 2083 3457 qui
2131 3400 2219 3440 me

611 3498 807 3559 putant
838 3485 1043 3556 aliquid
1077 3487 1131 3538 in
1167 3485 1407 3538 lle-bram
1441 3483 1637 3551 linguae
1677 3482 1866 3534 nctitia
1901 3479 2214 3546 profecisse,

613 3592 668 3636 et
706 3583 780 3634 rei
809 3580 976 3650 ipsius
1011 3589 1031 3615 σε
1065 3578 1296 3631 utilitate
1345 3584 1671 3636 commotus,
1706 3572 1915 3643 singula
1949 3587 2041 3641 per
2071 3571 2219 3625 ordi-

615 3689 738 3728 nem
789 3674 1192 3740 Scripturarutn
1244 3669 1516 3724 volumina
1559 3666 1912 3736 percucurri;
1955 3672 2010 3717 et
2059 3671 2216 3718 vetus

611 3767 907 3822 (editicium
962 3779 1096 3821 nova
1146 3778 1277 3817 cura
1331 3762 1661 3824 instaurans,
1695 3759 1889 3812 fecisse
1931 3771 2018 3810 me
2067 3770 2214 3820 reor,

613 3861 757 3930 quod
785 3876 813 3912 a
856 3858 1062 3912 Graecis
1089 3871 1310 3926 quoque
1339 3853 1703 3923 appetendum
1738 3852 1826 3906 sit.
1862 3849 2131 3904 Praeterea
2159 3855 2217 3904 et

2325 2647 2452 2713 beo,
2472 2661 2608 2717 opus
2638 2661 2859 2712 novum,
2884 2657 2942 2700 et
2973 2658 3078 2702 tam
3107 2649 3311 2703 Grtncis
3333 2664 3493 2716 quam
3520 2647 3732 2704 Latinis
3762 2665 3926 2718 usque

2326 2739 2391 2793 ad
2427 2739 2479 2794 id
2505 2737 2529 2774 ἀ
2565 2740 2806 2794 locorum
2841 2738 3323 2812 3-5inauditum.
3355 2741 3471 2796 Non
3497 2752 3519 2779 θ
3552 2759 3661 2812 quo
3693 2744 3926 2797 studium

2326 2846 2504 2886 tneum
2557 2831 2856 2887 insolenter
2887 2833 3164 2901 extollam,
3209 2833 3306 2888 sed
3349 2831 3492 2905 quod
3532 2834 3754 2890 siidoris
3798 2850 3929 2890 con-

2323 2927 2489 2989 scius,
2521 2925 2586 2980 ad
2638 2927 2924 2982 lectionem
2957 2943 3144 2982 eorum
3173 2944 3459 2996 provocem
3507 2931 3837 2984 nescientes.
3875 2928 3932 2985 Si

2322 3018 2444 3087 quis
2475 3021 2637 3088 igitur
2666 3028 2719 3075 et
2749 3019 2894 3089 illos,
2916 3032 2969 3076 et
2996 3029 3238 3092 prtesens
3268 3020 3542 3088 Volumen,
3567 3022 3768 3078 librum
3795 3037 3932 3092 quo-

2321 3125 2428 3180 que
2459 3109 2751 3179 Locorum,
2779 3127 2936 3183 quem
2966 3113 2986 3151 ί
3001 3114 3246 3168 editurus
3271 3123 3417 3179 smn,
3437 3111 3642 3168 habere
3669 3113 3929 3180 voluerit,

2322 3205 2675 3275 parvipendet
2720 3215 2933 3260 ructum
2963 3215 3019 3260 et
3063 3219 3320 3261 nauseam
3349 3207 3686 3263 Judzeorum.
3739 3209 3816 3262 Ac
3867 3219 3933 3262 ne

2323 3295 2462 3353 forte
2507 3307 2889 3354 consummato
2933 3299 3166 3354 a-dillcio
3211 3302 3365 3369 quasi
3414 3307 3661 3356 extrema
3707 3302 3934 3357 deesset

2321 3406 2536 3456 manus,
2570 3393 2694 3446 novi
2725 3392 3062 3447 Testamenti
3102 3393 3263 3448 verba
3295 3403 3350 3448 et
3375 3394 3602 3447 nomina
3647 3393 3934 3462 interpre-

2319 3492 2467 3538 tatus
2537 3497 2701 3538 sum:
2749 3484 2950 3538 imltari
3019 3485 3212 3541 volens
3275 3501 3347 3542 ex
3393 3496 3554 3554 parte
3601 3485 3932 3556 Origeuem,

2323 3588 2348 3624 ε
2363 3593 2523 3648 quem
2551 3587 2673 3646 post
2689 3579 2983 3649 Apostolus
3006 3580 3380 3635 Ecclesiarum
3401 3581 3749 3651 magistrum,
3768 3595 3934 3637 nemo

2321 3670 2427 3724 nisi
2462 3671 2750 3740 imperitus
2775 3669 2804 3708 δ
2828 3672 3066 3741 negabit.
3105 3672 3248 3728 Inter
3270 3679 3468 3728 caztera
3522 3673 3668 3727 enim
3721 3671 3934 3744 ingenii

2317 3764 2400 3817 sui
2437 3763 2704 3830 praeclara
2732 3775 3094 3820 monumenta
3121 3766 3285 3820 etiam
3317 3765 3370 3818 in
3407 3765 3511 3820 hoc
3536 3763 3825 3828 laboravit,
3877 3773 3932 3820 ut

2318 3854 2463 3925 quod
2487 3853 2643 3910 Philo
2661 3856 2818 3926 quasi
2849 3854 3067 3912 Judaeus
3093 3857 3370 3921 omiserat,
3389 3854 3475 3910 hic
3497 3864 3555 3910 ut
3575 3853 3930 3912 Christianus

612 3954 745 4008 illud
772 3954 822 4006 in
856 3951 1185 4006 l’riel'atione
1216 3962 1556 4010 commoneo,
1585 3958 1642 4000 ut
1669 3947 1711 4000 si
1743 3960 1846 4016 qua
1876 3945 1962 3999 hic
1994 3953 2212 4013 prmter-
2243 3958 2292 4018 Β
2320 3947 2590 4018 impleret.

611 4045 780 4099 missa
808 4051 954 4109 sunt,
985 4041 1138 4097 alteri
1167 4041 1303 4094 sciat
1330 4040 1499 4094 lector
1525 4039 1676 4110 operi
1703 4046 1994 4094 reservata.
2021 4035 2214 4090 Libros

684 4211 707 4239 α
749 4201 846 4256 Ms.
890 4209 1094 4266 noster,
1126 4217 1286 4268 quem
1317 4201 1464 4255 domi
1495 4215 1860 4262 asservamus,
1895 4201 2078 4270 probae
2118 4216 2211 4256 ve-

610 4274 829 4329 tustatis
855 4283 909 4328 et
931 4283 1091 4334 none,
1122 4273 1208 4327 hic
1234 4273 1359 4327 mihi
1386 4275 1546 4327 habet
1573 4288 1671 4340 pro
1701 4273 1882 4325 nostri.

679 4344 706 4383 ι)
753 4343 996 4397 Fratrum
1023 4343 1330 4413 Lupnliani.
1366 4344 1499 4397 liditi
1531 4345 1715 4410 legunt
1737 4343 1935 4410 Lupttli
1963 4360 1980 4396 :
2006 4343 2212 4410 aliquot

609 4430 740 4469 mss.
774 4413 1077 4478 aniniani.
1114 4415 1467 4469 Colliertinus
1498 4418 1667 4468 eotlcx
1710 4429 1861 4467 num.
1901 4414 2063 4474 4554,
2098 4413 2200 4467 Lu-

609 4487 817 4557 piliani.
845 4485 1143 4557 yaiticantis
1175 4498 1353 4541 autem
1387 4487 1513 4548 3M,
1546 4486 1851 4557 Lupa/iani,
1885 4497 1942 4539 tit
1967 4501 2066 4540 nos
2091 4485 2206 4540 edi-

609 4556 807 4610 dimus.
842 4556 1006 4610 Erant
1037 4572 1166 4611 vero
1195 4557 1528 4625 Lupnliunus
1566 4569 1618 4612 ct
1668 4556 2000 4619 Valerianus,
2029 4573 2205 4621 quan-

613 4640 722 4680 tum
772 4626 1096 4696 conjec-turis
1146 4629 1358 4699 as~rqui
1407 4628 1485 4681 l'as
1513 4635 1628 4692 est,
1662 4645 1691 4682 e
1725 4643 1950 4681 numero
1981 4627 2206 4683 fratrum

610 4699 662 4751 in
696 4714 924 4770 quorum
957 4708 1224 4754 conventu
1256 4701 1616 4768 Hieronymus
1644 4699 1889 4770 quotidie
1931 4699 2206 4765 Psalmos,

611 4770 858 4830 aliosque
892 4769 1080 4822 Libros
1111 4787 1296 4826 sacros
1325 4769 1684 4826 edisserebat.
1718 4772 1990 4827 MARTIAN.

685 4853 705 4879 ο
754 4840 994 4895 Utilitate
1018 4854 1328 4897 commotus.
1359 4845 1501 4897 Duos
1529 4854 1621 4896 aut
1654 4854 1761 4898 tres
1794 4858 1950 4907 mss.,
1982 4843 2208 4897 novitate

605 4923 912 4966 commotus.
947 4913 1212 4970 Mum”.

677 4983 702 5022 ἀ
747 4985 923 5039 Malim
959 4991 1206 5051 eumdem
1238 4997 1523 5052 temporum
1557 4985 1658 5057 legi
1692 5000 1790 5053 pro
1811 4985 2064 5051 locorum,
2097 4985 2202 5042 nisi

604 5055 648 5108 si
693 5057 908 5125 aliquod
938 5057 1317 5114 internodium
1363 5073 1392 5109 e
1422 5055 1681 5113 euntes—tu
1729 5059 1953 5110 verbum
1987 5058 2203 5114 excide.

602 5125 696 5200 r_it,
716 5127 858 5196 quod
886 5130 997 5200 ipsa
1023 5130 1285 5198 su5picati
1311 5129 1437 5182 facit
1457 5134 1628 5184 oratio
1653 5131 1895 5186 nonnihil
1921 5132 2198 5200 impedita.

604 5195 858 5252 Fortasse
906 5195 1208 5252 tiIn-um'de
1241 5200 1417 5265 Locis,
1443 5213 1603 5267 quem
1649 5202 1852 5256 dudum
1904 5195 2094 5257 Latine
2131 5215 2201 5256 ex

602 5267 840 5324 Eusebio
870 5269 1052 5334 vertit,
1083 5283 1630 5338 cotnmetnoraverat,
1662 5284 1716 5328 et
1765 5276 1927 5329 tertio
1980 5275 2049 5328 ab
2101 5277 2203 5328 hoc

601 5353 762 5393 versu
794 5341 1037 5409 replicat.

681 5421 702 5449 ε
729 5414 1122 5487 Sumptumex
1156 5414 1410 5468 Sallustio
1440 5414 1492 5467 in
1521 5413 1787 5487 Jugurtha
1816 5430 1866 5468 c.
1896 5417 1928 5468 4
1961 5431 1974 5465 :
2010 5413 2092 5468 Ne
2110 5430 2204 5487 per

603 5481 926 5554 insolentiam
953 5485 1070 5554 quis
1114 5487 1386 5549 existimet,
1417 5481 1853 5539 memet'stndium
1884 5501 2053 5539 nicum
2084 5481 2203 5539 titu-

606 5553 777 5608 dando
817 5555 1077 5609 attollere.
1787 5619 1790 5622 λ

609 5623 699 5744 ἀοῖ
743 5627 940 5680 Noster
967 5641 1071 5680 ms.
1119 5628 1171 5681 in
1195 5631 1350 5682 textu
1380 5626 1600 5693 editum,
1635 5625 1700 5678 ad
1752 5623 1876 5680 libri
1921 5639 2070 5680 oram
2103 5627 2214 5682 edi-

645 5710 800 5744 Imus.

645 5710 800 5750 ιιητιδ.

676 5772 700 5808 8
744 5765 822 5830 Qu
837 5783 910 5817 ent
929 5777 1043 5834 post
1061 5768 1358 5835 Apostotos.
1379 5768 1490 5824 lloc
1512 5766 1744 5838 elogium
1761 5766 2212 5839 adversusipsum

2319 4201 2705 4274 Hieronymum
2737 4209 2958 4272 torquet
2987 4202 3217 4258 Rufinus
3252 4204 3306 4259 in
3351 4219 3451 4258 sua
3475 4203 3750 4261 Invectiva
3775 4247 3794 4270 ,
3831 4207 3924 4262 ubi

2315 4287 2564 4345 sanetum
2606 4275 2894 4345 Dor-torem
2929 4276 3305 4330 inconstantia:
3331 4291 3399 4330 ac
3424 4277 3672 4330 vanitatis
3719 4281 3927 4345 smpiuS

2317 4341 2613 4399 insimulat.
2648 4344 2801 4400 Unde
2829 4345 3050 4416 quidam
3077 4361 3106 4400 e
3132 4346 3406 4400 veteribus
3435 4341 3818 4412 Scriptoribus
3851 4351 3928 4403 l'a-

2317 4431 2400 4469 ma
2434 4417 2592 4484 hujus
2623 4414 2996 4471 inconstantia:
3025 4414 3413 4487 Hieronymum
3437 4417 3665 4471 liberare
3679 4419 3928 4486 cupien-

2316 4493 2420 4548 tes,
2459 4489 2558 4561 hoc
2589 4489 2710 4542 loco
2741 4487 2814 4542 ita
2845 4487 3132 4561 legendum
3164 4491 3352 4561 volunt
3377 4507 3390 4543 :
3422 4503 3570 4561 quem
3587 4490 3760 4560 juxta
3787 4507 3925 4561 quo-

2317 4559 2877 4630 rumdamsententiarn
2903 4569 3023 4630 post
3051 4557 3354 4630 Apostolus,
3387 4573 3490 4614 etc.
3523 4557 3686 4626 Quasi
3717 4557 3831 4614 non
3858 4579 3922 4617 ex

2317 4577 2876 4613 rumaamsentenuam
2946 4577 3023 4612 οει
3051 4577 3354 4630 Αροδιοιοε,
3387 4577 3490 4614 CIC.
3523 4577 3686 4626 ulla.“
3717 4577 3831 4614 11011
3858 4579 3921 4617 ΕΙ

2315 4631 2534 4698 propria
2563 4635 2834 4685 sententia
2865 4577 3257 4698 idpscripsisset
3288 4627 3691 4700 Hieronymus;
3724 4633 3824 4686 sed
3855 4647 3921 4687 ex

2312 4701 2543 4771 alterum
2565 4702 2826 4770 Opinione
2847 4700 3209 4756 Ecclesium
3235 4704 3552 4770 magistrum
3579 4703 3921 4771 appellasset

2311 4769 2626 4841 Origenein.
2661 4772 2857 4826 Verum
2906 4772 3255 4836 depravatam
3287 4769 3409 4828 esse
3442 4769 3751 4841 liujusinodi
3806 4777 3919 4828 tec-

2313 4843 2511 4916 tiunetu
2562 4845 2614 4916 in
2662 4843 2860 4916 codice,
2897 4842 3220 4898 Colbertino
3251 4841 3406 4916 2852
3453 4857 3516 4898 ac
3547 4848 3598 4897 in
3630 4844 3753 4898 aliis
3781 4855 3922 4916 pau-

2309 4915 2573 4977 cioribus,
2603 4913 2772 4982 ipsius
2802 4914 3120 4986 Hieronymi
3141 4915 3492 4986 apologum»
3525 4913 3918 4986 mlmtisliines

2311 4986 2467 5052 Piath
2490 4981 2891 5042 demonstrant.
2923 4981 3189 5044 Ait'enim'
3213 4987 3266 5040 in
3293 4985 3539 5053 Epistula
3568 4987 3636 5040 ad
3663 4981 3918 5044 Pamma-

2306 5059 2487 5114 cliiutn
2531 5068 2585 5111 et
2629 5057 2930 5126 Oceanum,
2964 5055 3083 5109 Non
3129 5059 3257 5110 mihi
3306 5057 3540 5121 nocebit,
3588 5057 3636 5109 si
3684 5055 3869 5112 dixero
3897 5075 3916 5113 :

2310 5127 2561 5202 Origenes
2591 5143 2707 5182 cum
2738 5129 2791 5182 in
2818 5131 3020 5182 caeteris
3060 5127 3205 5183 libris
3226 5141 3426 5202 _omnes
3455 5129 3653 5202 uicerit,
3684 5129 3738 5181 in
3773 5126 3917 5183 Con-

2307 5198 2756 5255 tico'eantirorum
2786 5203 2897 5270 ipse
2934 5216 2987 5254 se
3029 5202 3169 5270 uicit.
3215 5198 3328 5253 Nec

2306 5273 2455 5337 tiam,
2473 5288 2574 5343 qua
2597 5273 2745 5326 illum
2767 5267 3421 5343 Doctoremﬁcclesiaruin
3436 5272 3701 5339 quondam
3734 5267 3914 5325 adole-

2304 5338 2568 5398 scentulus
2592 5343 2873 5396 nominavi.
2900 5339 3016 5396 Non
3039 5338 3363 5395 formidabat
3389 5338 3528 5395 hanc
3549 5345 3906 5408 Sententiam,

2307 5417 2436 5482 quia
2464 5416 2517 5469 in
2545 5414 2779 5485 Origene
2803 5413 3058 5485 laudabat
3078 5423 3202 5465 tunc
3223 5413 3560 5485 diligentiam
3587 5423 3646 5467 et
3670 5413 3910 5485 studium

3378 5199 3671 5269 [ormidabo
3697 5210 3916 5269 senten-

2310 5482 2722 5554 Scripturarum
2749 5525 2766 5552 ,
2813 5500 2921 5540 non
2959 5483 3268 5554 dogmatum
3309 5483 3616 5554 opiniones.
3639 5551 3654 5554 Α
3669 5482 3912 5554 Consule

2311 5551 2631 5629 Apologiam
2671 5553 2986 5629 Hieronymi
3025 5551 3296 5629 adversus
3323 5551 3600 5607 Rufinum.
3637 5551 3910 5629 Manum.

2383 5625 2412 5664 ι
2429 5625 2624 5682 Noster
2639 5639 2742 5681 ms.
2767 5627 2820 5679 in
2842 5625 3059 5696 instanti
3075 5635 3246 5696 negat.
3261 5625 3527 5696 Quantam
3543 5640 3711 5696 porro
3727 5641 3797 5682 ex
3815 5627 3913 5682 hoc

2314 5701 2629 5755 testimonio
2656 5696 2920 5754 invidiam
2965 5695 3026 5754 S.
3054 5695 3275 5762 -Do¢tori
3305 5695 3530 5752 Miluus
3561 5695 3910 5765 conﬂaverit,

2318 5785 2384 5826 ex
2417 5769 2812 5824 Invectivarum
2843 5767 2995 5823 libris
3018 5765 3334 5822 ediscimus.
