4014 6318
49 273 176 332 τ95

131 391 644 467 Citustc‘eihim),
669 394 1036 467 stupentibus,
1061 394 1180 451 sive

1329 395 1643 464 Debongad,

53 463 467 523 mirantibus.

97 534 416 617 .Canath,
474 539 778 608 amulatio,
825 540 938 594 sive
978 539 1182 610 zeloty-

49 619 183 676 pta.
1255 619 1463 666 missm.

133 675 445 738 Calaatha
505 694 551 752 ι,
603 682 828 740 ecclesia
878 682 1047 750 venit,
1097 682 1181 740 vel

49 763 246 808 VOCCS
258 791 274 805 .

128 820 596 890 Cadesbarnee,
635 830 994 880 commutatus
1030 824 1176 882 elec-

45 901 174 960 tus,
219 895 322 951 vel
360 896 676 952 mutabilis.

43 1051 260 1091 eorum
273 1079 288 1092 .

123 1107 315 1177 Core,
351 1108 680 1165 calvitium.

123 1179 413 1247 Camuel,
441 1181 784 1238 resurrectio
805 1181 920 1249 Dei,
946 1190 1037 1237 aut
1061 1191 1170 1236 sta-

44 1249 132 1304 bit
159 1251 354 1307 Deus.

50 1320 375 1394 Hucusque
412 1340 517 1394 per
556 1322 597 1378 C
628 1324 854 1378 litteram
881 1323 1171 1391 simplicem

126 1395 441 1466 legerimus
489 1412 508 1450 :
553 1400 674 1460 exin
719 1396 1034 1466 aspiratione
1079 1397 1173 1450 ad-

124 1465 275 1548 dita,
306 1467 605 1522 nominum
631 1475 752 1520 sunt
783 1465 998 1536 legenda
1027 1469 1172 1536 prin-

127 1553 306 1592 rima.

124 1607 453 1675 Chanaan,
474 1623 734 1666 reversus
760 1617 864 1676 est,
881 1611 997 1665 sive
1011 1609 1168 1680 quasi

53 1680 530 1753 respondentes,
563 1690 650 1753 aut
684 1680 836 1753 quasi
861 1691 1164 1737 moventes.

128 1749 394 1824 Chaleb,
422 1751 592 1824 quasi
614 1749 731 1820 cor,
757 1761 847 1806 aut
865 1768 1023 1808 omne
1047 1766 1165 1819 cor,

52 1823 148 1877 vel
184 1823 384 1878 canis.

127 1893 424 1962 Chamos,
464 1909 533 1950 co
616 1902 854 1966 regatus,
889 1893 976 1949 vel
1007 1896 1165 1965 quasi

53 1967 430 2021 attrectatio.

127 2037 361 2093 Chazbi
416 2039 614 2110 (7:13),
644 2036 784 2092 calix
825 2036 879 2092 in
908 2050 1018 2105 me,
1051 2036 1166 2092 sive

58 2107 305 2164 immola
343 2109 519 2164 mihi.

131 2178 900 2245 Cliennerodi,citltararum
925 2179 1161 2250 signum,

61 2259 161 2322 aut”
189 2253 372 2322 quasi
411 2252 678 2322 lucernae.

132 2320 441 2390 Cliaslon,
494 2320 756 2377 scelerata
805 2321 1045 2386 tristitia,
1080 2330 1169 2377 aut

63 2394 392 2463 prOtectio,

138 2464 500 2528 Clterubim,
531 2463 681 2533 quasi
703 2463 907 2535 plures,
930 2475 1016 2518 aut
1047 2481 1168 2520 ver-

69 2535 345 2592 miculata
381 2535 625 2607 pictura,
650 2535 735 2590 vel
759 2536 1003 2592 scientia:
1027 2537 1166 2592 mulv

67 2608 282 2664 titudo.

603 2677 644 2732 D

150 2749 362 2818 Deuel,
403 2758 711 2820 agnoscant
734 2749 921 2805 Deum.

151 2823 403 2889 Dathan,
442 2823 649 2876 donum
667 2836 879 2890 eorum,
915 2823 1030 2880 sive
1057 2824 1169 2880 suf—

85 2893 281 2950 ficiens
314 2893 556 2948 donum.

153 2963 687 3037 Diboanufliciens
711 2963 778 3037 ad
808 2964 1162 3037 intellectum,

83 3035 170 3094 vel
200 3035 570 3094 abundanter
601 3035 924 3109 intelligens.

1245 1610 1355 1665 lum
1381 1612 1653 1668 mtrroris.

1242 1829 1482 1880 monium
1507 1842 1717 1883 eorum.

1239 2184 1472 2253 gressio.

1240 2401 1628 2466 superbumera
1641 2402 1710 2456 le.

1240 2910 1624 2967 coangustans.

1241 3049 1412 3112 pater.

1193 278 1398 336 LIBER
1438 279 1524 337 DE
1564 276 1939 338 NOMlNlBUS
1982 278 2369 341 llEBliAlCIS.

1597 396 1643 480 ᾔ,
1714 395 2051 453 sufﬁcienter
2108 396 2310 453 intelli-

1254 482 1388 538 gens
1417 478 1798 524 tentationem.

1315 541 1430 621 ,27
1474 538 1669 597 Daleca
1699 539 1752 607 δ,
1789 539 2044 609 adhaesit,
2081 542 2196 596 sive
2226 556 2313 597 re-

1318 1253 1854 1326 Efraimtcrescens,
1889 1256 2004 1311 sive
2050 1253 2298 1326 frugifer.

1317 1326 1480 1399 lilaad
1523 1325 1768 1399 (Etdad),
1814 1328 1881 1382 ad
1931 1325 2156 1393 solum,
2187 1325 2302 1382 sive

1244 1396 1572 1465 solitarium,
1595 1408 1687 1452 aut
1707 1396 1772 1453 ad
1805 1415 1992 1454 unutn.

1319 1467 1506 1536 Erma,
1540 1469 1823 1526 anathema
1845 1475 1983 1538 ejus.

1318 1539 1534 1596 Esebon
1565 1539 1615 1616 d_,
1656 1543 1936 1613 cogitatio,
1970 1545 2084 1599 sive
2114 1542 2302 1616 cingtt-
2374 1546 2646 1607 mmroris,
2675 1539 2792 1602 sive
2824 1539 3170 1609 fortitudinis.

1313 1681 1556 1756 Edraim,
1591 1684 1884 1741 descensio
1915 1697 2215 1756 pastorum.

1315 1755 1500 1822 Elean,
1552 1772 1680 1825 pars
1714 1755 1927 1826 eorum,
1978 1759 2095 1814 sive
2151 1759 2301 1815 testi-

1314 1898 1493 1962 Esbel,
1525 1900 1664 1968 ignis
1687 1909 1864 1967 vetus,
1892 1902 2007 1958 sive
2029 1915 2220 1957 vanus.

1314 1969 1412 2023 Evi
1439 1980 1482 2034 (³,
1512 1971 1834 2027 desideravi.

1313 2039 1488 2106 Elale,
1521 2042 1586 2096 ad
1609 2057 1919 2100 ascensum.

1312 2110 1551 2181 Ebruna,
1578 2126 1946 2183 transcensns,
1975 2116 2090 2172 sive
2116 2125 2289 2172 trans~

1313 2256 1492 2328 ligniel,
1524 2257 1695 2328 gratia
1721 2273 1838 2312 mea
1872 2259 2038 2314 Deus.

1314 2325 1545 2395 Epliod,
1578 2330 2144 2399 superindumentum,
2208 2331 2293 2387 vel

1315 2469 1495 2537 Esrol,
1540 2472 1747 2544 botrtts,
1777 2474 1891 2528 sive
1921 2473 2059 2544 ignis
2099 2476 2294 2528 omnis.

1248 2537 1526 2622 ﬂuensque
1554 2559 1645 2614 per
1751 2537 1964 2599 [ποιψηῖ
1975 2544 2199 2622 litteram
2228 2547 2301 2599 le-

1311 2615 1567 2681 gerimus:
1611 2617 1728 2668 ea‘in
1758 2634 1848 2688 per
1871 2627 2132 2670 extensum
2158 2615 2299 2687 lega-

1313 2699 1425 2737 ntns
1443 2688 1765 2739 elementum.

1313 2754 1509 2820 Elisar,
1541 2766 1694 2826 pater
1720 2773 1876 2814 meus
1909 2759 2065 2813 fortis
2094 2757 2298 2829 (Eltsur

1241 2825 1380 2882 Deus
1426 2825 1566 2881 meus
1596 2829 1787 2900 fortis),
1818 2829 1932 2885 sive
1957 2825 2113 2899 pater
2142 2845 2299 2886 meus

1313 2970 1487 3037 Eliab,
1509 2971 1652 3028 Deus
1673 2987 1827 3028 meus
1844 2982 2019 3045 pater,
2044 2972 2131 3028 vel
2155 2972 2296 3028 Deus

3332 288 3436 344 794

2458 399 2614 467 Elon,
2640 398 2911 455 exercitus
2938 398 3219 456 fortitudo.

2458 470 2720 538 Elisame,
2751 471 2893 526 Deus
2917 486 3071 526 meus
3102 472 3330 528 audivit.

2459 543 2714 610 Elis-ama,
2746 541 2891 596 Dens
2922 559 3074 597 meus
3101 543 3351 597 audiens.

2457 612 2738 686 Elisapbat
2793 613 3115 686 (Elisaphan
3167 614 3250 669 vel
3282 611 3441 686 Elia-

1329 682 1683 750 Debelatlmn,
1735 685 1955 751 lateres,
2011 684 2126 756 sive
2171 699 2314 740 mas-
2383 684 2560 756 saph),
2610 687 2752 740 Deus
2787 682 3162 754 congregavit,
3209 685 3296 740 vel
3345 686 3438 742 Dei

1255 768 1364 821 sas,
1397 770 1516 824 qua:
1563 756 1631 810 de
1669 756 1979 812 recentibus
2014 755 2131 809 ﬁcis
2163 771 2312 810 com—
2386 757 2489 812 mei
2519 759 2806 826 protectio.
2840 757 2956 811 sive
2979 756 3282 812 absconsio.

1253 827 1398 893 pingi
1433 827 1634 892 Snletll,
1659 843 1791 895 quas
1816 828 2026 881 llebraéi
2059 827 2305 882 Debelath

1250 895 1468 969 (U531),
1501 897 1675 969 (ἱππιιοὶ
1707 897 1943 968 palathas
1974 907 2303 969 nuncupant.

127 965 544 1034 Cariatbaim,
580 967 730 1034 villa,
776 966 864 1023 vel
915 968 1172 1039 oppidum
1251 967 1308 1023 In
1364 968 1617 1036 praesenti
1669 965 1849 1040 itaque
1905 971 2043 1032 loco,
2107 965 2304 1025 nomen

2461 828 2634 895 Euan,
2670 828 2861 882 nubes.

2455 899 2641 964 Edrai,
2676 898 2959 954 inundatio
2988 909 3174 969 pascet
3202 915 3306 956 mc.

2451 972 2561 1042 28
2583 971 2676 1044 Er,
2695 971 2943 1042 vigilans,
2967 980 3057 1025 aut
3074 985 3432 1044 consurgens,

1247 1039 1391 1108 quod
1420 1039 1827 1109 proposuimus,
1856 1041 2245 1110 interpretatur
2280 1053 2300 1078 ε
2380 1039 2757 1110 νεΓμέΙΙὶεἰιιεέ

1247 1111 1483 1180 palatina:
1511 1126 1722 1167 eorum.

2451 1113 2611 1176 Elon,
2655 1127 2913 1182 quercus,
2945 1114 3062 1169 sive
3102 1115 3264 1170 aulon
3299 1135 3311 1171 :
3367 1116 3435 1171 de

2376 1201 2482 1270 quo
2509 1186 2565 1240 in
2601 1186 2619 1225 ί
2656 1187 2794 1242 libro
2823 1184 3088 1243 Locorum
3117 1186 3327 1258 plenius
3355 1188 3438 1242 di-

2377 1273 2571 1314 lellS.

2450 1330 2614 1397 Eran,
2648 1335 2967 1390 vacuefecit.

2448 1402 2667 1469 Ettlian,
2705 1404 2920 1462 fortem.

2447 1473 2625 1528 Esaon
2683 1477 2867 1543 (Asion
2919 1473 3134 1546 Gaber),
3181 1472 3432 1528 voluntas

2446 1617 2598 1690 Enen
2631 1617 2853 1690 (Euan),
2884 1618 3005 1672 fons
3033 1617 3294 1690 tristitia}.

2447 1687 2659 1754 Elidad,
2689 1687 2830 1744 Deus
2854 1704 3006 1745 meus
3033 1688 3318 1760 patruelis,
3345 1687 3430 1744 vel

2378 1759 2520 1816 Deus
2550 1776 2702 1817 meus
2731 1767 2977 1888 ’patrtieus.

2438 1904 2706 2031 |Ii‘odasnr,
2756 1871 3063 1977 redemptio
3105 1904 3282 1968 fortis,
3313 1903 3430 1958 sive

2480 1986 2589 2031 ata.

2367 1986 2589 2031 vallata.

2440 2046 2644 2117 Fagiel,
2682 2063 2914 2104 occurre
2955 2048 3087 2104 mihi
3121 2047 3295 2113 Dens,
3343 2045 3429 2101 vel

2367 2120 2616 2172 occursio
2656 2119 2775 2174 Dei.

2371 2262 2392 2316 Ι
2443 2190 2613 2245 Faran
2642 2199 2692 2257 ε,
2725 2190 2873 2247 ferus
2900 2205 3112 2259 eorum,
3152 2189 3235 2244 vel
3267 2187 3433 2258 frugi-

2393 2279 2474 2316 cr.

2393 2279 2637 2408 c[lialetti
2667 2333 2920 2408 (Paulli),
2955 2335 3396 2408 salvatormeus.

2446 2403 2654 2473 Feleth,
2680 2403 2885 2471 ruina;
2903 2409 2985 2461 vel
3018 2405 3278 2471 dejectio.

2443 2476 2638 2544 Fesga,
2670 2477 2936 2540 abscisus,
2961 2477 3048 2532 vel
3073 2476 3312 2541 dolatus,
3337 2481 3427 2527 aut

2373 2563 2435 2601 os
2463 2549 2715 2614 multum,
2747 2549 2813 2603 :tb
2839 2563 2956 2613 ore,
2987 2564 3091 2601 non
3119 2548 3187 2601 ab
3209 2561 3351 2600 osse.

2445 2617 2678 2692 Felltora
2704 2613 2915 2692 [Apud
2945 2619 3109 2685 LXX,
3162 2633 3294 2692 texit.
3347 2613 3425 2692 5].

2373 2690 2484 2744 oris
2514 2689 2841 2758 explora—tio,
2876 2691 2991 2746 sive
3007 2689 3246 2744 buccella
3268 2689 3428 2742 lumi-

2373 2763 2480 2824 nis,
2512 2762 2594 2814 vel
2625 2776 2686 2814 os
2721 2763 2974 2817 turturis.

2370 2903 2422 2958 ὴ.
2441 2831 2622 2957 Fagur
2643 2831 2900 2904 (Phogor)
2926 2831 2975 2901 ιι,
3002 2832 3115 2888 oris
3139 2829 3317 2901 pellis,
3342 2828 3425 2883 vel

2411 2919 2511 2958 tavi
2546 2945 2560 2958 .

2411 2914 2560 2958 tavit.

2438 2975 2656 3056 f‘inees,
2679 2991 2752 3056 _os
2781 2975 3072 3047 requievit,
3102 2974 3203 3029 sile
3242 2973 3285 3039 ί,
3341 2970 3425 3026 vel

2370 3047 2450 3101 ori
2479 3047 2738 3117 pepercit.

161 3252 187 3282 τί
235 3243 436 3315 Aliter
485 3239 725 3296 Caaltha.
760 3237 816 3294 In
848 3238 1022 3311 Epist.
1056 3237 1123 3294 de
1149 3238 1500 3309 Mansionib.,
1532 3255 1707 3298 mans.
1739 3255 1791 3315 Α
1818 3243 2036 3315 sionem,
2073 3242 2310 3310 Bap/ica,
2336 3240 2450 3315 sive
2477 3241 2704 3315 utLXX»
2729 3241 2950 3308 habent,
2972 3240 3210 3315 ‘rapaxé.
3245 3241 3424 3309 Quare

92 3315 180 3377 19,
215 3312 518 3370 Caalatha.

158 3386 187 3424 ι)
229 3384 470 3457 Dafeca.
506 3384 744 3457 adlitrsit,
776 3392 880 3437 etc.
911 3382 1065 3452 Quod
1097 3384 1167 3440 de
1204 3386 1426 3457 nomine
1463 3383 1631 3440 Israel
1661 3385 1714 3440 in

91 3457 244 3513 Notis
273 3455 494 3513 nostris
517 3457 625 3522 jam
654 3455 1002 3526 observatum
1042 3466 1147 3523 est,
1180 3457 1267 3511 hic
1298 3455 1366 3512 de
1401 3456 1594 3526 Dafeca
1625 3473 1716 3525 pa-

93 3528 230 3583 riter
260 3529 685 3598 observandum
716 3542 782 3581 ex
809 3525 898 3591 iis,
931 3542 1054 3597 quae
1085 3528 1337 3598 leguntur
1369 3525 1541 3598 EpiSt.
1588 3529 1712 3594 1:27,

95 3600 159 3671 ad
189 3601 491 3655 Fabiolam
519 3616 531 3651 :
560 3596 678 3650 Hoc
708 3615 918 3660 nomen.
953 3596 1556 3671 inquit—Hieronymus,
1577 3601 1716 3670 apud

99 3669 616 3746 ΙΙεὺτωοε-κρ-οῡμα,
646 3671 700 3723 id
723 3679 818 3746 es_t_,
863 3672 1090 3746 pulsatio
1123 3669 1429 3746 dicitur-".1.
1483 3670 1548 3726 In
1577 3669 1716 3746 libro

99 3754 271 3798 autem
321 3739 719 3797 Hebraicorum
753 3739 1061 3808 Nominum,
1109 3741 1490 3804 adhwsionem,
1534 3745 1716 3796 remis-

101 3813 400 3886 sionemque
453 3814 845 3886 transtulimus,
889 3815 1031 3882 quod
1077 3815 1317 3868 lectorem
1364 3814 1572 3868 turbare
1613 3830 1713 3868 non

105 3886 282 3952 debet;
312 3885 409 3939 nec
459 3893 601 3950 putet
643 3901 736 3938 nos
779 3885 1114 3938 dissonantia:
1163 3887 1402 3940 scribere.
1455 3886 1538 3939 lbi
1578 3887 1714 3938 enim

104 3955 249 4028 iuxta
277 3957 400 4022 hoc,
433 3955 576 4028 quod
604 3955 761 4026 vulgo
794 3956 1030 4021 trahetur,
1069 3957 1360 4028 edidimus;
1401 3958 1444 4010 si
1489 3959 1713 4028 medium

110 4027 316 4082 verbum
350 4026 612 4082 scribatur
644 4041 734 4093 per
761 4041 894 4078 nam
924 4028 1148 4080 litteram
1173 4043 1190 4080 :
1221 4027 1302 4080 hic
1332 4037 1501 4081 autem
1529 4030 1580 4081 in
1607 4026 1714 4081 He-

110 4097 281 4153 braico
304 4097 574 4154 volumine
597 4099 846 4163 scriptum
868 4099 1034 4163 reperi
1060 4114 1149 4167 per
1173 4113 1297 4159 PHE,
1331 4102 1472 4167 qnpd
1497 4101 1715 4150 elemen-

111 4178 215 4242 tum
242 4172 412 4239 magis
443 4167 817 4242 pulsationem,
841 4181 1008 4242 quam.
1026 4166 1478 4242 glutinunrstmat.
1503 4170 1712 4222 Caitcra

113 4235 399 4296 videsis’in
431 4235 539 4311 iam
577 4238 786 4311 laudata
817 4235 1046 4303 epistola
1077 4239 1246 4311 Mans.
1273 4239 1350 4311 _9;
1379 4239 1471 4292 sed
1513 4253 1710 4293 caven-

117 4313 350 4366 \'entlutn
384 4305 603 4366 Lectori
636 4305 882 4360 studioso
909 4321 981 4379 ne
1009 4322 1128 4360 cum
1157 4309 1316 4379 editis
1349 4311 1496 4362 libris
1519 4311 1713 4379 ἀμφι-τι-

114 4392 290 4437 vatam
323 4384 465 4437 hanc
499 4379 786 4434 lectionem
817 4376 1073 4442 retineat,
1104 4376 1447 4432 att/iazsionem
1477 4376 1714 4433 retentio-

116 4468 330 4523 nemque
363 4450 759 4512 transtulimus;
779 4459 1030 4518 germana
1061 4463 1293 4523 namque
1321 4460 1402 4503 est
1424 4466 1580 4518 qnam
1615 4467 1714 4505 nos

117 4520 484 4586 restituimus,
521 4530 578 4576 ut
607 4529 818 4574 constat
847 4535 968 4574 cunt
1003 4536 1066 4575 ex
1097 4520 1378 4576 codicibus
1416 4535 1544 4574 mss.
1589 4523 1712 4591 [ῖρί-

115 4598 268 4650 stola:
299 4595 366 4646 ad
383 4591 685 4655 Fabiolam,
704 4601 810 4645 tum
826 4606 890 4646 ex
907 4595 1010 4644 hoc
1035 4593 1152 4660 ipso
1174 4591 1308 4644 libro
1324 4592 1708 4647 l-lebraicorum

1820 3314 2004 3368 subdit
2036 3315 2402 3385 Hieronymus
2436 3313 2556 3368 loco
2584 3313 2745 3368 modo
2777 3315 2995 3367 laudato
3028 3330 3040 3366 :
3067 3313 3245 3367 Miror
3269 3330 3425 3382 quos-

1820 3385 1942 3438 dam
1969 3385 2223 3450 eruditos,
2253 3396 2301 3438 et
2329 3386 2702 3439 ecclesiasticos
2740 3387 2873 3440 viros
2903 3402 2962 3440 ea
2989 3385 3211 3438 voluisse
3255 3395 3427 3437 trans-

1821 3461 1978 3527 ferre,
2010 3472 2125 3526 qutc
2146 3458 2200 3509 in
2232 3455 2479 3512 Hebraico
2508 3473 2613 3510 non
2640 3456 2913 3522 habentur,
2944 3467 2988 3510 et
3013 3457 3075 3508 de
3102 3455 3235 3508 male
3263 3457 3422 3508 inter-

1818 3530 2032 3598 pretatis
2056 3530 2202 3594 [ictas
2228 3528 2621 3594 explanationes
2643 3543 2893 3595 quwrere,
2919 3529 3043 3581 utin
3063 3527 3302 3595 praesenti
3327 3541 3420 3593 pro

1818 3598 2220 3670 Dt‘phealeganl
2250 3598 2484 3670 Replica,
2519 3600 2740 3653 litteram
2764 3609 3008 3668 ponentes
3033 3614 3124 3665 pro
3144 3598 3335 3670 littera,
3360 3611 3418 3648 eo

1817 3667 1955 3739 quod
1983 3667 2114 3734 Res,
2133 3681 2180 3724 et
2208 3667 2390 3724 Doletli
2414 3687 2572 3740 parvo
2601 3671 2745 3736 apice
2764 3667 3170 3741 distinguantur.
3193 3667 3268 3720 lla
3293 3681 3420 3719 vero

1820 3741 1952 3809 legit
1983 3741 2129 3811 Orig.
2166 3741 2382 3811 Bap/ica
2413 3745 2557 3796 hom.
2590 3742 2658 3795 ΞΠ
2687 3742 2739 3794 in
2770 3740 2930 3795 Num.

1896 3826 1915 3850 ε
1951 3807 2122 3868 Antea
2151 3807 2268 3886 erat
2306 3814 2505 3886 potata.
2535 3813 2671 3886 Vide
2699 3826 2818 3886 qua}
2847 3812 2914 3867 de
2954 3810 3217 3886 liacipsa
3253 3807 3422 3886 inter-

1821 3886 2124 3953 pretatione
2172 3879 2498 3939 adnotantus
2551 3885 2601 3938 in
2646 3884 2858 3937 laudata
2903 3883 2968 3937 ad
3000 3879 3207 3936 Fabiol.
3254 3880 3417 3948 epist.

1819 3970 1992 4010 mans.
2026 3955 2116 4021 ἆυ,
2155 3965 2268 4009 ιιοι.
2294 3971 2346 4008 a.

1889 4025 1913 4062 ί¹
1947 4027 2188 4080 Priorem
2224 4027 2727 4094 interpretationem
2760 4024 2950 4094 probat
2979 4022 3243 4090 Origenes
3289 4038 3422 4089 quo-

1818 4114 1922 4163 que
1963 4096 2152 4150 ltomil.
2209 4099 2275 4152 15
2312 4099 2364 4150 itt
2407 4097 2564 4150 Num.
2595 4097 2795 4150 Esebon
2827 4097 3195 4165 interpretatur
3221 4094 3419 4164 cogita-

1817 4171 2002 4222 tiones.
2040 4170 2184 4222 Satis
2207 4171 2366 4222 obvie
2395 4185 2420 4218 τι
2453 4173 2590 4233 1W3,
2620 4169 2880 4238 cogitavit.

1893 4249 1916 4275 ε’
1951 4239 2120 4293 Multo
2171 4240 2332 4293 aliter
2386 4240 2608 4307 Origeni.
2657 4234 2847 4292 liotnil.
2897 4236 2989 4290 25.
3041 4236 3090 4287 in
3131 4234 3420 4307 Numeros,

1820 4310 1961 4364 haud
1996 4312 2113 4363 scio
2146 4322 2322 4363 tamen
2354 4304 2515 4375 quam
2543 4326 2690 4371 vere,
2727 4308 2880 4371 Et-in,
2914 4307 3109 4374 inquit,
3141 4304 3419 4366 belluinns,

1816 4383 1894 4435 vel
1943 4382 2141 4448 ferinus
2172 4387 2562 4451 interpretatur.
2618 4380 2778 4434 Forte
2831 4379 3021 4447 legi-rit
3051 4382 3149 4433 .‘ill'l
3194 4393 3288 4446 pro
3316 4382 3419 4442 7'18,

1817 4453 1958 4522 quod
1993 4470 2202 4521 nupero
2229 4451 2345 4522 ejus
2377 4452 2582 4506 Editori
2618 4452 2790 4518 probe
2819 4460 3058 4522 notatum
3089 4462 3192 4522 est.

1895 4524 1911 4562 ί
1957 4523 2034 4576 De
2056 4520 2160 4592 quo
2185 4525 2237 4577 in
2259 4520 2394 4578 libro
2423 4522 2700 4580 Locorum,
2735 4531 2839 4575 etc.
2860 4520 3096 4592 Consule
3129 4521 3324 4592 librum
3357 4521 3424 4575 de

1821 4595 1979 4649 Locis
2005 4590 2306 4659 lleliraicis,
2341 4593 2518 4647 littera
2551 4598 2610 4653 Α,
2645 4601 2701 4646 et
2729 4592 2831 4644 sub
2859 4593 3014 4645 titulo
3053 4591 3132 4646 De
3171 4590 3421 4645 Numeris

117 4664 435 4724 Nominum,
463 4665 548 4717 ubi
574 4636 773 4731 Daiera
799 4667 1027 4716 vertitur
1054 4636 1296 4729 ladliazsit,
1326 4665 1432 4716 sive
1454 4665 1713 4716 remissio.
1748 4636 1794 4694 Β
1823 4678 1869 4720 et
1921 4637 2340 4719 Deuteronomib.
2378 4636 2645 4718 Maurus.
2679 4693 2749 4702 —-
2780 4663 2843 4716 Et
2892 4679 2989 4717 nos
3023 4666 3174 4732 plura
3213 4664 3265 4716 in
3299 4680 3422 4718 eum

115 4735 389 4790 Murrum.
412 4765 482 4774 —
501 4733 809 4790 Recolenda
835 4734 1004 4801 ipsius
1024 4733 1335 4805 llierouymi
1365 4733 1632 4803 expositio
1654 4751 1720 4788 ex

120 4806 294 4876 Epist.
330 4808 399 4861 de
443 4807 642 4861 Manss.
689 4819 869 4876 mans.
896 4805 928 4860 9
963 4823 976 4858 :
1011 4804 1236 4872 Nomen,
1284 4805 1478 4870 innuit,
1517 4805 1723 4876 Deplica

120 4875 258 4955 apud
293 4877 539 4955 Hebrteos
568 4884 792 4955 κροῦμα,
895 4884 990 4955 est,
1021 4878 1244 4955 pulsatio
1275 4877 1534 4955 dicitur...
1568 4875 1636 4931 In
1660 4879 1725 4955 li-

123 4945 210 5000 bro
223 4960 395 5002 autem
424 4945 802 5004 llebrai'carum
821 4945 868 5001 N
875 4945 1125 5012 ominum,
1151 4947 1525 5015 udhtesionem,
1544 4949 1724 5002 remis-

125 5018 416 5089 sionemque
443 5019 818 5083 transtulimus,
847 5019 984 5082 quod
1011 5021 1254 5073 lectorem
1282 5023 1488 5075 turbare
1509 5037 1609 5073 non
1629 5021 1723 5073 de-

128 5087 235 5165 bet;
269 5087 526 5165 necputet
555 5109 647 5147 nos
677 5089 1001 5165 dissonantia
1031 5092 1270 5165 scribere.
1296 5089 1379 5145 Ibi
1408 5095 1542 5145 enim
1565 5095 1722 5165 juxta

131 5157 228 5235 hoc
242 5157 396 5235 quod
415 5165 568 5235 vulgo
598 5163 835 5235 habetur,
867 5160 1143 5235 edidimus,
1176 5162 1220 5215 si
1248 5164 1474 5235 medium
1515 5157 1722 5217 vr'rbnm

133 5233 382 5306 scribatur
406 5233 661 5306 perimam
685 5233 905 5306 litteram
928 5248 946 5286 :
977 5233 1059 5286 hic
1088 5245 1259 5306 autem
1284 5235 1338 5287 in
1358 5233 1616 5288 Hebraico
1641 5250 1725 5287 vo-

133 5299 319 5378 lumine
349 5299 596 5378 sci'iptnm
623 5305 790 5378 reperi
820 5319 910 5376 per
940 5318 1064 5367 rus,
1095 5305 1232 5378 quod
1245 5306 1725 5378 clettmtlummatli‘

136 5373 490 5448 pulsatiOnem,
511 5392 665 5448 quam
691 5373 945 5448 glutinum
975 5385 1142 5448 sonat.
1193 5375 1385 5448 Facile
1413 5376 1538 5448 hinc
1568 5376 1723 5448 colli-

138 5454 250 5509 gas,
282 5447 473 5516 lectum
502 5445 630 5502 olim
664 5447 732 5500 ab
760 5446 1092 5516 Hieronymo
1120 5445 1225 5501 hoc
1250 5448 1300 5500 in
1331 5447 1472 5502 libro
1497 5447 1723 5512 Dabeca,

142 5525 248 5588 non
274 5513 502 5588 Dafeca;
531 5518 768 5588 illudque
793 5518 933 5588 adeo
963 5513 1383 5584 restituendum,
1414 5529 1472 5572 ut
1498 5518 1724 5571 medium

145 5585 343 5662 verbum
361 5585 616 5662 scribatur
651 5585 748 5662 per
785 5586 920 5662 Betb
935 5588 1179 5642 litteram.
1212 5588 1277 5643 Et
1312 5603 1444 5642 vero
1474 5589 1595 5662 libri
1620 5588 1726 5662 ltu-

147 5657 228 5730 jus
247 5667 425 5714 auctor
453 5675 520 5715 ex
549 5657 752 5730 duplici
798 5659 1053 5727 lectione,
1088 5668 1318 5730 utraque
1349 5673 1530 5715 autem
1561 5660 1718 5727 lalsa,

153 5723 466 5808 boenomen
494 5723 654 5808 fuerit
681 5723 1086 5808 interpretatus,
1132 5742 1185 5786 et
1213 5723 1336 5787 cum
1369 5723 1721 5808 adlttesioneni

154 5797 324 5866 vertit,
349 5797 548 5856 Dabeca
573 5801 785 5871 legerit,
819 5797 903 5858 vel
931 5801 1109 5859 Dabca
1137 5819 1154 5858 :
1186 5819 1308 5862 cum
1335 5815 1516 5860 autem
1538 5803 1716 5856 remis-

1827 4738 2004 4790 locum
2052 4737 2456 4804 congessimus,
2509 4751 2628 4801 quin
2662 4735 2797 4787 infra
2829 4733 3013 4790 videas
3045 4735 3140 4789 lib.
3168 4734 3235 4788 de
3269 4735 3425 4789 Locis

1824 4807 1925 4861 sub
1958 4805 2132 4860 littera
2163 4809 2227 4870 A,
2262 4807 2326 4857 de
2356 4805 2618 4872 Nnmeris,
2652 4815 2700 4857 et
2726 4805 3142 4860 Deuteronomi’o.

1901 4887 1926 4926 8
1959 4878 2131 4932 Aliam
2184 4877 2402 4945 praefert
2429 4878 2827 4943 expositionem
2859 4879 3084 4944 Urigen.
3135 4877 3322 4930 bomil.
3357 4877 3425 4929 27

1828 4950 1881 5003 in
1914 4949 2138 5004 Numer.
2167 4965 2180 4999 :
2209 4947 2424 5000 Pharon
2447 4946 2646 5001 uisibile
2675 4964 2730 5002 os
2759 4947 3159 5018 interpretatur;
3191 4964 3217 4998 :i
3250 4951 3327 5005 ns
3349 4963 3426 5013 os,

1829 5032 1882 5076 et
1907 5027 2020 5076 nm
2044 5019 2194 5073 t'idit.

1905 5089 1930 5128 ιι
1963 5092 2226 5162 ltebraice
2257 5099 2339 5144 est
2363 5093 2526 5162 'nvs;
2547 5090 2732 5162 _sitqne
2758 5090 2894 5145 adeo
2920 5105 2984 5162 ex
3013 5093 3126 5156 an,
3159 5087 3331 5162 pellis,
3375 5097 3430 5144 et

1830 5169 1908 5223 ΠΒ
1943 5178 1998 5216 os
2040 5161 2271 5216 deducta
2321 5159 2617 5231 expositio.
2661 5163 2878 5232 Origeni
2907 5161 3130 5226 dicitur,
3159 5159 3427 5227 'snnvitas,

1830 5235 1908 5289 vel
1937 5236 2041 5304 oris
2077 5233 2248 5304 pellis.

1910 5311 1929 5351 ι
1957 5301 2169 5362 Finees,
2189 5320 2245 5357 os
2266 5301 2528 5370 requievit,
2554 5303 2670 5371 sile,
2697 5315 2800 5358 elc.
2819 5305 2919 5360 Ms.
2950 5303 3255 5359 Colbertin.
3287 5303 3425 5357 4951

1836 5391 1944 5430 non
1978 5376 2103 5444 legit
2135 5376 2272 5428 lianc
2299 5388 2486 5428 vocem
2510 5375 2641 5441 sile;
2669 5377 2762 5430 sed
2799 5387 3028 5443 tantum,
3066 5392 3122 5428 os
3163 5375 3426 5444 requievit,

1833 5449 1917 5502 vel
1950 5450 2028 5500 ori
2061 5447 2308 5515 pepercit.
2340 5446 2458 5502 Alia
2493 5461 2622 5500 vero
2651 5447 2986 5514 exemplaria
3043 5447 3278 5500 retinent
3312 5461 3432 5499 ver-

1832 5519 1959 5573 lium
1992 5534 2155 5588 supra
2192 5518 2419 5580 dictum,
2470 5516 2585 5571 sile.
2641 5518 2697 5571 ln
2729 5528 2884 5570 antea
2938 5517 3123 5581 editis,
3172 5515 3250 5569 vel
3291 5516 3426 5569 silet.

1829 5591 2096 5644 MARTIAN.
2121 5619 2191 5629 —
2220 5590 2314 5643 Ms.
2349 5595 2558 5650 uoster,
2600 5603 2722 5642 cum
2755 5588 2910 5658 vulgo
2940 5588 3131 5652 editis,
3187 5589 3262 5641 vel
3292 5589 3426 5640 silet.

1829 5659 1978 5743 lJnus
2028 5659 2394 5743 AColbertinus
2468 5673 2634 5730 penes
2687 5658 2941 5714 Martiali.
3016 5659 3244 5715 verbum
3298 5659 3429 5714 illud

1827 5741 2060 5802 ignorat.
