4042 6302
617 264 719 315 839

1862 257 1920 313 S.
1965 256 2239 317 BUSEBII
2280 258 2667 315 HIEBUNYMI

1231 520 1377 636 8.
1451 520 2166 637 EUSEBII
2241 524 3318 638 ﬁll-1'30le

1710 736 2285 801 STRIDONENSIS
2326 738 2820 803 PRESBYTER]

691 918 1284 1061 LIBER
1380 916 1647 1058 DE
1746 914 2195 1063 SITU
2296 920 2535 1062 ET
2633 919 3836 1073 NOMINIBUS‘

1242 1172 1982 1281 LOCORUM
2114 1178 3301 1294 HEBBAICORUM.

2104 1397 2436 1419 ᾗ

1946 1576 2584 1663 ΡΒᾹΞΡΑΤΙΟ.

695 1904 1040 1976 121-132
1068 1903 1359 1970 Eusebius,
1395 1905 1486 1973 qui
1512 1920 1543 1960 ι
1567 1906 1725 1962 beato
1751 1908 2036 1979 Pamphilo
2067 1924 2213 1964 mar-
2242 1910 2292 1971 Α
2325 1918 2537 1980 postea,
2562 1909 2646 1965 vel
2690 1908 2871 1979 aliqua
2912 1924 2977 1963 ex
3020 1918 3176 1978 parte
3204 1918 3477 1979 corrupta.
3521 1910 3680 1965 Unde
3728 1920 3788 1965 et
3822 1927 3925 1967 nos

620 2005 738 2066 tyre
785 2008 1208 2065 cognomentum
1239 1999 1463 2054 ›οι·ιίιυ8
1491 2009 1593 2061 est,
1628 2010 1749 2070 post
1795 2003 1987 2056 decem
2036 2003 2222 2056 Eccle-

624 2091 861 2146 siastica:
896 2090 1149 2145 Historiae
1181 2091 1350 2146 libros
1384 2112 1397 2147 :
1436 2106 1551 2162 post
1581 2092 1911 2163 Temporum
1945 2098 2220 2161 tianones,

625 2198 760 2253 quos
790 2199 889 2241 nos
920 2184 1109 2241 Latina
1143 2186 1329 2256 lingua
1361 2188 1635 2241 edidimus
1681 2208 1693 2239 :
1729 2198 1848 2258 post
1879 2188 2220 2243 diversarum

623 2278 887 2331 vocabula
940 2278 1243 2343 nationum,
1287 2295 1408 2347 qua:
1458 2280 1734 2349 quomodo
1774 2281 1902 2334 olim
1947 2282 2085 2351 apud
2122 2281 2225 2335 He-

625 2369 801 2423 bra'os
831 2369 973 2424 dicta
999 2370 1131 2436 sint,
1164 2379 1218 2425 et
1249 2386 1393 2427 nunc
1423 2371 1693 2439 dicantur,
1728 2374 1979 2443 exposuit
2004 2393 2016 2427 :
2046 2373 2073 2411 ι’
2104 2384 2224 2442 post

620 2464 1095 2537 Cliorographiam
1126 2476 1288 2522 teme
1316 2466 1543 2535 Jndwm,
1577 2479 1632 2523 et
1663 2468 1949 2523 diStinctas
1978 2469 2220 2523 tribuum

624 2568 825 2624 sortes,
881 2559 1049 2630 ipsius
1096 2575 1312 2631 quoque
1367 2558 1673 2614 Jerusalem
1722 2562 2023 2632 templique
2054 2563 2107 2617 in
2159 2576 2220 2617 ea

623 2666 744 2704 cum
771 2651 1091 2706 brevissima
1123 2653 1471 2721 expositione
1499 2651 1788 2722 picturam,
1817 2654 1883 2709 ad
1912 2663 2221 2711 extremum

623 2742 675 2797 in
710 2743 816 2798 boc
847 2745 1112 2813 opusculo
1143 2745 1432 2811 laboravit,
1480 2756 1537 2800 ut
1578 2756 1933 2816 congregaret
1972 2748 2127 2801 nobis
2154 2746 2222 2801 de

626 2846 817 2886 saneta
849 2836 1132 2904 Scriptura
1180 2840 1421 2893 omnium
1467 2854 1606 2907 pene
1637 2839 1878 2903 urbium,
1930 2838 2221 2905 montium,

629 2924 935 2989 ﬂuminum,
971 2929 1295 2995 viculorum,
1322 2940 1377 2984 et
1405 2932 1747 2986 diversorum
1779 2932 2023 2985 locorum
2064 2945 2224 2985 voea-

629 3015 751 3068 bula
788 3034 801 3069 :
836 3035 959 3087 quae
1010 3021 1091 3075 vel
1127 3022 1317 3077 eadem
1356 3035 1597 3091 manent,
1634 3026 1718 3080 vel
1768 3026 2047 3079 immutata
2096 3035 2222 3079 sunt

700 3163 743 3231 0__
766 3153 919 3207 Liber
940 3155 1003 3207 de
1023 3154 1142 3210 Situ
1164 3167 1211 3211 et
1238 3157 1690 3227 Nominibus,etc.
1720 3162 1775 3216 In
1800 3162 2212 3231 quamplurimis
2246 3166 2289 3225 Β

626 3226 904 3280 codicibus
933 3243 1063 3281 mss.
1094 3231 1413 3293 opusculum
1450 3234 1589 3287 i~tud
1624 3237 1693 3286 ita
1742 3226 2055 3288 inscribitur
2080 3252 2093 3289 :
2118 3233 2211 3287 Li-

626 3300 712 3351 ber
734 3297 795 3351 de
826 3300 1086 3351 distantiis
1120 3298 1394 3356 Locorum.
1446 3304 1715 3359 Maurus.

701 3368 725 3406 ι)
763 3370 885 3421 l’ost
916 3369 1379 3492 Choroxmphiam.
1417 3376 1613 3444 lic-gius
1640 3377 1809 3433 codex
1854 3392 1990 3431 unus
2033 3377 2215 3443 liabet,

701 3453 740 3492 sl
771 3442 1086 3492 Cosmoaran
1130 3448 1229 3492 iam
1272 3462 1290 3492 :
1326 3447 1463 3492 alter
1514 3449 1919 3492 immeritissimo
1980 3458 2091 3492 nnsl
2119 3449 2215 3492 Ur-

626 3453 740 3514 post
771 3442 1229 3526 Cosmographiain
1272 3462 1290 3497 :
1326 3447 1463 3500 alter
1502 3442 1948 3529 imperitissime.
1979 3458 2091 3517 post
2119 3442 2219 3502 0r-

628 3511 1009 3587 t/iographtdm.
1045 3516 1228 3587 hditr,
1254 3515 1690 3587 Topngrupluam.
1733 3520 2003 3574 Maurus.

700 3614 767 3623 —
798 3585 883 3659 AIA.
917 3584 1351 3659 Tapogruphiam.
1396 3584 1557 3642 Vrtus
1587 3591 1717 3644 edit.
1753 3608 1841 3644 an.
1894 3592 2060 3654 1496,
2094 3607 2218 3646 cum

631 3657 905 3713 nonnullis
934 3657 1074 3712 mss.
1099 3660 1588 3731 cosmographiam;
1619 3662 1740 3727 alii,
1770 3662 2215 3736 orthographiam.

638 3794 2329 3820 ___________________

2325 3236 2426 3289 loci
2454 3237 2507 3286 in

2325 2002 2664 2057 admirabilis
2690 2000 2791 2055 viri
2823 2010 3115 2071 sequentes
3146 2001 3411 2069 studium,
3448 2000 3751 2056 secundum
3782 2004 3924 2057 ordi-

2327 2111 2450 2149 nem
2482 2097 2806 2160 litterarum,
2841 2104 2899 2148 ut
2931 2104 3058 2149 sunt
3098 2101 3148 2149 in
3176 2094 3371 2150 Graeco
3394 2094 3570 2165 posita
3600 2106 3648 2159 ο,
3682 2104 3920 2149 transtu-

2325 2189 2485 2242 limus
2517 2205 2530 2241 :
2578 2189 2955 2257 relinquentes
3006 2202 3068 2241 ea
3092 2228 3108 2253 ,
3160 2201 3283 2256 qua:
3328 2186 3491 2255 digna
3523 2186 3787 2240 memoria
3817 2202 3918 2240 non

2330 2281 2602 2345 videntur,
2642 2289 2697 2333 et
2743 2279 3002 2348 pleraque
3048 2286 3346 2331 mutantes.
3402 2276 3589 2332 Semel
3614 2278 3757 2330 enim
3788 2286 3838 2329 et
3868 2278 3915 2331 in

2330 2373 2658 2443 Temporum
2692 2371 2833 2425 libro
2863 2370 3123 2441 pralatus
3153 2384 3296 2434 sum,
3326 2384 3411 2423 me
3442 2370 3524 2423 vel
3571 2370 3915 2438 interpretem

2328 2483 2473 2533 esse,
2525 2466 2609 2521 vel
2657 2468 2782 2519 novi
2830 2466 3011 2533 operis
3054 2462 3396 2517 conditorem
3451 2480 3463 2514 :
3520 2463 3755 2516 maxime
3799 2478 3916 2519 eum

2327 2559 2544 2631 quidam
2596 2559 2683 2613 vix
2739 2556 2931 2626 primis
2963 2556 3203 2609 imbutus
3231 2554 3450 2617 litteris,
3485 2553 3631 2606 hunc
3676 2555 3912 2608 eumdem

2330 2652 2525 2705 librum
2570 2666 2733 2703 ausus
2782 2650 2852 2703 sit
2898 2649 2950 2701 in
2996 2647 3239 2702 Latinam
3289 2647 3526 2716 linguam
3572 2661 3681 2700 non
3736 2646 3917 2702 Latine

2330 2754 2546 2797 vertere
2570 2760 2583 2793 :
2612 2742 2767 2811 cujus
2792 2742 3143 2811 imperitiam,
3172 2756 3240 2796 ex
3271 2741 3686 2810 comparatione
3710 2756 3913 2807 eorum,

2327 2851 2449 2905 quae
2481 2836 2891 2901 transtulimus,
2944 2834 3185 2905 prudens
3230 2835 3415 2888 statim
3465 2834 3639 2888 lector
3667 2836 3916 2889 inveniet.

2327 2927 2395 2983 Ut
2418 2929 2560 2983 enim
2589 2923 2616 2964 τι
2648 2928 2777 2981 mibi
2805 2928 3014 2981 excelsa
3052 2943 3160 2979 nun
3196 2925 3441 2991 vindico,
3489 2927 3560 2979 ita
3589 2936 3755 2981 terrze
3780 2936 3804 2963 θ
3831 2940 3917 2980 co-

2328 3023 2590 3077 ha2rentia
2618 3022 2933 3093 supergredi
2966 3036 3126 3091 posse
3150 3037 3235 3077 me
3264 3022 3456 3077 credo.

2392 3174 2413 3201 ο
2452 3161 2519 3216 Ut
2557 3162 2758 3236 suntin
2787 3161 2971 3236 Crwco
2995 3164 3183 3230 posita.
3228 3162 3465 3218 Consule
3508 3178 3731 3236 sensum
3768 3164 3919 3236 hujus

2538 3234 2861 3302 pr.ecedenti
2898 3234 3280 3289 Admonitione
3308 3244 3513 3288 nostra.
3567 3234 3844 3291 Msa-rus.

2394 3304 2419 3343 ἀ
2457 3305 2525 3360 Ut
2555 3306 2692 3359 enim
2720 3303 2846 3357 mihi
2875 3304 3075 3358 excelsa
3104 3323 3202 3358 non
3228 3306 3450 3360 vindico.
3488 3305 3752 3360 Nonnulli
3799 3324 3920 3363 mss.

2324 3380 2541 3434 codices
2565 3392 2687 3431 cum
2717 3388 2873 3429 antea
2906 3376 3067 3429 editis
3093 3379 3169 3429 sic
3198 3378 3421 3445 leguiit:
3457 3375 3525 3430 Ut
3551 3379 3694 3431 enim
3725 3382 3921 3434 excelsa

2325 3451 2449 3503 mihi
2480 3465 2583 3501 non
2614 3448 2851 3520 vindico;
2886 3450 2959 3500 ita
2991 3457 3141 3501 terra:
3163 3448 3467 3504 inltwrentia
3512 3465 3597 3502 me
3624 3451 3922 3520 supergredi

2328 3538 2475 3587 posse
2506 3520 2696 3592 credo.
2726 3519 2781 3571 In
2812 3520 3217 3584 exemplaribus
3246 3536 3461 3589 quopte
3512 3536 3643 3592 ωδε.
3680 3519 3924 3592 frequen-

2330 3595 2431 3648 tius
2453 3601 2537 3647 est
2568 3590 2800 3651 rendwo,
2831 3606 2989 3659 quam
3020 3592 3239 3643 vindico.
3481 3590 3759 3646 Maurus.

2406 3672 2429 3699 ε
2463 3662 2545 3717 Al.
2576 3660 2877 3715 inltuzrentin
2911 3679 2989 3715 me
3016 3662 3341 3734 supergredi,
3369 3670 3477 3717 etc.

3552 3795 3899 3822 ---η

1843 3958 2283 4044 INCIPIT
2356 3962 2730 4046 LIBER.

1234 4235 1324 4292 DE
1362 4234 1636 4293 GENESI.

704 4334 866 4407 [26
903 4336 1129 4401 Ararat,
1170 4344 1191 4369 δ
1239 4332 1514 4388 Armenia.
1549 4331 1605 4388 Si
1632 4331 1849 4401 quidem
1883 4333 1935 4387 in
1961 4334 2232 4389 montibus

638 4426 831 4479 Ararat
859 4443 981 4481 arca
1015 4439 1136 4498 post
1158 4429 1420 4483 diluvium
1451 4428 1658 4485 sedisse
1686 4427 2039 4499 perhibetur:
2070 4436 2124 4482 et
2150 4428 2233 4481 di-

635 4528 832 4573 cuntur
864 4520 1059 4577 ibidem
1092 4539 1259 4593 usque
1304 4522 1464 4579 hodie
1503 4522 1622 4594 ejus
1665 4536 1984 4593 permanere
2005 4520 2032 4561 ι)
2062 4521 2231 4577 vesti-

638 4610 744 4678 gia.
780 4611 1023 4667 Meminit
1046 4616 1234 4670 borum
1269 4617 1530 4671 momium
1564 4626 1618 4671 et
1641 4616 1906 4671 Jeremias
1936 4614 1993 4669 in
2021 4612 2233 4669 visione

639 4723 829 4767 contra
874 4711 1225 4779 Babylonem.
1251 4711 1530 4782 'Josepltus
1566 4726 1778 4783 quoque
1818 4711 1870 4765 ln
1903 4710 2077 4779 primo
2122 4708 2233 4762 An-

637 4805 947 4877 tiquitatnm
976 4805 1319 4862 Iudaicarum
1353 4806 1490 4864 libro
1514 4850 1526 4869 ,
1557 4807 1896 4862 szecularium
1928 4803 2234 4858 litterarum

642 4899 941 4955 Historicos
1002 4896 1285 4969 proferens
1324 4917 1334 4951 :
1374 4916 1392 4951 ι
1450 4899 1909 4954 Auimadverteus
1942 4937 1955 4960 ,
2016 4894 2232 4964 inquit,

636 4991 748 5049 Noe
795 5000 996 5046 terram
1041 4992 1248 5047 diluvio
1291 4993 1608 5057 liberatam,
1663 5004 1875 5063 septem
1930 4991 2067 5046 alios
2119 4989 2236 5043 dies

635 5086 789 5142 abire
860 5084 1108 5156 permisit
1159 5102 1171 5138 :
1222 5095 1275 5139 et
1329 5084 1576 5140 universa
1625 5083 1879 5140 animalia
1930 5082 2239 5153 bestiasque

713 5240 737 5265 τι
771 5230 1001 5293 Ararat,
1042 5228 1305 5281 Armenia.
1362 5226 1523 5281 Juxta
1573 5226 2045 5298 llierooymianam
2094 5226 2234 5282 hanc

645 5301 1150 5369 interpretationem
1185 5301 1236 5352 in
1284 5298 1475 5353 Grzcco
1507 5298 1584 5369 sic
1629 5301 1839 5367 legebat
1876 5307 2093 5353 sanctus
2140 5299 2241 5353 do-

640 5384 759 5428 ctor
785 5366 802 5426 ε’
818 5374 1065 5455 ἶΑραρςὶῖ,
1095 5370 1186 5429 ἡἈ
1199 5374 1394 5455 ρμςνία.
1424 5370 1499 5455 ἐἶν
1521 5366 1767 5455 ὄρεσινίλδέ
1788 5370 2066 5455 “paper-ria
2090 5372 2243 5455 ζιᾷω-

642 5450 727 5506 τὸς
754 5442 961 5501 πεαοὶάαί
984 5442 1207 5516 λέγεταιξ
1233 5442 1289 5495 id
1320 5455 1419 5503 est,
1448 5442 1941 5516 .rlrarnt,_z_lrntenia.
1972 5443 2241 5516 Siquidem

645 5521 694 5570 in
730 5516 984 5569 montibus
1018 5512 1203 5569 Arurut
1252 5530 1373 5565 arm
1414 5512 1606 5567 sedisse
1647 5512 1858 5561 dicitur.
1909 5512 2069 5562 Addit
2113 5526 2241 5566 vero

649 5590 1044 5656 Hieronymus,
1077 5597 1187 5656 post
1230 5585 1503 5646 diluvium,
1554 5582 1619 5634 ad
1652 5581 2064 5656 signiﬁcandum
2108 5581 2240 5656 defi-

658 5662 776 5713 nite
822 5654 1035 5726 tempus
1060 5654 1303 5729 quoarca
1334 5658 1471 5713 sedit
1506 5658 1556 5710 in
1589 5654 1864 5709 lliOltllbllS
1889 5656 2100 5708 Ararat.
2127 5654 2248 5710 Man

676 5745 778 5783 ωε.
886 5746 889 5751 ’
2210 5755 2234 5768 ο

2337 4236 2651 4305 patentibus
2705 4238 2960 4294 claustris
3010 4241 3289 4307 emittens,
3330 4242 3449 4314 ipse
3489 4260 3613 4303 cum
3655 4263 3756 4305 sua
3789 4250 3927 4320 prole

2336 4342 2586 4395 egressus
2628 4337 2713 4384 est
2770 4348 2784 4385 :
2831 4331 3121 4387 immolatis
3153 4336 3263 4390 Deo
3315 4335 3545 4405 hostias,
3609 4352 3629 4376 ο
3665 4342 3925 4411 gaudens-

2336 4436 2441 4492 qne
2485 4438 2607 4479 cum
2654 4424 2859 4480 liberis.
2893 4425 3044 4481 Hune
3083 4428 3259 4483 locum
3293 4430 3538 4486 Armenii
3581 4435 3820 4503 exitum,
3855 4436 3924 4492 vel

2336 4530 2617 4587 egressum
2670 4530 2884 4574 vocant.
2956 4520 3237 4593 Siquidem
3295 4525 3366 4581 ibi
3426 4528 3667 4583 cultores
3723 4531 3925 4586 illarqu

2337 4610 2642 4679 regionum,
2673 4627 2852 4667 arcam
2900 4616 3131 4683 primum
3174 4616 3382 4672 sedisse
3431 4628 3724 4685 testantur,
3773 4636 3830 4678 et
3874 4624 3925 4676 li-

2336 4720 2563 4775 gnorum
2594 4707 2838 4777 quaedam
2869 4723 3159 4779 superesse
3193 4723 3565 4767 monumenta.
3586 4717 3746 4771 Area:
3778 4716 3922 4783 hujus

2338 4814 2389 4856 et
2430 4802 2637 4869 diluvii,
2671 4819 2861 4859 omnes
2890 4806 2976 4875 qui
3013 4806 3272 4861 barbaras
3320 4810 3593 4877 scripsere
3649 4810 3913 4873 historias,

2341 4896 2694 4949 recordentur
2726 4914 2737 4949 :
2788 4913 3016 4965 quorum
3062 4915 3199 4953 unus
3230 4909 3311 4953 est
3338 4899 3574 4955 Berosus
3601 4899 3881 4956 Clialdzeus
3908 4942 3918 4962 .

2339 4989 2427 5058 qui
2452 5004 2616 5059 super
2640 4988 2843 5043 diluvio
2876 4988 3140 5053 referens,
3179 4992 3293 5046 lizec
3327 4992 3542 5046 locutus
3570 5005 3654 5047 est
3685 5013 3701 5049 ι
3737 4994 3924 5049 υιςίιυτ

2344 5083 2501 5153 liujus
2539 5088 2690 5138 navis
2738 5083 2789 5138 iu
2839 5084 3092 5139 Armenia
3130 5100 3351 5155 propter
3402 5096 3645 5141 montem
3698 5086 3923 5141 Cardue-

2412 5223 2439 5262 δ
2486 5223 2799 5281 Permanere
2843 5225 3082 5295 vestigia.
3132 5224 3361 5292 Vestigia
3409 5226 3511 5279 ilOC
3544 5225 3667 5279 Ιι›‹ο
3702 5224 3924 5295 intellige

2349 5297 2593 5367 reliquias
2628 5314 2639 5349 :
2677 5312 2799 5350 nam
2832 5297 2881 5349 in
2906 5294 3097 5367 Gr’a'co
3126 5309 3203 5349 est
3230 5296 3461 5367 λείψανα,
3495 5313 3694 5349 nomen
3734 5294 3923 5363 pluiaIe

2348 5366 2660 5433 signiﬁcans
2686 5370 2901 5435 protiric
2924 5366 3187 5435 rtliquins.
3210 5384 3235 5415 τι
3259 5366 3431 5429 λείπω,
3468 5368 3516 5419 id
3545 5378 3650 5432 cst,
3683 5368 3919 5434 relinquo.

2350 5438 2503 5494 Unde
2533 5439 2599 5492 ab
2628 5441 2743 5507 ipso
2788 5439 3118 5509 Hieronymo
3147 5439 3362 5509 λείψανα
3392 5454 3795 5508 consequenter
3824 5451 3921 5488 mo~

2348 5524 2589 5564 numenta
2614 5512 3059 5576 interpretantur.
3108 5512 3374 5563 Maurus.

2422 5593 2443 5620 ο
2472 5582 2818 5651 Gundcnsque
2846 5598 2960 5633 cum
3003 5580 3197 5634 liberis.
3232 5581 3499 5646 .lo.~ep|ius
3543 5581 3638 5633 lib.
3671 5582 3917 5648 tAntiqq.

2346 5670 2463 5724 cap.
2501 5655 2553 5721 5,
2586 5661 2934 5724 συνευωχεῖτο
2964 5660 3076 5715 τοῖς
3107 5655 3326 5713 οἰκείοις,
3350 5670 3455 5724 una
3488 5652 3795 5722 epulabatur
3820 5666 3921 5704 rum

2346 5723 2665 5791 domesticis,
2700 5723 2913 5781 hoc'cst
2942 5740 3057 5778 cum
3089 5723 3309 5799 familia.
3343 5723 3614 5791 Matutam.
