4014 6290
646 324 753 383 867

1902 315 1962 373 5.
2005 314 2279 373 EUSEBII
2314 307 2694 373 HIEBONYMI
3879 318 3947 379 ω

639 440 859 515 grandis
880 448 1042 511 atque
1062 438 1388 508 campestris
1415 438 1467 493 in
1500 435 1820 493 immensam
1848 435 2241 509 longitudinem
2270 439 2321 501 Α
2348 437 2549 494 Galaad
2574 481 2591 505 ,
2634 434 2729 507 qui
2766 414 3085 491 ceciderunt
3118 434 3174 490 in
3221 440 3429 491 sortem
3483 432 3755 490 dimidia:
3811 436 3949 491 tribe

638 550 699 591 se
728 535 1031 589 extendens
1069 550 1083 587 :
1125 547 1249 601 qum
1279 530 1657 586 circumdatur
1707 545 1775 585 ex
1810 537 2041 598 utraque
2088 539 2243 600 parte

636 628 939 695 montibus,
963 626 1069 682 sibi
1117 626 1349 682 invicem
1380 623 1810 680 succedentibus
1838 633 1893 678 et
1916 622 2244 679 cohaerenti-

636 720 761 788 bus,
805 719 897 789 qui
936 718 1262 790 incipientes
1297 732 1327 772 a
1373 716 1581 771 Libano
1628 724 1686 771 et
1730 714 1897 783 ultra,
1950 731 2121 786 usque
2171 714 2241 769 ad

637 815 917 871 desertum
949 812 1165 869 Pharan
1196 811 1549 882 perveniunt.
1582 810 1834 875 Suntque
1866 808 1921 864 in
1968 809 2091 879 ipso
2134 811 2245 862 Au-

638 909 788 975 lone,
820 906 871 963 id
892 916 1001 971 est,
1026 906 1079 961 in
1112 906 1257 961 valle
1309 903 1610 974 campestri
1634 903 1801 959 urbes
1839 902 2073 969 nobiles,
2105 900 2241 972 Scy-

637 1000 1196 1073 tbopolis,’l'yberias
1244 984 1610 1067 stagnumque
1663 1004 1887 1066 propter
1914 1010 2033 1050 eam
2080 1011 2093 1047 :
2145 992 2243 1048 sed

636 1106 691 1154 et
716 1096 963 1159 Iericho,
1000 1108 1155 1149 mare
1183 1093 1479 1156 Mortuum,
1508 1100 1566 1146 et
1597 1090 1850 1160 regiones
1876 1089 1932 1143 in
1960 1087 2192 1143 circuitu
2228 1102 2241 1139 :

637 1205 735 1261 per
762 1204 898 1259 quas
944 1186 1162 1243 medius
1188 1184 1445 1240 Iordanis
1466 1182 1614 1246 ﬂuit,
1648 1180 1835 1236 oriens
1888 1179 1959 1235 de
2004 1178 2244 1234 [alitibus

638 1282 927 1349 Paneadis,
953 1291 1011 1336 et
1037 1280 1093 1335 in
1138 1294 1289 1334 mare
1319 1278 1588 1331 Mortuum
1614 1274 1907 1330 interiens.

712 1375 1043 1431 Atnalecites
1072 1415 1086 1439 ,
1128 1373 1283 1444 regio
1336 1373 1391 1427 in
1438 1371 1661 1426 deserto
1700 1368 1771 1423 ad
1815 1365 2095 1423 meridiem
2148 1364 2245 1420 Iu-

638 1471 770 1528 daea:
795 1480 947 1525 trans
980 1469 1169 1523 urbem
1194 1467 1432 1531 Petram,
1466 1466 1725 1520 euntibus
1755 1463 1933 1516 Ailam
1959 1478 1974 1515 :
2006 1459 2163 1530 cujus
2190 1468 2246 1514 et

635 1566 916 1636 Scriptura
971 1560 1317 1622 recordatur,
1378 1559 1567 1615 dicens
1621 1574 1635 1611 :
1689 1557 1898 1610 Amalec
1950 1554 2145 1608 habitat
2190 1552 2243 1605 in

638 1669 779 1716 terra
808 1658 875 1712 nd
902 1657 1148 1713 Austrum
1181 1654 1370 1729 (Nam.
1406 1669 1525 1717 XIII,
1556 1652 1677 1724 ‘20).
1710 1652 1820 1707 Sed
1846 1660 1903 1705 et
1924 1650 2083 1720 juxta
2115 1662 2242 1703 eum

636 1753 780 1810 alius
809 1752 1155 1807 Chananaeus
1196 1748 1505 1814 habitabat,
1554 1746 1647 1815 qui
1697 1755 1755 1801 et
1800 1744 2079 1799 dimicavit
2114 1756 2247 1797 con—

634 1856 721 1905 tra
771 1846 915 1901 ﬁlios
971 1845 1138 1900 Israel
1184 1843 1242 1898 in
1288 1843 1509 1898 deserto
1556 1858 1570 1894 :

639 1940 852 1995 Amalec
882 1950 1055 1993 autem
1083 1948 1130 1993 et
1160 1936 1491 1991 Chananeus
1519 1934 1753 1988 habitant
1804 1935 1859 1987 in
1892 1932 2026 1987 valle
2049 1929 2128 2001 (Ν
2134 1946 2242 1987 um.

632 2048 723 2090 xw
760 2032 877 2107 25).

707 2127 891 2184 Arabs
920 2142 933 2181 :
976 2125 1172 2197 Aquila
1195 2170 1209 2193 ,
1264 2126 1480 2194 planam
1514 2142 1525 2175 :
1559 2121 1941 2193 Symmachus,
1988 2132 2243 2189 campes.

638 2230 778 2278 trem
819 2222 1291 2292 interpretantur:
1327 2219 1469 2273 sicut
1497 2231 1664 2288 supra
1706 2216 1909 2271 dictum
1940 2221 2043 2268 est.
2074 2213 2244 2267 Porro

641 2322 730 2371 est
755 2324 809 2369 et
834 2312 941 2367 alia
972 2313 1101 2367 villa
1134 2312 1309 2366 Araba
1356 2314 1600 2376 nomine,
1630 2312 1682 2363 in
1728 2308 1929 2364 ﬁnibus
1972 2308 2243 2361 Diocarsa-

641 2425 750 2466 rea:
780 2414 923 2481 (qua:
954 2408 1081 2462 olim
1115 2405 1426 2476 Sapborine
1474 2403 1809 2474 dicebatur),
1834 2413 1887 2459 et
1922 2402 2023 2457 alia
2074 2400 2246 2455 tribus

642 2502 882 2560 millibus
913 2518 941 2557 a
967 2500 1287 2574 Scythopoli
1308 2508 1501 2555 contra
1530 2498 1892 2553 occidentem.

713 2595 872 2668 142
918 2597 1183 2659 Amman,
1228 2606 1351 2663 quae
1402 2601 1591 2646 uunc‘l
1642 2587 2056 2657 Philadelphia,
2110 2585 2246 2641 urbs

636 2690 856 2747 Arabiae
880 2688 1077 2743 nobilis
1100 2730 1113 2753 ,
1152 2687 1204 2741 in
1235 2700 1341 2755 qua
1370 2684 1756 2739 habitaverunt
1787 2682 1915 2737 olim
1942 2679 2207 2748 Raphaim
2227 2718 2243 2742 ,

639 2794 774 2850 gens
802 2780 1050 2849 antiqua,
1082 2792 1246 2848 quam
1278 2776 1679 2831 interfecerunt
1710 2773 1807 2827 lilii
1840 2772 1963 2837 Lot,
2001 2771 2248 2825 habitan-

643 2880 729 2927 tes
756 2887 856 2942 pro
883 2874 962 2926 eis
990 2871 1043 2925 in
1079 2876 1330 2925 Amman.

712 2962 932 3032 Argob,
976 2963 1134 3032 regio
1178 2962 1260 3032 0g
1310 2962 1453 3030 regis
1503 2958 1677 3015 Busan
1714 2972 1881 3028 super
1922 2954 2244 3020 Iordanem,

642 3071 765 3130 qua:
789 3056 985 3111 cecidit
1010 3059 1063 3110 in
1087 3066 1292 3110 sortem
1313 3054 1553 3108 dimidiae
1572 3054 1750 3107 tribus
1769 3050 2053 3105 Manasse:
2083 3058 2135 3103 et
2163 3056 2247 3102 est

646 3164 819 3220 usque
860 3147 1025 3203 hodie
1067 3149 1220 3202 vicus
1272 3147 1417 3201 circa
1463 3145 1727 3202 Gerasam
1769 3142 1966 3198 urbem
2007 3141 2243 3205 Arabiae,

2350 533 2632 587 Manasse:
2677 531 2769 602 qui
2815 531 2965 586 locus
2993 545 3105 585 non
3162 539 3394 585 vocatur
3426 528 3660 595 Golam,
3721 529 3787 585 in
3838 540 3949 588 Iern

2346 624 2624 680 Batanzea.

2868 716 2953 771 DE
2992 715 3199 772 LIBRO
3235 714 3419 773 IESU.

2416 812 2763 868 Antilibanus
2794 830 2808 867 :
2838 826 2905 867 ea
2951 826 3072 881 qua:
3118 821 3247 866 sunt
3274 826 3445 881 supra
3497 809 3821 879 Libanum,
3849 811 3876 852 δ
3903 812 3953 866 ad

2346 905 2666 961 orientalem
2710 904 2921 973 plagam
2970 902 3339 973 respicientis,
3370 904 3739 961 Antilihnnlc
3780 904 3951 974 appel-

2347 996 2551 1064 lantur,
2578 998 2728 1053 circ'a
2750 998 3028 1068 regionem
3052 995 3203 1053 tubis
3224 996 3501 1065 Damasci,
3518 1015 3649 1070 qua
3676 1000 3889 1056 cecidit
3911 1000 3951 1053 in

2346 1102 2553 1148 sortem
2586 1091 2755 1146 tribus
2785 1092 3049 1146 Manasse.

2417 1186 2616 1259 Azeca,
2644 1185 2834 1240 civitas
2856 1184 3286 1240 Chananaorum
3308 1186 3361 1239 in
3392 1197 3549 1257 parte
3570 1187 3764 1244 tribus
3783 1187 3949 1253 Iuda,

2346 1275 2412 1330 ad
2442 1292 2601 1345 quam
2649 1292 2817 1345 usque
2856 1286 3173 1345 persecutus
3208 1275 3363 1350 143
3387 1291 3473 1333 est
3503 1278 3671 1336 Iesus
3704 1280 3946 1351 quinque

2348 1383 2525 1438 reges.
2561 1367 2668 1424 Sed
2698 1375 2753 1422 et
2781 1368 2942 1423 hodie
2972 1376 3199 1425 vocatur
3228 1371 3353 1425 villa
3385 1371 3586 1438 Am,
3620 1373 3780 1429 inter
3812 1373 3953 1429 Elea.

2348 1461 2676 1531 theropolim
2707 1471 2763 1515 et
2791 1461 3012 1517 Etiam.

2419 1553 2641 1619 Aialun,
2702 1554 2860 1611 vallis
2924 1563 3086 1625 atque
3128 1565 3499 1627 praeruptum,
3556 1573 3733 1629 super
3776 1562 3951 1633 quod,

2348 1656 2539 1703 orante
2569 1648 2840 1717 quondam
2885 1648 3045 1715 Iesu,
3084 1649 3214 1704 luna
3244 1650 3393 1705 stetit
3412 1651 3562 1721 juxu
3604 1654 3810 1708 villam
3844 1671 3953 1726 qua:

2348 1756 2517 1811 usque
2558 1756 2701 1795 nunc
2746 1741 2903 1796 Ailon
2936 1741 3165 1807 dicitur,
3193 1752 3379 1797 contra
3410 1744 3679 1798 orientem
3741 1746 3952 1802 Bethe-

1624 1841 1694 1896 de
1720 1840 1917 1912 quibus
1947 1837 2203 1893 scribitur
2232 1853 2246 1890 :
2280 1830 2325 1892 B
2356 1836 2443 1901 lis,
2482 1835 2650 1889 tribus
2681 1834 2747 1890 ab
2780 1850 2842 1889 ea
2872 1835 3115 1891 millibus
3154 1835 3359 1891 distans
3384 1836 3520 1890 haud
3549 1837 3747 1906 procul
3782 1854 3819 1892 a
3850 1839 3954 1895 Ga-

2347 1928 2446 1984 baa
2476 1938 2533 1983 et
2561 1928 2731 1983 Ranae
2778 1927 2962 1984 Saulis
3014 1930 3258 1985 urbibus.
3287 1930 3485 2001 (Porro
3524 1929 3747 1985 “citrei
3807 1932 3953 1985 afﬁr-

2346 2032 2496 2078 mant
2516 2022 2735 2089 Aialon,
2763 2022 2936 2076 vicum
2961 2036 3084 2077 esse
3106 2022 3259 2092 juxta
3289 2022 3588 2092 Nicepolitn
3612 2023 3671 2077 in
3700 2023 3954 2079 secundo

2346 2115 2548 2185 lapide,
2584 2115 2939 2185 pergentibus
2962 2113 3182 2169 Alliam.
3206 2117 3225 2184 )
3994 2158 3995 2171 χ

2420 2209 2600 2264 Achor
2620 2212 2639 2280 (
2657 2209 2919 2264 llebraice
2946 2209 3143 2264 dicitur
3164 2209 3463 2263 ινιτιαεὴον
3481 2211 3781 2290 ἸὈἸΡῸῚε
3806 2210 3944 2279 quod

2348 2304 2735 2371 interpretatur
2786 2301 2954 2356 Vallis
3006 2302 3320 2368 tumultus,
3374 2303 3461 2357 vel
3514 2304 3845 2358 turbarum:
3889 2318 3949 2357 eo

2345 2397 2493 2468 quod
2530 2396 2600 2449 ibi
2649 2396 3006 2450 tumultuatus
3034 2405 3089 2451 et
3116 2397 3366 2451 turbatus
3396 2397 3468 2451 sit
3510 2396 3746 2463 Israel).
3778 2397 3830 2452 in
3854 2412 3943 2466 qua

2346 2489 3021 2561 lapidavcruntquoudam
3042 2502 3063 2529 ε
3090 2490 3304 2556 Achati,
3335 2502 3563 2560 propter
3588 2490 3803 2546 hirtum
3828 2506 3941 2545 ana-

2348 2586 2626 2641 thematis.
2665 2586 2761 2641 Est
2784 2594 2965 2641 autem
2994 2586 3059 2640 ad
3113 2585 3550 2655 septentrionem
3588 2584 3941 2641 Ierichuszct

2346 2694 2521 2749 usque
2550 2679 2709 2734 hodie
2738 2694 2768 2733 a
2796 2679 3036 2750 regionis
3065 2680 3212 2735 illius
3238 2679 3444 2735 accolis
3474 2682 3555 2735 sic
3604 2682 3936 2735 nominatur.

2348 2772 2635 2843 (Meminit
2660 2772 2820 2843 hujus
2844 2773 2985 2829 Osee
3014 2774 3277 2843 propheta
3307 2772 3477 2843 (Osee
3502 2789 3563 2839 ιι,
3600 2772 3741 2845 15).’

2422 2866 2665 2923 Asedoth
2690 2910 2703 2932 ,
2733 2868 2838 2921 alia
2886 2867 3003 2924 hrrc
3046 2869 3240 2923 civitas
3262 2869 3415 2939 (non
3444 2883 3569 2938 qua:
3594 2883 3803 2938 supra,
3829 2867 3939 2923 licet

2348 2958 2543 3014 eodem
2573 2960 2793 3015 nomine
2832 2960 3087 3031 vocetur)
3115 2974 3280 3030 quam
3309 2961 3658 3031 expugnavit
3686 2960 3940 3031 quondam

2350 3050 2530 3118 Iesus,
2565 3068 2692 3122 rege
2716 3052 2859 3107 illius
2893 3051 3203 3109 interfecto.

2429 3148 2591 3212 Asor,
2612 3145 2963 3216 civitasrcgni
2988 3146 3169 3211 Jabin,
3202 3162 3365 3217 quam
3391 3147 3565 3202 solani
3606 3149 3851 3204 incendit
3873 3150 3943 3207 ιε*

644 3241 959 3314 quindecim
986 3242 1056 3297 ab
1080 3256 1143 3296 ea
1167 3240 1406 3295 millibus
1431 3240 1645 3295 distans
1665 3248 1854 3293 contra
1882 3236 2247 3300 occidentem,
2272 3223 2321 3286 C
2353 3251 2468 3303 sus,
2515 3240 2639 3307 quia
2679 3238 2998 3307 metr0polis
3026 3248 3149 3293 erat
3188 3238 3439 3294 omnium
3498 3254 3803 3308 regnorum
3840 3240 3942 3297 Phi-

646 3339 737 3409 qui
761 3340 899 3407 Arga
930 3335 1267 3405 appellatur:
1294 3334 1435 3403 quod
1472 3335 1864 3401 interpretatur
1886 3328 2251 3402 Symmachus

646 3442 985 3486 mensuram.

720 3520 992 3585 Ascdoth,
1019 3519 1150 3575 urbs
1176 3518 1649 3585 Amorrhzcorum,
1668 3532 1796 3588 qua:
1822 3517 2020 3571 cecidit
2050 3522 2100 3571 in
2134 3531 2250 3571 sor-

647 3625 759 3673 tem
792 3616 964 3670 tribus
995 3612 1183 3668 Ruben
1212 3629 1225 3665 :
1257 3612 1566 3681 appellatur
1593 3620 1799 3676 autem,
1830 3611 2016 3666 addito
2046 3626 2249 3681 cogno-

638 3717 847 3773 mento,
878 3706 1119 3762 Asedoth
1168 3706 1417 3776 Phasga:
1452 3704 1599 3775 quod
1623 3706 1678 3758 in
1720 3704 1901 3774 lingua
1922 3714 2107 3759 nostra
2159 3718 2249 3758 re-

646 3811 826 3867 sonat,
858 3801 1179 3857 abscissum.

723 3897 969 3963 Abarim,
999 3910 1157 3951 mons
1185 3894 1240 3951 in
1279 3908 1386 3965 quo
1416 3901 1664 3950 mortuus
1688 3901 1773 3947 est
1800 3891 1998 3947 Mases.
2040 3890 2251 3945 Dicitur

641 3996 823 4045 autem
854 3999 913 4045 et
964 4001 1123 4044 mons
1187 4002 1312 4043 esse
1342 3988 1559 4053 Nabau,
1590 3987 1645 4041 in
1679 3996 1823 4042 terra
1866 3985 2022 4039 Moab
2056 3991 2248 4040 contra

640 4081 865 4139 Iericho
918 4096 1081 4151 supra
1108 4080 1403 4137 Iordanem
1434 4081 1485 4134 in
1534 4078 1832 4149 supercilio
1868 4078 2098 4148 Phasga.
2150 4077 2252 4133 Os-

641 4175 995 4245 tenditurque
1041 4173 1471 4229 ascendentibus
1524 4176 1596 4227 de
1658 4172 1882 4228 Liviade
1924 4173 1977 4227 in
2020 4172 2245 4239 Esbum,

635 4271 866 4341 antiquo
916 4270 1188 4340 hodieque
1235 4268 1507 4323 vocabulo
1536 4267 1693 4336 juxta
1737 4275 1977 4321 montem
2008 4264 2248 4335 Phogor,

640 4376 841 4417 nomen
879 4361 1174 4431 pristinum
1208 4361 1564 4425 retinentem,
1606 4377 1633 4413 a
1678 4374 1785 4429 quo
1827 4360 1970 4415 circa
2013 4376 2135 4415 eum
2166 4374 2253 4416 re—

646 4458 737 4525 gio
769 4470 939 4524 usque
971 4471 1115 4511 nunc
1140 4456 1449 4525 appellatur
1474 4454 1708 4524 Pbasga.

716 4548 1024 4615 Avothiair,
1056 4549 1202 4620 quod
1246 4550 1646 4620 interpretatur
1688 4546 1929 4609 ἐπαύλεις
1968 4550 2109 4623 ὶαίρ,
2136 4546 2252 4604 haec

2358 3331 2567 3387 listiim.
2602 3332 2694 3387 Est
2722 3342 2776 3387 et
2806 3332 2909 3386 alia
2941 3333 3065 3387 villa
3092 3348 3265 3403 usque
3294 3332 3457 3389 hodie
3471 3333 3644 3401 Asor,
3677 3335 3739 3389 in
3772 3337 3943 3391 ﬁnibus

2354 3425 2663 3493 Ascalonis,
2691 3438 2879 3481 contra
2900 3428 3168 3483 orientem
3192 3428 3313 3497 ejus
3340 3446 3352 3480 :
3382 3444 3506 3497 qua:
3522 3430 3740 3485 cecidit
3766 3432 3821 3487 in
3844 3447 3943 3486 sor-

2354 3526 2462 3572 tem
2489 3519 2661 3574 Iribus
2681 3519 2838 3585 Iuda,
2861 3520 3019 3591 cujus
3044 3521 3390 3589 etScriptura
3410 3522 3827 3596 metninitUos.
3843 3507 3937 3585 nn,

2358 3609 2481 3679 15),
2523 3611 2805 3680 appellans
2853 3628 2972 3668 eam
3010 3612 3078 3667 ad
3118 3612 3523 3670 distinctionem
3555 3616 3800 3682 veteris,
3826 3616 3944 3673 Aser

2350 3718 2550 3759 novam
2559 3744 2574 3758 .

2427 3795 2691 3865 Aﬁrmon,
2720 3800 2871 3870 regio
2918 3799 3227 3868 Evmorum,
3275 3814 3438 3871 quam
3484 3801 3732 3858 obtinuit
3780 3802 3942 3859 Iesus.
3994 3788 3995 3793 “

2358 3894 2653 3964 (Hebraeus
2676 3910 2805 3950 vero
2829 3910 2935 3965 quo
2964 3897 3292 3967 praelegente
3316 3895 3633 3965 Scripturas
3665 3895 3862 3959 didici.
3884 3895 3945 3949 al-

2354 3988 2533 4044 ﬁrmat
2572 3999 2811 4045 montem
2856 3989 3080 4046 xErmon
3140 3990 3375 4045 Paneadi
3410 3991 3705 4048 imminere
3733 4034 3749 4055 ,
3804 4008 3946 4064 quem

2355 4083 2624 4155 quondam
2653 4093 2881 4140 tenuere
2923 4085 3067 4140 [εὶνωί
3098 4093 3150 4140 et
3195 4084 3503 4140 Amorrhaei
3532 4102 3546 4141 :
3578 4086 3652 4142 de
3678 4100 3798 4156 quo
3828 4101 3945 4140 nunc

2355 4178 2559 4235 testim
2586 4178 2738 4234 nives
2768 4177 2968 4251 Tyrum
3000 4180 3071 4236 ob
3101 4179 3330 4236 delicias
3353 4175 3755 4251 deferuntur.)

2427 4270 2653 4337 Ahalae.
2706 4286 2865 4328 mons
2915 4287 3077 4340 quem
3121 4270 3320 4343 Aquila
3358 4271 3787 4342 interpretatur,
3826 4272 3945 4328 diri-

2356 4363 2575 4420 dentem
2596 4377 2875 4421 montem:
2906 4376 2972 4421 et'
2991 4366 3374 4438 Symmachus,
3409 4365 3570 4438 ιω
3594 4367 3792 4422 lteram
3812 4382 3945 4422 mou-

2360 4469 2489 4526 tem,
2526 4459 2577 4513 id
2608 4469 2709 4525 est,
2744 4459 3049 4529 limpidum,
3075 4459 3189 4514 sive
3217 4459 3504 4515 lubricum.

2430 4556 2693 4620 Aerumn,
2723 4567 2880 4607 mons
2909 4551 3378 4619 Amorrlueorutn,
3428 4552 3498 4608 de
3523 4566 3632 4623 quo
3664 4568 3823 4610 nunc
3852 4553 3945 4609 dic-

639 4656 722 4701 c5t
752 4642 928 4700 Busan
951 4687 966 4713 ,
1016 4645 1068 4700 in
1116 4659 1219 4717 qua
1249 4656 1376 4702 sunt
1401 4647 1503 4701 vici
1534 4642 1896 4716 (sexaginta)
1949 4644 2001 4699 in
2055 4655 2238 4700 monte
2268 4639 2321 4699 D
2350 4654 2458 4702 tum
2491 4655 2612 4702 est:
2644 4662 2804 4717 quem
2835 4643 2860 4682 τι
2886 4646 3175 4703 Phoenices
3200 4653 3425 4713 vocant,
3453 4646 3654 4714 sanior,
3686 4654 3750 4703 et
3774 4648 3947 4704 Amor-

634 4828 957 4886 lentissimis
996 4826 1207 4895 verbis,
1236 4842 1362 4893 qua
1388 4826 1569 4883 critici
1614 4827 1669 4881 in
1701 4837 1992 4897 utramque
2029 4836 2236 4895 partem

635 4912 931 4972 perspecta
966 4900 1170 4955 habere
1211 4899 1559 4964 debuissent,
1588 4915 1909 4972 uam_supra
1956 4901 2241 4972 exceptio-

635 4969 1187 5043 nem'prxconcepte
1240 4973 1521 5040 opinionis
1564 4980 1623 5025 ct
1672 4970 1798 5026 tidei
1830 4980 2001 5026 sunt:
2043 4969 2238 5037 Vallis,

632 5045 831 5116 inquit,
861 5045 1018 5112 regis,
1061 5045 1166 5096 sive
1190 5053 1247 5097 ut
1284 5043 1618 5111 septuaginta
1659 5043 2062 5116 trtmstulerunt2
2094 5057 2237 5094 cam-

635 5114 755 5185 pus,
778 5131 933 5183 quem
954 5129 1123 5185 nobis
1174 5128 1424 5167 ancones
1454 5127 1750 5169 sacomam
1796 5122 2001 5168 vocant.
2040 5114 2243 5169 Doceat

632 5184 778 5242 nunc
801 5186 1072 5248 Clericus,
1102 5184 1425 5237 Palaestinos
1450 5200 1561 5237 non
1607 5187 1957 5239 vernaculum
1987 5185 2105 5240 loco
2136 5201 2236 5239 no-

632 5272 759 5313 men
778 5256 1068 5320 indidisse,
1098 5253 1479 5318 sedGraecnm;
1496 5256 1624 5325 quid
1639 5258 1783 5311 enim
1799 5256 1996 5323 refert,
2017 5257 2063 5311 si
2076 5258 2238 5310 etiam

632 5331 687 5385 in
718 5328 912 5385 Graeco
942 5330 1204 5383 resonet?
1237 5326 1347 5381 Nec
1374 5342 1641 5397 repugno.
1669 5329 1713 5383 si
1742 5328 2114 5382 Martinianum
2145 5329 2244 5383 h0-

631 5416 757 5455 nam
789 5415 1008 5454 causam
1069 5414 1176 5451 non
1213 5414 1366 5468 teque
1414 5401 1553 5453 bene
1601 5408 1843 5453 tuentem
1898 5399 2179 5468 redarguit
2228 5416 2242 5453 :

629 5471 1023 5544 Hieronymum
1059 5471 1331 5526 immerito
1348 5471 1595 5525 accusari
1614 5470 1911 5539 imperitia:
1937 5486 2101 5523 nemo
2126 5485 2245 5523 sus.

634 5543 832 5599 tineat.

706 5648 732 5674 ι
758 5636 1051 5703 Iosephus,
1071 5637 1254 5706 Antiq.
1286 5635 1324 5689 l.
1356 5651 1397 5698 ι,
1426 5647 1545 5704 cap.
1571 5631 1969 5706 u;_Stephanus
1988 5629 2239 5706 Byzattt..

634 5705 983 5775 Ptolemzeus,
1017 5703 1260 5775 Plinius,
1290 5703 1501 5773 aliique
1540 5705 1608 5758 ad
1634 5703 1995 5775 Coelesyriam
2039 5703 2240 5760 urbem

634 5774 1071 5847 hanc-reterunt.
1105 5774 1290 5847 {suile
1320 5772 1518 5847 nomen
1552 5772 1785 5847 climatis
1807 5772 1839 5844 ,’
1853 5785 2014 5844 prout
2042 5789 2104 5832 ea
2134 5777 2239 5847 Sy-

637 5855 733 5896 rtis
769 5840 1007 5895 Arahsvc
1039 5842 1369 5909 potirentur,
1398 5846 1665 5898 variabat.

2413 4827 2441 4867 δ
2472 4829 2553 4884 Ad
2600 4830 2916 4885 orientalem
2967 4832 3201 4901 plagam,
3252 4841 3362 4890 etc.
3411 4832 3574 4891 Colb.
3628 4853 3736 4893 ms.
3790 4840 3945 4896 codex

2345 4904 2564 4979 optimm
2598 4912 2739 4979 notas
2775 4904 2903 4979 legit
2944 4904 3014 4957 ad
3057 4905 3362 4979 orientalem
3386 4907 3627 4979 plagam.
3686 4908 3765 4966 Ita
3800 4916 3944 4968 etiam

2348 4973 2555 5043 aliquot
2576 4973 2672 5028 alii
2700 4975 2918 5029 codices
2950 4991 3082 5030 mss.
3114 4976 3382 5033 MARTIAN.

2422 5055 2443 5083 ο
2474 5044 2590 5128 Non
2620 5044 2813 5128 Arh‘or:
2851 5061 3027 5128 eoque
3053 5048 3240 5128 ruinas
3269 5047 3484 5128 aclis»,
3519 5060 3584 5105 ω
3629 5049 3943 5128 Hieronymo

2348 5116 2547 5190 placet,
2583 5118 2676 5169 sed
2708 5115 2904 5183 Arhar,
2940 5127 2998 5171 ut
3048 5118 3222 5173 Graeci
3274 5115 3573 5187 δυτίιηιινςιι
3620 5115 3865 5190 codice-5',
3893 5142 3943 5180 ac

2346 5187 2521 5261 Latini
2547 5190 2769 5261 passim,
2794 5198 2850 5243 et
2869 5203 3063 5261 omnes
3079 5191 3322 5245 omnium
3351 5192 3659 5261 linguarum
3686 5187 3942 5251 editiones

2347 5258 2567 5325 habent,
2593 5258 2676 5313 fur
2697 5260 2786 5331 ille
2812 5260 3139 5331 appellatur;
3166 5258 3811 5331 nequcaltterconstabit
3832 5270 3940 5323 allu-

2344 5332 2448 5396 sio,
2482 5345 2603 5400 quae
2634 5331 2685 5385 in
2738 5330 2967 5386 “Cber
2998 5330 3079 5398 ﬁt,
3110 5332 3278 5389 Iosue
3302 5350 3399 5399 vn,
3430 5334 3523 5388 ‘25.
3555 5334 3801 5393 Rursum
3834 5340 3942 5395 Ilie-

2350 5404 2557 5474 ron._in
2591 5401 2810 5456 Muchea:
2842 5418 2960 5471 οςιρ.
2998 5419 3047 5456 ιν
3077 5401 3247 5457 Achar
3279 5406 3411 5474 legit
3435 5405 3589 5474 juxta
3633 5410 3935 5473 Eusebium.

2351 5472 2495 5543 quod
2530 5490 2632 5525 non
2664 5474 2921 5541 hominis,
2955 5474 3049 5528 sed
3077 5476 3238 5530 vallis
3268 5472 3355 5532 est
3383 5472 3607 5532 nomen.
3928 5474 3929 5477 “

2422 5541 2452 5617 (ξ
2479 5542 2747 5617 Plimnices
2772 5554 2968 5610 vocant,
2994 5544 3206 5601 Sanior.
3239 5546 3310 5600 Ita
3329 5547 3471 5617 apud
3493 5544 3666 5614 LXX,
3696 5549 3850 5610 Deut.
3872 5569 3935 5617 ut,

2350 5610 2403 5670 9.
2435 5614 2491 5669 In
2529 5615 2757 5673 Hebraeo
2793 5630 2973 5672 autem
3003 5628 3055 5670 et
3084 5619 3206 5671 aliis
3237 5610 3600 5675 Orientalium
3626 5610 3937 5680 editiooibus

2349 5700 2446 5741 nro
2473 5686 2687 5753 Sanior,
2718 5688 2947 5758 legimus
2973 5692 3114 5778 ἶν’-δυ
3142 5687 3330 5745 Sarion
3357 5707 3375 5755 ;
3406 5697 3615 5754 enim?
3646 5693 3811 5750 Sunir
3831 5713 3937 5753 con-

2347 5790 2661 5848 scqurnter.
2696 5781 2970 5837 Maurum.
