  <div class='ocr_page' id='page_1' title='image "/cluster/home/n/w/nwhite01/storage/ocr_20150623/23/uva.x000775467/443.png"; bbox 0 0 4042 6328; ppageno 0'>
   <div class='ocr_carea' id='block_1_1' title="bbox 683 250 787 308">
    <p class='ocr_par' dir='ltr' id='par_1_1' title="bbox 683 250 787 308">
     <span class='ocr_line' id='line_1_1' title="bbox 683 250 787 308; baseline 0.01 -1"><span class='ocrx_word' id='word_1_1' title='bbox 683 250 787 308; x_wconf 76' lang='lat'><strong>8&#39;“</strong></span> 
     </span>
    </p>
   </div>
   <div class='ocr_carea' id='block_1_2' title="bbox 1938 238 3937 313">
    <p class='ocr_par' dir='ltr' id='par_1_2' title="bbox 1938 238 3937 313">
     <span class='ocr_line' id='line_1_2' title="bbox 1938 238 3937 313; baseline 0.007 -14"><span class='ocrx_word' id='word_1_2' title='bbox 1938 241 1998 299; x_wconf 84' lang='lat' dir='ltr'><strong>S.</strong></span> <span class='ocrx_word' id='word_1_3' title='bbox 2039 239 2313 303; x_wconf 78' lang='lat' dir='ltr'><strong>EUSEBII</strong></span> <span class='ocrx_word' id='word_1_4' title='bbox 2352 238 2735 304; x_wconf 74' lang='lat' dir='ltr'><strong>HIEBONYII</strong></span> <span class='ocrx_word' id='word_1_5' title='bbox 3877 255 3937 313; x_wconf 74' lang='lat' dir='ltr'><strong>tl!</strong></span> 
     </span>
    </p>
   </div>
   <div class='ocr_carea' id='block_1_3' title="bbox 683 360 3935 439">
    <p class='ocr_par' dir='ltr' id='par_1_3' title="bbox 683 360 3935 439">
     <span class='ocr_line' id='line_1_3' title="bbox 683 360 3935 439; baseline -0.001 -18"><span class='ocrx_word' id='word_1_6' title='bbox 683 367 776 421; x_wconf 73' lang='lat' dir='ltr'><strong>Esi</strong></span> <span class='ocrx_word' id='word_1_7' title='bbox 805 372 864 422; x_wconf 89' lang='lat' dir='ltr'><strong>et</strong></span> <span class='ocrx_word' id='word_1_8' title='bbox 899 376 1071 434; x_wconf 81' lang='lat' dir='ltr'><strong>usque</strong></span> <span class='ocrx_word' id='word_1_9' title='bbox 1097 361 1264 420; x_wconf 85' lang='lat' dir='ltr'><strong>hodie</strong></span> <span class='ocrx_word' id='word_1_10' title='bbox 1291 360 1420 418; x_wconf 85' lang='lat' dir='ltr'><strong>villa</strong></span> <span class='ocrx_word' id='word_1_11' title='bbox 1449 360 1778 419; x_wconf 83' lang='lat' dir='ltr'><strong>Betbennim</strong></span> <span class='ocrx_word' id='word_1_12' title='bbox 1809 363 2033 420; x_wconf 79' lang='lat' dir='ltr'><strong>nomine</strong></span> <span class='ocrx_word' id='word_1_13' title='bbox 2056 407 2070 431; x_wconf 93' lang='lat'><strong>,</strong></span> <span class='ocrx_word' id='word_1_14' title='bbox 2101 364 2155 418; x_wconf 92' lang='lat' dir='ltr'><strong>in</strong></span> <span class='ocrx_word' id='word_1_15' title='bbox 2204 378 2289 417; x_wconf 86' lang='lat' dir='ltr'><strong>se-</strong></span> <span class='ocrx_word' id='word_1_16' title='bbox 2317 367 2368 425; x_wconf 76' lang='grc' dir='ltr'><strong>Α</strong></span> <span class='ocrx_word' id='word_1_17' title='bbox 2398 370 2482 415; x_wconf 89' lang='lat' dir='ltr'><strong>tnr</strong></span> <span class='ocrx_word' id='word_1_18' title='bbox 2515 364 2639 415; x_wconf 78' lang='lat' dir='ltr'><strong>villa</strong></span> <span class='ocrx_word' id='word_1_19' title='bbox 2661 361 3121 418; x_wconf 74' lang='lat' dir='ltr'><strong>descendentibus</strong></span> <span class='ocrx_word' id='word_1_20' title='bbox 3149 376 3178 417; x_wconf 89' lang='lat' dir='ltr'><strong>a</strong></span> <span class='ocrx_word' id='word_1_21' title='bbox 3228 361 3457 437; x_wconf 77' lang='lat' dir='ltr'><strong>Neapoli</strong></span> <span class='ocrx_word' id='word_1_22' title='bbox 3485 364 3888 439; x_wconf 86' lang='lat' dir='ltr'><strong>Scythopolim,</strong></span> 
     </span>
    </p>
   </div>
   <div class='ocr_carea' id='block_1_4' title="bbox 683 456 2285 523">
    <p class='ocr_par' dir='ltr' id='par_1_4' title="bbox 683 456 2285 523">
     <span class='ocr_line' id='line_1_4' title="bbox 683 456 2285 523; baseline -0.002 -11"><span class='ocrx_word' id='word_1_23' title='bbox 683 458 862 513; x_wconf 82' lang='lat' dir='ltr'><strong>citttdo</strong></span> <span class='ocrx_word' id='word_1_24' title='bbox 897 457 1076 523; x_wconf 80' lang='lat' dir='ltr'><strong>lapide</strong></span> <span class='ocrx_word' id='word_1_25' title='bbox 1116 472 1147 510; x_wconf 91' lang='lat' dir='ltr'><strong>a</strong></span> <span class='ocrx_word' id='word_1_26' title='bbox 1193 456 1533 513; x_wconf 75' lang='lat' dir='ltr'><strong>Terebitttho</strong></span> <span class='ocrx_word' id='word_1_27' title='bbox 1568 456 1697 523; x_wconf 76' lang='lat' dir='ltr'><strong>(huc</strong></span> <span class='ocrx_word' id='word_1_28' title='bbox 1741 467 1827 512; x_wconf 87' lang='lat' dir='ltr'><strong>est</strong></span> <span class='ocrx_word' id='word_1_29' title='bbox 1869 474 1898 509; x_wconf 91' lang='lat' dir='ltr'><strong>a</strong></span> <span class='ocrx_word' id='word_1_30' title='bbox 1932 457 2285 512; x_wconf 76' lang='lat' dir='ltr'><strong>tabernaculo</strong></span> 
     </span>
    </p>
   </div>
   <div class='ocr_carea' id='block_1_5' title="bbox 683 550 1903 623">
    <p class='ocr_par' dir='ltr' id='par_1_5' title="bbox 683 550 1903 623">
     <span class='ocr_line' id='line_1_5' title="bbox 683 550 1903 623; baseline -0.002 -17"><span class='ocrx_word' id='word_1_31' title='bbox 683 552 1012 623; x_wconf 79' lang='lat' dir='ltr'><strong>Abraham),</strong></span> <span class='ocrx_word' id='word_1_32' title='bbox 1039 564 1274 621; x_wconf 87' lang='lat' dir='ltr'><strong>quatuor</strong></span> <span class='ocrx_word' id='word_1_33' title='bbox 1303 550 1544 607; x_wconf 82' lang='lat' dir='ltr'><strong>millibus</strong></span> <span class='ocrx_word' id='word_1_34' title='bbox 1575 567 1605 605; x_wconf 89' lang='lat' dir='ltr'><strong>a</strong></span> <span class='ocrx_word' id='word_1_35' title='bbox 1630 552 1903 606; x_wconf 82' lang='lat' dir='ltr'><strong>Chebron.</strong></span> 
     </span>
    </p>
   </div>
   <div class='ocr_carea' id='block_1_6' title="bbox 753 642 2284 715">
    <p class='ocr_par' dir='ltr' id='par_1_6' title="bbox 753 642 2284 715">
     <span class='ocr_line' id='line_1_6' title="bbox 753 642 2284 715; baseline -0.003 -14"><span class='ocrx_word' id='word_1_36' title='bbox 753 645 1018 705; x_wconf 82' lang='lat' dir='ltr'><strong>Astliaol,</strong></span> <span class='ocrx_word' id='word_1_37' title='bbox 1073 644 1126 698; x_wconf 90' lang='lat' dir='ltr'><strong>in</strong></span> <span class='ocrx_word' id='word_1_38' title='bbox 1163 644 1310 698; x_wconf 90' lang='lat' dir='ltr'><strong>tribu</strong></span> <span class='ocrx_word' id='word_1_39' title='bbox 1358 642 1555 699; x_wconf 63' lang='lat' dir='ltr'><strong>Judm:</strong></span> <span class='ocrx_word' id='word_1_40' title='bbox 1604 656 1662 698; x_wconf 90' lang='lat' dir='ltr'><strong>et</strong></span> <span class='ocrx_word' id='word_1_41' title='bbox 1696 660 1865 715; x_wconf 82' lang='lat' dir='ltr'><strong>usque</strong></span> <span class='ocrx_word' id='word_1_42' title='bbox 1908 643 2073 698; x_wconf 82' lang='lat' dir='ltr'><strong>hodie</strong></span> <span class='ocrx_word' id='word_1_43' title='bbox 2100 642 2284 697; x_wconf 78' lang='lat' dir='ltr'><strong>villula</strong></span> 
     </span>
    </p>
   </div>
   <div class='ocr_carea' id='block_1_7' title="bbox 682 737 2287 807">
    <p class='ocr_par' dir='ltr' id='par_1_7' title="bbox 682 737 2287 807">
     <span class='ocr_line' id='line_1_7' title="bbox 682 737 2287 807; baseline -0.002 -14"><span class='ocrx_word' id='word_1_44' title='bbox 682 738 950 793; x_wconf 85' lang='lat' dir='ltr'><strong>vocabulo</strong></span> <span class='ocrx_word' id='word_1_45' title='bbox 993 738 1202 803; x_wconf 89' lang='lat' dir='ltr'><strong>Astbo,</strong></span> <span class='ocrx_word' id='word_1_46' title='bbox 1238 738 1383 792; x_wconf 90' lang='lat' dir='ltr'><strong>inter</strong></span> <span class='ocrx_word' id='word_1_47' title='bbox 1416 737 1646 793; x_wconf 75' lang='lat' dir='ltr'><strong>Azotum</strong></span> <span class='ocrx_word' id='word_1_48' title='bbox 1701 748 1757 792; x_wconf 87' lang='lat' dir='ltr'><strong>et</strong></span> <span class='ocrx_word' id='word_1_49' title='bbox 1795 738 2120 793; x_wconf 69' lang='lat' dir='ltr'><strong>Ascalonem</strong></span> <span class='ocrx_word' id='word_1_50' title='bbox 2162 751 2287 807; x_wconf 86' lang='lat' dir='ltr'><strong>per-</strong></span> 
     </span>
    </p>
   </div>
   <div class='ocr_carea' id='block_1_8' title="bbox 685 840 891 888">
    <p class='ocr_par' dir='ltr' id='par_1_8' title="bbox 685 840 891 888">
     <span class='ocr_line' id='line_1_8' title="bbox 685 840 891 888; baseline -0.024 0"><span class='ocrx_word' id='word_1_51' title='bbox 685 840 891 888; x_wconf 87' lang='lat' dir='ltr'><strong>manet.</strong></span> 
     </span>
    </p>
   </div>
   <div class='ocr_carea' id='block_1_9' title="bbox 759 923 1406 988">
    <p class='ocr_par' dir='ltr' id='par_1_9' title="bbox 759 923 1406 988">
     <span class='ocr_line' id='line_1_9' title="bbox 759 923 1406 988; baseline -0.006 -7"><span class='ocrx_word' id='word_1_52' title='bbox 759 929 907 981; x_wconf 84' lang='lat' dir='ltr'><strong>Asna</strong></span> <span class='ocrx_word' id='word_1_53' title='bbox 931 967 945 988; x_wconf 89' lang='lat'><strong><em>.</em></strong></span> <span class='ocrx_word' id='word_1_54' title='bbox 974 926 1026 980; x_wconf 90' lang='lat' dir='ltr'><strong>in</strong></span> <span class='ocrx_word' id='word_1_55' title='bbox 1058 925 1200 979; x_wconf 88' lang='lat' dir='ltr'><strong>tribu</strong></span> <span class='ocrx_word' id='word_1_56' title='bbox 1229 923 1406 980; x_wconf 64' lang='lat' dir='ltr'><strong>ludis.</strong></span> 
     </span>
    </p>
   </div>
   <div class='ocr_carea' id='block_1_10' title="bbox 755 1016 2286 1085">
    <p class='ocr_par' dir='ltr' id='par_1_10' title="bbox 755 1016 2286 1085">
     <span class='ocr_line' id='line_1_10' title="bbox 755 1016 2286 1085; baseline -0.003 -10"><span class='ocrx_word' id='word_1_57' title='bbox 755 1020 1042 1085; x_wconf 87' lang='lat' dir='ltr'><strong>Adollain,</strong></span> <span class='ocrx_word' id='word_1_58' title='bbox 1086 1020 1140 1072; x_wconf 90' lang='lat' dir='ltr'><strong>in</strong></span> <span class='ocrx_word' id='word_1_59' title='bbox 1190 1019 1331 1072; x_wconf 89' lang='lat' dir='ltr'><strong>tribu</strong></span> <span class='ocrx_word' id='word_1_60' title='bbox 1363 1017 1519 1073; x_wconf 69' lang='lat' dir='ltr'><strong>Judie</strong></span> <span class='ocrx_word' id='word_1_61' title='bbox 1570 1037 1581 1072; x_wconf 92' lang='lat'>:</span> <span class='ocrx_word' id='word_1_62' title='bbox 1639 1028 1695 1073; x_wconf 92' lang='lat' dir='ltr'><strong>et</strong></span> <span class='ocrx_word' id='word_1_63' title='bbox 1724 1034 1896 1085; x_wconf 81' lang='lat' dir='ltr'><strong>usque</strong></span> <span class='ocrx_word' id='word_1_64' title='bbox 1947 1016 2107 1072; x_wconf 87' lang='lat' dir='ltr'><strong>hodie</strong></span> <span class='ocrx_word' id='word_1_65' title='bbox 2132 1017 2286 1070; x_wconf 87' lang='lat' dir='ltr'><strong>vicus</strong></span> 
     </span>
    </p>
   </div>
   <div class='ocr_carea' id='block_1_11' title="bbox 687 1110 2287 1182">
    <p class='ocr_par' dir='ltr' id='par_1_11' title="bbox 687 1110 2287 1182">
     <span class='ocr_line' id='line_1_11' title="bbox 687 1110 2287 1182; baseline -0.003 -14"><span class='ocrx_word' id='word_1_66' title='bbox 687 1126 795 1168; x_wconf 91' lang='lat' dir='ltr'><strong>non</strong></span> <span class='ocrx_word' id='word_1_67' title='bbox 828 1126 1030 1182; x_wconf 83' lang='lat' dir='ltr'><strong>parvus</strong></span> <span class='ocrx_word' id='word_1_68' title='bbox 1064 1110 1131 1165; x_wconf 90' lang='lat' dir='ltr'><strong>ad</strong></span> <span class='ocrx_word' id='word_1_69' title='bbox 1157 1112 1426 1165; x_wconf 76' lang='lat' dir='ltr'><strong>orientem</strong></span> <span class='ocrx_word' id='word_1_70' title='bbox 1460 1110 1951 1182; x_wconf 78' lang='lat' dir='ltr'><strong>Eleutheropoleos</strong></span> <span class='ocrx_word' id='word_1_71' title='bbox 1982 1110 2037 1165; x_wconf 89' lang='lat' dir='ltr'><strong>in</strong></span> <span class='ocrx_word' id='word_1_72' title='bbox 2070 1110 2287 1164; x_wconf 89' lang='lat' dir='ltr'><strong>decimo</strong></span> 
     </span>
    </p>
   </div>
   <div class='ocr_carea' id='block_1_12' title="bbox 682 1203 1755 1277">
    <p class='ocr_par' dir='ltr' id='par_1_12' title="bbox 682 1203 1755 1277">
     <span class='ocr_line' id='line_1_12' title="bbox 682 1203 1755 1277; baseline -0.006 -15"><span class='ocrx_word' id='word_1_73' title='bbox 682 1206 803 1277; x_wconf 89' lang='lat' dir='ltr'><strong>ejus</strong></span> <span class='ocrx_word' id='word_1_74' title='bbox 830 1205 1085 1259; x_wconf 85' lang='lat' dir='ltr'><strong>milliaria</strong></span> <span class='ocrx_word' id='word_1_75' title='bbox 1116 1203 1218 1259; x_wconf 90' lang='lat' dir='ltr'><strong>hoc</strong></span> <span class='ocrx_word' id='word_1_76' title='bbox 1248 1214 1484 1259; x_wconf 75' lang='lat' dir='ltr'><strong>vocatur</strong></span> <span class='ocrx_word' id='word_1_77' title='bbox 1514 1204 1755 1257; x_wconf 86' lang='lat' dir='ltr'><strong>nomine.</strong></span> 
     </span>
    </p>
   </div>
   <div class='ocr_carea' id='block_1_13' title="bbox 754 1295 2282 1364">
    <p class='ocr_par' dir='ltr' id='par_1_13' title="bbox 754 1295 2282 1364">
     <span class='ocr_line' id='line_1_13' title="bbox 754 1295 2282 1364; baseline -0.002 -11"><span class='ocrx_word' id='word_1_78' title='bbox 754 1297 1068 1364; x_wconf 81' lang='lat' dir='ltr'><strong>Aditbaim,</strong></span> <span class='ocrx_word' id='word_1_79' title='bbox 1122 1298 1174 1351; x_wconf 89' lang='lat' dir='ltr'><strong>in</strong></span> <span class='ocrx_word' id='word_1_80' title='bbox 1208 1307 1359 1351; x_wconf 80' lang='lat' dir='ltr'><strong>sorte</strong></span> <span class='ocrx_word' id='word_1_81' title='bbox 1408 1297 1583 1351; x_wconf 90' lang='lat' dir='ltr'><strong>tribus</strong></span> <span class='ocrx_word' id='word_1_82' title='bbox 1620 1295 1796 1351; x_wconf 73' lang='lat' dir='ltr'><strong>Judae.</strong></span> <span class='ocrx_word' id='word_1_83' title='bbox 1849 1296 2060 1351; x_wconf 87' lang='lat' dir='ltr'><strong>Dicitur</strong></span> <span class='ocrx_word' id='word_1_84' title='bbox 2103 1306 2282 1351; x_wconf 90' lang='lat' dir='ltr'><strong>autem</strong></span> 
     </span>
    </p>
   </div>
   <div class='ocr_carea' id='block_1_14' title="bbox 680 1388 2284 1461">
    <p class='ocr_par' dir='ltr' id='par_1_14' title="bbox 680 1388 2284 1461">
     <span class='ocr_line' id='line_1_14' title="bbox 680 1388 2284 1461; baseline -0.003 -14"><span class='ocrx_word' id='word_1_85' title='bbox 680 1398 738 1447; x_wconf 85' lang='lat' dir='ltr'><strong>et</strong></span> <span class='ocrx_word' id='word_1_86' title='bbox 783 1390 1032 1461; x_wconf 55' lang='lat' dir='ltr'><strong>quadam</strong></span> <span class='ocrx_word' id='word_1_87' title='bbox 1088 1389 1284 1442; x_wconf 81' lang='lat' dir='ltr'><strong>villula</strong></span> <span class='ocrx_word' id='word_1_88' title='bbox 1327 1388 1505 1455; x_wconf 84' lang='lat' dir='ltr'><strong>Adia,</strong></span> <span class='ocrx_word' id='word_1_89' title='bbox 1568 1389 1721 1459; x_wconf 80' lang='lat' dir='ltr'><strong>juxta</strong></span> <span class='ocrx_word' id='word_1_90' title='bbox 1770 1388 2004 1454; x_wconf 81' lang='lat' dir='ltr'><strong>Gazam,</strong></span> <span class='ocrx_word' id='word_1_91' title='bbox 2068 1398 2123 1445; x_wconf 89' lang='lat' dir='ltr'><strong>et</strong></span> <span class='ocrx_word' id='word_1_92' title='bbox 2180 1390 2284 1443; x_wconf 91' lang='lat' dir='ltr'><strong>alia</strong></span> 
     </span>
    </p>
   </div>
   <div class='ocr_carea' id='block_1_15' title="bbox 683 1482 2287 1552">
    <p class='ocr_par' dir='ltr' id='par_1_15' title="bbox 683 1482 2287 1552">
     <span class='ocr_line' id='line_1_15' title="bbox 683 1482 2287 1552; baseline -0.002 -13"><span class='ocrx_word' id='word_1_93' title='bbox 683 1483 881 1539; x_wconf 86' lang='lat' dir='ltr'><strong>Aditba</strong></span> <span class='ocrx_word' id='word_1_94' title='bbox 908 1524 925 1549; x_wconf 90' lang='lat'><strong>,</strong></span> <span class='ocrx_word' id='word_1_95' title='bbox 956 1482 1104 1538; x_wconf 88' lang='lat' dir='ltr'><strong>circa</strong></span> <span class='ocrx_word' id='word_1_96' title='bbox 1136 1482 1433 1552; x_wconf 74' lang='lat' dir='ltr'><strong>DiOSpOllllt</strong></span> <span class='ocrx_word' id='word_1_97' title='bbox 1462 1526 1475 1547; x_wconf 91' lang='lat'><strong>,</strong></span> <span class='ocrx_word' id='word_1_98' title='bbox 1508 1483 1663 1552; x_wconf 90' lang='lat' dir='ltr'><strong>quasi</strong></span> <span class='ocrx_word' id='word_1_99' title='bbox 1693 1482 1763 1537; x_wconf 90' lang='lat' dir='ltr'><strong>ad</strong></span> <span class='ocrx_word' id='word_1_100' title='bbox 1810 1482 2131 1537; x_wconf 88' lang='lat' dir='ltr'><strong>orientalem</strong></span> <span class='ocrx_word' id='word_1_101' title='bbox 2171 1483 2287 1552; x_wconf 57' lang='lat' dir='ltr'><strong>plac</strong></span> 
     </span>
    </p>
   </div>
   <div class='ocr_carea' id='block_1_16' title="bbox 684 1575 1168 1649">
    <p class='ocr_par' dir='ltr' id='par_1_16' title="bbox 684 1575 1168 1649">
     <span class='ocr_line' id='line_1_16' title="bbox 684 1575 1168 1649; baseline 0.004 -20"><span class='ocrx_word' id='word_1_102' title='bbox 684 1592 809 1649; x_wconf 78' lang='lat' dir='ltr'><strong>gam</strong></span> <span class='ocrx_word' id='word_1_103' title='bbox 843 1575 1168 1639; x_wconf 76' lang='lat' dir='ltr'><strong>respiciens.</strong></span> 
     </span>
    </p>
   </div>
   <div class='ocr_carea' id='block_1_17' title="bbox 757 1664 2282 1735">
    <p class='ocr_par' dir='ltr' id='par_1_17' title="bbox 757 1664 2282 1735">
     <span class='ocr_line' id='line_1_17' title="bbox 757 1664 2282 1735; baseline -0.001 -12"><span class='ocrx_word' id='word_1_104' title='bbox 757 1677 782 1704; x_wconf 80' lang='grc'><em>³</em></span> <span class='ocrx_word' id='word_1_105' title='bbox 810 1668 1026 1730; x_wconf 70' lang='lat' dir='ltr'><strong>Adasa,</strong></span> <span class='ocrx_word' id='word_1_106' title='bbox 1060 1667 1113 1720; x_wconf 91' lang='lat' dir='ltr'><strong>in</strong></span> <span class='ocrx_word' id='word_1_107' title='bbox 1140 1665 1288 1720; x_wconf 88' lang='lat' dir='ltr'><strong>tribu</strong></span> <span class='ocrx_word' id='word_1_108' title='bbox 1316 1664 1469 1721; x_wconf 63' lang='lat' dir='ltr'><strong>Iudae</strong></span> <span class='ocrx_word' id='word_1_109' title='bbox 1488 1708 1501 1730; x_wconf 95' lang='lat'><strong>,</strong></span> <span class='ocrx_word' id='word_1_110' title='bbox 1549 1680 1721 1735; x_wconf 88' lang='lat' dir='ltr'><strong>usque</strong></span> <span class='ocrx_word' id='word_1_111' title='bbox 1753 1664 1915 1721; x_wconf 83' lang='lat' dir='ltr'><strong>hodie</strong></span> <span class='ocrx_word' id='word_1_112' title='bbox 1950 1666 2105 1721; x_wconf 88' lang='lat' dir='ltr'><strong>vicus</strong></span> <span class='ocrx_word' id='word_1_113' title='bbox 2130 1664 2282 1735; x_wconf 81' lang='lat' dir='ltr'><strong>juxta</strong></span> 
     </span>
    </p>
   </div>
   <div class='ocr_carea' id='block_1_18' title="bbox 2391 454 3700 526">
    <p class='ocr_par' dir='ltr' id='par_1_18' title="bbox 2391 454 3700 526">
     <span class='ocr_line' id='line_1_18' title="bbox 2391 454 3700 526; baseline 0.004 -18"><span class='ocrx_word' id='word_1_114' title='bbox 2391 454 2800 524; x_wconf 84' lang='lat' dir='ltr'><strong>deciinoquiuto</strong></span> <span class='ocrx_word' id='word_1_115' title='bbox 2826 456 3004 525; x_wconf 80' lang='lat' dir='ltr'><strong>lapide</strong></span> <span class='ocrx_word' id='word_1_116' title='bbox 3027 458 3182 525; x_wconf 87' lang='lat' dir='ltr'><strong>juxta</strong></span> <span class='ocrx_word' id='word_1_117' title='bbox 3214 459 3359 513; x_wconf 74' lang='lat' dir='ltr'><strong>viam</strong></span> <span class='ocrx_word' id='word_1_118' title='bbox 3399 460 3700 526; x_wconf 77' lang='lat' dir='ltr'><strong>publicam.</strong></span> 
     </span>
    </p>
   </div>
   <div class='ocr_carea' id='block_1_19' title="bbox 2464 549 3938 616">
    <p class='ocr_par' dir='ltr' id='par_1_19' title="bbox 2464 549 3938 616">
     <span class='ocr_line' id='line_1_19' title="bbox 2464 549 3938 616; baseline 0.005 -13"><span class='ocrx_word' id='word_1_119' title='bbox 2464 549 2734 604; x_wconf 86' lang='lat' dir='ltr'><strong>Atharotli</strong></span> <span class='ocrx_word' id='word_1_120' title='bbox 2762 592 2777 616; x_wconf 92' lang='lat'><strong>,</strong></span> <span class='ocrx_word' id='word_1_121' title='bbox 2821 551 3016 605; x_wconf 76' lang='lat' dir='ltr'><strong>civitas</strong></span> <span class='ocrx_word' id='word_1_122' title='bbox 3066 552 3239 607; x_wconf 87' lang='lat' dir='ltr'><strong>tribus</strong></span> <span class='ocrx_word' id='word_1_123' title='bbox 3288 553 3594 614; x_wconf 89' lang='lat' dir='ltr'><strong>Beniamin.</strong></span> <span class='ocrx_word' id='word_1_124' title='bbox 3628 555 3773 611; x_wconf 86' lang='lat' dir='ltr'><strong>Sunt</strong></span> <span class='ocrx_word' id='word_1_125' title='bbox 3812 568 3938 613; x_wconf 69' lang='lat' dir='ltr'><strong>‘dlllclli</strong></span> 
     </span>
    </p>
   </div>
   <div class='ocr_carea' id='block_1_20' title="bbox 2391 640 3487 714">
    <p class='ocr_par' dir='ltr' id='par_1_20' title="bbox 2391 640 3487 714">
     <span class='ocr_line' id='line_1_20' title="bbox 2391 640 3487 714; baseline 0.005 -20"><span class='ocrx_word' id='word_1_126' title='bbox 2391 640 2512 695; x_wconf 66' lang='lat' dir='ltr'><strong>dua:</strong></span> <span class='ocrx_word' id='word_1_127' title='bbox 2545 643 2817 697; x_wconf 86' lang='lat' dir='ltr'><strong>Atbaroih</strong></span> <span class='ocrx_word' id='word_1_128' title='bbox 2848 645 2987 699; x_wconf 87' lang='lat' dir='ltr'><strong>haud</strong></span> <span class='ocrx_word' id='word_1_129' title='bbox 3018 650 3206 714; x_wconf 87' lang='lat' dir='ltr'><strong>procul</strong></span> <span class='ocrx_word' id='word_1_130' title='bbox 3228 647 3297 701; x_wconf 88' lang='lat' dir='ltr'><strong>ab</strong></span> <span class='ocrx_word' id='word_1_131' title='bbox 3318 645 3487 703; x_wconf 64' lang='lat' dir='ltr'><strong>Elia.</strong></span> 
     </span>
    </p>
   </div>
   <div class='ocr_carea' id='block_1_21' title="bbox 2462 734 3942 809">
    <p class='ocr_par' dir='ltr' id='par_1_21' title="bbox 2462 734 3942 809">
     <span class='ocr_line' id='line_1_21' title="bbox 2462 734 3942 809; baseline 0.007 -21"><span class='ocrx_word' id='word_1_132' title='bbox 2462 734 2778 797; x_wconf 84' lang='lat' dir='ltr'><strong>Anathotb.</strong></span> <span class='ocrx_word' id='word_1_133' title='bbox 2829 736 3021 791; x_wconf 75' lang='lat' dir='ltr'><strong>civitas</strong></span> <span class='ocrx_word' id='word_1_134' title='bbox 3069 740 3235 793; x_wconf 82' lang='lat' dir='ltr'><strong>sortis</strong></span> <span class='ocrx_word' id='word_1_135' title='bbox 3283 739 3570 809; x_wconf 81' lang='lat' dir='ltr'><strong>Benjamin</strong></span> <span class='ocrx_word' id='word_1_136' title='bbox 3616 742 3942 799; x_wconf 70' lang='lat' dir='ltr'><strong>sacerdotibus</strong></span> 
     </span>
    </p>
   </div>
   <div class='ocr_carea' id='block_1_22' title="bbox 2393 829 3945 908">
    <p class='ocr_par' dir='ltr' id='par_1_22' title="bbox 2393 829 3945 908">
     <span class='ocr_line' id='line_1_22' title="bbox 2393 829 3945 908; baseline 0.01 -29"><span class='ocrx_word' id='word_1_137' title='bbox 2393 838 2641 893; x_wconf 84' lang='lat' dir='ltr'><strong>separata</strong></span> <span class='ocrx_word' id='word_1_138' title='bbox 2668 873 2681 893; x_wconf 90' lang='lat'><strong>,</strong></span> <span class='ocrx_word' id='word_1_139' title='bbox 2724 829 2778 884; x_wconf 91' lang='lat' dir='ltr'><strong>in</strong></span> <span class='ocrx_word' id='word_1_140' title='bbox 2813 831 2979 885; x_wconf 88' lang='lat' dir='ltr'><strong>tertio</strong></span> <span class='ocrx_word' id='word_1_141' title='bbox 3004 832 3073 885; x_wconf 89' lang='lat' dir='ltr'><strong>ab</strong></span> <span class='ocrx_word' id='word_1_142' title='bbox 3117 830 3259 888; x_wconf 56' lang='lat' dir='ltr'><strong>IElia</strong></span> <span class='ocrx_word' id='word_1_143' title='bbox 3308 834 3573 891; x_wconf 82' lang='lat' dir='ltr'><strong>milliaria</strong></span> <span class='ocrx_word' id='word_1_144' title='bbox 3618 852 3632 890; x_wconf 89' lang='lat'><strong>:</strong></span> <span class='ocrx_word' id='word_1_145' title='bbox 3678 837 3751 894; x_wconf 87' lang='lat' dir='ltr'><strong>de</strong></span> <span class='ocrx_word' id='word_1_146' title='bbox 3794 855 3880 908; x_wconf 80' lang='lat' dir='ltr'><strong>qua</strong></span> <span class='ocrx_word' id='word_1_147' title='bbox 3912 852 3945 895; x_wconf 76' lang='lat' dir='ltr'><strong>ct</strong></span> 
     </span>
    </p>
   </div>
   <div class='ocr_carea' id='block_1_23' title="bbox 2392 916 3124 988">
    <p class='ocr_par' dir='ltr' id='par_1_23' title="bbox 2392 916 3124 988">
     <span class='ocr_line' id='line_1_23' title="bbox 2392 916 3124 988; baseline 0.005 -17"><span class='ocrx_word' id='word_1_148' title='bbox 2392 916 2661 974; x_wconf 79' lang='lat' dir='ltr'><strong>Jeremias</strong></span> <span class='ocrx_word' id='word_1_149' title='bbox 2700 920 2968 988; x_wconf 86' lang='lat' dir='ltr'><strong>Pr0pbeta</strong></span> <span class='ocrx_word' id='word_1_150' title='bbox 3002 924 3124 978; x_wconf 80' lang='lat' dir='ltr'><strong>fuit.</strong></span> 
     </span>
    </p>
   </div>
   <div class='ocr_carea' id='block_1_24' title="bbox 2467 1013 3445 1089">
    <p class='ocr_par' dir='ltr' id='par_1_24' title="bbox 2467 1013 3445 1089">
     <span class='ocr_line' id='line_1_24' title="bbox 2467 1013 3445 1089; baseline 0.006 -22"><span class='ocrx_word' id='word_1_151' title='bbox 2467 1013 2658 1067; x_wconf 82' lang='lat' dir='ltr'><strong>Aildar</strong></span> <span class='ocrx_word' id='word_1_152' title='bbox 2678 1057 2692 1075; x_wconf 88' lang='lat'><strong>,</strong></span> <span class='ocrx_word' id='word_1_153' title='bbox 2726 1018 2921 1072; x_wconf 81' lang='lat' dir='ltr'><strong>civitas</strong></span> <span class='ocrx_word' id='word_1_154' title='bbox 2948 1017 3113 1073; x_wconf 78' lang='lat' dir='ltr'><strong>sortis</strong></span> <span class='ocrx_word' id='word_1_155' title='bbox 3142 1018 3445 1089; x_wconf 86' lang='lat' dir='ltr'><strong>Benjamin.</strong></span> 
     </span>
    </p>
   </div>
   <div class='ocr_carea' id='block_1_25' title="bbox 2468 1105 3947 1186">
    <p class='ocr_par' dir='ltr' id='par_1_25' title="bbox 2468 1105 3947 1186">
     <span class='ocr_line' id='line_1_25' title="bbox 2468 1105 3947 1186; baseline 0.011 -25"><span class='ocrx_word' id='word_1_156' title='bbox 2468 1105 2720 1173; x_wconf 65' lang='lat' dir='ltr'><strong>Elmon,</strong></span> <span class='ocrx_word' id='word_1_157' title='bbox 2772 1110 2963 1166; x_wconf 75' lang='lat' dir='ltr'><strong>civitas</strong></span> <span class='ocrx_word' id='word_1_158' title='bbox 3017 1112 3186 1167; x_wconf 88' lang='lat' dir='ltr'><strong>tribus</strong></span> <span class='ocrx_word' id='word_1_159' title='bbox 3249 1114 3557 1186; x_wconf 84' lang='lat' dir='ltr'><strong>Benjamiu.</strong></span> <span class='ocrx_word' id='word_1_160' title='bbox 3617 1121 3947 1177; x_wconf 76' lang='lat' dir='ltr'><strong>sacerdotibus</strong></span> 
     </span>
    </p>
   </div>
   <div class='ocr_carea' id='block_1_26' title="bbox 2393 1210 2661 1273">
    <p class='ocr_par' dir='ltr' id='par_1_26' title="bbox 2393 1210 2661 1273">
     <span class='ocr_line' id='line_1_26' title="bbox 2393 1210 2661 1273; baseline 0.004 -18"><span class='ocrx_word' id='word_1_161' title='bbox 2393 1210 2661 1273; x_wconf 85' lang='lat' dir='ltr'><strong>separata.</strong></span> 
     </span>
    </p>
   </div>
   <div class='ocr_carea' id='block_1_27' title="bbox 2487 1297 3949 1375">
    <p class='ocr_par' dir='ltr' id='par_1_27' title="bbox 2487 1297 3949 1375">
     <span class='ocr_line' id='line_1_27' title="bbox 2487 1297 3949 1375; baseline 0.008 -24"><span class='ocrx_word' id='word_1_162' title='bbox 2487 1297 2841 1353; x_wconf 78' lang='lat' dir='ltr'><strong>Amec-Casis</strong></span> <span class='ocrx_word' id='word_1_163' title='bbox 2888 1299 2963 1369; x_wconf 88' lang='lat' dir='ltr'><strong>(id</strong></span> <span class='ocrx_word' id='word_1_164' title='bbox 2993 1309 3071 1356; x_wconf 85' lang='lat' dir='ltr'><strong>est</strong></span> <span class='ocrx_word' id='word_1_165' title='bbox 3091 1342 3106 1368; x_wconf 92' lang='lat'><strong>,</strong></span> <span class='ocrx_word' id='word_1_166' title='bbox 3135 1302 3291 1357; x_wconf 79' lang='lat' dir='ltr'><strong>vallis</strong></span> <span class='ocrx_word' id='word_1_167' title='bbox 3326 1302 3481 1359; x_wconf 89' lang='lat' dir='ltr'><strong>Casis</strong></span> <span class='ocrx_word' id='word_1_168' title='bbox 3504 1304 3549 1375; x_wconf 90' lang='lat'><strong>),</strong></span> <span class='ocrx_word' id='word_1_169' title='bbox 3580 1307 3634 1362; x_wconf 89' lang='lat' dir='ltr'><strong>in</strong></span> <span class='ocrx_word' id='word_1_170' title='bbox 3666 1310 3806 1365; x_wconf 81' lang='lat' dir='ltr'><strong>tribu</strong></span> <span class='ocrx_word' id='word_1_171' title='bbox 3842 1310 3949 1367; x_wconf 46' lang='lat' dir='ltr'><strong>Ben.</strong></span> 
     </span>
    </p>
   </div>
   <div class='ocr_carea' id='block_1_28' title="bbox 2388 1404 2579 1458">
    <p class='ocr_par' dir='ltr' id='par_1_28' title="bbox 2388 1404 2579 1458">
     <span class='ocr_line' id='line_1_28' title="bbox 2388 1404 2579 1458; baseline -0.005 -16"><span class='ocrx_word' id='word_1_172' title='bbox 2388 1404 2579 1458; x_wconf 80' lang='lat' dir='ltr'><strong>jamin.</strong></span> 
     </span>
    </p>
   </div>
   <div class='ocr_carea' id='block_1_29' title="bbox 2467 1482 3303 1555">
    <p class='ocr_par' dir='ltr' id='par_1_29' title="bbox 2467 1482 3303 1555">
     <span class='ocr_line' id='line_1_29' title="bbox 2467 1482 3303 1555; baseline 0.01 -20"><span class='ocrx_word' id='word_1_173' title='bbox 2467 1492 2489 1519; x_wconf 74' lang='grc' dir='ltr'>ε</span> <span class='ocrx_word' id='word_1_174' title='bbox 2522 1482 2678 1537; x_wconf 89' lang='lat' dir='ltr'><strong>Avim</strong></span> <span class='ocrx_word' id='word_1_175' title='bbox 2707 1528 2720 1549; x_wconf 92' lang='lat'><strong>,</strong></span> <span class='ocrx_word' id='word_1_176' title='bbox 2752 1486 2804 1539; x_wconf 91' lang='lat' dir='ltr'><strong>in</strong></span> <span class='ocrx_word' id='word_1_177' title='bbox 2835 1486 2977 1541; x_wconf 84' lang='lat' dir='ltr'><strong>tribu</strong></span> <span class='ocrx_word' id='word_1_178' title='bbox 3000 1485 3303 1555; x_wconf 85' lang='lat' dir='ltr'><strong>Benjamin.</strong></span> 
     </span>
    </p>
   </div>
   <div class='ocr_carea' id='block_1_30' title="bbox 2463 1579 3945 1649">
    <p class='ocr_par' dir='ltr' id='par_1_30' title="bbox 2463 1579 3945 1649">
     <span class='ocr_line' id='line_1_30' title="bbox 2463 1579 3945 1649; baseline 0.009 -18"><span class='ocrx_word' id='word_1_179' title='bbox 2463 1579 2643 1646; x_wconf 84' lang='lat' dir='ltr'><strong>Aplira</strong></span> <span class='ocrx_word' id='word_1_180' title='bbox 2667 1622 2682 1646; x_wconf 92' lang='lat'><strong>,</strong></span> <span class='ocrx_word' id='word_1_181' title='bbox 2715 1580 2767 1633; x_wconf 90' lang='lat' dir='ltr'><strong>in</strong></span> <span class='ocrx_word' id='word_1_182' title='bbox 2813 1580 2955 1635; x_wconf 92' lang='lat' dir='ltr'><strong>tribu</strong></span> <span class='ocrx_word' id='word_1_183' title='bbox 2999 1580 3303 1649; x_wconf 75' lang='lat' dir='ltr'><strong>Beniamin.</strong></span> <span class='ocrx_word' id='word_1_184' title='bbox 3335 1583 3433 1638; x_wconf 82' lang='lat' dir='ltr'><strong>Est</strong></span> <span class='ocrx_word' id='word_1_185' title='bbox 3476 1595 3534 1641; x_wconf 87' lang='lat' dir='ltr'><strong>et</strong></span> <span class='ocrx_word' id='word_1_186' title='bbox 3580 1586 3746 1644; x_wconf 89' lang='lat' dir='ltr'><strong>hodie</strong></span> <span class='ocrx_word' id='word_1_187' title='bbox 3774 1588 3945 1644; x_wconf 59' lang='lat' dir='ltr'><strong>vicusf</strong></span> 
     </span>
    </p>
   </div>
   <div class='ocr_carea' id='block_1_31' title="bbox 2393 1670 3949 1747">
    <p class='ocr_par' dir='ltr' id='par_1_31' title="bbox 2393 1670 3949 1747">
     <span class='ocr_line' id='line_1_31' title="bbox 2393 1670 3949 1747; baseline 0.007 -21"><span class='ocrx_word' id='word_1_188' title='bbox 2393 1670 2626 1737; x_wconf 79' lang='lat' dir='ltr'><strong>Effrem,</strong></span> <span class='ocrx_word' id='word_1_189' title='bbox 2677 1674 2729 1727; x_wconf 90' lang='lat' dir='ltr'><strong>in</strong></span> <span class='ocrx_word' id='word_1_190' title='bbox 2775 1676 2969 1744; x_wconf 91' lang='lat' dir='ltr'><strong>quinto</strong></span> <span class='ocrx_word' id='word_1_191' title='bbox 3011 1678 3265 1733; x_wconf 88' lang='lat' dir='ltr'><strong>milliario</strong></span> <span class='ocrx_word' id='word_1_192' title='bbox 3305 1677 3581 1747; x_wconf 86' lang='lat' dir='ltr'><strong>Bethelis,</strong></span> <span class='ocrx_word' id='word_1_193' title='bbox 3614 1684 3683 1737; x_wconf 92' lang='lat' dir='ltr'><strong>ad</strong></span> <span class='ocrx_word' id='word_1_194' title='bbox 3714 1685 3949 1740; x_wconf 84' lang='lat' dir='ltr'><strong>orientem</strong></span> 
     </span>
    </p>
   </div>
   <div class='ocr_carea' id='block_1_32' title="bbox 686 1757 2711 1835">
    <p class='ocr_par' dir='ltr' id='par_1_32' title="bbox 686 1757 2711 1835">
     <span class='ocr_line' id='line_1_32' title="bbox 686 1757 2711 1835; baseline 0.001 -22"><span class='ocrx_word' id='word_1_195' title='bbox 686 1758 966 1830; x_wconf 82' lang='lat' dir='ltr'><strong>Guphnas.</strong></span> <span class='ocrx_word' id='word_1_196' title='bbox 1001 1757 1127 1831; x_wconf 65' lang='lat' dir='ltr'><strong>(Sed</strong></span> <span class='ocrx_word' id='word_1_197' title='bbox 1166 1759 1340 1813; x_wconf 88' lang='lat' dir='ltr'><strong>miror</strong></span> <span class='ocrx_word' id='word_1_198' title='bbox 1363 1757 1642 1829; x_wconf 83' lang='lat' dir='ltr'><strong>quomodo</strong></span> <span class='ocrx_word' id='word_1_199' title='bbox 1685 1757 2077 1828; x_wconf 87' lang='lat' dir='ltr'><strong>Guphnensem</strong></span> <span class='ocrx_word' id='word_1_200' title='bbox 2112 1759 2285 1827; x_wconf 76' lang='lat' dir='ltr'><strong>regio-</strong></span> <span class='ocrx_word' id='word_1_201' title='bbox 2319 1765 2361 1824; x_wconf 84' lang='grc' dir='ltr'><strong>Β</strong></span> <span class='ocrx_word' id='word_1_202' title='bbox 2390 1765 2711 1835; x_wconf 83' lang='lat' dir='ltr'><strong>respiciens.</strong></span> 
     </span>
    </p>
   </div>
   <div class='ocr_carea' id='block_1_33' title="bbox 689 1851 2285 1922">
    <p class='ocr_par' dir='ltr' id='par_1_33' title="bbox 689 1851 2285 1922">
     <span class='ocr_line' id='line_1_33' title="bbox 689 1851 2285 1922; baseline -0.004 -11"><span class='ocrx_word' id='word_1_203' title='bbox 689 1870 815 1911; x_wconf 84' lang='lat' dir='ltr'><strong>nem</strong></span> <span class='ocrx_word' id='word_1_204' title='bbox 858 1854 912 1909; x_wconf 91' lang='lat' dir='ltr'><strong>in</strong></span> <span class='ocrx_word' id='word_1_205' title='bbox 944 1852 1085 1907; x_wconf 90' lang='lat' dir='ltr'><strong>tribu</strong></span> <span class='ocrx_word' id='word_1_206' title='bbox 1116 1851 1270 1908; x_wconf 65' lang='lat' dir='ltr'><strong>Iuda:</strong></span> <span class='ocrx_word' id='word_1_207' title='bbox 1321 1854 1609 1921; x_wconf 82' lang='lat' dir='ltr'><strong>posuerit,</strong></span> <span class='ocrx_word' id='word_1_208' title='bbox 1662 1867 1784 1906; x_wconf 87' lang='lat' dir='ltr'><strong>cum</strong></span> <span class='ocrx_word' id='word_1_209' title='bbox 1835 1851 2182 1922; x_wconf 77' lang='lat' dir='ltr'><strong>perspicuum</strong></span> <span class='ocrx_word' id='word_1_210' title='bbox 2213 1852 2285 1906; x_wconf 86' lang='lat' dir='ltr'><strong>sit</strong></span> 
     </span>
    </p>
   </div>
   <div class='ocr_carea' id='block_1_34' title="bbox 681 1945 2281 2005">
    <p class='ocr_par' dir='ltr' id='par_1_34' title="bbox 681 1945 2281 2005">
     <span class='ocr_line' id='line_1_34' title="bbox 681 1945 2281 2005; baseline -0.004 0"><span class='ocrx_word' id='word_1_211' title='bbox 681 1948 982 2005; x_wconf 79' lang='lat' dir='ltr'><strong>secundum</strong></span> <span class='ocrx_word' id='word_1_212' title='bbox 1014 1946 1213 2001; x_wconf 77' lang='lat' dir='ltr'><strong>librum</strong></span> <span class='ocrx_word' id='word_1_213' title='bbox 1262 1946 1393 2001; x_wconf 81' lang='lat' dir='ltr'><strong>Jesu</strong></span> <span class='ocrx_word' id='word_1_214' title='bbox 1426 1947 1479 2001; x_wconf 92' lang='lat' dir='ltr'><strong>in</strong></span> <span class='ocrx_word' id='word_1_215' title='bbox 1512 1956 1717 2002; x_wconf 87' lang='lat' dir='ltr'><strong>sortem</strong></span> <span class='ocrx_word' id='word_1_216' title='bbox 1740 1961 1861 2002; x_wconf 88' lang='lat' dir='ltr'><strong>eam</strong></span> <span class='ocrx_word' id='word_1_217' title='bbox 1888 1945 2156 2001; x_wconf 86' lang='lat' dir='ltr'><strong>cecidisse</strong></span> <span class='ocrx_word' id='word_1_218' title='bbox 2185 1945 2281 1999; x_wconf 88' lang='lat' dir='ltr'><strong>tri-</strong></span> 
     </span>
    </p>
   </div>
   <div class='ocr_carea' id='block_1_35' title="bbox 682 2039 1180 2111">
    <p class='ocr_par' dir='ltr' id='par_1_35' title="bbox 682 2039 1180 2111">
     <span class='ocr_line' id='line_1_35' title="bbox 682 2039 1180 2111; baseline -0.01 -13"><span class='ocrx_word' id='word_1_219' title='bbox 682 2042 786 2099; x_wconf 89' lang='lat' dir='ltr'><strong>bus</strong></span> <span class='ocrx_word' id='word_1_220' title='bbox 809 2040 834 2080; x_wconf 81' lang='grc'><strong>¹³</strong></span> <span class='ocrx_word' id='word_1_221' title='bbox 865 2039 1180 2111; x_wconf 81' lang='lat' dir='ltr'><strong>Ephraiin.)</strong></span> 
     </span>
    </p>
   </div>
   <div class='ocr_carea' id='block_1_36' title="bbox 755 2118 1441 2201">
    <p class='ocr_par' dir='ltr' id='par_1_36' title="bbox 755 2118 1441 2201">
     <span class='ocr_line' id='line_1_36' title="bbox 755 2118 1441 2201; baseline -0.01 -9"><span class='ocrx_word' id='word_1_222' title='bbox 755 2134 930 2192; x_wconf 80' lang='lat' dir='ltr'><strong>Aliter</strong></span> <span class='ocrx_word' id='word_1_223' title='bbox 961 2174 977 2201; x_wconf 91' lang='lat'><strong>,</strong></span> <span class='ocrx_word' id='word_1_224' title='bbox 1009 2135 1061 2189; x_wconf 90' lang='lat' dir='ltr'><strong>in</strong></span> <span class='ocrx_word' id='word_1_225' title='bbox 1096 2133 1241 2188; x_wconf 82' lang='lat' dir='ltr'><strong>tribu</strong></span> <span class='ocrx_word' id='word_1_226' title='bbox 1268 2118 1441 2188; x_wconf 63' lang='lat' dir='ltr'><strong>Iudae.</strong></span> 
     </span>
    </p>
   </div>
   <div class='ocr_carea' id='block_1_37' title="bbox 754 2223 2285 2297">
    <p class='ocr_par' dir='ltr' id='par_1_37' title="bbox 754 2223 2285 2297">
     <span class='ocr_line' id='line_1_37' title="bbox 754 2223 2285 2297; baseline -0.006 -12"><span class='ocrx_word' id='word_1_227' title='bbox 754 2229 906 2285; x_wconf 83' lang='lat' dir='ltr'><strong>Asan</strong></span> <span class='ocrx_word' id='word_1_228' title='bbox 934 2270 950 2295; x_wconf 90' lang='lat'><strong>,</strong></span> <span class='ocrx_word' id='word_1_229' title='bbox 1002 2229 1059 2285; x_wconf 93' lang='lat' dir='ltr'><strong>in</strong></span> <span class='ocrx_word' id='word_1_230' title='bbox 1091 2228 1228 2283; x_wconf 83' lang='lat' dir='ltr'><strong>tribu</strong></span> <span class='ocrx_word' id='word_1_231' title='bbox 1256 2226 1428 2282; x_wconf 73' lang='lat' dir='ltr'><strong>Judze.</strong></span> <span class='ocrx_word' id='word_1_232' title='bbox 1465 2226 1557 2280; x_wconf 79' lang='lat' dir='ltr'><strong>Est</strong></span> <span class='ocrx_word' id='word_1_233' title='bbox 1597 2239 1771 2297; x_wconf 88' lang='lat' dir='ltr'><strong>usque</strong></span> <span class='ocrx_word' id='word_1_234' title='bbox 1821 2223 1984 2279; x_wconf 89' lang='lat' dir='ltr'><strong>hodie</strong></span> <span class='ocrx_word' id='word_1_235' title='bbox 2007 2224 2162 2279; x_wconf 90' lang='lat' dir='ltr'><strong>vicus</strong></span> <span class='ocrx_word' id='word_1_236' title='bbox 2188 2236 2285 2277; x_wconf 91' lang='lat' dir='ltr'><strong>no-</strong></span> 
     </span>
    </p>
   </div>
   <div class='ocr_carea' id='block_1_38' title="bbox 680 2315 2284 2390">
    <p class='ocr_par' dir='ltr' id='par_1_38' title="bbox 680 2315 2284 2390">
     <span class='ocr_line' id='line_1_38' title="bbox 680 2315 2284 2390; baseline -0.007 -9"><span class='ocrx_word' id='word_1_237' title='bbox 680 2324 830 2381; x_wconf 85' lang='lat' dir='ltr'><strong>mine</strong></span> <span class='ocrx_word' id='word_1_238' title='bbox 859 2321 1130 2379; x_wconf 88' lang='lat' dir='ltr'><strong>Bethasan</strong></span> <span class='ocrx_word' id='word_1_239' title='bbox 1154 2321 1221 2376; x_wconf 92' lang='lat' dir='ltr'><strong>ad</strong></span> <span class='ocrx_word' id='word_1_240' title='bbox 1252 2318 1454 2375; x_wconf 60' lang='lat' dir='ltr'><strong>[Etiam</strong></span> <span class='ocrx_word' id='word_1_241' title='bbox 1484 2320 1803 2390; x_wconf 88' lang='lat' dir='ltr'><strong>pertinens,</strong></span> <span class='ocrx_word' id='word_1_242' title='bbox 1834 2330 1855 2357; x_wconf 72' lang='grc' dir='ltr'><strong>ε</strong></span> <span class='ocrx_word' id='word_1_243' title='bbox 1893 2318 1947 2372; x_wconf 91' lang='lat' dir='ltr'><strong>in</strong></span> <span class='ocrx_word' id='word_1_244' title='bbox 1970 2318 2162 2388; x_wconf 89' lang='lat' dir='ltr'><strong>quinto</strong></span> <span class='ocrx_word' id='word_1_245' title='bbox 2188 2315 2284 2370; x_wconf 90' lang='lat' dir='ltr'><strong>de-</strong></span> 
     </span>
    </p>
   </div>
   <div class='ocr_carea' id='block_1_39' title="bbox 681 2411 1343 2474">
    <p class='ocr_par' dir='ltr' id='par_1_39' title="bbox 681 2411 1343 2474">
     <span class='ocr_line' id='line_1_39' title="bbox 681 2411 1343 2474; baseline -0.011 -2"><span class='ocrx_word' id='word_1_246' title='bbox 681 2419 826 2474; x_wconf 91' lang='lat' dir='ltr'><strong>cimo</strong></span> <span class='ocrx_word' id='word_1_247' title='bbox 858 2416 927 2470; x_wconf 89' lang='lat' dir='ltr'><strong>ab</strong></span> <span class='ocrx_word' id='word_1_248' title='bbox 966 2429 1031 2471; x_wconf 88' lang='lat' dir='ltr'><strong>ea</strong></span> <span class='ocrx_word' id='word_1_249' title='bbox 1063 2411 1343 2469; x_wconf 77' lang='lat' dir='ltr'><strong>milliaria.</strong></span> 
     </span>
    </p>
   </div>
   <div class='ocr_carea' id='block_1_40' title="bbox 755 2504 1454 2576">
    <p class='ocr_par' dir='ltr' id='par_1_40' title="bbox 755 2504 1454 2576">
     <span class='ocr_line' id='line_1_40' title="bbox 755 2504 1454 2576; baseline -0.013 -11"><span class='ocrx_word' id='word_1_250' title='bbox 755 2508 934 2565; x_wconf 79' lang='lat' dir='ltr'><strong>Ascua</strong></span> <span class='ocrx_word' id='word_1_251' title='bbox 956 2552 970 2576; x_wconf 90' lang='lat'><strong>,</strong></span> <span class='ocrx_word' id='word_1_252' title='bbox 1019 2508 1072 2562; x_wconf 91' lang='lat' dir='ltr'><strong>in</strong></span> <span class='ocrx_word' id='word_1_253' title='bbox 1106 2505 1250 2561; x_wconf 84' lang='lat' dir='ltr'><strong>tribu</strong></span> <span class='ocrx_word' id='word_1_254' title='bbox 1277 2504 1454 2559; x_wconf 71' lang='lat' dir='ltr'><strong>Judze.</strong></span> 
     </span>
    </p>
   </div>
   <div class='ocr_carea' id='block_1_41' title="bbox 754 2597 1506 2674">
    <p class='ocr_par' dir='ltr' id='par_1_41' title="bbox 754 2597 1506 2674">
     <span class='ocr_line' id='line_1_41' title="bbox 754 2597 1506 2674; baseline -0.011 -16"><span class='ocrx_word' id='word_1_255' title='bbox 754 2602 998 2674; x_wconf 75' lang='lat' dir='ltr'><strong>Agziph,</strong></span> <span class='ocrx_word' id='word_1_256' title='bbox 1046 2603 1101 2656; x_wconf 87' lang='lat' dir='ltr'><strong>in</strong></span> <span class='ocrx_word' id='word_1_257' title='bbox 1136 2599 1280 2656; x_wconf 86' lang='lat' dir='ltr'><strong>tribu</strong></span> <span class='ocrx_word' id='word_1_258' title='bbox 1326 2597 1506 2653; x_wconf 66' lang='lat' dir='ltr'><strong>Judm.</strong></span> 
     </span>
    </p>
   </div>
   <div class='ocr_carea' id='block_1_42' title="bbox 757 2685 2284 2759">
    <p class='ocr_par' dir='ltr' id='par_1_42' title="bbox 757 2685 2284 2759">
     <span class='ocr_line' id='line_1_42' title="bbox 757 2685 2284 2759; baseline -0.009 -8"><span class='ocrx_word' id='word_1_259' title='bbox 757 2699 941 2757; x_wconf 84' lang='lat' dir='ltr'><strong>Anab,</strong></span> <span class='ocrx_word' id='word_1_260' title='bbox 975 2695 1030 2749; x_wconf 90' lang='lat' dir='ltr'><strong>in</strong></span> <span class='ocrx_word' id='word_1_261' title='bbox 1060 2694 1205 2748; x_wconf 91' lang='lat' dir='ltr'><strong>tribu</strong></span> <span class='ocrx_word' id='word_1_262' title='bbox 1245 2692 1434 2747; x_wconf 64' lang='lat' dir='ltr'><strong>ludat:</strong></span> <span class='ocrx_word' id='word_1_263' title='bbox 1471 2704 1613 2745; x_wconf 88' lang='lat' dir='ltr'><strong>nunc</strong></span> <span class='ocrx_word' id='word_1_264' title='bbox 1643 2702 1818 2759; x_wconf 86' lang='lat' dir='ltr'><strong>usque</strong></span> <span class='ocrx_word' id='word_1_265' title='bbox 1847 2687 2001 2742; x_wconf 85' lang='lat' dir='ltr'><strong>vicus</strong></span> <span class='ocrx_word' id='word_1_266' title='bbox 2036 2686 2190 2759; x_wconf 75' lang='lat'><strong>151</strong></span> <span class='ocrx_word' id='word_1_267' title='bbox 2231 2685 2284 2738; x_wconf 90' lang='lat' dir='ltr'><strong>in</strong></span> 
     </span>
    </p>
   </div>
   <div class='ocr_carea' id='block_1_43' title="bbox 684 2778 2286 2857">
    <p class='ocr_par' dir='ltr' id='par_1_43' title="bbox 684 2778 2286 2857">
     <span class='ocr_line' id='line_1_43' title="bbox 684 2778 2286 2857; baseline -0.01 -11"><span class='ocrx_word' id='word_1_268' title='bbox 684 2792 884 2846; x_wconf 83' lang='lat' dir='ltr'><strong>ﬁnibus</strong></span> <span class='ocrx_word' id='word_1_269' title='bbox 915 2787 1429 2857; x_wconf 86' lang='lat' dir='ltr'><strong>Eleutheropoleos.</strong></span> <span class='ocrx_word' id='word_1_270' title='bbox 1490 2784 1589 2839; x_wconf 77' lang='lat' dir='ltr'><strong>Est</strong></span> <span class='ocrx_word' id='word_1_271' title='bbox 1640 2793 1697 2838; x_wconf 88' lang='lat' dir='ltr'><strong>et</strong></span> <span class='ocrx_word' id='word_1_272' title='bbox 1738 2783 1843 2837; x_wconf 86' lang='lat' dir='ltr'><strong>alia</strong></span> <span class='ocrx_word' id='word_1_273' title='bbox 1892 2781 2116 2850; x_wconf 72' lang='lat' dir='ltr'><strong>grandis</strong></span> <span class='ocrx_word' id='word_1_274' title='bbox 2158 2778 2286 2831; x_wconf 87' lang='lat' dir='ltr'><strong>villa</strong></span> 
     </span>
    </p>
   </div>
   <div class='ocr_carea' id='block_1_44' title="bbox 686 2877 2285 2948">
    <p class='ocr_par' dir='ltr' id='par_1_44' title="bbox 686 2877 2285 2948">
     <span class='ocr_line' id='line_1_44' title="bbox 686 2877 2285 2948; baseline -0.01 -8"><span class='ocrx_word' id='word_1_275' title='bbox 686 2885 998 2940; x_wconf 59' lang='lat' dir='ltr'><strong>Iudaeorum</strong></span> <span class='ocrx_word' id='word_1_276' title='bbox 1043 2925 1059 2948; x_wconf 93' lang='lat'><strong>,</strong></span> <span class='ocrx_word' id='word_1_277' title='bbox 1118 2882 1342 2938; x_wconf 89' lang='lat' dir='ltr'><strong>nomine</strong></span> <span class='ocrx_word' id='word_1_278' title='bbox 1397 2880 1593 2945; x_wconf 89' lang='lat' dir='ltr'><strong>Anea,</strong></span> <span class='ocrx_word' id='word_1_279' title='bbox 1648 2878 1701 2933; x_wconf 90' lang='lat' dir='ltr'><strong>in</strong></span> <span class='ocrx_word' id='word_1_280' title='bbox 1765 2877 2039 2939; x_wconf 88' lang='lat' dir='ltr'><strong>Daroma,</strong></span> <span class='ocrx_word' id='word_1_281' title='bbox 2096 2883 2285 2927; x_wconf 89' lang='lat' dir='ltr'><strong>contra</strong></span> 
     </span>
    </p>
   </div>
   <div class='ocr_carea' id='block_1_45' title="bbox 686 2968 2287 3048">
    <p class='ocr_par' dir='ltr' id='par_1_45' title="bbox 686 2968 2287 3048">
     <span class='ocr_line' id='line_1_45' title="bbox 686 2968 2287 3048; baseline -0.006 -15"><span class='ocrx_word' id='word_1_282' title='bbox 686 2978 984 3033; x_wconf 78' lang='lat' dir='ltr'><strong>auSIralem</strong></span> <span class='ocrx_word' id='word_1_283' title='bbox 1021 2977 1235 3048; x_wconf 75' lang='lat' dir='ltr'><strong>plagam</strong></span> <span class='ocrx_word' id='word_1_284' title='bbox 1262 2973 1570 3031; x_wconf 78' lang='lat' dir='ltr'><strong>Lhebrouis</strong></span> <span class='ocrx_word' id='word_1_285' title='bbox 1592 3014 1607 3037; x_wconf 89' lang='lat'><strong>,</strong></span> <span class='ocrx_word' id='word_1_286' title='bbox 1638 2986 1835 3028; x_wconf 86' lang='lat' dir='ltr'><strong>novem</strong></span> <span class='ocrx_word' id='word_1_287' title='bbox 1861 2970 1931 3025; x_wconf 91' lang='lat' dir='ltr'><strong>ab</strong></span> <span class='ocrx_word' id='word_1_288' title='bbox 1953 2983 2016 3025; x_wconf 90' lang='lat' dir='ltr'><strong>ea</strong></span> <span class='ocrx_word' id='word_1_289' title='bbox 2046 2968 2287 3024; x_wconf 89' lang='lat' dir='ltr'><strong>millibus</strong></span> 
     </span>
    </p>
   </div>
   <div class='ocr_carea' id='block_1_46' title="bbox 685 3081 961 3142">
    <p class='ocr_par' dir='ltr' id='par_1_46' title="bbox 685 3081 961 3142">
     <span class='ocr_line' id='line_1_46' title="bbox 685 3081 961 3142; baseline -0.014 -13"><span class='ocrx_word' id='word_1_290' title='bbox 685 3081 961 3142; x_wconf 81' lang='lat' dir='ltr'><strong>separata.</strong></span> 
     </span>
    </p>
   </div>
   <div class='ocr_carea' id='block_1_47' title="bbox 2458 1862 3423 1935">
    <p class='ocr_par' dir='ltr' id='par_1_47' title="bbox 2458 1862 3423 1935">
     <span class='ocr_line' id='line_1_47' title="bbox 2458 1862 3423 1935; baseline 0.006 -21"><span class='ocrx_word' id='word_1_291' title='bbox 2458 1862 2784 1915; x_wconf 89' lang='lat' dir='ltr'><strong>Aiiioeniam</strong></span> <span class='ocrx_word' id='word_1_292' title='bbox 2814 1905 2828 1929; x_wconf 91' lang='lat'><strong>,</strong></span> <span class='ocrx_word' id='word_1_293' title='bbox 2862 1866 2913 1915; x_wconf 92' lang='lat' dir='ltr'><strong>in</strong></span> <span class='ocrx_word' id='word_1_294' title='bbox 2942 1862 3086 1918; x_wconf 91' lang='lat' dir='ltr'><strong>tribu</strong></span> <span class='ocrx_word' id='word_1_295' title='bbox 3118 1863 3423 1935; x_wconf 89' lang='lat' dir='ltr'><strong>Benjamin.</strong></span> 
     </span>
    </p>
   </div>
   <div class='ocr_carea' id='block_1_48' title="bbox 2457 1954 3258 2028">
    <p class='ocr_par' dir='ltr' id='par_1_48' title="bbox 2457 1954 3258 2028">
     <span class='ocr_line' id='line_1_48' title="bbox 2457 1954 3258 2028; baseline 0.007 -21"><span class='ocrx_word' id='word_1_296' title='bbox 2457 1954 2635 2023; x_wconf 89' lang='lat' dir='ltr'><strong>Aphni</strong></span> <span class='ocrx_word' id='word_1_297' title='bbox 2655 1998 2669 2021; x_wconf 90' lang='lat'><strong>,</strong></span> <span class='ocrx_word' id='word_1_298' title='bbox 2704 1956 2757 2010; x_wconf 91' lang='lat' dir='ltr'><strong>in</strong></span> <span class='ocrx_word' id='word_1_299' title='bbox 2785 1956 2928 2012; x_wconf 92' lang='lat' dir='ltr'><strong>tribu</strong></span> <span class='ocrx_word' id='word_1_300' title='bbox 2952 1957 3258 2028; x_wconf 89' lang='lat' dir='ltr'><strong>Benjamiu.</strong></span> 
     </span>
    </p>
   </div>
   <div class='ocr_carea' id='block_1_49' title="bbox 2460 2141 3947 2220">
    <p class='ocr_par' dir='ltr' id='par_1_49' title="bbox 2460 2141 3947 2220">
     <span class='ocr_line' id='line_1_49' title="bbox 2460 2141 3947 2220; baseline 0.009 -24"><span class='ocrx_word' id='word_1_301' title='bbox 2460 2141 2611 2196; x_wconf 91' lang='lat' dir='ltr'><strong>Arim</strong></span> <span class='ocrx_word' id='word_1_302' title='bbox 2632 2185 2646 2206; x_wconf 93' lang='lat'><strong>,</strong></span> <span class='ocrx_word' id='word_1_303' title='bbox 2677 2144 2908 2212; x_wconf 91' lang='lat' dir='ltr'><strong>in_tribu</strong></span> <span class='ocrx_word' id='word_1_304' title='bbox 2942 2144 3249 2215; x_wconf 88' lang='lat' dir='ltr'><strong>Benjamin.</strong></span> <span class='ocrx_word' id='word_1_305' title='bbox 3276 2147 3375 2204; x_wconf 86' lang='lat' dir='ltr'><strong>Est</strong></span> <span class='ocrx_word' id='word_1_306' title='bbox 3406 2159 3465 2205; x_wconf 88' lang='lat' dir='ltr'><strong>et</strong></span> <span class='ocrx_word' id='word_1_307' title='bbox 3492 2150 3618 2205; x_wconf 86' lang='lat' dir='ltr'><strong>villa</strong></span> <span class='ocrx_word' id='word_1_308' title='bbox 3653 2152 3807 2220; x_wconf 86' lang='lat' dir='ltr'><strong>juxta</strong></span> <span class='ocrx_word' id='word_1_309' title='bbox 3829 2154 3947 2209; x_wconf 81' lang='lat' dir='ltr'><strong>Dios-</strong></span> 
     </span>
    </p>
   </div>
   <div class='ocr_carea' id='block_1_50' title="bbox 2387 2236 3813 2318">
    <p class='ocr_par' dir='ltr' id='par_1_50' title="bbox 2387 2236 3813 2318">
     <span class='ocr_line' id='line_1_50' title="bbox 2387 2236 3813 2318; baseline 0.008 -29"><span class='ocrx_word' id='word_1_310' title='bbox 2387 2236 2554 2306; x_wconf 91' lang='lat' dir='ltr'><strong>poliin</strong></span> <span class='ocrx_word' id='word_1_311' title='bbox 2596 2238 2739 2309; x_wconf 76' lang='lat' dir='ltr'><strong>(quae</strong></span> <span class='ocrx_word' id='word_1_312' title='bbox 2765 2254 2910 2295; x_wconf 90' lang='lat' dir='ltr'><strong>nunc</strong></span> <span class='ocrx_word' id='word_1_313' title='bbox 2934 2256 3106 2311; x_wconf 90' lang='lat' dir='ltr'><strong>usque</strong></span> <span class='ocrx_word' id='word_1_314' title='bbox 3137 2243 3442 2313; x_wconf 82' lang='lat' dir='ltr'><strong>appellatur</strong></span> <span class='ocrx_word' id='word_1_315' title='bbox 3464 2254 3489 2291; x_wconf 79' lang='grc' dir='ltr'><em>ε</em></span> <span class='ocrx_word' id='word_1_316' title='bbox 3514 2245 3813 2318; x_wconf 86' lang='lat' dir='ltr'><strong>Betaripb).</strong></span> 
     </span>
    </p>
   </div>
   <div class='ocr_carea' id='block_1_51' title="bbox 2460 2332 3246 2403">
    <p class='ocr_par' dir='ltr' id='par_1_51' title="bbox 2460 2332 3246 2403">
     <span class='ocr_line' id='line_1_51' title="bbox 2460 2332 3246 2403; baseline 0.003 -17"><span class='ocrx_word' id='word_1_317' title='bbox 2460 2332 2623 2386; x_wconf 91' lang='lat' dir='ltr'><strong>Amsa</strong></span> <span class='ocrx_word' id='word_1_318' title='bbox 2643 2373 2658 2396; x_wconf 93' lang='lat'><strong>,</strong></span> <span class='ocrx_word' id='word_1_319' title='bbox 2686 2333 2739 2386; x_wconf 92' lang='lat' dir='ltr'><strong>in</strong></span> <span class='ocrx_word' id='word_1_320' title='bbox 2767 2333 2911 2387; x_wconf 90' lang='lat' dir='ltr'><strong>tribu</strong></span> <span class='ocrx_word' id='word_1_321' title='bbox 2945 2333 3246 2403; x_wconf 88' lang='lat' dir='ltr'><strong>Benjamin.</strong></span> 
     </span>
    </p>
   </div>
   <div class='ocr_carea' id='block_1_52' title="bbox 2461 2423 3235 2497">
    <p class='ocr_par' dir='ltr' id='par_1_52' title="bbox 2461 2423 3235 2497">
     <span class='ocr_line' id='line_1_52' title="bbox 2461 2423 3235 2497; baseline 0.004 -19"><span class='ocrx_word' id='word_1_322' title='bbox 2461 2423 2633 2489; x_wconf 91' lang='lat' dir='ltr'><strong>Asar,</strong></span> <span class='ocrx_word' id='word_1_323' title='bbox 2665 2425 2719 2479; x_wconf 91' lang='lat' dir='ltr'><strong>in</strong></span> <span class='ocrx_word' id='word_1_324' title='bbox 2751 2426 2892 2480; x_wconf 90' lang='lat' dir='ltr'><strong>tribu</strong></span> <span class='ocrx_word' id='word_1_325' title='bbox 2923 2425 3235 2497; x_wconf 83' lang='lat' dir='ltr'><strong>Symeonis.</strong></span> 
     </span>
    </p>
   </div>
   <div class='ocr_carea' id='block_1_53' title="bbox 2460 2516 3235 2591">
    <p class='ocr_par' dir='ltr' id='par_1_53' title="bbox 2460 2516 3235 2591">
     <span class='ocr_line' id='line_1_53' title="bbox 2460 2516 3235 2591; baseline 0.004 -21"><span class='ocrx_word' id='word_1_326' title='bbox 2460 2516 2642 2578; x_wconf 88' lang='lat' dir='ltr'><strong>Asan,</strong></span> <span class='ocrx_word' id='word_1_327' title='bbox 2671 2518 2723 2571; x_wconf 92' lang='lat' dir='ltr'><strong>in</strong></span> <span class='ocrx_word' id='word_1_328' title='bbox 2751 2519 2897 2572; x_wconf 92' lang='lat' dir='ltr'><strong>tribu</strong></span> <span class='ocrx_word' id='word_1_329' title='bbox 2929 2518 3235 2591; x_wconf 83' lang='lat' dir='ltr'><strong>Symeonis.</strong></span> 
     </span>
    </p>
   </div>
   <div class='ocr_carea' id='block_1_54' title="bbox 2466 2607 3649 2685">
    <p class='ocr_par' dir='ltr' id='par_1_54' title="bbox 2466 2607 3649 2685">
     <span class='ocr_line' id='line_1_54' title="bbox 2466 2607 3649 2685; baseline 0 -19"><span class='ocrx_word' id='word_1_330' title='bbox 2466 2607 2626 2680; x_wconf 61' lang='grc'><strong>154</strong></span> <span class='ocrx_word' id='word_1_331' title='bbox 2653 2608 3055 2676; x_wconf 75' lang='lat' dir='ltr'><strong>Amarchabob,</strong></span> <span class='ocrx_word' id='word_1_332' title='bbox 3079 2610 3132 2665; x_wconf 89' lang='lat' dir='ltr'><strong>in</strong></span> <span class='ocrx_word' id='word_1_333' title='bbox 3166 2611 3308 2667; x_wconf 91' lang='lat' dir='ltr'><strong>tribu</strong></span> <span class='ocrx_word' id='word_1_334' title='bbox 3335 2612 3649 2685; x_wconf 79' lang='lat' dir='ltr'><strong>Symeonis.</strong></span> 
     </span>
    </p>
   </div>
   <div class='ocr_carea' id='block_1_55' title="bbox 2358 2700 3948 2789">
    <p class='ocr_par' dir='ltr' id='par_1_55' title="bbox 2358 2700 3948 2789">
     <span class='ocr_line' id='line_1_55' title="bbox 2358 2700 3948 2789; baseline 0.006 -37"><span class='ocrx_word' id='word_1_335' title='bbox 2358 2780 2367 2789; x_wconf 37' lang='grc'><strong><em>⁸</em></strong></span> <span class='ocrx_word' id='word_1_336' title='bbox 2460 2700 2589 2765; x_wconf 86' lang='lat' dir='ltr'><strong>Ain,</strong></span> <span class='ocrx_word' id='word_1_337' title='bbox 2642 2702 2693 2754; x_wconf 91' lang='lat' dir='ltr'><strong>in</strong></span> <span class='ocrx_word' id='word_1_338' title='bbox 2727 2702 2867 2755; x_wconf 90' lang='lat' dir='ltr'><strong>tribu</strong></span> <span class='ocrx_word' id='word_1_339' title='bbox 2895 2700 3071 2767; x_wconf 66' lang='lat' dir='ltr'><strong>Iudae,</strong></span> <span class='ocrx_word' id='word_1_340' title='bbox 3102 2704 3219 2760; x_wconf 84' lang='lat' dir='ltr'><strong>sive</strong></span> <span class='ocrx_word' id='word_1_341' title='bbox 3258 2705 3549 2775; x_wconf 83' lang='lat' dir='ltr'><strong>Symeonis</strong></span> <span class='ocrx_word' id='word_1_342' title='bbox 3576 2709 3767 2765; x_wconf 79' lang='lat' dir='ltr'><strong>civitas</strong></span> <span class='ocrx_word' id='word_1_343' title='bbox 3803 2724 3948 2765; x_wconf 82' lang='lat' dir='ltr'><strong>sacci-</strong></span> 
     </span>
    </p>
   </div>
   <div class='ocr_carea' id='block_1_56' title="bbox 2389 2792 2914 2864">
    <p class='ocr_par' dir='ltr' id='par_1_56' title="bbox 2389 2792 2914 2864">
     <span class='ocr_line' id='line_1_56' title="bbox 2389 2792 2914 2864; baseline 0 -17"><span class='ocrx_word' id='word_1_344' title='bbox 2389 2792 2611 2848; x_wconf 88' lang='lat' dir='ltr'><strong>dotibus</strong></span> <span class='ocrx_word' id='word_1_345' title='bbox 2643 2805 2914 2864; x_wconf 81' lang='lat' dir='ltr'><strong>separata.</strong></span> 
     </span>
    </p>
   </div>
   <div class='ocr_carea' id='block_1_57' title="bbox 2463 2886 3300 2960">
    <p class='ocr_par' dir='ltr' id='par_1_57' title="bbox 2463 2886 3300 2960">
     <span class='ocr_line' id='line_1_57' title="bbox 2463 2886 3300 2960; baseline 0.004 -20"><span class='ocrx_word' id='word_1_346' title='bbox 2463 2888 2705 2951; x_wconf 87' lang='lat' dir='ltr'><strong>Aseiina,</strong></span> <span class='ocrx_word' id='word_1_347' title='bbox 2739 2889 2791 2941; x_wconf 91' lang='lat' dir='ltr'><strong>in</strong></span> <span class='ocrx_word' id='word_1_348' title='bbox 2824 2888 2963 2943; x_wconf 85' lang='lat' dir='ltr'><strong>tribu</strong></span> <span class='ocrx_word' id='word_1_349' title='bbox 2992 2886 3300 2960; x_wconf 85' lang='lat' dir='ltr'><strong>Symconis.</strong></span> 
     </span>
    </p>
   </div>
   <div class='ocr_carea' id='block_1_58' title="bbox 2462 2979 3285 3046">
    <p class='ocr_par' dir='ltr' id='par_1_58' title="bbox 2462 2979 3285 3046">
     <span class='ocr_line' id='line_1_58' title="bbox 2462 2979 3285 3046; baseline 0.009 -13"><span class='ocrx_word' id='word_1_350' title='bbox 2462 2979 2744 3046; x_wconf 88' lang='lat' dir='ltr'><strong>Ainatbar,</strong></span> <span class='ocrx_word' id='word_1_351' title='bbox 2771 2981 2823 3035; x_wconf 94' lang='lat' dir='ltr'><strong>in</strong></span> <span class='ocrx_word' id='word_1_352' title='bbox 2850 2981 2994 3037; x_wconf 91' lang='lat' dir='ltr'><strong>tribu</strong></span> <span class='ocrx_word' id='word_1_353' title='bbox 3019 2982 3285 3040; x_wconf 85' lang='lat' dir='ltr'><strong>Zabulon.</strong></span> 
     </span>
    </p>
   </div>
   <div class='ocr_carea' id='block_1_59' title="bbox 2463 3075 3951 3149">
    <p class='ocr_par' dir='ltr' id='par_1_59' title="bbox 2463 3075 3951 3149">
     <span class='ocr_line' id='line_1_59' title="bbox 2463 3075 3951 3149; baseline 0.009 -22"><span class='ocrx_word' id='word_1_354' title='bbox 2463 3075 2638 3139; x_wconf 86' lang='lat' dir='ltr'><strong>Anna,</strong></span> <span class='ocrx_word' id='word_1_355' title='bbox 2680 3076 2730 3128; x_wconf 90' lang='lat' dir='ltr'><strong>in</strong></span> <span class='ocrx_word' id='word_1_356' title='bbox 2772 3075 2917 3130; x_wconf 90' lang='lat' dir='ltr'><strong>tribu</strong></span> <span class='ocrx_word' id='word_1_357' title='bbox 2957 3076 3220 3133; x_wconf 85' lang='lat' dir='ltr'><strong>Zaliulnn.</strong></span> <span class='ocrx_word' id='word_1_358' title='bbox 3261 3078 3361 3135; x_wconf 81' lang='lat' dir='ltr'><strong>Est</strong></span> <span class='ocrx_word' id='word_1_359' title='bbox 3407 3090 3462 3137; x_wconf 92' lang='lat' dir='ltr'><strong>et</strong></span> <span class='ocrx_word' id='word_1_360' title='bbox 3505 3081 3612 3138; x_wconf 87' lang='lat' dir='ltr'><strong>alia</strong></span> <span class='ocrx_word' id='word_1_361' title='bbox 3638 3084 3770 3140; x_wconf 87' lang='lat' dir='ltr'><strong>villa</strong></span> <span class='ocrx_word' id='word_1_362' title='bbox 3816 3087 3951 3149; x_wconf 71' lang='lat' dir='ltr'><strong>Anna.</strong></span> 
     </span>
    </p>
   </div>
   <div class='ocr_carea' id='block_1_60' title="bbox 757 3157 3850 3239">
    <p class='ocr_par' dir='ltr' id='par_1_60' title="bbox 757 3157 3850 3239">
     <span class='ocr_line' id='line_1_60' title="bbox 757 3157 3850 3239; baseline 0.004 -18"><span class='ocrx_word' id='word_1_363' title='bbox 757 3168 1020 3221; x_wconf 87' lang='lat' dir='ltr'><strong>Astemne</strong></span> <span class='ocrx_word' id='word_1_364' title='bbox 1040 3204 1055 3227; x_wconf 91' lang='lat'><strong>,</strong></span> <span class='ocrx_word' id='word_1_365' title='bbox 1115 3163 1168 3218; x_wconf 91' lang='lat' dir='ltr'><strong>in</strong></span> <span class='ocrx_word' id='word_1_366' title='bbox 1201 3163 1345 3219; x_wconf 88' lang='lat' dir='ltr'><strong>tribu</strong></span> <span class='ocrx_word' id='word_1_367' title='bbox 1373 3162 1551 3219; x_wconf 76' lang='lat' dir='ltr'><strong>Judze-</strong></span> <span class='ocrx_word' id='word_1_368' title='bbox 1581 3163 1736 3217; x_wconf 89' lang='lat' dir='ltr'><strong>vicus</strong></span> <span class='ocrx_word' id='word_1_369' title='bbox 1758 3199 1774 3226; x_wconf 91' lang='lat'><strong>,</strong></span> <span class='ocrx_word' id='word_1_370' title='bbox 1832 3168 1889 3217; x_wconf 89' lang='lat' dir='ltr'><strong>et</strong></span> <span class='ocrx_word' id='word_1_371' title='bbox 1921 3159 2037 3230; x_wconf 87' lang='lat' dir='ltr'><strong>ipse</strong></span> <span class='ocrx_word' id='word_1_372' title='bbox 2063 3157 2278 3214; x_wconf 65' lang='grc'><strong>«11111³30-</strong></span> <span class='ocrx_word' id='word_1_373' title='bbox 2306 3168 2351 3228; x_wconf 90' lang='lat' dir='ltr'><strong>C</strong></span> <span class='ocrx_word' id='word_1_374' title='bbox 2384 3168 2638 3223; x_wconf 89' lang='lat' dir='ltr'><strong>euntibus</strong></span> <span class='ocrx_word' id='word_1_375' title='bbox 2662 3169 2730 3223; x_wconf 88' lang='lat' dir='ltr'><strong>de</strong></span> <span class='ocrx_word' id='word_1_376' title='bbox 2762 3170 2985 3239; x_wconf 81' lang='lat' dir='ltr'><strong>Neapoli</strong></span> <span class='ocrx_word' id='word_1_377' title='bbox 3017 3171 3216 3228; x_wconf 65' lang='lat' dir='ltr'><strong>Etiam</strong></span> <span class='ocrx_word' id='word_1_378' title='bbox 3246 3175 3301 3230; x_wconf 92' lang='lat' dir='ltr'><strong>in</strong></span> <span class='ocrx_word' id='word_1_379' title='bbox 3322 3175 3539 3233; x_wconf 87' lang='lat' dir='ltr'><strong>decimo</strong></span> <span class='ocrx_word' id='word_1_380' title='bbox 3568 3181 3850 3237; x_wconf 87' lang='lat' dir='ltr'><strong>milliario.</strong></span> 
     </span>
    </p>
   </div>
   <div class='ocr_carea' id='block_1_61' title="bbox 685 3253 2029 3327">
    <p class='ocr_par' dir='ltr' id='par_1_61' title="bbox 685 3253 2029 3327">
     <span class='ocr_line' id='line_1_61' title="bbox 685 3253 2029 3327; baseline -0.009 -10"><span class='ocrx_word' id='word_1_381' title='bbox 685 3260 807 3318; x_wconf 74' lang='lat' dir='ltr'><strong>rum</strong></span> <span class='ocrx_word' id='word_1_382' title='bbox 829 3299 847 3327; x_wconf 91' lang='lat'><strong>,</strong></span> <span class='ocrx_word' id='word_1_383' title='bbox 877 3259 931 3314; x_wconf 91' lang='lat' dir='ltr'><strong>in</strong></span> <span class='ocrx_word' id='word_1_384' title='bbox 964 3258 1193 3313; x_wconf 90' lang='lat' dir='ltr'><strong>Daroma</strong></span> <span class='ocrx_word' id='word_1_385' title='bbox 1213 3300 1228 3323; x_wconf 89' lang='lat'><strong>,</strong></span> <span class='ocrx_word' id='word_1_386' title='bbox 1259 3257 1324 3311; x_wconf 91' lang='lat' dir='ltr'><strong>ad</strong></span> <span class='ocrx_word' id='word_1_387' title='bbox 1359 3257 1665 3326; x_wconf 72' lang='lat' dir='ltr'><strong>aquilonem</strong></span> <span class='ocrx_word' id='word_1_388' title='bbox 1697 3253 1803 3309; x_wconf 93' lang='lat' dir='ltr'><strong>loci</strong></span> <span class='ocrx_word' id='word_1_389' title='bbox 1835 3253 2029 3308; x_wconf 89' lang='lat' dir='ltr'><strong>Anem.</strong></span> 
     </span>
    </p>
   </div>
   <div class='ocr_carea' id='block_1_62' title="bbox 759 3345 2284 3418">
    <p class='ocr_par' dir='ltr' id='par_1_62' title="bbox 759 3345 2284 3418">
     <span class='ocr_line' id='line_1_62' title="bbox 759 3345 2284 3418; baseline -0.006 -10"><span class='ocrx_word' id='word_1_390' title='bbox 759 3353 918 3409; x_wconf 85' lang='lat' dir='ltr'><strong>Anim</strong></span> <span class='ocrx_word' id='word_1_391' title='bbox 944 3392 958 3418; x_wconf 93' lang='lat'><strong>,</strong></span> <span class='ocrx_word' id='word_1_392' title='bbox 992 3351 1043 3405; x_wconf 91' lang='lat' dir='ltr'><strong>in</strong></span> <span class='ocrx_word' id='word_1_393' title='bbox 1072 3348 1214 3404; x_wconf 89' lang='lat' dir='ltr'><strong>tribu</strong></span> <span class='ocrx_word' id='word_1_394' title='bbox 1238 3348 1414 3404; x_wconf 75' lang='lat' dir='ltr'><strong>.ludze.</strong></span> <span class='ocrx_word' id='word_1_395' title='bbox 1452 3349 1543 3403; x_wconf 79' lang='lat' dir='ltr'><strong>Est</strong></span> <span class='ocrx_word' id='word_1_396' title='bbox 1574 3348 1726 3402; x_wconf 88' lang='lat' dir='ltr'><strong>vicus</strong></span> <span class='ocrx_word' id='word_1_397' title='bbox 1749 3352 1897 3402; x_wconf 84' lang='lat' dir='ltr'><strong>Anea</strong></span> <span class='ocrx_word' id='word_1_398' title='bbox 1918 3388 1935 3412; x_wconf 85' lang='lat'><strong>,</strong></span> <span class='ocrx_word' id='word_1_399' title='bbox 1959 3346 2115 3416; x_wconf 84' lang='lat' dir='ltr'><strong>juxta</strong></span> <span class='ocrx_word' id='word_1_400' title='bbox 2149 3345 2284 3399; x_wconf 90' lang='lat' dir='ltr'><strong>alte-</strong></span> 
     </span>
    </p>
   </div>
   <div class='ocr_carea' id='block_1_63' title="bbox 689 3437 2281 3515">
    <p class='ocr_par' dir='ltr' id='par_1_63' title="bbox 689 3437 2281 3515">
     <span class='ocr_line' id='line_1_63' title="bbox 689 3437 2281 3515; baseline -0.008 -12"><span class='ocrx_word' id='word_1_401' title='bbox 689 3462 807 3503; x_wconf 89' lang='lat' dir='ltr'><strong>rum</strong></span> <span class='ocrx_word' id='word_1_402' title='bbox 826 3489 841 3513; x_wconf 92' lang='lat'><strong>,</strong></span> <span class='ocrx_word' id='word_1_403' title='bbox 865 3444 936 3500; x_wconf 89' lang='lat' dir='ltr'><strong>de</strong></span> <span class='ocrx_word' id='word_1_404' title='bbox 964 3457 1074 3515; x_wconf 90' lang='lat' dir='ltr'><strong>quo</strong></span> <span class='ocrx_word' id='word_1_405' title='bbox 1118 3456 1282 3511; x_wconf 90' lang='lat' dir='ltr'><strong>supra</strong></span> <span class='ocrx_word' id='word_1_406' title='bbox 1310 3440 1548 3495; x_wconf 81' lang='lat' dir='ltr'><strong>diximus</strong></span> <span class='ocrx_word' id='word_1_407' title='bbox 1570 3480 1583 3500; x_wconf 90' lang='lat'><strong>.</strong></span> <span class='ocrx_word' id='word_1_408' title='bbox 1618 3439 1684 3493; x_wconf 90' lang='lat' dir='ltr'><strong>ad</strong></span> <span class='ocrx_word' id='word_1_409' title='bbox 1714 3437 2037 3494; x_wconf 87' lang='lat' dir='ltr'><strong>orientalem</strong></span> <span class='ocrx_word' id='word_1_410' title='bbox 2072 3437 2281 3507; x_wconf 77' lang='lat' dir='ltr'><strong>plagam</strong></span> 
     </span>
    </p>
   </div>
   <div class='ocr_carea' id='block_1_64' title="bbox 689 3531 2078 3609">
    <p class='ocr_par' dir='ltr' id='par_1_64' title="bbox 689 3531 2078 3609">
     <span class='ocr_line' id='line_1_64' title="bbox 689 3531 2078 3609; baseline -0.009 -13"><span class='ocrx_word' id='word_1_411' title='bbox 689 3539 991 3609; x_wconf 79' lang='lat' dir='ltr'><strong>respiciens</strong></span> <span class='ocrx_word' id='word_1_412' title='bbox 1016 3578 1032 3601; x_wconf 88' lang='lat'><strong>,</strong></span> <span class='ocrx_word' id='word_1_413' title='bbox 1060 3532 1274 3589; x_wconf 82' lang='lat' dir='ltr'><strong>cunctis</strong></span> <span class='ocrx_word' id='word_1_414' title='bbox 1303 3532 1704 3588; x_wconf 85' lang='lat' dir='ltr'><strong>habitatoribus</strong></span> <span class='ocrx_word' id='word_1_415' title='bbox 1729 3531 2078 3587; x_wconf 89' lang='lat' dir='ltr'><strong>Christianis.</strong></span> 
     </span>
    </p>
   </div>
   <div class='ocr_carea' id='block_1_65' title="bbox 759 3623 1480 3702">
    <p class='ocr_par' dir='ltr' id='par_1_65' title="bbox 759 3623 1480 3702">
     <span class='ocr_line' id='line_1_65' title="bbox 759 3623 1480 3702; baseline -0.014 -15"><span class='ocrx_word' id='word_1_416' title='bbox 759 3630 1009 3702; x_wconf 85' lang='lat' dir='ltr'><strong>Aplteca,</strong></span> <span class='ocrx_word' id='word_1_417' title='bbox 1042 3627 1094 3682; x_wconf 93' lang='lat' dir='ltr'><strong>iu</strong></span> <span class='ocrx_word' id='word_1_418' title='bbox 1134 3626 1279 3681; x_wconf 89' lang='lat' dir='ltr'><strong>tribu</strong></span> <span class='ocrx_word' id='word_1_419' title='bbox 1302 3623 1480 3681; x_wconf 68' lang='lat' dir='ltr'><strong>Juilie.</strong></span> 
     </span>
    </p>
   </div>
   <div class='ocr_carea' id='block_1_66' title="bbox 754 3721 1495 3791">
    <p class='ocr_par' dir='ltr' id='par_1_66' title="bbox 754 3721 1495 3791">
     <span class='ocr_line' id='line_1_66' title="bbox 754 3721 1495 3791; baseline -0.011 -8"><span class='ocrx_word' id='word_1_420' title='bbox 754 3726 1005 3783; x_wconf 86' lang='lat' dir='ltr'><strong>Ainmata</strong></span> <span class='ocrx_word' id='word_1_421' title='bbox 1023 3766 1037 3791; x_wconf 91' lang='lat'><strong>,</strong></span> <span class='ocrx_word' id='word_1_422' title='bbox 1076 3724 1127 3778; x_wconf 92' lang='lat' dir='ltr'><strong>in</strong></span> <span class='ocrx_word' id='word_1_423' title='bbox 1157 3724 1300 3778; x_wconf 90' lang='lat' dir='ltr'><strong>tribu</strong></span> <span class='ocrx_word' id='word_1_424' title='bbox 1322 3721 1495 3779; x_wconf 65' lang='grc' dir='ltr'><strong>δαείω.</strong></span> 
     </span>
    </p>
   </div>
   <div class='ocr_carea' id='block_1_67' title="bbox 757 3816 1467 3886">
    <p class='ocr_par' dir='ltr' id='par_1_67' title="bbox 757 3816 1467 3886">
     <span class='ocr_line' id='line_1_67' title="bbox 757 3816 1467 3886; baseline -0.013 -7"><span class='ocrx_word' id='word_1_425' title='bbox 757 3820 1005 3886; x_wconf 84' lang='lat' dir='ltr'><strong>Arebba,</strong></span> <span class='ocrx_word' id='word_1_426' title='bbox 1037 3820 1089 3873; x_wconf 90' lang='lat' dir='ltr'><strong>in</strong></span> <span class='ocrx_word' id='word_1_427' title='bbox 1122 3818 1264 3874; x_wconf 88' lang='lat' dir='ltr'><strong>tribu</strong></span> <span class='ocrx_word' id='word_1_428' title='bbox 1294 3816 1467 3872; x_wconf 67' lang='lat' dir='ltr'><strong>Judw.</strong></span> 
     </span>
    </p>
   </div>
   <div class='ocr_carea' id='block_1_68' title="bbox 754 3906 2174 3981">
    <p class='ocr_par' dir='ltr' id='par_1_68' title="bbox 754 3906 2174 3981">
     <span class='ocr_line' id='line_1_68' title="bbox 754 3906 2174 3981; baseline -0.006 -12"><span class='ocrx_word' id='word_1_429' title='bbox 754 3910 1025 3969; x_wconf 88' lang='lat' dir='ltr'><strong>Atliarotb</strong></span> <span class='ocrx_word' id='word_1_430' title='bbox 1050 3953 1065 3976; x_wconf 93' lang='lat'><strong>,</strong></span> <span class='ocrx_word' id='word_1_431' title='bbox 1097 3910 1123 3948; x_wconf 77' lang='grc' dir='ltr'>ά</span> <span class='ocrx_word' id='word_1_432' title='bbox 1148 3912 1301 3981; x_wconf 80' lang='lat' dir='ltr'><strong>juxta</strong></span> <span class='ocrx_word' id='word_1_433' title='bbox 1332 3909 1620 3963; x_wconf 81' lang='lat' dir='ltr'><strong>Rammam</strong></span> <span class='ocrx_word' id='word_1_434' title='bbox 1643 3952 1655 3971; x_wconf 90' lang='lat'><strong>,</strong></span> <span class='ocrx_word' id='word_1_435' title='bbox 1688 3909 1740 3964; x_wconf 90' lang='lat' dir='ltr'><strong>in</strong></span> <span class='ocrx_word' id='word_1_436' title='bbox 1772 3907 1918 3963; x_wconf 90' lang='lat' dir='ltr'><strong>tribu</strong></span> <span class='ocrx_word' id='word_1_437' title='bbox 1948 3906 2174 3977; x_wconf 85' lang='lat' dir='ltr'><strong>.Ioseph.</strong></span> 
     </span>
    </p>
   </div>
   <div class='ocr_carea' id='block_1_69' title="bbox 752 4001 2280 4075">
    <p class='ocr_par' dir='ltr' id='par_1_69' title="bbox 752 4001 2280 4075">
     <span class='ocr_line' id='line_1_69' title="bbox 752 4001 2280 4075; baseline -0.005 -10"><span class='ocrx_word' id='word_1_438' title='bbox 752 4011 1019 4066; x_wconf 83' lang='lat' dir='ltr'><strong>Alliaroth</strong></span> <span class='ocrx_word' id='word_1_439' title='bbox 1042 4051 1055 4075; x_wconf 93' lang='lat'><strong>,</strong></span> <span class='ocrx_word' id='word_1_440' title='bbox 1091 4008 1282 4061; x_wconf 78' lang='lat' dir='ltr'><strong>civitas</strong></span> <span class='ocrx_word' id='word_1_441' title='bbox 1322 4005 1498 4060; x_wconf 87' lang='lat' dir='ltr'><strong>tribus</strong></span> <span class='ocrx_word' id='word_1_442' title='bbox 1531 4004 1788 4071; x_wconf 86' lang='lat' dir='ltr'><strong>prraim</strong></span> <span class='ocrx_word' id='word_1_443' title='bbox 1813 4022 1826 4057; x_wconf 88' lang='lat'><strong>:</strong></span> <span class='ocrx_word' id='word_1_444' title='bbox 1853 4018 1995 4057; x_wconf 90' lang='lat' dir='ltr'><strong>nunc</strong></span> <span class='ocrx_word' id='word_1_445' title='bbox 2030 4004 2184 4057; x_wconf 83' lang='lat' dir='ltr'><strong>vii-us</strong></span> <span class='ocrx_word' id='word_1_446' title='bbox 2212 4001 2280 4058; x_wconf 88' lang='lat' dir='ltr'><strong>ad</strong></span> 
     </span>
    </p>
   </div>
   <div class='ocr_carea' id='block_1_70' title="bbox 678 4094 2284 4170">
    <p class='ocr_par' dir='ltr' id='par_1_70' title="bbox 678 4094 2284 4170">
     <span class='ocr_line' id='line_1_70' title="bbox 678 4094 2284 4170; baseline -0.004 -15"><span class='ocrx_word' id='word_1_447' title='bbox 678 4102 988 4170; x_wconf 84' lang='lat' dir='ltr'><strong>aquilonem</strong></span> <span class='ocrx_word' id='word_1_448' title='bbox 1018 4099 1263 4156; x_wconf 65' lang='lat' dir='ltr'><strong>Sebastaa</strong></span> <span class='ocrx_word' id='word_1_449' title='bbox 1285 4139 1301 4166; x_wconf 93' lang='lat'><strong>,</strong></span> <span class='ocrx_word' id='word_1_450' title='bbox 1339 4098 1392 4152; x_wconf 90' lang='lat' dir='ltr'><strong>in</strong></span> <span class='ocrx_word' id='word_1_451' title='bbox 1424 4108 1621 4168; x_wconf 87' lang='lat' dir='ltr'><strong>quarto</strong></span> <span class='ocrx_word' id='word_1_452' title='bbox 1641 4095 2049 4166; x_wconf 88' lang='lat' dir='ltr'><strong>ejusmilliario</strong></span> <span class='ocrx_word' id='word_1_453' title='bbox 2070 4136 2085 4162; x_wconf 94' lang='lat'><strong>,</strong></span> <span class='ocrx_word' id='word_1_454' title='bbox 2114 4094 2284 4151; x_wconf 85' lang='lat' dir='ltr'><strong>Atha-</strong></span> 
     </span>
    </p>
   </div>
   <div class='ocr_carea' id='block_1_71' title="bbox 680 4194 1031 4251">
    <p class='ocr_par' dir='ltr' id='par_1_71' title="bbox 680 4194 1031 4251">
     <span class='ocr_line' id='line_1_71' title="bbox 680 4194 1031 4251; baseline -0.011 0"><span class='ocrx_word' id='word_1_455' title='bbox 680 4210 776 4251; x_wconf 90' lang='lat' dir='ltr'><strong>rus</strong></span> <span class='ocrx_word' id='word_1_456' title='bbox 812 4194 1031 4250; x_wconf 86' lang='lat' dir='ltr'><strong>dicitur.</strong></span> 
     </span>
    </p>
   </div>
   <div class='ocr_carea' id='block_1_72' title="bbox 754 4284 1669 4357">
    <p class='ocr_par' dir='ltr' id='par_1_72' title="bbox 754 4284 1669 4357">
     <span class='ocr_line' id='line_1_72' title="bbox 754 4284 1669 4357; baseline -0.009 -12"><span class='ocrx_word' id='word_1_457' title='bbox 754 4289 902 4345; x_wconf 81' lang='lat' dir='ltr'><strong>Adar</strong></span> <span class='ocrx_word' id='word_1_458' title='bbox 919 4332 934 4357; x_wconf 88' lang='lat'><strong>,</strong></span> <span class='ocrx_word' id='word_1_459' title='bbox 967 4288 1161 4344; x_wconf 84' lang='lat' dir='ltr'><strong>civitas</strong></span> <span class='ocrx_word' id='word_1_460' title='bbox 1184 4286 1358 4343; x_wconf 89' lang='lat' dir='ltr'><strong>tribus</strong></span> <span class='ocrx_word' id='word_1_461' title='bbox 1386 4284 1669 4355; x_wconf 84' lang='lat' dir='ltr'><strong>Epliraim.</strong></span> 
     </span>
    </p>
   </div>
   <div class='ocr_carea' id='block_1_73' title="bbox 756 4376 2277 4449">
    <p class='ocr_par' dir='ltr' id='par_1_73' title="bbox 756 4376 2277 4449">
     <span class='ocr_line' id='line_1_73' title="bbox 756 4376 2277 4449; baseline -0.003 -12"><span class='ocrx_word' id='word_1_462' title='bbox 756 4380 924 4449; x_wconf 86' lang='lat' dir='ltr'><strong>Aser,</strong></span> <span class='ocrx_word' id='word_1_463' title='bbox 973 4382 1164 4437; x_wconf 84' lang='lat' dir='ltr'><strong>civitas</strong></span> <span class='ocrx_word' id='word_1_464' title='bbox 1213 4380 1387 4436; x_wconf 90' lang='lat' dir='ltr'><strong>tribus</strong></span> <span class='ocrx_word' id='word_1_465' title='bbox 1419 4378 1710 4434; x_wconf 71' lang='lat' dir='ltr'><strong>blanasse:</strong></span> <span class='ocrx_word' id='word_1_466' title='bbox 1764 4390 1909 4433; x_wconf 90' lang='lat' dir='ltr'><strong>nunc</strong></span> <span class='ocrx_word' id='word_1_467' title='bbox 1938 4376 2277 4435; x_wconf 89' lang='lat' dir='ltr'><strong>demonstra-</strong></span> 
     </span>
    </p>
   </div>
   <div class='ocr_carea' id='block_1_74' title="bbox 2461 3262 3324 3329">
    <p class='ocr_par' dir='ltr' id='par_1_74' title="bbox 2461 3262 3324 3329">
     <span class='ocr_line' id='line_1_74' title="bbox 2461 3262 3324 3329; baseline 0.006 -13"><span class='ocrx_word' id='word_1_468' title='bbox 2461 3266 2776 3329; x_wconf 87' lang='lat' dir='ltr'><strong>Aiiantbon,</strong></span> <span class='ocrx_word' id='word_1_469' title='bbox 2807 3262 2859 3318; x_wconf 90' lang='lat' dir='ltr'><strong>in</strong></span> <span class='ocrx_word' id='word_1_470' title='bbox 2892 3266 3034 3319; x_wconf 91' lang='lat' dir='ltr'><strong>tribu</strong></span> <span class='ocrx_word' id='word_1_471' title='bbox 3062 3266 3324 3323; x_wconf 81' lang='lat' dir='ltr'><strong>Zahulon.</strong></span> 
     </span>
    </p>
   </div>
   <div class='ocr_carea' id='block_1_75' title="bbox 2461 3356 3957 3439">
    <p class='ocr_par' dir='ltr' id='par_1_75' title="bbox 2461 3356 3957 3439">
     <span class='ocr_line' id='line_1_75' title="bbox 2461 3356 3957 3439; baseline 0.008 -30"><span class='ocrx_word' id='word_1_472' title='bbox 2461 3356 2843 3420; x_wconf 81' lang='lat' dir='ltr'><strong>Ascliaseluth,</strong></span> <span class='ocrx_word' id='word_1_473' title='bbox 2884 3357 3079 3413; x_wconf 83' lang='lat' dir='ltr'><strong>civitas</strong></span> <span class='ocrx_word' id='word_1_474' title='bbox 3130 3361 3302 3416; x_wconf 89' lang='lat' dir='ltr'><strong>tribus</strong></span> <span class='ocrx_word' id='word_1_475' title='bbox 3347 3361 3645 3419; x_wconf 82' lang='lat' dir='ltr'><strong>lssacliar:</strong></span> <span class='ocrx_word' id='word_1_476' title='bbox 3687 3368 3957 3439; x_wconf 77' lang='lat' dir='ltr'><strong>appellatur</strong></span> 
     </span>
    </p>
   </div>
   <div class='ocr_carea' id='block_1_76' title="bbox 2389 3449 3955 3526">
    <p class='ocr_par' dir='ltr' id='par_1_76' title="bbox 2389 3449 3955 3526">
     <span class='ocr_line' id='line_1_76' title="bbox 2389 3449 3955 3526; baseline 0.006 -22"><span class='ocrx_word' id='word_1_477' title='bbox 2389 3458 2571 3504; x_wconf 89' lang='lat' dir='ltr'><strong>autem</strong></span> <span class='ocrx_word' id='word_1_478' title='bbox 2622 3460 2677 3504; x_wconf 90' lang='lat' dir='ltr'><strong>et</strong></span> <span class='ocrx_word' id='word_1_479' title='bbox 2727 3449 2950 3519; x_wconf 89' lang='lat' dir='ltr'><strong>quidam</strong></span> <span class='ocrx_word' id='word_1_480' title='bbox 3008 3451 3163 3508; x_wconf 88' lang='lat' dir='ltr'><strong>vicus</strong></span> <span class='ocrx_word' id='word_1_481' title='bbox 3217 3452 3501 3521; x_wconf 78' lang='lat' dir='ltr'><strong>Chasalus,</strong></span> <span class='ocrx_word' id='word_1_482' title='bbox 3548 3456 3707 3526; x_wconf 82' lang='lat' dir='ltr'><strong>juxta</strong></span> <span class='ocrx_word' id='word_1_483' title='bbox 3764 3470 3955 3514; x_wconf 74' lang='lat' dir='ltr'><strong>uinntim</strong></span> 
     </span>
    </p>
   </div>
   <div class='ocr_carea' id='block_1_77' title="bbox 2389 3541 3957 3613">
    <p class='ocr_par' dir='ltr' id='par_1_77' title="bbox 2389 3541 3957 3613">
     <span class='ocr_line' id='line_1_77' title="bbox 2389 3541 3957 3613; baseline 0.004 -18"><span class='ocrx_word' id='word_1_484' title='bbox 2389 3541 2632 3605; x_wconf 82' lang='lat' dir='ltr'><strong>Thabor,</strong></span> <span class='ocrx_word' id='word_1_485' title='bbox 2668 3544 2719 3597; x_wconf 91' lang='lat' dir='ltr'><strong>in</strong></span> <span class='ocrx_word' id='word_1_486' title='bbox 2767 3544 3193 3613; x_wconf 89' lang='lat' dir='ltr'><strong>campestribus,</strong></span> <span class='ocrx_word' id='word_1_487' title='bbox 3249 3545 3302 3600; x_wconf 92' lang='lat' dir='ltr'><strong>in</strong></span> <span class='ocrx_word' id='word_1_488' title='bbox 3353 3556 3550 3602; x_wconf 87' lang='lat' dir='ltr'><strong>octavn</strong></span> <span class='ocrx_word' id='word_1_489' title='bbox 3579 3551 3843 3607; x_wconf 88' lang='lat' dir='ltr'><strong>milliario</strong></span> <span class='ocrx_word' id='word_1_490' title='bbox 3872 3552 3957 3605; x_wconf 83' lang='lat' dir='ltr'><strong>Dio-</strong></span> 
     </span>
    </p>
   </div>
   <div class='ocr_carea' id='block_1_78' title="bbox 2387 3633 3957 3713">
    <p class='ocr_par' dir='ltr' id='par_1_78' title="bbox 2387 3633 3957 3713">
     <span class='ocr_line' id='line_1_78' title="bbox 2387 3633 3957 3713; baseline 0.006 -28"><span class='ocrx_word' id='word_1_491' title='bbox 2387 3645 2642 3687; x_wconf 70' lang='lat' dir='ltr'><strong>caesarete</strong></span> <span class='ocrx_word' id='word_1_492' title='bbox 2686 3633 2754 3688; x_wconf 90' lang='lat' dir='ltr'><strong>ad</strong></span> <span class='ocrx_word' id='word_1_493' title='bbox 2800 3638 3069 3690; x_wconf 87' lang='lat' dir='ltr'><strong>orientem</strong></span> <span class='ocrx_word' id='word_1_494' title='bbox 3103 3636 3407 3706; x_wconf 81' lang='lat' dir='ltr'><strong>reSpiciens</strong></span> <span class='ocrx_word' id='word_1_495' title='bbox 3449 3638 3621 3710; x_wconf 88' lang='lat' dir='ltr'><strong>(sicut</strong></span> <span class='ocrx_word' id='word_1_496' title='bbox 3651 3659 3819 3713; x_wconf 84' lang='lat' dir='ltr'><strong>supra</strong></span> <span class='ocrx_word' id='word_1_497' title='bbox 3858 3641 3957 3696; x_wconf 43' lang='lat' dir='ltr'><strong>dixi.</strong></span> 
     </span>
    </p>
   </div>
   <div class='ocr_carea' id='block_1_79' title="bbox 2387 3722 2559 3796">
    <p class='ocr_par' dir='ltr' id='par_1_79' title="bbox 2387 3722 2559 3796">
     <span class='ocr_line' id='line_1_79' title="bbox 2387 3722 2559 3796; baseline -0.006 -17"><span class='ocrx_word' id='word_1_498' title='bbox 2387 3722 2559 3796; x_wconf 83' lang='lat' dir='ltr'><strong>mus).</strong></span> 
     </span>
    </p>
   </div>
   <div class='ocr_carea' id='block_1_80' title="bbox 2459 3817 3958 3898">
    <p class='ocr_par' dir='ltr' id='par_1_80' title="bbox 2459 3817 3958 3898">
     <span class='ocr_line' id='line_1_80' title="bbox 2459 3817 3958 3898; baseline 0.003 -25"><span class='ocrx_word' id='word_1_499' title='bbox 2459 3817 2743 3888; x_wconf 88' lang='lat' dir='ltr'><strong>Apbraim,</strong></span> <span class='ocrx_word' id='word_1_500' title='bbox 2786 3820 2982 3875; x_wconf 86' lang='lat' dir='ltr'><strong>civitas</strong></span> <span class='ocrx_word' id='word_1_501' title='bbox 3032 3820 3205 3876; x_wconf 92' lang='lat' dir='ltr'><strong>tribus</strong></span> <span class='ocrx_word' id='word_1_502' title='bbox 3252 3820 3546 3878; x_wconf 88' lang='lat' dir='ltr'><strong>lssacbar:</strong></span> <span class='ocrx_word' id='word_1_503' title='bbox 3597 3836 3800 3898; x_wconf 88' lang='lat' dir='ltr'><strong>estque</strong></span> <span class='ocrx_word' id='word_1_504' title='bbox 3841 3826 3958 3881; x_wconf 71' lang='lat' dir='ltr'><strong>hodie</strong></span> 
     </span>
    </p>
   </div>
   <div class='ocr_carea' id='block_1_81' title="bbox 2384 3911 3959 3996">
    <p class='ocr_par' dir='ltr' id='par_1_81' title="bbox 2384 3911 3959 3996">
     <span class='ocr_line' id='line_1_81' title="bbox 2384 3911 3959 3996; baseline 0.006 -30"><span class='ocrx_word' id='word_1_505' title='bbox 2384 3911 2511 3966; x_wconf 69' lang='lat' dir='ltr'><strong>villa</strong></span> <span class='ocrx_word' id='word_1_506' title='bbox 2571 3911 2783 3968; x_wconf 82' lang='lat' dir='ltr'><strong>All&#39;area</strong></span> <span class='ocrx_word' id='word_1_507' title='bbox 2838 3918 3081 3983; x_wconf 89' lang='lat' dir='ltr'><strong>nomine,</strong></span> <span class='ocrx_word' id='word_1_508' title='bbox 3144 3917 3197 3971; x_wconf 93' lang='lat' dir='ltr'><strong>in</strong></span> <span class='ocrx_word' id='word_1_509' title='bbox 3238 3927 3394 3973; x_wconf 87' lang='lat' dir='ltr'><strong>sexto</strong></span> <span class='ocrx_word' id='word_1_510' title='bbox 3442 3920 3709 3980; x_wconf 83' lang='lat' dir='ltr'><strong>milliaria</strong></span> <span class='ocrx_word' id='word_1_511' title='bbox 3750 3922 3959 3996; x_wconf 73' lang='lat' dir='ltr'><strong>Legionis</strong></span> 
     </span>
    </p>
   </div>
   <div class='ocr_carea' id='block_1_82' title="bbox 2388 4004 3095 4077">
    <p class='ocr_par' dir='ltr' id='par_1_82' title="bbox 2388 4004 3095 4077">
     <span class='ocr_line' id='line_1_82' title="bbox 2388 4004 3095 4077; baseline 0.004 -16"><span class='ocrx_word' id='word_1_512' title='bbox 2388 4004 2413 4041; x_wconf 82' lang='grc' dir='ltr'><strong>¹ι</strong></span> <span class='ocrx_word' id='word_1_513' title='bbox 2428 4016 2615 4061; x_wconf 88' lang='lat' dir='ltr'><strong>contra</strong></span> <span class='ocrx_word' id='word_1_514' title='bbox 2643 4010 3095 4077; x_wconf 88' lang='lat' dir='ltr'><strong>septentrionem.</strong></span> 
     </span>
    </p>
   </div>
   <div class='ocr_carea' id='block_1_83' title="bbox 2459 4099 3488 4163">
    <p class='ocr_par' dir='ltr' id='par_1_83' title="bbox 2459 4099 3488 4163">
     <span class='ocr_line' id='line_1_83' title="bbox 2459 4099 3488 4163; baseline 0.006 -10"><span class='ocrx_word' id='word_1_515' title='bbox 2459 4099 2713 4163; x_wconf 85' lang='lat' dir='ltr'><strong>Aneritli.</strong></span> <span class='ocrx_word' id='word_1_516' title='bbox 2746 4102 2798 4154; x_wconf 90' lang='lat' dir='ltr'><strong>iii</strong></span> <span class='ocrx_word' id='word_1_517' title='bbox 2831 4110 2980 4157; x_wconf 88' lang='lat' dir='ltr'><strong>sorte</strong></span> <span class='ocrx_word' id='word_1_518' title='bbox 3022 4104 3195 4160; x_wconf 91' lang='lat' dir='ltr'><strong>tribus</strong></span> <span class='ocrx_word' id='word_1_519' title='bbox 3224 4104 3488 4160; x_wconf 78' lang='lat' dir='ltr'><strong>lssacbar.</strong></span> 
     </span>
    </p>
   </div>
   <div class='ocr_carea' id='block_1_84' title="bbox 2462 4193 3437 4265">
    <p class='ocr_par' dir='ltr' id='par_1_84' title="bbox 2462 4193 3437 4265">
     <span class='ocr_line' id='line_1_84' title="bbox 2462 4193 3437 4265; baseline 0.007 -17"><span class='ocrx_word' id='word_1_520' title='bbox 2462 4193 2676 4265; x_wconf 65' lang='lat' dir='ltr'><strong>Emes,</strong></span> <span class='ocrx_word' id='word_1_521' title='bbox 2704 4195 2754 4249; x_wconf 91' lang='lat' dir='ltr'><strong>in</strong></span> <span class='ocrx_word' id='word_1_522' title='bbox 2787 4207 2937 4252; x_wconf 85' lang='lat' dir='ltr'><strong>sorte</strong></span> <span class='ocrx_word' id='word_1_523' title='bbox 2968 4196 3141 4253; x_wconf 89' lang='lat' dir='ltr'><strong>tribus</strong></span> <span class='ocrx_word' id='word_1_524' title='bbox 3170 4199 3437 4255; x_wconf 83' lang='lat' dir='ltr'><strong>Issachar.</strong></span> 
     </span>
    </p>
   </div>
   <div class='ocr_carea' id='block_1_85' title="bbox 2462 4286 3147 4358">
    <p class='ocr_par' dir='ltr' id='par_1_85' title="bbox 2462 4286 3147 4358">
     <span class='ocr_line' id='line_1_85' title="bbox 2462 4286 3147 4358; baseline 0.004 -17"><span class='ocrx_word' id='word_1_525' title='bbox 2462 4286 2705 4358; x_wconf 89' lang='lat' dir='ltr'><strong>Acsaph,</strong></span> <span class='ocrx_word' id='word_1_526' title='bbox 2731 4289 2782 4342; x_wconf 92' lang='lat' dir='ltr'><strong>in</strong></span> <span class='ocrx_word' id='word_1_527' title='bbox 2812 4289 2959 4344; x_wconf 89' lang='lat' dir='ltr'><strong>tribu</strong></span> <span class='ocrx_word' id='word_1_528' title='bbox 2990 4291 3147 4345; x_wconf 86' lang='lat' dir='ltr'><strong>Aser.</strong></span> 
     </span>
    </p>
   </div>
   <div class='ocr_carea' id='block_1_86' title="bbox 2464 4379 3168 4449">
    <p class='ocr_par' dir='ltr' id='par_1_86' title="bbox 2464 4379 3168 4449">
     <span class='ocr_line' id='line_1_86' title="bbox 2464 4379 3168 4449; baseline 0.004 -16"><span class='ocrx_word' id='word_1_529' title='bbox 2464 4379 2791 4449; x_wconf 88' lang='lat' dir='ltr'><strong>Alimelech,</strong></span> <span class='ocrx_word' id='word_1_530' title='bbox 2820 4382 2987 4437; x_wconf 90' lang='lat' dir='ltr'><strong>sortis</strong></span> <span class='ocrx_word' id='word_1_531' title='bbox 3009 4384 3168 4439; x_wconf 85' lang='lat' dir='ltr'><strong>Aser.</strong></span> 
     </span>
    </p>
   </div>
   <div class='ocr_carea' id='block_1_87' title="bbox 755 4556 3964 4629">
    <p class='ocr_par' dir='ltr' id='par_1_87' title="bbox 755 4556 3964 4629">
     <span class='ocr_line' id='line_1_87' title="bbox 755 4556 3964 4629; baseline 0 -13"><span class='ocrx_word' id='word_1_532' title='bbox 755 4571 783 4600; x_wconf 78' lang='grc' dir='ltr'>ἰ</span> <span class='ocrx_word' id='word_1_533' title='bbox 811 4562 982 4616; x_wconf 81' lang='lat' dir='ltr'><strong>Adasa</strong></span> <span class='ocrx_word' id='word_1_534' title='bbox 1011 4564 1065 4615; x_wconf 82' lang='lat' dir='ltr'><strong>in</strong></span> <span class='ocrx_word' id='word_1_535' title='bbox 1112 4562 1243 4616; x_wconf 82' lang='lat' dir='ltr'><strong>tribu</strong></span> <span class='ocrx_word' id='word_1_536' title='bbox 1282 4560 1461 4615; x_wconf 65' lang='lat' dir='ltr'><strong>ludis.</strong></span> <span class='ocrx_word' id='word_1_537' title='bbox 1504 4559 1681 4615; x_wconf 82' lang='lat' dir='ltr'><strong>Adasa</strong></span> <span class='ocrx_word' id='word_1_538' title='bbox 1713 4558 2083 4628; x_wconf 66' lang='lat' dir='ltr'><strong>praetermissa</strong></span> <span class='ocrx_word' id='word_1_539' title='bbox 2114 4558 2282 4612; x_wconf 89' lang='lat' dir='ltr'><strong>estin</strong></span> <span class='ocrx_word' id='word_1_540' title='bbox 2312 4560 2366 4620; x_wconf 89' lang='lat' dir='ltr'><strong>D</strong></span> <span class='ocrx_word' id='word_1_541' title='bbox 2464 4566 2488 4600; x_wconf 77' lang='grc' dir='ltr'>κ</span> <span class='ocrx_word' id='word_1_542' title='bbox 2513 4556 2821 4629; x_wconf 74' lang='lat' dir='ltr'><strong>Apuellatur</strong></span> <span class='ocrx_word' id='word_1_543' title='bbox 2859 4556 3167 4629; x_wconf 81' lang='lat' dir='ltr'><strong>Betharipli.</strong></span> <span class='ocrx_word' id='word_1_544' title='bbox 3209 4559 3309 4614; x_wconf 82' lang='lat' dir='ltr'><strong>Ms.</strong></span> <span class='ocrx_word' id='word_1_545' title='bbox 3347 4560 3518 4616; x_wconf 73' lang='lat' dir='ltr'><strong>codex</strong></span> <span class='ocrx_word' id='word_1_546' title='bbox 3549 4560 3779 4617; x_wconf 80' lang='lat' dir='ltr'><strong>Patrum</strong></span> <span class='ocrx_word' id='word_1_547' title='bbox 3812 4563 3866 4621; x_wconf 88' lang='lat' dir='ltr'><strong>S.</strong></span> <span class='ocrx_word' id='word_1_548' title='bbox 3904 4563 3964 4613; x_wconf 53' lang='lat' dir='ltr'><strong>lle</strong></span> 
     </span>
    </p>
   </div>
   <div class='ocr_carea' id='block_1_88' title="bbox 686 4631 2279 4703">
    <p class='ocr_par' dir='ltr' id='par_1_88' title="bbox 686 4631 2279 4703">
     <span class='ocr_line' id='line_1_88' title="bbox 686 4631 2279 4703; baseline -0.004 -13"><span class='ocrx_word' id='word_1_549' title='bbox 686 4634 878 4690; x_wconf 75' lang='lat' dir='ltr'><strong>Cra-cn</strong></span> <span class='ocrx_word' id='word_1_550' title='bbox 909 4634 1125 4688; x_wconf 74' lang='lat' dir='ltr'><strong>l:.&#39;u~ehii</strong></span> <span class='ocrx_word' id='word_1_551' title='bbox 1162 4633 1381 4698; x_wconf 72' lang='lat' dir='ltr'><strong>codice;</strong></span> <span class='ocrx_word' id='word_1_552' title='bbox 1414 4648 1575 4703; x_wconf 89' lang='lat' dir='ltr'><strong>quam</strong></span> <span class='ocrx_word' id='word_1_553' title='bbox 1626 4638 1805 4684; x_wconf 88' lang='lat' dir='ltr'><strong>tamen</strong></span> <span class='ocrx_word' id='word_1_554' title='bbox 1852 4631 1965 4699; x_wconf 87' lang='lat' dir='ltr'><strong>ipse</strong></span> <span class='ocrx_word' id='word_1_555' title='bbox 2007 4639 2279 4698; x_wconf 73' lang='lat' dir='ltr'><strong>posuerat,</strong></span> 
     </span>
    </p>
   </div>
   <div class='ocr_carea' id='block_1_89' title="bbox 687 4704 2284 4775">
    <p class='ocr_par' dir='ltr' id='par_1_89' title="bbox 687 4704 2284 4775">
     <span class='ocr_line' id='line_1_89' title="bbox 687 4704 2284 4775; baseline -0.003 -15"><span class='ocrx_word' id='word_1_556' title='bbox 687 4707 760 4760; x_wconf 92' lang='lat' dir='ltr'><strong>uti</strong></span> <span class='ocrx_word' id='word_1_557' title='bbox 794 4706 961 4775; x_wconf 83' lang='lat' dir='ltr'><strong>liquet</strong></span> <span class='ocrx_word' id='word_1_558' title='bbox 989 4720 1054 4758; x_wconf 83' lang='lat' dir='ltr'><strong>ex</strong></span> <span class='ocrx_word' id='word_1_559' title='bbox 1098 4705 1480 4759; x_wconf 78' lang='lat' dir='ltr'><strong>nbseivatioiie</strong></span> <span class='ocrx_word' id='word_1_560' title='bbox 1511 4704 1953 4775; x_wconf 72' lang='lat' dir='ltr'><strong>llieronyiniana,</strong></span> <span class='ocrx_word' id='word_1_561' title='bbox 1986 4705 2039 4754; x_wconf 89' lang='lat' dir='ltr'><strong>in</strong></span> <span class='ocrx_word' id='word_1_562' title='bbox 2068 4716 2170 4769; x_wconf 85' lang='lat' dir='ltr'><strong>qua</strong></span> <span class='ocrx_word' id='word_1_563' title='bbox 2202 4718 2284 4756; x_wconf 88' lang='lat' dir='ltr'><strong>re-</strong></span> 
     </span>
    </p>
   </div>
   <div class='ocr_carea' id='block_1_90' title="bbox 684 4774 2283 4847">
    <p class='ocr_par' dir='ltr' id='par_1_90' title="bbox 684 4774 2283 4847">
     <span class='ocr_line' id='line_1_90' title="bbox 684 4774 2283 4847; baseline -0.003 -16"><span class='ocrx_word' id='word_1_564' title='bbox 684 4774 969 4847; x_wconf 66' lang='lat' dir='ltr'><strong>ddt‘gltlllll&#39;</strong></span> <span class='ocrx_word' id='word_1_565' title='bbox 1022 4775 1288 4847; x_wconf 84' lang='lat' dir='ltr'><strong>Eusebius</strong></span> <span class='ocrx_word' id='word_1_566' title='bbox 1318 4817 1331 4841; x_wconf 92' lang='lat'><strong>,</strong></span> <span class='ocrx_word' id='word_1_567' title='bbox 1381 4775 1529 4847; x_wconf 91' lang='lat' dir='ltr'><strong>quod</strong></span> <span class='ocrx_word' id='word_1_568' title='bbox 1576 4774 1963 4847; x_wconf 69' lang='lat' dir='ltr'><strong>anlinensem</strong></span> <span class='ocrx_word' id='word_1_569' title='bbox 2006 4775 2283 4834; x_wconf 74' lang='lat' dir='ltr'><strong>regionem</strong></span> 
     </span>
    </p>
   </div>
   <div class='ocr_carea' id='block_1_91' title="bbox 680 4844 2098 4921">
    <p class='ocr_par' dir='ltr' id='par_1_91' title="bbox 680 4844 2098 4921">
     <span class='ocr_line' id='line_1_91' title="bbox 680 4844 2098 4921; baseline -0.006 -17"><span class='ocrx_word' id='word_1_570' title='bbox 680 4844 928 4921; x_wconf 84' lang='lat' dir='ltr'><strong>posuerit</strong></span> <span class='ocrx_word' id='word_1_571' title='bbox 958 4853 1007 4902; x_wconf 87' lang='lat' dir='ltr'><strong>in</strong></span> <span class='ocrx_word' id='word_1_572' title='bbox 1050 4848 1191 4921; x_wconf 87' lang='lat' dir='ltr'><strong>tribu</strong></span> <span class='ocrx_word' id='word_1_573' title='bbox 1215 4844 1413 4902; x_wconf 55' lang='lat' dir='ltr'><strong>.ludie.&#39;</strong></span> <span class='ocrx_word' id='word_1_574' title='bbox 1513 4917 1543 4921; x_wconf 90' lang='lat'><strong>__</strong></span> <span class='ocrx_word' id='word_1_575' title='bbox 1692 4916 1705 4921; x_wconf 91' lang='lat'><strong>_</strong></span> <span class='ocrx_word' id='word_1_576' title='bbox 1756 4917 1765 4921; x_wconf 89' lang='lat'><em>_</em></span> <span class='ocrx_word' id='word_1_577' title='bbox 1793 4917 1802 4921; x_wconf 91' lang='lat'>_</span> <span class='ocrx_word' id='word_1_578' title='bbox 1832 4844 2098 4921; x_wconf 65' lang='lat' dir='ltr'><strong>Mauriw.</strong></span> 
     </span>
    </p>
   </div>
   <div class='ocr_carea' id='block_1_92' title="bbox 757 4914 2286 4982">
    <p class='ocr_par' dir='ltr' id='par_1_92' title="bbox 757 4914 2286 4982">
     <span class='ocr_line' id='line_1_92' title="bbox 757 4914 2286 4982; baseline -0.007 -4"><span class='ocrx_word' id='word_1_579' title='bbox 757 4921 782 4959; x_wconf 65' lang='grc'><strong>³³</strong></span> <span class='ocrx_word' id='word_1_580' title='bbox 806 4924 1059 4977; x_wconf 81' lang='lat' dir='ltr'><strong>Attamen</strong></span> <span class='ocrx_word' id='word_1_581' title='bbox 1104 4920 1425 4973; x_wconf 81' lang='lat' dir='ltr'><strong>Bottl&#39;rerius</strong></span> <span class='ocrx_word' id='word_1_582' title='bbox 1460 4917 1636 4972; x_wconf 84' lang='lat' dir='ltr'><strong>adhuc</strong></span> <span class='ocrx_word' id='word_1_583' title='bbox 1675 4916 1915 4982; x_wconf 84' lang='lat' dir='ltr'><strong>dubitat,</strong></span> <span class='ocrx_word' id='word_1_584' title='bbox 1954 4919 2117 4970; x_wconf 89' lang='lat' dir='ltr'><strong>immo</strong></span> <span class='ocrx_word' id='word_1_585' title='bbox 2150 4914 2286 4969; x_wconf 82' lang='lat' dir='ltr'><strong>mal-</strong></span> 
     </span>
    </p>
   </div>
   <div class='ocr_carea' id='block_1_93' title="bbox 682 4987 2284 5059">
    <p class='ocr_par' dir='ltr' id='par_1_93' title="bbox 682 4987 2284 5059">
     <span class='ocr_line' id='line_1_93' title="bbox 682 4987 2284 5059; baseline -0.006 -12"><span class='ocrx_word' id='word_1_586' title='bbox 682 4992 756 5047; x_wconf 86' lang='lat' dir='ltr'><strong>let</strong></span> <span class='ocrx_word' id='word_1_587' title='bbox 784 4993 836 5048; x_wconf 90' lang='lat' dir='ltr'><strong>in</strong></span> <span class='ocrx_word' id='word_1_588' title='bbox 860 4993 1000 5047; x_wconf 90' lang='lat' dir='ltr'><strong>tribu</strong></span> <span class='ocrx_word' id='word_1_589' title='bbox 1031 4992 1307 5059; x_wconf 79' lang='lat' dir='ltr'><strong>Bi-njainiii</strong></span> <span class='ocrx_word' id='word_1_590' title='bbox 1334 4990 1597 5059; x_wconf 71' lang='lat' dir='ltr'><strong>Guptinas</strong></span> <span class='ocrx_word' id='word_1_591' title='bbox 1624 4988 1904 5043; x_wconf 75' lang='lat' dir='ltr'><strong>collocari.</strong></span> <span class='ocrx_word' id='word_1_592' title='bbox 1936 4987 2080 5041; x_wconf 87' lang='lat' dir='ltr'><strong>Male</strong></span> <span class='ocrx_word' id='word_1_593' title='bbox 2106 4987 2284 5059; x_wconf 83' lang='lat' dir='ltr'><strong>cuim-</strong></span> 
     </span>
    </p>
   </div>
   <div class='ocr_carea' id='block_1_94' title="bbox 681 5058 2285 5128">
    <p class='ocr_par' dir='ltr' id='par_1_94' title="bbox 681 5058 2285 5128">
     <span class='ocr_line' id='line_1_94' title="bbox 681 5058 2285 5128; baseline -0.003 -12"><span class='ocrx_word' id='word_1_594' title='bbox 681 5080 844 5127; x_wconf 82' lang='lat' dir='ltr'><strong>veru,</strong></span> <span class='ocrx_word' id='word_1_595' title='bbox 877 5074 935 5116; x_wconf 85' lang='lat' dir='ltr'><strong>et</strong></span> <span class='ocrx_word' id='word_1_596' title='bbox 956 5058 1193 5128; x_wconf 79' lang='lat' dir='ltr'><strong>antiquis</strong></span> <span class='ocrx_word' id='word_1_597' title='bbox 1224 5058 1478 5115; x_wconf 81' lang='lat' dir='ltr'><strong>omnibus</strong></span> <span class='ocrx_word' id='word_1_598' title='bbox 1518 5062 1870 5115; x_wconf 80' lang='lat' dir='ltr'><strong>munimentis</strong></span> <span class='ocrx_word' id='word_1_599' title='bbox 1902 5058 2285 5113; x_wconf 78' lang='lat' dir='ltr'><strong>Contradicen-</strong></span> 
     </span>
    </p>
   </div>
   <div class='ocr_carea' id='block_1_95' title="bbox 683 5133 1421 5201">
    <p class='ocr_par' dir='ltr' id='par_1_95' title="bbox 683 5133 1421 5201">
     <span class='ocr_line' id='line_1_95' title="bbox 683 5133 1421 5201; baseline -0.005 -14"><span class='ocrx_word' id='word_1_600' title='bbox 683 5135 847 5187; x_wconf 89' lang='lat' dir='ltr'><strong>tibus.</strong></span> <span class='ocrx_word' id='word_1_601' title='bbox 877 5133 1119 5187; x_wconf 77' lang='lat' dir='ltr'><strong>Consule</strong></span> <span class='ocrx_word' id='word_1_602' title='bbox 1150 5147 1421 5201; x_wconf 88' lang='lat' dir='ltr'><strong>mappam.</strong></span> 
     </span>
    </p>
   </div>
   <div class='ocr_carea' id='block_1_96' title="bbox 755 5200 2281 5277">
    <p class='ocr_par' dir='ltr' id='par_1_96' title="bbox 755 5200 2281 5277">
     <span class='ocr_line' id='line_1_96' title="bbox 755 5200 2281 5277; baseline -0.001 -20"><span class='ocrx_word' id='word_1_603' title='bbox 755 5214 777 5277; x_wconf 59' lang='grc' dir='ltr'><strong>ς</strong></span> <span class='ocrx_word' id='word_1_604' title='bbox 835 5202 1003 5277; x_wconf 80' lang='lat' dir='ltr'><strong>Addit</strong></span> <span class='ocrx_word' id='word_1_605' title='bbox 1027 5204 1225 5257; x_wconf 80' lang='lat' dir='ltr'><strong>Euseb.</strong></span> <span class='ocrx_word' id='word_1_606' title='bbox 1258 5200 1386 5277; x_wconf 74' lang='grc' dir='ltr'><strong>πρὸς</strong></span> <span class='ocrx_word' id='word_1_607' title='bbox 1412 5200 1631 5274; x_wconf 79' lang='grc' dir='ltr'><strong>δυσμὰς,</strong></span> <span class='ocrx_word' id='word_1_608' title='bbox 1680 5202 1748 5255; x_wconf 87' lang='lat' dir='ltr'><strong>ad</strong></span> <span class='ocrx_word' id='word_1_609' title='bbox 1789 5202 2102 5256; x_wconf 73' lang='lat' dir='ltr'><strong>occidentem</strong></span> <span class='ocrx_word' id='word_1_610' title='bbox 2124 5243 2137 5267; x_wconf 93' lang='lat'><strong>,</strong></span> <span class='ocrx_word' id='word_1_611' title='bbox 2170 5210 2281 5256; x_wconf 89' lang='lat' dir='ltr'><strong>tum</strong></span> 
     </span>
    </p>
   </div>
   <div class='ocr_carea' id='block_1_97' title="bbox 684 5272 1935 5344">
    <p class='ocr_par' dir='ltr' id='par_1_97' title="bbox 684 5272 1935 5344">
     <span class='ocr_line' id='line_1_97' title="bbox 684 5272 1935 5344; baseline -0.003 -13"><span class='ocrx_word' id='word_1_612' title='bbox 684 5276 929 5331; x_wconf 83' lang='lat' dir='ltr'><strong>milliaria</strong></span> <span class='ocrx_word' id='word_1_613' title='bbox 957 5272 1158 5327; x_wconf 81' lang='lat' dir='ltr'><strong>decium</strong></span> <span class='ocrx_word' id='word_1_614' title='bbox 1197 5272 1340 5327; x_wconf 68' lang='grc' dir='ltr'><strong><em>ερπὶυ</em></strong></span> <span class='ocrx_word' id='word_1_615' title='bbox 1370 5290 1466 5344; x_wconf 79' lang='lat' dir='ltr'><strong>pro</strong></span> <span class='ocrx_word' id='word_1_616' title='bbox 1500 5272 1697 5327; x_wconf 60' lang='lat' dir='ltr'><strong>decimo</strong></span> <span class='ocrx_word' id='word_1_617' title='bbox 1737 5277 1935 5344; x_wconf 81' lang='lat' dir='ltr'><strong>quinto.</strong></span> 
     </span>
    </p>
   </div>
   <div class='ocr_carea' id='block_1_98' title="bbox 751 5343 1697 5402">
    <p class='ocr_par' dir='ltr' id='par_1_98' title="bbox 751 5343 1697 5402">
     <span class='ocr_line' id='line_1_98' title="bbox 751 5343 1697 5402; baseline -0.005 0"><span class='ocrx_word' id='word_1_618' title='bbox 751 5346 776 5386; x_wconf 72' lang='grc' dir='ltr'>ά</span> <span class='ocrx_word' id='word_1_619' title='bbox 805 5345 973 5402; x_wconf 79' lang='lat' dir='ltr'><strong>Vetus</strong></span> <span class='ocrx_word' id='word_1_620' title='bbox 994 5346 1163 5400; x_wconf 63' lang='lat' dir='ltr'><strong>editio</strong></span> <span class='ocrx_word' id='word_1_621' title='bbox 1192 5356 1375 5399; x_wconf 83' lang='lat' dir='ltr'><strong>contra</strong></span> <span class='ocrx_word' id='word_1_622' title='bbox 1401 5343 1697 5398; x_wconf 77' lang='lat' dir='ltr'><strong>Rammaut.</strong></span> 
     </span>
    </p>
   </div>
   <div class='ocr_carea' id='block_1_99' title="bbox 751 5414 2281 5485">
    <p class='ocr_par' dir='ltr' id='par_1_99' title="bbox 751 5414 2281 5485">
     <span class='ocr_line' id='line_1_99' title="bbox 751 5414 2281 5485; baseline -0.003 -13"><span class='ocrx_word' id='word_1_623' title='bbox 751 5432 774 5457; x_wconf 75' lang='grc' dir='ltr'>υ</span> <span class='ocrx_word' id='word_1_624' title='bbox 820 5418 931 5473; x_wconf 84' lang='lat' dir='ltr'><strong>lluc</strong></span> <span class='ocrx_word' id='word_1_625' title='bbox 975 5434 1174 5473; x_wconf 78' lang='lat' dir='ltr'><strong>numen</strong></span> <span class='ocrx_word' id='word_1_626' title='bbox 1224 5417 1406 5479; x_wconf 78' lang='lat' dir='ltr'><strong>Anim,</strong></span> <span class='ocrx_word' id='word_1_627' title='bbox 1442 5434 1536 5484; x_wconf 82' lang='lat' dir='ltr'><strong>pro</strong></span> <span class='ocrx_word' id='word_1_628' title='bbox 1580 5432 1690 5485; x_wconf 84' lang='lat' dir='ltr'><strong>quo</strong></span> <span class='ocrx_word' id='word_1_629' title='bbox 1730 5414 2049 5470; x_wconf 80' lang='lat' dir='ltr'><strong>Bmifrcrius</strong></span> <span class='ocrx_word' id='word_1_630' title='bbox 2104 5417 2281 5479; x_wconf 79' lang='lat' dir='ltr'><strong>Anim,</strong></span> 
     </span>
    </p>
   </div>
   <div class='ocr_carea' id='block_1_100' title="bbox 681 5487 2283 5556">
    <p class='ocr_par' dir='ltr' id='par_1_100' title="bbox 681 5487 2283 5556">
     <span class='ocr_line' id='line_1_100' title="bbox 681 5487 2283 5556; baseline -0.003 -10"><span class='ocrx_word' id='word_1_631' title='bbox 681 5489 970 5546; x_wconf 82' lang='lat' dir='ltr'><strong>Eusebiani</strong></span> <span class='ocrx_word' id='word_1_632' title='bbox 1003 5490 1164 5545; x_wconf 80' lang='lat' dir='ltr'><strong>codd.</strong></span> <span class='ocrx_word' id='word_1_633' title='bbox 1211 5504 1317 5540; x_wconf 93' lang='lat' dir='ltr'><strong>non</strong></span> <span class='ocrx_word' id='word_1_634' title='bbox 1350 5495 1671 5556; x_wconf 77' lang='lat' dir='ltr'><strong>agnoscunt.</strong></span> <span class='ocrx_word' id='word_1_635' title='bbox 1723 5487 1827 5541; x_wconf 88' lang='lat' dir='ltr'><strong>Sed</strong></span> <span class='ocrx_word' id='word_1_636' title='bbox 1881 5502 1979 5556; x_wconf 90' lang='lat' dir='ltr'><strong>pro</strong></span> <span class='ocrx_word' id='word_1_637' title='bbox 2020 5501 2085 5538; x_wconf 81' lang='lat' dir='ltr'><strong>eu</strong></span> <span class='ocrx_word' id='word_1_638' title='bbox 2116 5488 2283 5556; x_wconf 88' lang='lat' dir='ltr'><strong>paulo</strong></span> 
     </span>
    </p>
   </div>
   <div class='ocr_carea' id='block_1_101' title="bbox 678 5558 2284 5633">
    <p class='ocr_par' dir='ltr' id='par_1_101' title="bbox 678 5558 2284 5633">
     <span class='ocr_line' id='line_1_101' title="bbox 678 5558 2284 5633; baseline -0.003 -16"><span class='ocrx_word' id='word_1_639' title='bbox 678 5563 907 5617; x_wconf 67' lang='lat' dir='ltr'><strong>lllfcritla</strong></span> <span class='ocrx_word' id='word_1_640' title='bbox 938 5564 1137 5617; x_wconf 86' lang='lat' dir='ltr'><strong>habent</strong></span> <span class='ocrx_word' id='word_1_641' title='bbox 1164 5558 1288 5633; x_wconf 78' lang='grc' dir='ltr'><strong>’Δλφ</strong></span> <span class='ocrx_word' id='word_1_642' title='bbox 1317 5600 1331 5625; x_wconf 86' lang='grc'><em>,</em></span> <span class='ocrx_word' id='word_1_643' title='bbox 1372 5560 1515 5629; x_wconf 86' lang='lat' dir='ltr'><strong>quod</strong></span> <span class='ocrx_word' id='word_1_644' title='bbox 1557 5572 1723 5628; x_wconf 85' lang='lat' dir='ltr'><strong>penes</strong></span> <span class='ocrx_word' id='word_1_645' title='bbox 1753 5562 2145 5627; x_wconf 74' lang='lat' dir='ltr'><strong>Hieronymum</strong></span> <span class='ocrx_word' id='word_1_646' title='bbox 2190 5560 2284 5613; x_wconf 86' lang='lat' dir='ltr'><strong>dc-</strong></span> 
     </span>
    </p>
   </div>
   <div class='ocr_carea' id='block_1_102' title="bbox 674 5634 966 5689">
    <p class='ocr_par' dir='ltr' id='par_1_102' title="bbox 674 5634 966 5689">
     <span class='ocr_line' id='line_1_102' title="bbox 674 5634 966 5689; baseline 0 -1"><span class='ocrx_word' id='word_1_647' title='bbox 674 5634 966 5689; x_wconf 73' lang='lat' dir='ltr'><strong>sideratur.</strong></span> 
     </span>
    </p>
   </div>
   <div class='ocr_carea' id='block_1_103' title="bbox 751 5697 2285 5767">
    <p class='ocr_par' dir='ltr' id='par_1_103' title="bbox 751 5697 2285 5767">
     <span class='ocr_line' id='line_1_103' title="bbox 751 5697 2285 5767; baseline -0.001 -10"><span class='ocrx_word' id='word_1_648' title='bbox 751 5704 767 5741; x_wconf 76' lang='grc' dir='ltr'>ῐ</span> <span class='ocrx_word' id='word_1_649' title='bbox 813 5705 1009 5758; x_wconf 72' lang='lat' dir='ltr'><strong>Noster</strong></span> <span class='ocrx_word' id='word_1_650' title='bbox 1048 5719 1113 5759; x_wconf 87' lang='lat' dir='ltr'><strong>ac</strong></span> <span class='ocrx_word' id='word_1_651' title='bbox 1158 5703 1385 5767; x_wconf 60' lang='lat' dir='ltr'><strong>Reginus</strong></span> <span class='ocrx_word' id='word_1_652' title='bbox 1426 5714 1527 5755; x_wconf 88' lang='lat' dir='ltr'><strong>ms.</strong></span> <span class='ocrx_word' id='word_1_653' title='bbox 1582 5698 1803 5767; x_wconf 72' lang='lat' dir='ltr'><strong>Efmim.</strong></span> <span class='ocrx_word' id='word_1_654' title='bbox 1841 5697 1899 5753; x_wconf 88' lang='lat' dir='ltr'><strong>In</strong></span> <span class='ocrx_word' id='word_1_655' title='bbox 1930 5697 2131 5754; x_wconf 85' lang='lat' dir='ltr'><strong>Notitia</strong></span> <span class='ocrx_word' id='word_1_656' title='bbox 2178 5698 2285 5755; x_wconf 85' lang='lat' dir='ltr'><strong>lm-</strong></span> 
     </span>
    </p>
   </div>
   <div class='ocr_carea' id='block_1_104' title="bbox 679 5770 1821 5842">
    <p class='ocr_par' dir='ltr' id='par_1_104' title="bbox 679 5770 1821 5842">
     <span class='ocr_line' id='line_1_104' title="bbox 679 5770 1821 5842; baseline -0.003 -15"><span class='ocrx_word' id='word_1_657' title='bbox 679 5774 838 5840; x_wconf 84' lang='lat' dir='ltr'><strong>perii,</strong></span> <span class='ocrx_word' id='word_1_658' title='bbox 860 5774 1058 5829; x_wconf 78' lang='lat' dir='ltr'><strong>Cohors</strong></span> <span class='ocrx_word' id='word_1_659' title='bbox 1084 5774 1396 5829; x_wconf 70' lang='lat' dir='ltr'><strong>duodecima</strong></span> <span class='ocrx_word' id='word_1_660' title='bbox 1435 5772 1646 5829; x_wconf 76' lang='lat' dir='ltr'><strong>Valeria</strong></span> <span class='ocrx_word' id='word_1_661' title='bbox 1668 5770 1821 5842; x_wconf 78' lang='lat' dir='ltr'><strong>Afro.</strong></span> 
     </span>
    </p>
   </div>
   <div class='ocr_carea' id='block_1_105' title="bbox 2394 4629 3961 4704">
    <p class='ocr_par' dir='ltr' id='par_1_105' title="bbox 2394 4629 3961 4704">
     <span class='ocr_line' id='line_1_105' title="bbox 2394 4629 3961 4704; baseline -0.001 -20"><span class='ocrx_word' id='word_1_662' title='bbox 2394 4629 2575 4684; x_wconf 86' lang='lat' dir='ltr'><strong>minici</strong></span> <span class='ocrx_word' id='word_1_663' title='bbox 2593 4634 2731 4699; x_wconf 85' lang='lat' dir='ltr'><strong>apud</strong></span> <span class='ocrx_word' id='word_1_664' title='bbox 2753 4630 3056 4694; x_wconf 74' lang='lat' dir='ltr'><strong>Talusates,</strong></span> <span class='ocrx_word' id='word_1_665' title='bbox 3079 4645 3174 4699; x_wconf 86' lang='lat' dir='ltr'><strong>pro</strong></span> <span class='ocrx_word' id='word_1_666' title='bbox 3198 4630 3445 4704; x_wconf 76' lang='lat' dir='ltr'><strong>Beiari‘plt</strong></span> <span class='ocrx_word' id='word_1_667' title='bbox 3464 4634 3667 4689; x_wconf 72' lang='lat' dir='ltr'><strong>t‘i-titlel</strong></span> <span class='ocrx_word' id='word_1_668' title='bbox 3682 4634 3961 4704; x_wconf 69' lang='lat' dir='ltr'><strong>Berhuripi.</strong></span> 
     </span>
    </p>
   </div>
   <div class='ocr_carea' id='block_1_106' title="bbox 3533 4705 3816 4763">
    <p class='ocr_par' dir='ltr' id='par_1_106' title="bbox 3533 4705 3816 4763">
     <span class='ocr_line' id='line_1_106' title="bbox 3533 4705 3816 4763; baseline 0 -3"><span class='ocrx_word' id='word_1_669' title='bbox 3533 4705 3816 4763; x_wconf 64' lang='lat' dir='ltr'><strong>Manum.</strong></span> 
     </span>
    </p>
   </div>
   <div class='ocr_carea' id='block_1_107' title="bbox 2465 4771 3967 4844">
    <p class='ocr_par' dir='ltr' id='par_1_107' title="bbox 2465 4771 3967 4844">
     <span class='ocr_line' id='line_1_107' title="bbox 2465 4771 3967 4844; baseline -0.001 -19"><span class='ocrx_word' id='word_1_670' title='bbox 2465 4803 2536 4813; x_wconf 96' lang='lat'><em>—</em></span> <span class='ocrx_word' id='word_1_671' title='bbox 2565 4771 2639 4826; x_wconf 87' lang='lat' dir='ltr'><strong>lla</strong></span> <span class='ocrx_word' id='word_1_672' title='bbox 2687 4772 2988 4838; x_wconf 68' lang='lat' dir='ltr'><strong>prml‘emnt</strong></span> <span class='ocrx_word' id='word_1_673' title='bbox 3016 4773 3423 4844; x_wconf 83' lang='lat' dir='ltr'><strong>llieronymiani</strong></span> <span class='ocrx_word' id='word_1_674' title='bbox 3456 4777 3578 4831; x_wconf 81' lang='lat' dir='ltr'><strong>libri</strong></span> <span class='ocrx_word' id='word_1_675' title='bbox 3620 4778 3757 4833; x_wconf 85' lang='lat' dir='ltr'><strong>editi</strong></span> <span class='ocrx_word' id='word_1_676' title='bbox 3782 4796 3845 4831; x_wconf 79' lang='lat' dir='ltr'><strong>ac</strong></span> <span class='ocrx_word' id='word_1_677' title='bbox 3871 4790 3967 4829; x_wconf 67' lang='lat' dir='ltr'><strong>mss.</strong></span> 
     </span>
    </p>
   </div>
   <div class='ocr_carea' id='block_1_108' title="bbox 2395 4844 3969 4919">
    <p class='ocr_par' dir='ltr' id='par_1_108' title="bbox 2395 4844 3969 4919">
     <span class='ocr_line' id='line_1_108' title="bbox 2395 4844 3969 4919; baseline 0.001 -20"><span class='ocrx_word' id='word_1_678' title='bbox 2395 4844 2710 4899; x_wconf 80' lang='lat' dir='ltr'><strong>Bnnl&#39;rerius</strong></span> <span class='ocrx_word' id='word_1_679' title='bbox 2743 4853 2919 4919; x_wconf 84' lang='lat' dir='ltr'><strong>tamen</strong></span> <span class='ocrx_word' id='word_1_680' title='bbox 2952 4844 3179 4919; x_wconf 73' lang='lat' dir='ltr'><strong>rescribi</strong></span> <span class='ocrx_word' id='word_1_681' title='bbox 3212 4846 3323 4919; x_wconf 88' lang='lat' dir='ltr'><strong>viili</strong></span> <span class='ocrx_word' id='word_1_682' title='bbox 3351 4844 3640 4905; x_wconf 64' lang='lat' dir='ltr'><strong>Betliar‘nr.</strong></span> <span class='ocrx_word' id='word_1_683' title='bbox 3680 4864 3733 4901; x_wconf 91' lang='lat' dir='ltr'><strong>ut</strong></span> <span class='ocrx_word' id='word_1_684' title='bbox 3766 4852 3969 4919; x_wconf 73' lang='lat' dir='ltr'><strong>aliquam</strong></span> 
     </span>
    </p>
   </div>
   <div class='ocr_carea' id='block_1_109' title="bbox 2393 4915 3971 4975">
    <p class='ocr_par' dir='ltr' id='par_1_109' title="bbox 2393 4915 3971 4975">
     <span class='ocr_line' id='line_1_109' title="bbox 2393 4915 3971 4975; baseline 0.001 -5"><span class='ocrx_word' id='word_1_685' title='bbox 2393 4932 2517 4970; x_wconf 90' lang='lat' dir='ltr'><strong>cum</strong></span> <span class='ocrx_word' id='word_1_686' title='bbox 2549 4930 2678 4970; x_wconf 85' lang='lat' dir='ltr'><strong>voce</strong></span> <span class='ocrx_word' id='word_1_687' title='bbox 2724 4915 2866 4969; x_wconf 80' lang='lat' dir='ltr'><strong>Arim</strong></span> <span class='ocrx_word' id='word_1_688' title='bbox 2915 4916 3237 4971; x_wconf 77' lang='lat' dir='ltr'><strong>afﬁnitatem</strong></span> <span class='ocrx_word' id='word_1_689' title='bbox 3289 4917 3504 4973; x_wconf 66' lang='lat' dir='ltr'><strong>habent.</strong></span> <span class='ocrx_word' id='word_1_690' title='bbox 3550 4919 3694 4975; x_wconf 85' lang='lat' dir='ltr'><strong>Vide</strong></span> <span class='ocrx_word' id='word_1_691' title='bbox 3747 4915 3875 4975; x_wconf 65' lang='lat' dir='ltr'><strong>nun}</strong></span> <span class='ocrx_word' id='word_1_692' title='bbox 3925 4920 3971 4969; x_wconf 57' lang='lat' dir='ltr'><strong>sit</strong></span> 
     </span>
    </p>
   </div>
   <div class='ocr_carea' id='block_1_110' title="bbox 2394 4986 3969 5056">
    <p class='ocr_par' dir='ltr' id='par_1_110' title="bbox 2394 4986 3969 5056">
     <span class='ocr_line' id='line_1_110' title="bbox 2394 4986 3969 5056; baseline 0.001 -15"><span class='ocrx_word' id='word_1_693' title='bbox 2394 4986 2638 5053; x_wconf 79' lang='lat' dir='ltr'><strong>Betari&#39;s,</strong></span> <span class='ocrx_word' id='word_1_694' title='bbox 2695 4998 2788 5040; x_wconf 82' lang='lat' dir='ltr'><strong>aut</strong></span> <span class='ocrx_word' id='word_1_695' title='bbox 2834 4986 3071 5044; x_wconf 55' lang='grc' dir='ltr'><strong>Βίωνι,</strong></span> <span class='ocrx_word' id='word_1_696' title='bbox 3120 5005 3242 5056; x_wconf 61' lang='lat' dir='ltr'><strong>quae</strong></span> <span class='ocrx_word' id='word_1_697' title='bbox 3286 4990 3338 5042; x_wconf 86' lang='lat' dir='ltr'><strong>in</strong></span> <span class='ocrx_word' id='word_1_698' title='bbox 3399 4988 3688 5046; x_wconf 84' lang='lat' dir='ltr'><strong>liini-rario</strong></span> <span class='ocrx_word' id='word_1_699' title='bbox 3741 4990 3969 5045; x_wconf 67' lang='lat' dir='ltr'><strong>Animum</strong></span> 
     </span>
    </p>
   </div>
   <div class='ocr_carea' id='block_1_111' title="bbox 2394 5057 3557 5127">
    <p class='ocr_par' dir='ltr' id='par_1_111' title="bbox 2394 5057 3557 5127">
     <span class='ocr_line' id='line_1_111' title="bbox 2394 5057 3557 5127; baseline -0.003 -15"><span class='ocrx_word' id='word_1_700' title='bbox 2394 5059 2536 5112; x_wconf 87' lang='lat' dir='ltr'><strong>inter</strong></span> <span class='ocrx_word' id='word_1_701' title='bbox 2562 5057 2868 5112; x_wconf 72' lang='lat' dir='ltr'><strong>C:I&#39;S:ll&#39;t‘atll</strong></span> <span class='ocrx_word' id='word_1_702' title='bbox 2900 5074 2949 5113; x_wconf 77' lang='lat' dir='ltr'><strong>ct</strong></span> <span class='ocrx_word' id='word_1_703' title='bbox 2978 5058 3279 5122; x_wconf 73' lang='lat' dir='ltr'><strong>Dinsitolim</strong></span> <span class='ocrx_word' id='word_1_704' title='bbox 3313 5062 3557 5127; x_wconf 78' lang='lat' dir='ltr'><strong>punitur.</strong></span> 
     </span>
    </p>
   </div>
   <div class='ocr_carea' id='block_1_112' title="bbox 2466 5127 3972 5202">
    <p class='ocr_par' dir='ltr' id='par_1_112' title="bbox 2466 5127 3972 5202">
     <span class='ocr_line' id='line_1_112' title="bbox 2466 5127 3972 5202; baseline 0.003 -26"><span class='ocrx_word' id='word_1_705' title='bbox 2466 5127 2706 5202; x_wconf 59' lang='lat' dir='ltr'><strong>h_Contrii</strong></span> <span class='ocrx_word' id='word_1_706' title='bbox 2731 5131 3149 5202; x_wconf 65' lang='lat' dir='ltr'><strong>septentrionem.</strong></span> <span class='ocrx_word' id='word_1_707' title='bbox 3178 5130 3234 5184; x_wconf 87' lang='lat' dir='ltr'><strong>lit</strong></span> <span class='ocrx_word' id='word_1_708' title='bbox 3265 5145 3419 5187; x_wconf 74' lang='lat' dir='ltr'><strong>antea</strong></span> <span class='ocrx_word' id='word_1_709' title='bbox 3452 5134 3616 5186; x_wconf 73' lang='lat' dir='ltr'><strong>editis</strong></span> <span class='ocrx_word' id='word_1_710' title='bbox 3652 5134 3818 5191; x_wconf 77' lang='lat' dir='ltr'><strong>libris</strong></span> <span class='ocrx_word' id='word_1_711' title='bbox 3846 5131 3972 5187; x_wconf 68' lang='grc' dir='ltr'><strong>ιιιειιὶι</strong></span> 
     </span>
    </p>
   </div>
   <div class='ocr_carea' id='block_1_113' title="bbox 2395 5200 3970 5273">
    <p class='ocr_par' dir='ltr' id='par_1_113' title="bbox 2395 5200 3970 5273">
     <span class='ocr_line' id='line_1_113' title="bbox 2395 5200 3970 5273; baseline -0.001 -18"><span class='ocrx_word' id='word_1_712' title='bbox 2395 5218 2478 5255; x_wconf 88' lang='lat' dir='ltr'><strong>ma</strong></span> <span class='ocrx_word' id='word_1_713' title='bbox 2510 5200 2593 5253; x_wconf 83' lang='lat' dir='ltr'><strong>liii:</strong></span> <span class='ocrx_word' id='word_1_714' title='bbox 2624 5212 2710 5255; x_wconf 83' lang='lat' dir='ltr'><strong>est</strong></span> <span class='ocrx_word' id='word_1_715' title='bbox 2738 5200 3001 5256; x_wconf 79' lang='lat' dir='ltr'><strong>Locorum</strong></span> <span class='ocrx_word' id='word_1_716' title='bbox 3041 5212 3099 5256; x_wconf 88' lang='lat' dir='ltr'><strong>et</strong></span> <span class='ocrx_word' id='word_1_717' title='bbox 3139 5208 3414 5256; x_wconf 80' lang='lat' dir='ltr'><strong>nominum</strong></span> <span class='ocrx_word' id='word_1_718' title='bbox 3446 5205 3818 5273; x_wconf 65' lang='lat' dir='ltr'><strong>perturbati”,</strong></span> <span class='ocrx_word' id='word_1_719' title='bbox 3844 5216 3970 5270; x_wconf 71' lang='lat' dir='ltr'><strong>quam</strong></span> 
     </span>
    </p>
   </div>
   <div class='ocr_carea' id='block_1_114' title="bbox 2392 5273 3972 5342">
    <p class='ocr_par' dir='ltr' id='par_1_114' title="bbox 2392 5273 3972 5342">
     <span class='ocr_line' id='line_1_114' title="bbox 2392 5273 3972 5342; baseline 0.001 -15"><span class='ocrx_word' id='word_1_720' title='bbox 2392 5273 2616 5327; x_wconf 83' lang='lat' dir='ltr'><strong>Otttttittt)</strong></span> <span class='ocrx_word' id='word_1_721' title='bbox 2640 5276 2980 5337; x_wconf 64' lang='lat' dir='ltr'><strong>sustulimus,</strong></span> <span class='ocrx_word' id='word_1_722' title='bbox 3014 5274 3365 5342; x_wconf 77' lang='lat' dir='ltr'><strong>inanttscripli</strong></span> <span class='ocrx_word' id='word_1_723' title='bbox 3387 5277 3496 5340; x_wconf 85' lang='lat' dir='ltr'><strong>j.-iii</strong></span> <span class='ocrx_word' id='word_1_724' title='bbox 3525 5276 3759 5342; x_wconf 78' lang='lat' dir='ltr'><strong>laudati,</strong></span> <span class='ocrx_word' id='word_1_725' title='bbox 3784 5291 3839 5333; x_wconf 84' lang='lat' dir='ltr'><strong>et</strong></span> <span class='ocrx_word' id='word_1_726' title='bbox 3872 5290 3972 5340; x_wconf 64' lang='grc' dir='ltr'><strong>ινιτ·</strong></span> 
     </span>
    </p>
   </div>
   <div class='ocr_carea' id='block_1_115' title="bbox 2393 5342 3971 5415">
    <p class='ocr_par' dir='ltr' id='par_1_115' title="bbox 2393 5342 3971 5415">
     <span class='ocr_line' id='line_1_115' title="bbox 2393 5342 3971 5415; baseline 0.001 -17"><span class='ocrx_word' id='word_1_727' title='bbox 2393 5345 2550 5408; x_wconf 81' lang='lat' dir='ltr'><strong>cipiie</strong></span> <span class='ocrx_word' id='word_1_728' title='bbox 2582 5342 2881 5399; x_wconf 62' lang='lat' dir='ltr'><strong>Lollii-Nini</strong></span> <span class='ocrx_word' id='word_1_729' title='bbox 2916 5348 3076 5398; x_wconf 84' lang='lat' dir='ltr'><strong>unius</strong></span> <span class='ocrx_word' id='word_1_730' title='bbox 3106 5346 3469 5408; x_wconf 74' lang='lat' dir='ltr'><strong>antiqui-simi</strong></span> <span class='ocrx_word' id='word_1_731' title='bbox 3501 5350 3758 5400; x_wconf 80' lang='lat' dir='ltr'><strong>subsulm</strong></span> <span class='ocrx_word' id='word_1_732' title='bbox 3798 5350 3971 5415; x_wconf 60' lang='lat' dir='ltr'><strong>adj-ell:</strong></span> 
     </span>
    </p>
   </div>
   <div class='ocr_carea' id='block_1_116' title="bbox 2394 5416 3971 5487">
    <p class='ocr_par' dir='ltr' id='par_1_116' title="bbox 2394 5416 3971 5487">
     <span class='ocr_line' id='line_1_116' title="bbox 2394 5416 3971 5487; baseline -0.001 -18"><span class='ocrx_word' id='word_1_733' title='bbox 2394 5432 2462 5484; x_wconf 86' lang='lat' dir='ltr'><strong>qu</strong></span> <span class='ocrx_word' id='word_1_734' title='bbox 2485 5433 2513 5467; x_wconf 83' lang='lat' dir='ltr'><strong>c</strong></span> <span class='ocrx_word' id='word_1_735' title='bbox 2556 5416 2774 5479; x_wconf 83' lang='lat' dir='ltr'><strong>quidem</strong></span> <span class='ocrx_word' id='word_1_736' title='bbox 2818 5417 3103 5487; x_wconf 76' lang='lat' dir='ltr'><strong>restitutio</strong></span> <span class='ocrx_word' id='word_1_737' title='bbox 3138 5428 3191 5470; x_wconf 90' lang='lat' dir='ltr'><strong>iit</strong></span> <span class='ocrx_word' id='word_1_738' title='bbox 3224 5431 3438 5471; x_wconf 65' lang='lat' dir='ltr'><strong>ciricrui</strong></span> <span class='ocrx_word' id='word_1_739' title='bbox 3470 5435 3664 5472; x_wconf 70' lang='lat' dir='ltr'><strong>omnes</strong></span> <span class='ocrx_word' id='word_1_740' title='bbox 3692 5420 3857 5487; x_wconf 82' lang='lat' dir='ltr'><strong>hujus</strong></span> <span class='ocrx_word' id='word_1_741' title='bbox 3884 5436 3908 5467; x_wconf 72' lang='grc' dir='ltr'><strong>ιι</strong></span> <span class='ocrx_word' id='word_1_742' title='bbox 3929 5426 3971 5463; x_wconf 78' lang='lat' dir='ltr'><strong>li-</strong></span> 
     </span>
    </p>
   </div>
   <div class='ocr_carea' id='block_1_117' title="bbox 2396 5486 3974 5556">
    <p class='ocr_par' dir='ltr' id='par_1_117' title="bbox 2396 5486 3974 5556">
     <span class='ocr_line' id='line_1_117' title="bbox 2396 5486 3974 5556; baseline 0 -16"><span class='ocrx_word' id='word_1_743' title='bbox 2396 5488 2590 5546; x_wconf 87' lang='lat' dir='ltr'><strong>tiunis,</strong></span> <span class='ocrx_word' id='word_1_744' title='bbox 2643 5490 2759 5556; x_wconf 85' lang='lat' dir='ltr'><strong>ipso</strong></span> <span class='ocrx_word' id='word_1_745' title='bbox 2814 5486 3027 5541; x_wconf 76' lang='lat' dir='ltr'><strong>Eii~ebii</strong></span> <span class='ocrx_word' id='word_1_746' title='bbox 3076 5486 3249 5542; x_wconf 72' lang='lat' dir='ltr'><strong>Grmci</strong></span> <span class='ocrx_word' id='word_1_747' title='bbox 3298 5499 3556 5543; x_wconf 82' lang='lat' dir='ltr'><strong>coiitcxiu</strong></span> <span class='ocrx_word' id='word_1_748' title='bbox 3603 5486 3908 5545; x_wconf 52' lang='lat' dir='ltr'><strong>verissume</strong></span> <span class='ocrx_word' id='word_1_749' title='bbox 3938 5500 3974 5536; x_wconf 68' lang='lat' dir='ltr'><strong>ac</strong></span> 
     </span>
    </p>
   </div>
   <div class='ocr_carea' id='block_1_118' title="bbox 2396 5560 3973 5628">
    <p class='ocr_par' dir='ltr' id='par_1_118' title="bbox 2396 5560 3973 5628">
     <span class='ocr_line' id='line_1_118' title="bbox 2396 5560 3973 5628; baseline 0.001 -18"><span class='ocrx_word' id='word_1_750' title='bbox 2396 5560 2681 5612; x_wconf 73' lang='grc' dir='ltr'><strong>ιιιιίεείηιειι</strong></span> <span class='ocrx_word' id='word_1_751' title='bbox 2722 5569 2948 5628; x_wconf 76' lang='lat' dir='ltr'><strong>reperta-</strong></span> <span class='ocrx_word' id='word_1_752' title='bbox 2978 5573 3101 5612; x_wconf 68' lang='lat' dir='ltr'><strong>slllll</strong></span> <span class='ocrx_word' id='word_1_753' title='bbox 3139 5576 3188 5611; x_wconf 89' lang='lat' dir='ltr'><strong>in</strong></span> <span class='ocrx_word' id='word_1_754' title='bbox 3215 5570 3503 5613; x_wconf 75' lang='lat' dir='ltr'><strong>contentio</strong></span> <span class='ocrx_word' id='word_1_755' title='bbox 3532 5580 3562 5612; x_wconf 86' lang='lat' dir='ltr'><strong>e</strong></span> <span class='ocrx_word' id='word_1_756' title='bbox 3605 5563 3865 5617; x_wconf 77' lang='lat' dir='ltr'><strong>codicum</strong></span> <span class='ocrx_word' id='word_1_757' title='bbox 3900 5560 3973 5628; x_wconf 57' lang='lat' dir='ltr'><strong>La:</strong></span> 
     </span>
    </p>
   </div>
   <div class='ocr_carea' id='block_1_119' title="bbox 2396 5626 3974 5701">
    <p class='ocr_par' dir='ltr' id='par_1_119' title="bbox 2396 5626 3974 5701">
     <span class='ocr_line' id='line_1_119' title="bbox 2396 5626 3974 5701; baseline -0.001 -19"><span class='ocrx_word' id='word_1_758' title='bbox 2396 5629 2633 5684; x_wconf 75' lang='lat' dir='ltr'><strong>tium-uin</strong></span> <span class='ocrx_word' id='word_1_759' title='bbox 2666 5626 3159 5701; x_wconf 61' lang='lat' dir='ltr'><strong>manuscriptorunt</strong></span> <span class='ocrx_word' id='word_1_760' title='bbox 3188 5647 3310 5685; x_wconf 83' lang='lat' dir='ltr'><strong>cum</strong></span> <span class='ocrx_word' id='word_1_761' title='bbox 3341 5632 3658 5685; x_wconf 82' lang='lat' dir='ltr'><strong>Eusebiano</strong></span> <span class='ocrx_word' id='word_1_762' title='bbox 3706 5636 3918 5701; x_wconf 72' lang='lat' dir='ltr'><strong>i-xempl</strong></span> <span class='ocrx_word' id='word_1_763' title='bbox 3947 5626 3974 5679; x_wconf 81' lang='lat' dir='ltr'><strong>ri</strong></span> 
     </span>
    </p>
   </div>
   <div class='ocr_carea' id='block_1_120' title="bbox 2395 5703 3830 5760">
    <p class='ocr_par' dir='ltr' id='par_1_120' title="bbox 2395 5703 3830 5760">
     <span class='ocr_line' id='line_1_120' title="bbox 2395 5703 3830 5760; baseline 0.001 -4"><span class='ocrx_word' id='word_1_764' title='bbox 2395 5703 2607 5757; x_wconf 70' lang='lat' dir='ltr'><strong>(ira-co.</strong></span> <span class='ocrx_word' id='word_1_765' title='bbox 3541 5704 3830 5760; x_wconf 65' lang='lat' dir='ltr'><strong>Manum.</strong></span> 
     </span>
    </p>
   </div>
  </div>
