4014 6298
560 287 663 345 887

1839 280 1897 337 S.
1941 276 2209 337 EUSEBII
2250 277 2635 338 HIERONYMI

3777 283 3883 343 888

563 400 807 471 dicitur).
842 398 961 454 Fuit
985 406 1164 453 autem
1185 398 1327 453 Cana
1355 397 1407 451 in
1428 396 1568 451 tribu
1594 397 1751 461 Aser,
1781 394 1872 450 ubi
1902 395 2166 449 Dominus
2192 399 2245 461 Α
2271 394 2413 450 ehiel
2457 394 2512 450 in
2563 394 2776 452 visione
2819 396 2951 469 Tyri
2994 397 3359 456 recordentur
3389 418 3402 454 :
3434 416 3535 472 pro
3557 415 3672 474 quo
3694 400 3751 457 in
3778 400 3887 459 lle.

562 503 748 547 noster
775 502 937 560 atque
981 491 1230 546 Salvator
1273 505 1440 560 aquas
1470 490 1633 543 vertit
1666 490 1717 543 in
1759 488 1967 543 vinum.
2008 486 2164 544 Unde

559 584 859 640 Natlaanael
886 600 1048 640 verus
1070 583 1316 639 Israelita
1340 582 1641 639 Salvator-is
1677 581 1988 637 teSIimOnio
2014 597 2165 636 com-

560 680 822 747 probatur
855 678 949 748 (et
988 686 1071 731 est
1120 676 1279 731 hodie
1321 674 1636 747 Oppidulum
1689 672 1741 728 itt
1772 673 1995 729 Galiltea
2024 688 2159 744 gen-

562 773 696 826 tium

629 864 828 930 Cedes,
879 863 1044 918 sortis
1074 862 1439 932 Nepltth'tlim,
1470 862 1660 918 civitas
1699 860 2067 917 sacerdotalis‘
2099 875 2161 916 ac

558 958 905 1024 fugitivorum
936 1000 950 1023 ,
990 957 1043 1011 in
1072 957 1291 1012 Galilaea
1326 972 1491 1025 super
1520 966 1758 1011 montem
1789 955 2157 1025 Neplttltalim.

561 1049 667 1104 Sed
701 1058 750 1102 et
787 1051 925 1103 hanc
958 1050 1101 1118 cepit
1130 1065 1227 1102 rex
1260 1050 1633 1120 As>yriurum,
1668 1064 1790 1117 quae
1820 1062 1964 1101 nunc
1986 1047 2161 1103 Cidis—

558 1154 651 1194 sus
679 1141 1004 1209 appellatur,
1038 1141 1089 1194 itt
1122 1141 1381 1196 vicesimo
1418 1139 1545 1210 Tyri
1577 1139 1830 1195 milliario
1857 1139 2013 1210 juxta
2060 1138 2161 1194 Pa-

563 1235 811 1287 neadem.

627 1323 946 1392 Cliartltam,
980 1324 1032 1378 itt
1077 1325 1218 1380 tribu
1261 1323 1631 1396 Nephthalim,
1665 1325 1862 1380 civitas
1911 1333 2159 1396 separata

556 1416 793 1472 Levitis.

911 1511 1064 1583 187
1108 1510 1198 1564 DE
1239 1509 1536 1567 JUDICUM
1578 1510 1803 1566 LIBBO.

623 1600 886 1669 Cethron,
917 1604 968 1657 iu
1005 1603 1145 1657 tribu
1176 1602 1440 1670 Zabulon,
1470 1604 1524 1659 itt
1555 1620 1661 1675 qua
1689 1604 1904 1675 pristini
1938 1619 2156 1661 reman-

557 1708 680 1750 sere
707 1695 968 1750 cultores.

2269 484 2456 540 braico
2506 501 2727 541 rnants
2765 490 3033 559 scriptum
3084 499 3188 545 est.
3245 489 3353 547 Sed
3406 500 3463 547 et
3509 492 3581 549 de
3634 493 3883 550 hacﬂin

2267 576 2422 631 libris
2452 577 2844 635 Ile-braicarum
2876 581 3254 650 Qumstionum
3298 586 3511 655 plenius
3539 586 3807 643 diximus.

2330 668 2554 738 leas,
2611 671 2663 727 id
2708 683 2792 728 est
2822 676 2978 730 vallis
3022 673 3287 745 Josapltat
3315 678 3459 735 inter
3486 679 3799 737 Jerusalem
3827 690 3885 739 et

2266 777 2503 819 montem
2531 764 2747 821 Oliveti.
2781 766 2949 837 (Lege
2973 768 3305 839 l’rophetam
3336 771 3457 827 Joel
3487 789 3569 837 tu,
3598 774 3683 847 2.)

2335 859 2559 927 Cedem,
2596 863 2648 918 in
2681 864 2933 920 Ezechiel
2965 882 2980 921 :
3013 867 3155 936 quod
3188 868 3385 939 Aquila
3424 880 3480 927 et
3512 871 3883 945 Symmachus

2264 955 2697 1023 interpretantur
2725 960 3017 1014 orientem.

2334 1044 2534 1112 Cedar,
2576 1049 2628 1103 in
2680 1049 2959 1114 Ezechiel,
3009 1052 3270 1123 principes
3310 1054 3480 1110 (λαίαν
3519 1056 3719 1128 (xxvtt,
3749 1058 3876 1131 21).

2263 1139 2370 1197 Sed
2399 1151 2452 1196 et
2476 1142 2642 1196 Isaias
2669 1152 2726 1197 et
2765 1142 3033 1201 Jeretuias
3084 1147 3137 1201 in
3185 1148 3398 1207 visione
3442 1152 3684 1220 Arabim,
3715 1154 3883 1225 bujus

2265 1236 2515 1291 Vocabttli
2573 1238 2951 1293 recordantur.
3006 1241 3104 1295 Est
3160 1254 3346 1299 autem
3399 1246 3552 1312 regio
3580 1247 3633 1302 in
3686 1262 3880 1305 eremo

2265 1327 2292 1366 δ
2322 1328 2745 1397 Saracenorum,
2780 1347 2809 1386 a
2835 1331 2948 1388 lilio
2986 1332 3238 1392 lstnaelis
3263 1336 3442 1393 Cedar
3476 1339 3550 1395 ita
3592 1343 3881 1413 cognomi-

2266 1434 2415 1480 nata.

2334 1518 2581 1587 Cariotb,
2615 1520 2669 1575 in
2698 1519 2924 1592 regione
2955 1521 3320 1580 Moabitarum
3356 1542 3369 1579 :
3418 1526 3561 1583 sicut
3602 1527 3880 1587 Jeremias

2263 1613 2479 1669 scribit.
3644 1626 3656 1636 '

2332 1705 2739 1773 Capharnaum,
2783 1708 2938 1778 juxta
2983 1718 3234 1781 stagnum
3307 1712 3590 1769 Gennezar
3632 1734 3646 1771 :
3695 1732 3879 1790 usque

624 1787 845 1851 Carear,
877 1786 965 1841 ubi
1000 1786 1096 1840 filii
1123 1798 1277 1841 erant
1307 1786 1486 1842 Zebee
1512 1798 1565 1844 et
1601 1788 1877 1855 Salmana,
1906 1804 2043 1860 quos
2065 1789 2149 1845 in-
2184 1795 2232 1855 B
2260 1796 2422 1852 hodie
2449 1799 2708 1869 oppidum
2747 1800 2801 1855 in
2828 1800 3055 1857 Galilzea
3084 1804 3322 1875 gentium
3360 1804 3545 1872 situm,
3576 1807 3629 1862 itt
3660 1786 3883 1867 ﬁnibus

551 1881 768 1934 tericcit
793 1877 1011 1933 Gedeon
1035 1896 1046 1931 :
1077 1888 1129 1933 et
1156 1890 1235 1932 est
1260 1894 1430 1949 nsque
1456 1878 1614 1935 hodie
1641 1881 1926 1936 castellum
1951 1896 2155 1950 cogno-

548 1985 734 2027 mento
781 1971 1059 2037 Carcaria,
1119 1973 1278 2028 unius
1310 1973 1418 2029 diei
1466 1974 1663 2029 itinere
1713 1975 1781 2031 ab
1810 1978 1945 2032 urbe
1996 1976 2156 2032 Petra

554 2066 791 2121 distans.

622 2156 850 2220 (ἶληιυη,
893 2158 1094 2212 civitas
1122 2157 1255 2225 Jair,
1290 2161 1344 2214 in
1377 2176 1481 2230 qua
1523 2170 1579 2216 et
1607 2162 1853 2232 sepultus
1898 2171 2005 2230 est,
2034 2178 2157 2220 cum

550 2250 785 2320 primum
813 2249 1114 2319 judicasset
1138 2252 1391 2321 populum
1424 2253 1610 2307 Israel.
1630 2254 1949 2324 Appellatur
1976 2268 2159 2313 autem

552 2338 821 2409 hodieque
852 2342 1004 2394 vit-us
1027 2338 1277 2407 Cimona,
1307 2343 1359 2395 in
1390 2356 1586 2412 eampo
1611 2344 1879 2399 latissimo
1908 2363 2006 2401 sex
2039 2348 2161 2402 Inil-

550 2434 695 2487 libus
722 2449 751 2485 a
783 2433 1016 2503 Lt-gione
1046 2433 1114 2487 ad
1153 2436 1640 2505 septentrionalem
1675 2439 1885 2509 plagam
1928 2455 2162 2511 pergen-

548 2528 695 2582 tibus
730 2528 1146 2584 Ptolemaidem.

623 2619 809 2687 Cison,
845 2629 1081 2684 ιιιιτριις,
1107 2621 1260 2690 juxta
1315 2632 1554 2679 montem
1586 2623 1841 2679 Tltabor:
1901 2625 1991 2681 ubi
2031 2641 2159 2682 con-

550 2720 631 2767 tra
662 2713 902 2769 Sisaratn
930 2715 1247 2771 dimicatum
1278 2729 1381 2772 ρει.

616 2804 880 2870 (Ιιιάοιηὶ,
939 2816 1154 2863 torrens
1182 2852 1198 2875 ,
1245 2808 1402 2879 juxta
1452 2826 1614 2880 quem
1661 2810 1911 2866 chbora
1957 2812 2157 2867 bellum

550 2896 745 2963 gessit.

614 2981 795 3039 Ctnlas
833 2986 1151 3046 Titanorum
1199 2993 1285 3062 (id
1319 3004 1405 3050 est
1433 2995 1591 3050 vallis
1643 2993 2009 3068 Gigantum),
2067 3000 2160 3055 ad-

548 3092 747 3133 versus
777 3095 915 3149 quos
946 3085 1221 3151 pradiatus
1250 3097 1335 3141 est
1366 3087 1559 3142 David.

2261 1890 2501 1945 Zalntlou
2527 1904 2579 1946 et
2605 1891 2977 1961 Neplttltalim.

2264 1987 2548 2058 Hucusque
2588 2007 2678 2062 per
2704 1990 2745 2046 C
2772 1993 3023 2058 litteram,
3055 1993 3111 2047 id
3139 2004 3217 2049 est
3244 1994 3476 2049 Graecum
3498 2011 3673 2053 merx
3703 1998 3876 2069 legere

2334 2084 2577 2138 debemus
2620 2100 2638 2138 :
2682 2085 2872 2140 exinde
2897 2102 2988 2157 per
3009 2087 3314 2141 elementum
3341 2104 3428 2143 cut
3459 2130 3473 2152 ,
3505 2092 3646 2158 quod
3670 2091 3875 2162 aspira—

2338 2177 2529 2231 tionem
2570 2178 2625 2231 in
2659 2194 2716 2233 se
2742 2180 2993 2246 continet,
3022 2190 3069 2236 et
3095 2198 3125 2234 a
3156 2182 3359 2237 Latinis
3388 2183 3597 2239 minime
3623 2184 3867 2253 habetur,

2335 2270 2662 2324 scribendum
2690 2271 2885 2338 pariter
2920 2288 2980 2325 ac
3010 2271 3305 2344 Irgendum.

2869 2408 2955 2463 DE
2994 2408 3269 2467 GENESI.

2338 2554 2359 2580 θ
2391 2543 2705 2612 Cbalanne,
2747 2543 2940 2600 civitas
2973 2547 3124 2618 regni
3154 2546 3389 2604 Nemrod
3442 2549 3496 2604 in
3542 2548 3815 2623 Babylone
3847 2567 3860 2604 :

2262 2634 2419 2705 cujus
2476 2646 2525 2690 et
2574 2636 2744 2693 l~aias
2795 2639 3085 2707 meminit,
3134 2640 3322 2697 dicens
3356 2640 3422 2696 Et
3457 2639 3742 2712 Chalanne,
3779 2642 3866 2699 ubi

2265 2729 2426 2782 turris
2455 2729 2741 2799 wdiﬁrata.

2335 2821 2595 2891 Chalach,
2633 2825 2760 2880 urbs
2788 2824 3161 2898 Assyriorum,
3190 2842 3353 2899 quam
3382 2828 3677 2885 aediﬁcavit
3700 2832 3866 2887 Assur

2265 2916 2553 2985 egrediens
2590 2916 2659 2973 de
2694 2930 2838 2974 terra
2867 2924 3133 2976 Sennaar.

2335 3005 2577 3062 Cltartau
2601 3051 2617 3075 ,
2660 3012 2852 3066 civitas
2904 3011 3310 3082 MeSOpotamizc
3345 3015 3520 3082 (trans
3556 3015 3870 3090 Edessam),

2264 3117 2386 3173 qua:
2416 3119 2587 3174 usque
2610 3104 2775 3161 hodie
2804 3106 3010 3161 Charra
3071 3108 3271 3164 dicitur
3330 3110 3441 3180 (ubi
3479 3111 3758 3170 Romanus
3784 3122 3873 3171 est

615 3172 965 3243 Clauthmon,
994 3176 1047 3231 id
1076 3188 1181 3246 est,
1208 3180 1432 3238 ﬂetuum
1460 3183 1636 3249 locus,
1662 3184 1927 3254 aplanctu
1957 3202 2154 3245 nomen
2184 3200 2230 3262 ρ
2262 3172 2437 3252 caesus
2465 3172 2764 3263 exercitus,
2794 3208 2851 3254 et
2887 3200 3118 3256 Crassus
3146 3200 3255 3256 dux
3289 3205 3529 3275 captus).

546 3266 839 3337 accipiens.

943 3361 1030 3417 DE
1072 3362 1456 3422 REGNORUM
1497 3367 1735 3425 LlBRlS.

619 3453 772 3513 Ceni.
802 3454 951 3525 regio
986 3456 1296 3513 Pliilistiint.

615 3546 920 3609 Carmelus.
958 3548 1048 3603 ubi
1078 3547 1247 3602 Nabal
1277 3550 1549 3619 quondam
1578 3551 1884 3612 Cat-melius
1913 3558 2012 3613 fuit
2041 3601 2056 3624 ,
2097 3571 2152 3617 et

548 3655 692 3695 nunc
722 3640 846 3694 vdla
895 3651 978 3694 est
1030 3639 1314 3697 Chermela
1345 3644 1588 3709 nomine,
1620 3645 1674 3700 in
1719 3648 1935 3703 decimo
1972 3651 2151 3721 lapide

542 3732 724 3801 οιηείὼ
755 3733 1033 3796 Chebron,
1072 3750 1304 3805 vergens
1332 3738 1397 3790 ad
1427 3738 1749 3796 orientalem
1788 3742 2022 3815 plagam,
2060 3746 2150 3801 ubi

542 3835 599 3881 et
628 3825 935 3883 Romanum
968 3829 1277 3900 praesidium
1309 3831 1543 3901 positum
1572 3842 1677 3888 est.

615 4015 850 4081 Cedron,
908 4017 1214 4086 appellatur
1252 4028 1489 4083 torrens,
1539 4021 1659 4076 sive
1709 4023 1867 4078 vallis
1906 4025 2144 4095 Cedron,

536 4107 691 4177 juxta
739 4109 1039 4164 Jerusalem
1077 4110 1174 4179 (ad
1219 4111 1543 4167 orientalem
1586 4113 1851 4185 plagam:
1903 4118 2061 4188 cujus
2091 4130 2145 4176 et

542 4199 782 4257 Joannes
816 4202 1157 4273 Evangelista
1185 4204 1426 4258 meminit
1452 4203 1493 4276 ).

614 4293 824 4362 Cyrene
872 4294 958 4366 (in
990 4295 1187 4349 ﬁnibus
1216 4294 1491 4369 Egypti),
1522 4298 1588 4351 ad
1618 4314 1778 4369 quem
1833 4301 2010 4357 locum
2039 4318 2139 4359 rex

538 4384 886 4454 Assyriorum
917 4388 1186 4442 transtulit
1217 4392 1604 4446 Damascenos.

620 4470 780 4547 190
803 4478 935 4541 Coa,
965 4495 1086 4548 qua)
1112 4491 1195 4535 est
1231 4482 1393 4549 juxta
1422 4482 1738 4555 IEgyplum.

2329 3289 2609 3355 Chebron,
2642 3307 2762 3361 qua:
2799 3292 3077 3361 qu0ndam
3124 3294 3503 3363 appellabatur
3533 3296 3679 3354 Arbe
3716 3297 3872 3370 (licet

2254 3382 2395 3436 male
2423 3382 2475 3438 itt
2503 3382 2712 3439 Grazcis
2743 3385 3021 3440 codicibus
3058 3385 3323 3442 habeatur
3366 3388 3548 3444 Arboe
3590 3406 3604 3443 :
3636 3394 3781 3445 cond
3807 3400 3865 3446 ta

2260 3485 2346 3530 est
2395 3486 2576 3531 autem
2622 3486 2750 3533 ante
2801 3488 3011 3548 septi-tn
3062 3496 3277 3542 annos.
3323 3497 3482 3552 quam
3527 3482 3699 3538 'l'anis
3741 3486 3871 3541 urbs

2255 3567 2476 3640 Egypti
2507 3571 2859 3627 conderetur.
2906 3572 3154 3628 Diximus
3188 3574 3256 3629 de
3285 3573 3387 3629 Itac
3419 3586 3474 3630 et
3515 3592 3702 3647 supra.
3746 3576 3873 3635 Fuit

2256 3678 2436 3719 autem
2470 3665 2789 3733 metropolis
2814 3666 3035 3722 Euacim
3060 3667 3220 3740 (quos
3257 3669 3504 3740 gigantes
3539 3679 3594 3725 et
3615 3679 3871 3741 potentes

2256 3755 2565 3825 intelligere
2591 3757 2907 3829 debemus).

2316 3846 2633 3913 Chohaa,ad
2652 3851 2840 3906 laevam
2859 3863 3066 3922 partem
3086 3854 3651 3913 Damasci.Estautem
3667 3860 3868 3916 etvilla

2253 3938 2503 4009 Chobaa,
2530 3942 2583 3996 iu
2618 3942 2814 3999 iisdem
2852 3946 3005 4018 191
3038 3947 3376 4014 regionibus,
3410 3949 3621 4006 bibens
3648 3952 3869 4009 accolas

2257 4032 2542 4101 llebrmos,
2574 4035 2667 4104 qui
2697 4038 2989 4093 credentes
3035 4037 3092 4091 in
3137 4037 3414 4094 Christum
3466 4042 3682 4113 (omnia
3727 4045 3867 4117 legis

2249 4142 2520 4196 praecepta
2575 4130 2916 4185 custodiunt.
2968 4131 3034 4186 Et
3081 4149 3111 4186 a
3164 4132 3192 4169 ά
3232 4135 3480 4205 principe
3548 4137 3860 4210 bzereseos)

2247 4218 2541 4277 Ἐϐιωνῖται
2569 4221 2587 4292 (
2615 4220 2903 4293 Εὑίοηὶιω)
2938 4236 3344 4295 nuncupantur.
3380 4229 3627 4300 (Contra
3675 4233 3864 4290 istius-

2248 4313 2395 4367 modi
2420 4315 2618 4383 dogma
2651 4315 2851 4372 Paulus
2879 4319 3175 4387 Apostolus
3202 4320 3394 4376 scribit
3414 4323 3481 4377 ad
3510 4323 3784 4394 Galatas.)

2318 4405 2822 4480 Clt.tltratha.quod
2868 4410 3263 4480 interpretatur
3299 4416 3495 4485 Aquila
3543 4418 3656 4473 καθ’
3706 4418 3858 4489 ὁδὸν,

2245 4497 2297 4551 id
2329 4506 2444 4564 est,
2470 4500 2623 4570 juxta
2656 4506 2821 4569 viam,
2849 4520 2971 4573 qua:
2999 4504 3152 4559 ducit
3182 4505 3236 4560 in
3268 4506 3600 4576 Epltrata,id
3629 4524 3716 4565 est
3746 4512 3857 4570 Be-

614 4569 960 4636 Carcbedon,
988 4573 1042 4626 id
1068 4587 1151 4628 εει
1188 4572 1461 4647 Carthago
1494 4594 1507 4631 :
1541 4577 1697 4649 cujus
1726 4578 1893 4637 Isaias
1921 4590 1977 4637 et
2002 4581 2135 4642 Eze-
2163 4581 2218 4641 D
2244 4569 2483 4648 tbleemt
2532 4593 2621 4648 ubi
2663 4569 3019 4651 Rachelvcum
3051 4569 3333 4668 Benjamin
3380 4569 3712 4673 peperisset,
3761 4569 3859 4663 oc-

606 4786 632 4814 η
661 4776 726 4831 1η
758 4777 928 4833 Libris
950 4777 1329 4836 IIebraicat-nm
1359 4783 1737 4851 Quintianum.
1762 4786 1880 4842 Non
1910 4798 2133 4846 exstant

529 4849 840 4927 ltnjusunuli
873 4853 1219 4927 quaestiones
1244 4849 1544 4920 llchraitae,
1573 4873 1672 4911 nec
1693 4859 1814 4913 alia:
1842 4876 1964 4927 qum
1993 4863 2131 4917 infra

531 4923 769 4997 citantur
803 4925 852 4975 in
886 4923 1076 4997 Libros
1105 4925 1292 4989 Josue,
1321 4928 1547 4997 lit-gum.
1580 4937 1638 4983 et
1664 4930 1787 4983 Joh.
1853 4923 2127 4989 MARHAN.

602 4991 629 5030 δ
668 4993 891 5049 Videtur
919 4996 986 5048 de
1029 4998 1110 5049 sui
1161 4991 1427 5064 tempori;
1471 5002 1883 5056 notnettclatura
1921 5002 2129 5058 intelli-

528 5079 681 5138 gere,
705 5082 827 5119 nam
852 5068 995 5138 regio
1020 5067 1433 5129 Ustracinorum,
1464 5086 1568 5123 non
1595 5069 1976 5126 Saracenarum
1998 5075 2127 5131 olim

529 5135 678 5190 diua
730 5148 836 5188 est.
888 5135 949 5189 lit
1022 5151 1242 5191 sanctus
1292 5138 1510 5203 quidem
1565 5142 1799 5197 lltlartus
1859 5145 2016 5198 Com.
2072 5150 2125 5203 in

527 5205 733 5281 Psalut.
767 5220 912 5273 cxtx,
936 5207 1222 5281 Usta-acinis
1250 5211 1683 5281 attt-ibuit.addit
1711 5225 1915 5281 tamen,
1939 5216 1992 5270 Ιιί
2014 5230 2132 5272 sunt

530 5293 670 5332 nunc
699 5278 947 5331 Saraceni
974 5280 1281 5346 nuncupati.

605 5358 627 5386 ο
662 5347 950 5412 (Ἅι-νίψῃς,
990 5349 1071 5402 ubi
1108 5352 1266 5403 turris
1303 5350 1563 5419 azdiﬁcata
1590 5362 1685 5409 est.
1726 5354 1851 5409 "me
1877 5357 2133 5419 leguntur

529 5420 671 5482 apud
699 5419 862 5479 LXX.
898 5420 1021 5472 Isai.
1048 5436 1101 5481 Χ,
1134 5424 1181 5474 υν
1218 5420 1273 5475 lt
1312 5421 1538 5490 Vulgata
1577 5423 1765 5479 Latina
1797 5429 1999 5483 dicitur
2029 5428 2130 5484 Ca-

529 5490 675 5570 (Iano:
722 5493 1048 5570 sed_t_tn-lius
1094 5492 1146 5546 itt
1190 5493 1309 5547 Div.
1351 5492 1689 5549 Bibliotheca
1720 5499 1779 5551 S.
1814 5496 2133 5570 Hieronymi

530 5558 788 5614 Clmlano.
821 5564 1091 5618 MABTIAN.

603 5639 629 5664 ⁸
653 5630 795 5685 ΝἰιιίΙ
829 5637 1093 5707 rjus‘tnodi
1126 5635 1392 5691 Eusebius
1413 5636 1482 5693 de
1501 5635 1713 5692 Ehione
1743 5640 1986 5707 principe
2015 5641 2129 5699 lue-

525 5704 954 5781 r’eieus‘tratltt;
1006 5716 1169 5776 atque
1215 5719 1297 5762 est
1320 5724 1509 5765 revera
1548 5704 1768 5777 propius
1818 5714 1884 5766 uti
1924 5704 2119 5781 ﬁdem,

518 5764 805 5823 Ebiouitas
835 5788 864 5825 a
891 5764 1069 5829 sensus
1083 5764 1396 5845 'paunertate
1415 5764 1883 5851 appellat'ois,‘n0ti
1911 5764 2115 5855 {quoi

2242 4794 2368 4880 dam
2407 4795 2615 4880 Ehione
2645 4801 2930 4880 magistro.
2954 4802 3332 4880 ﬂieronymus
3370 4822 3495 4864 cum
3543 4808 3855 4880 Epiphanio

2243 4865 2395 4950 facit.
2424 4870 2517 4951 «ψί
2566 4865 2840 4927 hominem
2889 4865 3193 4951 arbitratus
3226 4889 3332 4944 est,
3385 4882 3470 4935 cui
3527 4865 3693 4935 Eliio'n
3728 4865 3852 4951 pro;

2240 4940 2412 5009 prium
2441 4939 2539 5026 hoc
2567 4952 2677 5025 erat
2710 4960 2893 5026 nomen
2920 4962 3022 5026 non
3043 4948 3155 5026 sine
3178 4939 3420 5026 vaticinia
3450 4960 3623 5005 tamen
3645 4939 3849 5026 aliaue,

2239 5025 2342 5079 quo
2364 5011 2631 5091 mendicus
2654 5013 2936 5091 ivtfeiixque
2963 5017 3077 5086 fore
3096 5021 3505 5089 signiﬁcaretur,
3529 5040 3647 5077 cum
3683 5041 3717 5077 a

2239 5082 2466 5163 rent-ibus
2497 5083 2549 5135 id
2576 5082 3293 5163 nominisaccepissetfvnl.
3347 5110 3467 5163 qum
3490 5082 3847 5155 'aunomlnus

2240 5152 2305 5232 i_n_
2330 5149 2490 5232 .laaize
2528 5165 2692 5221 caput
2729 5149 2998 5232 primum.
3043 5163 3161 5217 Jatn
3207 5178 3335 5218 vero
3365 5149 3620 5231 'Chobaa,
3666 5149 3842 5232 ipsum

2240 5220 2618 5305 Ehio'nitarutu
2648 5226 2858 5305 sedem,
2891 5230 3033 5305 idem
3067 5233 3399 5302 Epiphanius
3427 5220 3627 5290 (ἰοθαὺὲ
3656 5220 3763 5305 app
3791 5220 3846 5295 λζ

2239 5292 2332 5376 lat.
2370 5291 2600 5376 Ill-p.790
2621 5297 3075 5376 quodamﬂocabe
3108 5291 3182 5376 in:
3201 5313 3407 5376 rrgr‘one
3437 5291 3842 5365 Carnaimorum

2239 5366 2473 5447 ét'ttetni,
2522 5366 2566 5418 et
2599 5366 3052 5447 Astﬁat'othttrum,
3078 5384 3123 5427 et
3147 5366 3464 5431 Busanitidis
3500 5387 3693 5447 tractu,
3728 5394 3836 5439 etc.

2236 5432 2347 5520 ideo
2382 5440 2813 5520 chorogt'._tpltica
2856 5432 3154 5520 descriptio
3194 5432 3708 5520 abliiertmymiana
3743 5432 3838 5507 ab:

2236 5504 2414 5583 ludit;
2467 5504 2737 5583 siquidem
2787 5526 2906 5567 erat
2950 5504 3082 5569 illud
3133 5519 3389 5583 Oppidum
3430 5504 3707 5576 initia-iniu
3737 5504 3839 5575 1)ξέ-

2238 5580 2405 5659 [nasci
2435 5580 2509 5659 διά⁵
2531 5582 2746 5659 tertium
2788 5595 3107 5659 ttltnrttttttve
3139 5580 3391 5657 lallltlmll.
3439 5590 3708 5655 Etlti~ius.
3741 5599 3833 5659 (μιί

2235 5651 2337 5703 sub
2367 5651 2587 5725 nomine
2616 5652 2923 5725 (lettgraplti
2971 5651 3262 5713 Nuhieusis
3305 5662 3450 5715 venit
3481 5666 3547 5715 ad
3584 5651 3830 5724 llamaSci

2231 5734 2423 5790 pagos,
2454 5722 2642 5789 refert,
2674 5722 2939 5796 vocatuue
2965 5725 3228 5797 Caucaba,
3251 5740 3305 5786 et
3334 5733 3470 5790 alias
3498 5731 3733 5790 Caucab.
