4042 6280
123 318 225 376 889

1228 316 1436 374 LIBER
1474 311 1564 373 DE
1601 312 1756 375 SITU
1796 317 1885 375 ET
1924 317 2312 376 NOMINIBUS.

3316 318 3425 376 890

124 434 331 492 cubuit.
370 434 547 505 Super
580 436 684 491 hoc
729 435 896 491 verbo
923 433 1053 517 quid
1098 434 1260 490 nobis
1302 434 1571 500 videatur,
1603 435 1628 463 “
1660 434 1714 490 in
1743 436 1797 498 Α
1890 434 2132 501 Chobar,
2170 434 2370 491 ﬂumen
2404 435 2782 509 Babylonium,
2815 436 2952 492 sicut
2973 435 3025 492 in
3050 436 3326 493 Ezechiel.

121 526 277 585 libris
304 529 695 585 Hetiraicarum
727 528 1099 598 Quirstiunum
1130 528 1391 585 diximus.

190 619 419 687 Cliazhi,
470 621 562 675 ubi
602 621 850 691 geminos
893 619 1047 675 Juda:
1096 620 1240 675 tilios
1266 621 1501 677 'Ibamar
1520 619 1709 677 edidit.

118 709 440 769 Ostenditur
463 726 645 769 autem
672 728 814 769 nunc
844 714 993 769 locus
1015 716 1264 769 desertus
1287 714 1439 785 juxm
1466 714 1713 769 Odolnam

122 807 173 863 in
197 807 397 862 ﬁnibus
427 808 936 879 Eleutheropoleos.
972 808 1049 864 De
1076 809 1180 865 hoc
1222 824 1439 881 quoque
1470 810 1523 864 in
1559 808 1713 865 libris

122 899 508 957 llcbraiearum
532 901 905 970 Qumstionum
934 903 1148 974 plenius
1178 903 1511 975 diSputatnm
1534 914 1640 959 est.

320 1018 407 1073 DE
446 1016 759 1075 NUSIEBIS
800 1018 885 1074 ET
942 1018 1509 1076 DEUTERONUMIO.

185 1131 424 1194 Church.
450 1146 606 1187 mons
638 1133 728 1188 Dei
761 1137 814 1187 in
856 1132 1080 1199 regimie
1107 1132 1344 1195 Madian,
1373 1132 1526 1202 juxta
1557 1146 1711 1187 mon-

116 1234 221 1280 tem
255 1226 386 1281 Sina
428 1241 593 1296 super
622 1225 877 1281 Arabiam
934 1227 987 1280 in
1035 1225 1254 1281 deserto
1312 1226 1420 1295 (cui
1462 1226 1712 1298 jungitur

114 1333 270 1373 Inous
296 1330 350 1373 ct
378 1318 657 1375 desertum
687 1318 1109 1383 Saracenorum,
1147 1319 1292 1389 quod
1319 1329 1543 1373 vocatur
1570 1317 1713 1373 [’ha-

110 1428 233 1467 ran.
294 1412 428 1467 Mihi
482 1422 661 1468 autem
720 1412 977 1477 \idetur,
1042 1413 1185 1481 quod
1239 1412 1438 1483 duplici
1490 1414 1709 1471 nomine

110 1502 254 1560 idem
279 1520 460 1571 mons,
494 1520 637 1561 nunc
664 1505 835 1572 Sinai,
863 1520 1008 1560 nunc
1032 1505 1253 1562 Choreb
1276 1504 1547 1577 vocetur).

180 1597 459 1664 Charada,
486 1609 661 1655 eastra
696 1598 931 1655 ﬁliorum
972 1597 1161 1655 Israel.

175 1691 550 1758 Clienncrelh,
603 1710 753 1749 mare
803 1695 893 1750 ubi
942 1705 1028 1750 est
1079 1694 1281 1750 Judmac
1340 1694 1604 1751 terminus
1651 1694 1705 1752 in

105 1786 248 1842 tribu
269 1787 643 1856 Nephrhalim.
664 1788 795 1861 (Sed
824 1788 1153 1860 etoppidum
1182 1789 1326 1860 quod
1354 1790 1408 1844 in
1441 1792 1702 1846 honorem
1736 1828 1784 1889 Β

106 1894 294 1950 postea
340 1881 544 1935 Tiberii
590 1881 843 1947 (la-satis,
874 1880 1116 1937 Herodes
1153 1898 1248 1937 rex
1274 1882 1474 1938 Judzra:
1501 1884 1707 1938 instau-

104 1984 283 2027 ratum
329 1974 624 2044 appellavit
682 1973 1064 2045 Tyberiadem,
1100 1975 1282 2029 ferunt
1325 1973 1430 2029 hoc
1469 1974 1702 2044 primum

105 2067 437 2141 appellatum
471 2067 741 2137 nomine.)

623 2183 711 2238 DE
757 2181 962 2237 LIBRO
1007 2182 1195 2239 JESU.

168 2277 477 2348 Chephira,
508 2277 661 2332 vicus
685 2275 751 2331 ad
774 2276 1052 2332 civitatem
1082 2275 1362 2347 pertinens
1391 2274 1613 2331 Gabaon
1646 2276 1702 2332 in

104 2373 241 2427 tribu
271 2372 581 2440 Benjamin.

169 2465 450 2520 Cha~alon
479 2506 493 2531 ,
526 2465 581 2519 in
630 2463 772 2521 tribu
803 2463 964 2531 Juda,
994 2474 1048 2522 et
1079 2466 1133 2521 in
1159 2463 1357 2521 ﬁnibus
1388 2463 1547 2521 IElia‘.
1573 2463 1700 2520 villa

107 2559 462 2630 praegrandis.

169 2652 366 2718 Cliisil,
391 2652 448 2707 in
483 2651 626 2707 tribu
654 2650 815 2707 Juda.

169 2746 413 2802 Chabon.
453 2747 506 2801 in
537 2747 678 2801 tribu
701 2745 858 2802 Juda.

176 2838 332 2912 194
355 2837 649 2910 Chaplitis,
680 2840 731 2893 in
774 2838 916 2892 tribu
958 2837 1113 2893 Juda.

168 2932 441 3001 Chermel,
482 2932 624 2988 unde
649 2932 820 2988 Nabal
855 2931 1195 2988 Charmelius
1223 2931 1354 2999 fuit,
1400 2933 1468 2989 de
1508 2948 1615 3005 qua
1646 2942 1699 2990 et

103 3037 255 3097 supra
286 3025 496 3081 dictum
521 3036 623 3082 est.

168 3211 376 3279 Chilon,
408 3212 472 3267 in
508 3213 648 3268 tribu
676 3211 834 3268 Juda.

164 3303 418 3374 Cliephri,
464 3307 516 3361 in
540 3307 680 3361 tribu
710 3306 1011 3376 Benjamin.

165 3396 485 3455 Cliasselatli
517 3399 557 3453 Τ
564 3399 755 3466 habor,
798 3401 850 3453 in
898 3399 1037 3454 tribu
1077 3398 1338 3454 Zahulon.

492 3512 582 3568 DE
627 3512 1002 3570 HEGNORUH
1049 3513 1297 3570 LIBRIS.

160 3602 490 3673 Chetthiim,
516 3616 657 3662 terra
687 3608 1228 3681 Chetthiim,Cyprus
1256 3608 1477 3674 dicitur,
1502 3610 1555 3665 in
1585 3626 1692 3679 qua

98 3693 356 3755 civitatem
385 3701 644 3756 condidit
669 3699 833 3755 Luza.
872 3700 1027 3773 (Nam
1057 3712 1109 3756 et
1139 3701 1266 3756 urbs
1292 3700 1562 3772 hodieque
1584 3702 1695 3774 Cy-

98 3790 378 3856 pricitttum
411 3793 819 3864 nuncupatur.)

159 3883 366 3957 Cbarri,
398 3885 479 3943 ad
526 3903 685 3956 quem
717 3890 894 3944 locum
938 3896 1259 3959 persecutus
1308 3897 1394 3945 est
1420 3889 1560 3945 Joab
1606 3905 1693 3946 res

97 3991 253 4033 novas
298 3982 620 4039 ιιιιιιίεςιιιειη
657 3982 855 4038 Sabee.

159 4072 497 4142 Chomariul,
530 4076 619 4130 ubi
638 4076 813 4130 losias
842 4076 1127 4134 simulacra
1156 4081 1477 4137 combussit.

159 4162 443 4237 Ctialattue,
506 4169 599 4223 ubi
646 4169 810 4224 turris
850 4170 1113 4226 mditicata
1162 4180 1266 4239 est,
1303 4175 1458 4242 juxta
1495 4171 1689 4231 lsiiiam

100 4255 254 4327 (sicut
281 4277 442 4331 supra
472 4261 755 4332 diximus).

170 4352 442 4422 (tltiarran,
470 4355 664 4410 civitas
690 4354 1033 4426 As~yriorum
1060 4355 1117 4409 in
1144 4356 1365 4426 regione
1394 4356 1685 4426 Themarb,

97 4440 242 4511 jux!a
284 4446 525 4519 ls;-iam.)

170 4538 501 4609 Cltaselath,
550 4540 698 4611 juxta
751 4541 1007 4611 ThabOr,
1066 4544 1331 4601 terminus
1396 4545 1684 4605 Zabulon:

101 4627 328 4687 diximus
353 4636 420 4689 de
449 4650 511 4689 ea
543 4642 599 4690 et
627 4650 787 4706 supra
829 4637 929 4691 sub
975 4638 1196 4693 nomine
1224 4639 1503 4696 Chasalus.

167 4728 390 4797 Chabol,
426 4733 687 4788 terminus
732 4737 897 4790 Aser.

166 4819 389 4891 Chalah,
412 4823 480 4880 de
505 4826 604 4882 hac
646 4826 887 4884 cultores
916 4828 1177 4898 pristinos
1214 4829 1355 4886 Aser
1381 4844 1488 4886 non
1516 4831 1685 4888 valuit

102 4920 391 4989 expellere.

167 5011 426 5083 Cliurath,
462 5026 677 5073 torrens
717 5029 866 5073 trans
901 5018 1194 5075 Iordanem
1222 5020 1427 5091 (inquo
1454 5022 1688 5078 abscon-

103 5102 238 5160 ditus
267 5118 348 5161 est
378 5107 549 5178 Elias,
574 5128 606 5165 e
640 5112 867 5183 regione
895 5114 1141 5179 ejusdem
1192 5113 1474 5188 “Ullllﬂla).

168 5198 396 5266 Chotha,
426 5204 574 5274 regio
588 5204 961 5277 Assyriorum.

168 5334 284 5417 ’ςή
306 5337 474 5417 Lib-ris
496 5341 548 5396 11
555 5344 870 5417 abrupit-arum
896 5345 1274 5411 Q'ueslionum.
1300 5348 1374 5406 De
1388 5348 1684 5405 Chobi-athe

102 5415 147 5457 et
171 5406 355 5463 Chasbt'
380 5411 622 5484 disputat.
641 5416 860 5471 Hieron.
889 5406 1438 5484 Elllrtthlm~litlﬂltllt
1461 5420 1684 5477 llehrai—

99 5488 275 5533 earum
307 5483 359 5535 in
388 5481 669 5542 Genesim.
697 5486 913 5544 Videsis
940 5500 1066 5554 post
1092 5481 1313 5613 ὶίῡιἮιι
1346 5489 1635 5547 Locorum.

1288 5576 1504 5613 ARTIAN.

1232 5560 1504 5617 Murrum.

164 5615 194 5700 ξ
218 5616 291 5695 Ita
321 5621 370 5675 in
400 5624 813 5700 Ouzlfstionibus
846 5632 897 5686 in
915 5631 1112 5687 Cenes.
1134 5646 1237 5699 cap
1269 5615 1393 5687 xiv:
1426 5615 1566 5697 Dan,
1600 5635 1685 5688 in-

94 5698 222 5774 quit.
253 5708 388 5774 unus
423 5711 452 5748 e
488 5698 725 5763 fontibus
752 5713 827 5755 est
848 5705 1121 5769 Iordanis;
1148 5698 1267 5757 nam
1320 5706 1451 5758 alter
1476 5716 1685 5759 vocatur

95 5755 207 5850 for,
373 5755 746 5850 interpretatur
757 5755 982 5850 saepe»,
1002 5755 1057 5850 id
1076 5755 1175 5850 es},

93 5841 459 5891 annotavimus
486 5841 555 5896 in
579 5841 768 5915 epistﬁ
794 5841 883 5912 78',
919 5846 984 5900 ad
1010 5843 1248 5909 Fabiol.,
1281 5863 1458 5903 mans.
1490 5841 1589 5907 H.-
1616 5864 1680 5903 ac

1715 4619 1768 4679 D

1887 528 2262 595 Charchamis,
2301 529 2495 586 riiitas
2529 530 2682 600 juxta
2726 531 2929 586 ﬂumen
2979 530 3317 601 Euphraten.

1884 625 2204 695 Cliatnoam,
2236 627 2422 683 villula
2457 627 2610 698 juxta
2649 627 2955 684 Bethleem.

1884 720 2131 789 Chalou,
2161 738 2284 793 quae
2308 733 2363 777 et
2385 721 2580 787 Ealon,
2613 722 2870 793 oppidum
2902 722 3061 779 Moab
3088 723 3233 779 sicut
3260 719 3314 776 in
3335 719 3429 777 Je-

1815 817 1984 872 remia
2026 817 2307 872 scribitur.

1884 907 2140 980 Ctiamos,
2166 911 2371 967 idolum
2407 912 2586 968 Moab.

2330 1004 2421 1060 DE
2465 1003 2898 1061 EVANGELIIS.

1882 1097 2205 1165 Cborozain,
2237 1100 2494 1171 oppidum
2529 1099 2770 1168 Galileaz,
2808 1097 2955 1170 quod
2978 1096 3230 1153 Christus
3258 1111 3423 1168 prop-

1812 1200 1895 1246 ter
1923 1192 2356 1248 incredulitatem
2400 1193 2786 1249 miserabiliter
2831 1192 3081 1262 deplorat
3107 1200 3161 1244 et
3194 1189 3422 1261 plan-git.

1812 1283 1909 1339 Est
1950 1293 2129 1340 autem
2162 1302 2305 1343 nunc
2342 1286 2622 1344 desertum
2673 1286 2728 1340 in
2763 1287 3008 1341 secundo
3042 1283 3221 1356 lapide
3258 1300 3287 1338 a
3317 1284 3423 1339 Ca-

1812 1376 2132 1446 pharuaum.

1882 1468 2221 1537 Chitnarrus,
2269 1472 2323 1526 id
2351 1483 2459 1537 εει,
2502 1481 2717 1528 torrens
2761 1470 2978 1526 Cedron
3024 1470 3093 1525 de
3127 1469 3283 1542 195
3310 1483 3419 1539 quo

1809 1572 1865 1618 et
1884 1578 2044 1634 supra
2067 1564 2329 1633 diximus,
2357 1567 2500 1622 inter
2523 1577 2760 1621 montem
2774 1565 2967 1622 Oliveti
2996 1572 3055 1619 et
3081 1563 3415 1630 Jerusalem,

1810 1659 1899 1714 ubi
1928 1658 2215 1716 Dominum
2234 1660 2575 1717 Salvatorem
2598 1660 2843 1716 Joannes
2870 1659 3206 1731 evangelista
3232 1666 3420 1713 narrat

1811 1752 2088 1808 traditum.

2207 1849 2294 1905 DE
2356 1849 2563 1905 LIBRO
2628 1848 3013 1907 GENESEOS.

1885 1942 2100 2006 Dasem,
2133 1943 2263 1997 urbs
2292 1944 2641 2014 Assyriorum
2690 1944 2909 2011 nubilis,
2934 1956 3095 2013 quam
3144 1938 3416 1997 exstruxit

1811 2036 2010 2100 Assur,
2045 2036 2188 2089 inter
2226 2035 2454 2091 Niniven
2500 2046 2556 2090 et
2582 2034 2840 2090 Chalaeb.

1881 2129 2039 2200 Drys.
2093 2129 2145 2183 id
2188 2138 2306 2195 est,
2344 2145 2580 2199 querens
2635 2129 2911 2193 Mamhre,
2956 2128 3108 2199 juxta
3156 2126 3415 2183 Chebron

1809 2219 1955 2293 (qua:
1984 2235 2157 2290 usque
2185 2222 2252 2275 ad
2299 2230 2512 2276 :ctateni
2546 2222 2787 2275 infantia:
2818 2235 2975 2283 mem,
3003 2228 3059 2274 et
3107 2218 3418 2275 Constantii

1809 2316 1955 2385 regis
1983 2315 2301 2382 imperium,
2333 2313 2672 2369 terebinthus
2703 2313 3109 2369 monstrabatur
3139 2323 3415 2384 pervetus,

1807 2419 1861 2462 et
1891 2421 2066 2461 annos
2116 2407 2488 2475 magnitudine
2516 2406 2810 2479 iudicans).
2862 2406 2963 2462 sub
3001 2420 3107 2476 qua
3150 2405 3417 2460 habitavit

1806 2499 2104 2555 Abraham.
2134 2501 2296 2569 (Miro
2326 2508 2505 2555 autem
2533 2500 2682 2555 culttt
2730 2501 2798 2556 ab
2824 2500 3057 2555 ethnicis
3097 2497 3276 2553 habita
3305 2506 3415 2568 est,

1807 2601 1863 2648 et
1892 2594 2059 2647 veluti
2082 2594 2315 2664 quodam
2349 2594 2541 2665 insigni
2584 2594 2807 2649 numine
2835 2591 3201 2663 consecrata.)

1878 2685 2193 2755 Damascus,
2230 2686 2425 2741 nobilis
2477 2687 2607 2741 urbs
2656 2686 2955 2742 Pliwnicis.
2981 2685 3185 2741 Eodem
3214 2693 3395 2740 autem

1807 2777 2072 2832 vocabulo
2097 2786 2154 2831 et
2182 2779 2382 2843 Masec,
2430 2778 2645 2833 ancillae
2672 2778 2942 2833 Abraham
2976 2776 3138 2842 ﬁlius,
3167 2775 3411 2846 appella-

1804 2876 1890 2923 tus
1915 2879 2020 2924 est.
2042 2869 2238 2941 (Porro
2262 2871 2440 2926 Masec
2460 2871 2589 2941 quid
2628 2871 2733 2925 silli
2758 2870 2911 2935 velit,
2938 2870 2988 2923 in
3012 2869 3163 2924 libris
3186 2868 3418 2924 llehrai-

1801 2975 1985 3016 carum
2016 2962 2387 3031 Quaestionum
2413 2964 2624 3035 plenius
2643 2963 2949 3033 disputavi:
2982 2963 3069 3018 hic
3090 2973 3296 3017 tantum
3320 2944 3409 3017 in.-

1803 3056 2058 3125 terpretis
2083 3072 2202 3110 sum
2224 3059 2440 3111 functus
2459 3056 2664 3121 ofticio,
2682 3074 2787 3111 non
2812 3057 2953 3125 quod
2979 3055 3412 3111 ancillamAbra-

1803 3147 1886 3201 ha:
1922 3147 2102 3203 Masec
2144 3160 2531 3219 nuncupatam.
2568 3148 2843 3220 probem.)

1723 3222 1769 3286 C
1877 3238 2011 3304 Dan,
2053 3239 2266 3293 vit-olus
2304 3232 2386 3295 cSt
2436 3241 2488 3295 in
2528 3250 2722 3311 quarto
2770 3257 2798 3294 a
2856 3238 3107 3295 Paneade
3153 3239 3413 3296 milliaria

1804 3332 2061 3387 euntibus
2086 3331 2309 3405 Tyrum:
2347 3335 2436 3404 qui
2484 3350 2658 3405 usque
2691 3334 2855 3389 hodie
2896 3335 2976 3390 sic
3024 3344 3272 3400 vocatur,
3307 3342 3415 3389 trr-

1804 3424 1984 3478 minus
2030 3423 2232 3479 Judzcac
2271 3428 2562 3496 provincia:
2609 3438 2797 3482 contra
2852 3428 3309 3496 septentrionem,
3340 3426 3412 3481 de

1801 3532 1911 3587 quo
1938 3528 1993 3571 et
2020 3516 2271 3573 Jurdanis
2316 3519 2514 3575 nomen
2555 3535 2869 3585 erumpens.
2905 3520 2992 3592 (A
3020 3518 3139 3572 loco
3182 3523 3409 3571 sortitus

1803 3618 1886 3665 est
1920 3626 2151 3665 nomen:
2180 3608 2205 3648 ι)
2238 3610 2353 3676 JOr,
2386 3613 2585 3683 qnippe
2612 3613 2828 3687 ῥεῑθοον,
2864 3613 2913 3665 id
2946 3620 3029 3666 est
3057 3608 3301 3672 ﬂuvium,
3334 3608 3409 3663 si-

1800 3718 1867 3759 ve
1895 3702 2066 3758 rivum
2094 3704 2305 3759 Hebraei
2337 3706 2579 3775 vocant.)

1869 3796 2148 3863 Daunaba,
2200 3799 2392 3854 civitas
2445 3800 2625 3862 B.ilac.
2685 3800 2777 3856 tllii
2835 3800 2975 3855 Beor
3004 3800 3148 3869 regis
3201 3798 3398 3865 Edom,

1800 3898 1924 3960 po~t
1966 3908 2128 3961 quem
2173 3892 2421 3961 regnavit
2460 3892 2745 3964 Job(|ieet
2785 3893 2917 3947 mihi
2944 3893 3193 3947 videatur
3246 3892 3406 3963 longe

1797 3982 2002 4054 aliter),
2029 3994 2083 4039 et
2129 3996 2211 4039 est
2244 4001 2412 4056 usque
2451 3988 2613 4042 hodie
2642 3986 2773 4041 villa
2810 3987 3069 4053 Itaunaia,
3116 3986 3168 4040 in
3212 3996 3406 4041 octavo

1798 4074 2056 4129 inilliario
2083 4075 2426 4151 Ἀρεοπόλεως
2476 4079 2824 4148 pergentibus
2852 4089 2873 4116 ο
2906 4076 3208 4142 Arnonem;
3239 4089 3292 4133 et
3321 4079 3401 4133 al-

1798 4177 1911 4223 tera
1964 4169 2221 4225 Dannaba
2294 4186 2459 4244 super
2508 4186 2746 4228 montem
2796 4172 3009 4242 Pbogor
3062 4172 3114 4226 in
3173 4172 3406 4244 septimo

1796 4261 1972 4331 lapide
2013 4262 2205 4319 Eshus.

1865 4354 2141 4425 Dothaim,
2187 4357 2273 4413 tibi
2299 4358 2501 4414 invenit
2536 4357 2739 4426 Joseph
2785 4356 2986 4412 fratres
3028 4371 3158 4413 suos
3202 4373 3401 4430 pecora

1793 4460 2098 4519 pascentes,
2124 4452 2217 4522 qui
2245 4462 2300 4507 et
2323 4468 2493 4519 usque
2511 4450 2673 4505 hodie
2704 4446 2730 4487 ά
2762 4451 2815 4505 in
2844 4449 3135 4507 duodecim
3159 4474 3169 4496 -
3198 4452 3399 4507 millia-

1793 4542 1875 4598 rio
1897 4558 1927 4597 a
1956 4543 2205 4610 Sebaste,
2239 4555 2429 4600 contra
2474 4542 2767 4613 Aquilonis
2799 4542 3010 4614 plagam
3064 4543 3396 4601 ostenditur.

2011 4706 2100 4761 DE
2140 4705 2446 4763 NUMERIS
2486 4706 2576 4762 ET
2620 4704 3183 4764 DEUTERONOMIO.

1866 4842 2075 4907 Debon,
2098 4857 2217 4911 quae
2244 4852 2299 4896 et
2324 4841 2518 4906 Dibon,
2553 4842 2604 4896 in
2630 4841 2928 4896 solitudine
2955 4850 3135 4895 castra
3165 4840 3400 4894 ﬁliorum

1792 4934 1979 4990 Israel.
2017 4924 2111 4989 ESt
2141 4942 2320 4987 autem
2336 4942 2392 4987 et
2411 4934 2515 4987 alia
2549 4932 2742 4996 ltlbon,
2767 4932 2891 4986 villa
2922 4929 3255 5001 pra'grattdis
3283 4931 3404 4999 iux-

1792 5036 1841 5081 ta
1868 5026 2168 5093 Arnonem,
2202 5042 2320 5095 quae
2364 5042 2488 5081 cum
2523 5026 2674 5097 prius
2706 5026 2897 5080 fuisset
2945 5026 3177 5080 tiliorum
3209 5024 3388 5087 Moab,

1792 5129 1848 5176 et
1863 5131 1982 5189 post
2003 5136 2121 5174 eam
2140 5120 2283 5176 Seon
2302 5135 2397 5174 rex
2417 5118 3034 5192 Amorrhzeorumlgs
3048 5116 3172 5172 belli
3187 5118 3309 5184 jure
3322 5126 3402 5171 te-

1795 5215 2021 5280 nuisset,
2046 5230 2074 5267 a
2100 5213 2225 5269 ﬁliis
2246 5213 2406 5269 Israel
2428 5228 2583 5286 capta
2612 5222 2775 5284 atque
2799 5228 3074 5283 possessa,
3102 5212 3154 5267 in
3189 5223 3397 5282 partem

1792 5367 2007 5407 rursum
2036 5352 2471 5406 Commentarios
2501 5354 2554 5407 in
2588 5353 2783 5408 Ezecb.
2805 5368 2906 5423 cap
2928 5367 3111 5408 κινιιι.

1866 5434 1889 5462 ο
1922 5423 2117 5477 Mavult
2140 5424 2406 5479 Relandu~
2427 5425 2711 5490 Amanum,
2746 5440 2940 5493 nempe
2972 5423 3248 5491 regionem
3275 5436 3397 5491 quae

1788 5496 1856 5548 ab
1883 5496 2101 5549 Arnone
2132 5497 2297 5549 lluvio
2328 5512 2524 5549 nomen
2557 5498 2803 5549 sortitur.
2843 5495 3017 5549 Aliter
3068 5494 3290 5547 tntnittte
3321 5495 3398 5547 si-

1790 5567 1954 5621 hintet
1986 5581 2240 5622 consvare
2280 5568 2526 5622 videatur
2559 5568 2943 5635 Hieronymus,
2976 5565 3064 5631 qui
3098 5564 3164 5617 ad
3194 5578 3385 5618 vocem

1791 5635 2008 5691 Madian
2053 5640 2210 5693 sitam
2256 5638 2456 5693 dixerit
2499 5634 2808 5703 Arcapolim
2853 5637 2920 5690 ad
2974 5640 3270 5702 Arnonetn,
3301 5634 3388 5690 hic

1788 5723 1919 5764 vero
1946 5710 2014 5762 ab
2032 5726 2100 5764 eo
2125 5719 2252 5763 orto
2282 5711 2432 5763 mille
2463 5724 2656 5769 nas~us
2688 5716 2988 5763 removeat.

1858 5777 1884 5815 ἀ
1915 5782 1981 5832 In
2016 5781 2324 5835 duodecimo
2364 5780 2646 5844 milliaria,
2691 5788 2792 5835 etc.
2847 5778 2942 5835 Ms.
2988 5792 3131 5833 unus
3170 5778 3392 5836 Celber.

1788 5850 2008 5904 decimo.
2939 5849 3212 5908 Mum“.
