4014 6316
119 353 236 409 893

1227 345 1431 405 LIBER
1473 333 1562 403 οε
1605 341 1759 405 sn‘U
1804 345 1890 404 ET
1928 341 2333 402 NOMINIBUS.

3335 329 3443 402 sat

116 469 333 540 inserit
384 479 490 522 tam
549 465 732 537 Tigris
787 481 948 538 quam
1007 459 1305 535 Euphratis
1366 461 1421 517 iu
1472 459 1730 515 Armenia
1759 462 1811 524 Α
1839 475 1983 515 nunc
2012 459 2137 514 vilia
2185 453 2546 529 prtegraudis,
2575 456 2598 492 ε
2635 449 2686 507 lu
2719 448 3048 508 duodecimo
3079 453 3147 508 ab
3187 449 3445 511 Eleuthe-

117 560 314 616 foutes
343 561 735 616 demonstrari.
763 555 838 615 Ex
853 574 962 631 quo
977 557 1467 614 animadvertimus
1479 554 1640 610 aliter
1657 552 1728 609 de

113 652 386 721 paradiso
415 663 466 709 et
500 651 816 707 ﬂuminibus
846 652 963 722 ejus
992 649 1432 721 intelligendum.
1458 647 1476 719 )

193 743 436 810 Ellasar,
469 741 662 799 civitas
699 744 844 814 regis
875 742 1099 798 Ariocb.

190 834 486 906 Ephratha
505 876 520 899 ,
552 835 704 905 regio
740 834 1018 894 Bethleem
1046 832 1282 889 civitatis
1308 829 1500 896 David,
1543 829 1599 884 iu
1625 842 1730 899 qua

110 936 284 982 natus
333 937 417 981 est
437 924 706 981 Christus.
745 923 841 980 Est
875 935 1057 980 autem
1092 925 1144 981 in
1180 925 1327 979 tribu
1357 923 1493 978 .luda
1518 928 1570 992 (δ1
1602 921 1731 977 licet

111 1017 374 1089 plerique
427 1018 566 1073 male
613 1017 888 1073 zeStiment
938 1018 990 1072 in
1039 1017 1181 1073 tribu
1221 1015 1730 1086 Bcnjantin).juxta

110 1109 266 1163 viam
329 1108 417 1164 ubi
469 1109 682 1178 sepulta
732 1118 818 1164 est
865 1107 1073 1163 Rachel
1119 1111 1310 1179 quinto
1357 1106 1618 1162 milliaria
1662 1105 1730 1161 ab

111 1198 450 1266 Jerusalem,
474 1200 526 1254 in
559 1215 627 1255 eo
655 1200 775 1255 loco
803 1202 893 1270 qui
918 1217 946 1255 a
973 1199 1324 1270 Septuaginta
1353 1206 1580 1254 vocatur
1601 1196 1730 1266 iiipo

111 1294 451 1362 podromus.
479 1294 738 1367 Legimus
763 1293 1076 1364 Ephratltan
1106 1295 1158 1349 itt
1184 1294 1639 1364 Paralipomenon
1665 1293 1730 1348 li-

108 1383 216 1442 bro
248 1385 298 1458 (l
324 1385 506 1440 Paral.
541 1402 602 1455 tt,
635 1387 754 1456 50),
786 1387 926 1442 sicut
956 1401 1117 1458 supra
1148 1387 1354 1442 dictum
1381 1397 1484 1442 est.

335 1480 423 1536 DE
462 1480 770 1537 NUMEHIS
813 1479 900 1535 ET
939 1478 1500 1537 DEUTERONUMIO.

184 1572 442 1641 Ebrona,
467 1573 519 1628 in
549 1574 771 1630 deserto
803 1583 982 1630 castra
1014 1571 1252 1630 ﬁliorum
1285 1573 1475 1630 lsrael.

181 1665 414 1733 Emath,
436 1677 596 1737 quam
615 1663 952 1722 transierunt
973 1667 1376 1738 exploratores,
1397 1667 1488 1739 qui
1509 1664 1578 1722 ab
1595 1666 1727 1723 .lesu

109 1760 274 1815 missi
306 1769 458 1814 sunt.

181 1852 381 1919 Erma,
415 1852 507 1908 ubi
537 1867 662 1922 pars
693 1850 880 1924 pupull
911 1863 1055 1908 cassa
1085 1861 1170 1908 est
1197 1851 1417 1907 lsraelis
1454 1853 1524 1906 ab
1563 1851 1728 1907 Ama-
1756 1863 1804 1924 Β

108 1943 192 1999 lec
238 1951 298 1999 et
356 1941 705 2011 Chauanmo,
746 1957 908 2014 quem
957 1942 1011 2000 in
1059 1944 1485 2000 Deuteronomio
1530 1942 1726 1998 Amor-

107 2037 323 2093 rhaentn
358 2036 638 2108 Scriptura
668 2045 848 2092 vocat.

180 2125 435 2196 Esebon,
466 2131 658 2186 civitas
685 2131 832 2186 Seon
865 2131 1008 2202 regis
1042 2129 1479 2188 Autorrbmorum
1504 2131 1556 2187 in
1581 2143 1725 2188 terra
1761 2111 1776 2122 “

109 2223 324 2279 Galaad
350 2239 504 2294 :qna:
527 2239 647 2279 cum
676 2223 871 2280 fuisset
893 2233 1018 2280 ante
1041 2223 1424 2291 Moabitarum,
1442 2224 1511 2280 ab
1532 2225 1729 2280 Amor-

110 2315 281 2370 rhaeis
304 2314 438 2372 belli
448 2315 571 2387 jure
595 2329 841 2388 possessa
859 2329 963 2372 cst.
981 2316 1225 2373 Meminit
1249 2317 1409 2386 hujus
1428 2315 1720 2385 Jeremias,

112 2409 284 2464 l-aias
329 2423 549 2479 quoque
595 2409 649 2462 in
678 2407 890 2464 visione
935 2418 1123 2464 contra
1158 2409 1338 2464 Moab.
1369 2408 1541 2464 Porro
1583 2423 1727 2465 nunc

114 2511 351 2558 vocatur
401 2503 598 2568 Esbus,
635 2501 763 2558 urbs
810 2503 1039 2574 insignis
1085 2503 1325 2572 Arabiaa,
1359 2509 1410 2558 itt
1450 2506 1726 2560 montibus

113 2596 204 2664 qui
237 2603 367 2650 sunt
417 2602 608 2649 cotitra
640 2594 882 2659 Jericlto,
916 2595 1107 2667 viginti
1135 2607 1164 2650 a
1194 2595 1436 2652 .lurdane
1484 2597 1726 2653 millibus

115 2689 346 2744 distans.
383 2687 506 2743 Fuit
535 2698 716 2745 autem
742 2689 794 2744 in
825 2689 965 2751 tribu
996 2689 1187 2745 Ruben
1219 2700 1467 2760 separata
1497 2689 1723 2746 Levitis.

186 2781 351 2836 Edrai
378 2825 393 2848 ,
430 2782 521 2836 tibi
571 2779 896 2839 interfectus
927 2791 1010 2838 est
1055 2782 1136 2853 Og
1186 2798 1280 2838 rex
1324 2783 1498 2838 Busan
1523 2826 1536 2848 ,
1573 2786 1725 2855 gigas

116 2883 171 2929 et
194 2887 419 2944 petens,
445 2875 732 2946 muniSque
771 2877 916 2932 illius
939 2891 1112 2931 cmsus
1137 2878 1429 2933 exercitus.
1459 2877 1612 2932 Nunc
1630 2893 1727 2931 au-

118 2977 225 3020 tem
276 2976 362 3021 est
412 2967 557 3022 Adra
612 2969 842 3038 insignis
887 2969 1100 3025 Arabia:
1145 2969 1336 3024 civitas
1380 2972 1431 3025 in
1466 2970 1726 3025 vicesimo

117 3070 319 3130 quarto
353 3059 537 3131 lapide
565 3075 594 3115 a
627 3061 840 3117 Bostra.

189 3153 420 3219 Eleale,
475 3152 668 3208 civitas
711 3153 1158 3208 Amorrhmorunt
1212 3155 1266 3208 in
1317 3154 1554 3224 Galaad,
1606 3171 1725 3227 quae

1836 552 2008 624 r-Opoli
2028 549 2208 622 lapide
2231 559 2422 605 contra
2449 544 2731 603 Orientem
2764 562 2778 600 :
2813 545 2882 601 de
2908 559 3014 618 qua
3045 553 3103 601 et
3123 559 3286 618 supra
3305 543 3446 602 dixi-

1835 664 1978 705 mus.

1906 741 2097 800 Esrom
2124 755 2246 816 quae
2271 747 2328 796 et
2356 740 2514 806 Aser,
2542 735 2695 809 juxta
2722 745 2967 792 eremutu
2995 733 3050 789 in
3093 731 3237 790 tribu
3267 729 3442 791 Juda:

1835 840 1902 896 de
1938 855 2042 912 qua
2068 847 2124 895 et
2148 850 2310 909 supra
2340 834 2545 890 dictum
2567 839 2671 886 ρει.

1908 927 2156 999 Enacim,
2187 941 2240 987 et
2274 927 2326 984 in
2361 923 2460 983 hac
2488 925 2763 982 interfecit
2789 921 2951 980 Jesus
2985 919 3208 978 Enacim
3250 921 3442 994 gigan-

1835 1039 1916 1086 tes
1948 1031 2014 1084 de
2045 1028 2269 1099 regione
2310 1033 2565 1078 montana
2615 1021 2670 1075 in
2722 1019 2998 1074 Chebron.
3025 1016 3164 1086 (Sed
3199 1014 3329 1070 mihi
3359 1015 3443 1071 vl-

1833 1125 1994 1179 detur
2027 1137 2132 1176 non
2162 1135 2284 1176 esse
2316 1131 2512 1173 nomen
2539 1112 2642 1170 loci
2676 1112 2913 1179 Enacim,
2941 1110 3040 1168 sed
3072 1107 3439 1165 habitatorum

1833 1217 2086 1274 Chebron
2105 1213 2146 1288 .)

1905 1309 2154 1379 Ephron,
2185 1308 2238 1366 in
2288 1307 2430 1361 tribu
2480 1303 2642 1360 Juda.
2675 1302 2770 1358 Est
2816 1312 2869 1356 et
2915 1295 3040 1355 villa
3089 1295 3436 1371 praegrandis

1834 1401 2062 1478 Ephura
2115 1401 2337 1457 nomine
2394 1407 2585 1456 contra
2631 1393 3060 1468 septentrionem
3091 1396 3144 1448 in
3179 1389 3440 1447 vicesimo

1832 1497 1899 1554 ab
1932 1493 2069 1552 ASlia
2101 1495 2377 1550 milliario.

1909 1593 2072 1660 Etlt'e,
2105 1594 2158 1647 in
2194 1591 2335 1647 tribu
2367 1587 2526 1646 Juda.

1902 1685 2162 1750 Etbnam,
2193 1685 2247 1740 iit
2272 1682 2414 1739 tribu
2443 1677 2602 1738 Juda.

1907 1776 2250 1836 Ebeziutbia.
2273 1775 2328 1830 in
2363 1772 2505 1829 tribu
2532 1769 2696 1828 Iuda.

1903 1873 2084 1938 Evim,
2111 1871 2162 1925 in
2189 1870 2336 1925 tribu
2357 1867 2512 1922 Juda.

1901 1963 2146 2030 Elolath,
2170 1964 2229 2018 tu
2261 1961 2404 2018 trllttt
2429 1959 2590 2020 Judl.
3093 2031 3101 2038 1

1903 2057 2068 2126 Ereb,
2103 2057 2154 2116 in
2187 2055 2328 2110 tribu
2361 2052 2521 2109 Juda.
2567 2051 2669 2108 Est
2697 2049 2968 2121 hodieque
3013 2048 3141 2103 villa
3186 2046 3242 2102 in
3272 2045 3437 2100 Daro—

1833 2169 1941 2220 ma,
1997 2149 2048 2207 id
2078 2161 2183 2218 est,
2231 2148 2299 2206 ad
2340 2146 2635 2212 Austrum,
2669 2159 2790 2227 quae
2820 2153 2874 2201 'et
2921 2139 3261 2199 Eremitbtha
3292 2145 3435 2194 nun-

1829 2255 2081 2317 cupatur.

1902 2340 2066 2404 Esau,
2102 2338 2154 2394 in
2189 2335 2333 2394 tribu
2357 2331 2518 2399 .luda.

1902 2429 2049 2496 Elttl,
2086 2427 2137 2485 in
2171 2425 2312 2490 tribu
2356 2425 2516 2484 Jtttl'a'.
2549 2417 2647 2481 Est
2697 2425 2751 2478 el
2803 2419 2965 2477 lio'die
3013 2420 3066 2476 in
3118 2417 3340 2490 regione
3367 2409 3437 2472 ad

1829 2517 2030 2582 .‘Eiiant
2060 2522 2370 2592 pertinente
2395 2517 2521 2571 villa
2543 2513 2764 2570 ndmlue
2787 2510 3130 2583 Alttla,juxta
3151 2507 3434 2563 Chebron.

1908 2613 1924 2654 ι
1963 2613 2192 2671 ΕΙιΙιρρε
2216 2609 2560 2686 (ALEIthei),
2594 2607 2645 2662 iit
2675 2605 2816 2662 tribu
2841 2597 2978 2660 Juda
3012 2621 3025 2657 :
3056 2611 3139 2659 est
3166 2599 3438 2665 hodieque

1829 2709 1995 2784 206
2014 2705 2232 2762 Tltecua
2264 2703 2410 2758 vicus“
2435 2701 2486 2755 lu
2515 2713 2658 2754 nono
2680 2699 2808 2769 (leg.
2843 2693 3171 2764 duodecimo)
3190 2692 3259 2748 ab
3289 2687 3437 2784 Elia

1831 2779 2087 2859 n—tiliiario
2133 2808 2320 2856 contra
2370 2795 2726 2852 meridianam
2773 2793 3024 2864 plagam,
3060 2787 3128 2845 de
3178 2803 3287 2860 quo
3338 2779 3438 2842 fuit.

1830 2899 1998 2956 Amos
2030 2893 2320 2966 propheta,
2353 2890 2510 2961 cujus
2557 2896 2613 2943 et
2654 2890 2965 2958 sepulcrum
2991 2879 3196 2939 ibidem
3246 2889 3434 2935 osten-

1829 2989 1996 3046 ditur.

1904 3076 2170 3152 Eogaddl,
2210 3077 2263 3133 in
2294 3075 2436 3132 tribu
2478 3071 2617 3130 Juda
2648 3090 2661 3128 :
2690 3071 2783 3128 ubi
2831 3067 3185 3127 absconditus
3216 3073 3296 3123 est
3327 3065 3433 3121 Dat-

1833 3174 1918 3229 vitl
1949 3175 2001 3228 itt
2032 3169 2353 3233 Solitutiine,
2385 3183 2509 3240 qua:
2544 3177 2630 3223 est
2687 3165 2741 3221 in
2789 3162 2997 3220 Attioue
3019 3158 3292 3222 Jetichus,
3329 3157 3433 3215 hoc

116 3245 317 3338 cecidit
343 3245 398 3299 in
427 3255 630 3300 sortem
661 3245 836 3301 tribus
867 3246 1076 3300 Ruben.
1110 3248 1270 3320 203
1295 3249 1538 3304 Meminit
1569 3251 1725 3317 hujus
1751 3252 1795 3315 C
1831 3279 1915 3326 εει
1944 3269 1996 3324 in
2030 3267 2250 3338 regione
2284 3263 2371 3319 illa
2398 3260 2712 3332 campeStri,
2747 3241 2814 3312 de
2842 3271 2945 3328 qua
2975 3269 3139 3326 supra
3168 3252 3430 3308 diximus.

118 3348 167 3393 et
198 3337 368 3392 lsaias
394 3340 444 3390 in
471 3338 681 3393 visione
706 3347 892 3393 contra
927 3338 1106 3404 Moab,
1131 3354 1184 3393 et
1209 3341 1478 3396 .leretnias
1505 3359 1517 3396 :
1550 3343 1643 3396 sed
1669 3349 1726 3397 ct

118 3443 294 3498 usque
348 3427 514 3484 hodie
554 3430 685 3484 villa
724 3429 947 3501 grandis
989 3432 1296 3488 ostenditur
1327 3434 1381 3488 in
1434 3435 1610 3504 primo
1657 3431 1726 3490 ab

121 3521 298 3577 Esbus
327 3522 605 3577 milliario.

191 3615 366 3680 Enna,
396 3631 519 3686 quae
549 3625 632 3672 est
651 3617 802 3687 juxta
834 3617 1112 3676 desertum
1140 3620 1341 3677 Cades.

192 3711 415 3778 Ermon,
463 3725 621 3766 mons
653 3711 876 3775 Ermon,
907 3727 1070 3785 quem
1117 3715 1402 3771 Plitenices
1447 3715 1727 3787 cognomi-

128 3815 252 3860 nant
283 3805 527 3861 Sanior:
555 3805 662 3876 jam
690 3817 743 3861 et
775 3821 936 3878 supra
980 3810 1208 3878 positus.

652 3899 740 3953 DE
781 3898 985 3955 LIBHU
1023 3899 1213 3956 JESU.

196 3989 361 4047 Emec
391 3990 616 4058 Achar,
667 3992 810 4060 quod
862 3992 1288 4061 interpretatur,
1339 3994 1496 4050 vallis
1547 3995 1732 4050 Achar

126 4078 200 4147 (id
231 4089 311 4136 est
343 4082 614 4136 tumultus
641 4091 805 4150 atque
836 4083 1160 4154 turbarum),
1197 4085 1285 4137 tibi
1316 4085 1502 4140 Achan
1535 4084 1729 4156 lapidi-

128 4172 221 4227 bus
247 4192 552 4248 Oppressus
597 4186 706 4238 est.
727 4191 794 4230 eo
831 4174 976 4245 quod
1020 4179 1264 4246 quaedam
1289 4178 1357 4232 de
1385 4177 1733 4235 anathemate

127 4274 454 4328 sustulisset.
499 4271 598 4326 Est
624 4281 806 4326 autem
841 4269 992 4324 locus
1004 4269 1156 4339 ju‘xta
1176 4268 1397 4325 Jericbo
1429 4272 1570 4326 haud
1605 4288 1733 4343 pro-

126 4369 205 4423 cul
229 4387 255 4424 a
283 4370 549 4444 Galgalis.
579 4367 648 4444 (δ
682 4369 820 4425 Male
843 4383 976 4438 ergo
1020 4367 1236 4438 quidam
1287 4376 1478 4438 putant
1533 4370 1733 4424 vallem

129 4461 320 4533 Achar,
353 4482 382 4520 a
424 4463 653 4521 nomine
684 4462 803 4531 ejus
845 4463 938 4532 qui
984 4459 1256 4529 lapidatus
1285 4472 1404 4529 est,
1459 4478 1738 4532 nuncupa-

134 4561 258 4618 tam,
286 4571 407 4613 cum
439 4552 537 4613 ille
580 4551 767 4610 Acban
807 4553 986 4609 dictus
1031 4552 1127 4619 sit,
1157 4559 1214 4608 et
1263 4567 1368 4608 non
1414 4554 1621 4621 Acltor,
1653 4555 1739 4612 vel

135 4647 367 4722 Achar.)

205 4737 418 4812 Eglom,
449 4757 573 4814 qua:
612 4750 666 4796 ct
719 4737 995 4802 Odoiiam.
1030 4740 1085 4800 in
1140 4739 1281 4798 tribu
1331 4737 1485 4799 Judae
1520 4761 1532 4798 :
1570 4745 1727 4818 cujus

99 4850 312 4906 'rcgetn
344 4841 571 4896 nomine
606 4839 794 4907 Dabir,
829 4837 1106 4895 interfecit
1157 4837 1349 4898 Jesus.
1400 4839 1499 4896 Est
1544 4851 1727 4899 autem

139 5009 349 5070 runtur,
372 5011 462 5055 aut
488 5010 667 5057 textus
689 5001 971 5070 utriusque
995 5000 1414 5069 discrepantiam
1466 5013 1726 5060 causatur

144 5068 512 5139 Martiana'us;
547 5089 652 5128 non
678 5089 821 5128 enim
848 5068 962 5126 hinc
991 5087 1055 5127 ex
1085 5068 1367 5139 Sallustio,
1401 5073 1495 5130 sed
1523 5092 1592 5131 cx
1625 5075 1722 5131 lsi-

143 5139 270 5196 doro
299 5146 458 5198 allata
507 5156 650 5199 sunt.
706 5145 803 5200 llic
841 5153 1022 5197 autem
1075 5145 1264 5200 nescio
1313 5161 1492 5201 utrum
1539 5149 1727 5204 verius

145 5209 318 5286 legerit
368 5217 419 5268 in
474 5217 707 5285 antiquis
756 5214 1070 5286 Hieronymi
1133 5217 1572 5283 exemplaribus.
1623 5235 1726 5274 uno

145 5284 276 5360 [oms
319 5301 544 5351 manare,
591 5303 686 5357 pro
737 5289 902 5360 fontes
937 5284 1306 5352 demonstrari,
1360 5304 1480 5342 eam
1525 5293 1728 5360 quippe

148 5351 424 5412 let-tument
475 5351 764 5414 contextus
811 5359 1021 5412 vidi-tur
1052 5351 1346 5426 pustulare,
1384 5351 1599 5414 tametsi
1625 5351 1730 5416 'di-

147 5427 582 5501 VCI’SWS_nllmitliS
625 5432 903 5499 utriusque
953 5428 1128 5484 fontes
1159 5431 1460 5494 prodiderit
1494 5433 1725 5501 Strabo,

147 5507 274 5579 ‘1_""§
317 5496 507 5579 διέχειν
554 5503 793 5579 ainalius,
819 5496 1069 5579 ira-adipe;
1276 5502 1472 5579 distare
1516 5496 1729 5559 invicem

148 5567 306 5620 stadia
335 5567 535 5624 circiter
562 5573 706 5627 23:00
732 5573 890 5627 dixit.
931 5573 1048 5627 Vid.
1084 5567 1247 5626 aii'um
1283 5574 1544 5629 lsidorum
1588 5576 1730 5629 t_.lt-.t-

147 5647 421 5711 “,‘ct‘nllltli
453 5643 902 5711 Agathetnerum,
935 5646 1026 5699 lib.
1061 5660 1110 5710 ις
1144 5644 1494 5701 Plutarchum
1526 5647 1593 5702 de
1624 5647 1732 5704 Ett-

145 5705 346 5784 pitrate,
377 5705 646 5784 "limique.

203 5787 242 5857 f
268 5777 402 5834 Licet
428 5777 653 5852 plerique
680 5788 814 5842 torale
837 5789 1225 5856 mtimnt,etc.
1256 5787 1548 5845 Eusebium
1579 5795 1734 5848 notat

157 5843 530 5921 Hieronymus:
550 5843 621 5912 ab
639 5863 831 5914 eodem
857 5873 1070 5929 qunque
1093 5843 1734 5936 dissentitcuuiﬁEpillra;

1832 3363 2064 3416 Vocatur
2080 3370 2264 3414 autem
2291 3371 2460 3426 usque
2489 3353 2652 3408 hodie
2681 3350 2833 3407 virus
2857 3345 3192 3422 praegrandis
3216 3345 3435 3402 Judao-

1831 3473 1948 3510 rum
2001 3453 2281 3524 Engadda,
2326 3451 2484 3526 juxta
2533 3463 2684 3504 mare
2723 3446 3014 3506 Morinum,
3049 3441 3192 3498 unde
3220 3451 3272 3496 et
3300 3452 3435 3508 opo-

1829 3551 2130 3606 balsamum
2190 3545 2342 3602 venit
2391 3544 2565 3617 (quas
2619 3541 2810 3596 vineas
2860 3534 3106 3608 Engaddi
3162 3533 3432 3588 Salomon

1832 3643 2012 3717 (Cant.
2043 3659 2083 3709 ι,
2113 3642 2200 3713 1³5)
2231 3635 2553 3708 nuncupat).

1907 3735 2192 3798 Esthemo,
2221 3733 2416 3789 civitas
2445 3722 2826 3789 sacerdotalis,
2857 3735 3002 3778 nunc
3025 3727 3206 3774 autem
3246 3724 3430 3771 osten-

1831 3828 1979 3884 ditur
2017 3817 2357 3896 prnigrandis
2388 3822 2542 3877 vicus
2574 3817 2891 3874 inda-orum
2935 3814 2989 3868 in
3040 3813 3297 3875 Daroma,
3340 3807 3436 3879 qui

1833 3921 1985 3976 locus
2014 3918 2081 3974 ad
2113 3913 2607 3984 Elembefop‘oleOs
2636 3911 2868 3980 pertinet
2895 3907 3197 3977 regionem.

1908 4010 2077 4066 Emcc
2123 4006 2415 4079 Rapitaim,
2453 4001 2506 4062 id
2551 4011 2656 4068 est,
2686 4001 2847 4056 vallis
2876 3997 3168 4068 itaphaim,
3208 3993 3260 4050 in
3290 3993 3435 4050 tribu

1836 4102 2142 4171 Beniamin.

1911 4194 2166 4257 Edomia,
2213 4191 2266 4246 in
2321 4190 2462 4246 tribu
2496 4186 2778 4259 Beniamin
2810 4204 2822 4240 :
2851 4193 2995 4238 nunc
3023 4187 3154 4234 Vero
3185 4175 3436 4232 ostendi-

1841 4299 1928 4344 tur
1949 4285 2072 4342 villa
2109 4285 2314 4341 Etiuma
2344 4285 2397 4340 in
2427 4281 2782 4341 Acrabtttene
2806 4271 3091 4332 duodecim
3121 4273 3297 4328 lenne
3319 4271 3440 4328 utili

1838 4383 1980 4439 libus
2003 4381 2215 4436 distans
2241 4397 2266 4432 a
2299 4375 2522 4447 Neapoli
2551 4383 2742 4429 contra
2773 4371 3072 4427 Orientem.

1914 4478 2098 4542 Ertna,
2127 4484 2184 4530 et
2213 4477 2350 4529 hanc
2378 4473 2535 4527 .Iesus
2562 4469 2729 4539 cepit,
2759 4480 2891 4540 rege
2923 4464 3065 4520 illius
3102 4460 3392 4518 interfecto
3417 4476 3433 4517 :

1841 4586 1960 4642 qua:
1989 4567 2088 4626 fuit
2119 4565 2173 4622 iit
2207 4571 2355 4621 s‘urte
2378 4557 2693 4635 Symeouis,
2714 4556 2830 4613 sive
2858 4554 3032 4612 Judm.

1764 4654 1814 4714 D
1915 4661 2104 4728 Ether,
2138 4661 2307 4715 sortis
2352 4652 2666 4728 Symeonis,
2707 4661 2764 4709 et
2793 4667 2937 4708 nunc
2988 4657 3077 4710 est
3121 4650 3250 4708 villa
3300 4663 3438 4721 prte-

1833 4752 2060 4826 grandis
2084 4752 2310 4807 nomine
2327 4746 2621 4812 Jetbtitirtt,
2651 4746 2707 4802 lu
2739 4744 2992 4802 interiori
3026 4745 3256 4802 Daroma
3285 4741 3440 4812 juxta

1835 4844 2149 4903 Malatham.

1835 5008 1982 5062 tham
2013 5005 2205 5074 quinto
2237 5002 2494 5060 milliario
2526 5000 2596 5056 ab
2635 4993 2940 5074 Jerusalem
2971 4998 3206 5074 "positam
3239 4997 3437 5074 refert:

1836 5093 1960 5131 nam
1998 5068 2264 5132 Eusebius
2301 5075 2354 5130 itt
2386 5075 2559 5130 altera
2593 5073 2846 5129 columna
2895 5068 3224 5144 Epitratbun
3252 5068 3444 5144 pus-uit

1835 5150 1888 5202 iu
1907 5149 2073 5204 'l‘ribu
2097 5148 2408 5219 Beujamiu,
2435 5153 2634 5215 quarto
2651 5145 2911 5202 milliario
2934 5140 3434 5267 aliiiith'tSOIytnis.

3112 5227 3327 5267 AII'I'MN.

3112 5227 3327 5268 AII'I'MN.

1835 5322 1906 5332 —
1927 5291 2100 5360 Supra
2128 5291 2193 5344 ad
2219 5304 2404 5346 vocem
2432 5288 2693 5344 Bethleem
2726 5288 2777 5344 itt
2806 5295 2962 5344 sexto
2989 5285 3247 5360 milliarto
3272 5283 3442 5337 collo-

1832 5375 1980 5434 cant.
2007 5357 2158 5434 quod
2187 5363 2434 5434 plerique
2459 5362 2550 5416 alii
2583 5373 2834 5434 auctores
2863 5377 2979 5434 uno
2998 5373 3094 5434 ore
3126 5357 3364 5434 tradunt.

1903 5433 1930 5472 δ
1971 5426 2107 5509 Male
2133 5426 2254 5509 ergo
2283 5426 2492 5509 quidam
2517 5445 2700 5498 putant
2731 5431 2915 5486 vallem
2946 5428 3134 5483 Achar.
3173 5426 3442 5484 East-bina

1832 5516 2058 5562 notatur
2085 5505 2208 5562 hoc'
2223 5509 2363 5560 locu.
2410 5505 2680 5560 MARTIAN.
2863 5526 2865 5528 ·

1910 5589 1931 5618 ε
1961 5577 2138 5634 Latini
2164 5577 2519 5645 exscriptoris
2553 5576 2769 5629 vide-tor
2797 5571 2882 5625 hic
2915 5585 3040 5626 esse
3067 5571 3285 5645 lapsus:
3310 5569 3440 5645 alibi

1835 5649 1978 5704 enim
2014 5650 2250 5704 Eusebio
2280 5641 2631 5703 consentiens
2675 5645 3068 5715 Hieronymus,
3101 5641 3350 5715 Utloiiattt
3382 5643 3437 5715 fit

1837 5723 2035 5777 decimo
2077 5723 2142 5776 ab
2191 5718 2585 5790 Eleutherum“
2631 5713 2892 5772 milliaria
2930 5715 3184 5772 collocztt.
3239 5713 3438 5774 Recole

1838 5805 2028 5849 vocem
2052 5793 2315 5849 Attalium.
