4014 6310
158 301 263 359 897

231 415 503 483 Ereccon,
548 415 816 471 terminus
850 415 1027 471 tribus
1072 413 1211 474 Dan,
1248 411 1404 477 juxta
1442 410 1683 482 Joppen.

595 509 680 563 DE
721 507 1014 564 JUDICUM
1056 505 1279 561 LIBRO.

231 601 414 667 Etam,
447 602 537 656 ubi
587 601 868 656 habitabat
912 601 1171 665 Samson,
1205 598 1257 653 in
1288 596 1550 669 spelunca
1574 594 1753 661 Etam,

149 694 310 765 juxta
338 705 661 750 torrentem.

472 769 632 840 211
665 766 753 821 DE
787 763 1167 822 REGNORUM
1212 761 1457 819 LIBRIS.

230 859 345 925 Ela,
382 858 610 926 legimus
642 860 843 914 vallem
898 858 990 912 [ila
1024 875 1038 913 :
1066 873 1227 925 quam
1276 856 1471 926 Aquila
1501 862 1557 910 et
1575 852 1758 910 Theo-

150 953 309 1009 dotlo
339 954 796 1024 interpretantur,
841 953 1039 1008 vallem
1068 966 1327 1023 quercus.

225 1046 497 1118 Engaddi,
532 1050 836 1108 desertum,
883 1047 937 1101 itt
994 1062 1102 1115 qtto
1142 1042 1504 1100 absconditus
1535 1050 1619 1097 est
1649 1040 1753 1095 Da-

149 1140 582 1195 vid.Po-uimus
610 1150 661 1195 et
695 1155 856 1211 supra
889 1138 1134 1209 Engnddi
1168 1137 1220 1191 in
1254 1138 1398 1193 tribu
1425 1134 1565 1191 .luda
1599 1135 1752 1204 juxta

148 1250 304 1290 mare
329 1234 620 1291 Morinum.
652 1246 843 1288 contra
871 1233 1250 1288 Occidentem.

223 1327 444 1392 Etnatlt,
480 1327 639 1397 regio
695 1327 1139 1398 Allnphylorum.
1196 1323 1371 1379 I‘orro
1398 1322 1551 1393 juxta
1598 1320 1753 1378 Jere-

146 1421 318 1475 miam
347 1421 540 1475 civitas
571 1420 844 1474 Damasci.

222 1510 423 1577 Euam,
469 1512 738 1567 terminus
795 1510 1068 1577 Damasci,
1103 1510 1246 1563 sicut
1296 1508 1349 1562 in
1383 1505 1640 1562 Ezechiel
1672 1504 1755 1560 le-

144 1603 314 1674 gitur,
347 1605 412 1655 ad
438 1602 717 1658 Orientem
751 1618 983 1672 vergens
1010 1621 1038 1654 a
1063 1600 1328 1656 'I'bemam
1356 1614 1410 1654 et
1443 1597 1705 1652 Paltuctis
1736 1611 1751 1649 :

147 1711 276 1767 quae
308 1696 492 1750 caeteri
524 1696 857 1764 interpretes
886 1694 1201 1758 ediderunt,
1236 1691 1494 1747 Thamar.

749 1788 838 1844 DE
875 1787 1146 1843 GENESI.

214 1880 382 1939 Fison
415 1926 430 1950 ,
501 1882 645 1955 quod
705 1884 1157 1951 interpretatur,
1207 1892 1425 1937 caterva
1476 1897 1490 1933 :
1548 1878 1745 1933 ﬂuvius

141 1995 303 2049 quem
358 1978 529 2033 nostri
579 1978 795 2047 (Graeci)
828 1978 1056 2048 Gangen
1108 1987 1335 2039 vocant,
1388 1975 1458 2030 de
1491 1976 1746 2041 paradiso

139 2074 360 2137 exiens,
392 2080 447 2125 et
497 2087 733 2141 pergens
762 2072 829 2124 ad
876 2070 1042 2126 ludia:
1092 2072 1350 2141 regiones
1380 2111 1396 2136 ,
1456 2076 1746 2139 postquas

137 2162 379 2230 erumpit
402 2163 454 2217 in
487 2164 727 2233 pelagus.
764 2163 905 2217 D.cit
952 2176 1136 2219 autem
1190 2163 1473 2228 Si-riptura
1504 2162 1747 2216 circum-

135 2252 207 2310 iri
238 2254 308 2307 ab
343 2258 448 2308 hoc
504 2254 821 2309 universam
880 2257 1166 2325 regionem
1222 2255 1399 2319 Evila,
1440 2255 1527 2306 ubi
1552 2269 1744 2308 aurum

138 2347 481 2419 pr.e,cipuutn
516 2350 759 2406 nascitur
798 2360 855 2406 et
887 2349 1275 2406 Carbunculus
1321 2350 1459 2420 lapis
1510 2357 1567 2403 et
1610 2348 1744 2404 Pra-

138 2441 317 2497 sinus.

209 2535 415 2600 Faran,
451 2551 596 2590 nunc
619 2535 880 2607 oppidum
909 2546 1059 2591 trans
1087 2537 1341 2591 Arabiam
1367 2536 1613 2606 junctum
1647 2536 1744 2591 Sa-

138 2630 381 2693 racenis,
401 2628 491 2697 qui
521 2630 574 2685 in
600 2630 894 2684 solitudine
917 2628 1063 2701 (vagi
1088 2631 1301 2699 eruunt)
1356 2629 1460 2684 Per
1484 2630 1587 2683 ltoc
1613 2628 1743 2683 iter-

137 2721 383 2778 t'eveiunt
430 2724 523 2777 lilii
577 2722 766 2790 Israel,
791 2739 913 2778 cum
954 2722 1025 2777 de
1052 2733 1234 2777 monte
1258 2722 1387 2778 Sina
1412 2735 1591 2777 castra
1626 2738 1744 2776 mo-

139 2818 369 2871 vi~sent.
401 2816 499 2872 Est
520 2833 679 2887 ergo.
704 2828 758 2870 ttt
782 2818 1044 2881 diximus,
1082 2827 1229 2870 trans
1262 2814 1522 2870 Arabiam
1551 2825 1739 2872 contra

138 2914 436 2967 australem
490 2913 728 2983 plagam,
775 2922 828 2967 et
872 2913 1041 2967 distat
1079 2914 1148 2965 ab
1180 2912 1299 2967 Aila
1326 2923 1516 2967 contra
1545 2912 1743 2968 Orien-

139 3016 269 3073 tem,
303 3009 505 3063 itinere
555 3011 719 3062 trium
751 3008 987 3063 dierum.
1023 3007 1077 3061 lu
1110 3008 1335 3062 deserto
1380 3018 1562 3061 autem
1596 3007 1738 3063 I’lta-

136 3117 233 3157 ran
283 3104 571 3171 Seriptura
620 3101 777 3172 (Gen.
827 3104 939 3167 ut)
995 3111 1400 3157 commemorat
1452 3102 1738 3158 habitasse

133 3191 447 3250 Istum-lem.
479 3194 636 3251 Unde
663 3205 715 3249 et
757 3195 1041 3251 lunaelitae
1066 3194 1182 3267 (qui
1234 3212 1376 3249 nunc
1424 3194 1733 3266 Saraceni).
1766 3209 1811 3272 ρ

133 3284 392 3352 Legimus
423 3302 638 3355 quoque
667 3286 1136 3358 Clt«tdttl‘|.thlll0t‘
1170 3302 1357 3357 regem
1394 3286 1737 3357 percussisse

134 3396 258 3438 eos.
291 3382 384 3451 qui
413 3394 571 3437 erant
601 3382 653 3437 itt
686 3388 905 3439 deserto
930 3382 1165 3439 Pltaran.

208 3473 630 3543 Fiiistiim,qna:
653 3491 797 3531 nunc
824 3475 1023 3532 dicitur
1053 3477 1315 3544 Ascalun,
1352 3488 1407 3534 et
1437 3479 1584 3535 circa
1614 3492 1734 3534 eam

136 3572 287 3635 regio
316 3567 656 3623 Palaestina}.

205 3660 411 3717 F.muel
443 3703 458 3729 ,
526 3662 683 3717 locus
735 3664 785 3719 in
830 3680 937 3732 quo
966 3664 1138 3723 Jacob
1197 3676 1306 3723 tota
1364 3676 1527 3723 nocte
1554 3666 1730 3722 collu-

136 3765 307 3819 etans.
340 3758 561 3812 Israelrs
607 3759 937 3814 vocabulum
972 3760 1193 3830 meruit,
1224 3761 1379 3831 juxta
1431 3772 1730 3817 torrentem

138 3845 300 3903 Iabne
343 3849 601 3920 (Fanus'l
634 3862 818 3906 autent
866 3853 1259 3922 interpretatur
1300 3853 1470 3909 facies
1513 3854 1636 3923 Dei,
1663 3854 1732 3909 ab

138 3957 202 3997 eo
226 3946 365 4014 quod
396 3946 573 4001 ,ιη-οι)
604 3946 677 4001 ibi
710 3946 876 4000 Deum
906 3948 1153 4018 viderit).

208 4035 374 4109 Figo,
428 4041 630 4096 civitas
687 4039 840 4095 Adad
892 4042 1057 4112 regis,
1100 4059 1224 4113 quae
1253 4052 1340 4100 est
1396 4045 1454 4100 in
1505 4044 1731 4117 regione

140 4126 454 4189 Galulitica.

240 4222 448 4288 Fenon,
489 4236 673 4283 castra
717 4226 951 4280 liliorum
980 4225 1156 4281 Israel
1208 4228 1263 4283 in
1309 4229 1557 4286 deserto.
1601 4230 1731 4287 Fuit

144 4325 311 4372 autem
365 4321 644 4391 quondam
699 4320 897 4375 civitas
962 4321 1269 4391 principum
1322 4323 1486 4395 214
1534 4323 1727 4393 Etlom,

142 4421 277 4464 nunc
302 4410 511 4468 viculns
536 4412 590 4468 in
624 4413 869 4477 deserto,
904 4413 993 4467 ubi
1051 4416 1179 4468 atris
1210 4417 1433 4469 metalla
1479 4416 1732 4487 (damna-

143 4507 309 4560 tntum
336 4510 631 4579 sttpplit-iis
677 4509 1033 4581 clI'odiuntttr)
1061 4552 1075 4575 ,
1129 4511 1271 4567 inter
1318 4512 1596 4569 civitatem
1628 4515 1728 4571 I’e-

146 4602 277 4653 tram
306 4611 360 4655 et
382 4602 615 4659 Zoarattt
649 4602 741 4676 (de
763 4619 871 4668 quo
901 4613 958 4658 et
990 4620 1157 4673 supra
1187 4605 1473 4677 diximus).

730 4696 820 4752 DE
864 4697 1119 4754 EXODO.
1394 4698 1399 4741 ἶ

142 4873 161 4931 Ι
206 4784 439 4857 Fithom,
471 4792 665 4847 civitas
696 4789 920 4863 Αἰξωνιηί
945 4834 960 4859 ,
1004 4809 1164 4863 quam
1195 4793 1604 4851 :edilicaverunt
1635 4794 1730 4852 lilii

166 4881 320 4931 srael.

166 4881 320 4935 srael.

352 4975 439 5030 DE
480 4976 782 5035 NUIIERIS
823 4978 910 5033 ET
951 4976 1508 5035 DFUTERONOMIO.

209 5066 329 5135 Fin,
353 5080 531 5127 castra
560 5074 789 5128 ﬁliorum
819 5072 981 5126 Israel
1004 5073 1055 5126 in
1085 5074 1324 5127 deserto.

210 5158 463 5230 Fatltura,
484 5166 678 5222 civitas
697 5179 843 5221 trans
861 5167 1324 5236 Mesopotamiam,
1343 5167 1485 5224 nmle
1502 5167 1603 5223 luit
1628 5168 1731 5223 Ba-

145 5248 276 5306 laam
307 5254 547 5312 hariolus
578 5278 590 5313 :
622 5260 957 5328 sedetjttvta
982 5261 1446 5331 Eleutheropolim
1472 5263 1723 5330 qnazdam

143 5341 260 5396 Villa
297 5351 513 5405 noutine
546 5352 782 5408 Fnlilttta
821 5354 1074 5409 euntibus
1113 5355 1313 5411 anun
1358 5369 1719 5424 nuncupatur.

210 5436 402 5509 Fvgor,
434 5454 490 5499 et
514 5445 737 5518 Betltlog
760 5464 824 5508 tr,
860 5466 1017 5503 mons
1046 5447 1432 5512 Moabitarttm.
1469 5450 1535 5503 ad
1564 5467 1722 5522 quem

1258 295 1465 352 LIBER
1508 292 1596 350 DE
1637 290 1791 350 SI'I'U
1834 288 1920 346 ET
1960 282 2351 345 NOMINtBUS.

1784 410 1835 470 Α
1864 401 2123 458 Liviadis.
2154 399 2261 456 Sed
2295 409 2349 453 et
2375 396 2481 454 alia
2503 394 2624 451 villa
2651 396 2826 462 Fogor
2852 394 2992 449 haud
3018 394 3203 465 procul
3236 410 3265 449 a
3290 397 3459 453 Beth-

3348 285 3456 346 898

1860 499 1998 554 leem
2032 496 2277 552 cernitur
2309 494 2453 567 (qua:
2486 506 2633 547 nunc
2654 489 2863 544 Pbaora
2890 490 3279 559 nuncupatur).

1869 584 1878 595 ’
1936 590 2129 661 Fasga.
2153 589 2346 643 civitas
2374 584 2842 641 Amurrhmornm.
2876 584 2973 639 Est
2999 592 3183 638 autem
3224 592 3274 638 et
3305 597 3460 640 mons

1856 694 2050 742 contra
2098 682 2424 738 orientalem
2460 680 2675 750 plagam
2710 677 2879 749 E-sga
2908 719 2923 743 ,
2965 693 3063 745 pro
3112 692 3222 746 quo
3266 676 3464 745 Aquila

1858 778 2285 847 interpretatur,
2327 774 2597 829 excisum.
2646 772 2751 828 Sed
2778 780 2831 827 et
2859 771 3210 842 Septuaginta
3242 780 3268 808 ⁸
3297 770 3467 827 inter-

1856 880 2043 941 pretes
2062 868 2235 940 Fasga
2260 868 2312 923 in
2334 868 2571 937 quodam
2594 866 2737 929 loco,
2768 866 3015 920 excisum
3047 867 3467 921 transtulerunt.

2320 959 2411 1014 DE
2455 956 2659 1013 ΗΒΚο
2695 954 3011 1012 JUDICliM.

1928 1054 2157 1119 Fanuel,
2181 1053 2377 1109 civitas
2403 1068 2566 1123 quam
2594 1048 2885 1105 a-dilicavit
2913 1048 3230 1107 .Ieroboam.

1930 1148 2134 1203 Fanuel
2164 1189 2178 1212 ,
2216 1146 2384 1202 turris
2432 1160 2595 1214 quam
2636 1142 2912 1197 subvertit
2950 1143 3194 1198 Gedeon.
3242 1141 3352 1199 Sed
3408 1149 3466 1200 et

1855 1224 1996 1300 unus
2017 1243 2087 1299 de
2117 1245 2240 1298 filiis
2264 1244 2373 1297 llor
2396 1250 2620 1296 vocatus
2643 1248 2728 1294 est
2758 1238 2961 1293 Fanuel
2993 1238 3037 1311 (Ι
3065 1237 3251 1293 Paral.
3282 1236 3462 1309 κων).

1925 1336 2162 1392 Frazttuu
2186 1378 2200 1402 ,
2238 1335 2379 1392 unde
2411 1334 2511 1390 fuit
2541 1333 2734 1388 Abdun
2762 1331 2929 1403 judex
2979 1333 3163 1405 populi
3192 1332 3361 1391 Israel
3403 1332 3459 1391 in

1856 1440 2042 1485 monte
2072 1430 2317 1485 Amalec.

2262 1523 2352 1578 DE
2390 1520 2773 1579 REGNORUM
2814 1516 3055 1576 LIBRIS.

1925 1636 1951 1675 ι)
1994 1636 2238 1692 Felmoni
2280 1635 2485 1691 almtmi
2520 1677 2536 1702 ,
2603 1635 2746 1705 quod
2788 1633 2979 1702 Aquila
3028 1631 3459 1702 interpretatur,

1852 1732 2005 1786 illum
2041 1734 2119 1788 vel
2139 1732 2322 1787 istum.
2348 1732 2710 1803 Symmachus
2734 1728 2894 1800 215
2919 1742 3070 1791 vero,
3099 1727 3458 1796 nescioquem

1773 1810 1822 1870 Β
1850 1827 2049 1881 locum.
2081 1826 2386 1881 Theudotio
2414 1867 2429 1891 ,
2470 1826 2621 1880 illum
2654 1825 2833 1879 locum
2887 1822 3080 1877 Elmott
3114 1824 3225 1896 (de
3258 1839 3369 1891 quo
3396 1822 3455 1881 in

1849 1919 2003 1974 libris
2036 1919 2428 1976 Ilebraicarum
2459 1917 2834 1985 Qua-alienant
2865 1915 3080 1988 plenius
3122 1916 3458 1987 diapulatum

1850 2014 1979 2085 ρει).

1923 2109 2093 2177 Fogn,
2118 2109 2315 2163 civitas
2336 2106 2492 2175 regni
2521 2107 2718 2163 Edom.

1922 2200 2137 2261 Farfar.
2170 2200 2367 2255 ﬂuvius
2400 2199 2670 2255 Datnasri.

1917 2295 2183 2358 Fathore,
2217 2295 2370 2364 regio
2397 2294 2615 2367 IEgypti
2642 2294 2794 2362 juxta
2836 2293 3182 2352 Ezechielcm
3209 2303 3266 2353 et
3298 2294 3453 2354 lere-

1848 2388 2036 2456 miam,
2064 2388 2246 2460 inqua
2279 2389 2493 2459 profugi
2526 2388 2841 2444 habitavere
2866 2388 3061 2445 Judaei.

2440 2523 2532 2579 DE
2573 2523 2850 2582 GENESI.

1918 2663 2069 2720 Geon
2092 2704 2106 2729 ,
2136 2663 2333 2718 ﬂuvius
2357 2706 2370 2729 ,
2402 2662 2493 2733 qui
2518 2663 2659 2733 apud
2694 2663 2983 2735 Egyptios
3017 2664 3167 2719 Nilus
3197 2674 3446 2735 vocatur,

1845 2756 1901 2811 in
1918 2756 2173 2824 paradiso
2199 2756 2417 2824 oriens,
2435 2767 2492 2813 et
2524 2756 2833 2813 universam
2853 2756 3186 2829 Aithiopiam
3214 2758 3446 2815 (ircum-

1844 2851 1984 2906 iens.

1914 2943 2239 3008 Gumorrha,
2285 2959 2390 2999 una
2438 2943 2508 3000 de
2538 2946 2780 3017 quinque
2824 2945 3138 3001 Civitatibus
3175 2944 3445 3001 Sodomo-

1842 3052 1993 3103 rum,
2026 3054 2145 3107 quze
2173 3053 2295 3093 cum
2338 3038 2565 3110 reliquis
2605 3039 2786 3093 divina
2819 3040 3021 3095 ultione
3049 3040 3306 3095 subversa
3335 3020 3451 3097 est;

1914 3133 2119 3187 Gerara
2144 3174 2160 3198 ,
2193 3149 2257 3187 ex
2286 3132 2441 3203 cujus
2471 3134 2691 3190 nomine
2719 3150 2863 3189 nunc
2890 3133 3188 3190 Geraritica
3219 3145 3443 3190 Vocatur

1845 3224 1993 3295 regio
2031 3237 2175 3279 trans
2208 3225 2473 3291 Darotna,
2519 3226 2821 3295 proculah
2876 3227 3286 3299 Eletttlteropoli
3320 3225 3441 3281 tnil-

1843 3316 1984 3371 libus
2016 3316 2201 3387 viginti
2229 3318 2471 3389 quinque
2496 3319 2561 3374 ad
2592 3319 2900 3375 meridiem.
2934 3320 3063 3374 Erat
3090 3331 3274 3374 autetn
3302 3320 3435 3375 olim

1841 3409 2104 3465 terminus
2132 3412 2562 3466 Cuanaumorutn
2590 3413 2657 3467 ad
2682 3412 2977 3469 australem
3009 3413 3216 3483 plagam
3234 3455 3249 3475 ,
3278 3423 3327 3466 et
3360 3408 3439 3465 ei-

1840 3505 1978 3560 vitas
2016 3507 2335 3574 metropolis
2366 3507 2692 3562 Palmsunan
2726 3507 3003 3576 Scriptura
3045 3510 3441 3561 commemorat

1838 3597 2005 3654 fuisse
2049 3614 2170 3655 eam
2214 3600 2358 3654 inter
2401 3600 2576 3655 Cades
2616 3609 2671 3654 et
2708 3599 2836 3665 Snr,
2876 3598 2979 3653 hoc
3008 3608 3093 3653 est
3126 3597 3268 3652 inter
3301 3596 3437 3652 duas

1836 3693 2161 3749 soltualittes
2193 3710 2204 3746 :
2236 3710 2465 3764 quarum
2494 3710 2593 3748 una
2623 3692 2861 3765 Egypto
2880 3693 3150 3765 jungitur,
3178 3690 3244 3746 ad
3272 3705 3433 3761 quam

1836 3786 2069 3855 populus
2101 3795 2250 3840 trans
2289 3786 2487 3841 lretutn
2528 3785 2698 3840 Rubri
2742 3786 2909 3839 maris
2946 3788 3219 3857 pervenit;
3264 3786 3437 3841 altera

1836 3892 1967 3933 vero
1998 3881 2170 3936 Gades
2190 3920 2205 3945 ,
2241 3896 2412 3951 usque
2442 3880 2511 3935 ad
2545 3879 2941 3937 Saracenorum
2970 3894 3212 3937 eretnum
3240 3889 3436 3936 exten-

1835 3970 2001 4027 ditur.

1909 4063 2135 4130 Galaad,
2194 4079 2351 4120 mons
2388 4065 2455 4121 ad
2498 4081 2659 4137 quem
2692 4065 2927 4137 septimo
2955 4064 3045 4121 die
3074 4065 3432 4136 profectionis

1834 4171 1864 4209 e
1891 4155 2115 4211 Charris
2136 4156 2304 4211 Jaeoh
2329 4161 2586 4230 profugus
2615 4160 2781 4214 venit.
2811 4160 2903 4215 ESt
2929 4168 3110 4213 autem
3136 4160 3203 4213 atl
3223 4171 3435 4231 tergum

1834 4249 2124 4304 thnices
2145 4262 2198 4304 et
2229 4250 2465 4321 Arabia,
2489 4254 2723 4309 collibus
2754 4254 2939 4309 Libani
2971 4253 3260 4325 copulatus
3294 4273 3307 4310 :
3341 4272 3436 4313 ex-

1836 4341 2184 4413 tenditurque
2211 4358 2305 4413 per
2331 4345 2606 4401 desertum
2636 4361 2805 4415 usque
2844 4346 2910 4400 ad
2940 4362 3066 4401 eum
3101 4347 3313 4416 locum,
3343 4348 3437 4406 ttbi

1833 4444 1983 4491 trans
2005 4436 2301 4493 Iordanem
2347 4439 2611 4494 habitavit
2653 4439 2928 4510 quondam
2953 4442 3094 4499 Seon
3119 4460 3212 4501 rex
3240 4444 3436 4502 Amor-

1832 4527 2125 4585 rltt-orum.
2155 4529 2371 4587 Cecidit
2398 4531 2744 4600 supradictus
2775 4549 2935 4590 Inous
2973 4536 3024 4591 itt
3056 4551 3264 4594 sortem
3298 4541 3436 4595 Illio-

1751 4613 1806 4673 D
1831 4635 1947 4673 rum
1983 4620 2170 4675 Ruben
2198 4625 2275 4691 (et
2299 4621 2435 4689 Gad,
2462 4632 2517 4677 et
2544 4622 2784 4679 dimidia:
2809 4627 2984 4683 tribus
3021 4628 3308 4699 Manasse;
3338 4631 3435 4688 sed

1833 4725 1883 4766 et
1915 4712 2180 4768 Jerentias
2226 4715 2395 4787 (ml.
2429 4715 2463 4772 6
2490 4715 2509 4787 )
2541 4718 2779 4787 loquitur
2803 4761 2818 4783 ,
2853 4720 3064 4778 Galaad
3094 4736 3148 4779 tu
3178 4724 3304 4779 mihi
3333 4726 3436 4780 ini.

1832 4805 1962 4858 tium
1990 4804 2223 4876 Libani),
2266 4823 2296 4861 a
2330 4823 2441 4877 quo
2470 4819 2655 4865 monte
2682 4822 2736 4866 et
2766 4814 2960 4868 civitas
2993 4817 3046 4869 in
3075 4831 3143 4871 eo
3172 4815 3391 4871 Condita
3420 4858 3435 4887 ,

1832 4902 2019 4975 sortita
2055 4899 2377 4954 vocabulum
2408 4911 2493 4957 est
2541 4921 2556 4957 :
2601 4919 2764 4974 quam
2803 4906 2950 4977 cepit
2986 4907 3054 4962 de
3083 4907 3435 4966 Atnorrltato-

1828 5009 1948 5048 rum
1980 5007 2141 5046 manu
2169 4993 2372 5050 Galaatt
2405 4994 2545 5050 ﬁlius
2569 4991 2795 5067 Ma:~hi~,
2826 4999 2918 5055 lilii
2952 5000 3217 5057 Manasse.

1907 5086 2121 5151 Gader,
2174 5088 2365 5149 turris.
2408 5090 2498 5145 ttbi
2542 5090 2824 5147 habitante
2851 5094 3023 5151 .Iaeoh
3051 5140 3065 5165 ,
3095 5096 3285 5153 Ruben
3343 5113 3438 5169 pa-

1834 5177 1935 5234 tris
1966 5178 2185 5234 violavit
2229 5189 2409 5237 torum
2435 5183 2456 5251 (
2480 5200 2602 5254 qua:
2647 5185 2855 5259 absque
2880 5190 2923 5245 G
2957 5189 3136 5247 littera
3161 5234 3178 5260 ,
3227 5193 3279 5247 in
3331 5191 3438 5250 Ile-

1832 5269 1982 5325 Itra-o
2003 5271 2130 5325 oder
2153 5272 2302 5344 (TW)
2328 5275 2630 5347 scribitur).

1906 5363 2204 5431 Gettbaim,
2253 5382 2351 5436 pro
2389 5385 2496 5440 qua
2532 5370 2583 5425 in
2627 5372 2857 5428 Ilebrmo
2887 5375 3121 5444 positum
3150 5377 3317 5450 218
3354 5386 3439 5435 est

1828 5466 2021 5525 Avmt,
2048 5458 2242 5514 civitas
2273 5458 2452 5527 Atlatl,
2483 5465 2574 5531 qtti
2617 5478 2845 5533 quartus
2892 5472 3143 5540 regnavit
3187 5471 3240 5526 itt
3289 5479 3437 5530 terra

144 5526 329 5589 Balaac
368 5551 461 5593 rex
491 5539 719 5596 adduxit
750 5541 967 5598 Balaam
999 5542 1273 5598 hariolum
1318 5542 1373 5599 itt
1424 5544 1725 5615 superetlio
1826 5548 2085 5617 ldutnwa,
2134 5569 2256 5621 qua:
2292 5526 2445 5611 nutth
2470 5526 2750 5614 debal'eue
2771 5526 2993 5616 dicitur:

213 5723 235 5747 “
261 5714 391 5800 Puta
416 5719 704 5779 Denteron.
747 5741 820 5793 tv,
850 5724 943 5792 49,
978 5724 1068 5783 ubi
1101 5728 1203 5785 ὑπὸ
1225 5724 1454 5788 ’Δσηδώθ
1479 5733 1569 5790 τήν
1597 5728 1720 5787 λαυ-

153 5780 323 5847 ζευτὴν
348 5791 792 5863 interpretantur.

1830 5786 1833 5787 ,
1904 5730 1931 5770 δ
1975 5730 2218 5814 Γώνοηὶ
2259 5738 2487 5814 Atatem".
2519 5737 2636 5814 3iam
2679 5740 2748 5795 de
2774 5740 2924 5806 hisee
2965 5746 3275 5810 nominibus
3302 5752 3441 5814 dixi-

1838 5818 1963 5861 mus
1985 5822 2151 5878 supra
2182 5808 2237 5864 ln
2270 5809 2785 5874 Eltttont'.Mut'rtAN.
