4014 6302
559 244 690 313 τωο

1844 225 1902 290 S.
1948 224 2218 289 BUSEBII
2257 214 2633 280 HlERONYMl
3805 200 3888 267 905

651 352 871 415 Gesem,
903 347 1051 421 regio
1081 344 1327 419 (Egypti,
1357 344 1409 399 in
1429 356 1531 413 qua
1564 339 1831 403 habitavit
1855 338 2024 395 Jacob
2048 351 2171 393 cum
2204 335 2255 396 Δ
2282 334 2598 388 scribuntur
2623 328 2844 385 Garizin
2868 335 2920 384 et
2946 325 3139 384 Gebal.
3166 325 3355 421 Galgal
3383 331 3599 421 autem,
3627 321 3786 421 locus
3813 330 3895 375 est

577 447 762 505 liberis
788 444 927 517 suis.

778 620 867 681 DE
908 618 1216 680 NUMERIS
1256 618 1343 681 ET
1385 613 1958 685 DEUTERONOMIO.

556 800 559 801 ⁷
653 803 1058 887 Gasiongaber,
1092 812 1271 860 castra
1307 802 1359 858 in
1390 799 1686 857 solitudine
1724 798 1958 855 ﬁliorum
1990 794 2180 862 lsracl,

580 904 727 959 sicut
757 902 810 956 in
834 894 1193 957 Numerorum
1236 897 1375 957 libro
1405 894 1668 966 scriptum
1698 903 1803 951 est.
1833 893 2005 948 Porro
2031 891 2182 959 juxta

582 994 1066 1055 Deuteronomium
1098 992 1291 1049 civitas
1317 1001 1401 1049 est
1450 989 1617 1051 Esau,
1648 1004 1808 1060 quam
1836 1001 1979 1042 nunc
2004 985 2177 1039 Esiam

579 1089 883 1160 nuncupari
913 1095 1121 1158 putant,
1152 1084 1303 1155 juxta
1336 1097 1484 1139 mare
1513 1080 1757 1137 Rubrum
1786 1088 1841 1135 et
1876 1077 2074 1133 Ailam.
2132 1152 2139 1161 .

560 1182 563 1185 ⁷
656 1181 790 1250 Gai,
838 1181 893 1237 in
938 1179 1238 1239 solitudine
1268 1186 1448 1233 castra
1483 1174 1720 1230 ﬁliorum
1756 1171 1921 1229 Israel
1960 1189 1973 1227 :
2007 1179 2062 1225 et
2092 1186 2181 1225 uss

581 1292 689 1349 que
713 1273 880 1331 hodie
907 1272 1041 1330 Gaia
1075 1271 1206 1329 urbs
1232 1270 1434 1328 dicitur
1457 1267 1785 1334 Palmstinae,
1808 1266 1959 1338 juxta
1990 1265 2183 1320 civita-

582 1377 693 1425 tem
719 1368 958 1424 Petram.
1492 1422 1495 1427 λ

652 1462 881 1519 Gelmnn
915 1460 1282 1527 Deblalhaim,
1307 1469 1509 1526 castra,
1544 1458 1594 1513 id
1634 1465 1716 1514 est
1741 1498 1755 1525 ,
1802 1455 2014 1512 mansio
2042 1453 2182 1510 ﬁlio—

581 1570 702 1613 rum
730 1553 895 1610 Israel
924 1553 977 1608 in
1012 1552 1255 1609 deserto.

564 1672 567 1676 ·
654 1646 910 1719 Gadgad,
953 1661 1108 1703 mons
1137 1647 1191 1702 in
1230 1645 1487 1710 deserto,
1532 1644 1625 1700 ubi
1655 1642 2027 1700 castrametati
2059 1651 2185 1698 sunt

584 1739 686 1798 ﬁlii
718 1741 904 1796 Israel.

657 1835 824 1901 Gaza,
853 1834 1050 1891 civitas
1080 1834 1393 1901 Evzeorum,
1419 1834 1473 1889 in
1504 1848 1610 1905 qua
1636 1830 1953 1889 habitavere
1979 1832 2188 1903 Cappa-

560 1926 777 1993 doces,
808 1927 1055 1999 pristinis
1090 1927 1393 1983 cultoribus
1429 1926 1756 1982 interfectis.
1784 1925 1941 1993 Apud
1972 1935 2190 1980 veteres

586 2034 704 2080 erat
737 2022 1005 2077 terminus
1037 2020 1467 2076 (Athananzeorum
1506 2020 1657 2090 juxta
1690 2019 1985 2089 Aigyptum
2005 2059 2020 2085 ,
2047 2018 2192 2071 ceci-

588 2114 777 2185 ditque
800 2114 853 2168 in
882 2122 907 2151 α
938 2121 1141 2168 sortem
1176 2112 1350 2167 tribus
1375 2111 1531 2168 Iudae
1560 2128 1573 2165 :
1599 2111 1695 2167 sed
1718 2126 1838 2190 eam
1865 2118 2056 2165 tenere
2082 2124 2189 2164 non

587 2205 785 2277 potuit,
806 2204 934 2276 quia
964 2204 1212 2266 Enacim,
1247 2204 1298 2259 id
1328 2214 1411 2259 est
1457 2204 1741 2275 gigantes,
1775 2203 2189 2275 Allopbyiorum

583 2295 897 2363 fortissimi,
930 2297 1286 2361 restiterunt;
1336 2304 1393 2353 et
1431 2305 1517 2356 est
1545 2312 1715 2368 usque
1749 2296 1911 2351 hodie
1962 2295 2192 2368 insignis

585 2390 783 2446 civitas
838 2390 1162 2444 Palaestinas.
1203 2388 1519 2460 (Qttzurilur
1564 2403 1750 2447 autem
1804 2389 2085 2461 quomodo
2136 2388 2189 2443 iu

587 2483 823 2554 quodam
845 2481 873 2520 ιι
905 2482 1178 2554 Propheta
1206 2482 1420 2547 dicatur
1453 2482 1598 2541 Gaza
1630 2482 1811 2538 futura
1840 2484 1893 2537 in
1923 2483 2191 2537 tumulum

587 2574 986 2643 setupiteruum
1021 2590 1034 2626 :
1065 2572 1209 2644 quod
1258 2573 1491 2628 solvitur
1537 2574 1609 2628 ita
1642 2591 1654 2626 :
1684 2576 1923 2645 antiqua:
1952 2571 2192 2629 civitatis

585 2668 766 2724 locum
793 2667 885 2721 vix
931 2667 1411 2725 fundamentorum
1464 2667 1711 2737 praebere
1758 2667 2019 2736 vestigia,
2053 2664 2193 2720 hanc

585 2772 769 2818 autem
793 2777 915 2834 qum
942 2774 1089 2818 nunc
1133 2761 1380 2818 cernitur
1412 2761 1466 2815 in
1511 2760 1620 2816 alio
1649 2761 1788 2827 loco,
1823 2775 1923 2831 pro
1950 2760 2039 2814 illa
2070 2774 2191 2829 quae

587 2858 820 2921 corruit,
859 2853 1236 2927 aediﬁcatam.)

660 2948 913 3020 Gargasi,
940 2950 1134 3004 civitas
1158 2957 1312 3003 trans
1330 2947 1649 3010 Iordanem,
1676 2947 1862 3017 juncta
1890 2946 2058 3001 monti
2086 2944 2193 3001 Ga-

589 3039 734 3103 laad,
793 3055 957 3110 quam
1016 3042 1189 3097 tenuit
1236 3042 1410 3096 tribus
1450 3040 1715 3096 Manasse.
1752 3051 1774 3080 θ
1811 3040 1873 3095 Ει
1906 3041 2020 3093 Ιιωο
2063 3054 2185 3095 esse

590 3121 741 3189 nunc.
762 3105 965 3189 dicitur
1001 3133 1227 3201 Gerasn,
1275 3134 1407 3190 urbs
1438 3134 1662 3206 ius?gnis
1694 3134 1925 3190 Arabize.
1957 3134 2187 3201 Quidam
2213 3105 2257 3170 Ο

589 3237 776 3283 autem
809 3226 980 3294 ipsam
1007 3240 1133 3282 esse
1160 3225 1430 3282 Gadaram
1467 3228 1759 3282 :estimant.
1792 3225 1899 3283 Sed
1926 3235 1983 3283 et
2012 3226 2189 3282 Evan-

590 3319 793 3393 gelium
822 3318 1073 3376 meminit
1098 3319 1557 3390 Gergesenorum.

664 3412 938 3485 Gaggsda,
965 3414 1055 3469 ubi
1084 3427 1347 3485 aquarum
1375 3422 1654 3471 torrentes
1698 3422 1846 3469 sunt.
1881 3415 1975 3471 Est
1999 3425 2183 3473 autem

587 3508 744 3565 locus
767 3508 820 3564 in
851 3507 1165 3565 solitudine.

660 3597 894 3668 Gauion,
922 3602 1039 3658 sive
1068 3602 1281 3668 Galam,
1316 3602 1370 3657 in
1410 3603 1555 3658 tribu
1584 3602 1829 3660 Manasse
1874 3604 2067 3660 civitas
2097 3621 2185 3661 sa-

586 3694 885 3753 cerdotalis
932 3705 986 3751 et
1042 3695 1433 3767 fugitivorum,
1478 3696 1531 3752 iu
1578 3699 1801 3768 regione
1850 3698 2178 3754 Basanitide.

582 3788 693 3847 Sed
724 3798 779 3846 et
807 3804 949 3845 nunc
979 3789 1189 3846 Gaulon
1215 3800 1442 3845 vocatur
1471 3791 1595 3846 villa
1630 3790 1966 3861 pragmndis
1994 3792 2048 3846 in
2078 3792 2182 3846 Ba-

586 3892 783 3949 tanma,
807 3898 877 3940 ex
914 3882 1069 3954 cujus
1100 3886 1321 3939 nomine
1347 3891 1403 3938 et
1446 3883 1603 3954 regio
1640 3884 1831 3941 sortita
1856 3883 2181 3939 vocabulum

588 3983 696 4031 est.

657 4068 856 4132 Gebai,
882 4082 1040 4124 mons
1070 4069 1124 4124 in
1157 4079 1301 4126 terra
1332 4068 1812 4136 repromissionis,
1848 4068 1938 4124 ubi
1985 4067 2053 4123 ad
2083 4067 2183 4123 im-

584 4164 795 4236 perium
853 4162 1017 4220 llosis
1065 4163 1238 4220 altare
1265 4172 1640 4220 constructum
1693 4165 1857 4238 219
1884 4172 1988 4221 est.
2044 4165 2185 4220 Sunt

582 4269 766 4314 autem
818 4259 969 4330 juxta
1002 4257 1225 4315 Jericho
1265 4258 1374 4314 duo
1419 4266 1637 4313 montes
1678 4261 1837 4314 vieini
1893 4264 2085 4315 contra
2122 4273 2182 4315 se

584 4350 823 4406 invicem
852 4350 1233 4422 respicientes,
1260 4367 1293 4407 θ
1320 4351 1552 4422 quibus,
1584 4366 1727 4406 unus
1753 4351 2014 4418 Garizim,
2043 4351 2182 4407 alter

586 4442 763 4499 Gebal
806 4445 1030 4501 dicitur.
1066 4446 1241 4502 Porro
1283 4446 1616 4503 Samaritani
1668 4445 2035 4509 arbitrantur,
2081 4446 2182 4501 hos

586 4537 727 4605 duos
764 4550 976 4594 montes
1001 4541 1150 4609 juxta
1180 4540 1459 4607 Neapolim
1491 4554 1653 4608 esse;
1685 4538 1785 4595 sed
1825 4539 2182 4595 vehementer

585 4641 769 4688 errant
803 4650 817 4687 :
852 4633 1138 4703 plurimum
1162 4636 1305 4691 enim
1332 4637 1475 4691 inter
1492 4651 1551 4690 se
1573 4635 1799 4700 distant,
1825 4648 1925 4690 uec
1955 4645 2182 4704 possunt

582 4724 822 4781 invicem
851 4725 1291 4784 benedicentinm
1319 4728 1440 4785 sive
1463 4729 1907 4785 maledicentiam
1958 4728 2101 4785 inter
2120 4745 2180 4786 se

583 4817 763 4874 audiri
793 4834 954 4876 voces
984 4820 1153 4892 (quod
1182 4820 1465 4891 Scriptura
1489 4822 1932 4894 commemorat).

656 4914 895 4979 Garizin,
927 4930 1087 4971 mons
1106 4930 1273 4986 super
1315 4931 1478 4988 quem
1511 4925 1782 4973 steterunt
1810 4915 1867 4971 hi
1889 4915 1979 4988 qui
2011 4915 2181 4972 malc-

584 5005 727 5062 dicta
759 5008 1107 5071 resonabant,
1128 5008 1281 5078 juxta
1311 5022 1475 5077 supra
1491 5009 1696 5064 dictum
1720 5022 1959 5064 montem
1981 5008 2176 5065 Gebal.

656 5099 869 5170 Golgol,
916 5116 1039 5169 quas
1087 5109 1146 5157 et
1192 5100 1379 5172 Galgal
1398 5144 1412 5167 ,
1436 5102 1593 5171 juxta
1622 5115 1788 5174 quam
1818 5112 2030 5159 montes
2058 5120 2181 5162 esse

659 5267 683 5296 ⁸
708 5258 911 5314 Sortem
942 5258 1101 5312 tribus
1116 5256 1293 5314 Iudae.
1319 5259 1469 5314 Unus
1493 5275 1593 5318 ms.
1624 5262 1793 5321 cadas
1822 5262 2176 5321 Colbertinus

582 5340 686 5404 pm
714 5322 871 5404 ,ἔρραιε
884 5329 1027 5404 legit
1051 5329 1262 5404 JQsI’ph.
1299 5331 1566 5404 ΜΑΜΊΑῌ.

656 5402 684 5441 b
706 5400 851 5476 Puta
879 5400 1251 5476 Sophonianv.
1279 5418 1401 5476 cap.
1434 5418 1489 5476 lt.
1519 5401 1654 5459 llinc
1700 5413 1754 5461 et
1805 5405 1857 5457 in
1903 5404 2180 5476 Ariospas—

585 5474 767 5528 matiis
802 5472 997 5527 incerti
1029 5474 1267 5530 auctoris
1300 5474 1475 5545 εἶτωεί
1505 5483 1654 5529 tonio
1692 5484 1887 5545 quarto
1940 5472 2181 5541 Geogra—

581 5545 817 5635 phorum
844 5544 1003 5635 Minor
1022 5562 1109 5635 unt
1141 5545 1303 5635 N_ov_:e
1344 5543 1504 5635 οδω
1529 5543 1871 5635 est‘men'tio.
1922 5548 2085 5635 ss‘sva‘t~
2113 5549 2181 5635 ea“

603 5615 933 5691 ξινοκρρρνρα
964 5619 995 5675 ἡ
1039 5618 1126 5673 νέα
1153 5621 1292 5691 Γὸιέζα
1335 5625 1499 5691 κεῖται
1545 5616 1689 5678 πόλις
1734 5612 1864 5691 abem
1893 5620 1980 5672 καὶ

572 5683 1161 5757 ηΡοδιΛΙῖΙιὶἠᾳσρῃιταηι
1209 5683 1357 5743 Nova
1395 5685 1559 5757 Quae,
1583 5701 1697 5757 qua:
1719 5698 1772 5757 et
1802 5688 1916 5757 ipsa
1948 5697 2021 5757 est
2051 5689 2179 5746 citi.

589 5756 687 5813 tos,
705 5755 800 5803 situ
823 5764 914 5805 est.
940 5754 1057 5805 Vld.
1081 5766 1129 5809 et
1153 5757 1400 5810 Curti-im
1424 5754 1518 5813 lib.
1538 5754 1611 5821 t‘v',
1636 5760 1686 5812 et
1703 5754 1991 5823 Arrianum
2007 5754 2102 5816 lib.
2120 5775 2181 5815 tt.

2279 426 2431 496 juxta
2467 423 2709 481 Iericho.
2749 424 2977 497 (Errant
3026 422 3190 494 igitur
3236 417 3591 479 Samaritani,
3628 415 3722 485 qui
3752 413 3893 484 juxta

2288 519 2572 589 Neapolim
2604 517 2821 574 Garizin
2850 524 2904 572 et
2923 514 3093 571 Gebal
3118 523 3328 568 montes
3357 509 3659 567 ostendere
3686 506 3889 569 volunt,

2282 627 2404 668 com
2452 610 2573 667 illos
2598 610 2755 681 juxta
2788 608 2979 677 Galgal
3009 621 3134 663 esse
3162 606 3444 674 Scriptura
3475 599 3763 671 testetur.)

2355 707 2476 768 Gai,
2522 708 2574 760 in
2604 705 2781 769 Moab,
2824 702 2965 776 quod
3027 701 3445 769 interpretatur,
3494 695 3655 767 vallis
3707 691 3893 755 Monii.

2282 802 2434 876 juxta
2464 800 2699 871 Phogor,
2736 798 2824 854 ubi
2855 793 3101 863 sepultus
3128 803 3211 848 est
3239 790 3441 848 Moses.

2818 955 2904 1010 DE
2935 952 3137 1009 LIBRO
3164 949 3354 1007 JESU.

2362 1092 2601 1171 Gaigaia,
2626 1098 2741 1153 lucc
2769 1097 2855 1145 est
2880 1103 3041 1160 quam
3065 1100 3227 1155 supra
3258 1082 3546 1156 posuimus
3576 1080 3801 1171 Golgol,
3828 1081 3889 1136 ad

2287 1170 2608 1243 orientalem
2650 1184 2857 1254 plagam
2901 1180 3136 1250 antiquae
3176 1176 3431 1237 Jerii-hus
3469 1176 3549 1231 cis
3575 1170 3895 1237 Iordanem,

2288 1283 2378 1339 ubi
2407 1281 2566 1339 lesus
2593 1276 2841 1335 secundo
2875 1276 3137 1347 populum
3176 1269 3555 1336 circumcidit,
3606 1280 3662 1328 et
3692 1267 3897 1325 Pascha

2288 1374 2613 1439 celebravit,
2664 1381 2718 1427 ct
2771 1370 3061 1425 deﬁciente
3093 1382 3329 1432 manui,
3382 1364 3613 1425 triticeis
3668 1362 3898 1436 panibus

2290 1484 2426 1527 usus
2475 1477 2557 1523 est
2599 1464 2786 1520 lsrael.
2824 1462 2880 1517 lu
2910 1462 3033 1531 ipso
3089 1459 3214 1514 loco
3240 1457 3451 1526 lapides
3482 1472 3725 1529 quoque,
3770 1469 3900 1525 quos

2288 1563 2357 1617 de
2386 1560 2541 1615 alveo
2564 1556 2669 1627 (Al.
2702 1552 2930 1624 alveolo)
2964 1551 3219 1608 Jordauis
3250 1549 3506 1611 tulerant,
3551 1557 3896 1603 statuerunt:

2291 1651 2379 1706 ubi
2408 1659 2464 1705 et
2492 1646 2901 1709 tabernaculum
2932 1642 3233 1699 testimonii
3260 1641 3421 1699 ﬁxum
3450 1640 3624 1695 multo
3652 1648 3898 1709 tempore

2217 1722 2265 1782 Β
2294 1748 2413 1803 luit.
2439 1742 2649 1800 Cecidit
2672 1750 2855 1796 autem
2894 1740 2947 1795 in
2974 1747 3178 1795 sortem
3215 1736 3380 1790 trilms
3418 1732 3589 1798 ludar,
3621 1743 3679 1788 et
3713 1744 3902 1787 osten-

2294 1838 2440 1895 ditur
2473 1851 2641 1907 usque
2685 1833 2849 1890 hodie
2892 1832 3047 1893 locus
3076 1830 3322 1884 desertus
3364 1828 3415 1883 iu
3456 1826 3701 1882 secundo
3745 1825 3901 1882 Jeri.

2294 1931 2431 1991 CilllS
2484 1930 2762 1997 milliario,
2814 1927 2880 1983 ab
2914 1926 3058 1981 illius
3102 1922 3339 1996 regionis
3384 1921 3704 1979 mortalibus
3757 1919 3902 1973 miro

2293 2028 2445 2085 cultu
2495 2024 2735 2083 habitus.
2789 2022 2897 2079 Sed
2929 2031 2985 2077 et
3027 2020 3180 2093 juxta
3216 2015 3404 2073 Bctbcl
3454 2013 3683 2093 quidam
3740 2014 3897 2068 aliam

2294 2118 2572 2188 Galgaiam
2596 2117 2968 2189 suspicantur.

2364 2212 2497 2279 Gai,
2533 2211 2685 2282 juxta
2737 2207 2945 2265 Bethan
2988 2214 3042 2261 et
3089 2203 3313 2269 Bethel,
3348 2217 3510 2275 quam
3567 2199 3895 2269 expugnavit

2292 2301 2475 2369 Jesus,
2505 2316 2633 2371 rege
2666 2299 2807 2361 illius
2838 2296 3221 2363 interfecto,et
3236 2293 3496 2350 habitavit
3518 2294 3573 2348 in
3604 2293 3699 2349 illa
3729 2310 3891 2363 quon-

2293 2396 2416 2451 dam
2441 2397 2574 2449 citra
2593 2395 2705 2467 (Al.
2730 2392 2893 2463 circa)
2922 2391 3215 2447 Iordanem
3235 2390 3614 2457 Amorrbaaus,
3642 2404 3785 2443 nunc
3806 2387 3891 2443 de-

2294 2498 2473 2549 serius
2501 2495 2707 2542 tantum
2738 2484 3043 2540 ostenditur
3063 2483 3242 2539 locus.

2366 2580 2615 2646 Gabaon,
2673 2578 2818 2634 unde
2859 2577 3175 2633 Gabaonitae
3214 2574 3495 2647 supplices
3520 2583 3790 2629 venerunt
3831 2573 3889 2629 ad

2294 2672 2479 2728 Jesum
2517 2689 2530 2726 :
2556 2671 2815 2728 eratolim
2838 2669 3154 2739 metrOpolis
3179 2678 3234 2725 et
3258 2668 3455 2743 regalis
3486 2666 3677 2725 civitas
3708 2668 3891 2724 Evsce-

2293 2782 2453 2831 rum,
2505 2762 2809 2835 ceciditque
2861 2764 2915 2819 in
2965 2773 3169 2819 sortem
3231 2763 3401 2818 tribus
3458 2763 3768 2831 Benjamin.
3834 2762 3893 2817 Et

2294 2874 2440 2915 nunc
2471 2858 2774 2915 ostenditur
2802 2858 2928 2913 villa
2960 2858 3152 2913 eodem
3180 2856 3404 2912 nomine
3427 2855 3480 2911 in
3513 2867 3713 2928 quarto
3740 2857 3891 2930 222

2293 2952 2551 3007 lliilliﬁl‘itl
2611 2951 2849 3007 Betbelis
2929 2960 3114 3007 contra
3174 2949 3573 3025 occidentalem
3638 2948 3889 3021 plagam,

2288 3048 2445 3118 juxta
2474 3046 2637 3102 Rama
2671 3056 2724 3102 et
2752 3046 3019 3102 Remmon
3050 3063 3063 3100 :
3095 3046 3189 3101 ubi
3231 3044 3494 3100 Solomon
3550 3042 3747 3102 hostiis
3796 3043 3892 3099 int-

2292 3142 2534 3205 molatis,
2567 3140 2807 3197 divinum
2834 3142 3034 3196 meruit
3078 3139 3383 3196 oraculum.
3433 3139 3556 3199 Fuit
3607 3148 3788 3195 autem
3841 3146 3893 3194 et

2290 3234 2406 3307 ipsa
2442 3244 2689 3305 separata
2720 3234 2944 3289 Levitis.

2363 3329 2536 3395 Gahe,
2577 3327 2742 3384 sortis
2772 3327 3079 3399 Benjamin,
3108 3336 3164 3382 et
3197 3325 3313 3383 hazc
3355 3324 3560 3385 Levitis
3590 3323 3786 3381 civitas
3814 3339 3892 3380 sco

2292 3430 2505 3496 parata.

2360 3514 2559 3579 Gazer,
2596 3514 2647 3569 in
2690 3521 2838 3569 sorte
2896 3513 3070 3567 tribus
3116 3510 3400 3581 Ephraim,
3450 3511 3583 3567 urbs
3644 3520 3892 3583 separata

2288 3608 2496 3665 Levitis
2521 3626 2533 3661 :
2557 3624 2716 3678 quam
2740 3616 2797 3662 et
2815 3608 2987 3679 ipsam
3007 3607 3344 3685 expugnavit
3372 3605 3552 3673 Jesus,
3585 3621 3717 3681 rege
3741 3605 3891 3662 illius

2287 3698 2597 3755 interfecto.
2635 3697 2923 3754 Aﬁdiﬁcata
2949 3708 3032 3754 est
3058 3708 3238 3755 autem
3273 3706 3459 3768 postea
3491 3714 3521 3755 a
3551 3697 3857 3754 Solomone
3882 3715 3892 3750 :

2288 3809 2433 3849 nunc
2480 3792 2685 3853 Gazara
2732 3793 2858 3847 villa
2886 3792 3087 3848 dicitur
3116 3790 3170 3847 in
3203 3800 3399 3864 quarto
3440 3789 3699 3848 milliaria
3726 3789 3889 3847 Nico-

2287 3887 2477 3957 poleos
2523 3892 2713 3940 contra
2761 3888 3218 3955 septentrionem.
3273 3884 3665 3945 Verumtamen
3721 3889 3898 3939 scien-

2286 3979 2439 4040 dum,
2489 3977 2634 4049 quod
2679 3977 3018 4049 alienigenas
3059 3994 3130 4035 ex
3171 3993 3235 4038 ea
3276 3974 3538 4049 Ephraim
3584 3993 3692 4033 non
3724 3976 3895 4050 potuit

2285 4073 2594 4144 expellere.

2357 4170 2566 4236 Goson,
2600 4178 2655 4225 et
2680 4170 2820 4224 bane
2848 4167 3379 4240 expugnavitJesus.

2356 4262 2518 4326 Gt‘lh,
2552 4262 2605 4325 iu
2637 4262 2738 4329 hac
2764 4262 3035 4335 gigantes,
3074 4262 3164 4331 qui
3196 4260 3535 4315 vocabantur
3562 4256 3812 4324 Enacim,
3844 4267 3897 4312 et

2285 4355 2699 4413 Philistiuorum
2724 4355 2925 4410 accola:
2948 4365 3387 4425 permanserunt.
3412 4351 3731 4413 Ostenditur
3746 4352 3894 4407 vicus

2286 4450 2339 4506 in
2372 4449 2563 4522 quinto
2592 4450 2850 4506 milliario
2890 4450 2958 4505 ab
2991 4446 3403 4523 Eleutheropoli
3448 4446 3703 4504 euntibus
3739 4446 3892 4503 Dios-

2293 4543 2482 4613 polim.

2360 4637 2579 4703 Gesom,
2614 4636 2805 4694 civitas
2828 4634 3279 4709 alienigenarum,
3313 4651 3437 4707 qum
3459 4642 3539 4692 est
3568 4636 3621 4689 iu
3658 4634 3889 4708 Gargasi

2288 4731 2342 4787 in
2390 4732 2701 4787 Basanitide
2728 4749 2739 4785 :
2767 4730 2835 4786 de
2876 4746 2980 4803 qua
3016 4731 3111 4786 lilii
3151 4730 3315 4792 Israel
3344 4731 3620 4805 expellere
3664 4747 3771 4786 non
3803 4746 3889 4784 va-

2287 4825 2510 4881 luerunt
2537 4824 2755 4881 Gesuri.

2360 4917 2563 4980 Gader,
2596 4927 2651 4972 et
2683 4915 2842 4987 hujus
2884 4930 3065 4990 regem
3110 4913 3385 4979 interiecit
3413 4914 3597 4979 Jesus.
3638 4914 3888 4986 Legimus

2288 5011 2434 5081 quod
2468 5010 2636 5065 Jacoh
2669 5021 2817 5065 trans
2844 5008 3034 5065 turrim
3067 5010 3248 5065 (Iader
3270 5009 3450 5067 ﬁxerit
3482 5011 3887 5067 tabernaculum

2289 5121 2444 5161 suum
2475 5104 2639 5176 (Gen.
2666 5104 2935 5173 xxxv,16,
2961 5104 3104 5176 apud
3126 5102 3316 5176 LXX).

2359 5274 2381 5305 ο
2395 5263 2659 5325 Origenes
2676 5277 2829 5335 vero,
2852 5263 2921 5335 in
2935 5263 3268 5323 Matthaatm.
3296 5278 3420 5331 pag.
3448 5265 3544 5319 ηε
3562 5306 3575 5327 ,
3594 5262 3885 5335 Gorgonas

2285 5336 2590 5393 Pala’snnae
2618 5350 2645 5389 a
2672 5334 2876 5390 Gerasa
2900 5334 3118 5391 Arabia:
3149 5335 3451 5404 distinguit.
3484 5336 3562 5391 Ex
3598 5334 3888 5393 Btolemzeo

2286 5422 2501 5477 quoque
2540 5406 2805 5477 discimus
2829 5407 2967 5477 duas
2993 5408 3347 5477 euguomines
3392 5407 3559 5473 urbes
3587 5409 3879 5477 exsti=isse,

2285 5470 2510 5533 alteram
2542 5480 2595 5531 in
2638 5476 2971 5545 Cit-Ie—Syt‘ia
2991 5519 3006 5545 ,
3032 5470 3189 5543 ciijus
3215 5488 3266 5529 et
3295 5472 3605 5536 Stephanus
3664 5470 3879 5545 Byzanl.

2289 5548 2557 5626 nteirtinib
2580 5541 2955 5626 I‘s'pszaa_nd)ttg
2980 5541 3072 5613 ἑῆς
3102 5541 3280 5626 Vitellia;
3310 5551 3494 5626 Συρξᾳς
3529 5567 3542 5602 :
3570 5541 3801 5603 'alter'am
3837 5550 3884 5601 in

2288 5621 2487 5675 Arabia
2522 5620 2748 5674 Petram.
2783 5624 3022 5690 Denique
3064 5631 3117 5675 et
3150 5620 3720 5675 Flaccus'Gerasorum
3772 5637 3881 5686 prc-

2289 5691 2745 5817 zingsiwﬁnzlrtubiw
2803 5692 3095 5765 Episcopus
3153 5690 3585 5769 Calchedot‘tensi
3656 5690 3881 5755 concilio

2324 5780 2351 5817 u
2425 5777 2452 5816 c
2543 5776 2633 5814 st.

2292 5762 2633 5830 subscripsit.
2856 5762 2863 5764 ⁷
3002 5762 3013 5765 “
3578 5766 3579 5769 ‘
