4014 6298
584 244 688 302 905

654 357 854 413 Gettha
884 383 906 396 -
935 351 1217 422 Chopher,
1250 349 1397 406 unde
1427 351 1598 406 Jonas
1624 347 1896 419 Propheta
1929 348 2048 403 luit.

652 446 821 504 Gaddi
841 488 854 511 ,
915 459 1080 515 quam
1116 442 1384 512 putettssll
1416 442 1582 497 Azael
1615 456 1710 497 rex
1743 441 2010 495 Damasci.
2074 437 2186 494 Po-

582 541 684 595 sita
716 546 802 593 est
831 549 888 593 et
918 553 1083 608 supra
1117 535 1328 592 Gadda.

653 631 911 691 Gemala.
944 629 1093 699 regio
1133 629 1534 692 lduuueorum,
1578 642 1676 697 pro
1714 642 1820 697 qua
1875 625 2072 696 Aquila
2137 633 2191 679 et

582 724 944 798 Symmachus
975 724 1436 790 interpretantur,
1468 720 1662 774 vallem
1696 718 1849 773 salis.

660 817 869 882 Gebin,
901 814 1144 869 meminit
1178 813 1339 881 hujus
1379 811 1567 865 Ιδξιίειε.
1610 811 1677 864 Ει
1721 820 1806 865 est
1842 810 1966 864 villa
2009 808 2190 874 Geba,

595 910 650 966 in
683 909 875 976 quinto
908 905 1172 960 milliario
1203 924 1228 955 a
1262 903 1516 974 anhnis
1545 904 1803 957 euntibus
1833 902 2131 972 Neapolim.

664 1000 824 1074 227
854 999 1036 1054 Gozm
1065 1037 1080 1057 .
1109 999 1160 1050 in
1197 1011 1420 1068 regione
1456 995 1649 1050 Emath
1675 1012 1688 1049 :
1724 1004 1779 1050 et
1810 995 1966 1064 hujus
1998 995 2194 1052 menti-

595 1094 675 1152 nit
705 1094 890 1148 lmias.
928 1092 1027 1146 Est
1058 1099 1243 1145 autem
1282 1089 1333 1144 in
1369 1088 1566 1143 linibus
1599 1089 1866 1143 Damasci.

664 1188 879 1253 Gareb,
919 1186 1078 1240 collis
1113 1184 1267 1255 juxta
1310 1181 1650 1249 Jerusalem,
1695 1184 1836 1235 sicut
1884 1179 2071 1236 scribit
2108 1179 2198 1235 Ie-

595 1280 819 1336 remias.

669 1381 694 1410 ³
723 1370 964 1428 Gebarth
992 1388 1005 1424 :
1039 1384 1137 1441 pro
1169 1384 1276 1441 quo
1305 1369 1494 1438 Aquila
1525 1370 1942 1438 interpretatur,
1968 1366 2019 1420 in
2051 1365 2197 1433 Sepi-

600 1465 704 1521 bus
730 1483 744 1519 :
769 1463 1132 1536 Symmachus
1155 1478 1306 1530 vero,
1332 1464 1382 1516 in
1405 1462 1654 1518 Colonii~.
1675 1462 1840 1533 (Lege
1858 1460 2198 1528 Ieretniam.)

669 1561 852 1629 Gepha
875 1601 888 1622 ,
923 1574 1121 1613 nomen
1164 1557 1435 1627 regionis,
1468 1566 1526 1610 ut
1556 1558 1608 1610 in
1639 1556 1771 1610 ISaia
1803 1557 2062 1626 scriptum
2093 1562 2198 1608 est.

667 1650 892 1708 Gatnem
918 1693 932 1717 ,
974 1649 1094 1706 sive
1131 1650 1374 1714 Gamou,
1416 1649 1573 1719 regio
1613 1649 2007 1713 Moabitarunt,
2046 1646 2197 1716 juxta

603 1741 826 1799 Isaiam.

1125 1836 1214 1891 DE
1259 1835 1696 1892 EVANGELIIS.

673 1929 917 1996 Gadara,
973 1929 1104 1984 urbs
1147 1943 1294 1984 trans
1332 1930 1632 1986 IOIdJnem
1681 1972 1697 1996 ,
1738 1941 1930 1984 contra
1971 1927 2205 2001 Scytho-

602 2027 768 2100 politu
802 2036 858 2082 et
885 2025 1249 2098 Tyberiatlem
1281 2027 1347 2080 ad
1380 2026 1716 2082 orientalem
1753 2025 1965 2096 plagam
2004 2026 2108 2078 sita
2151 2022 2203 2077 in

599 2133 819 2189 monte,
876 2122 942 2175 ad
981 2124 1136 2191 enjus
1177 2120 1390 2176 radices
1420 2136 1577 2190 aqua:
1611 2119 1804 2175 calida:
1863 2125 2202 2189 erumpunt,

607 2217 821 2273 balucis
850 2216 1087 2288 desuper
1113 2215 1412 2270 :edilicatis.

675 2310 918 2382 Gergesa
942 2350 956 2373 ,
993 2311 1080 2363 tibi
1124 2325 1221 2363 eos
1258 2311 1348 2379 qui
1392 2323 1421 2362 a
1461 2307 1805 2364 daemonibus
1846 2304 2203 2372 vexabantur,

607 2403 860 2462 Salvator
884 2404 1125 2458 restituit
1153 2403 1410 2467 sanitati,
1443 2413 1498 2457 et
1538 2401 1810 2471 hodieque
1849 2415 2016 2470 super
2056 2415 2210 2451 tuon-

607 2507 715 2555 tem
754 2499 962 2553 viculus
1000 2497 1434 2560 demonstratur,
1471 2495 1623 2566 juxta
1664 2507 1916 2566 stagnum
1949 2491 2209 2564 'I‘yberia-

602 2593 688 2648 dis
709 2634 724 2659 ,
758 2593 811 2647 in
843 2593 989 2664 quod
1023 2593 1172 2664 porci
1200 2590 1528 2664 pra-cipitati
1557 2598 1707 2645 sunt.
1737 2589 1982 2644 Diximus
2006 2588 2076 2642 de
2105 2586 2210 2642 hoc

608 2697 662 2744 et
693 2699 880 2754 supra.

679 2777 1036 2832 Gezltsetnani
1065 2821 1079 2845 ,
1113 2777 1267 2832 locus
1307 2775 1397 2832 ubi
1438 2775 1689 2832 Salvator
1727 2785 1854 2830 ante
1893 2773 2207 2828 Passionctn

607 2878 808 2923 oratut.
855 2871 948 2924 Est
987 2881 1173 2925 autem
1216 2873 1283 2924 ad
1328 2872 1540 2925 radices
1579 2869 1782 2924 montis
1829 2867 2028 2924 Oliveti
2068 2882 2210 2923 nunc

615 2963 859 3019 Eccle~ia
889 2964 1128 3034 desuper
1157 2967 1444 3020 :cditicata.

684 3056 951 3127 G-ilgotha
997 3059 1148 3113 locus
1185 3060 1489 3128 (Σειιι-ίιτίεε,
1537 3062 1590 3115 in
1631 3075 1741 3130 quo
1793 3059 2047 3116 Salvator
2107 3075 2205 3126 pro

615 3150 789 3207 salute
821 3153 1063 3205 ninnium
1092 3154 1386 3208 cruciﬁxus
1417 3164 1538 3219 est,
1561 3163 1616 3209 et
1641 3169 1810 3224 usque
1839 3153 2003 3208 hodie
2029 3163 2211 3209 ostcn-
2238 3134 2284 3197 (ἶ

614 3245 761 3301 ditur
813 3244 867 3300 in
918 3243 1063 3301 Elia
1115 3247 1182 3301 ad
1228 3250 1716 3318 septentrionalem
1759 3249 1968 3320 plagam
2008 3249 2212 3304 montis

612 3338 769 3396 Sion.

1215 3434 1305 3489 DE
1345 3434 1616 3491 GENESI.

683 3524 888 3589 Iaboc,
933 3525 1158 3591 ﬂuvius,
1200 3542 1310 3598 quo
1352 3532 1704 3596 transmisso,
1749 3530 1982 3586 luctatus
2017 3539 2101 3587 est
2126 3530 2218 3586 Ia-

612 3616 717 3672 eob
746 3617 1010 3673 adversus
1038 3635 1158 3674 eum
1180 3661 1194 3686 ,
1225 3621 1315 3690 qui
1349 3621 1452 3674 sibi
1486 3631 1851 3691 apparuerat,
1883 3632 2217 3694 vocatusque

617 3720 702 3766 est
730 3711 916 3768 Israel.
949 3711 1090 3767 Fluit
1125 3723 1306 3768 autem
1338 3715 1481 3770 inter
1509 3716 1775 3779 Amman,
1811 3717 1861 3770 id
1891 3726 2006 3783 est,
2039 3717 2218 3771 Phila-

611 3805 928 3875 delphiatn,
966 3819 1020 3863 et
1061 3808 1314 3864 Gerazan
1366 3810 1453 3882 (in
1489 3821 1683 3872 quarto
1725 3812 1984 3866 milliario
2028 3813 2216 3883 ejus),

615 3909 670 3956 et
697 3900 835 3955 ultra
871 3901 1207 3970 procedens,
1236 3901 1462 3957 Iordani
1505 3902 1666 3958 ﬂuvio
1698 3906 2110 3962 conuniscetur.

687 3994 957 4060 ldttutma,
992 3997 1140 4066 regio
1172 3994 1314 4050 Esau
1339 4014 1351 4049 ;
1379 4011 1502 4066 quae
1535 4013 1599 4051 ex
1627 4012 1693 4051 eo
1721 3997 1868 4068 quod
1911 3997 2003 4053 ille
2047 3996 2219 4053 Edom

614 4092 934 4158 V00.tb|llll‘,
971 4106 1171 4145 nomen
1198 4093 1432 4162 accepit.
1481 4091 1574 4146 Est
1616 4102 1799 4148 autem
1839 4091 1987 4147 circa
2029 4092 2220 4148 urbem

617 4184 873 4248 Petram,
907 4201 1028 4255 qua).
1063 4201 1207 4240 nunc
1236 4185 1438 4240 dit-itur
1465 4184 1770 4241 Gabalene.

875 4279 1073 4336 llhetlt.
1128 4276 1283 4346 regio
1316 4279 1625 4347 principum
1659 4277 1855 4343 Edom,
1915 4277 1970 4333 in
2001 4276 2218 4343 eadem,

617 4369 685 4425 de
707 4387 810 4441 qua
842 4387 1003 4442 supra
1027 4371 1293 4436 diximus,
1325 4369 1627 4426 Gebalene.

1243 4466 1329 4521 DE
1373 4465 1624 4521 EXUDO.

689 4553 718 4595 ι)
751 4555 918 4622 Iroth,
953 4557 1107 4614 locus
1145 4559 1374 4626 deserti,
1409 4561 1475 4613 ad
1507 4575 1670 4628 quem
1723 4567 1991 4615 venerunt
2021 4559 2118 4615 lilii
2149 4557 2227 4615 Is-

619 4651 755 4717 rael,
789 4666 940 4705 mare.
968 4650 1212 4706 Rubrum
1247 4653 1687 4710 transfretantes.

830 4743 918 4799 DE
958 4743 1261 4802 NUMERIS
1311 4746 1398 4802 ET
1443 4747 2004 4804 IIEUTERUNOMIO.

690 4835 998 4905 Ietabatha,
1032 4847 1206 4893 castra
1243 4840 1297 4893 in
1327 4840 1620 4896 solitudine
1653 4841 1890 4897 liliorum
1926 4840 2109 4897 Israel.

692 4930 1031 4999 Incendium,
1061 4935 1112 4984 id
1143 4941 1231 4988 est
1281 4935 1629 5011 ἐμπυρισμὸς,
1664 4935 1816 4991 locus
1867 4938 1917 4990 in
1977 4937 2218 5000 deserto,

623 5026 712 5081 ubi
745 5027 1032 5097 quamdam
1065 5037 1276 5097 partem
1311 5029 1493 5096 populi
1529 5030 1745 5082 ﬂamma
1787 5029 2143 5099 consumpsit.

698 5120 973 5181 Iutliaath,
1006 5134 1186 5173 casua
1227 5120 1278 5172 iu
1307 5121 1524 5174 deat'rltl
1553 5121 1785 5176 ﬁliorum
1816 5121 2005 5176 Israel.

694 5212 890 5276 Ianua,
921 5229 1042 5282 qua:
1071 5223 1156 5268 est
1197 5213 1249 5267 in
1278 5228 1471 5283 eampo
1518 5214 1695 5280 Moab,
1742 5222 1935 5273 subtus
1961 5220 2220 5274 verticem

698 5337 723 5365 ο
755 5327 977 5382 (ἱεὺανιΙι
1005 5372 1020 5390 ,
1055 5338 1163 5382 etc.
1194 5325 1268 5382 Ita
1301 5343 1434 5382 mss.
1484 5329 1702 5385 codices
1724 5374 1737 5396 ,
1771 5332 1901 5386 editi
1949 5348 2080 5386 vero
2105 5334 2225 5389 libri

627 5399 813 5470 lfguut
836 5398 1033 5452 (ἰαὸειιΙι
1052 5441 1064 5460 ,
1086 5397 1338 5453 Ieremia:
1367 5398 1546 5467 Capite
1574 5418 1658 5456 λι..
1693 5419 1796 5456 non
1820 5401 2051 5457 Gabarth
2079 5445 2094 5470 ,
2130 5405 2226 5460 sed

629 5469 709 5524 Ca
730 5472 924 5528 z'eroth.
951 5473 1215 5538 signilirai
1248 5488 1413 5542 swpes.
1454 5474 1720 5527 Maurum.

701 5543 727 5579 ί)
758 5543 834 5597 Ex
886 5542 1216 5610 composito.
1257 5542 1548 5596 I’hilinltiro
1572 5546 1627 5606 It,
1688 5545 1832 5611 quod
1879 5545 2234 5612 Septuaginta

636 5612 794 5668 Nutu.
830 5630 1018 5690 xtxut,
1054 5616 1109 5674 5.
1155 5616 1324 5687 στόμα
1356 5616 1540 5690 ςίρὼθ,
1593 5633 1647 5666 os
1679 5615 1821 5667 Iroth
1871 5621 2236 5690 interpretan-

638 5694 748 5763 ως,
794 5688 1039 5763 avulsum
1093 5686 1448 5763 loc‘ui-nteu
1501 5700 1644 5743 t-s~e.
1703 5695 1854 5738 notat
1899 5686 2234 5753 Bc-tift't'litis,

638 5754 732 5819 qui
757 5766 812 5806 et
837 5756 907 5807 de
926 5769 1026 5808 suo
1051 5764 1173 5823 post
1203 5754 1397 5813 διῆλθον
1421 5761 1668 5821 verbum,
1698 5757 1848 5812 addit
1889 5759 1942 5812 in
1971 5758 2164 5816 (ἐτεκεο
2192 5762 2239 5815 οἱ

1826 233 1885 291 S.
1933 231 2200 293 EUSEBII
2243 229 2632 290 HIERONYMI
3805 227 3883 286 9οι

2215 349 2262 408 Α
2293 347 2526 418 Phasga,
2559 347 2612 401 id
2661 354 2765 413 est,
2818 345 3008 413 excisi,
3061 345 3205 417 quod
3227 344 3453 414 respicit
3495 341 3565 398 ad
3617 343 3888 399 desertum

2288 441 2444 510 juxta
2475 439 2687 495 Arnon.

2362 531 2539 596 Iussa,
2587 531 2674 587 ubi
2707 531 2970 587 adversus
3003 530 3185 588 Sebon
3227 529 3686 586 Amorrlneorum
3723 546 3894 602 regem

2293 625 2602 680 diniicatur.
2637 625 2876 680 Meminit
2927 625 3090 693 hujus
3131 625 3298 680 Isaias
3351 624 3404 679 in
3443 624 3660 679 visione
3714 636 3896 680 contra

2296 717 2453 773 Moab
2483 733 2497 773 :
2529 719 2622 774 scd
2649 731 2703 774 et
2749 718 3038 773 Ieremias.
3068 717 3135 772 Et
3174 732 3343 787 usuue
3399 715 3565 772 hodie
3597 717 3900 772 ostenditur

2297 813 2441 867 inter
2474 823 2496 849 ο
2519 811 2778 866 Mcdahau
2805 821 2860 866 et
2887 812 3083 866 Delius.

2367 904 2545 973 Iazer,
2580 905 2774 960 civitas
2819 904 3301 969 Amorrhmornm,
3357 902 3413 957 in
3464 903 3685 959 decimo
3729 903 3904 970 lapide

2298 997 2687 1066 Philadelphia:
2727 998 2794 1052 ad
2842 997 2975 1052 Solis
3019 1011 3297 1060 occasum,
3355 1004 3504 1050 trans
3569 996 3901 1061 Iordanem,

2299 1107 2420 1164 quae
2452 1092 2554 1147 fuit
2584 1093 2852 1147 terminus
2917 1091 3090 1146 tribus
3149 1089 3287 1153 Gad,
3335 1089 3764 1157 eXtenditurquc
3822 1105 3906 1144 us-

2299 1201 2406 1256 que
2435 1187 2633 1249 Aroer,
2665 1201 2788 1253 qum
2814 1195 2866 1240 et
2900 1185 3012 1254 ipsa
3042 1182 3270 1253 respicit
3311 1181 3378 1236 ad
3428 1182 3638 1236 Rabba.
3666 1182 3905 1237 Meminit

2301 1281 2454 1336 urbis
2477 1279 2637 1334 Iazer
2657 1292 2712 1333 et
2739 1278 2906 1334 Isaias
2935 1277 2988 1333 in
3035 1278 3251 1332 visione
3277 1289 3464 1331 contra
3515 1277 3699 1342 Moab,
3732 1277 3827 1331 sed
3857 1286 3906 1331 et

2301 1374 2591 1429 Ieremias.
2623 1372 2747 1428 Fuit
2778 1382 2960 1427 autem
2993 1383 3245 1442 separata
3276 1371 3506 1433 Levitis,
3557 1385 3611 1427 et
3639 1372 3810 1426 di~tat
3847 1371 3907 1425 ab

2305 1467 2518 1524 Esebon
2595 1466 2839 1521 millibus
2889 1465 3226 1535 quindecim.
3276 1480 3309 1520 e
3359 1481 3460 1534 qua
3495 1480 3753 1535 maguum
3811 1463 3908 1518 ﬂu-

2305 1578 2426 1617 men
2458 1575 2774 1630 erumpens,
2805 1576 2834 1613 a
2865 1559 3102 1615 Iordane
3132 1559 3450 1628 suscipitur.

2375 1654 2665 1721 Iordanes,
2712 1653 2909 1708 ﬂuvius
2961 1652 3211 1707 dividens
3241 1651 3502 1717 Iuda-am,
3547 1652 3819 1706 Arabiam
3861 1661 3910 1707 et

2230 1736 2279 1797 B
2307 1749 2597 1813 Anlonem,
2629 1749 2697 1803 de
2723 1763 2831 1820 quo
2859 1762 3022 1816 supra
3055 1747 3310 1812 diximus,
3361 1759 3410 1802 et
3445 1762 3615 1816 usque
3646 1745 3722 1800 ad
3757 1762 3910 1801 mare

2308 1843 2578 1899 Mortuum
2629 1842 2823 1905 ﬂuens,
2859 1843 2950 1912 qui
2999 1851 3120 1912 post
3163 1843 3352 1896 multos
3398 1841 3720 1895 circumitus
3746 1841 3911 1911 juxta

2308 1936 2549 2002 Iericho,
2586 1937 2797 1992 Mortuo
2821 1935 3146 1992 commixlus
3189 1937 3348 2001 mari,
3380 1951 3573 1988 nowen
3605 1935 3844 1990 amittit.

2379 2030 2689 2098 Ietabatba,
2725 2032 2874 2085 locus
2905 2031 2956 2085 in
2995 2031 3240 2097 deserto,
3285 2029 3372 2083 ubi
3421 2037 3697 2083 torrentes
3745 2043 3906 2098 aqua-

2312 2141 2429 2180 rum
2470 2124 2942 2180 demonstrantur.

2381 2217 2624 2284 Iericho,
2659 2220 2813 2280 urbs,
2861 2231 3042 2288 quam,
3076 2213 3317 2271 Iordane
3370 2223 3742 2283 tranSgrr-sso,
3785 2213 3906 2266 sub-

2310 2311 2472 2366 vertit
2506 2310 2701 2374 Iesus,
2752 2325 2877 2380 rege
2924 2310 3069 2364 illius
3116 2307 3405 2362 interfecto
3441 2323 3454 2359 :
3492 2321 3590 2371 pro
3622 2305 3902 2376 231iqu

2311 2404 2577 2461 eXbII‘UXIl
2605 2403 2765 2458 aliam
2796 2404 2960 2458 02am
2990 2402 3059 2456 de
3089 2400 3276 2456 Rethel
3301 2443 3317 2469 ,
3350 2415 3418 2454 ex
3450 2399 3596 2453 tribu
3631 2399 3898 2466 Ephiaim,

2311 2517 2471 2572 quam
2504 2499 2766 2554 Dominus
2791 2506 2977 2553 noster
3008 2506 3170 2565 atque
3199 2495 3454 2549 Salvator
3479 2507 3578 2547 sua
3621 2493 3900 2561 praesentia

2317 2594 2599 2648 illustrare
2629 2591 2884 2662 dignatus
2909 2601 3010 2646 εει.
3042 2589 3146 2644 Sed
3182 2597 3236 2642 et
3268 2587 3333 2640 ha
3355 2602 3383 2640 c
3409 2603 3476 2641 eo
3505 2595 3771 2655 tempore,
3803 2598 3901 2655 quo

2312 2688 2616 2743 Ierusalem
2664 2684 3079 2756 oppugnabatur
3107 2700 3134 2735 :t
3167 2681 3431 2735 Romanis
3481 2691 3697 2749 propter
3749 2678 3904 2747 perli-

2312 2780 2455 2836 diatu
2486 2780 2686 2835 civium
2710 2789 2868 2847 capta
2901 2792 3061 2846 atque
3091 2775 3368 2829 destructa
3397 2782 3498 2826 est.
3534 2771 3643 2827 Pro
3675 2785 3783 2841 qua
3805 2779 3905 2823 ter-

2313 2875 2388 2928 tia
2417 2874 2680 2926 aediﬁcata
2718 2880 2801 2926 est
2823 2871 3036 2932 civitas,
3061 2884 3180 2937 qua:
3220 2881 3392 2937 usque
3415 2865 3579 2920 hodie
3610 2870 3900 2934 permanet,

2314 2977 2368 3021 et
2425 2965 2786 3020 ostenduntur
2832 2963 3114 3032 utriusque
3154 2961 3301 3015 urbis
3341 2957 3572 3029 vestigia
3637 2972 3810 3029 usque
3861 2958 3904 3010 in

2315 3070 2640 3130 praesentem
2677 3057 2841 3114 dietn.

2848 3197 2936 3252 DE
2974 3196 3138 3253 IESU
3182 3195 3386 3252 NAVE.

2384 3341 2715 3403 Ierusalem,
2747 3340 2798 3394 in
2827 3355 2933 3411 qua
2979 3341 3224 3410 regnavit
3253 3339 3620 3406 Adonibesec,
3649 3347 3708 3394 et
3736 3347 3907 3410 postea

2317 3452 2434 3493 eam
2470 3447 2699 3492 tenuere
2726 3434 2984 3499 Iebnstei,
3012 3450 3043 3488 e
3069 3435 3268 3504 quibus
3295 3443 3346 3488 et
3375 3433 3565 3488 sortita
3595 3434 3909 3487 vocabulum

2318 3541 2428 3599 est,
2461 3547 2598 3601 quos
2652 3531 2823 3585 inulto
2877 3539 2998 3600 pnsl
3030 3541 3270 3599 tempore
3305 3528 3468 3583 David
3517 3528 3908 3590 extet-minam,

2319 3626 2486 3682 mlius
2532 3641 2652 3681 eam
2695 3625 2899 3679 Iudaem
2947 3623 3242 3692 provinciae
3291 3620 3640 3692 metropolim
3702 3622 3914 3676 labrit-a-

2319 3733 2407 3778 tus
2438 3729 2521 3776 e~t
2552 3738 2565 3774 :
2596 3735 2662 3775 eo
2692 3719 2834 3786 quod
2865 3719 2936 3774 ibi
2972 3721 3145 3773 locum
3211 3717 3397 3787 templi
3425 3726 3625 3772 emerit
3686 3717 3776 3786 (et
3826 3717 3914 3770 itu-

2324 3830 2520 3885 pcusas
2550 3823 2842 3868 structura:
2873 3811 3154 3867 Salmnoni
3199 3811 3308 3865 lilio
3333 3809 3694 3880 dereliquerit
3732 3828 3744 3862 :
3782 3808 3916 3862 llanc

2322 3924 2442 3964 esse
2478 3907 2747 3976 Iosephus
2776 3906 2987 3977 refert),
3023 3923 3140 3976 qua:
3189 3907 3242 3960 in
3296 3904 3496 3960 Genesi
3543 3905 3805 3958 scribitur
3833 3904 3918 3958 Sa-

2323 4002 2453 4068 letu,
2506 4002 2607 4055 sub
2652 4016 2778 4071 rege
2831 3997 3244 4055 Melchisedech.
3279 3997 3404 4052 Fuit
3457 4006 3644 4054 autem
3681 4000 3730 4050 in
3789 3995 3916 4050 tribu

2324 4093 2628 4162 Benjatnin.

2394 4188 2582 4253 Iebus,
2619 4189 2732 4256 ipsa
2759 4196 2843 4242 est
2873 4203 2994 4255 qna:
3025 4195 3079 4244 et
3103 4186 3427 4242 Ierusalem.

2397 4282 2590 4342 Iarim,
2618 4280 2811 4335 civitas
2840 4279 3288 4336 Gabaonitarutn.

2398 4374 2690 4438 Iarimuth,
2721 4372 2912 4428 civitas
2943 4389 3103 4443 quam
3135 4371 3406 4428 subvertit
3453 4371 3636 4436 Iesus,
3699 4371 3750 4424 in
3791 4371 3921 4425 tribu

2254 4508 2304 4567 υ
2330 4468 2486 4533 Iuda,
2522 4481 2716 4536 quarto
2755 4468 2964 4524 distans
2987 4465 3015 4504 ἀ
3042 4469 3110 4523 ab
3143 4465 3550 4538 Eleutheropoli
3582 4465 3785 4536 lapide,
3815 4465 3924 4536 jux-

2336 4575 2386 4618 la
2412 4563 2593 4618 villam
2627 4562 2871 4618 Esthaol.

2405 4659 2648 4716 Isimoth.
2679 4659 2766 4712 ubi
2797 4655 3148 4712 absconditus
3175 4666 3258 4713 est
3305 4657 3468 4711 David
3498 4673 3510 4709 :
3539 4655 3609 4710 de
3639 4670 3743 4727 qua
3768 4665 3824 4710 et
3848 4669 3925 4707 δυο

2333 4768 2429 4822 pra
2459 4750 2587 4821 quid
2626 4752 2780 4805 nobis
2809 4750 3085 4804 videretur
3111 4749 3369 4813 diximus,
3422 4759 3690 4820 ponente~
3721 4747 3926 4802 Bethsi-

2334 4844 2507 4899 mulli.
2548 4844 2656 4902 Sed
2705 4857 2759 4900 et
2803 4845 2854 4900 in
2897 4845 3207 4911 Regnorum
3259 4843 3395 4898 hbro
3456 4843 3654 4912 primo,
3684 4858 3780 4911 pro
3837 4839 3927 4894 1δί-

2329 4940 2504 5001 muth,
2564 4941 2755 5008 Aquila
2804 4940 3212 5009 interpretatur,
3260 4937 3630 5006 dissipatam:
3681 4936 3925 5007 Symma~

2327 5035 2462 5088 chus
2495 5048 2650 5099 vero,
2673 5032 2967 5088 desertam.

2402 5127 2607 5191 Iedna,
2644 5126 2696 5180 in
2736 5137 2889 5182 sexto
2935 5125 3002 5181 ab
3044 5122 3459 5194 Eleuthempoli
3493 5122 3675 5196 lapide
3706 5137 3926 5194 pergen-

2333 5220 2476 5276 tibus
2513 5224 2528 5269 l
2559 5219 2788 5275 hebron.

2333 5335 2434 5389 υἱοί
2463 5334 2686 5411 ’ξσραήλε

2410 5417 2432 5442 ο
2467 5403 2612 5458 lnicr
2640 5404 2910 5459 Medabam
2933 5414 2979 5458 et
3009 5403 3202 5459 Debus.
3226 5403 3497 5464 Corrupte
3529 5405 3849 5476 legebamus
3879 5406 3922 5460 in

2337 5487 2496 5549 antea
2526 5477 2688 5549 ed.tis
2722 5477 3216 5549 libris-Deblu'lmm
3244 5493 3339 5547 pro
3362 5476 3522 5531 Delus
3549 5519 3564 5542 ,
3597 5480 3745 5549 quod
3794 5479 3925 5532 Bon-

2338 5548 2560 5603 frerimh
2611 5548 2822 5602 l‘rl‘ellit.
2856 5548 3126 5604 MARTIAN.

2414 5617 2438 5655 δ
2472 5617 2757 5680 Iarimuth,
2785 5634 2889 5674 etc.
2920 5621 3070 5676 llunc
3099 5622 3274 5676 locum
3307 5620 3730 5687 przetermittunt
3756 5623 3924 5682 plures

2345 5706 2475 5744 mss.
2515 5693 2736 5744 codices
2787 5691 2987 5750 Latini.
3043 5710 3168 5745 t'llltt
3221 5702 3607 5748 Iano-nesstct
3645 5693 3702 5748 in
3745 5691 3926 5748 CrttCO

2345 5761 2583 5817 Eusebio
2609 5763 2709 5817 sub
2733 5764 2955 5820 nomine
2985 5765 3199 5828 'lae’dc.
3233 5765 3501 5821 MARTIAN.
