4042 6292
110 220 225 277 905

188 335 472 403 Jeconam,
506 338 702 398 civitas
726 341 987 413 Carmeli,

118 429 273 486 illius
303 432 612 489 interiecto.

186 511 347 591 Jair,‘
379 528 575 583 civitas
602 529 777 587 tribus
808 532 1074 591 Manasse.

185 616 429 686 Jamnel,
454 619 508 674 in
538 620 681 676 tribu
716 621 876 690 Juda.
920 643 1089 698 usque
1132 629 1293 688 hodie
1331 636 1592 706 oppidum
1624 640 1723 696 Pa-

112 709 349 767 laistiuae
375 710 612 780 Jamnia,
646 714 788 771 inter
814 716 1114 790 Diospolim
1135 733 1191 779 et
1218 734 1467 786 Azotum.
1537 730 1540 732 ⁷

183 805 361 874 Jabir,
386 806 580 862 civitas
612 808 917 868 litterarum
946 815 999 871 in
1030 817 1168 875 tribu
1194 819 1355 879 Juda.

184 897 401 967 Jathur,
432 900 487 955 in
513 900 655 957 tribu
682 902 842 960 Juda.

186 990 426 1058 Jermus,
452 992 505 1046 in
550 994 692 1049 tribu
719 994 879 1052 Juda.
944 1000 1041 1056 Est
1089 1013 1272 1063 autem
1315 1024 1483 1081 usque
1561 1014 1722 1071 hodie

109 1084 247 1139 villa
296 1085 614 1155 Jermucha,
648 1089 701 1144 in
751 1089 969 1150 decimo
1003 1096 1070 1153 ab
1101 1099 1513 1176 Eleutheropoli
1544 1107 1721 1178 lapide

113 1176 546 1235 ascendentibus
568 1180 795 1237 .‘Eliam.

183 1270 410 1336 Jectael,
443 1274 497 1328 in
523 1274 670 1329 tribu
700 1275 859 1333 Juda.

189 1363 355 1438 236,
374 1365 587 1431 Jectan.
620 1368 673 1423 in
703 1370 848 1427 tribu
871 1371 1032 1429 Juda.

183 1456 400 1521 Jeiher,
439 1463 495 1515 in
545 1460 688 1516 tribu
738 1462 912 1531 Juda,
979 1467 1171 1525 civitas
1214 1477 1599 1535 sacerdotalis.
1652 1482 1719 1539 Et

110 1564 265 1605 nunc
294 1562 379 1607 est
409 1553 535 1607 villa
579 1558 917 1626 praegrandis
949 1559 1160 1619 Jethira
1194 1569 1438 1638 nomine,
1490 1573 1543 1628 in
1574 1575 1719 1632 vice—

108 1640 263 1695 simo
292 1642 550 1700 milliario
573 1645 1105 1721 Eleutlieropoleos:
1136 1656 1483 1721 habitatores
1498 1682 1717 1741 quoque

111 1732 237 1802 ejus
267 1750 457 1790 omnes
479 1737 768 1797 christiani
792 1754 939 1799 sunt.
986 1746 1101 1804 Sita
1139 1761 1225 1807 est
1258 1763 1441 1811 autem
1476 1732 1531 1813 iu
1574 1732 1714 1818 in-te-
1745 1758 1792 1819 Β

110 1824 249 1881 riori
284 1826 540 1896 Daroma,
568 1831 724 1901 juxta
754 1836 1053 1897 Malathan.
1103 1842 1356 1903 Diximus
1404 1848 1473 1906 de
1509 1851 1615 1909 hac
1663 1865 1719 1911 et

114 1931 305 1989 supra.

189 2014 413 2085 Janum,
473 2019 527 2074 in
570 2021 712 2077 tribu
741 2023 1017 2083 Judazest
1050 2029 1177 2085 villa
1209 2031 1408 2101 Janua,
1457 2037 1511 2091 in
1555 2038 1719 2095 tertio

112 2108 378 2166 milliario
408 2111 667 2184 Legionis
700 2128 893 2175 contra
925 2120 1231 2180 Meridiem.
1263 2127 1371 2183 Sed
1420 2146 1529 2186 non
1570 2132 1717 2189 vide-

116 2208 213 2255 tur
244 2201 361 2270 ipsa
390 2218 514 2259 esse
534 2221 657 2276 quae
678 2210 959 2267 scribitur.

185 2293 371 2360 Jetan,
405 2296 625 2353 intribu
650 2300 812 2369 Iuda,
854 2306 1051 2363 civitas
1092 2312 1475 2383 sacerdotalis,
1505 2326 1592 2372 est
1617 2317 1712 2374 ho-

112 2385 311 2459 dieque
344 2390 496 2445 vicus
538 2397 873 2466 praegrandis
901 2400 1214 2459 Iudaeorum
1235 2406 1287 2462 in
1311 2407 1527 2465 decimo
1567 2423 1715 2469 octa-

114 2495 186 2534 vo
219 2481 400 2550 lapide
420 2486 490 2542 ab
522 2486 937 2563 EleutherOpoli
978 2496 1047 2550 ad
1088 2500 1385 2558 auSIralem
1422 2514 1631 2574 partem
1661 2507 1715 2564 in

115 2574 374 2631 Daroma.

190 2676 218 2705 ι
247 2668 476 2740 Jesrael,
504 2673 560 2729 in
592 2676 733 2733 tribu
755 2678 929 2735 Juda:
960 2682 1057 2739 sed
1086 2699 1195 2741 non
1222 2696 1305 2743 est
1334 2689 1454 2762 ipsa
1471 2708 1593 2763 quae
1621 2710 1713 2751 su-

116 2775 238 2831 pra.

186 2854 417 2924 Jezrael,
462 2859 514 2916 in
550 2862 692 2918 tribu
723 2865 1003 2925 Manasse:
1047 2869 1321 2944 hodieque
1372 2881 1712 2949 praegrandis

111 2949 265 3007 vicus
295 2954 605 3011 05tenditur
632 2956 687 3013 in
709 2959 916 3032 Campo
954 2966 1196 3022 maximo
1228 2970 1370 3025 inter
1404 2970 1710 3047 Scythopo-

108 3045 204 3101 lim
232 3057 288 3102 et
310 3046 626 3121 Legionem.
654 3051 781 3109 Fuit
799 3067 982 3113 autem
1009 3061 1275 3119 terminus
1296 3064 1567 3123 lssachnr.
1598 3045 1706 3128 Sed

106 3147 164 3194 et
192 3155 333 3194 unus
348 3140 417 3195 de
440 3144 673 3210 posteris
692 3144 975 3218 Epuratae,
999 3152 1145 3208 sicut
1168 3154 1223 3209 in
1244 3154 1705 3232 Paralipomenon
1732 3150 1777 3215 C

105 3231 153 3301 (ι
186 3230 312 3286 Ραν.
346 3249 399 3298 v,
427 3235 483 3306 δ)
517 3236 750 3309 legimus
775 3241 961 3314 (supp.
996 3244 1189 3317 libris),
1210 3261 1439 3308 vocatus
1468 3230 1555 3309 est
1580 3253 1702 3311 ,πει-

106 3330 246 3386 rael.

173 3420 437 3493 Jecdaan,
471 3426 526 3483 in
552 3428 695 3486 tribu
720 3430 881 3489 Juda.

172 3513 476 3586 Jephlethi,
502 3521 557 3577 in
588 3523 733 3580 tribu
756 3526 987 3599 Joseph.

171 3608 334 3680 Jano,
384 3614 439 3669 in
485 3615 629 3673 tribu
669 3618 953 3691 Ephraim.
994 3623 1147 3682 lianc
1173 3642 1391 3700 quoque
1426 3635 1571 3707 cepit
1598 3653 1696 3695 rex

98 3702 488 3775 Assyriorum:
529 3717 587 3766 et
618 3710 893 3785 hodieque
920 3717 1075 3773 vicus
1106 3724 1415 3780 ostenditur
1443 3702 1604 3797 Iano,
1640 3733 1695 3788 in

97 3793 448 3854 Acrahittena
470 3802 714 3873 regione,
744 3805 798 3861 iu
824 3807 1159 3869 duodecimo
1186 3814 1365 3887 lapide
1390 3793 1697 3893 Neapoleos

95 3897 289 3945 contra
320 3892 627 3951 Orientem.

162 3986 339 4043 lamin
373 4007 386 4044 :
420 4007 518 4063 pro
544 4009 655 4065 quo
684 3996 879 4068 Aquila
924 4010 980 4057 et
1021 4003 1388 4076 Symmachus
1414 4011 1691 4083 interpre-

96 4087 299 4149 tantur,
327 4083 633 4145 dexteram.

163 4174 188 4212 ι)
220 4174 383 4233 Jaseb
405 4177 516 4250 (At.
542 4178 729 4255 Jasen)
767 4202 778 4237 :
813 4199 910 4255 pro
936 4204 1046 4259 quo
1069 4190 1309 4261 Hebraei,
1345 4195 1684 4257 habitatores

89 4265 302 4337 legunt.

159 4361 376 4422 luemec
415 4384 426 4419 :
470 4382 567 4440 pro
592 4386 701 4442 quo
729 4374 922 4445 Aquila
952 4385 1009 4433 et
1030 4376 1395 4449 Symmachus
1434 4393 1679 4444 transtu-

88 4454 297 4523 lerunt,
328 4460 381 4515 in
408 4463 630 4520 vallem.

1217 238 1420 299 LIBER
1463 238 1554 301 DE
1596 245 1751 308 SITU
1796 251 1884 308 ET
1924 255 2317 321 NOMINIBUS.

1016 360 1179 417 quam
1200 356 1347 424 cepit
1378 356 1558 427 Jesus,
1593 378 1721 436 rege
1749 373 1801 433 Α
1900 373 2112 443 Jecnal,
2164 378 2219 434 iu
2270 380 2413 437 tribu
2470 383 2736 456 Zabulon,
2779 390 2985 451 Levitis
3035 397 3230 457 civitas
3269 416 3430 475 sepa-

3326 287 3429 347 906

1829 476 1886 515 ra
1896 472 1967 520 ta.

1897 555 2131 627 Jasthie,
2160 562 2215 618 in
2250 566 2397 622 tribu
2432 568 2711 628 Zabulon:
2743 590 2890 634 nunc
2920 594 3091 653 usque
3114 586 3290 659 Joppe
3324 605 3423 645 vo-

1825 659 2002 717 catur,
2026 668 2288 714 ascensus
2319 660 2513 733 Japho.
2547 665 2653 720 Sed
2688 677 2742 723 et
2774 673 3031 743 oppidum
3074 680 3424 752 Sycamiuum

1826 745 2070 814 nomine,
2098 747 2163 803 de
2190 748 2438 810 Caesarea
2467 756 2858 819 Ptolemaidem
2883 745 3241 837 pergentibus
3258 790 3425 845 super

1825 854 1999 907 mare,
2036 853 2263 913 propter
2292 858 2536 906 montem
2566 855 2874 915 Carmelum
2902 861 3054 932 Epha
3072 864 3293 923 dicitur.

1896 934 2057 1007 235
2085 936 2398 1010 Jephthael,
2422 943 2478 999 in
2506 946 2650 1003 tribu
2676 949 2943 1014 Zabulon.

1893 1026 2108 1097 Jadela,
2140 1031 2194 1088 in
2221 1035 2365 1089 tribu
2392 1036 2660 1096 Zabulon.

1895 1119 2181 1190 Jermoth,
2240 1125 2292 1181 in
2346 1129 2491 1185 tribu
2537 1131 2810 1205 lssachar,
2859 1142 2988 1196 urbs
3042 1146 3419 1204 sacerdotibus

1823 1222 2098 1283 separatu.
2132 1216 2420 1278 Posuimus
2442 1233 2497 1279 et
2514 1241 2677 1297 supra
2700 1229 2991 1299 Jerimutb,
3026 1237 3182 1308 cujus
3206 1250 3259 1295 et
3277 1239 3419 1296 Osee

1824 1305 2091 1375 propheta
2120 1312 2390 1369 meminit.

1892 1397 2035 1465 Icoc,
2072 1403 2237 1459 sortis
2265 1404 2545 1477 Nephtali,
2586 1412 2641 1466 iu
2669 1415 2908 1471 conﬁnio
2948 1420 3109 1475 trium
3147 1424 3414 1479 tribuum:

1824 1488 1876 1544 id
1912 1501 2015 1560 est,
2086 1493 2143 1549 in
2178 1495 2323 1552 tribu
2356 1499 2602 1557 Zabulon
2654 1506 2722 1559 ad
2746 1510 3042 1565 australem
3092 1514 3328 1584 plagam,
3359 1518 3419 1571 in

1825 1582 1967 1637 tribu
1997 1584 2139 1641 Aser
2190 1589 2257 1644 ad
2292 1591 2664 1667 occidentem,
2701 1614 2867 1668 porro
2919 1601 2971 1658 in
2998 1604 3141 1661 tribu
3178 1582 3315 1663 Iuda
3348 1610 3417 1665 ad

1822 1677 1955 1733 solis
1976 1692 2175 1736 ortum.

1891 1769 2109 1839 Jabnel,
2132 1774 2186 1830 in
2213 1778 2358 1834 tribu
2385 1778 2661 1852 Nephtali.

1892 1863 2084 1933 Jeron,
2117 1868 2170 1923 in
2206 1872 2350 1927 tribu
2379 1872 2656 1945 Nephtali.

1891 1958 2151 2028 Jethlam,
2182 1962 2239 2019 in
2263 1964 2408 2020 tribu
2438 1967 2572 2023 Dan.

1892 2050 2073 2117 Jelou,
2096 2053 2150 2108 in
2181 2056 2327 2111 tribu
2356 2058 2493 2114 Dan.

1892 2141 2018 2209 Jud,
2050 2145 2103 2200 iu
2135 2148 2278 2203 tribu
2306 2149 2447 2206 Dan.

1892 2237 2187 2307 Jerachon,
2220 2257 2398 2313 aquae,
2433 2244 2488 2300 in
2517 2247 2662 2303 tribu
2689 2249 2821 2305 Dan.

1891 2330 2101 2387 Inlecbi
2127 2350 2140 2389 :
2173 2349 2271 2405 pro
2297 2352 2405 2407 quo
2430 2340 2623 2410 Aquila
2652 2342 3062 2415 interpretatur,
3096 2350 3148 2404 in
3178 2354 3414 2411 maxilla.

1890 2424 2042 2482 Jabis
2072 2426 2306 2498 Galaad,
2338 2441 2395 2488 et
2428 2434 2568 2490 hanc
2595 2451 3047 2507 oppugnaverunt
3090 2444 3185 2499 lilii
3221 2447 3419 2503 Israel.

1818 2518 1973 2575 Nunc
1995 2531 2176 2578 autem
2207 2535 2292 2580 est
2318 2526 2476 2583 vicus
2506 2536 2657 2584 trans
2682 2529 2979 2589 Jordanem
3018 2536 3073 2590 in
3108 2550 3267 2594 sexto
3298 2542 3420 2598 mil-

1819 2612 1974 2669 liario
2003 2615 2243 2673 civitatis
2270 2617 2463 2687 Pellae,
2506 2636 2675 2692 super
2707 2634 2949 2682 montem
3001 2629 3261 2687 euntibus
3310 2632 3419 2691 Ge-

1816 2723 1961 2765 rasa.

2247 2807 2339 2864 DE
2364 2808 2746 2869 REGNORUM
2773 2814 3021 2873 LIBRIS.

1884 2896 2029 2964 Joar,
2056 2898 2254 2966 saltus,
2278 2901 2333 2955 in
2362 2918 2471 2972 quo
2496 2920 2729 2961 examen
2757 2923 2924 2978 apum
2957 2909 3076 2965 fuit.

1882 2990 2158 3058 Jerameli,
2186 2994 2337 3065 regio
2365 2996 2807 3071 Allopliylorum.

1883 3083 2090 3153 Jetlier,
2116 3088 2183 3140 ad
2214 3103 2377 3155 quam
2405 3089 2553 3144 misit
2576 3091 2741 3147 David
2765 3110 2776 3145 :
2805 3108 2947 3150 nunc
2976 3105 3061 3151 est
3084 3097 3209 3154 villa
3231 3096 3285 3154 iu
3310 3100 3413 3154 Da-

1812 3191 1989 3247 roma,
2024 3180 2243 3237 nomine
2268 3180 2526 3250 Jetthira,
2561 3184 2629 3241 de
2657 3202 2765 3257 qua
2793 3203 2957 3257 suiira
2980 3190 3241 3248 diximus.

1878 3269 2184 3340 Jecmaam,
2215 3274 2409 3331 civitas
2441 3276 2749 3348 principum
2775 3280 3111 3339 Salomonis.

1881 3364 2207 3439 ltabyrium:
2233 3385 2334 3440 pro
2365 3387 2475 3442 quo
2492 3373 2685 3445 Aquila
2716 3387 2773 3432 et
2800 3376 3169 3449 Symmachus
3190 3383 3244 3438 in
3266 3385 3405 3441 Osee

1808 3459 2073 3528 propheta
2105 3463 2536 3533 transtulerunt,
2573 3467 2813 3524 Thabor.
2865 3471 2963 3527 Est
3010 3484 3195 3530 autem
3245 3470 3405 3533 incus

1803 3549 2025 3607 Thabor
2054 3553 2107 3609 in
2134 3554 2341 3626 Campo
2399 3558 2638 3614 maximo
2674 3572 2694 3598 ο
2723 3561 2789 3617 ad
2816 3562 3146 3619 orientalem
3183 3566 3399 3637 plagam

1803 3641 2082 3714 Legionis.

1872 3736 2145 3809 Jecthoel,
2178 3757 2383 3799 nomen
2412 3754 2585 3816 petra:
2613 3748 2666 3803 in
2697 3748 3012 3820 Regnorum
3044 3752 3223 3808 libris.

1869 3830 2128 3901 Jethaba,
2169 3838 2308 3894 urbs
2335 3840 2565 3911 antiqua
2594 3841 2820 3899 JUdile.

1870 3923 2099 3984 Inaczeb
2146 3947 2159 3982 :
2214 3946 2313 4003 pro
2367 3949 2478 4004 quo
2526 3934 2899 4007 Symmachus
2947 3941 3279 4013 transtulit,
3341 3944 3391 4001 in

1796 4016 1940 4073 valle
1970 4018 2100 4075 Zeb.

1864 4110 2142 4181 Inacltim,
2195 4118 2314 4174 sive
2360 4121 2640 4179 Inbachim
2689 4144 2700 4179 :
2755 4142 2855 4196 pro
2906 4142 3015 4198 quo
3070 4130 3265 4200 Aquila
3336 4145 3392 4190 et

1794 4201 2158 4279 Symmachus
2188 4214 2609 4284 transtulerunt,
2663 4216 2718 4272 in
2760 4216 2915 4275 fletu.
2946 4219 3194 4277 Meminit
3226 4224 3387 4296 hujus

1792 4304 1845 4351 et
1872 4295 2129 4356 Michzcas
2168 4304 2453 4374 propheta.

1862 4389 2026 4462 238
2069 4392 2268 4466 Joppe,
2323 4399 2582 4470 oppidum
2611 4402 2916 4463 Palmstina:
2947 4410 3280 4470 maritimum
3329 4417 3385 4474 in

1791 4480 1934 4537 tribu
1957 4483 2094 4540 Dan.

156 4550 425 4622 Jcblaam,
479 4558 530 4612 in
584 4560 727 4616 tribu
774 4561 1045 4633 Manasse,
1084 4566 1175 4640 de.~
1199 4584 1306 4640 qua
1341 4571 1681 4646 alienigenas

1864 4573 2089 4633 Inaraba
2119 4593 2133 4631 :
2167 4594 2267 4651 pro
2313 4598 2422 4653 quo
2460 4584 2652 4654 Aquila
2702 4576 3378 4671 transtulitpiin‘humili:

84 4659 194 4701 n0"
230 4646 397 4703 ν³¹υίι
425 4651 724 4720 expellere.
1786 4667 1869 4722 vel
1900 4668 2094 4735 plano:
2124 4687 2287 4742 porro
2310 4675 2675 4749 Symmachus
2696 4724 2711 4749 ,
2740 4683 2793 4739 in
2824 4694 3136 4760 campestri.

162 4738 380 4760 .-__._-.
442 4742 453 4760 ρ
530 4751 543 4760 .
583 4745 615 4760 ..
696 4747 735 4760 η
814 4748 825 4760 .
924 4752 935 4760 .

152 4738 407 4810 Jerphel,
440 4742 494 4797 in
529 4745 671 4801 tribu
696 4747 996 4819 Benjamin.
1857 4763 2047 4821 lturaea
2075 4778 2131 4822 et
2160 4768 2508 4829 Trachonitis
2556 4778 2737 4849 regio,
2773 4781 2927 4851 cujus
2955 4784 3253 4845 Tetrarcha
3280 4793 3387 4847 fuit

153 4910 178 4937 ιι
220 4900 538 4984 Btinlreriiis
570 4906 713 4962 hunc
742 4908 793 4984 in
826 4908 1026 4965 Latino
1062 4914 1277 4969 titulum
1310 4915 1558 4984 proxime
1584 4931 1675 4971 se-

79 4973 268 5041 quenti
297 4974 474 5043 jungit
500 4993 601 5029 una
649 4979 813 5056 serie,
854 4989 1174 5056 tantumque
1210 4973 1368 5056 sup'ra
1415 4988 1675 5044 adverbio

78 5054 382 5121 expuncto,
428 5061 529 5099 non
559 5057 633 5121 est
680 5050 795 5117 ipsa
837 5069 952 5119 quae
989 5053 1217 5121 Jezrael,
1260 5050 1367 5112 etc.
1396 5058 1579 5115 Facile
1607 5062 1674 5116 ad

79 5113 234 5204 Itunc‘
258 5115 477 5208 m'u‘duin
518 5113 802 5208 scripserit
834 5113 1103 5208 Eusebius
1136 5113 1254 5195 ipse
1282 5128 1533 5208 Ἰεσραὲλ,
1582 5156 1676 5208 φυ-

79 5156 227 5168 ......ν
259 5156 477 5170 ...η-...ηπ
522 5156 802 5181 μιιιμδωιι
834 5156 1103 5180 uulncmus
1136 5156 1254 5195 ιμδσ
1294 5156 1533 5208 ιεσραεΑ,
1568 5156 1674 5258 3m-

76 5185 189 5249 λῆς,
220 5186 570 5272 Ἰούδαχμηᾷέ
593 5191 725 5251 αὕτη
755 5194 868 5272 ἐστὶ
895 5196 1135 5272 ξιεζρᾳὲλᾼ,
1170 5210 1311 5263 etc.;
1342 5217 1507 5269 atque
1535 5220 1562 5256 a
1606 5218 1674 5259 eo

77 5273 355 5329 occursus
385 5262 680 5316 simillimae
715 5266 861 5320 vocis
893 5262 1063 5321 fraudi
1102 5269 1267 5323 fuerit
1297 5262 1487 5327 Graico
1518 5275 1675 5329 Anti-

77 5327 765 5410 qunrioLtherumgatis
815 5338 1123 5394 luculenter
1155 5341 1221 5394 du
1247 5346 1535 5410 posteriori
1571 5346 1672 5400 hac

76 5400 214 5455 urbe
232 5400 473 5480 'lliernn.
509 5404 560 5458 in
591 5404 966 5464 Commentnr.
1001 5417 1067 5465 ait
1099 5400 1259 5467 Osi-e'
1283 5429 1406 5480 cap.
1440 5431 1489 5467 ιε
1524 5414 1673 5471 Dixi-

76 5487 192 5525 mus
218 5469 540 5553 Jezraelcm,‘
559 5494 674 5545 qua:
705 5497 840 5532 nunc
874 5483 1022 5544 iuxta
1052 5469 1546 5553 Maximianopolim
1573 5498 1669 5551 est,

74 5543 239 5610 fuisse
288 5543 617 5614 instrepolim
662 5554 805 5625 regni
863 5543 1122 5607 Samaria:
1171 5572 1328 5623 prape
1353 5543 1509 5625 quam
1552 5569 1672 5613 sunt

74 5616 248 5681 cainpi
283 5618 638 5699 latissnnitet
686 5616 847 5699 vallis
883 5625 1053 5679 nimiae
1091 5616 1375 5699 castitatis,
1398 5643 1516 5699 qua:
1556 5628 1678 5695 plus

74 5702 229 5755 quam
260 5686 435 5762 decent
462 5691 680 5744 millium
708 5695 933 5747 tenditur
961 5714 1221 5762 passuum.
1259 5698 1323 5751 Et
1350 5686 1669 5755 iti'Zztcliar.

76 5772 126 5811 c.
157 5760 684 5831 xnzAdadremmon,
703 5782 795 5832 pro
822 5784 920 5829 quo
944 5760 1088 5822 LXX
1114 5770 1485 5825 transtulerunt
1512 5771 1670 5826 Ῥοῦ-

334 5856 615 5917 Parnm.
666 5858 909 5921 XXIII.

1782 4941 1884 4985 νος,
1916 4922 2036 4976 urbs
2058 4932 2131 4976 est
2146 4926 2304 4999 juxta
2330 4925 2642 4999 Jezraelem,
2668 4949 2783 4999 qua:
2810 4934 2905 4987 hoc
2955 4936 3080 4990 olim
3122 4942 3370 4999 vocabulo

1780 5005 2187 5078 nunﬁupataest,
2206 5007 2256 5078 et
2275 4996 2429 5078 It-odie
2442 4996 2653 5078 uocatur
2674 4996 3138 5078 MaxirnianOpolis
3160 5012 3213 5065 in
3231 5029 3371 5068 cam-

1779 5063 2183 5136 pogﬂaggedou.
2220 5067 2337 5122 Vid.
2374 5070 2692 5130 Relauduiu.

1850 5134 2209 5213 blajseutetc.
2237 5138 2383 5213 Bene
2412 5147 2620 5200 monuit
2650 5148 2968 5206 Bonfrerius
2993 5167 3190 5209 nomen
3224 5157 3371 5213 istud

1775 5204 2145 5295 diversiliuude
2187 5210 2241 5263 in
2269 5212 2546 5295 codicibus
2593 5204 2959 5295 Septuaginta
2990 5204 3370 5295 iiiiééiiréiiiif.

1777 5276 1888 5365 legi
1906 5277 2159 5365 solitum;
2190 5297 2314 5336 nam
2342 5300 2441 5340 vox
2467 5276 2698 5365 illa_Jo_s:.
2727 5276 2857 5352 xvii.
2890 5276 2946 5359 7,7
2973 5276 3372 5365 Jasebflassib,

1775 5359 1826 5439 Et
1854 5347 2280 5439 Jasrm'lelgitur,
2311 5372 2407 5421 pro
2427 5374 2534 5439 quo
2562 5363 2611 5415 in
2642 5347 2872 5439 Hebraeo
2895 5347 3370 5439 elt

1774 5418 1877 5474 huc
1900 5431 2001 5509 est.
2037 5418 2377 5509 habitatores,
2408 5418 2552 5485 sicut
2574 5435 2739 5509 vertit
2774 5418 3161 5509 Hieronymus.

1850 5502 1872 5528 ο
1894 5491 1975 5545 Ad
1996 5496 2300 5570 orientalem
2322 5500 2553 5570 plagam.
2570 5504 2782 5568 Saepius
2810 5506 2939 5560 editi
2965 5491 3121 5563 antea
3149 5491 3270 5565 libri
3288 5513 3364 5569 Ie-

1771 5574 1899 5641 g_ur_it
1932 5567 2443 5641 _occ_identalem'pro
2471 5576 2796 5627 orientalem.
2821 5574 3052 5632 Constat
3082 5591 3264 5636 autem
3296 5567 3362 5641 ex

1774 5633 1995 5688 Tabulis
2012 5633 2634 5712 GeograplncrisTualmr
2657 5650 2890 5710 positum
2918 5650 3084 5703 luisse
3100 5633 3171 5705 ad
3184 5633 3340 5712 orien
3359 5690 3371 5699 -

1775 5706 1934 5761 talem
1960 5706 2171 5779 plagam
2204 5706 2479 5781 Legionis.
2517 5706 2814 5771 Vide-infra
2851 5718 3078 5776 Thabor.

2826 5888 2906 5949 29
