4014 6296
627 266 729 320 911

695 376 902 433 Meeleb
925 374 1190 429 terminus
1220 372 1557 440 Nephtalim.

694 468 957 537 Magdiel,
1011 467 1065 521 in
1116 466 1265 521 tribu
1310 466 1648 537 Nephtalim,
1692 476 1749 523 et
1796 468 2070 541 hodieque
2100 484 2228 539 par-

624 580 723 620 vus
765 564 923 618 vicus
945 562 1254 617 05tenditur
1282 562 1335 617 in
1380 562 1573 633 quinto
1604 562 1869 621 milliario
1897 566 2077 631 Dorae,
2105 578 2227 634 per-

622 657 878 729 gentibus
912 655 1326 711 Ptolemaidem.

696 750 850 804 Mons
878 747 1182 814 Olivarum,
1218 748 1284 803 ad
1327 749 1598 805 orientem
1639 751 1967 819 Jerusalem,
2023 751 2077 807 in
2121 764 2229 821 quo

626 842 934 914 discipulos
962 842 1249 899 erudiebat
1274 842 1453 899 Jesus.

1082 935 1172 989 DE
1202 934 1411 991 LIBRO
1438 936 1754 994 JUDlCUM.

694 1028 1096 1100 MOSphetaim:
1129 1043 1228 1098 pro
1258 1045 1367 1099 quo
1401 1029 1595 1099 Aquila
1640 1031 2057 1102 interpretatur,
2108 1044 2228 1086 sor-

622 1124 758 1179 tium
790 1142 804 1177 :
838 1122 1221 1195 Symmachus,
1251 1122 1599 1178 viciniarum.

698 1217 873 1282 More,
914 1232 1112 1273 nomen
1144 1227 1227 1272 est
1258 1218 1412 1272 collis
1437 1218 1530 1291 (de
1564 1234 1674 1289 quo
1710 1220 1762 1274 in
1796 1219 1974 1276 Libris
2004 1220 2227 1277 Hebrai-

621 1324 813 1366 carum
840 1310 1215 1375 Quzestionum
1245 1311 1461 1380 plenius
1484 1311 1822 1382 disputatum
1846 1314 1977 1383 eat).

687 1401 960 1467 Mennith,
996 1402 1087 1457 ubi
1112 1403 1308 1471 Jeplite
1356 1404 1639 1472 prmliatus
1665 1416 1750 1460 est
1794 1423 1808 1458 :
1856 1422 2003 1461 nunc
2043 1415 2223 1462 autem

617 1496 925 1552 ostenditur
958 1497 1164 1552 Manith
1194 1497 1321 1553 villa
1360 1498 1415 1554 in
1456 1510 1654 1570 quarto
1684 1501 1864 1572 lapide
1893 1501 2073 1558 Esbus
2097 1519 2225 1573 per-

616 1588 874 1662 gentibus
903 1589 1363 1656 Philadelphiam.

690 1680 995 1747 Machmas,
1025 1697 1195 1752 usque
1224 1681 1384 1737 hodie
1407 1683 1559 1739 vicus
1584 1685 1807 1755 grandis
1834 1686 2144 1742 ostenditur
2170 1686 2223 1742 in

1879 255 1938 314 s.
1980 253 2259 335 EUSEBII
2299 254 2682 313 HIERONYMI
3848 254 3924 311 me

2250 374 2303 435 Α
2329 373 2719 445 Symmachus,
2752 374 3058 439 ἐξεναντίας,
3092 370 3142 426 id
3177 378 3281 437 est,
3314 375 3487 433 trans,
3517 368 3608 426 vel
3640 369 3717 426 de
3736 380 3925 426 contra.

2403 468 2603 534 Maces,
2634 466 2762 522 urbs
2795 465 2952 522 unius
2982 465 3285 535 principum
3310 464 3649 521 Salomonis.

2401 560 2589 629 Mello,
2642 560 2831 617 civitas
2876 574 3036 631 quam
3090 556 3380 613 aedificavit
3423 557 3709 613 Salomon.
3745 557 3927 628 (Porro
3986 588 3989 671 ‘

2329 653 2356 692 ι’
2382 654 2740 726 Symmachus
2770 662 2827 709 et
2850 652 3184 719 Theodotio,
3220 652 3670 722 adimpletionem
3704 662 3923 707 transtu-

2328 748 2529 803 lerunt.
2556 747 2623 802 Et
2650 746 2717 802 de
2758 747 2858 802 hac
2886 747 2939 801 in
2962 746 3117 803 libris
3148 745 3541 801 Hebraicarum
3564 746 3925 814 Quaestionum

2331 839 2543 909 plenius
2572 838 2813 909 dicitur.)

2401 933 2666 1001 Maedam,
2698 932 2894 988 civitas
2920 948 3076 1004 quam
3106 932 3397 988 aedificavit
3415 932 3701 990 Salomon.

2402 1026 2703 1095 Memphis,
2756 1026 2948 1081 civitas
2993 1025 3251 1097 IEgypti,
3294 1025 3451 1096 cujus
3478 1024 3621 1081 Osee
3648 1067 3662 1090 ,
3705 1033 3759 1081 et
3805 1025 3927 1080 Eze-

2329 1121 2500 1187 chiel,
2550 1129 2606 1176 et
2649 1120 2946 1185 .leremias,
2984 1120 3264 1191 pr0phetre
3296 1120 3694 1185 recordamur;
3744 1119 3841 1175 sed
3882 1128 3929 1175 et

2328 1213 2523 1277 Judaei,
2550 1214 2643 1285 qui
2667 1228 2790 1269 cum
2811 1212 3043 1270 Jeremia
3071 1213 3141 1269 de
3161 1212 3521 1285 Jerosolymis
3547 1213 3759 1284 profugi
3790 1212 3929 1269 exie~

2330 1317 2481 1373 rant,
2510 1306 2893 1362 habitaverunt
2923 1307 2977 1361 in
3006 1305 3296 1376 Memphis.

2399 1399 2672 1464 Machaas,
2706 1399 2759 1453 in
2787 1399 2952 1465 Osee,
2984 1415 3082 1470 pro
3110 1415 3217 1471 quo
3248 1399 3444 1471 Aquila
3468 1408 3525 1455 et
3551 1398 3927 1472 Symmachus,

2328 1494 2798 1563 concupiscentias
2840 1494 3286 1564 interpretantur.

2400 1587 2643 1652 Miletus,
2674 1586 2865 1641 civitas
2896 1586 3039 1641 Asia:
3062 1628 3075 1651 ,
3105 1586 3173 1642 de
3202 1602 3307 1657 qua
3340 1585 3587 1643 Ezechiel
3614 1586 3834 1642 scribit.

2398 1677 2697 1745 Mariboth,
2739 1678 2895 1749 cujus
2936 1680 3181 1734 meminit
3221 1679 3465 1735 Ezechiel
3494 1679 3691 1735 dicens
3722 1698 3736 1733 :
3770 1679 3927 1749 Usque
3988 1674 3989 1697 ‘

612 1775 815 1830 ﬁnibus
852 1774 1033 1837 Elite,
1062 1777 1344 1846 antiquum
1374 1793 1571 1832 nomen
1608 1779 1867 1846 retinens,
1918 1795 2111 1837 novem
2153 1781 2212 1837 ah

2339 1770 2395 1824 πά
2424 1787 2607 1841 aquam
2630 1768 2892 1824 Muriboth
2942 1768 3163 1842 (Ezech.
3188 1786 3382 1836 xum,
3410 1770 3510 1837 28,
3532 1773 3703 1843 juxla
3737 1770 3929 1839 LXX),

612 1886 677 1927 ea
724 1871 963 1927 millibus
999 1871 1209 1927 distans
1237 1871 1387 1940 juxta
1421 1873 1602 1927 villam
1644 1874 1836 1928 Rama.

1051 1964 1137 2018 DE
1165 1964 1547 2021 REGNORUM
1580 1966 1819 2022 LIBRIS.

687 2058 924 2125 Messab,
957 2057 1155 2112 hostile
1178 2057 1432 2128 oppidum
1464 2059 1610 2127 juxta
1634 2058 1804 2114 Gaba.

682 2153 935 2225 Magdon,
970 2151 1087 2207 sive
1114 2151 1363 2222 Magron,
1400 2152 1489 2206 ubi
1515 2152 1835 2208 seditSaul.

686 2245 997 2314 Massepha,
1027 2244 1080 2297 in
1107 2243 1282 2309 Moab,
1316 2243 1381 2298 ad
1404 2259 1564 2313 quam
1583 2245 1843 2316 profugus
1871 2245 2063 2313 David,
2095 2260 2218 2301 cum

617 2343 800 2401 Saulis
833 2340 1059 2397 insidias
1087 2338 1409 2405 declinaret,
1437 2340 1617 2407 ,venit.

681 2434 979 2503 Masereth,
1016 2434 1069 2488 in
1102 2448 1207 2503 qua
1252 2432 1390 2487 sedit
1430 2432 1622 2497 David,
1654 2446 1798 2488 nunc
1826 2432 2042 2488 deserta
2079 2453 2089 2485 :
2122 2446 2220 2501 pro

608 2546 716 2602 quo
748 2529 942 2601 Aquila
972 2527 1391 2596 interpretatur,
1417 2526 1753 2583 munitiones
1784 2544 1796 2581 :
1829 2527 2219 2599 Symmachus,

605 2624 819 2696 refugia
854 2620 1224 2688 :Tlieodotio,
1260 2618 1572 2684 speluncas.

678 2713 960 2780 Masbach,
984 2712 1203 2768 hostilis
1225 2712 1423 2767 civitas
1451 2712 1596 2782 regis
1622 2711 1887 2766 Adrazar.

681 2807 848 2871 Mela,
882 2805 937 2859 id
975 2815 1083 2871 est,
1111 2804 1334 2860 Gemela
1379 2821 1393 2857 :
1440 2818 1602 2873 quam
1642 2802 1836 2873 Aquila
1880 2812 1935 2858 et
1975 2803 2224 2874 Symma-

607 2902 745 2957 chus
796 2899 1153 2966 transferunt,
1212 2898 1411 2954 vallem
1461 2897 1605 2953 Salis
1648 2896 1912 2966 (diximus
1944 2896 2012 2952 de
2039 2895 2142 2951 hac
2169 2905 2227 2953 et

615 2992 834 3064 supra).

689 3083 937 3149 Maacha,
970 3084 1121 3154 regio
1163 3084 1311 3155 regis
1340 3084 1536 3140 Gesur.

2326 1879 2425 1935 pro
2452 1878 2559 1933 quo
2581 1863 2799 1933 Aquila,
2826 1862 2950 1918 lites
2984 1880 2998 1919 :
3023 1862 3401 1934 Symmachus,
3426 1862 3597 1933 jurgia
3619 1904 3636 1931 ,
3668 1863 3758 1917 vel
3800 1878 3931 1918 con-

2326 1957 2679 2013 tradictiones
2704 1959 3154 2028 interpretantur.

2396 2053 2655 2107 Morastlii
2677 2094 2690 2118 ,
2722 2052 2867 2108 unde
2894 2052 2998 2107 fuit
3043 2050 3281 2107 Micheas
3309 2049 3598 2121 propheta.
3628 2050 3731 2107 Est
3760 2061 3929 2107 autem

2326 2147 2474 2202 vicus
2505 2158 2695 2202 contra
2721 2146 2991 2202 orientem
3022 2145 3531 2216 Eleutheropolcos.

2395 2242 2690 2313 Masagam,
2723 2241 2872 2310 regio
2904 2238 3257 2295 Moabitarum
3281 2281 3295 2307 ,
3344 2248 3404 2295 ut
3432 2239 3625 2295 scribit
3654 2239 3924 2296 Jeremias.

2395 2337 2584 2403 Misor,
2618 2336 2769 2406 regio
2797 2335 2976 2404 Moab,
3000 2335 3151 2406 juxta
3184 2334 3506 2391 Jeremiam.

2394 2429 2689 2501 Mopliath,
2722 2430 2877 2501 regio
2905 2428 3263 2485 Moabitarum
3295 2446 3307 2483 :
3341 2429 3483 2484 sicut
3511 2428 3566 2483 in
3593 2426 3829 2484 Jeremia
3855 2426 3924 2481 ιε.

2321 2524 2521 2597 ginius.
2558 2523 2735 2578 Posita
2763 2532 2847 2579 est
2876 2532 3055 2578 autem
3081 2531 3135 2577 et
3154 2537 3317 2592 supra
3349 2522 3695 2592 Memphrua.

2395 2616 2550 2671 Maon
2570 2658 2583 2681 ,
2616 2615 2768 2687 regio
2790 2614 3145 2669 Moabitarum
3174 2655 3188 2679 ,
3215 2612 3365 2683 juxta
3396 2612 3714 2670 Jeremiam.

2398 2711 2661 2767 Mclchom
2694 2752 2708 2777 ,
2759 2708 2965 2765 idolum
3015 2708 3452 2765 Ammonitarum
3482 2752 3496 2776 ,
3552 2711 3692 2765 sicut
3740 2709 3921 2765 scribit

2323 2803 2617 2861 Jeremias.

2401 2909 2421 2935 ο
2454 2897 2714 2968 Magedan
2737 2941 2751 2967 ,
2785 2898 2853 2954 ad
2882 2899 3037 2970 cujus
3069 2898 3208 2956 fines
3238 2899 3526 2956 Matthazus
3566 2903 3731 2975 251
3763 2900 3918 2955 Evan-

2323 2992 2517 3062 gelista
2540 2992 2761 3059 scribit,
2790 2992 3075 3048 Dominum
3124 2994 3474 3064 pervenisse;
3510 2994 3605 3049 sed
3635 3005 3691 3050 et
3728 2993 3921 3049 Martiis

2324 3084 2566 3153 ejusdem
2599 3084 2837 3140 nominis
2879 3084 3201 3141 recordatur
3234 3104 3247 3139 :
3277 3100 3422 3141 nunc
3452 3094 3635 3142 autem
3664 3085 3815 3156 regio
3851 3084 3925 3138 di-

680 3188 706 3216 ιι
743 3176 1005 3244 Modeim,
1034 3178 1185 3231 vicus
1237 3177 1389 3246 juxta
1431 3176 1757 3246 Diospolim,
1810 3175 1957 3231 unde
2000 3176 2219 3231 fuerunt
2246 3168 2291 3232 C
2325 3178 2467 3235 citur
2494 3178 2807 3251 Magedena,
2841 3180 2984 3236 circa
3017 3179 3299 3237 Gerasam.

612 3269 938 3327 Macchabzei
974 3286 987 3323 :
1021 3284 1253 3340 quorum
1298 3268 1567 3338 hodieque
1599 3269 1762 3341 250
1800 3268 1999 3325 ibidem
2032 3269 2212 3341 sepul—

610 3381 702 3423 cra
741 3371 1115 3420 monstrantur
1142 3361 1297 3435 (satis
1324 3363 1507 3433 itaque
1534 3364 1723 3430 miror,
1752 3371 1779 3401 ι
1803 3364 2083 3434 quomodo
2112 3366 2213 3419 An-

609 3459 829 3518 tiochiae
875 3473 1067 3515 eorum
1116 3457 1382 3529 reliquias
1425 3457 1763 3526 ostendunt,
1811 3467 1905 3513 aut
1946 3473 2055 3529 quo
2109 3458 2213 3514 hoc

606 3565 761 3612 certo
790 3560 1014 3608 auctore
1034 3552 1105 3608 sit
1129 3550 1419 3607 creditum.

675 3646 889 3702 Mahsar
918 3645 1046 3717 Tyri
1092 3662 1105 3700 :
1140 3660 1239 3714 pro
1284 3660 1392 3715 quo
1426 3644 1622 3715 Aquila
1655 3653 1709 3700 et
1739 3644 2103 3716 Symmachus
2132 3644 2214 3700 in-

605 3748 1005 3810 terpretantur,
1064 3737 1331 3792 munitam
1359 3735 1593 3808 Tyrum.

678 3832 888 3904 Magau,
924 3831 1052 3887 urbs
1082 3848 1243 3903 quam
1280 3831 1573 3888 aedificavit
1598 3832 1876 3888 Salomon.

678 3924 898 3981 Meeber
935 3940 947 3975 :
987 3938 1087 3993 pro
1127 3937 1235 3994 quo
1280 3922 1474 3994 Aquila
1520 3924 1834 3991 transtulit,
1864 3925 1967 3980 ἀπὸ
2007 3927 2209 3999 πέρανε

675 4078 782 4134 aIn
828 4084 1011 4132 mente
1054 4075 1213 4131 facile
1245 4076 1495 4131 habuerit
1532 4076 1899 4149 Hieronymus
1944 4078 2214 4133 lliathatiae

607 4164 895 4222 pOSlel'OS,
928 4164 1161 4222 quorum
1213 4159 1392 4222 certa‘
1419 4149 1669 4218 sepulcra
1712 4157 1871 4205 erant
1918 4151 1971 4204 in
2013 4150 2214 4205 Modin.

606 4219 713 4279 Sed
771 4237 1003 4292 quorum
1064 4220 1311 4292 reliquias
1367 4219 1673 4292 Antiochia;
1725 4223 2213 4287 monstrabantur,

606 4290 815 4361 septem
855 4300 1013 4346 erant
1053 4290 1483 4363 celebratissimi
1506 4291 1704 4345 fratres
1732 4293 2054 4347 Maecliabtei
2077 4336 2090 4355 ,
2124 4294 2214 4363 qui

604 4365 698 4418 alii
748 4364 906 4429 plane
953 4374 1080 4418 sunt
1108 4378 1137 4416 a
1170 4363 1402 4432 posteris
1444 4362 1739 4417 .‘llatliatiaa.
1774 4363 1899 4417 lllos
1932 4380 2061 4419 vero
2105 4362 2217 4419 Ait-

608 4433 1158 4505 tiochizemartyrinm
1184 4434 1417 4490 subiisse
1437 4432 1590 4505 (licet
1613 4433 1884 4503 JOSleIIIS
1901 4435 2084 4504 Antiq.
2112 4452 2212 4494 xtl.

604 4514 660 4559 et
711 4504 893 4575 libello
940 4505 1008 4559 de
1049 4506 1447 4570 Macchabmis,
1481 4504 1781 4569 Cedrenus,
1812 4506 2014 4575 aliique
2057 4506 2214 4575 pauci

608 4576 794 4630 dicant
820 4574 1203 4649 Jerosolyniis)
1232 4577 1611 4649 Martyrologia
1658 4593 1720 4631 ac
1760 4584 1977 4633 veteres
2008 4574 2207 4647 passim

602 4654 860 4703 auctores
890 4646 1132 4701 tradunt.
1180 4646 1421 4703 Sanetus
1450 4646 1669 4717 quoque
1699 4646 2057 4717 AuguStiuus,
2089 4665 2209 4704 ser-

606 4734 757 4774 mon.
787 4718 855 4773 de
881 4717 1260 4785 Maccliabaiis,
1293 4720 1559 4791 templum
1591 4720 1899 4776 Antiochia:
1922 4722 2029 4778 illis
2058 4721 2214 4778 dedi-

605 4799 784 4845 catum
819 4797 1109 4845 memorat.

675 4861 701 4901 δ
723 4860 1035 4935 Symmachi
1053 4862 1586 4935 interpretationem,
1610 4881 1729 4934 qua:
1748 4865 1935 4921 eadem
1956 4880 2019 4920 ac
2036 4864 2212 4919 Theo-

599 4933 840 5007 dotionis
893 4934 1089 5000 fuerit,
1140 4949 1211 4990 ex
1251 4933 1422 5007 Regio
1461 4933 1754 5004 Hexaplari
1798 4937 1989 4991 codice
2043 4951 2214 5007 penes

599 5005 1064 5081 Mont-fauconinm
1104 5005 1402 5081 suppleas:
1435 5020 1485 5081 ιι..
1518 5010 1617 5063 ἀπὸ
1657 5005 2207 5081 προσθέματοςξδῃηι.

596 5076 662 5153 ιφ
686 5076 1073 5153 additamenta;
1121 5091 1245 5153 nam
1289 5079 1403 5153 deuo
1434 5076 1770 5153 πληρώμαεὲος
1806 5076 1986 5134 versio
2028 5096 2059 5131 a
2094 5076 2206 5151 ple-

599 5147 871 5210 nitudine,
905 5149 974 5199 ibi
1006 5147 1215 5216 Aquilae
1248 5149 1526 5203 tribuitur.

672 5229 696 5258 α
733 5216 1015 5285 Magedan,
1036 5228 1144 5271 etc.
1169 5216 1455 5272 Matthaans
1479 5220 1797 5275 recordatur
1822 5220 2060 5275 nominis
2085 5220 2203 5274 Μα-

595 5289 790 5362 gedmi,
838 5304 959 5362 cap.
997 5304 1264 5362 xv.jvers.
1308 5288 1399 5352 59,
1440 5292 1582 5359 quod
1616 5292 1669 5346 in
1711 5293 1902 5347 Graeco
1940 5302 2199 5347 contextu

594 5359 858 5435 scribitur
888 5359 1158 5435 lilogdala.
1193 5359 1409 5414 Marcus
1444 5378 1577 5435 vero
1616 5379 1715 5435 pro
1763 5362 2025 5435 Magedan
2070 5364 2198 5431 legit

591 5430 1259 5500 Dalinanutha,oap.vnt.
1296 5447 1438 5486 vers.
1483 5434 1567 5488 10.
1612 5434 1721 5488 Nec
1764 5430 1943 5488 tanien
1988 5430 2193 5487 erroris

594 5504 912 5558 insimulare
942 5502 1203 5558 debemus
1235 5502 1550 5566 Emetitur",
1582 5507 1671 5572 qui
1702 5507 1953 5557 utebatur
1983 5503 2189 5558 Grmcis

588 5574 1013 5647 exemplaribus,
1042 5575 1129 5647 ubi
1148 5574 1698 5647 Mugedaniscriptum
1732 5576 2012 5643 legebatur
2042 5575 2186 5641 apud

592 5645 850 5712 Marcum,
882 5646 1022 5697 sicut
1051 5645 1277 5699 hodiein
1297 5646 1545 5712 plurimis
1571 5647 1849 5699 codicibus
1871 5659 2028 5707 mss.,
2048 5660 2184 5711 quos

589 5711 737 5764 inter
765 5714 1036 5768 varianles
1069 5711 1331 5770 lecnnnes
1358 5717 1575 5771 Graecas
1598 5716 1663 5771 N.
1690 5717 1751 5770 Τ.
1782 5727 2069 5770 recensuit
2100 5716 2183 5773 Bi-

585 5780 697 5835 blia
727 5779 1028 5848 Ponyglotta
1052 5784 1440 5842 Londinensia.
1728 5786 1997 5843 Mam-um.

2243 4547 2296 4608 D

2641 3318 2729 3375 DE
2768 3318 3080 3387 QUINQUE
3120 3318 3324 3376 MOSIS
3363 3319 3607 3377 LIBRIS.

2390 3457 2415 3494 ά
2435 3455 2589 3523 Naid,
2621 3466 2767 3513 terra
2798 3458 2853 3512 in
2877 3472 2979 3528 qua
3009 3457 3275 3513 habitavit
3299 3455 3430 3512 Cain
3450 3502 3463 3525 ,
3490 3457 3731 3513 vertitur
3758 3466 3922 3514 autem

2320 3550 2372 3603 in
2406 3550 2602 3617 salum,
2628 3549 2683 3605 id
2713 3558 2797 3605 est
2823 3592 2836 3617 ,
2869 3559 3075 3604 motum
3096 3591 3109 3614 ,
3140 3550 3257 3605 sive
3282 3549 3721 3605 ﬂuctuationem.

2389 3643 2622 3707 Nineve,
2666 3642 2795 3698 urbs
2824 3642 3172 3715 Assyriorum
3194 3686 3207 3708 ,
3236 3658 3397 3714 quam
3441 3642 3742 3700 :edificavit
3768 3645 3922 3701 Assur

2320 3736 2608 3808 egrediens
2640 3736 2708 3791 de
2749 3745 2895 3792 terra
2946 3735 3169 3793 Senaar.
3201 3735 3297 3791 Est
3317 3746 3371 3792 et
3398 3728 3505 3791 alia
3551 3751 3730 3809 usque
3778 3738 3922 3795 hodie

2320 3829 2511 3885 civitas
2557 3828 2870 3885 Iudaeorum
2904 3830 3123 3886 nomine
3153 3828 3359 3885 Nineve
3404 3829 3459 3885 in
3489 3831 3696 3902 angulo
3722 3832 3921 3888 Arabia

2323 3922 2506 3993 (quam
2536 3936 2679 3978 nunc
2702 3932 2724 3961 ο
2749 3933 3001 3993 correpte
3021 3922 3224 3979 Nineve
3253 3920 3489 3992 vocant).

2389 4075 2415 4115 ἀ
2452 4078 2621 4153 Yatic.
2656 4091 2798 4153 Ναίν,
2821 4089 2907 4153 γῆ.
2932 4080 3103 4136 Recte
3131 4079 3351 4153 Hieron.
3376 4080 3540 4145 Naid,
3574 4083 3717 4139 Gen.
3743 4100 3819 4146 iv.
3845 4085 3921 4139 lii.

2392 4160 2414 4185 υ
2448 4150 2689 4221 Correptc
2740 4150 2938 4223 Nineve
2986 4162 3190 4206 vocant.
3240 4152 3382 4206 Editi
3426 4154 3622 4222 legunt
3653 4166 3920 4223 corrupte;

2318 4223 2399 4278 sic
2426 4230 2482 4276 et
2512 4238 2641 4276 mss.
2674 4222 2914 4295 codices,
2949 4232 3145 4290 printer
3171 4224 3547 4278 Colbertinnm
3578 4222 3920 4295 optimaeho-

2318 4304 2386 4349 tae
2415 4310 2567 4347 num.
2596 4293 2763 4369 4554,
2790 4304 2845 4349 et
2874 4295 3113 4369 alterum
3146 4295 3467 4369 Menasterii
3496 4296 3557 4351 S.
3603 4293 3917 4369 Cygiranni,

2318 4381 2458 4435 quos
2523 4368 2693 4421 secuti
2738 4380 2960 4432 sumus;
3013 4368 3137 4436 quia
3204 4367 3355 4421 nulla
3401 4367 3919 4436 apparet—nominis

2312 4443 2596 4511 corruptio
2622 4436 2823 4511 Nineve
2849 4452 2971 4492 cum
3008 4435 3244 4511 Nineve;
3272 4439 3368 4493 sed
3399 4435 3657 4511 correpte
3689 4458 3802 4498 nna
3836 4459 3917 4511 po-

2324 4508 2420 4585 tuit
2450 4510 2631 4585 vocari
2668 4508 2908 4575 Nineve;
2944 4524 3069 4563 cum
3108 4509 3280 4564 altera
3322 4509 3588 4585 producte
3645 4508 3917 4585 legeretur

2323 4579 2539 4635 Nineve.
3328 4579 3337 4580 ί
3468 4579 3745 4639 Maurum:

2386 4652 2683 4727 fllegina:
2705 4666 2806 4707 ms.
2823 4650 3122 4727 corrupteN
3128 4667 3213 4706 eve
3232 4651 3646 4727 voca_ut._Noster
3662 4670 3792 4712 com
3800 4673 3917 4727 pen-

2315 4722 2485 4797 diaria
2516 4722 2783 4797 scriptura
2821 4722 2993 4795 corpte
3018 4722 3294 4779 Nenevem.
3331 4724 3396 4779 Et
3427 4725 3778 4782 Martianmus
3800 4722 3917 4797 qui-

2313 4794 2436 4866 dem
2480 4810 2549 4850 ex
2581 4795 2791 4849 duobus
2824 4794 2955 4866 mss.
2999 4806 3230 4866 correpte
3275 4797 3547 4865 reposuit,
3576 4797 3715 4853 nihil
3763 4794 3917 4864 plane

2312 4864 2597 4919 immutato
2628 4869 2846 4921 nomine
2878 4865 3096 4933 Ninive,
3130 4864 3181 4920 in
3213 4882 3279 4922 eo
3301 4864 3450 4922 ratus
3478 4879 3648 4924 totam
3679 4886 3807 4927 esse
3833 4889 3917 4925 vo-

2314 4937 2391 4990 cis
2436 4938 2823 5001 differentiam,
2856 4940 2998 5007 quod
3029 4940 3079 4992 in
3108 4938 3274 4993 altera
3310 4939 3409 4993 hac
3450 4940 3650 4996 Ninive
3680 4945 3917 4998 secunda

2314 5010 2517 5082 syllaba
2569 5010 3125 5082 corriperetnr._qu:e
3178 5011 3231 5064 in
3274 5011 3439 5080 priori
3488 5011 3914 5082 produceliatnr.

2317 5079 2631 5152 Martiana'o
2658 5083 2954 5135 assentitnr
2983 5079 3292 5144 Relandns,
3326 5083 3417 5152 qui
3448 5079 3633 5139 tamen
3672 5084 3761 5139 hic
3816 5086 3919 5141 Νε-

2315 5167 2491 5224 neven,
2522 5151 2660 5224 utin
2696 5167 2797 5224 ms.
2832 5162 3017 5206 nostro
3043 5160 3150 5224 est,
3184 5152 3350 5223 legit,
3393 5153 3612 5224 aliaque
3644 5157 3699 5209 in
3737 5173 3914 5212 exem-

2309 5223 2454 5291 plum
2485 5222 2708 5276 adducit
2739 5222 3059 5299 Hieronymi
3092 5222 3315 5299 loea,fin
3339 5222 3537 5299 quibus
3568 5226 3638 5282 de
3664 5241 3914 5299 correpta

2306 5303 2651 5370 antextensa
2696 5296 2869 5370 vocali
2918 5294 2970 5370 in
3003 5296 3712 5370 pronnntiandgdiSpuiat.
3764 5294 3916 5370 [ejus-

2306 5364 2448 5419 modi
2480 5374 2561 5418 est
2583 5365 2719 5419 illud
2752 5366 2803 5418 in
2837 5366 3079 5434 Seplion.
3113 5380 3234 5435 cap.
3265 5383 3281 5420 ι
3326 5387 3340 5421 :
3368 5366 3509 5431 Pila,
3543 5370 3642 5422 hoc
3675 5370 3789 5423 loco
3806 5364 3913 5425 'uon

2300 5454 2393 5520 per
2421 5436 2621 5490 brevem
2671 5438 2928 5520 syllabam
2971 5437 3144 5520 prima,
3175 5438 3391 5520 legenda
3431 5448 3541 5520 est,
3596 5458 3661 5495 ne
3696 5452 3913 5520 ᾳφᾳῖρᾳν

2296 5518 2531 5576 putemus
2551 5549 2563 5565 ,
2598 5510 2687 5562 sed
2714 5512 3017 5579 productam
3043 5549 3059 5573 ,
3094 5519 3147 5579 ut
3195 5513 3258 5563 de
3289 5511 3395 5578 pila
3423 5512 3647 5565 sciamus
3673 5510 3780 5567 diei
3799 5510 3839 5570 .”
3864 5516 3912 5566 in

2294 5594 2399 5647 qua
2428 5578 2721 5656 frumento
2754 5581 3060 5656 tunduntur.
3097 5578 3314 5656 Qnutra
3339 5581 3589 5656 Clericus
3632 5599 3876 5656 corrupte
3895 5626 3908 5649 ,

2294 5651 2438 5726 quod
2470 5662 2626 5705 antea
2656 5661 2780 5726 erat
2802 5653 2857 5726 iu
2905 5652 3066 5726 editis
3094 5651 3253 5726 libris
3277 5695 3314 5726 ,_
3341 5653 3699 5708 retinendum
3734 5651 3907 5726 putat.

2295 5721 2578 5795 multoque
2608 5723 2809 5777 mavult
2838 5725 2909 5795 ita
2934 5721 3243 5795 intelligere
3275 5724 3671 5795 Hieroiiyuinm
3695 5767 3709 5783 .
3735 5721 3797 5781 ut
3831 5746 3911 5783 ve.

2292 5788 2355 5846 lit
2398 5788 2655 5861 oppidum
2701 5794 2975 5865 quoddam
3012 5810 3040 5848 a
3083 5788 3287 5851 Judaeis
3335 5788 3541 5851 cultum
3581 5797 3637 5852 in
3676 5798 3905 5866 Arabia,
