4042 6332
88 341 191 401 913

158 460 389 529 Naaliel,
422 462 576 532 juxta
620 464 899 519 Arnonem
932 472 1110 517 castra
1140 460 1373 515 liliorum
1399 462 1585 517 Israel.

158 554 346 611 Nabau
373 555 541 627 (quod
574 556 843 611 Hebraice
881 554 1080 609 dicitur
1122 552 1318 625 Nebo),
1345 569 1501 608 mons
1531 568 1697 622 supra

85 646 381 703 Jordanem
415 658 601 703 contra
631 649 905 704 Jerichum
933 648 987 702 in
1020 657 1161 702 terra
1191 647 1380 715 Moab,
1406 648 1495 702 ubi
1522 647 1695 703 Moses

82 751 335 796 mortuus
361 751 445 797 est
470 760 483 795 :
504 752 562 797 et
592 758 763 812 usque
786 742 947 798 hodie
976 743 1282 798 ostenditur
1314 744 1365 797 in
1398 754 1551 798 sexto
1574 742 1696 797 inil-

82 834 242 890 liaria
268 836 418 892 urbis
446 836 621 893 Esbus
650 848 675 875 ει
705 848 894 892 contra
923 838 1247 893 orientalem
1281 838 1512 909 plagam.

156 925 326 992 Nubo,
373 928 567 983 civitas
602 929 833 984 lilinrum
862 929 1052 985 Ruben
1099 931 1152 986 in
1185 932 1409 999 regione
1438 930 1642 987 Galaad
1678 949 1690 985 :

83 1019 239 1088 cujus
268 1020 513 1075 meminit
543 1020 708 1076 Isaias
733 1022 787 1076 in
818 1022 1028 1078 visione
1059 1034 1244 1079 contra
1270 1007 1443 1090 Moab,
1470 1034 1525 1079 et
1544 1023 1693 1079 Jere-

84 1113 241 1166 tnias.
279 1113 374 1169 Est
416 1128 548 1169 vero
577 1124 631 1170 et
678 1115 960 1185 cujusdam
991 1117 1092 1170 viri
1122 1117 1443 1172 vocabulum
1476 1117 1691 1183 Nabau,

82 1204 175 1273 qui
203 1204 348 1261 Caan
385 1204 704 1280 (Chanaatlz)
728 1251 743 1275 ,
790 1219 845 1264 et
874 1220 1104 1265 cteteros
1132 1209 1283 1265 vicos
1309 1251 1322 1277 ,
1363 1210 1455 1279 qui
1488 1211 1691 1266 circum

81 1311 200 1351 eam
230 1307 414 1365 erant,
435 1315 501 1354 ex
521 1314 622 1355 suo
646 1302 868 1357 nomine
885 1302 1213 1372 nuncupavit
1240 1302 1447 1358 NabOtli
1469 1302 1690 1375 (Nube).

78 1391 189 1446 Sed
220 1402 274 1448 et
301 1408 472 1464 usque
502 1393 667 1451 hodie
696 1396 1006 1452 ostenditur
1035 1396 1288 1453 desertus
1330 1396 1480 1453 locus
1507 1396 1652 1453 Naba
1674 1441 1688 1463 ,

78 1486 292 1543 distans
316 1503 346 1543 a
368 1489 583 1545 civitate
611 1489 787 1546 Esbus
809 1491 1051 1548 millibus
1079 1501 1207 1547 octo
1229 1503 1417 1547 contra
1440 1491 1691 1548 meridia-

79 1594 211 1635 nam
241 1582 473 1652 plagam.

152 1675 359 1746 Negeb,
392 1676 589 1734 Auster
612 1679 785 1750 :apud
817 1679 1073 1737 Hebraeos
1100 1678 1281 1751 Nageb
1303 1679 1520 1745 dicitur,
1544 1679 1689 1750 quod

78 1768 439 1839 Symmachus
494 1772 911 1843 interpretatur,
984 1774 1289 1830 meridiem.
1363 1774 1687 1845 (Sciendum

76 1870 261 1916 autem
288 1863 431 1933 quod
462 1865 651 1920 eadem
686 1868 840 1936 plaga
872 1867 1015 1933 apud
1043 1866 1304 1921 Hebraeos
1336 1866 1507 1921 tribus
1537 1882 1697 1923 voca-
1726 1872 1773 1932 B

78 1953 219 2009 bulis
247 1958 572 2027 appellatur,
614 1958 831 2031 Nageb,
868 1960 1096 2015 Tlteman
1115 2004 1130 2028 ,
1160 1959 1357 2016 Darom
1378 2008 1391 2030 ,
1420 1964 1561 2034 quod
1594 1979 1693 2019 nos

76 2063 368 2119 possumus
416 2055 709 2121 Austrum,
768 2054 1050 2121 Africum,
1110 2065 1166 2113 et
1212 2057 1533 2125 Meridiem,
1578 2059 1693 2115 sive

78 2142 285 2201 Eurum
318 2146 718 2220 interpretari.)

506 2284 670 2358 255
709 2285 798 2341 DE
838 2285 1047 2342 manu
1084 2287 1271 2344 JESU.

149 2398 480 2470 Nepheddor
507 2400 673 2472 (quod
688 2399 714 2437 δ
737 2401 1098 2470 Symmachus
1121 2403 1515 2475 interpretatur
1536 2405 1696 2460 mari-

78 2492 329 2562 timam);
364 2491 475 2547 Dor
515 2504 699 2549 autem
752 2504 838 2550 est
868 2496 1126 2567 oppidum
1153 2498 1269 2568 jam
1308 2498 1588 2555 desertum
1637 2501 1692 2555 in

78 2600 227 2640 nono
265 2597 285 2623 ε
331 2585 588 2642 milliario
640 2584 926 2655 Cursarem,
990 2590 1341 2661 pergentibus
1390 2591 1690 2648 Ptolemai-

78 2676 231 2733 dem.

154 2771 375 2838 Naltho,
408 2788 607 2829 nomen
636 2774 803 2829 fontis
836 2775 893 2829 in
927 2776 1069 2831 tribu
1099 2776 1404 2847 Benjamin.

155 2864 379 2934 Naama,
413 2867 604 2922 civitas
635 2868 813 2923 tribus
840 2867 1016 2924 Judzn.

158 2957 378 3023 Neesib,
411 2959 465 3015 in
492 2960 640 3015 tribu
668 2960 831 3027 Juda,
876 2976 999 3031 qua:
1046 2976 1191 3017 nunc
1220 2970 1447 3018 vocatur
1476 2960 1689 3030 Nasibi,

82 3054 138 3109 in
189 3053 421 3125 septimo
481 3054 746 3111 milliario
797 3055 1296 3127 Eleutheropoleos
1340 3058 1692 3129 pergentibus

82 3146 366 3203 Chebron.

159 3238 393 3311 Nepsam
424 3240 479 3295 in
512 3240 656 3296 tribu
687 3239 849 3297 Juda.

158 3334 451 3401 Naaratha,
493 3338 545 3390 in
577 3334 724 3390 tribu
755 3335 1038 3406 Ephraim,
1072 3344 1127 3390 et
1155 3352 1297 3391 nunc
1325 3347 1408 3392 est
1445 3336 1685 3392 Naorath

83 3426 275 3481 villula
302 3424 638 3493 Iudaeorum,
673 3427 726 3481 in
756 3428 950 3497 quinto
984 3427 1243 3483 milliario
1270 3427 1539 3484 Jerichns.

157 3516 437 3587 Napheth,
473 3517 523 3572 in
557 3518 699 3572 tribu
731 3519 997 3575 Manasse.

159 3609 371 3675 Naalol,
419 3610 472 3664 in
502 3610 642 3665 tribu
675 3610 944 3681 Zabulon,
985 3612 1178 3667 civitas
1216 3622 1472 3683 separata
1527 3612 1689 3669 Levi-

87 3706 180 3760 tis.

158 3797 366 3866 Neceb,
403 3798 456 3854 in
484 3798 626 3855 tribu
658 3799 989 3871 Nephtalint.

552 3915 642 3971 DE
681 3916 886 3973 LIBRO
922 3917 1236 3974 JUDICUM.

157 4011 352 4079 Neela,
380 4010 450 4066 de
481 4010 582 4066 hac
612 4011 946 4082 alienigenas
976 4012 1215 4067 Zabulon
1249 4028 1357 4068 non
1391 4014 1563 4069 valuit
1595 4030 1690 4070 ex-

84 4106 319 4175 pellere.
360 4105 457 4159 Est
495 4104 765 4175 hodieque
812 4106 862 4159 in
910 4106 1137 4175 regione
1182 4106 1433 4161 Batanma
1482 4108 1691 4162 viculus

86 4198 316 4253 nomine
347 4197 522 4253 Neila.

158 4288 371 4353 Nabbe,
404 4292 523 4344 sive
553 4288 761 4356 Nobba,
808 4290 876 4344 ad
926 4305 1087 4360 quam
1138 4290 1387 4345 ascendit
1441 4292 1686 4357 Gedeon,

86 4381 224 4434 urbs
256 4380 634 4436 sacerdotibus
681 4391 955 4451 separata,
1012 4396 1172 4451 quam
1221 4391 1407 4450 postea
1464 4383 1692 4454 legimus

79 4471 276 4526 Saulis
309 4470 491 4527 lurore
519 4473 866 4529 subversam.

161 4564 387 4635 Nemra,
411 4568 603 4621 civitas
645 4568 819 4622 tribus
854 4567 1045 4622 Ituben
1091 4567 1145 4621 in
1189 4576 1331 4621 terra
1362 4567 1565 4623 Galaad
1598 4590 1612 4625 :
1641 4579 1695 4624 et

1206 344 1413 401 LIBER
1450 344 1543 401 DE
1584 344 1741 403 SITU
1780 343 1870 402 ET
1909 342 2306 402 NOMINIBUS.

1723 465 1779 527 Α
2206 459 2295 515 DE
2339 458 2723 517 REGNORUM
2761 460 3004 517 LIBRIS.

3301 343 3409 426 at;

1876 552 2130 616 Navioth,
2158 554 2310 608 locus
2338 555 2389 609 in
2418 555 2608 620 Rama,
2629 556 2722 610 ubi
2749 556 2889 611 sedit
2914 556 3086 613 David
3122 558 3290 629 (etde
3310 559 3413 615 hoc

1802 644 1855 698 in
1890 643 2047 700 libris
2073 645 2463 701 IIebraicarttm
2493 648 2869 715 Quaestionum
2899 649 3191 719 diximus).

1871 736 2117 802 Nachoii,
2143 753 2269 794 area
2315 737 2537 795 Nachon
2589 755 2604 795 :
2640 755 2737 810 pro
2770 756 2877 811 quo
2904 742 3101 812 Aquila
3130 743 3409 815 interpre-

1802 838 1967 897 tatur,
1996 844 2123 884 area
2157 841 2481 900 praeparata.

1870 923 2143 990 Nephath,
2176 925 2367 980 civitas
2396 928 2557 983 unius
2583 928 2888 998 principum
2922 928 3253 984 Salomonis.

1870 1017 2109 1089 Nerigel,
2148 1027 2203 1073 et
2246 1018 2385 1075 hanc
2429 1030 2825 1077 exstruxerunt
2861 1023 2915 1076 in
2944 1023 3170 1093 regione
3216 1021 3402 1077 Judaaa

1800 1108 2153 1172 Samaritani,
2177 1111 2267 1180 qui
2297 1112 2366 1166 de
2390 1111 2689 1184 Babylonia
2716 1123 2841 1167 sunt
2862 1112 3117 1182 profecti.

1870 1202 2084 1270 Nezab,
2137 1218 2302 1272 quam
2348 1206 2712 1262 condiderunt
2762 1206 2910 1261 Ενωί
2983 1206 3036 1260 ἱη
3106 1214 3252 1261 terra
3305 1204 3405 1261 Ju-

1798 1296 1939 1352 daea.

1869 1390 2160 1460 Nazaretli,
2196 1394 2399 1449 idolum
2431 1394 2807 1466 Assyriorum.

1868 1484 2029 1558 255
2044 1486 2507 1557 Nemerim,cujus
2522 1486 2769 1542 meminit
2791 1486 2960 1541 Isaias
2980 1486 3034 1540 in
3052 1486 3261 1541 visione
3278 1500 3409 1539 con-

1794 1585 1873 1631 tra
1906 1578 2084 1643 Moab,
2112 1588 2168 1634 et
2194 1579 2465 1636 Jereniias
2494 1598 2507 1634 :
2533 1594 2673 1633 nunc
2692 1588 2873 1633 autem
2900 1586 2985 1633 est
3007 1579 3159 1632 vicus
3188 1576 3407 1634 nomine

1795 1667 2179 1725 Bennamarim
2208 1672 2275 1726 ad
2303 1671 2795 1743 septentrionalem
2828 1670 3043 1741 plagam
3070 1668 3277 1725 Zoarae.

1866 1760 2139 1831 Nebeoth,
2163 1764 2314 1835 regio
2340 1763 2409 1818 de
2435 1778 2539 1834 qua
2568 1764 2764 1818 scribit
2796 1762 2985 1817 Isaias.

2340 1856 2433 1910 DE
2473 1855 2911 1911 EVANGELIIS.

1871 1945 2139 2003 Nazareth
2166 1968 2177 2003 :
2206 1949 2349 2005 unde
2374 1958 2431 2005 et
2456 1949 2719 2004 Dominus
2748 1959 2937 2004 noster
2964 1957 3127 2018 atque
3153 1946 3408 2003 Salvator

1796 2038 2086 2096 Nazaraaus
2111 2054 2335 2097 vocatus
2363 2051 2481 2097 est:
2509 2041 2605 2095 sed
2629 2050 2683 2096 et
2706 2056 2805 2095 nos
2823 2039 2967 2110 apud
2992 2038 3222 2093 Veteres
3245 2038 3403 2107 quasi

1795 2133 2098 2201 Opprobrio
2136 2132 2377 2187 Nazareni
2420 2133 2767 2197 dicebamur,
2798 2147 2935 2201 quos
2966 2146 3109 2186 nunc
3136 2130 3406 2186 ChriStia-

1796 2238 1898 2278 nos
1930 2234 2147 2278 vocant.
2183 2225 2278 2280 Est
2313 2234 2495 2280 autem
2529 2240 2705 2295 usque
2737 2225 2896 2280 hodie
2930 2227 2983 2279 in
3011 2224 3232 2280 Galilzea
3260 2225 3409 2279 vicu-

1797 2316 1881 2371 lus
1908 2327 2099 2372 contra
2131 2318 2453 2389 Legionem,
2479 2319 2531 2372 in
2561 2316 2974 2388 quintodccimo
3000 2318 3119 2386 ejus
3150 2316 3408 2371 milliario

1796 2410 1867 2466 ad
1888 2412 2216 2467 orientalem
2259 2412 2476 2483 plagam
2501 2412 2651 2481 juxta
2680 2422 2923 2467 montem
2954 2410 3173 2465 Thabor
3205 2408 3411 2480 (nomi-

1796 2520 1867 2561 ne
1894 2504 2148 2578 Nazara).

1866 2598 2059 2665 Naim,
2116 2599 2461 2671 oppidulum,
2498 2599 2554 2655 in
2597 2614 2705 2670 quo
2753 2599 2925 2653 lilium
2963 2598 3139 2653 vidua:
3182 2612 3212 2651 a
3260 2610 3407 2651 mor-

1795 2692 1903 2748 tuis
1938 2693 2200 2749 Dominus
2232 2693 2538 2757 suscitavit,
2568 2702 2623 2749 et
2648 2708 2823 2763 usque
2854 2692 3039 2758 hodie,
3066 2692 3122 2746 in
3163 2688 3407 2746 secundo

1795 2785 2053 2840 milliario
2081 2785 2302 2840 Thabor
2324 2786 2527 2841 montis
2550 2785 2881 2851 ostenditur,
2907 2792 3098 2839 contra
3118 2781 3401 2838 meridiem

1788 2879 1945 2949 juxta
1976 2877 2208 2934 1Endor.

2392 2973 2481 3029 DE
2522 2972 2795 3030 GENESI.

1864 3066 2066 3134 Orech,
2091 3067 2286 3123 civitas
2316 3068 2470 3150 regni
2492 3067 2732 3123 Nemrod
2761 3068 2816 3121 in
2848 3066 3148 3138 Babylone.

1866 3161 2173 3230 Oolibama,
2198 3163 2395 3218 civitas
2421 3162 2733 3234 principum
2765 3160 2958 3217 Edon).

1712 3270 1758 3332 ρ
1862 3255 2135 3327 Odollam,
2162 3257 2407 3314 diximus
2427 3259 2496 3315 de
2529 3258 2632 3314 hoc
2660 3268 2714 3314 et
2739 3271 2928 3329 supra,
2957 3257 3115 3327 cujus
3152 3257 3405 3313 meminit

1795 3357 1852 3405 et
1881 3348 2069 3407 Isaias.

2394 3447 2485 3502 DE
2526 3446 2783 3503 EXODO.

1860 3538 2100 3606 Oothon,
2133 3539 2222 3595 ubi
2260 3540 2501 3595 secundo
2531 3540 2625 3594 lilii
2658 3540 2826 3595 Israel
2855 3536 3224 3595 castrametati
3251 3545 3398 3602 sunt,

1790 3632 2138 3701 egredientes
2169 3633 2237 3688 de
2278 3634 2512 3689 Soccoth
2555 3633 2710 3703 juxta
2754 3632 3057 3696 desertum,
3084 3627 3304 3701 quando
3330 3627 3399 3683 de

1793 3724 2033 3799 Egypto
2061 3726 2291 3797 profecti
2322 3738 2471 3783 sunt.

2313 3820 2401 3874 DE
2440 3817 2650 3874 LIBRO
2687 3817 2878 3875 JESU.

1868 3917 2076 3987 Opher,
2108 3918 2249 3974 hanc
2278 3919 2426 3989 cepit
2452 3917 2633 3985 Jesus,
2667 3932 2798 3987 rege
2826 3915 2975 3971 illius
3006 3912 3315 3970 interfecto.

1866 4010 2009 4072 001i,
2044 4011 2241 4067 civitas
2273 4015 2326 4067 in
2359 4012 2502 4067 tribu
2534 4012 2691 4066 Aser.

1867 4104 2072 4173 Opltra,
2102 4104 2189 4158 via
2214 4105 2422 4175 Oplira,
2447 4105 2652 4160 ducens
2680 4103 2746 4158 ad
2777 4111 2974 4157 terram
2997 4098 3147 4155 Soal.

1852 4193 2132 4264 [lucusque
2155 4212 2246 4267 per
2275 4194 2319 4250 Ο
2350 4197 2548 4250 brevem
2580 4198 2805 4249 litteram
2835 4194 3052 4266 legimus
3077 4206 3095 4244 :
3126 4189 3245 4244 exin
3276 4204 3366 4259 per

2156 4298 2421 4343 extensum
2453 4291 2682 4362 legamus
2708 4290 3034 4342 elementum.

2167 4385 2331 4456 253
2371 4384 2459 4437 DE
2498 4375 3032 4436 PENTATEUCHO.

1868 4474 1974 4539 On,
2007 4476 2138 4530 urbs
2165 4476 2220 4530 in
2250 4477 2508 4545 Aigypto,
2534 4490 2655 4544 quae
2701 4473 3008 4544 Heliopolis
3034 4472 3227 4529 Grmce
3252 4473 3397 4528 dici-

1799 4578 1913 4631 tur.
1943 4571 1995 4629 id
2029 4579 2149 4637 est,
2202 4570 2399 4626 civitas
2431 4570 2583 4635 solis,
2638 4584 2797 4638 quam
2847 4567 3256 4624 :edilicaverunt
3302 4567 3403 4623 lilii

82 4674 265 4730 usque
295 4661 360 4716 ad
398 4676 643 4731 prmsens
674 4663 826 4716 vicus
853 4661 1072 4731 grandis
1099 4660 1353 4729 Namara,
1392 4661 1447 4716 in
1476 4663 1699 4733 regione
1725 4674 1780 4734 ])
1806 4663 1975 4718 Israel
2008 4704 2024 4730 ,
2074 4664 2214 4719 sicut
2266 4664 2622 4733 Septuaginta
2682 4662 3016 4733 Interpretes
3044 4662 3399 4717 arbitrantur.

82 4753 373 4809 Batanrea.

85 4940 364 5001 corrupte,
394 4930 494 4985 hoc
525 4941 639 4998 est,
668 4946 949 5001 perperam
973 4938 1219 4986 vocatum
1247 4930 1415 4986 fuisse
1434 4929 1657 4985 Niniven
1676 4974 1690 4997 ,

85 5019 216 5057 cum
249 5018 359 5057 non
384 5011 531 5058 esset
560 5005 631 5057 ita
661 5002 980 5057 vocandum.
1010 5003 1248 5057 Tametsi
1278 5018 1405 5057 vero
1428 5016 1535 5055 non
1559 5004 1694 5057 tanti

87 5088 173 5130 ρει
208 5075 371 5130 nobis
416 5074 531 5129 haec.
564 5076 752 5140 lectio,
788 5086 845 5127 nt
887 5076 953 5129 de
980 5089 1042 5128 ea
1075 5074 1288 5141 longius
1315 5076 1648 5129 disseramus
1682 5093 1695 5129 :

90 5146 206 5199 falli
240 5155 423 5201 tamen
457 5146 707 5201 videntur
734 5145 885 5200 docti
912 5146 1048 5210 viri,
1074 5155 1235 5213 atque
1268 5146 1384 5210 ipse
1409 5145 1652 5200 Clericus
1678 5187 1692 5209 ,

89 5221 183 5287 qui
242 5219 296 5271 in
344 5220 578 5272 secunda
624 5218 828 5287 syllaba
876 5217 1334 5285 pronuntiationis
1373 5217 1693 5271 varietatem

91 5290 391 5343 collocant.
424 5290 727 5352 Eusebius,
770 5289 925 5354 cujus
973 5302 1189 5341 sensum
1222 5289 1581 5359 Hieronymus
1617 5291 1697 5342 in-

94 5369 456 5428 terpretatur,
491 5362 542 5414 in
576 5361 732 5414 tertia
769 5360 919 5428 ponit
950 5378 962 5412 :
992 5370 1045 5412 et
1079 5359 1308 5424 primum
1345 5363 1563 5428 quidem
1593 5360 1694 5413 As-

94 5434 328 5503 syriacze
357 5433 502 5487 urbis
532 5447 731 5503 nomen
760 5447 855 5499 per
881 5446 908 5483 e
938 5430 1252 5503 produCIam
1282 5431 1519 5503 litteram
1544 5470 1557 5491 ,
1590 5432 1703 5483 sive

96 5500 136 5563 ni
155 5505 357 5561 scribit
382 5546 395 5567 ,
428 5514 603 5563 Νινευῆ
640 5519 651 5554 :
690 5502 922 5555 alterum
947 5543 960 5565 ,
1004 5502 1116 5555 sive
1167 5500 1393 5554 Arabice
1445 5515 1539 5568 per
1583 5515 1705 5554 cor-

96 5590 309 5646 reptam
334 5598 385 5642 ι,
420 5578 638 5633 Νινενέν.
669 5573 835 5642 Igitur
862 5584 1120 5646 correpte,
1146 5572 1293 5646 quod
1322 5580 1377 5625 et
1403 5571 1557 5646 nobis
1588 5586 1703 5625 ma-

95 5642 176 5716 gis
209 5649 442 5710 arridet,
469 5647 736 5699 Eusebius
762 5643 977 5710 probat.
1003 5643 1157 5716 Quod
1184 5644 1227 5695 si
1251 5652 1492 5707 corrupte
1521 5642 1705 5716 legent

94 5712 228 5777 tium
260 5721 373 5783 sit,
406 5727 531 5788 puta
583 5732 700 5768 eam
752 5716 996 5788 denotari
1042 5714 1263 5788 urbem,
1304 5728 1422 5780 qum
1468 5723 1519 5765 et
1547 5712 1704 5788 apud

93 5792 360 5846 Caralitin
394 5784 423 5843 εἰ
450 5792 506 5843 S.
538 5788 740 5847 Paulo,
773 5784 939 5839 Nmit.
968 5801 1086 5854 pag.
1122 5785 1212 5849 51,
1242 5789 1373 5843 Νευὴ
1403 5784 1707 5850 appellatur

94 5861 148 5920 iu
180 5862 466 5936 provincia
494 5855 796 5914 ArabimJn
820 5856 1011 5910 Latina
1044 5856 1239 5922 Notit.,
1275 5871 1393 5925 pag.
1423 5854 1508 5917 60,
1550 5854 1705 5917 Neri,

1805 4758 2059 4829 Alioquin
2088 4760 2139 4813 in
2173 4757 2453 4814 Hebraicis
2482 4756 2857 4812 voluminibus
2906 4771 3013 4812 non
3045 4756 3301 4811 habetur.
3335 4754 3409 4809 Et

1803 4931 1890 4987 ubi
1922 4933 2234 4988 Holstenius
2260 4934 2554 4999 observat,
2590 4935 2761 5000 Neve,
2797 4946 2851 4989 et
2880 4934 3044 5000 Neri,
3072 4941 3128 4989 et
3163 4933 3324 4989 Neris
3352 4935 3405 4990 in

1802 5004 1962 5059 editis
1994 5005 2196 5073 pariter
2225 5021 2288 5060 ac
2320 5021 2449 5060 mss.
2480 5006 2697 5060 Notitiis
2722 5006 2846 5076 legi.

1878 5086 1902 5113 ³
1938 5077 2168 5142 Propius
2198 5077 2263 5130 ad
2290 5076 2448 5131 ﬁdem
2481 5087 2564 5131 est
2586 5078 3093 5145 Opinari,scriptum
3118 5076 3186 5131 ab
3217 5075 3410 5131 Iliero-

1804 5162 1969 5217 nymo
1998 5156 2176 5200 contra
2208 5148 2571 5203 occidentalem
2605 5151 2813 5220 plagam
2841 5192 2855 5211 ,
2886 5164 3046 5214 quam
3071 5149 3139 5203 ab
3167 5148 3409 5204 Eusebio

1804 5222 1933 5274 πρὸς
1964 5219 2225 5274 ἀνατολάς.
2258 5220 2458 5274 Recole
2488 5236 2648 5274 sunra
2682 5236 2867 5274 vocem
2900 5220 3129 5274 Abarim.

2214 5258 2225 5271 .
2258 5238 2458 5274 1180018
2488 5238 2648 5274 sunra
2682 5238 2867 5274 vocem
2900 5238 3129 5274 Αοαττηι.

1804 5222 1933 5295 πρὸς
1964 5221 2225 5280 ἀνατολάς.
2258 5221 2458 5274 Recole
2488 5236 2648 5285 supra
2682 5236 2867 5275 vocem
2900 5221 3129 5274 Abarim.

1808 5288 1905 5363 ub
1935 5290 2225 5363 Exci‘derit
2264 5290 2334 5363 ab
2373 5290 2609 5363 Eusebio
2648 5290 2959 5363 Symmachi
3002 5306 3222 5363 nomen,
3264 5291 3410 5363 quod

1806 5359 2026 5415 Hieron.
2054 5361 2235 5415 docet.
2268 5361 2563 5417 Bonlreriu
2595 5359 2774 5415 tanien
2823 5378 2930 5416 non
2993 5363 3051 5415 lit
3085 5361 3409 5429 verisimile,

1814 5430 2185 5502 Symmachum
2223 5435 2355 5486 hanc
2386 5449 2556 5488 vocem
2590 5436 3006 5499 interpretatum,
3053 5433 3362 5485 maritimam
3390 5449 3409 5485 :

1810 5502 1972 5573 longe
2000 5514 2179 5557 autem
2213 5504 2579 5559 vernsimilius
2610 5515 2693 5557 est
2723 5504 3037 5557 maritimam
3078 5503 3284 5557 (IIIIS-6
3311 5519 3411 5572 pro

1811 5588 1878 5627 co
1908 5576 2051 5643 quod
2081 5575 2245 5629 Josue
2276 5591 2350 5640 xl,
2383 5575 2437 5639 2,
2459 5578 2638 5629 versio
2665 5586 2848 5627 llttSlra
2879 5574 3042 5627 habet
3063 5574 3220 5643 juxta
3243 5590 3406 5641 mare,

1812 5646 1902 5712 qui
1949 5659 2092 5767 stilus
2134 5646 2208 5700 ibi
2251 5646 2566 5714 regionibus
2604 5645 2713 5697 Dor
2757 5644 3069 5697 ascribitur.
3106 5642 3242 5698 Vide
3274 5644 3409 5698 Dor-

1812 5720 2057 5767 naufmt.

1808 5731 2057 5784 napnem.

1889 5797 1909 5823 ο
1942 5786 2007 5840 1η
2037 5804 2170 5840 nono
2188 5787 2452 5839 milliaria.
2482 5784 2904 5854 Corruptissime
2933 5785 3064 5840 editi
3091 5799 3248 5842 antea
3281 5787 3405 5843 libri

1813 5857 2067 5925 legebant
2088 5858 2358 5910 undecimo
2385 5856 2651 5909 milliaria.
2701 5856 2967 5910 MARTIAN.
