4042 6340
195 0 562 11 ————__.-_.___.

627 377 732 432 9l5

625 607 802 666 plum,
827 605 945 648 erat
973 605 1254 648 exstructa
1275 593 1385 662 jam
1409 593 1628 654 civitas,
1653 607 1776 662 qua:
1799 599 1855 646 et
1884 592 2230 647 sacerdotem

627 690 817 742 habuit
851 686 1146 754 Petefrem,
1180 695 1391 755 patrem
1425 685 1694 740 Asencth.

695 782 772 838 0r
804 823 819 847 ,
858 797 1019 838 mons
1071 782 1124 835 in
1165 796 1272 849 quo
1321 790 1572 834 mortuus
1620 789 1702 833 est
1749 779 2129 848 Aaron,juxta
2160 780 2234 834 ci-

627 879 846 932 vitatem
901 878 1140 940 Petram,
1171 876 1260 929 ubi
1292 890 1465 944 usque
1510 874 1574 928 ad
1607 887 1935 942 praesentem
1965 875 2108 927 diem
2139 890 2229 928 os-

625 969 869 1024 tenditur
897 984 1086 1040 rupes,
1115 983 1221 1040 qua
1272 983 1557 1038 percussa,
1599 968 1779 1022 Muses
1806 984 1974 1037 aquas
2028 968 2232 1037 populo

628 1063 799 1117 dedit.

698 1156 905 1219 Oboth,
931 1157 988 1211 in
1016 1156 1237 1211 deserto
1267 1167 1448 1211 castra
1479 1156 1714 1209 {illorum
1748 1154 1942 1209 Israel.

877 1251 966 1305 DE
1005 1251 1169 1307 JESU
1213 1251 1297 1306 ET
1339 1249 1725 1306 REGNORUII
1766 1248 2014 1304 LIBlllS.

699 1343 829 1406 Osa,
858 1343 912 1396 in
941 1343 1085 1396 tribu
1129 1346 1290 1398 Aser.

699 1437 889 1502 Oram,
922 1437 974 1490 in
1004 1438 1147 1491 tribu
1178 1436 1514 1505 Nephtalim.

702 1529 895 1597 Ophir,
932 1530 1078 1584 unde
1128 1530 1270 1585 sicut
1315 1531 1369 1585 in
1395 1530 1711 1599 Regnorum
1761 1531 1915 1586 libris
1973 1535 2230 1604 legimus,

629 1637 826 1676 aurum
856 1620 1190 1676 aﬂercbalur
1245 1621 1548 1676 Salomoni.
1593 1623 1716 1678 Fuit
1747 1636 1930 1679 autem
1983 1641 2124 1680 Unus
2166 1627 2233 1681 de

633 1714 872 1782 posteris
919 1713 1117 1778 Heber,
1168 1713 1390 1768 nomine
1415 1713 1608 1784 Ophir,
1660 1731 1727 1770 ex
1756 1717 1912 1786 cujus
1943 1718 2116 1786 stirpe
2142 1734 2234 1773 ve-

637 1809 848 1860 nientes
878 1823 906 1860 a
932 1807 1095 1860 ﬂuvio
1124 1806 1408 1876 Cophene,
1441 1823 1612 1877 usque
1635 1809 1698 1861 ad
1734 1809 2015 1879 regionem
2044 1809 2228 1873 ludite,

1874 371 1934 429 S.
1975 365 2253 430 ευδεΒιι
2291 365 2676 430 ιιιειιοιςγιιι

623 512 770 556 recte
800 518 812 554 :
838 500 1109 569 siquidem
1134 507 1425 565 antequam
1455 491 1624 551 Iacob
1653 497 2034 566 ingrederetur
2059 496 2223 566 .‘Egy-
2253 497 2297 556 Α

3823 379 3900 436 916

2403 497 2697 556 ltames=e.
2753 497 2879 550 urbs
2919 512 3078 566 quam
3144 498 3556 551 mdiﬁcavcmnt
3608 497 3708 551 lilii
3767 497 3897 554 Israel

2333 592 2387 643 in
2421 591 2687 661 Egypto:
2713 592 2844 645 olim
2880 601 3058 645 autem
3117 603 3170 645 et
3215 593 3468 646 universo
3521 593 3802 662 provincia
3839 597 3896 650 sic

2333 687 2651 746 Vocabatur.
2682 688 2738 742 in
2785 703 2890 757 qua
2937 687 3206 742 habitavit
3240 687 3410 743 Iacob
3433 704 3544 743 una
3593 703 3719 744 eum
3747 689 3902 749 liberis

2335 785 2469 838 suis.

2407 876 2581 941 lit-mh,
2612 890 2774 944 quam
2831 875 3168 929 transierunt
3219 875 3629 943 exploratores,
3655 873 3687 913 δ
3725 877 3814 944 qui
3853 878 3903 933 ab

2333 969 2459 1023 Jesu
2517 969 2627 1020 lilii
2681 967 2828 1023 Nave
2861 968 3012 1020 missi
3046 977 3195 1034 sunt,
3256 976 3312 1021 et
3355 981 3541 1037 usque
3601 968 3766 1023 hodie
3786 970 3904 1026 virus

2337 1062 2523 1115 Rooba
2555 1062 2608 1114 in
2637 1071 2830 1128 quarto
2885 1062 3068 1128 lapide
3111 1060 3518 1132 Scythopoleos
3561 1061 3642 1116 sic
3681 1073 3901 1132 vocatur,

2333 1156 2428 1224 qui
2455 1165 2510 1208 et
2537 1153 2739 1208 Levitis
2767 1163 3050 1223 separatus
3082 1154 3201 1207 fuit.

2405 1249 2683 1318 Raphaca,
2735 1248 2787 1301 iu
2832 1247 3056 1302 deserto
3105 1247 3196 1301 ubi
3226 1247 3323 1302 ﬁlii
3357 1243 3529 1303 Israel
3557 1247 3906 1305 castrametali

2336 1351 2481 1395 sum.

2407 1433 2717 1503 Raphidim,
2741 1434 2890 1487 locus
2917 1435 2970 1486 io
3005 1433 3228 1488 deserto
3247 1433 3401 1503 juxta
3425 1441 3669 1490 montem
3694 1433 3905 1502 Chor-el),

2335 1529 2388 1582 in
2430 1543 2538 1597 quo
2565 1528 2633 1581 de
2668 1537 2814 1595 petra
2841 1526 3247 1595 lluxereaqure,
3281 1529 3813 1598 cognominatusque
3843 1537 3910 1583 est

2336 1621 2622 1675 'l'eutatio:
2657 1621 2745 1673 ubi
2800 1620 3042 1674 clJesus
3100 1619 3371 1674 adversus
3429 1622 3650 1677 Amalec
3708 1621 3910 1676 dimicat

2339 1727 2504 1783 prope
2530 1713 2768 1767 Pharan.

2407 1806 2635 1860 Rathma
2665 1807 2742 1877 (iu
2771 1806 3041 1870 deserto),
3076 1818 3254 1861 caStra
3299 1807 3528 1861 ﬁliorum
3555 1809 3748 1863 lsrael.

634 1917 755 1967 quae
789 1909 1017 1954 vocatur
1071 1899 1289 1966 llieria,
1325 1901 1622 1962 habitasse,
1655 1902 1824 1958 refert
1876 1903 2169 1973 Joscphus,
2202 1922 2231 1959 a
2267 1899 2312 1958 Β
2412 1898 2678 1954 Iiemmon
2733 1898 2939 1953 Phares
2975 1942 2988 1965 ,
3041 1898 3132 1952 ubi
3190 1898 3285 1953 ﬁlii
3339 1899 3494 1954 ls‘rael
3553 1898 3914 1955 casti-amenti

635 2008 745 2062 quo
776 2001 904 2061 puto
930 2005 983 2047 et
1017 1994 1296 2064 regionem
1325 1995 1652 2050 vocabulum
1682 2008 2052 2062 consecutam.

701 2085 803 2152 0n,
831 2085 1031 2141 civitas
1054 2088 1342 2153 Samarize,
1368 2103 1467 2158 pro
1486 2104 1589 2158 qua
1607 2092 1658 2144 in
1677 2089 1944 2145 llebraico
1970 2093 2232 2162 scriptum

631 2187 839 2232 cstaun
870 2178 1026 2266 (px),
1058 2181 1200 2250 quod
1233 2193 1288 2236 et
1341 2183 1534 2250 Aquili
1571 2195 1624 2239 et
1665 2183 2029 2256 Symmachus
2067 2189 2235 2242 inter-

633 2283 899 2340 pretatur,
931 2274 1153 2340 inutile;
1180 2273 1549 2344 Theodotiun,
1578 2279 1946 2348 iniquitatem.

702 2366 876 2437 Ocho,
909 2369 1102 2424 civitas
1131 2370 1515 2426 sacerdotalis.

700 2459 994 2524 Oronaim.
1048 2461 1181 2517 urbs
1231 2463 1640 2532 .‘lloabitarum,
1689 2466 1833 2522 sicut
1889 2465 1942 2522 in
1996 2467 2234 2525 Ieremia

635 2554 898 2623 scriptum
923 2563 1026 2608 cst.

1254 2647 1344 2704 DE
1384 2649 1656 2705 GENESI.

706 2736 910 2794 Puleus
952 2739 1250 2810 juramenti
1278 2785 1291 2808 ,
1326 2755 1486 2810 quem
1538 2741 1674 2796 l'odit
1719 2741 2015 2812 Abraham,
2045 2745 2094 2799 id
2125 2753 2230 2812 est,

636 2828 947 2895 Bersabee,
1001 2831 1054 2885 in
1105 2832 1329 2902 regione
1372 2832 1700 2887 Geraritica.
1731 2832 1982 2888 Diximus
2011 2833 2079 2890 dc
2133 2835 2235 2890 hoc

638 2930 692 2973 et
718 2937 902 2990 supra.

709 3013 910 3068 Puteus
951 3015 1204 3081 visionis,
1238 3017 1290 3071 iu
1322 3017 1568 3085 deserto,
1601 3020 1740 3089 apud
1771 3037 1936 3090 quem
1968 3021 2236 3080 habitavit

643 3120 814 3158 isaac.

711 3198 1160 3270 PuleusJudicii,
1191 3213 1366 3271 ttsquc
1410 3203 1460 3256 in
1497 3213 1822 3269 przesenlem
1861 3207 2004 3262 diem
2062 3207 2116 3262 in
2149 3221 2236 3263 re-

2340 2006 2487 2049 sunt.

2411 2085 2606 2149 Bessa,
2631 2097 2810 2141 castra
2833 2086 3067 2140 filiorum
3095 2085 3281 2140 Israel.

2412 2181 2721 2247 liainmuth,
2753 2181 2806 2234 in
2830 2180 2968 2233 tribu
2995 2179 3133 2245 Gad,
3157 2181 3352 2234 civitas
3384 2179 3737 2235 sacerdotalis
3767 2189 3818 2234 et
3846 2180 3915 2234 [ιιι
3982 2191 3983 2208 ‘

2337 2274 2627 2344 gitivorum
2667 2275 2720 2327 in
2759 2285 2904 2327 terra
2932 2273 3316 2329 Gallaaditide.
3356 2273 3510 2326 Nunc
3536 2283 3714 2327 autem
3744 2285 3824 2327 est
3851 2273 3916 2327 vi-

2337 2381 2432 2420 cus
2469 2367 2520 2420 in
2552 2366 2927 2438 quintozez
2984 2366 3204 2421 decimo
3243 2363 3503 2420 tniliiario
3547 2365 3915 2436 Philadelphia:

2345 2471 2364 2496 ε
2399 2469 2588 2513 contra
2624 2459 2927 2513 Orientem.

2408 2553 2628 2619 Recem,
2659 2553 2773 2609 haec
2802 2563 2885 2609 est
2916 2554 3071 2609 Petra
3094 2551 3285 2608 civitas
3329 2552 3566 2618 Arabim,
3604 2553 3655 2608 in
3697 2569 3800 2624 qua
3841 2569 3913 2607 re

2337 2647 2520 2717 guavit
2550 2645 2576 2683 ά
2619 2643 2843 2707 Recem.
2877 2662 3035 2716 quem
3069 2644 3461 2700 interfecerunt
3495 2643 3588 2699 lilii
3617 2645 3804 2700 Israel.
3837 2643 3911 2697 lli-

2338 2743 2476 2795 citur
2507 2742 2621 2810 ipse
2649 2757 2744 2795 rex
2782 2757 2998 2809 quoque
3029 2740 3259 2794 Madian.

2856 2833 2944 2887 DE
2986 2831 3192 2887 LIBRO
3229 2827 3421 2886 JliSU.

2413 2928 2696 2994 ltemmon,
2731 2928 2783 2980 in
2818 2927 2957 2980 tribu
2987 2925 3281 2991 Simeonis,
3317 2925 3399 2978 vel
3425 2923 3579 2980 Jutlm
3622 2941 3634 2976 :
3669 2922 3915 2994 hodieque

2338 3031 2421 3075 est
2470 3021 2618 3074 vicus
2669 3020 2886 3074 nomine
2945 3019 3231 3082 Rcmnion,
3277 3019 3431 3088 justa
3479 3017 3681 3073 Ailiam
3751 3024 3918 3072 contra

2338 3110 2662 3181 Aquilonem
2695 3111 2744 3162 in
2779 3109 3183 3176 quiutmlecimo
3213 3108 3326 3175 ejus
3354 3105 3634 3160 tnilliario.
3908 3109 3916 3174 ρ

2409 3204 2599 3273 Rogel,
2633 3218 2828 3256 nomen
2858 3202 3019 3256 funtis
3048 3201 3101 3254 in
3134 3201 3273 3254 tribu
3306 3199 3614 3268 Benjatnin.

638 3293 803 3358 gione
834 3293 1156 3349 Geraritica.
1187 3297 1427 3351 Vocatur
1455 3309 1634 3353 autem
1677 3300 1840 3373 259
1861 3302 1988 3355 villa
2019 3303 2238 3360 nomine
2266 3294 2311 3355 C
2415 3297 2602 3356 Roma,
2640 3297 2692 3349 in
2736 3297 2877 3348 tribu
2915 3295 3195 3362 Benjamitt
3232 3287 3422 3347 civitas
3461 3289 3640 3346 Saulis
3685 3293 3740 3346 in
3791 3303 3918 3346 sexto

644 3387 850 3440 lli-rdan
877 3387 1042 3457 (qttod
1076 3389 1270 3444 Latine
1321 3389 1519 3444 dicitur
1557 3392 2010 3466 Puteusjudieii).

711 3477 911 3532 Putcus
937 3480 1256 3545 jurann-nti,
1304 3481 1392 3535 ubi
1444 3483 1763 3547 iuraverunt
1811 3486 1958 3541 Isaac
2005 3496 2058 3541 et
2105 3488 2236 3541 Abi-

639 3571 872 3637 melcch,
910 3582 1246 3644 vocuturque
1299 3575 1558 3643 oppidum
1596 3577 1762 3632 lsaac.
1802 3579 1940 3634 Sunt
1967 3589 2148 3634 autem
2181 3592 2236 3636 ct

638 3665 726 3718 alii
757 3666 946 3733 plures
977 3668 1121 3734 putt-l
1157 3669 1211 3720 iit
1245 3670 1449 3724 sanctis
1478 3669 1804 3740 Scripturis,
1840 3674 1931 3742 qui
1962 3671 2234 3743 hodieque

638 3760 688 3811 in
717 3758 1018 3813 Gcraritica
1054 3762 1298 3830 regione,
1329 3774 1383 3817 et
1433 3764 1585 3832 juxta
1641 3767 1964 3820 Ascalonem
1999 3767 2232 3822 demou-

637 3861 904 3904 strantur.

712 3946 893 4011 Petra,
931 3945 1124 4001 civitas
1152 3943 1371 4002 Arabia:
1428 3949 1482 4002 in
1540 3959 1686 4004 terra
1737 3951 1932 4018 Edom,
1972 3965 2092 4022 quae
2141 3967 2235 4007 cu-

635 4038 952 4105 gnontioata
1007 4049 1092 4093 est
1129 4037 1377 4105 Jectael,
1429 4047 1539 4094 eta
1585 4040 1740 4112 Syris
1784 4042 1980 4126 [tecem
2012 4042 2232 4100 dicitur.

1100 4222 1188 4277 Di“.
1229 4222 1763 4281 PENTATEUCHO.

709 4314 979 4380 Roobmh,
999 4315 1192 4370 civitas
1217 4314 1591 4386 Assyriorum,
1628 4332 1790 4384 quam
1816 4317 2105 4373 aediﬁcavit
2133 4322 2234 4374 As-

637 4422 751 4470 sur,
776 4410 1061 4476 egrediens
1078 4409 1147 4465 de
1170 4419 1313 4465 terra
1343 4409 1593 4466 Sennaar
1615 4410 1796 4484 (Etde
1823 4411 1923 4467 ltac
1946 4425 1970 4450 υ
1994 4413 2047 4468 in
2077 4413 2232 4471 libris

641 4494 1027 4554 Hebraicarum
1059 4502 1436 4567 Qumstiunum
1470 4503 1683 4573 plenius
1714 4503 1997 4576 diximus).

714 4589 988 4660 Rooboth,
1022 4594 1150 4649 urbs
1196 4596 1300 4650 alia
1349 4597 1503 4665 juxta
1549 4597 1773 4652 ﬂuvium
1827 4599 1916 4652 uhi
1961 4610 2078 4654 erat
2135 4617 2230 4656 rex

2341 3391 2592 3444 milliario
2624 3388 2690 3442 ab
2713 3385 2855 3441 [Elia
2897 3387 2962 3439 ad
2992 3384 3472 3456 septentriooalcm
3500 3385 3718 3454 plagam
3757 3397 3918 3440 contra

2341 3481 2549 3536 Bethel.
2586 3481 2825 3534 Meminit
2853 3477 3014 3547 hujus
3042 3489 3094 3534 et
3119 3477 3411 3533 Jcremias.

2410 3575 2632 3634 Recem,
2660 3574 2712 3626 itt
2741 3572 2879 3625 tribu
2913 3572 3214 3638 Benjamiu.

2408 3665 2696 3732 Rcmmon,
2731 3673 2878 3734 petra
2918 3661 3210 3728 Itemmon,
3254 3664 3305 3717 in
3329 3661 3475 3717 tribu
3507 3661 3807 3724 Simeonis,
3829 3661 3919 3714 sive

2338 3759 2580 3814 Zabulon
2593 3801 2606 3813 .

2409 3850 2696 3916 Rabboth,
2750 3853 2803 3904 in
2864 3851 3008 3906 tribu
3054 3847 3302 3905 Issachar
3343 3867 3358 3902 :
3409 3857 3497 3903 est
3549 3861 3730 3919 usque
3783 3846 3919 3902 hodie

2337 3949 2442 4003 alia
2467 3949 2589 4002 villa
2630 3947 2822 4002 Rebbo
2850 3947 2905 4001 in
2947 3946 3146 4001 ﬁnibus
3178 3943 3676 4013 Eleutheropoleos
3717 3944 3789 3997 ad
3814 3943 3920 3996 solis

2337 4053 2537 4096 ortum.

2410 4135 2664 4203 Bellium,
2695 4135 2748 4190 in
2774 4135 2916 4189 tribu
2948 4133 3218 4189 Issachar.

2411 4233 2587 4298 Roub,
2619 4234 2670 4286 in
2705 4231 2847 4287 tribu
2888 4233 3046 4292 Aser,
3079 4231 3270 4283 civitas
3301 4236 3551 4297 separata
3581 4225 3810 4282 Levitis.

2407 4324 2600 4391 Roma,
2631 4324 2683 4378 in
2717 4323 2861 4378 tribu
2888 4322 3049 4386 Aser,
3074 4336 3242 4392 usque
3269 4319 3336 4375 ad
3365 4319 3644 4375 civitatem
3675 4319 3921 4374 munitam

2335 4416 2645 4488 Tyriorum.
2846 4399 2852 4402 ’

2407 4509 2577 4563 Rama
2609 4508 2660 4562 iu
2695 4507 2837 4562 tribu
2859 4505 3194 4576 Nephtalim.

2342 4599 2548 4654 Idcirco
2575 4600 2754 4654 eadem
2794 4599 3006 4652 nomina
3035 4597 3316 4651 viculorum
3345 4596 3581 4651 tribubus
3607 4598 3774 4651 variis
3814 4595 3921 4648 msi-

643 4684 837 4751 Edom,
892 4697 947 4740 et
999 4703 1174 4752 usque
1229 4689 1390 4744 hodie
1441 4699 1529 4745 est
1566 4692 1882 4760 pnesidium
1915 4692 1968 4746 in
2013 4696 2234 4764 regione
2261 4693 2313 4752 D
2409 4693 2796 4766 gnantur,qttia
2823 4708 2937 4745 cum
2969 4691 3111 4761 apud
3139 4707 3230 4743 nos
3258 4707 3413 4744 unum
3439 4705 3626 4743 nomen
3654 4705 3846 4744 sonare
3863 4686 3926 4738 ri.

635 4775 914 4833 Gabalena
940 4778 1016 4847 (et
1037 4779 1188 4834 vicus
1206 4781 1433 4852 grandis
1465 4783 1558 4854 qui
1592 4783 1695 4841 hoc
1725 4785 1996 4840 vocabulo
2022 4803 2232 4843 nuncu-

637 4870 836 4942 patur).

707 5045 733 5073 σι
768 5035 831 5090 1η
868 5035 1013 5091 libris
1046 5036 1421 5092 chraicarum
1456 5038 1836 5104 Quwstionum.
1877 5038 2012 5092 Vide
2036 5053 2230 5094 conse-

632 5119 863 5178 quenter
891 5107 1238 5178 Qumstiunes
1260 5108 1555 5163 llebraicas
1574 5109 1627 5163 iu
1645 5111 1926 5165 Geuesim.
1953 5109 2222 5165 Murrum.

707 5177 734 5216 δ
760 5180 861 5249 Qui
891 5180 955 5230 ab
975 5176 1103 5230 Iesu
1131 5179 1242 5246 filio
1271 5179 1433 5232 Nave.
1460 5180 1735 5234 Memoriae
1759 5183 1941 5249 lapsus
1965 5181 2051 5236 hic
2078 5183 2225 5237 vide-

638 5261 755 5313 tur;
789 5247 889 5302 nisi
919 5249 1287 5318 exscriptores
1313 5249 1487 5302 Latini
1539 5247 1824 5318 posuerint
1853 5253 1916 5305 ob
1942 5251 2092 5313 Iesu,
2126 5269 2222 5310 pro

632 5337 702 5374 eo
738 5320 880 5390 quod
914 5327 1032 5391 est:
1048 5337 1164 5371 cum
1182 5317 1329 5373 Jesu.
1357 5317 1574 5373 Certum
1601 5339 1834 5391 namque
1852 5335 2029 5377 exstat
2050 5324 2221 5379 Robob

629 5388 786 5445 Num.
819 5405 938 5452 xm,
971 5388 1062 5452 ‘22,
1088 5391 1288 5444 aditatn
1323 5391 1492 5445 fuisse
1522 5394 1720 5448 abillis
1750 5388 2216 5460 exuloratoribus,

629 5465 717 5525 qui
745 5479 773 5516 a
801 5461 945 5515 Mose
974 5461 1136 5534 missi
1155 5463 1387 5523 inierant,
1407 5477 1636 5530 quorum
1654 5465 1813 5519 etiam
1845 5463 2010 5519 Iosue
2031 5467 2221 5534 explo-

632 5543 873 5588 ratorum
904 5548 1039 5584 ttntts
1068 5533 1185 5587 fuit.
1214 5535 1480 5588 iturus.

700 5602 1113 5658 —Emendandi
1140 5621 1205 5659 ex
1238 5603 1476 5658 Eusebio
1499 5603 1659 5657 codd.
1699 5603 2128 5673 llicronymiani.
2163 5617 2222 5663 ut

634 5685 778 5728 ret-te
809 5675 1083 5727 Victorius
1139 5686 1191 5728 et
1221 5675 1470 5728 Martian.
1494 5674 1765 5742 jttdirant,
1799 5674 2216 5743 legendumque,

634 5747 717 5804 qui
737 5761 856 5817 cum
878 5743 1032 5817 Jestt,
1066 5749 1110 5800 οἱ
1137 5751 1268 5817 μετὰ
1290 5746 1474 5807 Ἰησοῦ.
1512 5747 1633 5812 Ipse
1654 5745 1818 5800 Iosue
1846 5761 1984 5799 unus
2015 5763 2078 5800 ex
2110 5749 2220 5805 illis

633 5814 1069 5928 aphggioribus
1115 5814 1213 5871 fuit
1243 5859 1256 5879 ,
1304 5834 1440 5886 quos
1487 5822 1664 5874 Moses
1687 5817 2212 5875 emiserat.Numer.

732 5915 746 5943 ,
782 5915 866 5928 --.

2411 4787 2649 4847 deantur,
2682 4785 2822 4855 apud
2854 4782 3094 4837 Hebrwos
3114 4784 3329 4836 diversis
3367 4783 3564 4854 scripta
3590 4795 3712 4838 sunt
3727 4783 3925 4838 litteris.
3982 4825 3983 4860 ξ

2408 4875 2672 4943 ReCcatb,
2701 4875 2754 4929 in
2787 4876 2930 4930 tribu
2957 4875 3286 4946 Nephtalim.

2409 5048 2431 5076 ο
2473 5035 2818 5090 Martianaeus
2850 5033 2915 5087 ad
2951 5033 3426 5102 llieronymianam
3458 5031 3752 5088 lectionem
3799 5034 3927 5103 exigi

2335 5108 2629 5163 Eusebium
2674 5105 2854 5174 jubet;
2887 5105 3095 5158 fallitur
3125 5119 3276 5167 vero,
3310 5121 3434 5158 nam
3476 5120 3507 5159 e
3551 5110 3837 5161 contrario
3868 5109 3930 5159 le-

2331 5179 2567 5248 gendum
2617 5187 2780 5244 atque
2824 5176 3224 5248 emendandum
3259 5177 3314 5248 iu
3360 5176 3700 5247 Hieronymo
3735 5189 3828 5232 est
3873 5177 3926 5228 ad

2332 5246 2697 5324 Ellseltittnttttt
2750 5247 3031 5324 exemplar
3059 5246 3507 5324 ad‘Orridcntem,
3535 5246 3672 5324 πρὸς
3707 5248 3925 5321 δυσμὰς.

2330 5323 2582 5390 Alioquin
2618 5319 2905 5373 [limmoth
2943 5329 3094 5390 extra
3128 5317 3266 5371 lines
3298 5327 3459 5372 terra:
3489 5317 3928 5374 I~raelitic:e'ex-

2327 5397 2578 5457 stitisset,
2621 5407 2740 5458 qua:
2778 5391 2914 5445 ultra
2963 5389 3397 5459 Philadelphiam
3429 5390 3706 5446 Orientem
3742 5403 3927 5447 versus

2328 5482 2431 5519 non
2468 5463 2812 5518 tondebatur.

2399 5535 2424 5573 τι
2469 5536 2687 5603 Reginae
2731 5549 2831 5587 ms.
2889 5531 3158 5586 Romam:
3204 5541 3390 5585 noster
3442 5533 3641 5586 Raram
3687 5534 3926 5596 praeit-rt,

2324 5605 2779 5670 quemadmodum
2827 5613 2880 5655 et
2908 5603 3159 5671 vulgares
3200 5604 3375 5658 Graeci
3432 5605 3555 5658 libri
3587 5605 3809 5665 'Poma;
3841 5604 3926 5657 scil

2323 5677 2498 5748 Ῥοκὸμ
2540 5677 2740 5748 habent
2776 5677 3173 5748 castigatiores.
3219 5675 3555 5748 Epiphanius
3602 5677 3692 5748 de_
3725 5675 3928 5730 lla-rest

2325 5745 2771 5823 Melchisedechia
2782 5764 2812 5798 n
2823 5747 2898 5823 .-οἱ
2919 5749 3010 5817 μὲν
3021 5755 3082 5820 τῇ
3100 5745 3310 5823 Ἀραϐίᾳ
3324 5755 3388 5821 τῇ
3400 5751 3660 5823 “argentm
3681 5746 3870 5820 'Pozégi
3883 5764 3926 5800 τι

2324 5825 2412 5875 καὶ
2439 5819 2604 5890 Ἐδώμ
2631 5818 2929 5888 καλουμένη.
