4014 6298
595 284 700 343 910

583 498 746 569 juxta
773 508 924 549 mare
947 491 1249 547 Mortuum.

664 586 826 662 267
858 585 1105 653 Seboim,
1134 594 1189 641 et
1217 585 1333 641 haec
1383 585 1582 640 civitas
1614 586 1903 656 impiorum
1942 587 1995 643 in
2044 595 2202 641 aeter-

590 694 693 735 nos
746 678 960 735 cineres
1013 676 1303 742 dissoluta,
1340 676 1495 747 juxta
1532 676 1723 734 urbem
1779 677 2053 748 quondam
2105 676 2205 733 So-

594 772 835 828 domam.

668 864 939 935 Sophera,
975 864 1392 919 mons'orientis
1419 864 1474 918 in
1520 863 1694 928 India,
1724 864 1875 934 juxta
1916 878 2075 934 quem
2107 866 2203 917 ha-

592 960 907 1015 bitaverunt
952 956 1049 1011 lilii
1098 957 1312 1022 Jectan,
1364 957 1460 1011 lilii
1509 956 1709 1013 Heber.
1752 957 1902 1025 Quos
1941 957 2208 1028 Iosephus

594 1054 762 1107 rel'ert
787 1066 818 1104 a
847 1049 1107 1119 Cophene
1141 1048 1368 1104 ﬂumine
1396 1058 1455 1103 et
1495 1048 1667 1104 Indizn
1686 1049 2008 1119 regionibus
2033 1064 2209 1121 usque

599 1145 668 1201 ad
696 1144 750 1200 id
783 1144 1027 1199 locorum
1061 1143 1400 1213 pervenisse,
1431 1142 1523 1198 ubi
1564 1143 1872 1212 appellatur
1902 1144 2052 1214 regio
2076 1142 2208 1199 Hie-

596 1241 716 1296 ria:
750 1238 845 1295 sed
900 1247 955 1295 et
1010 1238 1204 1293 classis
1234 1237 1549 1293 Salomonis
1593 1252 1692 1310 per
1738 1238 2032 1294 triennium
2084 1240 2208 1294 hinc

597 1333 847 1404 quaedam
872 1332 1203 1387 commercia
1233 1330 1584 1403 deportabat.

672 1426 867 1491 Soora,
915 1424 1043 1481 urbs
1095 1424 1254 1495 juxta
1311 1425 1636 1492 Sodomam,
1680 1442 1800 1497 qute
1846 1439 1903 1482 et
1942 1428 2115 1499 Segor
2159 1439 2211 1483 et

604 1519 776 1574 Zoara
811 1518 905 1592 (de
933 1532 1041 1587 qua
1064 1528 1120 1574 et
1142 1533 1309 1589 supra
1341 1518 1626 1591 diximus).

674 1613 831 1677 Save,
880 1611 1073 1666 civitas
1119 1612 1345 1681 antiqua
1379 1612 1431 1665 in
1460 1627 1566 1682 qua
1601 1613 1995 1669 habitaverunt
2021 1615 2212 1670 Amor-

605 1707 760 1772 rhtei,
804 1720 937 1776 gens
967 1705 1166 1772 valida,
1218 1720 1385 1776 super
1413 1707 1695 1778 regionem
1726 1706 1999 1773 Sodomze,
2052 1725 2211 1780 quam

604 1798 811 1856 excidit
838 1795 1303 1869 Cltodologomor.

677 1892 824 1959 Seir,
869 1908 1024 1947 mons
1055 1894 1108 1946 in
1142 1903 1285 1948 terra
1318 1894 1510 1961 Edom,
1543 1896 1597 1949 in
1630 1910 1734 1965 qna
1764 1895 2035 1950 habitavit
2065 1895 2213 1951 Esau

608 1987 661 2043 in
693 1988 919 2059 regione
948 1986 1225 2043 Gebalena
1257 2005 1270 2042 :
1300 2004 1420 2059 quae
1449 2004 1513 2045 ex
1558 2004 1625 2045 eo
1664 1989 1809 2061 quod
1834 1989 1978 2045 Esau
2008 1992 2213 2061 pilosus

601 2090 748 2136 esset
773 2089 831 2136 et
853 2080 1120 2149 hispidus,
1156 2081 1300 2145 Seir,
1327 2081 1380 2137 id
1407 2091 1512 2148 est,
1546 2082 1705 2152 pilosi
1744 2098 1942 2139 nomen
1974 2083 2211 2153 accepit.

605 2175 660 2231 In
698 2175 895 2245 quibus
922 2175 1057 2229 locis
1101 2185 1260 2229 antea
1290 2174 1554 2231 habitavit
1579 2175 1898 2244 Chorrmus,
1928 2192 2090 2247 quem
2134 2176 2216 2231 in-

606 2267 1301 2339 terl'ecitChodologomor.
1326 2268 1569 2325 Meminit
1599 2272 1803 2327 montis
1832 2272 1955 2328 Seir
1976 2281 2031 2327 et
2052 2271 2215 2327 Isaias

610 2363 668 2416 in
698 2361 912 2416 visione
942 2359 1219 2416 Idumam.

686 2453 891 2520 Salem,
924 2453 1119 2508 civitas
1163 2453 1519 2522 Sicimorum,
1546 2470 1667 2525 qua:
1697 2464 1781 2511 est
1824 2456 2077 2519 Sicbem;
2121 2456 2216 2510 sed

612 2559 667 2604 et
708 2548 812 2602 alia
861 2548 988 2602 villa
1044 2547 1355 2603 ostenditur
1387 2564 1556 2619 usque
1599 2548 1652 2603 in
1703 2558 2026 2619 praesentem
2074 2548 2217 2603 diem

609 2647 628 2717 (
677 2643 841 2699 Juxta
897 2642 1099 2698 ASIiam
1154 2652 1351 2699 contra
1402 2643 1796 2699 occidentalem
1855 2644 2067 2714 plagam
2117 2642 2219 2697 hoc

610 2737 866 2801 nomine;
911 2736 965 2791 in
998 2745 1196 2792 octavo
1236 2752 1455 2808 quoque
1501 2735 1683 2806 lapide
1712 2752 1741 2790 a
1794 2736 2117 2806 Scythopoli
2165 2735 2217 2790 in

609 2842 804 2896 campo
834 2828 989 2883 vicus
1033 2828 1309 2884 Salumias
1372 2827 1709 2898 appellatur:
1765 2826 2040 2896 Josephus
2089 2840 2221 2881 vero

613 2918 796 2973 Salem
844 2933 967 2975 esse
1016 2919 1256 2974 afﬁrmat
1305 2920 1568 2991 (Antiqq.
1602 2919 1693 2972 lib.
1737 2935 1777 2984 t,
1809 2936 1927 2985 cap.
1974 2920 2034 2973 Il
2069 2919 2111 2991 ),
2167 2921 2218 2974 in

609 3026 714 3083 qua
745 3011 993 3079 regnavit
1018 3010 1404 3078 Melchisedec,
1431 3026 1552 3081 quae
1576 3020 1764 3081 postea
1788 3010 1936 3065 dicta
1966 3018 2053 3065 est
2069 3010 2221 3083 Soly-

615 3117 724 3169 ma,
758 3109 815 3158 et
843 3102 911 3156 ad
942 3111 1272 3169 extremum,
1304 3103 1665 3175 Jerosolymte
1712 3117 1911 3158 nomen
1943 3103 2218 3173 accepit).

1856 280 1917 337 S.
1961 279 2233 339 EUSEBII
2273 279 2650 339 HIERONYMI

662 403 923 466 Sodoma,
953 398 1149 456 civitas
1176 399 1471 471 impiorum
1490 397 1676 454 divino
1703 399 1825 470 igne
1861 408 2209 470 consumpta,
2240 405 2292 460 Α

2930 398 3016 454 DE
3049 397 3306 456 EXODO.

2384 492 2658 558 Soccoth,
2706 492 2878 563 prima
2937 492 3149 547 mansio
3200 490 3442 547 ﬁliorum
3495 489 3671 546 Israel
3727 490 3788 546 in
3844 492 3941 547 de-

2309 594 2491 653 serto,
2535 593 2825 656 postquam
2881 584 2951 641 de
3005 584 3245 657 Egypto
3283 594 3411 640 sunt
3455 582 3719 655 profecti,
3773 594 3941 643 ante-

2309 694 2470 752 quam
2502 693 2653 734 mare
2681 678 2934 733 transiret
2964 676 3233 732 Rubrum.

2381 774 2501 840 Sin,
2534 774 2811 829 desertum
2843 772 2986 828 inter
3017 787 3165 827 mare
3193 771 3441 827 Rubrum
3474 780 3531 826 et
3561 771 3936 829 solitudinem

2308 866 2458 921 Sina.
2479 864 2613 920 Nam
2644 864 2710 919 de
2740 864 2844 919 hoc
2871 863 3088 919 deserto
3121 863 3215 917 lilii
3238 862 3407 918 Israel
3431 872 3715 919 venerunt
3743 864 3799 918 in
3830 863 3936 918 Ra-

2309 961 2541 1032 phidim,
2573 970 2627 1015 et
2659 975 2684 1013 a
2710 958 2998 1027 Raphidim
3030 958 3081 1012 in
3108 957 3383 1013 desertum
3410 956 3742 1027 Sina,juxta
3774 973 3932 1013 mon-

2312 1064 2419 1110 tem
2446 1052 2579 1109 Sina
2606 1094 2621 1119 ,
2669 1052 2759 1107 ubi
2792 1051 3007 1123 Moyses
3047 1049 3260 1105 tabulas
3283 1050 3419 1121 legis
3452 1050 3693 1120 accepit.
3733 1050 3932 1105 Deser-

2312 1155 2425 1201 tum
2455 1154 2640 1201 autem
2692 1144 2786 1201 Sin
2827 1143 2967 1199 idem
3017 1142 3154 1197 dicit
3192 1158 3317 1198 esse
3354 1142 3636 1213 Scriptura
3673 1143 3836 1213 quod
3879 1154 3929 1198 et

2310 1238 2505 1305 Cades,
2536 1238 2631 1294 sed
2662 1247 2714 1293 et
2746 1238 2847 1292 hoc
2873 1235 3027 1305 juxta
3054 1234 3339 1291 Hebraeos.
3373 1234 3651 1291 Caeterum
3680 1236 3744 1292 in
3790 1236 3926 1306 Sep-

2315 1333 2557 1403 tuaginta
2590 1330 2983 1399 Interpretibus
3017 1344 3125 1384 non
3149 1328 3410 1383 habetur.

2539 1423 2627 1478 DE
2666 1419 2972 1478 NUMERIS
3013 1420 3100 1475 ET
3142 1419 3719 1477 DEUTERONOMIO.

2386 1516 2664 1581 Selmona,
2696 1525 2873 1569 castra
2901 1512 3135 1569 ﬁliorum
3170 1512 3338 1568 Israel
3365 1514 3419 1569 in
3443 1514 3685 1570 deserto.

3836 281 3943 338 920

3980 1074 4004 1233 Ι

2388 1609 2620 1679 Saphar,
2656 1621 2812 1663 mons
2842 1606 3056 1679 Saphar
3087 1609 3139 1663 in
3164 1607 3416 1673 deserto,
3468 1616 3647 1662 castra
3682 1607 3923 1664 ﬁliorum
3974 1604 4003 1679 |‘

2317 1704 2511 1760 Israel.

2240 1799 2285 1858 Β
2383 1796 2602 1860 Saltim,
2637 1796 2723 1852 ubi
2756 1794 2991 1868 populus
3032 1794 3266 1865 pollutus
3312 1803 3394 1850 est
3441 1792 3826 1849 fornicatione
3880 1796 3929 1847 ft-

2318 1894 2512 1949 liarum
2560 1891 2737 1947 Moab.
2783 1891 2877 1945 Est
2926 1899 3106 1944 autem
3158 1890 3312 1959 juxta
3359 1896 3589 1942 montem
3643 1886 3927 1957 I’hogor:
3977 1886 3981 1921 ε

2320 1985 2462 2041 unde
2513 1993 2570 2040 et
2612 1983 2772 2039 Jesus
2827 1983 3203 2053 exploratores
3254 1979 3321 2035 ad
3375 1977 3812 2047 investigandam
3871 1990 3932 2033 et

2320 2076 2652 2134 noscendum
2694 2076 2845 2131 misit
2870 2074 3111 2131 Jericho.

2389 2173 2644 2235 Sabama,
2674 2171 2865 2227 civitas
2889 2169 3061 2235 Moab,
3097 2168 3149 2222 in
3194 2176 3337 2222 terra
3366 2163 3590 2230 Galaad,
3621 2178 3746 2235 quae
3770 2165 3929 2220 ceci-

2319 2268 2402 2324 dit
2450 2268 2503 2322 in
2562 2275 2765 2321 sortem
2825 2264 3000 2318 tribus
3062 2261 3277 2317 Ruben.
3338 2258 3583 2314 Meminit
3651 2268 3710 2313 et
3768 2257 3933 2329 hujus

2322 2364 2486 2420 Isaias
2535 2362 2589 2417 in
2636 2361 2846 2416 visione
2876 2368 3066 2414 contra
3115 2357 3293 2413 Moab.

2391 2456 2420 2495 δ
2453 2456 2675 2518 Selclta,
2712 2454 2904 2508 civitas
2937 2451 3084 2523 regis
3113 2450 3214 2521 Og,
3251 2451 3302 2504 in
3338 2447 3563 2519 regione
3598 2447 3929 2503 Basanitide.

2391 2552 2592 2614 Senna,
2618 2548 2885 2604 terminus
2905 2558 2926 2585 ο
2956 2544 3180 2610 Judaete,
3213 2552 3270 2597 et
3298 2557 3471 2613 usque
3504 2541 3671 2597 hodie
3692 2539 3931 2595 ostendi-

2323 2656 2408 2700 tur
2438 2646 2490 2699 in
2522 2643 2754 2713 septimo
2784 2639 2963 2711 lapide
2984 2637 3235 2695 Jerichus
3282 2646 3477 2692 contra
3531 2635 3929 2704 septentriona-

2322 2739 2428 2793 lem
2455 2736 2665 2807 plagam
2693 2734 2818 2789 villa
2863 2732 3106 2804 quadam
3147 2730 3365 2786 nomine
3394 2726 3733 2799 Magdalsena
3763 2727 3927 2798 (quod

2324 2833 2716 2899 interpretatur
2737 2871 2750 2894 ,
2784 2826 2949 2882 turris
2973 2824 3204 2895 Senna).

2396 2925 2554 2996 2'71
2586 2923 2877 2994 Sepliama,
2910 2918 3177 2975 terminus
3206 2916 3362 2972 Iudae
3399 2913 3468 2971 ad
3493 2914 3631 2970 solis
3652 2921 3854 2969 ortum.
3908 2994 3919 3006 ⁸

2396 3018 2633 3085 Sadada,
2668 3016 2938 3072 terminus
2962 3013 3141 3069 .ludtc.

2848 3109 2939 3164 DE
2980 3105 3188 3164 LIBRO
3224 3104 3417 3163 JESU.

688 3205 715 3232 ⁸
748 3195 876 3261 Sur.
910 3195 999 3250 ubi
1034 3195 1248 3251 invenit
1276 3197 1516 3267 Angelus
1544 3196 1802 3251 ancillam
1855 3196 2006 3252 Same
2056 3198 2221 3267 Agar.
2250 3189 2295 3250 C
2399 3206 2692 3271 Someron,
2750 3214 2805 3259 et.
2831 3204 2973 3258 hanc
2997 3202 3142 3272 cepit
3180 3199 3363 3264 Jesus,
3419 3212 3548 3269 rege
3591 3197 3741 3253 illius
3768 3197 3923 3252 inter-

615 3288 761 3341 inter
792 3285 968 3341 Gades
1008 3295 1062 3342 et
1110 3286 1306 3341 Barad.
1344 3287 1671 3342 Extenditur
1710 3295 1889 3343 autem
1945 3288 2228 3345 desertum

618 3382 723 3439 Sur
751 3394 922 3450 usque
944 3380 1008 3434 ad
1041 3394 1192 3435 mare
1215 3379 1486 3446 Rubrum,
1517 3381 1661 3450 quod
1697 3381 1763 3435 ad
1803 3380 2024 3453 [Egypti
2056 3382 2225 3438 conﬁ-

618 3475 705 3529 nia
737 3472 1006 3544 pervenit.
1044 3474 1216 3528 Porro
1243 3473 1441 3539 Cades,
1469 3473 1712 3529 solitudo
1734 3484 1819 3529 est
1847 3489 2013 3544 super
2036 3474 2225 3529 urbem

619 3567 871 3623 Petram:
932 3567 1029 3623 sed
1080 3578 1134 3623 et
1185 3567 1469 3637 Scriptura
1500 3567 1781 3623 desertum
1811 3568 1990 3624 Cades
2035 3576 2228 3624 contra

617 3663 809 3719 faciem
845 3663 1068 3735 ZEgypti
1097 3664 1320 3719 extendi
1353 3673 1645 3729 memorat,
1686 3664 1753 3719 ad
1785 3664 1932 3736 quod
1986 3666 2224 3735 primum

618 3773 820 3813 venere
852 3756 1090 3824 Hebraei,
1122 3757 1309 3812 Rubro
1341 3758 1475 3812 mari
1504 3758 1880 3813 transvadato.

690 3849 854 3920 270
882 3849 1073 3919 Segor,
1105 3864 1228 3919 quae
1264 3857 1318 3904 et
1347 3849 1477 3903 Bala
1515 3859 1570 3904 et
1595 3848 1767 3905 Zoara
1786 3892 1800 3916 ,
1834 3866 1940 3906 una
1965 3851 2035 3907 dc
2061 3852 2227 3922 quin-

620 3956 726 4011 que
746 3940 1060 3996 civitatibus
1082 3940 1449 3998 Sodomorum
1482 3941 1551 3996 ad
1580 3956 1775 4012 preces
1803 3943 1905 3997 Lot
1935 3944 2004 3999 de
2036 3944 2228 4000 inccn-

621 4035 712 4090 dio
743 4043 1049 4104 reservata,
1079 4051 1201 4106 qua:
1231 4050 1405 4105 usque
1436 4051 1582 4091 nunc
1612 4038 1946 4093 ostenditur.
1984 4039 2229 4094 Meminit

622 4128 785 4199 hujus
832 4137 887 4184 et
933 4130 1100 4185 Isaias
1150 4130 1203 4183 in
1231 4129 1442 4184 visione
1472 4138 1663 4184 contra
1690 4130 1893 4199 ‘Moab,
1941 4130 2009 4186 de
2038 4146 2142 4202 qua
2173 4142 2229 4189 et

624 4239 789 4293 supra
816 4225 1073 4279 diximus.

691 4318 855 4385 Sene,
905 4319 957 4373 id
988 4330 1065 4375 est
1087 4363 1101 4385 ,
1141 4320 1516 4386 tabernacula,
1550 4319 1704 4374 locus
1733 4320 1788 4373 in
1820 4333 1928 4388 quo
1960 4319 2231 4375 habitavit

622 4410 791 4468 Jacob
819 4430 1099 4483 regressus
1115 4416 1183 4471 de
1197 4414 1587 4485 ltlesopotamia
1604 4412 1720 4486 (qui
1749 4412 1931 4482 lingua
1962 4412 2225 4469 llebraica

625 4505 933 4576 appellatur
959 4507 1233 4581 Soccotli).

2332 3299 2494 3355 lecto.
2552 3298 2750 3353 Dicunt
2799 3306 2983 3352 autem
3027 3309 3171 3350 nunc
3223 3308 3321 3364 pro
3351 3306 3415 3347 ea
3440 3292 3711 3350 Sebasten
3757 3291 3921 3346 vocari

2329 3391 2588 3462 Oppidum
2608 3389 2933 3453 Palrestinae,
2960 3388 3053 3442 ubi
3078 3386 3135 3442 S.
3160 3384 3388 3441 Joannis
3413 3384 3677 3455 Baptista:
3699 3382 3919 3453 reliquis:

2329 3484 2564 3540 conditae
2592 3491 2736 3538 sunt.
2782 3481 3037 3552 Legimus
3073 3482 3124 3535 in
3150 3480 3460 3550 Regnorum
3494 3478 3659 3533 libris
3682 3477 3771 3550 (Ill
3798 3476 3915 3547 Reg.

2334 3593 2441 3645 xvt,
2469 3576 2583 3649 24).
2613 3576 2757 3647 quod
2783 3575 2964 3629 Zamri
2996 3590 3094 3630 rex
3119 3572 3289 3629 Israel
3319 3571 3515 3627 emerit
3556 3581 3797 3626 montem
3826 3568 3917 3624 Se-

2331 3684 2541 3735 meron,
2566 3684 2596 3722 a
2626 3666 2860 3738 quodam
2899 3665 3092 3721 Semer
3117 3707 3130 3728 ,
3168 3673 3223 3718 et
3249 3662 3607 3717 aediﬁcaverit
3647 3661 3699 3716 in
3729 3660 3919 3716 vertice

2332 3764 2449 3833 ejus
2476 3762 2753 3818 civitatem
2775 3804 2789 3829 ,
2822 3775 2983 3831 quam
3014 3775 3080 3815 ex
3112 3756 3333 3813 nomine
3362 3757 3574 3813 domini
3626 3756 3918 3828 appellave-

2331 3854 2404 3910 rit
2429 3854 2710 3911 Semeron.

2402 3947 2581 4013 Seira,
2608 3955 2663 4003 et
2689 3946 2826 4001 hanc
2854 3946 2999 4016 cepit
3023 3944 3203 4000 Jesus.

2405 4038 2429 4075 ί¹
2463 4039 2659 4096 Seleha
2679 4081 2693 4104 ,
2726 4038 2920 4093 civitas
2948 4038 3000 4093 in
3032 4038 3255 4109 regione
3280 4034 3613 4091 Basanitide.

2402 4133 2555 4198 Sior,
2626 4131 2778 4185 locus
2800 4139 2990 4186 contra
3030 4130 3224 4185 faciem
3256 4126 3500 4199 ngypti.
3552 4126 3668 4183 Sed
3702 4136 3751 4183 et
3776 4126 3917 4181 hodie

2333 4227 2642 4283 oste'nditnr
2668 4226 2793 4281 villa
2829 4227 3048 4280 nomine
3103 4223 3226 4280 Sior
3255 4223 3395 4277 inter
3437 4220 3644 4277 IEliam
3694 4231 3749 4278 et
3778 4220 3916 4275 Eleu-

2333 4322 2657 4393 ther0polim
2704 4322 2755 4376 in
2791 4321 2931 4375 tribu
2962 4319 3120 4375 Juda.
3182 4318 3384 4391 (Super
3422 4320 3523 4371 hoc
3556 4317 3611 4371 in
3648 4318 3804 4372 libris
3829 4315 3916 4370 He-

2334 4413 2644 4468 braicarum
2667 4411 3045 4479 Quaestionum
3079 4409 3294 4479 plenius
3321 4407 3612 4479 diximus.)

2406 4504 2624 4571 Saorth,
2652 4504 2702 4558 in
2729 4503 2870 4559 tribu
2896 4502 3111 4569 Ruben,
3140 4516 3308 4571 super
3326 4500 3646 4556 Jordanem.

702 4811 727 4838 ι
757 4800 947 4862 Vacat.
965 4808 1025 4855 ut
1045 4800 1301 4867 diximus,
1323 4802 1373 4856 in
1398 4800 1571 4856 Vatic.
1598 4816 1813 4871 quoque
1834 4815 1966 4854 mss.
1993 4800 2080 4854 hic
2100 4800 2223 4854 titu-
2250 4803 2307 4863 Ι)
2331 4808 2471 4855 erat.
2500 4800 2703 4871 Senna,
2726 4798 2895 4871 totius
2919 4806 3078 4853 terrae
3101 4797 3304 4854 Judmte
3327 4808 3444 4855 erat
3473 4801 3767 4857 terminus.
3795 4800 3921 4857 LXX

620 4873 736 4928 lus:
772 4872 838 4927 ad
879 4872 1005 4927 libri
1037 4884 1216 4927 autem
1246 4888 1400 4928 oram
1434 4873 1550 4929 haec
1578 4881 1908 4927 annotantnr
1938 4873 2216 4927 nominum

621 4946 786 5015 Agar,
819 4944 1015 5010 Gades,
1050 4954 1104 4999 et
1133 4946 1304 4998 Barad
1330 4945 1663 5015 glossemata
1701 4962 1714 4997 :

691 5013 888 5092 ἍΓαρ·
1066 5013 1351 5092 πάροικος(
1520 5015 1680 5092 égor,
1725 5017 1839 5092 ipsa
1882 5024 1955 5068 est
2000 5015 2217 5066 advena.

690 5084 898 5140 KaAllC.
955 5088 1078 5157 ἁγία
1127 5084 1277 5144 eam.
1483 5084 1705 5157 _Car!es,
1744 5084 1873 5153 ipsa
1893 5094 1964 5139 est
2014 5094 2215 5157 sancta.

694 5164 893 5211 ΒαΡΛΔ.
922 5158 971 5209 ἐν
993 5152 1166 5217 iactitat;
1194 5158 1224 5213 ἡ
1254 5160 1439 5216 κτίσις.
1475 5152 1675 5217 Borud,
1704 5157 1756 5209 in
1775 5152 1928 5209 malis
1943 5156 2219 5223 possessio.

688 5227 773 5281 Ex
802 5228 1003 5297 quibus
1025 5228 1232 5297 liquido
1252 5234 1500 5292 apparet,
1525 5226 1853 5296 descriptam
1883 5228 1952 5279 ab
1980 5226 2221 5280 Eusebio

615 5298 747 5364 Sur,
780 5296 851 5353 de
882 5313 987 5366 qua
1034 5296 1354 5366 marginalis
1402 5299 1685 5351 annotatio
1727 5308 1971 5368 superat,
1996 5297 2220 5368 solenni

612 5370 733 5440 illa,
763 5384 925 5440 quam
950 5368 1257 5440 innuimus,
1291 5368 1498 5422 librarii
1534 5367 1821 5422 Oscitantia
1851 5367 2147 5440 excidisse.

694 5438 721 5477 ι)
748 5437 885 5495 Huic
923 5438 1082 5494 titulo
1114 5440 1541 5509 subsequentem
1592 5440 1944 5508 praeponebat
1971 5437 2220 5491 Martian.

620 5510 801 5565 Latini
840 5525 973 5564 mss.
1011 5511 1183 5565 nostri
1212 5509 1281 5565 ad
1324 5509 1573 5566 ercmn
1623 5511 1904 5576 exemplar
1936 5519 2225 5575 utrumque

620 5582 897 5670 digerunt.
919 5581 976 5635 In
1005 5581 1203 5637 Graeco
1222 5594 1405 5638 autem
1441 5581 1637 5635 vitiose
1664 5579 1830 5635 habet
1850 5577 2028 5633 Vatic.
2062 5578 2224 5638 οὕτως

661 5666 722 5704 1‘0
757 5662 878 5704 ⁷Ων.

621 5665 722 5797 ωΪέ
750 5665 1015 5797 βῗέὲδίυξ
1034 5721 1283 5797 Idumam
1304 5722 1438 5777 dixit
1460 5740 1472 5775 :
1495 5736 1593 5797 nec
1609 5721 2217 5797 tamen‘erratllieron.

618 5783 953 5842 substituens
980 5789 1255 5857 Judceam,
1285 5807 1406 5859 qua:
1434 5794 1575 5848 enim
1609 5794 1751 5847 intra
1799 5792 1936 5848 lines
1967 5792 2219 5848 ldumrcae

2333 4872 2473 4925 hunc
2508 4870 2685 4925 locum
2730 4870 2781 4924 in
2825 4870 3098 4940 plerisque
3125 4870 3379 4924 omnibus
3435 4871 3592 4925 libris
3620 4873 3793 4928 Ἐννάκ
3834 4888 3916 4927 vo-

2328 4952 2489 4996 cant:
2519 4944 2695 4996 minus
2726 4942 2863 5013 male
2892 4941 2944 4994 in
2978 4956 3086 4995 uno
3116 4942 3290 4995 Oxon.
3332 4946 3523 5013 Σενάχ.
3560 4942 3723 4997 Num.
3752 4960 3915 5005 xxxiv,

2327 5013 2649 5087 4.7_Pcccan_t
2677 5028 2807 5087 vero
2837 5012 3098 5087 haetenus
3126 5014 3280 5080 editi,
3338 5018 3426 5087 qni
3458 5012 3593 5068 mox
3627 5016 3811 5084 legunt
3838 5037 3917 5087 με·

2363 5085 2455 5159 άλη
2483 5081 3083 5159 Σεγνάε-Μηρῃαηδεηηα
3107 5126 3120 5147 ,
3151 5100 3248 5159 pro
3271 5081 3642 5159 Μῃᾶδαλσεννὰ,
3662 5158 3667 5159 ί
3685 5081 3773 5141 vel
3797 5081 3917 5159 Moy-

2363 5106 2455 5141 αΛη
2483 5106 2653 5146 ιεννα,
2693 5106 2737 5136 ιη
2752 5106 2884 5150 "gn"
2908 5106 3083 5137 οσηηιι
3107 5126 3120 5147 ,
3152 5106 3248 5152 pro
3273 5106 3642 5159 ΜιγοαΑσ-εννα,
3690 5106 3773 5141 νει
3798 5106 3916 5159 Μργ·

2326 5106 2590 5219 gulosam},
2628 5153 2843 5225 Magdal
2874 5154 3071 5220 Sermo,
3116 5158 3274 5208 turris
3302 5156 3499 5222 Setina,
3527 5158 3673 5226 quod
3702 5160 3916 5213 restitui-

2332 5241 2453 5281 mus
2481 5242 2546 5279 ex
2593 5226 2762 5280 Vatic.

2402 5296 2429 5333 ίι
2460 5296 2794 5371 Selch_n.et_c.
2817 5296 2912 5349 llic
2938 5297 3093 5353 locus
3119 5312 3281 5367 supra
3316 5300 3524 5368 positus
3556 5299 3780 5371 legitur,
3802 5302 3914 5355 ciri-

2333 5378 2412 5422 tos
2438 5369 2571 5438 regis
2598 5367 2697 5437 0g.
2732 5368 3002 5438 Maurum.

2403 5437 2657 5493 —'llnne
2698 5440 2748 5493 in
2782 5437 2971 5493 Grteco
3012 5440 3227 5493 titulum
3278 5454 3423 5495 nunc
3469 5442 3706 5509 primum
3738 5443 3918 5498 snl‘licit

2335 5509 2507 5565 Vatic.
2544 5509 2659 5565 Etsi
2685 5510 2832 5565 enim
2869 5509 2983 5565 haec
3016 5512 3203 5564 Selcha
3248 5513 3562 5580 neutiquam
3594 5513 3809 5570 diversa
3847 5517 3913 5567 ti-

2332 5580 2527 5636 deatur
2555 5584 2622 5636 ab
2654 5582 2766 5646 illa,
2801 5596 2920 5651 quae
2968 5583 3020 5637 in
3054 5584 3379 5650 praecedenti
3422 5585 3567 5638 serie
3596 5586 3829 5640 locorum
3857 5586 3914 5639 de

2330 5652 2584 5707 Nutneris
2615 5665 2669 5707 et
2704 5654 2992 5707 Deuteron.
3045 5665 3398 5709 recensetur:
3455 5656 3590 5709 nihil
3640 5667 3813 5712 tamen
3842 5666 3915 5712 est

2329 5724 2554 5847 gubiunt
2585 5724 2653 5777 ab
2680 5722 2914 5779 Eusebio
2946 5738 3008 5780 ac
3035 5724 3368 5795 Hieronymo
3400 5726 3487 5780 hic
3516 5741 3738 5798 quoque
3764 5727 3911 5783 fuisse

2368 5805 2678 5847 escrtntam.

2368 5805 2678 5862 escrtptam.
