4014 6302
129 262 234 321 92l

205 391 231 418 ιι
253 379 597 449 Soehoth,in
631 382 774 438 tribu
806 380 944 448 Gad,
975 394 1139 452 super
1162 378 1483 436 Jordanem.

203 475 452 548 Syphon,
477 475 532 531 in
567 475 710 530 tribu
739 475 875 543 Gad,
903 489 1072 547 super
1095 472 1412 530 Jordanem.

204 566 566 634 Sacharoma,
593 567 645 622 in
681 569 821 623 tribu
850 566 1012 623 Juda.

203 662 446 730 Samem,
472 663 529 717 in
553 661 697 717 tribu
717 660 876 716 Juda.

203 754 355 820 Saal,
385 757 440 810 in
473 755 614 809 tribu
637 753 796 821 Juda,
825 753 914 809 vel
941 751 1186 808 Simeon.

205 851 480 917 Sicelech,
513 865 671 922 quam
695 848 860 904 Achis
889 862 988 903 rex
1026 846 1454 917 alienigenarum
1485 841 1636 898 dedit
1667 842 1734 897 ad

129 943 545 999 inhabitandam
586 941 778 996 David.
830 940 926 996 Est
978 946 1159 995 autem
1196 939 1249 993 in
1281 937 1512 992 Darouta
1557 934 1731 990 sortis

127 1035 306 1103 Judaa,
336 1036 420 1092 vel
448 1035 743 1092 Simeonis.
887 1090 892 1095 ,

203 1130 479 1196 Sausana,
513 1129 566 1184 in
599 1128 744 1184 tribu
771 1125 930 1184 Juda.

203 1222 352 1279 Selei
372 1265 387 1290 ,
418 1223 471 1278 in
505 1223 653 1278 tribu
683 1220 843 1278 Juda.

199 1315 396 1382 Saara,
457 1316 606 1371 vicus
656 1315 707 1370 iu
758 1313 956 1368 ﬁnibus
1002 1309 1492 1382 Eleutheropoleos
1542 1317 1735 1365 contra

121 1410 560 1480 septentrionem
593 1407 946 1478 pergentibus
974 1404 1279 1475 Nicopolim
1302 1449 1319 1472 ,
1365 1403 1518 1474 quasi
1549 1401 1603 1457 in
1633 1401 1732 1456 de-

123 1503 281 1558 cimo
314 1501 592 1568 milliario,
625 1499 678 1554 in
713 1500 856 1554 tribu
886 1499 1025 1564 Dan,
1059 1499 1173 1553 sive
1199 1495 1356 1552 Juda.

141 1669 150 1678 '
203 1596 422 1652 Soccho
447 1594 525 1666 (in
558 1593 703 1650 tribu
735 1592 921 1663 Juda).
976 1590 1117 1648 Sunt
1141 1598 1320 1647 autem
1353 1605 1526 1660 usque
1577 1587 1737 1643 hodie

129 1689 300 1744 viculi
329 1687 437 1743 duo
469 1687 824 1758 pergentibus
867 1684 1066 1740 jEliam
1097 1683 1164 1740 de
1196 1681 1636 1752 Eleuthernpoli,
1681 1681 1732 1736 in

1247 258 1452 316 LIBER
1494 258 1584 316 DE
1626 257 1783 318 SITU
1819 259 1910 316 ET
1950 255 2351 316 NOMINIBUS.

1753 382 1805 440 A

3328 259 3436 314 922

1903 377 2112 445 Santer,
2145 379 2199 434 in
2240 377 2386 433 tribu
2422 376 2534 432 Dan
2566 395 2578 432 :
2607 375 2675 432 de
2701 390 2808 448 qua
2841 384 2897 432 et
2925 389 3093 448 supra
3117 377 3436 446 memoravi,

1838 471 1938 528 sub
1969 472 2191 527 nomine
2219 471 2548 527 Bethsamis.

1910 567 2172 636 Salahim,
2214 567 2265 622 in
2313 566 2454 622 tribu
2507 567 2640 631 Dan,
2685 579 2858 634 usque
2903 561 3068 619 hodie
3095 562 3323 634 grandis
3355 562 3439 617 vi-

1837 676 1934 718 cus
1962 662 2273 718 ostenditur
2294 661 2347 715 in
2374 659 2571 715 ﬁnibus
2597 657 2930 714 Sebastenes
2957 657 3066 724 (Al.
3098 654 3440 725 Sehastenis)

1838 758 2060 813 nomine
2082 756 2299 812 Salaba.

1910 847 2175 920 Sepheth,
2210 849 2363 902 locus
2388 846 2849 902 Chananacorum.

2187 941 2346 1013 275
2386 939 2476 994 DE
2514 936 2809 993 JUDIL‘UM
2849 935 3075 992 LIBRO.

1851 1079 1856 1082 .
1912 1035 2150 1100 Sirotba,
2179 1049 2290 1105 quo
2313 1031 2556 1101 confugit
2580 1030 2748 1102 judex
2788 1029 2966 1086 Ahud.
3002 1028 3246 1085 Diximus
3271 1036 3329 1084 et
3354 1041 3441 1084 su-

1841 1145 1938 1202 pra
1964 1130 2032 1185 de
2054 1127 2231 1184 Seira.

1911 1224 2018 1282 Sur
2047 1221 2282 1288 Chul‘eb,
2311 1221 2454 1292 quod
2479 1221 2888 1289 interpretatur,
2920 1225 3070 1288 petra
3090 1213 3330 1272 Choreb.

1911 1316 2157 1383 Selmon,
2182 1329 2337 1370 mons
2374 1329 2539 1384 quem
2575 1309 2896 1368 conscendit
2926 1308 3207 1364 Abimelec
3248 1306 3442 1363 adver-

1843 1427 1935 1468 sus
1961 1411 2222 1467 Sicimam
2256 1407 2545 1482 dimicans.

1914 1506 2153 1577 Sephina
2183 1522 2196 1560 :
2227 1517 2328 1576 pro
2357 1517 2467 1574 quo
2491 1500 2689 1573 Aquila
2718 1509 2772 1558 et
2793 1496 3155 1572 Symmachus
3182 1495 3444 1566 interpre-

1845 1613 2047 1670 tantur,
2077 1600 2414 1672 aquilonem.

1911 1695 2142 1762 Soreeh,
2173 1709 2371 1750 nomen
2407 1690 2686 1755 torrentis,
2709 1688 2777 1744 de
2805 1702 2911 1759 quo
2952 1686 3073 1741 loco
3110 1682 3212 1738 fuit
3242 1680 3440 1748 Dalila,

127 1797 276 1838 nono
305 1781 563 1836 milliario
589 1780 691 1836 viae
716 1779 980 1851 publica:
1013 1793 1157 1833 unus
1188 1779 1242 1832 in
1271 1786 1488 1845 monte,
1515 1776 1654 1832 alter
1677 1776 1731 1831 in

1888 1789 1928 1844 Ia
1959 1788 2242 1844 Samsonis
2271 1805 2284 1842 :
2316 1785 2411 1842 sed
2453 1795 2508 1841 et
2539 1799 2712 1855 usque
2743 1781 2905 1836 hodie
2945 1778 3010 1834 ad
3040 1776 3445 1848 septentriona-

129 1889 322 1947 campo
352 1876 514 1941 situs,
547 1875 640 1946 qui
685 1873 929 1930 Soehoth
954 1879 1356 1942 nuncupantur.

198 1968 419 2037 Sarain,
457 1949 510 2024 in
536 1969 682 2024 tribu
709 1967 871 2024 Juda.

197 2063 428 2130 Senam,
458 2066 512 2120 in
539 2065 684 2120 tribu
715 2063 878 2119 Juda.

198 2160 426 2232 Saphir,
457 2161 583 2214 villa
611 2160 663 2214 in
702 2157 977 2214 montanis
1023 2158 1128 2214 sita
1160 2158 1304 2213 inter
1334 2155 1736 2227 Eleutheropoo

132 2256 224 2312 lim
258 2265 315 2309 et
338 2254 693 2322 Ascalonem,
718 2255 770 2309 iu
797 2255 940 2309 tribu
963 2253 1122 2308 Juda.

198 2349 366 2424 274
388 2350 624 2417 Soccho,
653 2349 721 2406 de
751 2365 855 2420 qua
887 2358 941 2404 et
966 2363 1129 2419 supra
1155 2347 1364 2402 dictum
1395 2353 1500 2402 est.
1539 2344 1743 2400 Dicun-

125 2455 216 2502 tur
243 2454 428 2501 autem
478 2443 848 2509 Samaritani,
895 2443 988 2512 qui
1044 2442 1114 2497 de
1167 2440 1443 2512 Babylone
1501 2439 1735 2511 profecti

128 2547 282 2604 sunt,
318 2539 461 2593 hunc
490 2537 725 2594 viculum
755 2535 1091 2591 condidisse.

202 2633 227 2670 ιι
262 2631 468 2695 Sacha,
501 2632 556 2686 in
589 2630 733 2686 tribu
755 2629 917 2688 Juda.

200 2726 350 2792 Seio,
384 2726 437 2780 in
473 2725 616 2781 tribu
658 2724 939 2795 Ephraim,
974 2723 1027 2779 in
1058 2739 1168 2793 quo
1217 2725 1340 2778 loco
1390 2737 1517 2777 arca
1569 2731 1742 2777 testa-

131 2819 298 2876 menti
355 2819 578 2885 mansit,
629 2829 685 2875 et
729 2817 1143 2874 tabernaculum
1192 2815 1404 2871 Domini
1459 2829 1630 2884 usque
1674 2813 1739 2869 ad

132 2925 376 2985 tempora
427 2913 719 2970 Samuelis.
777 2913 873 2967 Est
919 2920 1099 2967 autem
1143 2912 1196 2966 in
1241 2910 1452 2966 decimo
1481 2907 1740 2963 milliaria

133 3005 436 3075 Neapoleos
487 3005 542 3060 iu
575 3005 799 3076 regione
846 3002 1219 3059 Acrabittena.
1253 3001 1358 3056 Sed
1386 3012 1441 3056 et
1461 2999 1614 3056 Judze
1639 2999 1743 3054 Pa-

135 3098 388 3154 triarchac
421 3097 590 3152 tilium
626 3097 790 3153 Selou
821 3095 1154 3167 appellatum
1186 3095 1437 3165 legimus.

1841 1882 1947 1937 lem
2002 1881 2209 1952 plagam
2244 1878 2731 1948 Eleutheropoleos
2779 1874 2931 1929 vicus
2973 1868 3303 1936 ostenditur,
3345 1882 3444 1922 no-

1844 1975 1990 2030 mine
2029 1972 2471 2045 Capharsorecb,
2509 1970 2669 2041 juxta
2716 1967 2900 2024 villam
2947 1964 3123 2030 Saar,
3189 1959 3334 2016 unde
3387 1967 3446 2015 et

1844 2068 2074 2124 Samson
2103 2066 2222 2122 fuit.

2234 2160 2323 2214 DE
2367 2154 2751 2213 REGNORUM
2798 2151 3044 2209 LIBRIS.

1914 2253 2161 2324 Sophim.
2197 2267 2352 2307 mons
2386 2249 2643 2321 Ephraim
2677 2249 2732 2303 in
2755 2256 2942 2302 monte
2973 2243 3309 2300 Armathem.

1914 2345 2110 2411 Salisa,
2142 2359 2304 2415 quam
2333 2340 2650 2413 pertransiit
2673 2338 2818 2396 Saul.

1913 2439 2118 2504 Senna,
2150 2451 2346 2493 nomen
2371 2446 2559 2507 petra).

1915 2531 2136 2596 Saulim,
2180 2530 2309 2585 villa
2369 2543 2532 2600 quam
2597 2523 2918 2597 pertransiit
2957 2520 3085 2578 Saul
3129 2521 3182 2575 in
3243 2517 3441 2574 ﬁnibus

1847 2623 2339 2695 Eleutheropoleos
2367 2629 2560 2676 contra
2606 2617 2981 2681 Occidentem,
3026 2621 3240 2686 septem
3272 2610 3340 2666 ab
3381 2624 3444 2665 ea

1845 2720 2080 2776 millibus
2109 2717 2338 2771 distans.

1916 2811 2055 2877 Sim,
2087 2810 2178 2865 ubi
2208 2807 2429 2864 Samuel
2452 2805 2658 2860 invenit
2689 2803 2929 2861 Saulem.

1914 2901 2122 2965 Sabim.
2153 2900 2245 2955 ubi
2275 2899 2406 2956 Saul
2441 2897 2715 2967 pra-Italus
2741 2903 2844 2951 est.

1917 2998 2140 3061 Sonam,
2171 3005 2192 3032 ο
2223 2992 2369 3048 unde
2398 2990 2500 3045 fuit
2529 2990 2621 3045 illa
2652 2989 2853 3044 mulier
2879 2981 3204 3042 Sunamitis.
3231 2979 3328 3036 Est
3347 2993 3445 3034 au-

1848 3098 1954 3144 tem
1984 3103 2157 3158 usque
2181 3085 2346 3140 hodie
2377 3083 2528 3138 vicus
2555 3083 2611 3137 in
2638 3079 2838 3135 ﬁnibus
2863 3077 3107 3134 Sebasta:
3140 3075 3192 3129 in
3227 3073 3448 3142 regione

205 3192 461 3260 Sechem,
492 3192 548 3246 in
582 3191 725 3246 tribu
758 3189 1058 3256 Manasses,
1089 3188 1283 3244 civitas
1312 3185 1666 3242 sacerdotalis
1688 3193 1743 3239 ct
1769 3179 1814 3242 C
1838 3180 2224 3244 'Acrabittena,
2257 3174 2520 3231 vocabulo
2553 3173 2764 3232 Sanim.

137 3288 510 3358 fugitivorum.
533 3286 587 3341 in
619 3294 805 3340 monte
829 3283 1108 3356 Ephraim,
1134 3284 1220 3338 ubi
1250 3281 1593 3353 sepelierunt
1621 3295 1744 3336 ossa

135 3377 364 3450 Joseph,
399 3378 469 3432 de
497 3393 600 3448 qua
629 3387 682 3431 ct
708 3392 871 3446 supra
899 3376 1152 3430 diximus.

209 3469 426 3534 Sanies,
463 3468 517 3523 id
542 3479 625 3523 est
653 3468 774 3523 fons
811 3468 1023 3534 Sames,
1047 3467 1100 3521 in
1126 3467 1268 3522 tribu
1293 3464 1579 3537 Benjamiu
1607 3481 1618 3517 :
1645 3479 1745 3535 pro

136 3579 242 3636 quo
266 3564 462 3634 Aquila
502 3564 918 3633 interpretatur,
945 3561 1148 3616 fontem
1177 3561 1328 3616 Solis.

205 3656 404 3723 Semri,
435 3656 492 3710 in
521 3655 665 3709 tribu
696 3653 1002 3724 Benjamiu.

205 3749 348 3814 Sela,
380 3749 431 3804 in
467 3746 620 3803 tribu
651 3747 964 3815 Benjamin.

207 3843 406 3911 Sahee,
443 3843 506 3897 in
541 3841 684 3898 tribtt
715 3841 961 3897 Simeon.

206 3937 412 4004 Sarith,
445 3936 720 3994 terminus
749 3935 1016 3991 Zabulon.

212 4032 366 4090 Sams
399 4051 410 4088 :
445 4048 544 4104 pro
576 4046 685 4102 quo
726 4029 1037 4085 TheodOtio
1076 4037 1132 4084 et
1167 4026 1528 4098 Symmachus
1569 4034 1747 4081 trans-

147 4127 402 4195 tulerunt,
437 4127 599 4183 solis.

215 4221 520 4286 Semerom,
555 4219 612 4272 in
641 4217 780 4271 tribu
809 4215 1084 4270 Zabulon.

215 4314 438 4381 Sunem,
488 4315 540 4368 in
596 4311 736 4366 tribu
786 4307 1055 4374 lssaehar,
1084 4317 1139 4364 et
1171 4322 1340 4376 usque
1388 4306 1550 4360 hodie
1592 4306 1746 4361 vicus

150 4408 447 4464 ostenditur
479 4405 704 4463 nomine
736 4403 945 4468 Sulem,
991 4401 1045 4455 in
1071 4401 1263 4472 quinto
1291 4399 1547 4454 ntilliario
1593 4413 1747 4453 mon-

155 4498 221 4557 tis
245 4501 460 4557 'l‘habor
486 4508 683 4556 contra
709 4497 1006 4553 australem
1043 4495 1276 4566 plagam.

1917 3271 2271 3342 Suphamnth,
2303 3269 2371 3323 ad
2399 3266 2757 3339 quemlucum
2791 3262 2939 3318 misit
2965 3260 3154 3316 David.

1919 3367 2105 3434 Seira,
2149 3381 2345 3420 nomen
2399 3362 2586 3434 putei,
2645 3375 2675 3414 a
2728 3375 2836 3431 quo
2881 3357 3019 3413 Joab
3062 3355 3191 3412 fecit
3248 3350 3446 3409 reverti

1849 3464 2149 3536 principem
2173 3459 2452 3516 exercitus
2481 3457 2760 3513 Abcnner.

1921 3559 2090 3621 Suba,
2124 3556 2280 3623 cujus
2308 3568 2491 3624 regem
2524 3549 2794 3621 percussit
2827 3547 3015 3602 David.

1920 3653 2179 3718 Sartban,
2205 3667 2326 3722 quae
2356 3659 2440 3706 est
2469 3649 2534 3704 ad
2569 3645 2780 3702 radices
2803 3643 3087 3700 Jezraelze.

1918 3745 2188 3815 Sophera,
2213 3759 2330 3814 quae
2353 3750 2436 3797 est
2461 3751 2515 3795 et
2545 3739 2765 3810 Stzphir,
2798 3736 2941 3790 unde
2969 3731 3260 3790 veniebant
3283 3742 3450 3783 naves

1851 3839 2158 3895 Salomonis
2194 3855 2206 3891 :
2241 3836 2310 3892 de
2354 3849 2457 3905 qua
2504 3840 2558 3888 et
2602 3845 2765 3900 supra
2809 3827 3068 3884 diximus.
3115 3823 3214 3879 Est
3264 3833 3446 3877 autem

1850 3946 2008 3985 mons
2038 3927 2276 3986 Orientis
2304 3929 2583 3996 pertinens
2611 3923 2676 3976 ad
2702 3921 2869 3976 lndirc
2898 3920 3197 3987 regionem.

1922 4021 2143 4085 Serora,
2170 4019 2366 4073 civitas
2395 4015 2743 4086 pergentibus
2771 4009 2969 4065 Edom.

1925 4115 2087 4179 Saba,
2123 4113 2318 4166 civitas
2341 4109 2538 4181 regalis
2566 4104 2886 4174 jEthiopim,
2938 4115 3097 4170 quam
3126 4096 3393 4169 Josephus
3421 4112 3449 4150 a

1851 4207 2121 4278 Cambyse
2180 4221 2307 4275 rege
2355 4204 2574 4260 Meroen
2632 4195 3068 4268 cognominatam
3120 4208 3185 4246 ex
3248 4189 3452 4246 sororis

1851 4300 2140 4365 voeabula,
2175 4298 2362 4354 refert.

1925 4394 2089 4466 278
2111 4391 2259 4458 Sela,
2288 4389 2382 4444 ubi
2416 4399 2713 4456 percussus
2742 4391 2824 4438 est
2847 4380 2996 4437 Joas.

1925 4485 2248 4544 Satl'arvaim
2269 4525 2284 4550 ,
2319 4483 2388 4538 de
2418 4481 2617 4551 quibus
2651 4478 2790 4532 locis
2817 4473 3029 4546 Assyrii
3057 4470 3457 4542 transmigran-

221 4593 384 4661 Seon,
419 4595 534 4650 sive
572 4591 806 4658 Soen,in
851 4589 996 4644 tribu
1036 4586 1282 4642 lssaehar
1316 4604 1328 4638 :
1361 4583 1632 4655 hodieque
1658 4600 1748 4641 os-
1777 4572 1824 4631 Ι)
1854 4595 1936 4638 tes
1964 4627 1978 4650 ,
2012 4581 2394 4636 habitaverunt
2424 4575 2477 4628 in
2500 4572 2782 4630 Samaria:
2815 4581 2867 4626 et
2899 4569 2967 4624 ab
2999 4567 3135 4638 ipsis
3163 4566 3461 4623 Samarita-

160 4687 392 4742 tenditur
421 4687 543 4742 villa
568 4687 728 4755 juxta
759 4691 999 4738 montem
1031 4678 1275 4735 Thabor.

230 4778 461 4845 Sasima,
491 4778 756 4834 terminus
785 4773 1058 4831 lssaehar.

233 4870 374 4939 Sior,
402 4873 455 4926 in
489 4872 631 4928 tribu
657 4871 817 4926 Aser.

230 4962 544 5030 Sennanim,
581 4977 816 5035 quercus
860 4961 1140 5033 pertinens
1188 4957 1254 5013 ad
1304 4955 1600 5012 terminum
1649 4953 1752 5009 Nc—

166 5052 400 5123 plttalim.

237 5146 458 5214 Sorech,
492 5149 542 5203 in
573 5149 714 5204 tribu
749 5149 884 5214 Dan,
928 5146 1016 5203 ubi
1046 5146 1275 5202 Samson
1307 5144 1474 5200 fuisse
1497 5143 1743 5215 legimus,

169 5236 311 5305 juxta
340 5239 523 5296 Estaol
555 5241 644 5312 (de
674 5257 776 5313 qua
805 5241 915 5312 jam
957 5254 1118 5310 supra
1149 5237 1434 5310 diximus).

243 5383 269 5412 λ
299 5376 393 5431 Hie
436 5394 564 5433 vero
595 5379 805 5446 titulus,
839 5380 1066 5434 -nedum
1120 5379 1172 5432 iu
1220 5376 1432 5438 Graeco,
1489 5371 1650 5427 etiam
1694 5372 1746 5425 iu

176 5443 359 5520 Latino
386 5464 416 5502 a
443 5450 655 5520 Regina:
678 5443 1122 5520 ms.'ignoratur:
1157 5450 1210 5520 in
1237 5458 1428 5501 nustro
1456 5453 1635 5498 autem
1663 5457 1749 5498 se-

177 5517 342 5571 cunda
371 5517 542 5574 manu'
557 5523 621 5574 ad
648 5521 768 5576 libri
801 5517 983 5576 album
1015 5519 1364 5576 describitur.

247 5585 286 5666 b_
316 5589 668 5666 Spacha,_etc.
714 5593 1063 5666 Autea_editi
1109 5593 1294 5666 legunt
1345 5585 1749 5666 Scatltc._qttod

171 5657 400 5737 multum
422 5664 575 5737 torsit
595 5663 864 5737 eruditum
892 5657 1357 5737 Bonl'reritim,qui
1383 5659 1753 5737 ii_escivit__ent-

179 5730 267 5806 ῃξξι
293 5730 651 5806 feretiomina
667 5734 964 5806 depravata
991 5733 1230 5806 fuissein
1257 5732 1535 5785 veteribus
1557 5730 1750 5785 editio-

183 5796 331 5855 nlhus
353 5801 676 5869 Hieronymi;
745 5796 756 5806 ”
1120 5805 1389 5860 Maurus.

1855 4690 2050 4730 norum
2083 4686 2220 4743 gens
2251 4667 2489 4738 sumpsit
2533 4665 2843 4721 exordium.
2894 4663 3142 4718 Meminit
3179 4660 3372 4715 borum
3404 4667 3461 4713 et

1856 4768 2042 4823 Isaias.

1927 4856 2222 4916 Sademoth
2245 4897 2259 4922 ,
2292 4852 2318 4891 σι
2361 4853 2449 4908 ubi
2481 4851 2660 4906 Josias
2696 4865 2792 4906 rex
2826 4850 3095 4906 idolorum
3125 4846 3277 4915 signa
3309 4857 3458 4899 com-

1856 4953 2051 5008 bussit.

1933 5036 2448 5109 Saresta,0ppidum
2474 5035 2824 5092 Sidoniorum
2849 5032 2902 5086 in
2924 5030 3010 5085 via
3041 5027 3252 5100 publica
3271 5028 3454 5082 situm:

1859 5135 1951 5192 ubi
1983 5133 2246 5188 habitavit
2275 5129 2548 5201 quondam
2574 5127 2738 5182 Elias.

1930 5232 2128 5297 Saron,
2171 5227 2328 5298 cujus
2359 5235 2412 5280 et
2459 5223 2628 5278 Isaias
2669 5221 2938 5286 meminit,
2971 5217 3183 5285 dicens,
3217 5214 3282 5269 In
3307 5213 3456 5286 palu-

1933 5379 1955 5407 ε
1997 5367 2247 5422 Martiau.
2273 5361 2532 5418 vitioseiu
2557 5360 2752 5415 Latino
2766 5358 2854 5412 ubi
2871 5372 2968 5426 pro
2993 5354 3164 5416 unde,
3192 5353 3243 5406 iu
3263 5351 3456 5407 Graeco

1855 5437 2210 5515 ’Λκριϐαττινῇ
2254 5437 2415 5506 legit,
2446 5443 2503 5488 et
2543 5448 2665 5487 mox
2712 5433 3000 5502 Empavimv
3037 5439 3138 5497 pro
3187 5431 3449 5492 Σωανῐτιν,

1858 5528 2018 5556 niitnn
2051 5524 2292 5556 nrt-uram
2325 5509 2526 5556 sn‘nitts
2555 5503 2791 5556 admisit.

1858 5528 2018 5582 quem
2051 5524 2292 5564 errorem
2325 5519 2526 5575 sapius
2555 5519 2791 5558 aunnsu.

1931 5581 1958 5620 ἀ
1993 5581 2092 5637 Ulu'
2112 5579 2289 5634 Josias
2325 5595 2435 5642 rex,
2467 5585 2574 5631 etc.
2610 5575 2787 5627 llabes
2826 5572 2913 5623 hic
2941 5583 3156 5639 quoque
3200 5567 3252 5620 in
3291 5576 3450 5642 antea

1861 5636 2024 5711 editis
2055 5636 2542 5719 EraSmiinsignem
2565 5636 3015 5719 depravationem
3037 5657 3050 5702 ;
3073 5636 3205 5694 nam
3237 5653 3338 5709 pro
3359 5636 3454 5691 Ju-

1859 5730 1961 5793 sia,
1986 5734 2302 5795 supponunt
2327 5711 2530 5774 vitam.
2639 5711 2653 5714 “
2970 5711 3240 5768 Maurum.
