4010 6306
177 302 291 359 925

253 421 550 489 Therama,
581 422 636 477 in
667 423 808 478 tribu
848 415 1156 492 ltenjamin.

252 515 493 583 Tltolad,
525 517 577 570 in
606 517 752 570 tribu
774 517 935 583 Juda,
959 518 1071 572 sive
1100 517 1394 572 Simeonis.

251 608 498 673 Thabor,
536 609 804 663 terminus
829 609 1092 664 Zabnlon.
1143 608 1244 664 Est
1289 619 1470 664 autem
1533 628 1688 665 mons
1735 611 1788 666 in

173 698 365 754 medio
393 699 637 754 Galiltea:
669 707 694 736 ι
722 715 918 770 eampo
948 701 1108 772 (mira
1134 702 1467 758 rotunditate
1496 701 1786 772 sublimis),

169 790 392 844 distans
414 804 446 843 a
469 789 807 846 Diocaesarea
838 792 1029 848 decem
1054 793 1318 859 millibus,
1365 807 1554 849 contra
1609 795 1790 850 orien-

174 881 342 936 talem
377 881 589 952 plagam
632 901 644 936 :
677 884 767 952 qui
801 884 1098 939 confinium
1143 900 1361 957 quoque
1399 886 1541 942 inter
1591 887 1787 942 tribum

174 972 434 1028 lssachar
461 981 516 1028 et
548 973 860 1044 Nepbtalim
896 975 1015 1030 fuit.

250 1069 516 1138 Thaleba,
575 1072 629 1126 in
681 1074 827 1127 tribu
865 1075 1119 1131 Simeon:
1179 1093 1322 1133 nunc
1372 1078 1524 1134 vicus
1571 1079 1789 1149 grandis

175 1163 496 1220 Judtnorum
517 1176 748 1222 vocatur
776 1167 990 1236 Thella,
1017 1172 1172 1240 quasi
1191 1173 1241 1226 in
1267 1175 1639 1229 sextodecimo
1662 1175 1785 1230 mil-

175 1254 334 1310 liario
366 1255 858 1328 Eleutheropoleos
885 1273 1076 1316 contra
1107 1263 1134 1300 lt
1166 1266 1464 1321 australem
1496 1267 1728 1337 plagam.

257 1359 279 1382 ε
307 1346 768 1416 'l‘hamnatlisara,
791 1353 984 1407 civitas
1009 1352 1136 1408 Jcsu
1170 1354 1266 1408 lilii
1294 1355 1462 1422 Nave,
1493 1356 1546 1411 in
1604 1367 1787 1412 monte

181 1445 329 1507 sita;
355 1444 421 1499 de
445 1462 545 1516 qua
569 1457 620 1501 et
643 1465 808 1519 supra
833 1449 934 1505 sub
951 1451 1173 1506 nomine
1194 1448 1219 1486 ἀ
1237 1450 1496 1506 Thamnm
1515 1453 1783 1508 diximus:

182 1537 239 1591 in
265 1551 370 1607 qua
399 1540 636 1608 usquein
666 1553 996 1612 praesentem
1023 1543 1172 1600 diem
1203 1549 1514 1616 sepulcrum
1544 1546 1665 1613 ejus
1693 1561 1785 1602 os.

184 1631 430 1686 tenditur
461 1634 511 1686 in
553 1635 696 1688 tribu
727 1635 839 1690 Dan
869 1646 916 1692 ε.

631 1821 720 1876 DE
760 1822 967 1878 LIBRO
1006 1823 1325 1882 JUDlCUM.

251 1908 568 1979 Thaanaeh,
608 1913 798 1969 civitas
824 1915 978 1985 juxta
1018 1933 1184 1987 quam
1216 1919 1465 1973 Debbora
1489 1920 1780 1976 adversum

172 2001 412 2058 Sisaram
436 2005 737 2071 dimicavit,
771 2008 824 2062 in
855 2009 997 2063 tribu
1027 2009 1294 2077 Manasse,
1328 2025 1583 2081 separata
1625 2014 1783 2069 Levi-

175 2091 268 2158 tis,
295 2107 459 2163 quam
495 2104 684 2151 tenere
716 2113 822 2152 non
855 2101 1053 2169 potuit,
1087 2101 1332 2172 pristinis
1357 2101 1659 2159 cultoribus
1691 2121 1786 2160 ne-

169 2199 459 2254 quaquam
494 2186 704 2255 ejectis.
735 2189 830 2244 Est
858 2202 1042 2246 autem
1083 2210 1227 2248 nunc
1270 2197 1396 2251 villa
1450 2199 1785 2268 praegrandis

171 2275 398 2331 distans
426 2292 456 2331 a
481 2278 719 2348 Legione
751 2281 991 2338 millibus
1023 2285 1216 2340 tribus.

252 2368 492 2437 Thebes,
528 2373 660 2427 urbs
689 2389 848 2444 quam
881 2392 1004 2432 cum
1048 2389 1391 2450 oppugnaret
1441 2381 1783 2452 Abimelecb,

175 2461 448 2532 fragmine
470 2467 627 2520 mola:
657 2467 795 2522 ictus
819 2471 1042 2526 interiit.
1080 2475 1172 2528 Est
1203 2484 1380 2529 autem
1408 2491 1576 2546 usque
1625 2477 1788 2534 hodie

181 2553 334 2608 ticus
381 2559 600 2613 nomine
645 2562 810 2634 286
848 2563 1096 2630 Thebes,
1140 2567 1194 2620 in
1238 2569 1437 2623 ﬁnibus
1481 2570 1786 2640 Neapoleos

181 2651 537 2718 pergentibus
559 2650 958 2724 Scytbopolim,
984 2660 1135 2728 quasi
1160 2660 1211 2714 in
1245 2662 1406 2716 tertio
1425 2662 1640 2718 decimo
1669 2666 1788 2735 ejus

181 2742 386 2811 lapide.

256 2833 600 2891 Thamuatha
651 2855 662 2890 :

183 2929 330 2982 tribu
380 2929 540 2985 Juda.

584 3025 674 3080 DE
713 3027 1100 3088 REGNORUM
1145 3033 1391 3091 LlBRlS.

259 3113 614 3186 Thelamuge,
649 3118 800 3175 locus
848 3121 902 3176 in
951 3141 1060 3193 quo
1104 3125 1363 3183 Abeuner
1395 3131 1545 3185 misit
1588 3131 1651 3185 ad
1687 3131 1786 3187 Da-

713 2841 996 2909 posuimus
1042 2853 1095 2898 et
1140 2860 1303 2914 supra
1353 2841 1675 2916 Thamnam,
1729 2851 1784 2906 in

1283 303 1484 360 LlBEll
1527 297 1617 360 ut:
1660 299 1813 363 SlTU
1857 303 1945 362 ET
1987 297 2384 364 NOMiNlBUS.

1814 411 1864 488 Α
1893 426 2121 495 legimus
2176 421 2601 496 Carthaginem,
2643 425 2696 479 in
2726 409 2955 481 Hebrao
3014 425 3273 496 scriptum
3327 423 3490 479 habet

3383 295 3486 361 926

1892 519 2130 574 Titanis.
2161 520 2416 576 Nonnulli
2441 521 2646 576 Indiam
2677 532 3004 592 putaverunt
3035 521 3115 593 (et
3142 521 3211 576 de
3241 520 3345 575 hoc
3377 528 3486 573 tam

1891 613 1944 669 in
1977 615 2120 670 libro
2149 615 2518 685 Epistolarum
2539 616 2741 688 (Epist.
2769 633 2916 670 num.
2941 617 3058 685 37),
3087 631 3222 686 quas
3252 613 3320 669 ad
3341 613 3487 668 Mar-

1891 707 2083 762 cellam
2141 710 2504 776 scripsimus,
2559 724 2718 779 quam
2782 710 2832 762 in
2893 709 3047 764 libris
3099 707 3489 763 Hebraicarum

1891 803 2265 870 Quaestionum
2301 801 2511 870 plenius
2533 802 2737 854 dictum
2763 810 2846 854 est
2868 801 2909 870 ).

1961 895 2192 959 Thersa,
2226 905 2250 940 ες
2273 894 2364 948 ubi
2394 894 2500 949 Asa
2533 910 2629 949 rex
2659 894 2819 949 Israel
2869 893 2987 948 fuit.

1963 989 2238 1052 Thersila,
2264 989 2406 1042 unde
2453 988 2554 1042 fuit
2609 988 2837 1042 Marsacn
2873 1005 2884 1040 :
2917 1000 3088 1055 usque
3117 982 3278 1037 hodie
3309 993 3391 1036 est
3419 981 3500 1038 vi-

1890 1083 2044 1136 culus
2113 1080 2582 1136 Samaritanorum
2642 1080 2698 1135 in
2748 1081 2975 1152 regione
3057 1077 3348 1144 Batana’a,
3399 1075 3496 1146 qui

1890 1175 2140 1229 Thersila
2173 1173 2398 1228 dicitur.

1962 1267 2198 1332 Therba,
2227 1266 2368 1320 unde
2393 1277 2546 1320 ortus
2573 1276 2656 1320 est
2682 1265 2827 1320 Elias
2854 1263 3144 1335 propheta,
3171 1261 3484 1318 Tlieshites.

1962 1361 2252 1424 Theman,
2309 1359 2464 1429 juxta
2535 1359 2881 1414 Ezechielem
2952 1357 3147 1411 civitas
3214 1356 3493 1410 ldumteze.

1893 1456 2061 1509 Porro
2087 1454 2250 1508 ls-aias
2284 1453 2334 1506 in
2367 1453 2577 1507 visione
2608 1467 2726 1506 eam
2758 1450 2912 1521 ponit
2960 1447 3194 1502 Arabim.
3250 1445 3497 1503 Meminit

1889 1547 2046 1618 hujus
2067 1558 2116 1602 et
2153 1545 2441 1602 Jeremias.
2477 1543 2682 1600 Ahdias
2736 1553 2917 1598 autem
2970 1541 3162 1596 scribit
3217 1541 3495 1597 civitatem

1891 1641 2053 1695 Es-au.
2090 1641 2195 1697 Sed
2220 1649 2276 1695 et
2304 1650 2446 1694 unus
2478 1639 2719 1694 filiorum
2748 1638 2869 1708 ejus
2910 1635 3157 1692 Theman
3187 1627 3496 1707 appellaba-

1891 1745 1976 1790 tur
2004 1737 2146 1789 sicnt
2172 1751 2336 1805 supra
2370 1735 2627 1790 diximus.

1814 1815 1860 1876 B
1962 1817 2120 1900 28']
2137 1815 2364 1888 Tharac,
2390 1841 2551 1897 quam
2569 1825 2620 1880 in
2639 1835 2783 1880 terra
2797 1822 2982 1879 Judana
3003 1822 3148 1878 Evaci
3169 1820 3490 1878 condidere.

1957 1919 2276 1982 Thalassar,
2305 1920 2459 1988 regio
2488 1916 2682 1988 Syrim.

1960 2013 2287 2082 'l‘bogarma,
2321 2013 2550 2080 legimus
2574 2011 2626 2065 in
2655 2008 2929 2064 Ezechiel.

1957 2103 2191 2173 Taphet,
2250 2104 2481 2174 legimus
2512 2105 2564 2156 in
2593 2101 2829 2156 Jeremia
2860 2101 2978 2172 (vn,
3034 2099 3126 2165 52)
3159 2114 3313 2152 aram
3342 2097 3490 2153 Tita-

1889 2199 2029 2268 pher.
2062 2202 2161 2253 Est
2211 2209 2392 2253 autem
2421 2199 2473 2251 in
2505 2197 2832 2252 suburbanis
2887 2192 3046 2248 Elia:
3097 2205 3265 2262 usque
3325 2190 3491 2247 hodie

1889 2294 2064 2360 locus,
2097 2293 2188 2364 qui
2229 2295 2308 2347 sic
2335 2303 2589 2358 vocatur,
2617 2291 2772 2359 juxta
2806 2289 3073 2359 piscinam
3126 2285 3400 2350 Fullonis,
3435 2291 3490 2341 et

1889 2402 2079 2457 agi-um
2112 2384 2468 2441 Acbeldema.

2467 2478 2552 2532 DE
2592 2473 2867 2532 GENESI.

1965 2573 2038 2630 Ur
2083 2572 2487 2637 Chaldmorum,
2546 2570 2634 2625 ubi
2680 2580 2934 2624 mortuus
2963 2575 3050 2621 est
3100 2568 3290 2630 Aram,
3325 2562 3492 2618 frater

1892 2666 2124 2722 Ahraba:
2149 2683 2161 2718 :
2188 2665 2342 2734 cujus
2376 2663 2669 2733 hodieque,
2705 2662 2848 2716 sicut
2878 2658 3151 2729 Josepbus
3183 2657 3372 2720 refert,
3409 2665 3492 2710 tu-

1891 2759 2072 2813 mulus
2099 2757 2429 2812 ostenditur.
2463 2757 2560 2828 (Et
2588 2770 2757 2824 super
2778 2753 2882 2810 hoc
2911 2751 3040 2823 quid
3070 2750 3227 2806 nobis
3247 2748 3492 2803 videatur

1894 2853 1944 2904 in
2004 2850 2157 2905 libris
2206 2848 2595 2903 Hebraicarum
2655 2848 3033 2913 Qua‘sdonum
3085 2841 3297 2913 plenius
3347 2839 3491 2895 dixi-

1892 2943 2062 3012 mus.)

1967 3036 2281 3090 Ulammaus
2304 3075 2318 3100 ,
2354 3048 2451 3104 pro
2498 3048 2605 3102 quo
2637 3033 2690 3086 in
2721 3031 2952 3086 Hebraeo
3002 3029 3268 3098 scriptum
3324 3024 3492 3079 habet

1893 3128 2058 3182 Luza.
2093 3126 2295 3181 Eadem
2325 3137 2406 3180 est
2429 3135 2608 3180 autem
2636 3141 2756 3192 qua:
2804 3132 2860 3178 et
2907 3121 3123 3184 Bcthel,
3156 3119 3300 3174 sicut
3323 3131 3489 3185 supra

181 3211 298 3264 vid.
332 3211 439 3266 Sed
463 3213 742 3268 sciendum
775 3217 918 3284 quod
955 3235 1050 3287 pro
1083 3223 1181 3275 hoc
1206 3223 1372 3277 νει-1η)
1399 3223 1591 3294 Aquila
1619 3226 1786 3281 iuler-
1813 3211 1856 3273 (Σ
1891 3224 2148 3277 diximus.
2179 3221 2285 3276 Setl
2315 3231 2370 3276 et
2397 3220 2643 3291 quaedam
2697 3219 2825 3272 villa
2879 3217 3099 3270 nomine
3135 3215 3380 3270 lilamtna
3435 3212 3490 3265 in

181 3309 454 3371 pretatur,
489 3306 807 3375 extemplo:
836 3307 1222 3380 Symmachus,
1252 3329 1350 3385 pro
1395 3317 1708 3387 SCIIICiipSO.

257 3393 469 3459 Thaad,
498 3399 650 3463 juxta
699 3398 923 3455 Galaad.

258 3485 516 3554 'l‘hamsa,
551 3495 815 3547 terminus
840 3497 993 3565 regni
1024 3495 1357 3554 Salomonis.

258 3580 581 3651 'fbermoth,
614 3585 804 3640 civitas
819 3597 982 3655 quam
1009 3589 1295 3646 mdilicavit
1324 3592 1576 3648 Salomon
1603 3595 1654 3650 in
1686 3595 1782 3651 dc-

181 3682 336 3728 serto
392 3674 593 3746 (cujus
621 3675 637 3713 ί
665 3678 718 3732 in
759 3678 914 3734 libris
954 3680 1346 3739 Hebraicarum
1407 3689 1781 3753 Qua-stionum

182 3769 417 3824 fecimus
449 3771 832 3844 mentionem).

255 3862 502 3931 Tharsis,
539 3865 678 3921 unde
703 3882 900 3922 aurum
931 3868 1208 3925 Salomon!
1236 3872 1619 3929 deferebatur:
1646 3875 1784 3933 hanc

182 3961 346 4023 putat
372 3954 641 4024 Josepbus
669 3957 896 4013 Tarsum
943 3962 1136 4017 urbem
1186 3979 1308 4020 esse
1337 3966 1566 4022 Ciliciae.
1611 3968 1785 4024 Porro

176 4049 335 4118 juxta
368 4049 621 4104 Ezechiel
651 4054 968 4121 proiihetam
997 4053 1269 4129 Carthago
1307 4059 1560 4114 sentitur.
1599 4061 1782 4131 Siqui-

179 4140 308 4196 dem
336 4139 486 4196 ineo
518 4141 660 4209 loco,
718 4143 809 4200 ubi
857 4147 998 4216 apud
1048 4147 1399 4220 Septuaginta
1456 4153 1784 4224 Interpretes

258 4308 285 4376 ξι
315 4295 431 4376 Yox
458 4318 636 4375 campo
663 4302 716 4357 in
747 4303 968 4376 Regina:
999 4321 1102 4362 ms.
1135 4324 1240 4362 non
1273 4318 1375 4363 est.

255 4368 285 4408 ι)
308 4370 510 4447 Δ(Ιοηινιι
538 4368 817 4447 australem
831 4368 1070 4447 'plagam.
1104 4379 1237 4433 Male
1268 4380 1320 4433 in
1351 4384 1623 4438 veteribus
1653 4384 1770 4439 edi-

1891 3316 2214 3370 dutidecimo
2243 3315 2598 3370 Diocwsarca:
2629 3312 2806 3384 lapide
2842 3309 3153 3367 ostenditur
3181 3317 3374 3364 contra
3403 3320 3491 3360 so-

1892 3407 1956 3464 lis
1987 3418 2187 3463 ortum.

1964 3500 2058 3566 Us,
2107 3499 2252 3555 unde
2297 3493 2396 3554 fuit
2434 3495 2537 3554 Job
2584 3497 2652 3554 de
2707 3498 2932 3564 regione
2974 3491 3232 3557 Ausitidi,
3286 3489 3380 3543 sed
3431 3495 3487 3542 et

1892 3611 2028 3649 unus
2075 3593 2141 3649 de
2194 3595 2428 3664 posteris
2458 3593 2596 3649 Esau
2633 3637 2647 3660 ,
2676 3591 3047 3663 appellabatur
3072 3579 3163 3644 Us.
3195 3585 3216 3659 (
3246 3585 3323 3640 De
3373 3597 3482 3652 quo

1891 3687 1914 3723 ¹¹
1946 3690 1998 3742 in
2039 3685 2192 3742 libris
2225 3683 2609 3755 llebraicarum
2645 3685 3026 3754 Qumslionum
3054 3680 3312 3736 diximus.
3344 3679 3363 3751 )

2321 3779 2409 3834 DE
2449 3777 2657 3834 LIBRO
2695 3775 3012 3833 JUDICUM.

1959 3869 2070 3941 Xil,
2096 3876 2147 3930 in
2179 3874 2322 3929 tribu
2344 3865 2505 3928 Juda.

2473 3966 2558 4020 DE
2596 3962 2865 4020 GENESI.

1959 4061 2246 4130 Zaphoitn.
2283 4060 2434 4129 regio
2454 4058 2628 4113 Edom
2664 4056 2995 4127 principum,
3053 4052 3110 4106 in
3169 4061 3310 4105 terra
3362 4066 3482 4121 qua:

1890 4163 2033 4209 nhnc
2068 4157 2296 4209 vocatur
2322 4149 2618 4206 Gebalena.
2829 4137 2834 4140 ’

1887 4317 2000 4386 ejus
2008 4313 2221 4390 insigne
2240 4320 2578 4390 monstratur:
2661 4378 2682 4390 ﬁ
2775 4379 2785 4390 ο
2922 4383 2933 4390 _
2971 4373 3027 4390 η,
3102 4375 3111 4386 _
3199 4389 3202 4390 ν
3276 4375 3288 4386 ο
3354 4376 3414 4390 Δ,

1955 4395 1978 4420 θ
2008 4373 2224 4446 Verius,
2259 4385 2510 4450 inquiunt
2542 4378 2856 4450 |30nfrerius
2883 4383 2940 4430 et
2969 4373 3237 4450 Clericus,
3269 4375 3323 4429 in
3348 4376 3485 4450 tribu

185 4439 426 4524 tionibus
454 4444 590 4524 et‘in
613 4447 819 4516 aliquot
844 4439 976 4502 inss.
1008 4449 1613 4524 c_odicibns_posueruui
1645 4457 1778 4508 occi—
1805 4461 1858 4522 Ι)
1891 4454 2159 4524 Ephratm.
2194 4439 2355 4509 Certe
2380 4454 2430 4508 in
2467 4451 2565 4507 hac
2593 4449 2736 4505 tribu
2766 4451 2833 4503 ab
2857 4450 2982 4524 ipso
3010 4445 3247 4502 Eusebio
3269 4463 3332 4501 ac
3363 4448 3490 4502 Ilie-

183 4513 442 4570 dentlem
467 4513 826 4587 plagam—pro
846 4521 1065 4574 australi
1087 4538 1108 4587 ;
1135 4535 1257 4574 nam
1281 4513 1520 4579 T'balcha
1549 4527 1602 4580 in
1630 4526 1781 4582 Cra:-

182 4605 251 4642 cn
278 4587 478 4640 dicitur
510 4603 632 4642 esse
659 4589 712 4663 in
752 4588 1004 4654 Daroma,
1037 4609 1156 4662 quae
1203 4595 1352 4663 regio
1382 4606 1490 4650 tota
1522 4600 1782 4652 australis

183 4669 300 4722 est;
332 4673 625 4740 vocemque
655 4659 851 4740 Darem
878 4659 1071 4740 saepius
1094 4659 1486 4740 interpretatin-
1510 4668 1782 4740 Hierony-

184 4744 308 4784 mus
335 4731 615 4810 austrplfrn
648 4729 873 4810 plagam.
903 4729 1171 4810 Caeterum
1207 4729 1400 4791 nomen
1435 4737 1631 4793 Talcha
1657 4729 1784 4810 leéi-

184 4810 274 4856 tur
303 4802 443 4868 apud
472 4799 637 4866 LXX,
670 4799 834 4858 Joiue
863 4819 980 4871 χιι,
1013 4805 1065 4860 7.
1103 4807 1373 4863 Mantum.

258 4901 332 4912 —-
360 4872 554 4952 Noster
587 4891 700 4952 ms.
721 4887 900 4952 contra
925 4879 1234 4952 orientalem
1284 4879 1526 4952 plagam;
1570 4883 1622 4937 in
1656 4883 1783 4939 aliis

187 4956 242 4998 ut
305 4952 362 4999 et
404 4943 456 4996 in
497 4947 732 5015 antiquis
807 4947 1182 5012 editionibus,
1238 4943 1445 5006 invenit
1507 4943 1778 5009 Martian.

186 5025 366 5069 contra
395 5017 782 5099 occidentalem.
817 5017 1015 5099 verum
1050 5021 1194 5099 quod
1228 5024 1612 5099 ait‘Eusehius
1635 5029 1684 5080 ὲν
1709 5035 1783 5099 τῷ

185 5093 433 5164 Δαρωμᾷ,
456 5089 808 5166 meridianam
827 5092 942 5147 sive
957 5089 1248 5148 australem
1272 5095 1478 5166 plagam
1498 5089 1784 5165 designare

186 5159 294 5213 no'n
321 5159 406 5214 est
429 5159 516 5226 qui
546 5163 776 5231 ignoret.

263 5241 284 5266 ε
317 5231 594 5309 llaetenns
636 5231 770 5309 editi
817 5233 1050 5309 li_bri_ad
1103 5239 1328 5309 monstri
1378 5240 1547 5294 instar
1603 5241 1788 5309 legunt

187 5304 550 5378 eamea-gap},
573 5312 628 5358 et
657 5305 708 5378 in
749 5304 938 5358 Latino
965 5305 1310 5362 Martiann'us
1340 5309 1630 5364 Tltumnat/i
1657 5304 1782 5366 ian—

187 5373 322 5453 irini,
357 5373 1282 5453 LXX7przlderttttI_Gapniaaapdz.
1331 5378 1494 5436 Josue
1524 5399 1636 5444 XIX,
1691 5385 1781 5438 ιο.

188 5445 449 5500 Hebraeus
475 5452 790 5505 marum.
845 5445 1480 5506 Eusebiantt'm"textum
1530 5455 1786 5510 emendat

133 5528 140 5535 '
188 5515 360 5570 Vatic.
398 5533 501 5573 ms.
534 5518 1014 5588 llieronymiauum
1046 5521 1302 5590 supplent
1327 5523 1434 5579 duo
1460 5524 1659 5588 Latini,
1682 5527 1786 5582 He-

185 5590 342 5657 ginac,
380 5604 443 5642 ae
472 5598 676 5643 noster.

255 5658 280 5738 (³
315 5659 815 5738 lmmo_lucnlente_r
844 5661 944 5738 sub
977 5662 1192 5718 nomine
1217 5664 1378 5738 Gaas,
1406 5668 1457 5720 in
1489 5670 1662 5738 cujus,
1709 5671 1787 5722 in-

185 5732 320 5805 quit,
345 5733 532 5802 montis
556 5735 944 5805 septentrionali
970 5747 1115 5802 parte
1132 5737 1361 5800 sepultus
1384 5751 1456 5792 est
1473 5732 1628 5791 latius
1648 5740 1786 5805 ﬁlius

187 5799 238 5856 Ν
244 5819 358 5870 are,
386 5799 435 5856 et
460 5799 622 5873 usque
649 5801 802 5858 hodie
815 5799 976 5876 juxta
1005 5809 1165 5862 vicum
1189 5799 1475 5866 Thamnam
1496 5799 1790 5882 sepulcrum

1887 4520 2113 4599 ronymo
2133 4525 2368 4599 ponitur
2407 4538 2582 4587 nions,
2630 4520 3039 4599 quem_dud_nut
3091 4531 3492 4599 commemora-

1885 4592 2082 4660 vini'us.
2116 4596 2278 4662 Guar,
2309 4597 2363 4647 in
2387 4599 2537 4667 cujus
2576 4592 2962 4664 septentrionali
2979 4601 3123 4663 parte
3153 4593 3385 4662 sepultus
3414 4599 3490 4645 est

1883 4670 1916 4723 Ι
1923 4686 2059 4725 esus.

1963 4741 1980 4778 ί
2011 4737 2077 4794 In
2103 4737 2248 4794 libris
2285 4735 2657 4791 Ilebraicarum
2701 4735 3075 4802 Qua-'stionum.
3122 4731 3368 4787 Diximus
3399 4747 3489 4786 su-

1887 4827 1980 4882 pra
2023 4810 2362 4882 Quzestiones
2410 4807 2706 4882 l-lebraicas
2753 4805 3090 4876 Hieronymi,
3143 4815 3345 4882 praeter
3393 4817 3488 4859 eas

1887 4875 2008 4954 qua:
2033 4875 2158 4935 sunt
2182 4882 2236 4933 in
2259 4879 2543 4954 Genesim,
2575 4891 2703 4954 non
2733 4875 3044 4954 superesse.
3096 4875 3410 4954 Jun-rma.

1959 4965 1984 5001 ις
2026 4954 2300 5008 Fortassis
2339 4952 2477 5006 unde
2519 4945 2933 5006 reseribcndum
2993 4962 3057 4998 cx
3096 4945 3330 4999 Eusebio
3377 4953 3484 4998 est.

1886 5025 2088 5081 Contra
2121 5026 2170 5078 in
2185 5023 2396 5079 Grmco’
2417 5023 2688 5100 ιιτρἊσςξφ
2703 5021 2885 5100 malim
2902 5036 2966 5072 ex
2981 5017 3316 5100 llicronynlu
3335 5016 3384 5068 Ἀ
3395 5019 3488 5083 σὰ,

1888 5101 1991 5151 Asa
2015 5114 2032 5150 :
2065 5098 2234 5149 lilium
2271 5085 2463 5163 nempe
2490 5085 2680 5152 David:
2711 5093 2798 5157 qui
2858 5089 3102 5159 regnavit
3144 5088 3200 5163 in
3251 5085 3485 5163 [harsm

1889 5170 2008 5224 Vid.
2037 5167 2104 5222 Ill
2134 5168 2339 5236 [legum
2371 5154 2462 5226 x'v,
2486 5167 2542 5230 2,
2577 5177 2629 5220 et
2658 5165 2700 5220 ll
2728 5154 2960 5236 Paralip.
2996 5175 3104 5227 XI“,
3138 5157 3222 5213 15.
3256 5154 3483 5236 Donfre-

1890 5243 2002 5294 rius
2025 5232 2240 5310 qucque
2265 5240 2400 5293 Ἀσᾶ
2449 5238 2600 5309 legit,
2649 5236 2744 5291 sed
2777 5252 2842 5310 ex
2874 5235 3119 5310 ingenio,
3148 5239 3202 5283 ut
3229 5232 3492 5310 pleraque

1889 5314 1994 5367 alia
2023 5300 2327 5380 {quodque
2383 5300 2554 5387 magis
2602 5300 3018 5387 improbatidnln
3074 5314 3152 5387 ist
3189 5344 3200 5363 ,
3261 5300 3495 5387 L'cct'ore

1891 5375 2185 5451 numquam
2208 5375 2506 5435 alimonio.
2545 5380 2783 5448 Denique
2812 5394 2880 5452 ex
2902 5375 3072 5452 Vatic.
3111 5375 3380 5447 Σαμαρέων
3413 5384 3492 5452 ie-

1888 5447 2186 5519 stituimus,
2223 5463 2317 5522 pro
2339 5467 2446 5523 quo
2478 5447 2770 5526 Σαμαρείὼν
2797 5449 2976 5503 minus
3009 5447 3146 5498 bene
3165 5455 3326 5497 antea
3345 5447 3488 5496 scri-

1889 5528 2254 5651 mhilmlliirlibris
2300 5595 2674 5648 Hebraicarnm
2705 5589 3082 5656 Quaslionum.
3115 5585 3251 5640 Vide
3292 5599 3488 5656 conse—

1887 5683 2122 5740 quenter
2152 5668 2345 5740 librum
2377 5654 2764 5740 llebraiCarum
2805 5654 3488 5740 QuaestionumninnGene-

1889 5728 2014 5808 sim,
2033 5739 2119 5796 tibi
2152 5741 2217 5794 de
2252 5737 2347 5807 Ur,
2373 5735 2702 5804 Ultimmatts,
2727 5744 2778 5788 et
2812 5730 2886 5787 Us
2909 5730 3151 5800 disputat
3173 5728 3231 5784 S.
3263 5728 3486 5784 Doctor.

1892 5813 2160 5869 MARTIAN.
