4014 6298
542 249 648 306 927
1796 248 1857 304 S.
1896 245 2170 305 EUSEBII
2201 246 2584 305 [IIERONYMI
3768 247 3871 305 928

726 364 816 421 DE
855 363 1166 421 NUMERIS
1209 364 1299 420 ET
1341 362 1905 422 DEUTERONEMIO.
2164 368 2219 427 Α
2243 374 2327 420 est
2354 364 2546 419 David.
2578 364 2705 420 Fuit
2734 373 2915 421 autem
2958 365 3131 421 tribus
3155 364 3313 421 Iudae
3345 364 3403 421 in
3443 365 3694 422 Daroma
3723 366 3779 423 in
3813 365 3873 421 ﬁo

1107 519 1119 530 ,
1297 520 1310 530 _
1624 522 1635 530 _
1752 522 1764 530 _
1877 523 1888 530 _
2241 456 2944 527 nibusEleutheropoleos.

614 519 802 586 Zoob,
836 519 1032 574 civitas
1092 519 1541 577 Amorrhrcorum
1593 522 1695 577 sita
1752 522 1805 577 in
1863 523 2083 577 Arnone
2125 540 2137 575 :
2420 524 2423 525 ⁷
2645 519 2979 608 ηείλθῃιε
3008 551 3417 610 ῃΕοΝοῃυΜ,

542 611 613 668 de
643 628 746 680 qua
775 612 1037 681 scriptum
1070 624 1174 668 est.
1204 615 1367 686 290
1397 614 1685 685 Propterea
1713 616 1902 668 dicitur
1932 616 1983 669 in
2012 615 2141 670 libro

544 704 814 759 Bellorum
844 702 1061 759 Domini
1089 723 1101 759 :
1133 705 1276 761 Zoob
1320 708 1664 777 inﬂammavit
1694 717 1739 762 et
1768 718 2018 765 torrentes
2046 712 2145 763 Ar-

545 814 649 853 non
682 798 874 872 (Num.
910 816 1021 866 XXI,
1056 801 1144 867 Η,
1175 806 1317 873 apud
1346 801 1531 874 LXX).

617 892 931 963 Zephroua,
962 887 1238 950 terminus
1267 894 1598 969 Judaeae(Al.
1632 897 1893 970 Judw)ad
1923 910 2145 971 septen-

545 988 805 1042 trioncm.

620 1080 817 1151 Zarcd,
850 1092 873 1120 α
905 1084 1061 1140 vallis
1090 1084 1263 1141 Zared
1298 1086 1347 1140 in
1381 1096 1533 1157 parte
1562 1087 1789 1145 deserti.

2314 647 2447 717 Ziph
2469 688 2483 713 ,
2534 662 2693 702 mons
2738 646 3056 717 squalidus,
3100 647 3180 701 vel
3210 647 3495 718 caligans,
3530 648 3657 705 sive
3689 649 3865 705 nebu-

2243 739 2413 805 losus,
2444 741 2598 811 juxta
2632 741 2786 811 Ziph,
2819 743 2870 795 in
2901 756 3013 811 quo
3060 740 3198 796 sedit
3242 740 3415 795 David
3464 756 3646 812 prope
3691 740 3865 798 Cher-

2247 834 2445 889 melam
2466 876 2479 899 ,
2510 850 2629 904 qua:
2675 834 2728 888 in
2775 834 3077 903 Scripturis
3102 834 3312 890 sanctis
3355 832 3653 890 Carmelus
3681 838 3865 907 appel-

2246 928 2420 994 latur,
2479 928 2631 982 vicus
2685 926 2849 983 hodie
2917 926 3277 994 Iudaeorum,
3329 927 3475 982 unde
3524 926 3632 982 fuit
3696 928 3862 985 Nabal

2248 1020 2577 1077 Carmelius.
2610 1021 2717 1079 Sed
2757 1030 2813 1076 et
2845 1036 2984 1075 unus
3013 1020 3081 1076 de
3110 1022 3352 1091 posteris
3383 1020 3552 1078 Calcb
3576 1022 3767 1079 dictus
3791 1035 3861 1080 est

2250 1114 2406 1183 Zipb.
2438 1115 2579 1185 Lege
2609 1114 3065 1185 Paralipomenon
3100 1114 3140 1184 (l
3173 1112 3361 1169 Paral.
3387 1132 3424 1170 ιι
3448 1160 3461 1181 ,
3496 1116 3614 1189 4Ξ).

1095 1246 1184 1301 DE
1208 1246 1411 1303 LIBRO
1435 1248 1618 1305 Πίθυ-
2322 1209 2553 1279 Zogora,
2591 1209 2644 1263 in
2670 1208 2913 1305 Jeremiua
2945 1208 3140 1305 civitas
3168 1209 3531 1305 Moabitarum
3569 1228 3580 1264 :
3616 1210 3743 1305 haec
3787 1224 3858 1267 est

1607 1292 1618 1302 ’
2253 1316 2372 1371 qua:
2402 1318 2546 1357 nunc
2592 1313 2818 1359 vocatur
2863 1302 3058 1367 Zoara,
3088 1301 3207 1358 sive
3237 1302 3430 1373 Segor,
3462 1318 3567 1359 una
3598 1304 3670 1360 de
3713 1306 3858 1375 quin-

623 1383 769 1453 Zeph
790 1426 802 1445 .
834 1384 886 1438 in
922 1383 1068 1439 tribu
1104 1385 1265 1441 Juda.
2255 1410 2361 1467 que
2390 1396 2700 1451 civitatibus
2731 1396 3115 1452 Sodomorum.

625 1474 957 1543 Zannobua,
1006 1478 1057 1532 in
1090 1480 1238 1534 tribu
1270 1480 1428 1549 Juda,
1468 1498 1640 1552 usque
1671 1485 1837 1541 hodie
1867 1486 1925 1541 in
1957 1488 2157 1545 ﬁnibus
2328 1490 2457 1557 Zeb,
2491 1491 2683 1545 civitas
2729 1492 2999 1557 Amman,
3033 1490 3310 1560 hodieque
3361 1492 3485 1546 villa
3532 1492 3624 1547 lia
3675 1500 3858 1547 osten-

553 1565 1055 1640 Eleutheropoleos
1106 1574 1459 1643 pergentibus
1512 1574 1750 1645 (Eliam,
1799 1579 1925 1634 villa
1970 1580 2153 1637 Zanua
2258 1585 2405 1639 ditur
2438 1586 2488 1639 in
2538 1584 2947 1655 quintodecimo
2978 1583 3161 1655 lapide
3216 1584 3627 1657 Pbiladelphim,
3664 1596 3859 1642 contra

553 1674 920 1732 nuncupatur.
2260 1676 2618 1733 Occidentem
2640 1721 2654 1742 ,
2684 1677 2753 1733 de
2776 1693 2880 1748 qua
2910 1677 3105 1732 scribit
3127 1677 3412 1734 Jeremias.

628 1756 743 1825 Zib,
772 1760 822 1813 in
848 1770 1045 1816 octavo
1073 1762 1330 1818 milliario
1347 1764 1604 1821 Chebron
1628 1777 1822 1823 contra
1848 1769 2151 1838 Orientem,
2184 1777 2230 1837 Β
2304 1771 2556 1843 ,ΖοεΙθιΙι
2578 1814 2593 1839 ,
2630 1788 2829 1827 nomen
2862 1772 3056 1841 lapidis
3082 1813 3098 1840 ,
3147 1772 3231 1829 ubi
3275 1772 3502 1828 Adonias
3538 1772 3865 1830 immolavit

556 1868 733 1925 usque
763 1854 813 1909 iu
843 1871 1085 1926 przesens
1130 1858 1282 1913 vicus
1309 1860 1659 1927 ostenditur,
1688 1862 1781 1918 ubi
1815 1864 2173 1922 absconditus
2278 1866 2529 1922 victimas
2553 1867 2704 1937 juxta
2736 1866 2941 1921 fontem
2972 1865 2998 1905 ι)
3034 1866 3229 1937 Rogel.

627 2021 651 2049 α
676 2012 951 2098 [Emendat
982 2030 1135 2072 meus
1165 2033 1267 2073 ms.
1311 2018 1451 2075 liber
1480 2022 1650 2089 vallis,
1685 2038 1783 2095 pro
1822 2040 1929 2096 quo
1961 2026 2155 2084 vitiose
2262 2026 2492 2081 Nomina
2529 2028 2817 2095 regionum.
2843 2036 2997 2097 atque
3027 2028 3261 2081 locorum
3288 2027 3349 2081 de
3384 2026 3586 2080 Actibus
3630 2027 3865 2095 Aposto-

555 2083 805 2169 Μῆτιξξηξ·
840 2087 985 2169 villa.
1025 2168 1029 2169 ν
1398 2163 1432 2169 __
1840 2083 1855 2096 ³
2045 2083 2048 2084 ν
2260 2100 2464 2161 lorum.
2508 2083 2611 2152 non
2650 2116 2683 2151 a
2721 2083 3081 2169 Hieronymo,
3123 2099 3213 2152 sed
3254 2099 3316 2152 ab
3364 2099 3468 2151 alio
3507 2083 3733 2166 quodam
3770 2099 3870 2169 rde-

585 2153 655 2238 ,δ
698 2155 1038 2242 §ubnectunt
1087 2169 1302 2217 veteres
1347 2163 1591 2242 editores
1636 2168 1848 2242 Erasm.
1882 2183 1945 2242 ac
1972 2170 2157 2226 Victo-
2261 2153 2476 2242 scripto.
2524 2170 2591 2225 Et
2619 2170 2779 2225 Bedar
2807 2153 3129 2241 quidemfin
3160 2174 3318 2237 cujus
3349 2153 3566 2240 quoque
3608 2168 3868 2240 operibus

554 2228 669 2310 rius
702 2228 943 2309 libellum
977 2230 1233 2287 Locorum
1272 2252 1333 2289 ea:
1371 2236 1532 2314 Actis,
1581 2254 1741 2314 quem
1788 2240 1840 2294 in
1892 2240 2157 2314 Hieronyf
2266 2228 2564 2309 invenitur,
2616 2228 3119 2314 ascribu'uteruditi
3153 2228 3290 2305 viri,
3331 2228 3422 2309 q'ui
3455 2228 3678 2310 dignum
3725 2242 3868 2314 lectu

556 2314 752 2386 munus
789 2317 1185 2386 quoquenmss.
1240 2309 1442 2375 passim
1494 2309 1741 2365 invenire
1792 2320 1877 2367 cst
1922 2314 2009 2368 hic
2055 2309 2161 2386 loci
2264 2330 2402 2381 opus
2428 2330 2552 2386 esse
2582 2314 2851 2386 judicant.
2883 2313 3223 2386 Martiarnzeus
3269 2309 3695 2386 totumptnttino
3727 2312 3865 2382 reje-

558 2371 943 2457 subjunctum‘:
979 2371 1369 2457 llieronytnum
1404 2390 1584 2435 tamen
1609 2394 1891 2457 auctorem
1925 2401 2030 2439 non
2064 2385 2158 2439 ha-
2265 2371 2333 2440 cit
2367 2406 2377 2438 :
2408 2402 2505 2439 nos
2536 2371 2599 2439 in'
2624 2385 2849 2454 hujusce
2872 2386 3029 2441 Tomi
3052 2384 3371 2457 Appendice
3398 2384 3466 2440 ad
3490 2398 3626 2440 mss.
3656 2371 3870 2456 quoque

559 2443 711 2507 bere,
742 2456 1085 2516 compertum
1123 2443 1227 2505 esi.
1254 2449 1320 2519 plu
1344 2465 1447 2506 ms.
1484 2464 1674 2510 nostro
1700 2456 1775 2510 ita
1818 2456 2157 2523 inscribitur,
2265 2457 2483 2513 codices
2513 2443 2942 2513 recensebimus.

566 2595 1147 2626 _—_——-

992 2754 1071 2815 lN
1112 2754 1761 2830 CONSEQUENTEM
1805 2757 2447 2823 GEOGRAPHICAM
2494 2760 2881 2824 TABULAM
2928 2758 3425 2822 PALIESTINJE
3488 2772 3495 2777 '

1886 2927 1959 2997 A
1974 2928 2536 3002 DMONITIO.

638 3238 891 3296 Perlccto
935 3239 1273 3312 Hieronymi,
1318 3245 1433 3301 sive
1466 3245 1689 3304 Eusebii
1731 3248 1797 3303 de
1823 3249 2127 3306 Palmstinm
2157 3252 2386 3308 urbibus
2416 3261 2471 3308 et
2499 3252 2631 3308 vicis
2659 3250 2819 3317 libro,
2855 3252 2993 3308 nihil
3035 3250 3246 3317 utilius,
3298 3251 3548 3323 nihilque
3596 3252 3664 3308 ad
3692 3268 3872 3310 eorum

568 3344 807 3387 mentem
838 3333 1006 3403 probe
1041 3333 1410 3403 retinendam,
1441 3338 1784 3410 fructumque
1810 3359 1872 3397 ex
1910 3342 1978 3399 iis
2013 3344 2257 3399 debitum
2287 3345 2430 3400 lectu
2460 3344 2901 3415 percipiendum,
2949 3344 3326 3399 necessarium
3372 3355 3459 3398 est
3488 3346 3689 3414 magis,
3723 3360 3875 3413 quam

569 3426 950 3498 Geograpbica
976 3427 1171 3497 Mappa
1199 3429 1367 3484 totius
1393 3439 1758 3503 terrae,quam
1784 3434 2125 3503 describunt,
2151 3436 2291 3491 situs
2320 3446 2375 3491 et
2409 3438 2527 3490 loca
2556 3438 2621 3491 ad
2650 3452 2709 3491 se
2732 3436 2964 3491 invicem
2991 3450 3101 3490 uno
3123 3446 3420 3505 conspectu
3445 3445 3872 3505 repraesentare:

567 3537 691 3592 qua:
724 3522 895 3577 veluti
924 3521 1317 3578 Commentarii
1350 3524 1520 3580 vicem
1552 3528 1828 3599 suppleat,
1860 3528 2029 3584 immo
2054 3530 2207 3601 cujus
2238 3545 2373 3602 0pc,
2407 3529 2551 3601 quod
2583 3530 2809 3599 prolixis
2838 3528 3261 3585 Commentariis
3290 3544 3433 3600 aegre
3463 3529 3760 3587 admodum
3787 3530 3879 3584 ob-

512 3644 517 3649 ι
572 3618 772 3686 tineas,
799 3627 1155 3689 percurrente
1186 3618 1451 3689 picturam
1475 3623 1636 3679 oculo
1653 3625 2031 3695 consequaris.

1660 3766 1881 3827 Segnius
1905 3760 2113 3816 irritant
2126 3770 2313 3817 animos
2329 3768 2541 3817 demissa
2568 3779 2657 3829 per
2683 3778 2848 3823 aures,

1662 3829 1816 3893 Quam
1840 3842 1952 3893 qua:
1976 3836 2089 3879 sunt
2110 3830 2265 3879 oculis
2288 3830 2511 3893 subjecta
2536 3829 2786 3889 ﬁdelibus,
2816 3838 2869 3879 et
2891 3840 3003 3891 quae

1667 3890 1780 3954 ipse
1804 3890 1901 3942 sibi
1924 3890 2391 3955 traditspectator.‘
2469 3931 2479 3940 .
2580 3930 2592 3941 .
2695 3928 2705 3939 .
2814 3930 2823 3940 .
2914 3890 2935 3938 “.

2452 3957 2575 4005 Ηον.
2602 3955 2665 4003 de
2682 3957 2803 4004 Arte
2826 3952 3013 4004 Poetic.
3036 3964 3080 4002 v.
3112 3951 3199 4001 180
3214 3957 3258 4001 et
3281 3962 3413 4014 seqq.

578 4102 779 4159 Verum
807 4104 851 4159 si
882 4103 951 4159 ad
984 4105 1183 4160 horum
1218 4106 1384 4160 modo
1415 4105 1635 4161 Patrum
1668 4107 2003 4163 documenta
2032 4107 2299 4162 Tabulam
2326 4106 2661 4161 adumbrare
2692 4115 2969 4176 oporteat,
3023 4106 3262 4176 solisque
3307 4120 3502 4160 eorum
3535 4105 3611 4160 sit
3641 4104 3877 4173 veStigiis

577 4194 939 4252 insistendum
961 4241 975 4263 ,
1021 4198 1108 4253 vix
1142 4199 1571 4270 uniuscujusque
1607 4200 1847 4271 regionis
1871 4202 2100 4256 seorsim
2131 4201 2332 4255 multas
2363 4200 2650 4255 describas
2671 4243 2685 4266 ,
2726 4216 2889 4255 uuam
2922 4216 3042 4271 qua:
3071 4199 3231 4254 simul
3260 4198 3575 4254 universam
3620 4201 3670 4253 ἐν
3695 4213 3879 4276 γραφῆς

578 4289 747 4359 τύπῳ,
774 4299 830 4342 ιιι
858 4288 1124 4345 Eusebius
1152 4290 1426 4361 loquitur,
1459 4290 1806 4346 Palatstinam
1838 4292 2115 4357 exhibeat,
2146 4308 2213 4347 ue
2243 4291 2327 4345 vix
2359 4292 2600 4362 quidem.
2634 4290 2766 4346 Nam
2806 4292 2952 4361 quod
2982 4292 3051 4347 cl.
3086 4290 3332 4345 Relaudo
3375 4291 3585 4361 pridem
3627 4292 3881 4345 observa-

578 4387 694 4432 tum
726 4390 831 4443 est,
868 4382 1152 4450 Eusebius,
1197 4385 1426 4458 ejusque
1459 4388 1731 4457 interpres
1760 4383 2146 4459 Hieronymus,
2182 4387 2234 4441 in
2266 4402 2589 4457 unaquaque
2623 4387 2845 4457 regione
2874 4395 3034 4440 terrzc
3060 4385 3377 4440 Israeliticae
3410 4384 3699 4439 intervalla
3741 4384 3880 4438 loco-

579 4486 701 4527 rum
724 4473 792 4526 ab
821 4474 954 4529 urbe
976 4477 1121 4533 illius
1149 4480 1389 4549 regionis
1419 4481 1689 4550 praecipua
1714 4480 1982 4534 deﬁniunt
2010 4498 2021 4533 :
2053 4480 2227 4550 ipsam
2260 4496 2391 4535 vero
2419 4480 2643 4545 urbem,
2678 4495 2789 4549 quo
2816 4482 2934 4533 loco
2960 4479 3064 4532 sita
3096 4480 3187 4542 sit,
3218 4478 3407 4533 dicere
3439 4477 3878 4546 prxctermittunt.

578 4566 846 4635 Exemplo
885 4568 975 4633 sit,
1009 4570 1152 4640 quod
1182 4572 1249 4626 ab
1278 4572 1689 4643 Eleutheropoli
1719 4572 2017 4628 metiuntur
2058 4572 2341 4642 plusquam
2373 4572 2559 4642 viginti
2601 4572 2849 4625 locorum
2878 4570 3065 4631 situm,
3105 4569 3219 4638 ipsa
3252 4583 3384 4623 vero
3413 4567 3881 4636 Eleuthempolis,

582 4670 770 4730 utpote
802 4676 921 4730 qua:
964 4661 1016 4717 in
1059 4662 1358 4734 Scripturis
1392 4681 1497 4720 non
1527 4676 1901 4732 memoratur,
1934 4682 2094 4735 quem
2126 4676 2357 4723 tractum
2391 4674 2641 4735 occupet,
2674 4680 2937 4733 nusquam
2967 4663 3187 4719 docent.
3222 4662 3367 4717 Idem
3408 4662 3477 4717 de
3514 4660 3747 4732 reliquis
3777 4660 3884 4717 fere

584 4753 813 4808 urbibus
838 4770 936 4809 usu
974 4754 1140 4822 venit,
1181 4773 1316 4826 quas
1361 4759 1415 4813 in
1443 4758 1653 4829 Judaea,
1685 4774 1713 4813 a
1757 4760 2005 4831 Nicopoli
2036 4760 2419 4825 dimetiuntur,
2452 4760 2534 4814 vel
2583 4758 2822 4828 Diospoi
2856 4776 2868 4812 :
2918 4758 2970 4811 iu
3019 4756 3367 4822 Satnaritide,
3402 4771 3432 4810 a
3459 4755 3686 4824 Neapoli
3716 4766 3770 4810 et
3792 4754 3883 4811 Se-

583 4847 737 4905 baste
768 4867 780 4902 :
812 4850 865 4903 in
894 4848 1140 4913 Galilaea,
1168 4866 1195 4903 a
1226 4852 1564 4909 Diocaesarca
1593 4863 1650 4909 et
1678 4853 1921 4923 Legione
1952 4872 1964 4907 :
2000 4853 2241 4923 denique
2272 4863 2420 4907 trans
2441 4850 2734 4905 Jordanem
2757 4892 2770 4916 ,
2801 4866 2827 4902 a
2861 4850 3009 4903 Pella
3039 4860 3095 4904 et
3124 4847 3526 4916 Philadelphia.
3556 4846 3766 4917 Nempe
3794 4860 3882 4899 su-

584 4956 972 5011 pervacaneam
1004 4944 1277 4999 duxerunt
1323 4960 1446 5001 esse
1492 4960 1738 5015 operam,
1794 4945 2080 5014 primarias
2128 4959 2221 4999 eas
2260 4943 2455 5005 urbes,
2490 4944 2714 5012 suisque
2757 4941 3090 5010 temporibus
3118 4940 3281 5009 longe
3315 4938 3655 5001 notissimas,
3698 4937 3883 5006 quibus

582 5039 914 5095 haberentur
938 5041 1233 5108 distantiis,
1265 5043 1592 5111 designare:
1625 5057 1828 5110 easilue
1856 5041 1993 5096 adeo
2025 5040 2107 5095 vel
2156 5039 2377 5093 omnino
2420 5037 2785 5104 dissimulant,
2826 5036 2910 5091 vel
2953 5037 3123 5095 πόλεις
3148 5038 3457 5107 ἐπισήμους,
3489 5035 3643 5087 urbes
3670 5033 3882 5094 nobiles,

582 5135 794 5191 dixisse
819 5137 1058 5190 contenti
1086 5145 1230 5189 sunt.
1263 5136 1415 5190 Nunc
1447 5151 1575 5190 vero
1619 5137 1837 5205 quando
1868 5136 2077 5192 nobiles
2104 5150 2230 5190 esse
2264 5134 2579 5197 desierunt,
2625 5132 2739 5187 suis
2763 5148 3002 5201 quasque
3030 5132 3211 5185 locare
3236 5130 3483 5197 sedibus,
3522 5130 3709 5185 babito
3740 5129 3804 5183 ad
3831 5143 3884 5182 se

584 5230 817 5295 invicem
848 5237 1120 5298 respectu,
1154 5229 1196 5281 si
1226 5242 1414 5282 eorum
1449 5238 1651 5283 tantum
1677 5229 1889 5284 indiciis
1923 5232 2166 5295 nitimur,
2198 5243 2305 5282 non
2336 5236 2420 5282 est
2447 5226 2781 5297 expeditum.

657 5322 904 5377 Alterum
936 5320 1150 5376 accedit
1179 5321 1303 5375 huic
1337 5320 1939 5385 maloLincommodum,
1980 5320 2121 5391 quod
2156 5321 2511 5389 ipsarnmmet
2540 5318 2779 5383 urbium,
2819 5332 2956 5387 quas
2981 5332 3010 5370 a
3043 5315 3314 5386 prmcipua
3350 5316 3781 5387 uniuscujusque
3808 5330 3885 5368 rr-

586 5411 766 5480 gionis
797 5410 1034 5467 deducto
1063 5409 1353 5466 intervallo
1382 5409 1570 5463 Patres
1600 5410 1890 5475 collocant,
1938 5427 2043 5464 non
2086 5426 2258 5479 usque
2295 5411 2432 5465 adeo
2472 5409 2703 5479 diligens
2733 5410 2939 5464 notatio
2963 5409 3034 5463 sit
3064 5416 3318 5475 respectu
3350 5408 3631 5479 plagarum
3678 5406 3884 5469 mundi,

585 5520 710 5560 cum
742 5518 979 5576 quatuor
1006 5505 1292 5561 dumtaxat
1317 5503 1629 5575 vulgaribus
1656 5503 1761 5557 illis
1805 5504 1963 5569 Ortu,
2013 5501 2242 5566 Occasu,
2288 5504 2696 5573 Septentrioue,
2742 5513 2795 5556 et
2825 5501 3047 5556 Meridie
3075 5510 3331 5567 utantur,
3379 5501 3621 5569 reliquas
3668 5501 3887 5571 singulis

586 5602 739 5657 hisce
782 5600 1137 5656 intermedias
1167 5599 1463 5671 negligant.
1494 5595 1714 5651 Minime
1741 5606 1922 5649 autem
1957 5596 2219 5650 credibile
2253 5597 2333 5664 tit,
2378 5611 2571 5651 omnes
2602 5595 2770 5650 urbes
2806 5594 3039 5649 Eusebio
3082 5602 3410 5648 memoratas
3442 5601 3593 5648 recta
3624 5609 3743 5648 eam
3777 5592 3885 5662 pla-

584 5710 707 5763 gam
736 5695 1067 5763 respexisse,
1107 5692 1174 5746 ad
1206 5707 1366 5762 quam
1398 5690 1734 5753 referuntur,
1767 5701 2068 5757 omnesque
2098 5687 2163 5741 ad
2186 5687 2433 5743 eamdem
2463 5688 2628 5742 veluti
2663 5687 2861 5740 lineam
2893 5696 3131 5741 remetas
3159 5683 3323 5737 luisse
3352 5682 3423 5737 ab
3449 5698 3510 5736 ea
3543 5683 3705 5747 urbe,
3752 5680 3887 5735 unde

587 5778 847 5842 distantia
873 5800 1057 5838 earum
1098 5786 1324 5853 petitur.
1358 5772 1500 5840 Nihil
1525 5785 1636 5853 jam
1668 5782 1734 5839 de
1762 5781 1981 5840 caeteris
2010 5781 2152 5847 dico,
2184 5797 2306 5851 qua:
2332 5783 2382 5835 iu
2419 5780 2519 5835 hoc
2567 5780 2894 5849 scriptorum
2943 5780 3055 5849 pari
3094 5774 3371 5831 desiderat
3411 5773 3662 5831 laudatus
3692 5773 3885 5830 Relati-
