4010 6322
116 290 217 348 929
930 283 1372 345 NOTATIONES
1410 280 1500 339 DE
1542 281 1839 354 ALIQUOT
1882 278 2314 338 PALESTINIE
2353 277 2550 337 LOCIS
3303 278 3410 334 930

116 401 226 465 dus,
254 413 315 454 ac
347 400 539 455 multis
567 409 884 472 exaggerat,
931 398 1165 455 fortasse
1196 399 1359 455 etiam
1390 412 1553 467 supra
1584 412 1772 451 verum
1810 414 1821 451 :
1856 396 2035 466 reipsa
2066 397 2210 451 enim
2243 403 2339 449 aut
2377 411 2568 466 parum
2600 394 2809 466 negotii
2846 394 3149 461 facessunt,
3176 405 3271 451 aut
3291 410 3416 451 rcc-

116 493 316 547 tissime
346 509 407 547 se
440 493 663 559 habent,
691 492 1148 563 quemadmodum
1178 492 1232 546 in
1262 490 1480 561 praefixa
1514 490 1643 544 huic
1675 500 1821 543 tomo
1859 488 2185 544 Prmfatione
2214 490 2579 545 ostendimus.
2612 490 2757 546 Satis
2785 506 2851 545 cx
2885 490 2970 545 his
2998 490 3213 548 duobus
3234 533 3249 557 ,
3289 505 3412 560 qua:

114 586 453 653 adduximus,
486 587 679 658 liquet,
710 588 981 642 universa:
1017 585 1323 640 Palmstina:
1349 582 1643 654 imaginem
1690 581 1757 637 ad
1808 582 2027 637 Eusebii
2053 598 2117 637 ac
2146 583 2464 656 llieronynti
2496 585 2774 654 ingenium
2805 598 2869 639 ex
2903 584 3055 641 hisce
3076 600 3266 641 eorum
3299 598 3416 639 mo-

114 680 396 746 nimentis,
426 680 638 735 tametsi
680 680 922 734 omnium
957 679 1117 747 longe
1145 676 1621 742 luculentissimis,
1666 690 1773 729 non
1808 690 1968 744 posse
1994 675 2296 742 delineari;
2337 676 2432 732 sed
2466 676 2715 747 quaedam
2762 693 2989 733 necesse
3018 692 3139 735 esse
3164 679 3313 750 prius
3342 692 3414 733 ex

116 772 340 829 aliorum
373 773 825 845 Geographorum
864 774 1100 827 maxime
1131 782 1378 827 veterum
1416 770 1744 825 auctoritate
1772 770 2129 837 constituere,
2168 769 2369 841 quibus
2398 770 2614 825 demum
2642 769 2781 841 ipsa,
2810 787 2929 842 qua:
2954 772 3006 827 in
3038 772 3244 827 incerto
3275 770 3418 842 apud

114 869 400 926 Eusebium
425 872 541 926 sive
574 870 963 941 llierOnymum
990 868 1225 933 haerent,
1249 878 1585 921 asserantur.

185 966 294 1022 Hoc
322 981 487 1036 porro
515 974 617 1029 est,
650 964 794 1035 quod
824 965 878 1018 in
908 962 1011 1017 hac
1042 962 1375 1017 exstrucnda
1408 960 1601 1030 Mappa
1629 957 1886 1029 supplere
1912 957 2096 1023 debui,
2125 957 2395 1027 siquidem
2426 959 2478 1013 in
2510 969 2763 1030 promptu
2800 967 2919 1014 erat
2944 974 3009 1013 ex
3041 956 3237 1013 alienis
3266 957 3421 1012 testi-

118 1061 306 1119 moniis
332 1061 457 1116 huic
486 1059 845 1131 descriptiuni
874 1059 1154 1129 suppetias
1178 1056 1355 1121 ferre;
1389 1071 1486 1110 nec
1511 1054 1639 1123 erit,
1667 1055 1885 1124 opinor,
1919 1053 2009 1124 qui
2054 1053 2237 1109 studio
2264 1070 2387 1109 meo
2428 1055 2597 1110 veluti
2647 1054 2987 1126 propositum
3022 1062 3421 1123 praetergresso

117 1162 433 1211 succenseat
456 1153 622 1208 homo
666 1167 840 1208 sacra:
880 1150 1239 1221 Geographia:
1270 1148 1521 1217 cupidus,
1551 1148 1808 1217 quoniam
1843 1156 1901 1202 ut
1932 1156 2009 1201 tot
2039 1146 2347 1217 singulares
2380 1148 2591 1205 tabulas
2618 1148 2905 1220 regionum
2932 1148 3313 1203 adumbrarem
3341 1193 3354 1216 ,
3390 1163 3421 1205 a

118 1264 202 1305 me
228 1248 344 1317 ipso
368 1247 666 1317 impetrare
690 1262 798 1300 non
829 1245 1001 1315 potui,
1033 1245 1231 1313 vixque
1253 1241 1412 1295 aliter
1439 1240 1649 1294 fructus
1678 1239 1746 1293 ab
1775 1240 1978 1295 eximio
2006 1240 2111 1294 hoc
2131 1240 2271 1296 libro
2298 1250 2509 1311 poterat
2533 1242 2793 1298 obtineri.
2820 1242 3088 1297 lteccnsui
3110 1252 3290 1297 autem
3315 1282 3331 1309 ,
3358 1255 3424 1296 ac

118 1340 354 1410 disposui
382 1342 497 1394 suis
523 1352 754 1409 quaeque
781 1334 1095 1390 nominibus
1120 1333 1262 1397 loca,
1289 1340 1451 1402 prout
1469 1346 1537 1386 ex
1567 1329 2113 1401 Septuragintavirali
2134 1332 2376 1387 editione
2414 1334 2516 1389 hoc
2538 1334 2678 1389 libro
2706 1334 3090 1403 enuntiantur,
3124 1351 3226 1391 nec
3254 1338 3424 1393 ferme

117 1433 223 1487 alia
252 1430 595 1502 praetermisi,
622 1444 783 1501 quam
812 1445 931 1500 quae
962 1426 1308 1498 appellativae
1330 1466 1345 1491 ,
1391 1434 1452 1479 ut
1491 1434 1713 1493 vocant,
1744 1424 2182 1495 significationis,
2217 1442 2326 1482 non
2358 1430 2591 1499 promite
2619 1441 2767 1497 sunt,
2796 1439 2889 1485 aut
2918 1439 3069 1486 certe
3102 1430 3424 1501 ignobilium

119 1536 247 1583 sunt
268 1525 589 1592 viculornm,
626 1539 746 1593 qua:
775 1522 938 1577 nullis
970 1519 1249 1575 distantiis
1279 1528 1633 1583 ann0tantur,
1667 1526 1722 1573 et
1751 1533 1870 1589 quae
1892 1518 2032 1574 adeo
2062 1520 2233 1575 satius
2262 1533 2382 1576 erat
2414 1523 2763 1592 praeteriisse,
2794 1540 2952 1595 quam
2981 1527 3160 1580 fucum
3193 1527 3428 1582 lectori-

120 1622 222 1676 bus
261 1619 459 1685 facere,
506 1619 550 1673 si
580 1618 745 1673 certis
796 1616 1000 1671 incerta
1044 1616 1425 1670 miscerentur.
1478 1612 1689 1667 Prtesto
1720 1623 1900 1667 autem
1935 1612 2037 1668 fuit
2080 1615 2198 1683 ipse
2241 1616 2601 1689 Hieronymus
2630 1623 2743 1675 suis
2779 1620 2900 1675 aliis
2942 1623 3193 1692 scriptis,
3226 1630 3424 1678 etcum

121 1717 311 1787 primis
338 1717 387 1771 in
410 1715 635 1787 epistola
668 1714 735 1769 ad
766 1713 1108 1778 Dardanum,
1133 1712 1185 1765 in
1216 1720 1402 1765 no.~tra
1432 1708 1755 1764 recensione
1796 1708 1929 1772 129,
1970 1709 2057 1765 ubi
2090 1712 2359 1767 universa:
2396 1714 2758 1782 posseSsionis
2785 1714 3098 1772 Judaeurum
3127 1720 3426 1791 longitudi-

120 1825 243 1865 nem
264 1809 479 1880 quidem
509 1810 731 1864 metitur
758 1824 789 1860 a
813 1805 931 1859 Dan
958 1821 1119 1876 usque
1145 1802 1417 1870 Bersabee,
1442 1819 1559 1871 qua:
1586 1804 1669 1857 via:
1695 1809 1897 1855 centum
1922 1806 2193 1877 sexaginta
2233 1808 2455 1861 millium
2485 1810 2540 1862 in
2572 1810 2781 1880 longum
2803 1812 2973 1881 spatio
2996 1814 3225 1869 tenditur
3249 1832 3267 1869 :
3297 1816 3426 1871 lati-

121 1900 357 1956 tudinem
390 1918 521 1957 vero
552 1920 583 1955 a
610 1899 784 1971 loppe
832 1917 994 1971 usque
1038 1899 1105 1952 ad
1149 1900 1376 1953 viculnm
1406 1896 1669 1952 Bethleem
1695 1898 2038 1969 quadraginta
2064 1916 2156 1954 sea:
2185 1902 2430 1969 millium,
2480 1904 2563 1957 cui
2608 1904 2838 1959 succedit
2883 1908 3175 1962 vastissima
3200 1909 3426 1965 solitudo

117 1998 267 2067 plena
292 1998 547 2068 feracium
579 1995 946 2050 Barbarorum.
979 1994 1153 2049 Licuit
1175 1994 1261 2048 hic
1293 1993 1603 2063 intelligere
1633 1994 1859 2049 totidem
1898 1995 2123 2049 millium
2164 2000 2441 2068 regionem
2481 2012 2673 2055 contra
2711 2002 2991 2059 Orientem
3025 2015 3177 2061 recto
3211 2007 3276 2061 ad
3304 2006 3427 2063 Jor-

116 2092 309 2149 danem
341 2093 589 2155 tramite,
633 2100 846 2161 atqnea
870 2090 1108 2145 Jordane
1136 2088 1203 2143 ad
1242 2087 1521 2153 Chesbon,
1561 2087 1763 2142 Peraea:
1803 2089 2019 2154 urbem,
2053 2090 2196 2157 sive,
2233 2103 2289 2145 ιιι
2319 2091 2556 2147 Eusebio
2606 2095 2806 2163 placet,
2844 2097 2910 2152 ad
2947 2114 3117 2168 usque
3154 2098 3428 2156 Philadcl-

112 2189 325 2258 phiam,
355 2202 476 2258 quae
506 2185 694 2241 decem
722 2199 885 2254 supra
916 2183 1169 2238 Chesbon
1213 2181 1452 2235 millibus
1491 2194 1521 2233 a
1551 2179 1794 2235 Jordane
1835 2183 2276 2251 protendebatur.
2310 2182 2444 2238 Nam
2473 2194 2529 2240 et
2559 2186 2604 2241 si
2642 2186 2841 2243 Judteaa
2888 2190 3116 2246 latitudo
3152 2194 3317 2263 paulo
3343 2204 3431 2250 est

112 2281 383 2337 incertior
402 2323 417 2347 ,
440 2280 586 2350 quod
612 2288 877 2349 quantum
901 2278 1038 2332 ultra
1068 2276 1361 2333 Jordanem
1386 2283 1733 2343 excurreret,
1760 2291 1867 2331 non
1892 2279 2024 2331 satis
2059 2278 2202 2332 inter
2241 2288 2494 2335 auctores
2531 2285 2859 2338 conveniat:
2892 2286 3195 2341 sentiebam
3227 2298 3429 2357 tamen,

113 2386 221 2427 non
247 2387 319 2427 ex
348 2372 652 2433 variorum,
686 2378 741 2424 et
770 2372 1087 2439 plerumque
1118 2370 1417 2423 recentium
1457 2369 1727 2423 viatorum
1760 2370 2037 2438 Opinione,
2071 2386 2139 2425 ne
2179 2370 2353 2426 diram
2384 2389 2449 2428 ex
2486 2373 2815 2443 Thalmude,
2842 2392 2905 2433 ac
2931 2379 3243 2436 Judzeorum
3279 2399 3433 2438 som-

116 2465 222 2521 niis
250 2463 386 2519 mihi
416 2463 585 2519 fuisse
622 2462 1012 2518 describendos
1059 2462 1367 2517 Palaestina:
1412 2463 1547 2518 ﬁnes
1571 2504 1585 2528 ,
1628 2461 1724 2518 sed
1750 2478 1817 2519 ex
1858 2464 2167 2533 hujusmodi
2201 2482 2379 2521 rerum
2422 2468 2818 2536 solertissimo,
2866 2478 2977 2526 tum
3010 2473 3079 2529 ob
3109 2476 3431 2533 eruditionis

116 2558 364 2626 laudem,
398 2567 513 2613 tttm
547 2557 617 2613 ob
640 2558 743 2613 loci
766 2556 1024 2612 viciniam
1055 2554 1383 2610 Caesariensi
1419 2556 1698 2625 episcopo,
1728 2556 1955 2627 ejusque
1985 2559 2280 2629 interprete
2315 2574 2512 2630 magno
2535 2560 2891 2632 Hieronymo,
2921 2565 3012 2633 qui
3043 2566 3202 2623 sedes
3232 2568 3356 2623 illas
3377 2576 3434 2625 et

119 2654 393 2709 curiosius
415 2652 746 2723 peragravit,
778 2660 833 2704 et
854 2651 1057 2704 multos
1083 2662 1259 2703 annos
1282 2649 1531 2702 incoluit.
1561 2649 1931 2717 Quamobrem
1968 2659 2024 2706 et
2060 2652 2217 2707 multi
2248 2652 2494 2707 facienda
2521 2669 2640 2709 sum
2672 2655 2967 2714 arbitratus
3000 2660 3113 2731 ipsa
3139 2678 3205 2717 cx
3238 2664 3432 2719 lliero-

121 2759 285 2815 nymo
328 2741 616 2813 Excerpta,
650 2756 771 2811 qua:
796 2740 862 2794 ad
905 2740 1153 2795 locorum
1200 2738 1484 2793 intervalla
1515 2738 1740 2805 faciunt,
1778 2748 1835 2795 et
1878 2742 1955 2796 sic
1997 2742 2131 2798 satis
2159 2743 2407 2800 studiose
2440 2754 2565 2815 post
2596 2747 2969 2805 Martianmum
2996 2753 3216 2825 collegi,
3243 2742 3435 2828 utjattt

119 2841 227 2896 sint
258 2836 556 2893 maximam
607 2844 816 2907 partem
866 2834 1132 2889 auctiora.
1183 2832 1515 2888 Praetermisi
1561 2841 1745 2889 autem
1791 2835 1920 2900 alia,
1958 2852 2078 2906 quae
2121 2853 2188 2893 ex
2232 2840 2522 2909 temetipso
2559 2844 2769 2900 recolas
2810 2860 2876 2901 ex
2905 2848 3132 2916 epistola
3166 2850 3291 2918 108,
3319 2854 3439 2912 sive

121 2936 179 2991 S.
212 2934 395 2989 Paulae
436 2931 737 3003 epitapliio,
769 2945 879 2984 an.
912 2928 945 2983 8
970 2928 1039 2983 ad
1068 2926 1157 2994 15,
1188 2936 1352 2997 atque
1398 2942 1463 2981 cx
1503 2926 1618 2992 illa,
1669 2942 1789 2997 quae
1830 2927 1898 2982 de
1938 2926 2298 2985 Mansionibus
2338 2932 2407 2985 ad
2456 2930 2733 2989 Fabiolam
2767 2936 3105 3005 inscribitur,
3148 2942 3200 2996 in
3245 2953 3436 3002 nostra

122 3027 448 3085 recensione
481 3025 575 3091 78,
618 3039 741 3095 qum
769 3032 925 3079 erant
957 3022 1124 3078 ferme
1149 3037 1215 3078 ex
1254 3021 1470 3092 integro
1511 3020 1911 3088 describendae,
1943 3022 1986 3077 si
2026 3038 2148 3093 quae
2195 3023 2268 3079 ibi
2312 3024 2381 3081 de
2426 3025 2610 3083 Terra:
2634 3040 2838 3086 sancta:
2871 3032 3093 3090 urbibus
3127 3035 3435 3111 traduntur,

120 3124 310 3180 luisset
332 3122 553 3179 animus
583 3118 866 3178 exhibere.

129 3250 1815 3278 ___________________._._._____

1837 3252 3439 3293 ________________

748 3343 763 3351 ’
834 3387 1051 3492 EX
1180 3381 2083 3488 HIERONYMI
2214 3387 2746 3500 LIBRIS

1468 3591 2106 3678 EXCERPTA

320 3788 577 3916 DE
669 3774 1469 3937 ALIQUOT
1562 3773 2613 3914 PALESTINAE
2695 3787 3261 3929 LOCIS.

189 4123 354 4197 293
404 4122 810 4177 Adadremmon
855 4116 986 4172 urbs
1034 4123 1117 4171 est
1162 4114 1316 4184 juxta
1349 4121 1373 4149 ο
1417 4112 1741 4176 Jezraelem,
1768 4112 2158 4183 Aappellatnr
2183 4113 2420 4171 filiorum
2465 4117 2726 4188 Ammon,
2768 4136 2998 4192 quarum
3038 4139 3145 4181 una
3177 4128 3259 4183 via
3289 4128 3445 4187 Jeru‘

121 4232 242 4288 quae
275 4220 381 4273 hoc
410 4217 559 4271 olim
583 4211 849 4268 vocabulo
880 4215 1194 4277 nuncupata
1222 4213 1327 4269 est,
1369 4215 1423 4260 et
1453 4204 1616 4259 hodie
1647 4218 1741 4257 vo-
1847 4206 2017 4261 saleni
2048 4206 2200 4263 ducit
2248 4209 2315 4265 ad
2362 4209 2645 4267 dexteram
2679 4224 2907 4285 partem,
2938 4217 3159 4275 sinistra
3199 4238 3332 4278 vero
3376 4225 3443 4280 ad

120 4318 275 4366 catur
301 4306 823 4377 Maximianopolis,
869 4307 925 4358 in
970 4316 1165 4371 campo
1196 4296 1604 4369 Mageddon,in
1634 4311 1741 4365 quo
1846 4300 2093 4355 llabbath
2148 4302 2388 4358 filiorum
2448 4308 2722 4374 Ammon,
2781 4324 2901 4377 quae
2955 4320 3038 4365 cst
3091 4313 3284 4371 civitas
3334 4333 3448 4373 tne-

123 4399 304 4457 Josias
327 4418 481 4458 rexa
528 4399 820 4456 Pharaone
846 4401 1215 4466 cognomento
1247 4389 1467 4445 Nechao
1492 4388 1745 4443 Vulnera-
1849 4394 2112 4466 tropolis,
2171 4406 2226 4451 et
2271 4395 2435 4453 hodie
2490 4398 2869 4471 Philadelphia
2928 4404 3261 4476 nominatur,
3336 4420 3444 4468 clc.

126 4504 214 4551 tus
244 4506 330 4553 est
360 4495 565 4571 (Zaclt.
605 4492 727 4565 χιι).

650 4492 727 4565 ιι).
1850 4486 2059 4555 (Ezech.
2093 4488 2233 4561 xxi).

202 4592 382 4649 Attila.
418 4594 582 4649 Mare
606 4588 874 4653 Rubrum,
903 4586 959 4641 in
989 4583 1148 4654 cujus
1173 4582 1357 4637 littore
1387 4579 1545 4635 Ahila
1569 4578 1744 4650 posita
1921 4585 2013 4647 Ar,
2072 4584 2265 4640 civitas
2312 4586 2629 4655 metropolis
2659 4588 2903 4660 regionis
2946 4590 3123 4661 Moab,
3152 4612 3273 4668 quae
3311 4613 3441 4669 pro-

130 4695 237 4753 est,
265 4688 361 4743 ubi
385 4700 535 4742 nunc
567 4694 811 4739 moratur
842 4680 1008 4751 legio,
1033 4687 1090 4735 et
1119 4675 1436 4748 praesidium
1464 4675 1739 4729 Romano—
1855 4674 2030 4728 vincia
2056 4683 2142 4729 est
2165 4674 2433 4731 Arabum.
2483 4677 2655 4735 Hodie
2677 4696 2743 4736 ex
2782 4681 3015 4741 llebra'o
3043 4698 3096 4741 et
3124 4687 3316 4745 Graeco
3338 4705 3453 4746 scr-

132 4796 252 4835 rum
289 4780 517 4853 (Ezech.
542 4776 735 4847 van).
1852 4782 2015 4822 mone
2042 4769 2370 4838 composita,
2396 4769 2688 4839 Areopolis
2710 4785 3083 4847 nuncupatur;
3120 4796 3226 4835 non
3250 4790 3310 4835 ut
3331 4783 3447 4851 plc-

204 4876 443 4931 Anatltot
486 4884 575 4930 est
622 4872 834 4928 viculus
885 4870 939 4926 in
992 4870 1151 4925 tertio
1191 4866 1450 4923 milliario
1497 4864 1566 4920 ab
1612 4862 1748 4919 urbe
1852 4862 2007 4932 rique
2026 4863 2325 4929 aestimant,
2348 4863 2493 4934 quod
2514 4862 2712 4941 Ἄρεος,
2742 4868 2793 4923 id
2821 4878 2925 4935 est,
2950 4869 3140 4925 Martis
3160 4872 3361 4930 civitas
3381 4876 3452 4930 sit

134 4968 484 5043 (Jerusalem)
507 4969 646 5024 situs
672 4966 924 5039 (Prowm.
948 4966 1004 5019 in
1027 4964 1118 5019 lib.
1141 4980 1156 5019 1
1176 4961 1463 5017 Comment.
1484 4960 1538 5013 in
1568 4956 1744 5025 Osee),
1856 4950 1907 5021 (Ι
1913 4954 2011 5007 sai.
2039 4953 2156 5025 xv).

135 5075 329 5120 contra
370 5062 813 5135 septentrionem
856 5058 1164 5115 Jerusalem
1201 5054 1257 5110 in
1285 5055 1447 5110 tertio
1495 5049 1749 5106 milliario
1927 5051 2128 5117 Arnon,
2152 5057 2237 5104 est
2260 5047 2526 5105 terminus
2549 5050 2993 5110 Amorrhaeorum
3015 5064 3071 5112 et
3091 5056 3451 5115 Moabitarum

137 5154 363 5225 (lerem.
394 5156 461 5228 I).
1859 5139 2047 5213 (Ibid).

210 5252 456 5324 Apedno.
477 5250 635 5323 Figat
653 5250 1062 5306 tabernaculum
1084 5261 1242 5301 suum
1269 5246 1321 5298 in
1350 5242 1577 5313 Apedno
1595 5240 1748 5310 juxta
1930 5239 2139 5292 Azotus.
2162 5237 2313 5295 Mare
2333 5247 2515 5296 autem
2539 5241 2895 5297 novissimum
2924 5243 3168 5316 intellige
3192 5247 3294 5303 hoc
3311 5247 3455 5319 quod

139 5346 456 5419 Nicopolin,
491 5362 616 5418 qua:
644 5348 796 5418 prius
825 5347 1082 5401 Emmaus
1111 5341 1431 5403 vocabatur,
1482 5337 1575 5393 ubi
1620 5336 1754 5391 inci-
1855 5330 1922 5385 ad
1951 5331 2296 5387 occidentem
2347 5340 2455 5401 est,
2510 5344 2565 5389 et
2593 5334 2738 5405 quod
2770 5334 2921 5390 ducit
2954 5336 3005 5389 in
3040 5337 3366 5410 Egyptum,
3402 5342 3456 5395 in

144 5444 305 5511 piunt
332 5454 599 5500 montana
625 5442 830 5498 Jtidmaa
853 5435 1370 5510 consurgere(Dan.
1401 5431 1504 5504 ιι).
1859 5425 2016 5496 cujus
2047 5426 2229 5483 littore
2252 5426 2415 5496 Gaza,
2451 5437 2506 5484 et
2536 5427 2801 5494 Ascalon,
2832 5430 3147 5500 Azotnsque
3178 5441 3232 5487 ct
3256 5432 3455 5505 Joppe,

214 5537 436 5591 Arabia.
485 5536 604 5591 Rex
641 5537 1007 5607 Babylonis...
1053 5530 1369 5603 egredietur
1398 5527 1616 5596 quidem
1647 5539 1755 5580 uno
1786 5522 1835 5583 B
1861 5529 1916 5576 et
1943 5520 2223 5587 Caesarea,
2283 5530 2339 5577 et
2383 5530 2601 5578 caetera:
2628 5521 2795 5577 urbes
2846 5522 3130 5578 maritimae
3169 5524 3293 5579 sitae
3336 5536 3466 5583 sunt

147 5629 352 5685 itinere
383 5627 802 5694 Chaldaeorum,
834 5627 929 5683 sed
961 5641 1085 5681 cum
1115 5622 1329 5678 venerit
1356 5635 1451 5690 per
1482 5618 1758 5673 desertum
1868 5615 2036 5688 (1οεί.
2066 5618 2151 5685 ιι).

148 5731 203 5777 et
248 5722 616 5778 solitudinem
644 5720 811 5795 295.
834 5720 900 5775 ad
928 5719 1131 5775 bivium
1160 5726 1322 5771 terra:
1366 5712 1607 5775 Arabiae,
1638 5726 1759 5781 qua:
1938 5709 2210 5767 Bersabee.
2242 5710 2344 5767 Ubi
2391 5719 2441 5767 et
2473 5709 2743 5765 Bersabee
2780 5723 2957 5780 usque
2989 5710 3156 5771 hodie
3205 5718 3464 5789 oppidum

224 5843 252 5873 ἰ
280 5835 500 5891 Vitiose
524 5833 783 5890 Martian.
808 5833 1123 5889 Jerusalem.
