4014 6284
587 224 687 302 831

1837 233 1895 292 S.
1942 234 2214 295 EUSEBII
2258 233 2633 292 HIERONY)“

3805 218 3918 299 932

586 366 849 426 eSltqutB
876 352 1157 423 provincia
1181 358 1308 406 ante
1334 352 1498 425 295
1527 365 1631 408 non
1654 352 1859 423 grande
1882 361 2096 424 tempus
2123 369 2186 409 ex
2220 366 2265 426 Α
2367 351 2633 405 Emmaus.
2679 348 2837 404 Juxta
2879 345 3183 417 Nicopolim
3204 390 3219 413 ,
3260 362 3382 421 quae
3426 349 3582 421 prius
3640 350 3915 409 Emmaus

582 452 857 507 divisione
907 447 1203 503 Praesidum
1240 447 1563 515 Palaestinae,
1612 449 1885 505 Salutaris
1914 458 1998 505 est
2042 450 2187 504 dicta

586 542 815 614 (Quam.
841 541 909 595 ad
937 540 1068 597 Gen.
1101 556 1235 608 xvu,
1261 541 1376 609 50).

659 635 967 690 Belli-amt.
1020 634 1154 702 Quae
1197 633 1477 704 quondam
1514 635 1815 691 vocabatur
1852 635 2068 701 Betbel,
2108 645 2192 691 cst

2292 444 2609 507 vocabatur,
2642 441 2733 496 ubi
2763 440 3030 512 incipiunt
3052 450 3311 497 montana
3340 442 3544 499 Judazr
3566 459 3913 516 consurgere

2294 535 2458 606 (Dan.
2492 531 2613 604 ιιι).

2364 629 2633 685 Ειιικαω.
2658 626 2811 683 Ιιιάιιι
2834 625 3165 681 Macchabaei
3186 626 3463 697 signiﬁcat
3486 637 3766 699 tempora,
3793 631 3906 700 qui,

583 730 717 787 urbs
768 730 823 785 in
872 729 1021 784 tribu
1052 728 1339 798 Ephraim,
1390 738 1516 799 post
1559 729 1872 799 Benjamin;
1924 730 2011 785 tibi
2042 730 2189 784 enim
2290 724 2363 781 de
2388 724 2517 779 vico
2537 721 2742 787 Modin,
2774 720 3037 777 fratribus
3065 736 3129 776 ac
3161 721 3479 792 propinquis
3528 737 3723 778 secum
3752 724 3911 779 anni-

586 824 760 879 tribus
782 823 965 877 linitur
987 820 1296 891 Beniamin,
1320 822 1459 875 haud
1485 824 1670 887 procul
1690 823 1741 877 in
1764 823 1907 877 tribu
1933 821 2188 892 Ephraim

587 917 704 977 Itale
734 918 864 973 urbs
890 914 1111 974 condita
1141 923 1228 972 est
1258 913 1417 985 (Osee
1442 913 1517 986 v).

658 1008 922 1065 Betbnlia.
943 1007 1313 1063 Cumintinito
1329 1006 1547 1073 agmine
1572 1007 2019 1076 prosequentium
2041 1006 2193 1067 venit

585 1102 967 1177 Bethuliam...
1002 1099 1194 1170 quinto
1239 1098 1333 1156 die
1360 1098 1511 1153 venit
1553 1098 1828 1155 Pelusium
1860 1097 1955 1170 (In
1991 1098 2087 1153 Vit.
2126 1099 2188 1154 S.

589 1194 936 1265 Hilarionis).

660 1287 1013 1343 Cadesbarne.
1040 1286 1094 1343 In
1125 1286 1355 1345 deserto
1379 1294 1483 1353 est,
1513 1284 1659 1356 quod
1687 1285 1999 1342 extenditur
2020 1299 2195 1354 usque

585 1380 657 1439 ad
688 1381 881 1437 urbem
912 1380 1133 1436 Petram
1161 1378 1383 1452 (Ezech.
1412 1378 1629 1449 xum).

660 1473 950 1529 Carmelus.
987 1472 1107 1529 Duo
1134 1482 1265 1531 sunt
1295 1481 1529 1535 montes,
1557 1471 1651 1543 qui
1678 1480 1942 1528 vocantur
1966 1472 2067 1527 hoc
2095 1488 2193 1527 no-

586 1569 766 1633 mine;
815 1568 955 1622 alter
1000 1568 1053 1621 in
1106 1582 1214 1637 (pro
1260 1566 1363 1623 [uit
1398 1565 1567 1622 Nabal
1600 1563 1926 1626 Carmelius.
1962 1565 2194 1621 maritus

587 1661 840 1733 Abigail,
876 1660 944 1715 ad
982 1659 1291 1715 Australem
1336 1661 1587 1729 plagam:
1622 1658 1775 1713 Alter
1816 1658 1977 1727 juxta
2012 1659 2190 1715 Ptole-

2293 818 2561 883 tentibus,
2604 828 2659 871 et
2700 816 2893 875 multis
2914 816 2987 871 de.
3024 816 3226 886 populo
3256 815 3596 883 Judaei-um,
3646 818 3907 875 Antiochi

2293 912 2465 967 duces
2506 920 2727 979 supcrat
2766 909 2927 979 juxta
2965 909 3257 977 Emmans,
3284 924 3407 978 qua)
3447 924 3593 966 nunc
3619 909 3903 982 Nicopolis

2292 1004 2494 1059 dicitur
2523 1002 2689 1071 (Dan.
2720 1000 2867 1073 vm).

2366 1097 2633 1170 Engattim
2660 1097 2715 1151 in
2746 1095 3019 1167 principio
3044 1104 3130 1153 est
3156 1096 3322 1154 mnis
3351 1096 3571 1163 Mortui,
3598 1099 3697 1156 ubi
3716 1100 3904 1157 Iorda-

2293 1207 2401 1247 nna
2448 1191 2779 1261 ingreditur.
2836 1188 3083 1261 Engaddi
3125 1206 3283 1256 vero,
3334 1191 3431 1249 ubi
3482 1191 3699 1263 ﬁnitur,
3744 1206 3902 1265 atque

2292 1284 2635 1341 consum-itur
2662 1282 2880 1355 (Ezech.
2906 1281 3107 1349 vau).

2368 1376 2590 1433 Bubon.
2648 1376 2797 1433 Inter
2841 1376 3059 1432 Esehon
3117 1384 3173 1431 et
3212 1376 3451 1433 Sabama
3490 1379 3583 1435 vix
3619 1380 3901 1453 quingenti

2296 1489 2493 1544 passus
2524 1483 2650 1528 sunt
2676 1471 2840 1544 (Ibid.
2856 1514 2871 1536 ,
2904 1472 3037 1543 xvi).

2366 1567 2564 1622 Gabaa.
2603 1567 2741 1622 Urbs
2779 1576 2867 1621 est
2904 1564 2961 1621 in
3009 1565 3153 1622 tribu
3194 1566 3503 1637 Benjamin,
3530 1568 3687 1638 juxta
3733 1569 3900 1625 Ralm

2301 1660 2482 1733 (Osee,
2518 1660 2596 1731 v).

589 1755 824 1811 maidem
860 1755 1047 1829 (juxta
1074 1752 1337 1809 Phoenicis
1378 1750 1814 1824 termiiws),qua:
1842 1752 1995 1821 prius
2026 1767 2191 1808 voea—
2224 1756 2277 1816 Β
2368 1753 2597 1818 Calaad,
2637 1768 2800 1824 quam
2851 1753 3107 1823 possedit
3132 1753 3355 1809 dimidia
3393 1754 3569 1809 tribus
3616 1756 3895 1815 Manassc.

590 1850 749 1908 batur
780 1849 961 1913 Actio,
1000 1850 1133 1903 mari
1164 1849 1482 1910 imminens,
1519 1847 1573 1901 in
1608 1861 1718 1916 quo
1748 1846 1899 1902 Elias
1927 1846 2194 1917 prepheta

588 1942 746 1999 ﬂexis
776 1942 1007 2011 genibus
1035 1942 1245 2011 pluvias
1277 1940 1589 2009 impetravit
1612 1940 1810 2009 (Amos.
1846 1938 1911 2010 ι).

662 2036 951 2093 Carmelus.
981 2035 1035 2091 Si
1068 2034 1374 2089 absconditi
1406 2033 1608 2089 fuerint
1635 2033 1689 2088 in
1712 2033 1915 2089 vertice
1933 2032 2191 2098 Carmeli,

587 2130 674 2188 vel
704 2131 861 2199 juxta
900 2129 1188 2185 Pbmnices
1208 2126 1497 2191 terminos,
1513 2128 1569 2182 in
1592 2126 2019 2201 Septentrionali
2042 2127 2195 2196 plaga

590 2222 659 2279 ad
688 2222 994 2282 meridiem,
1022 2231 1243 2290 propter
1262 2220 1433 2276 eremi
1461 2222 1791 2286 vastitatem,
1820 2221 1911 2277 ubi
1935 2220 2198 2276 habitavit

591 2317 869 2390 quondam
897 2316 1069 2371 Nabal
1096 2314 1404 2372 Carmelius
1432 2315 1632 2387 (Amos,
1664 2314 1805 2386 vui).

664 2410 929 2468 Carmelus
953 2426 1097 2465 mons
1126 2409 1179 2465 in
1210 2410 1448 2465 conﬁnio
1480 2408 1785 2465 Palaestina:
1809 2418 1864 2462 et
1899 2406 2196 2464 thnices

585 2504 907 2561 Ptolemaidi
932 2502 1202 2564 imminet,
1233 2500 1361 2555 licet
1381 2509 1436 2555 et
1457 2499 1602 2555 alius
1626 2500 1679 2553 in
1701 2497 2000 2567 Scripturis
2027 2512 2190 2552 sanc-

590 2600 661 2657 tis
687 2614 842 2657 mons
870 2596 1153 2652 Carmelus
1183 2594 1508 2665 appellatur,
1530 2592 1581 2647 in
1610 2607 1717 2662 quo
1746 2591 1846 2645 [uit
1869 2591 2041 2646 Nabal
2064 2589 2195 2645 Car-

594 2693 793 2750 melius
822 2690 979 2762 (Isai.
1009 2690 1178 2756 nux).

668 2788 857 2852 Cedar,
881 2800 999 2853 qum
1022 2781 1301 2855 quondam.
1326 2779 1703 2836 inhabitabilis
1735 2779 1853 2844 fuit,
1872 2777 2023 2848 regio
2048 2784 2195 2831 trans

594 2880 851 2938 Arabiam
884 2878 1282 2934 Saracenorum
1305 2874 1463 2946 (Isai.
1494 2871 1655 2943 uti).

670 2972 787 3024 Dfm
814 2971 867 3025 in
900 2970 1151 3025 terminis
1194 2978 1359 3024 terra:
1397 2966 1664 3032 Judaicte,
1690 2962 1781 3018 ubi
1812 2978 1957 3019 nunc
1990 2963 2195 3018 Paucas

594 3072 678 3119 est
705 3060 907 3133 (Amos.
934 3060 1071 3129 vlll).

670 3152 810 3207 Dan.
854 3152 1095 3221 Septima
1146 3151 1260 3204 Dan
1307 3166 1479 3221 usque
1525 3149 1590 3203 ad
1640 3149 1891 3217 .Inppcm,
1926 3148 2015 3201 ubi
2067 3144 2265 3207 suntC

596 3257 779 3303 turres
823 3244 1009 3306 Ailon,
1048 3252 1103 3297 et
1144 3242 1349 3306 Sclebi,
1384 3252 1437 3295 et
1474 3242 1747 3306 limmaus,
1778 3256 1897 3309 qua:
1930 3254 2073 3293 nunc
2101 3254 2195 3307 ap-

596 3339 836 3412 pellatur
861 3334 1159 3404 Nicopolis,
1193 3334 1321 3389 licet
1349 3342 1535 3402 po:tra
1576 3332 1891 3400 lugeriums,
1938 3331 2085 3401 quod
2107 3344 2198 3385 ce-

595 3432 773 3503 perint
806 3428 936 3493 sibi,
972 3427 1308 3481 transcensis
1335 3426 1453 3479 aliis
1480 3424 1744 3489 tribubus,
1780 3423 1968 3477 urbem
2002 3423 2193 3477 Lesem

595 3527 650 3584 in
677 3526 819 3579 tribu
853 3524 988 3591 Dan,
1015 3536 1137 3593 qua:
1184 3520 1349 3575 hodie
1378 3520 1686 3590 appellatur
1743 3518 1949 3572 Paucas
1976 3516 2203 3587 (ΕχετΙιι

596 3617 809 3689 xnvm).

666 3711 857 3766 Dimon
902 3719 947 3762 et
993 3708 1182 3762 Dibon.
1215 3706 1292 3761 Ne
1318 3705 1438 3776 quis
1468 3705 1767 3775 Scriptoris
1799 3704 1990 3758 vitium
2018 3710 2195 3795 pu.tct,

595 3817 649 3864 et
680 3820 935 3863 errorem.
958 3803 1255 3859 emendare
1296 3802 1423 3857 dum
1456 3800 1590 3867 uult,
1622 3799 1816 3864 faciat;
1854 3812 1956 3852 una
1988 3797 2198 3851 urbset

594 3917 768 3973 perm
798 3910 851 3955 et
884 3913 981 3969 per
1012 3898 1039 3950 b
1080 3896 1319 3949 litteram
1352 3894 1645 3949 scribitur:
1679 3909 1709 3947 e
1740 3893 1936 3963 quibus
1966 3890 2197 3961 Dimon,_

594 3996 859 4050 silentium
902 3994 1327 4061 interpretatur;
1367 3989 1561 4052 Dibon,
1598 3989 1795 4057 ﬂuens;
1844 3986 2015 4040 indito
2048 3994 2195 4039 utro-

594 4104 701 4160 que
732 4088 950 4143 nomine
973 4093 1201 4156 prOptcr
1227 4083 1436 4144 latices,
1472 4082 1561 4151 qui
1596 4079 1758 4135 tacite
1789 4079 1979 4133 ﬂuant.
2012 4078 2195 4148 Usque

594 4178 760 4235 hodie
799 4176 1175 4233 indifferenter
1216 4183 1271 4230 et
1314 4173 1508 4229 Dimon
1546 4181 1598 4229 et
1630 4171 1802 4228 Dibou
1836 4172 1937 4226 hoc
1966 4169 2195 4241 Oppidu-

595 4273 706 4330 lum
736 4271 936 4326 dicitur
973 4268 1129 4341 (Isai.
1159 4267 1275 4337 xv).

667 4362 845 4417 Dnma
869 4363 1035 4433 Regio
1059 4364 1315 4426 ldumzca,
1336 4377 1456 4432 qua:
1478 4361 1544 4417 ad
1562 4363 1817 4417 Austrum
1832 4360 2026 4431 vergit,
2050 4360 2193 4415 etab

594 4455 729 4511 urbe
752 4456 1083 4520 Palaestinae,
1106 4472 1225 4525 qua:
1246 4454 1408 4509 hodie
1431 4453 1632 4509 dicitur
1660 4452 2103 4522 Eleutheropolis
2123 4452 2193 4507 20

593 4548 761 4604 disrat
791 4548 1031 4603 millibus
1060 4546 1216 4617 (1εαὶ.
1243 4546 1378 4618 ut).

669 4639 917 4694 Edomia.
954 4640 1104 4696 Unus
1144 4655 1277 4709 ergo
1306 4649 1473 4709 atque
1502 4637 1644 4693 idem
1679 4637 1857 4694 tribus
1885 4636 2194 4691 notitinibns

599 4736 928 4807 appellatur,
979 4735 1159 4800 Esau,
1204 4733 1415 4798 Edoni,
1468 4730 1632 4804 296
1667 4731 1817 4793 Seir,
1845 4730 2199 4799 posseditquc

595 4848 717 4889 eam
751 4830 1057 4903 regionem,
1087 4844 1205 4900 quae
1238 4842 1382 4885 anno
1410 4825 1684 4883 Gebalena
1713 4823 1942 4889 dicitur,
1966 4834 2020 4879 et
2046 4822 2099 4877 in
2130 4822 2192 4876 ti-

590 4928 751 4983 nibus
774 4924 1380 4994 estEleutheropoleos,
1399 4922 1492 4977 ubi
1517 4930 1641 4977 ante
1656 4920 2035 4975 habitaverunt
2057 4918 2195 4973 Hor-

591 5020 711 5084 l‘iCi,
744 5020 835 5088 qui
866 5020 1299 5087 interpretantur-
1326 5015 1494 5079 liberi,
1528 5014 1675 5070 unde
1707 5014 1829 5082 ipsa.
1849 5012 1987 5069 urbs
2006 5019 2192 5079 postea

534 5181 543 5183 Α
589 5113 785 5169 sortita
821 5111 1147 5166 venabulum
1198 5116 1301 5162 est.
1333 5106 1487 5174 Quod
1518 5121 1647 5177 ergo
1678 5106 1943 5161 Hebraicc
1984 5104 2189 5168 Edom,

589 5203 868 5260 etGrazce
897 5201 1101 5255 dicitur
1140 5197 1427 5271 Ἰδουμαία,
1473 5212 1617 5255 nunc
1643 5198 1853 5253 viculns
1891 5195 2191 5253 Palaestina:

587 5306 695 5361 est,
727 5312 755 5352 a
782 5294 1070 5351 conditore
1102 5293 1182 5348 sic
1210 5293 1469 5363 imposito
1494 5295 1716 5351 nomine
1744 5293 1947 5366 (Abdire
1970 5291 2034 5363 ι).

662 5390 854 5446 Eniath
900 5390 1088 5455 minor,
1141 5390 1208 5443 ad
1259 5387 1672 5445 distinctionem
1722 5386 1915 5442 Ematb
1958 5402 2185 5455 magnae,

585 5503 708 5559 qua:
756 5501 898 5543 nunc
944 5483 1249 5541 Antiochia.
1267 5491 1512 5544 vocatur,
1546 5481 1678 5537 urbs
1730 5487 1815 5535 est
1854 5480 1906 5535 in
1942 5479 2187 5534 terminis

589 5581 773 5636 Terra!
802 5589 1025 5644 sanctae,
1050 5576 1139 5647 qui
1170 5577 1341 5632 solem
1368 5575 1687 5644 respiciunt.
1716 5572 1913 5627 Postea
1938 5571 2188 5628 dictalcst

586 5671 985 5739 Epiphaniaab
1014 5663 2182 5737 Antiocho,.cuieognomentumEpipbanes

589 5757 790 5830 (Amos,
824 5761 918 5829 vi).

2299 1860 2451 1905 trans
2497 1850 2795 1905 Jordanem
2847 1850 3131 1919 Scriptura
3191 1858 3593 1904 emeruerat.
3657 1848 3717 1903 In
3782 1866 3899 1919 quo

2298 1951 2485 1997 mente
2525 1941 2710 1998 Laban
2753 1942 3047 2013 fugientem
3095 1952 3419 1998 consecutus
3465 1951 3549 1997 est
3593 1941 3789 2005 lacob,
3839 1952 3899 1997 et

2298 2050 2459 2089 mons
2498 2036 2649 2104 juxta
2683 2034 2947 2091 Genesim
2978 2050 3179 2091 nomen
3206 2036 3417 2104 accepit
3448 2036 3635 2112 σωρὸς.
3684 2035 3738 2089 id
3784 2045 3896 2099 est,

2298 2128 2525 2181 tantulus
2560 2128 2880 2190 testimonii,
2911 2142 2977 2183 eo
3004 2127 3151 2198 quod
3180 2128 3247 2183 ibi
3287 2127 3454 2183 Jacob
3486 2127 3780 2197 Labaoque
3806 2128 3892 2196 ju-

2298 2223 2539 2275 raverint
2568 2222 2625 2275 in
2660 2236 2914 2277 acervum
2948 2222 3221 2291 lapidibus
3255 2221 3623 2293 congregatis.
3674 2222 3770 2275 Est
3802 2236 3894 2275 au-

2296 2326 2403 2374 tem
2422 2326 2603 2387 caput,
2630 2318 2745 2374 sive
2770 2319 3103 2387 principium.
3121 2317 3312 2373 Libani
3338 2318 3540 2372 utentis
3561 2316 3791 2381 excelsi,
3811 2317 3893 2386 qui

2298 2411 2583 2468 universus
2610 2411 2793 2466 cedris
2817 2411 3062 2466 consitus
3089 2421 3175 2466 est
3215 2409 3575 2481 (Hiorongnt,
3616 2410 3671 2463 in
3702 2428 3751 2462 ο.
3784 2424 3893 2463 un

2296 2504 2327 2558 J
2336 2504 2555 2574 eremiir)
2568 2544 2579 2555 .

2368 2598 2706 2653 Genesareth.
2758 2598 2934 2654 Lacus
2977 2597 3218 2653 Jordane
3259 2598 3524 2653 inﬂuente
3554 2595 3815 2663 efﬁcitur,
3848 2597 3892 2649 iu

2298 2692 2457 2762 cujus
2476 2694 2657 2747 littore
2673 2690 2892 2763 Chapha
2904 2707 3121 2754 rnanm,
3139 2704 3192 2747 et
3214 2691 3487 2756 Tiberius,
3503 2700 3561 2745 et
3580 2689 3889 2753 Bethsaida.

2294 2796 2351 2842 et
2375 2786 2703 2842 Chorozaim
2730 2788 2849 2841 sita:
2882 2795 3013 2841 sunt
3040 2786 3197 2857 (lsai.
3228 2784 3333 2855 nt).

2369 2881 2601 2936 Geraris.
2649 2882 2987 2949 Notandum,
3023 2882 3171 2951 quod
3216 2881 3283 2937 de
3334 2881 3561 2937 Geraris
3608 2896 3784 2949 usque
3829 2879 3892 2934 ad

2300 2985 2540 3031 montem
2573 2975 2765 3041 Maria,
2824 2975 2875 3030 id
2915 2983 2999 3031 est
3033 2975 3225 3031 sedem
3258 2974 3503 3043 Templi,
3555 2973 3659 3028 iter
3687 2973 3896 3027 dierqu

2302 3067 2462 3122 trium
2497 3068 2566 3122 sit
2598 3068 2821 3140 (Quwst.
2853 3069 2905 3120 in
2935 3067 3116 3121 Cenes.
3152 3084 3201 3121 c.
3231 3082 3368 3133 xm,
3396 3066 3477 3135 5).

2374 3160 2504 3213 (.‘elli
2535 3160 2616 3228 (ut
2644 3160 2954 3230 Regnorum
2987 3174 3203 3230 quoque
3245 3168 3474 3215 teetatur
3499 3157 3757 3228 historia)
3790 3173 3889 3211 una

2300 3262 2385 3307 est
2433 3252 2501 3307 de
2542 3253 2781 3323 quinque
2835 3253 3057 3307 urbibus
3115 3252 3447 3315 Palaestinae,
3488 3250 3670 3305 vicina
3704 3250 3900 3305 Judrrze

2299 3346 2558 3412 conﬁnio,
2592 3355 2648 3401 et
2678 3345 2746 3401 de
2783 3345 3467 3415 Eleuthempnlieuutibus
3488 3344 3689 3399 Gazam
3711 3387 3726 3411 ,
3764 3360 3899 3400 nunc

2302 3453 2471 3506 usque
2501 3438 2650 3491 vicus
2682 3439 2764 3492 vel
2799 3438 3113 3503 maximus;
3164 3438 3305 3492 unde
3355 3436 3451 3491 fuit
3496 3448 3549 3491 et
3584 3436 3781 3493 Goliad
3817 3439 3898 3492 ille

2298 3529 2602 3598 Gctthrens,
2639 3547 2797 3600 quem
2835 3530 3006 3585 David
3035 3531 3235 3585 occidit
3262 3530 3314 3585 in
3362 3531 3551 3601 pra‘lio
3597 3529 3691 3599 (In
3732 3546 3893 3600 cap.t

2300 3621 2464 3675 Mich.
2486 3622 2595 3675 Iure
2620 3623 2741 3676 urbs
2767 3624 2856 3677 nbs
2882 3623 3201 3693 Hieronymo
3221 3624 3344 3677 ibid.
3368 3632 3575 3677 voratur
3602 3622 3899 3679 Palmstina’

2299 3714 2617 3785 metmpolis)
2630 3755 2642 3767 .

2370 3808 2529 3879 297
2561 3807 2721 3874 Gem,
2748 3825 2868 3879 quae
2903 3818 2989 3863 est
3018 3808 3084 3863 im
3110 3808 3319 3878 Opiter,
3348 3807 3493 3863 haud
3539 3807 3768 3877 grandis
3820 3818 3898 3862 est

2298 3904 2517 3962 multis
2556 3905 2606 3957 in
2649 3903 2895 3958 s'ecundo
2927 3903 3217 3974 Sephorim
3256 3904 3533 3967 milliario,
3568 3920 3691 3975 qua:
3740 3904 3898 3958 hodie

2298 3998 2605 4069 appellatur
2644 3998 2981 4051 Diocazsarea
3018 3997 3273 4053 euntibus
3304 3996 3697 4068 Tybcriadem;
3743 3998 3893 4051 addi-

2299 4102 2387 4146 tur
2414 4092 2614 4161 Opher,
2652 4091 2719 4144 ad
2751 4091 3163 4145 distinctionem
3208 4090 3441 4144 aliarum
3465 4089 3628 4145 Getth
3685 4089 3893 4149 nubium

2298 4186 2542 4255 (Hieron.
2578 4184 2806 4240 Promm.
2838 4185 2890 4237 in
2918 4183 3157 4253 Jonam).

2368 4278 2501 4333 ϐαιὴ
2522 4278 2703 4332 vicina
2729 4288 2893 4347 atque
2918 4277 3152 4332 conﬁnis
3180 4284 3265 4332 est
3287 4277 3461 4332 Ατοιο
3485 4292 3606 4347 quae
3634 4276 3897 4332 Hebraice

2296 4371 2499 4427 dicitur
2530 4370 2712 4425 Esdod
2748 4368 2963 4442 (Jerem.
3002 4370 3156 4441 xxv).

2370 4464 2585 4519 IIelkesi
2616 4480 2792 4533 usque
2825 4464 2984 4519 hodie
3016 4463 3071 4517 in
3114 4462 3353 4519 Galilzea
3391 4464 3611 4518 vicnlns
3636 4473 3745 4525 est,
3785 4479 3897 4533 tuar—

2220 4543 2273 4603 D
2300 4575 2396 4615 vus
2418 4559 2663 4629 quidem,
2702 4568 2761 4614 et
2781 4558 2871 4612 vix
2897 4558 3069 4611 ruinis
3100 4566 3346 4612 veterum
3378 4556 3747 4613 aedificiorum
3763 4557 3897 4612 indi-

2296 4668 2427 4707 cans
2478 4651 2742 4721 vestigia;
2802 4649 2901 4704 sed
2950 4658 3130 4705 tamen
3184 4660 3348 4705 notus
3402 4649 3633 4715 Judtnis,
3661 4660 3722 4704 et
3772 4650 3894 4705 mihi

2295 4759 2513 4815 quoque
2569 4760 2596 4795 a
2639 4742 3083 4798 circumduceute
3131 4752 3471 4799 monstratus
3520 4740 3791 4812 (νωθῆ.
3848 4742 3897 4794 in

2300 4836 2355 4890 Ν
2358 4840 2423 4891 alt
2432 4836 2559 4908 um).

2366 4930 2515 4993 Jasa,
2552 4930 2687 4984 urbs
2709 4944 2832 4999 quat
2858 4928 3225 4984 Montuomari
3261 4929 3531 4995 imminet,
3563 4928 3663 4984 ubi
3681 4938 3897 4986 cstter—

2297 5022 2476 5077 minus
2507 5022 2802 5089 provincia:
2835 5022 3192 5076 Moabitarum
3227 5020 3386 5093 (Isai.
3415 5023 3539 5092 sub.

2366 5111 2619 5167 Iduma’a.
2652 5113 2921 5167 Idummos
2953 5129 3169 5184 quoque
3211 5132 3239 5167 a
3284 5114 3599 5169 Meridianai
3622 5116 3787 5187 plaga
3810 5118 3893 5171 vix

2294 5206 2649 5276 septuaginta.
2667 5208 2905 5276 quinque
2932 5206 3176 5261 millibus
3197 5206 3279 5262 ab-
3294 5204 3656 5278 Jerosolymm
3674 5224 3893 5278 separa-

2294 5308 2379 5354 tos
2401 5297 2495 5367 (In
2522 5300 2669 5371 epist.
2703 5300 2772 5355 ad
2804 5300 3067 5371 Dardan).

2365 5394 2626 5448 .ldumwa.
2668 5394 2857 5449 Omnis
2906 5395 3180 5451 Australis
3229 5397 3378 5466 regio
3428 5396 3797 5454 [dominorum
3827 5399 3894 5453 de

2296 5485 2704 5558 Eleuther-epuli
2752 5505 2927 5559 usque
2968 5490 3207 5556 Petram,
3237 5500 3290 5547 et
3347 5489 3561 5547 Attilam
3618 5493 3762 5564 (hanc
3805 5506 3891 5548 est

2294 5578 2439 5633 enim
2488 5581 2768 5649 possessio
2816 5581 2980 5651 Esau)
3010 5582 3063 5637 iu
3107 5582 3379 5652 specubus
3421 5583 3895 5641 habitatiuncnlas

2295 5669 2460 5728 habet
2484 5672 2687 5742 (Abdio:
2711 5675 2773 5745 ι).

2362 5762 2653 5819 Jerusalem
2681 5766 2734 5821 in
2765 5766 2905 5822 tribu
2939 5766 3217 5838 Beniamin
3250 5769 3408 5827 sitam
3437 5769 3894 5843 nullusignorat.
