4010 6312
110 244 209 304 9.35

956 228 1391 308 NOTATIONES
1425 239 1523 310 DE.
1555 239 1857 318 Αιιρυρπ
1896 246 2327 321 ΡΑιιᾸρὃΉΝίΕ
2363 247 2586 307 LOCIS.

3307 256 3367 312 9E
3376 262 3408 315 τι

108 358 376 418 Thecuam
401 367 619 426 quoque
660 353 898 416 viculum
941 370 1071 412 esse
1107 355 1162 410 iu
1191 363 1380 410 monte
1425 353 1611 421 situm,
1643 365 1700 411 et
1727 365 1770 423 Α
1856 359 2586 432 Sockotlt.Estusquehodie
2601 363 2796 420 civitas
2814 367 3274 425 transJordanem
3299 368 3402 423 hoc

106 451 390 506 duodecim
420 451 662 506 millibus
684 450 752 505 ab
778 449 1141 521 Jerosolymis
1172 461 1486 520 separatum
1518 449 1700 520 quoti-
1803 454 2067 508 vocabulo
2101 453 2152 507 in
2202 461 2356 523 parte
2399 454 2796 526 Scythopoleos
2819 458 3030 530 (Cenes.
3061 478 3254 526 xxxiii,
3285 463 3400 532 17).

106 544 193 601 die
215 546 387 600 oculis
420 545 696 600 cernimus
725 542 941 618 (ἔσηνε.
973 558 1018 606 ο.
1055 543 1157 608 γι).

175 640 402 708 Jezrael,
435 655 555 709 qua:
587 653 730 693 nunc
746 639 900 708 juxta
928 637 1434 706 MaxintianOpollm
1465 647 1574 703 est,
1600 637 1700 692 fuit

106 731 425 802 metropolis
457 730 613 803 regni
641 731 901 786 Samaria:
924 747 938 795 ;
964 745 1139 800 prope
1176 745 1342 801 quam
1369 740 1496 786 sunt
1521 730 1700 800 campi

105 823 374 890 latissimi,
401 833 453 878 et
489 823 645 878 vallis
691 822 874 877 nimia:
915 822 1208 886 vastitatis,
1238 839 1359 893 qua:
1413 824 1697 894 plusquam

1876 545 2142 600 Solitudo.
2169 545 2302 615 Qua:
2332 562 2362 602 a
2392 546 2648 624 Majoma,
2676 548 2836 608 Gazae
2875 557 3148 622 emporio,
3179 569 3279 623 per
3323 553 3405 606 lit-

1804 647 1889 695 tus
1916 641 2176 696 euntibus
2218 641 2515 714 Egyptum
2560 645 2624 698 ad
2682 646 2878 702 lmvnm
2907 647 3148 704 ﬂectitur
3177 647 3269 720 (1η
3313 648 3402 702 vit.

1805 731 1843 786 S
1855 772 1866 784 .
1907 731 2243 806 Hilarionis).

1876 823 2168 881 Tltabatha.
2203 827 2450 884 Hilarion
2499 837 2654 887 ortus
2686 831 2806 888 vico
2835 832 3145 900 Thabatha,
3177 836 3267 905 qui
3302 836 3408 889 cir-

107 921 288 976 decem
319 918 553 983 millium
580 917 822 978 tenditur
852 917 1123 989 passibus.
1151 917 1211 972 In
1260 917 1362 978 hac
1403 919 1706 982 catme
1804 917 1945 974 citer
1975 921 2224 992 quisque,
2249 922 2424 984 tuilﬁa
2449 939 2478 977 a
2509 922 2653 986 Gaza
2684 925 2818 986 urbe
2847 925 3158 988 Palaestina:
3184 928 3250 982 ad
3285 942 3405 984 aus-

104 1013 424 1079 certantiae,
457 1012 532 1067 ab
555 1011 796 1083 Assyriis
826 1025 1004 1066 ctesus
1032 1020 1117 1065 est
1145 1010 1319 1066 Israel
1351 1011 1528 1080 (Osee,
1565 1010 1626 1080 ι).

175 1108 361 1179 Joppe.
393 1108 606 1177 JOppen
639 1116 854 1177 portum
888 1121 1012 1162 esse
1042 1105 1246 1161 ludam
1288 1116 1340 1160 et
1390 1107 1440 1159 in
1486 1104 1701 1175 Regno-

106 1218 222 1258 rum
252 1243 265 1265 ,
318 1211 374 1256 et
422 1199 884 1268 Paralipomenon
928 1197 1082 1253 libris
1134 1197 1397 1268 legimus,
1427 1195 1494 1251 ad
1541 1212 1702 1268 quem

1808 1021 1949 1067 trum
1979 1015 2113 1069 situs
2141 1024 2224 1070 est
2255 1014 2468 1088 (ΝΜ).

1880 1104 2089 1160 Tltabor
2107 1116 2192 1163 cst
2213 1125 2369 1164 mons
2397 1111 2450 1164 in
2475 1111 2720 1180 Galilaca,
2750 1113 2888 1168 situs
2914 1113 2966 1167 in
2987 1114 3406 1184 campestribus,

1809 1202 2086 1268 rotundus
2108 1214 2273 1274 atque
2300 1205 2573 1273 sublimis,
2605 1215 2658 1262 et
2707 1221 2776 1261 ex
2828 1207 2976 1262 omni
3027 1217 3184 1278 parte
3231 1209 3415 1264 linitur

108 1295 288 1351 Hiram
337 1309 553 1364 quoque
601 1292 715 1348 Rex
774 1292 901 1364 Tyri
946 1292 1088 1363 ligna
1140 1291 1209 1347 de
1247 1291 1454 1346 Libano
1495 1293 1706 1346 ratibus
1807 1295 2095 1365 mqualiter
2129 1295 2408 1369 (θεων).

109 1387 497 1452 transferebat,
526 1402 647 1458 qua:
676 1385 982 1441 Jerusalem
1018 1393 1240 1440 terreno
1273 1385 1467 1440 itinere
1512 1399 1704 1454 perve-

110 1482 443 1536 herentttr...
478 1479 573 1536 sed
603 1487 658 1533 et
693 1479 847 1549 juxta
897 1479 1136 1549 regionis
1169 1489 1423 1533 naturam
1451 1478 1520 1534 de
1552 1493 1706 1534 mou-

112 1575 254 1630 lanis
304 1584 361 1629 el.
410 1573 594 1632 arduis
640 1573 714 1628 ad
764 1573 973 1643 Joppen
1016 1581 1074 1628 et
1109 1573 1442 1643 campestria
1479 1574 1706 1630 veniens

109 1668 400 1740 propheta,
435 1678 582 1724 recte
607 1667 808 1723 dicitur
830 1666 1185 1722 descendisse
1221 1665 1395 1737 (Iona:
1422 1666 1486 1738 t).

1885 1387 2098 1443 Tharsis
2132 1391 2212 1446 vel
2268 1393 2418 1462 regio
2462 1392 2626 1446 ludizc
2677 1401 2782 1460 est,
2817 1402 2876 1448 ut
2931 1394 3047 1448 vult
3094 1393 3413 1466 Iosephus:

1810 1481 1894 1535 vel
1933 1490 2084 1540 certe
2114 1497 2276 1539 omne
2319 1485 2543 1562 pelagus
2575 1484 2800 1550 Tharsis
2831 1487 3157 1557 appellatur,
3191 1498 3248 1546 et
3287 1491 3413 1545 coeli

1811 1574 1972 1629 habet
1999 1575 2415 1632 similitudinem
2449 1576 2712 1650 (Ieremiw
2735 1578 2812 1649 ιι).

1882 1667 2090 1723 Tltecue
2135 1679 2221 1725 est
2253 1672 2508 1741 oppidum
2555 1673 2698 1741 quod
2747 1688 2841 1729 sex
2873 1674 3114 1730 millibus
3148 1674 3212 1730 ad
3257 1677 3418 1731 nteri-

182 1760 421 1814 Madian.
452 1759 598 1815 Nulli
649 1759 872 1824 dubium
927 1770 1031 1825 est,
1066 1759 1387 1815 Madianitas
1437 1770 1492 1815 et
1539 1767 1706 1824 totam
1741 1741 1787 1800 B
1815 1761 2030 1821 dianam
2065 1763 2278 1835 plagam
2315 1765 2472 1821 abest
2501 1782 2529 1820 a
2555 1777 2739 1822 sancta
2775 1766 3082 1834 Bethleem,
3111 1785 3231 1844 qua:
3262 1786 3417 1822 mun-

107 1855 278 1910 cremi
321 1855 632 1910 vastitatem
685 1853 939 1924 adjacere
1003 1866 1161 1908 terra:
1205 1853 1421 1910 Arabia:
1466 1853 1703 1926 (Exerit.

108 1947 263 2014 xxvi

180 2041 436 2098 Mambre.
472 2043 512 2097 Α
547 2041 795 2097 Mambre
826 2056 1001 2113 usque
1037 2041 1104 2097 ad
1140 2041 1380 2098 Montem
1414 2042 1582 2108 Maria
1615 2041 1708 2097 vix

105 2135 273 2190 unius
310 2135 421 2190 diei
464 2135 570 2188 iter
637 2133 856 2205 plenum
899 2144 979 2189 est
1013 2135 1031 2206 (
1069 2133 1265 2202 Qumt.
1315 2140 1366 2189 in
1414 2132 1600 2189 Cenes.
1659 2151 1707 2190 c.

101 2244 238 2293 m1,
271 2228 355 2297 5).

178 2319 446 2373 Morastlti
500 2334 673 2390 usque
715 2319 876 2376 hodie
907 2319 1060 2391 juxta
1110 2320 1588 2392 Eleutheropolim
1614 2336 1709 2386 ur-

103 2414 226 2470 bem
277 2413 611 2478 Palmstinzc,
647 2414 788 2478 haud
828 2415 1052 2488 grandis
1095 2425 1179 2470 est
1222 2413 1707 2487 viculus(Proaem,.

105 2506 306 2562 Comm.
339 2507 398 2560 in
429 2505 752 2578 illic/tatam).

179 2601 445 2667 Nemrim,
478 2601 737 2672 oppidum
783 2617 948 2673 super
996 2618 1146 2659 mare
1197 2601 1468 2666 Mortuum
1523 2602 1704 2676 (Ιεαὶ.

105 2697 219 2765 xv).

177 2788 344 2868 298
377 2785 710 2858 Petra.Qu:e
737 2798 792 2845 et
822 2789 939 2860 ipsa
969 2791 1099 2848 urbs
1123 2791 1415 2854 Palestina:
1442 2800 1530 2858 est.
1549 2791 1705 2866 (limi.

104 2889 258 2951 xui).

174 2973 418 3029 Pharon.
462 2974 683 3030 Vicinus
711 2985 794 3032 est
827 2976 978 3034 locus
1025 2978 1194 3033 monti
1228 2978 1361 3034 Sina
1389 2979 1573 3048 (Abac.
1602 2980 1704 3049 ιιι).

173 3070 436 3125 Rabbatlt.
469 3072 788 3143 Metropolis
832 3075 1054 3132 nomine
1083 3075 1355 3143 Rabbatlt,
1385 3093 1504 3147 qua:
1545 3077 1708 3136 hodie

100 3180 129 3219 a
184 3182 312 3237 rege
369 3167 601 3240 {Egypti
648 3131 969 3236 Ptolemaeo,
1021 3131 1783 3243 (δοειιοιιιειιιίοιΡιιιιιιιιθιζα

99 3258 230 3329 pho,
262 3261 352 3331 qui
393 3262 656 3316 Arabiam
712 3265 908 3330 tenuit,
940 3279 1064 3319 cum
1109 3265 1296 3330 Judtna
1327 3267 1705 3338 Philadelphia

98 3366 416 3428 nuncupata
449 3365 540 3412 est
569 3356 784 3430 (Exegit.
818 3357 968 3430 xxv).

172 3433 343 3502 Romo
393 3459 484 3504 est
515 3450 645 3506 urbs
666 3449 720 3504 in
759 3451 902 3506 tribu
932 3451 1238 3528 Beniamin,
1279 3454 1330 3521 in
1373 3456 1610 3526 septimo
1633 3455 1711 3512 la-

99 3541 224 3611 pide
251 3543 323 3597 ab
351 3542 720 3614 Jcrosolymis
752 3544 856 3600 sita
884 3544 1065 3617 (Osee,
1099 3546 1173 3617 v).

170 3634 405 3689 Ramotlt
448 3633 680 3689 Galaad.
715 3635 855 3692 Urbs
881 3648 1031 3694 trans
1060 3638 1356 3706 Jordattent
1399 3640 1451 3706 ἱιι
1496 3658 1711 3712 posscs-

97 3727 251 3784 sione
284 3729 464 3784 tribus
499 3727 636 3784 Gad.
673 3728 792 3799 lpsa
825 3729 1177 3800 fugitivorum
1203 3733 1396 3787 civitas
1425 3733 1544 3788 fuit.

171 3821 550 3884 Rhinocorura
585 3834 666 3882 est
710 3823 976 3894 oppidum
1015 3823 1076 3886 io.
1125 3823 1709 3896 £3)"pti.Pstla'stinte-

98 3928 204 3985 que
233 3914 480 3976 conﬁnio
516 3912 672 3984 (latri.
707 3915 900 3987 xxvii).
1311 3940 1314 3944 -

171 4007 570 4063 Rhinocorura.
604 4007 746 4063 Urbs
778 4009 844 4062 ad
883 4017 1180 4066 torrentem
1218 4011 1446 4078 deserti,
1477 4013 1591 4068 sive
1622 4028 1715 4069 oc-

99 4099 359 4166 cidentis,
395 4109 457 4154 ut
487 4098 636 4164 LXX
684 4102 1119 4168 transtulerunt;
1150 4103 1290 4160 inter
1316 4113 1521 4160 eam.et
1551 4104 1710 4161 Peluo

100 4194 237 4248 sium
263 4196 418 4250 rivus
451 4196 564 4250 Nili
593 4195 706 4249 sive
738 4203 960 4254 torrens
987 4197 1062 4252 dio
1086 4214 1272 4254 eremo
1305 4200 1552 4269 veniens,
1567 4217 1714 4258 mare

102 4288 412 4359 ingreditur
443 4292 648 4361 (Amos,
679 4291 779 4362 Vl).

178 4383 449 4439 Samaria.
490 4385 673 4440 Altera
719 4385 850 4444 urbs
887 4383 989 4440 fuit
1037 4386 1362 4457 metropolis,
1385 4388 1576 4450 decem
1616 4388 1712 4443 Iri-

103 4473 293 4540 buum,
331 4495 455 4548 qua:
491 4489 681 4548 postea
710 4477 781 4533 ab
811 4478 1064 4549 Angusto.
1083 4478 1300 4537 Caesare
1326 4480 1601 4549 appellata
1632 4489 1720 4536 est

104 4573 371 4644 Augusta,
407 4576 464 4630 id
509 4583 614 4639 est,
646 4575 876 4631 Sebastc
908 4593 920 4626 :
957 4576 1010 4630 in
1055 4590 1162 4644 qua
1212 4583 1266 4629 et
1313 4589 1448 4639 ossa,
1489 4574 1718 4634 Joannis

103 4666 367 4738 Baptista:
392 4669 618 4739 condita
651 4681 778 4736 sunt
803 4669 976 4742 (Osee,
1009 4670 1070 4740 ι).

179 4763 356 4816 Saron
398 4763 584 4817 omnis
613 4763 766 4833 juxta
799 4762 1009 4834 ιΙοριιειιι
1045 4761 1380 4832 Liddantque
1407 4761 1717 4831 appellatur

106 4855 279 4924 regio,
310 4856 512 4926 in-qua
551 4855 801 4911 latissimi
844 4856 1020 4926 campi
1062 4854 1388 4925 fertilesque-
1421 4855 1719 4910 tenduntur

107 4947 266 5020 (Isai.
301 4949 530 5022 xum),

182 5045 355 5118 Segor
388 5045 444 5099 in
480 5046 680 5100 linibns
723 5047 1075 5104 Moabitarunt
1111 5047 1212 5101 sita
1238 5056 1343 5113 est,
1375 5043 1628 5104 dividens
1653 5044 1724 5100 ab

107 5123 176 5192 iis
201 5146 425 5198 terram.
441 5137 758 5195 Philistiim.

1815 1853 1867 1908 di
1911 1854 2096 1925 genuit
2136 1856 2512 1921 Salvatorem;
2555 1867 2608 1912 et
2650 1858 2788 1912 ultra
2834 1859 3016 1914 uullus
3057 1871 3143 1914 est
3184 1861 3414 1925 νίςιιὶιις,

1815 1963 1883 2001 ne
1921 1956 2166 2018 agrestes
2209 1949 2426 2020 quidem
2457 1965 2619 2004 casae.
2649 1949 2821 2004 Tanta
2855 1962 2941 2007 est
2969 1955 3142 2008 eremi
3171 1955 3413 2018 vastitas,

1812 2055 1933 2110 quae
1990 2051 2164 2110 usque
2221 2041 2287 2095 ad
2345 2058 2496 2097 mare
2563 2043 2847 2111 Rubrum,
2907 2045 3306 2116 Persarumque
3363 2057 3418 2102 et

1813 2128 2138 2200 [Ethiopum
2189 2141 2350 2201 atque
2400 2132 2655 2188 Indorum
2717 2133 2985 2191 terminos
3032 2137 3293 2192 dilatatur
3327 2137 3416 2208 (In

1817 2221 2045 2278 I’roazm.
2081 2222 2226 2278 Com.
2255 2227 2309 2279 in
2339 2227 2548 2293 Amos).

1892 2317 2147 2372 Thecuam
2178 2319 2414 2374 vicnlum
2457 2335 2579 2375 esse
2614 2322 2667 2376 in
2708 2334 2895 2379 monte
2938 2325 3124 2389 situm,
3159 2327 3323 2406 ωε
3361 2337 3416 2384 ct

1815 2411 2104 2474 duodecim
2151 2413 2396 2474 millibus
2429 2415 2497 2470 ab
2539 2415 2904 2496 Jerosolytnis
2938 2431 3250 2489 separatum
3281 2438 3415 2494 quo-

1817 2504 1949 2560 tidie
1977 2505 2151 2562 oculis
2178 2507 2454 2563 cernimus
2481 2508 2700 2581 (Jerem.
2738 2528 2802 2578 ιι,
2827 2513 2902 2582 7).

1885 2597 2117 2653 Theman
2134 2599 2493 2656 Idumznorum
2521 2602 2672 2674 regio
2693 2613 2797 2671 cst,
2818 2615 2873 2660 ct
2897 2606 3068 2679 uergit
3092 2608 3166 2664 ad
3185 2612 3414 2664 Austra-

1815 2690 1920 2754 lcm
1962 2690 2205 2764 plagam;
2253 2709 2372 2763 quae
2413 2696 2692 2762 provincia
2755 2711 2863 2751 non
2921 2698 3095 2753 solum
3146 2699 3411 2774 Themau,

1814 2784 1912 2838 sed
1944 2794 2000 2840 et
2040 2787 2245 2851 Daron,
2272 2794 2328 2841 et
2360 2786 2545 2858 Nageb
2574 2789 2790 2856 dicitur,
2822 2806 2888 2845 eo
2935 2793 3080 2862 quod
3120 2793 3327 2852 Eurum
3359 2807 3414 2850 ct

1813 2877 2101 2945 Austrum,
2138 2879 2494 2960 Alricumque
2526 2885 2782 2954 respiciat
2804 2883 3023 2955 (Ibid.).

1888 2970 2140 3041 T/topltet.
2177 2976 2281 3028 Ara
2313 2973 2584 3054 Thophet,
2613 2991 2736 3046 quae
2778 2986 2861 3032 est
2901 2978 2952 3031 in
2996 2978 3135 3034 valle
3163 2978 3257 3034 lilii
3304 2979 3413 3034 Ett-

1815 3080 1962 3131 nom,
1995 3067 2146 3120 illum
2173 3067 2350 3122 locum
2389 3069 2685 3140 signiﬁcat,
2711 3071 2800 3140 qui
2832 3069 2981 3126 Siloe
3015 3071 3250 3126 fontibus
3289 3073 3413 3127 irri-

1814 3169 2008 3230 gatur;
2041 3171 2095 3216 et
2125 3172 2208 3216 est
2229 3163 2636 3218 amoenissimus
2667 3175 2828 3235 atque
2854 3181 3200 3232 nemorosus,
3221 3165 3413 3222 hodie-

1813 3269 1918 3325 que
1950 3253 2235 3318 ltortorum
2266 3260 2476 3334 praebet
2514 3256 2761 3318 delicias.
2800 3256 2894 3311 llic
2925 3265 3107 3312 autem
3137 3258 3414 3328 gentilita-

1815 3347 1882 3401 tis
1913 3362 2068 3403 error
2099 3364 2290 3410 omnes
2336 3350 2652 3426 provincias
2681 3353 2994 3420 occupavit,
3027 3360 3086 3405 ιιι
3127 3351 3192 3405 ad
3235 3352 3415 3420 capita

1813 3439 2045 3500 fontium
2090 3443 2350 3516 lucos-que
2404 3445 2806 3502 ammnissimos
2856 3445 3110 3500 victimas
3161 3445 3414 3504 immola-

1815 3546 1960 3602 rent,
1993 3543 2049 3592 et
2079 3537 2260 3593 omnis
2291 3553 2470 3607 prava:
2503 3539 2913 3610 superstitionis
2942 3538 3135 3610 religio
3163 3554 3415 3594 scrvare-

1818 3639 1924 3684 tnr.
1951 3629 2237 3701 ThOpheth
2264 3631 2447 3704 lingua
2469 3633 2696 3690 Uebrzca
2723 3633 3117 3702 interpretatur
3150 3632 3413 3687 latitudo:

1815 3726 2191 3795 scriptumque
2222 3727 2393 3782 let-tur
2421 3729 2472 3781 in
2517 3729 2656 3782 libro
2698 3727 2868 3783 Josuc
2907 3727 3001 3781 lilii
3032 3725 3178 3791 Nun,
3203 3725 3273 3781 de
3316 3725 3418 3781 hoc

1816 3819 1938 3876 loco
1965 3820 2335 3893 quimest
2365 3823 2418 3876 in
2447 3820 3416 3888 valieﬁliiﬁnnom,“llebraieedi-

1817 3914 1962 3969 citur:
1979 3930 2041 3983 ge
2055 3912 2280 3969 Eunoni.
2303 3914 2378 3969 ϐο
2392 3916 2591 3990 quippe
2604 3919 2863 3992 φάραγγα,
2887 3913 2988 3968 hoc
3007 3924 3112 3979 est,
3130 3913 3316 3967 vallem
3333 3923 3422 3979 ;et

1817 4003 2022 4059 Emtom
2048 4006 2136 4062 vel
2167 4007 2403 4062 hominis
2444 4026 2667 4072 nomen,
2701 4009 2786 4063 vel
2817 4008 3040 4078 gratiam
3072 4015 3252 4060 sonat.
3286 4004 3420 4060 Tra-

1818 4101 2060 4172 duntqne
2101 4102 2312 4164 llehrmi
2345 4119 2411 4158 ex
2437 4101 2538 4164 hoc
2565 4104 2685 4160 loco
2717 4101 3044 4171 appellatalii
3078 4098 3420 4167 Gehennam,

1817 4194 1963 4264 quod
1994 4194 2204 4250 scilicet
2234 4196 2412 4249 omnis
2448 4196 2686 4265 papulas
2724 4193 3041 4248 Judaiooum
3075 4191 3160 4250 ibi.
3178 4191 3423 4262 perierit,

1818 4286 2104 4342 oilemlens
2148 4288 2340 4344 Deum.
2373 4287 2430 4343 ln
2462 4304 2570 4358 quo
2603 4289 2724 4340 loco
2772 4286 2942 4340 etiam
2995 4284 3136 4338 ﬁlios
3188 4299 3318 4340 suos
3369 4284 3422 4338 in

1819 4379 1942 4454 igne
1986 4380 2155 4446 idolis
2193 4383 2598 4448 consecrarunt.
2630 4381 2746 4435 sive
2787 4378 3168 4440 holocaustum
3213 4377 3428 4440 obtule-

1819 4473 1951 4540 rint,
1974 4476 2118 4544 quod
2168 4493 2280 4532 non
2308 4471 2645 4546 praeceperit.
2665 4473 2774 4537 eis,
2802 4485 2905 4530 nec.
2934 4471 3044 4528 ulla
3077 4471 3214 4542 legis
3245 4472 3424 4541 jusse-

1828 4569 1899 4622 rit
1928 4568 2212 4626 sanatione
2239 4555 2456 4643 (Jrrcm.
2483 4567 2601 4638 vn).

1897 4661 2069 4732 Tyrus
2101 4674 2152 4718 et
2179 4662 2348 4718 Sidon
2375 4661 2427 4715 in
2470 4660 2749 4723 thnicis
2773 4660 2960 4717 littore
2984 4660 3265 4730 principes
3295 4656 3428 4712 civi.-

1829 4763 2050 4811 κως»...
2074 4771 2302 4825 quarum
2331 4754 2614 4825 Carthago-
2635 4755 2862 4812 colonia:
2882 4753 3100 4826 (Jama.
3139 4749 3296 4819 XXV).

1913 4849 2098 4917 Vallis,
2120 4865 2213 4903 seu
2238 4849 2477 4904 Torretts
2503 4848 2807 4917 Spinarum,
2838 4857 2922 4902 est
2967 4848 3118 4900 locus
3159 4843 3312 4912 juxta
3345 4839 3432 4893 Li-

1830 4943 2042 4998 viadem
2094 4951 2242 4996 trans
2292 4956 2442 4996 mare
2482 4940 2774 5004 Mortuum,
2805 4945 2962 4991 sexto
2999 4935 3068 4988 ab
3115 4949 3174 4986 ea
3222 4929 3434 4984 distans

1831 5038 2110 5102 milliario,
2141 5035 2230 5096 ubi
2281 5034 2570 5106 quondam.
2603 5048 2740 5096 cum,
2767 5027 3090 5096 Madiattitis.
3128 5023 3432 5085 lorttiCatus

1831 5140 1916 5188 est
1942 5130 2108 5187 Israel
2129 5128 2289 5203 (Joei.
2317 5127 2422 5199 ιιι).
