4010 6320
585 352 693 412 9A5
1695 329 1718 385 ἱ

1831 329 1885 387 8.
1932 326 2203 389 EUSEBII
2241 324 2618 385 lllERONYMl

3798 318 3896 375 θιι

577 476 693 535 post
733 459 998 514 meridiem
1038 455 1203 509 habet
1242 471 1253 504 :
1290 452 1413 523 quia
1445 452 1503 507 τὸ
1534 446 1739 505 δειλινὸν
1765 446 2015 501 Οτιερωη
2066 459 2182 499 ser-

2296 453 2464 509 tur,et
2511 439 2791 495 custodiret
2832 436 2964 492 viam
3016 437 3145 508 ligni
3200 433 3337 490 vita’.
3375 433 3497 491 Non
3538 432 3687 504 quod
3730 431 3895 502 ipsum

575 570 793 613 nionem
846 551 910 605 ad
955 550 1184 604 verbum
1219 545 1519 601 transferre
1568 558 1675 596 non
1718 555 2053 612 possumus:
2089 552 2186 613 pro

573 666 681 721 quo
732 649 787 703 in
835 645 1068 701 Hebraeo
1120 641 1385 710 scriptum
1447 645 1533 694 est
1562 647 1610 701 ιι,
1663 650 1835 689 unus
1876 648 2003 687 tuost
2042 606 2185 702 (ΠΤῦ

571 740 740 807 nun),
776 738 919 809 quod
947 734 1135 807 Aquila
1171 736 1561 802 interpretatus
1601 738 1685 784 est
1714 730 1762 781 ἐν
1796 735 1870 801 τῷ
1898 727 2061 796 ἁνέμω
2093 732 2186 784 τῆς

571 836 786 909 ἡμέρας,
822 830 873 885 id
921 839 1024 889 est,
1055 830 1110 881 in
1160 836 1310 881 vento
1356 824 1480 877 diei.
1533 820 1902 893 Symmachus
1946 831 2076 871 vero
2103 814 2186 872 διὰ

570 923 869 996 πνεύματος
916 924 1130 995 ἡμέρας,
1164 918 1216 972 id
1267 924 1373 981 est,
1432 932 1523 984 per
1561 914 1801 980 spiritum
1843 911 1967 964 diei.
2012 908 2185 963 Porro

572 1016 916 1071 Theodotion
947 1012 1288 1066 manifestius
1318 1012 1365 1063 ἐν
1406 1016 1480 1081 τῷ
1523 1009 1781 1076 πνεύματι
1808 1004 1937 1079 πρὸς
1958 1000 1984 1039 b
2014 1001 2182 1055 κατὰ·

572 1108 725 1180 dum
753 1116 846 1168 τῆς
882 1107 1094 1180 ἡμέρας,
1121 1111 1179 1158 ut
1208 1100 1511 1156 meridiano
1556 1100 1741 1152 calore
1770 1101 2064 1157 transacto,
2098 1106 2183 1146 re-

574 1201 857 1271 frigerium
881 1215 1027 1251 aura!
1058 1198 1319 1266 spirantis
1340 1191 1675 1248 ostenderet.

645 1293 829 1366 (Vers.
860 1290 978 1363 M.)
1001 1290 1171 1360 Super
1196 1298 1371 1359 pectus
1403 1295 1570 1351 tuum,
1590 1293 1638 1337 et
1663 1290 1887 1335 ventrem
1911 1289 2057 1331 tuum
2082 1294 2185 1331 am-

574 1385 792 1441 bulabis.
810 1383 1071 1439 Ventrem
1091 1380 1445 1450 Septuaginta
1472 1378 1800 1445 interpretes
1822 1372 2183 1427 addiderunt:

573 1490 834 1533 caeterum
864 1475 918 1529 in
952 1473 1178 1528 Hebraeo
1206 1481 1381 1543 pectus
1411 1480 1616 1524 tantum
1658 1467 1820 1521 habet
1853 1484 1865 1518 :
1892 1475 1949 1518 ut
1971 1464 2182 1519 eallidi~

576 1579 741 1626 tatem
766 1580 820 1625 et
850 1567 1123 1625 versutias
1152 1564 1543 1636 cogitationum
1576 1563 1695 1632 ejus
1720 1560 1959 1631 aperiret
1991 1576 2003 1612 :
2038 1559 2181 1630 quod

575 1679 767 1719 omnes
797 1676 1020 1733 gressus
1051 1660 1169 1729 ejus
1204 1658 1457 1727 nequitia:
1489 1663 1770 1719 essent,et
1801 1652 2033 1707 fraudes.
2074 1651 2181 1707 Sed

579 1766 633 1810 et
666 1755 717 1810 id
743 1754 885 1825 quod
914 1751 1161 1820 sequitur
1187 1748 1435 1803 :Terram
1467 1745 1866 1799 ntanducabisc.
1901 1743 2005 1797 I’ro
2037 1751 2182 1796 terra

2289 534 2482 592 Adam.
2518 547 2677 601 quem
2706 529 2945 599 ejecerat
2996 526 3158 588 Deus.
3192 526 3441 581 habitare
3485 525 3685 581 fecerit
3714 534 3895 578 contra

2289 623 2600 694 paradisum
2628 619 2959 691 voluptatis;
2989 620 3083 675 sed
3116 618 3263 687 quod
3287 619 3382 673 illo
3402 618 3582 687 ejecto
3610 626 3742 672 ante
3767 616 3894 671 fores

2286 714 2522 785 paradisi
2568 712 2891 773 Cherubim,
2922 720 2977 766 et
3022 710 3333 764 ﬂammeum
3373 710 3618 781 gladium
3660 710 3896 780 pmuerit

2285 807 2351 860 ad
2380 806 2795 862 custodiendum
2826 802 3063 874 paradisi
3092 802 3443 868 vestibulum,
3464 818 3533 857 ne
3560 804 3686 872 quis
3713 811 3887 872 posset

2287 900 2516 955 intrare.

2362 996 2519 1068 (Cap.
2550 996 2638 1052 IV.
2681 1024 2751 1035 —
2776 994 2939 1050 Vers.
2976 993 3054 1062 l.)
3087 992 3155 1046 Et
3178 992 3421 1063 concepit
3446 1002 3496 1047 et
3520 991 3725 1063 peperit
3755 991 3889 1049 Cain.

2283 1098 2332 1143 et
2380 1090 2533 1156 dixit,
2573 1088 2818 1159 acquisivi
2864 1089 2969 1141 sive
3014 1085 3220 1157 possedi
3265 1084 3532 1138 hominem
3571 1101 3666 1155 per
3718 1082 3886 1138 Deum.

2284 1181 2416 1237 Cain
2477 1185 2629 1270 (ΓΡ),
2686 1182 2995 1253 acquisitio,
3026 1181 3141 1235 sive
3172 1183 3451 1248 possessio
3485 1180 3889 1250 interpretatur,

2283 1275 2335 1331 id
2365 1286 2449 1331 est
2477 1285 2677 1341 κτῆσις,
2715 1275 2856 1330 unde
2876 1282 2931 1329 et
2960 1272 3345 1344 etymologiam
3392 1272 3565 1341 ipsius
3594 1273 3894 1341 exprimens

2284 1369 2381 1435 ait,
2424 1385 2642 1425 CANINI!
2705 1369 2922 1451 (mup),
2978 1367 3031 1422 id
3096 1374 3201 1433 est,
3245 1366 3454 1437 possedi
3493 1365 3757 1419 hominem
3816 1382 3893 1433 per

2288 1460 2475 1517 Deum.

2360 1556 2543 1626 (Vers.
2567 1558 2651 1629 tl.)
2674 1554 2741 1610 Et
2769 1555 2995 1625 respexit
3020 1552 3163 1608 Deus
3186 1569 3340 1626 super
3368 1552 3513 1620 Abel,
3541 1562 3590 1607 et
3616 1567 3777 1620 super
3793 1566 3890 1603 mue

2285 1665 2409 1703 nera
2438 1650 2552 1721 ejus
2567 1664 2586 1703 :
2608 1666 2765 1716 super
2784 1646 2913 1702 Cain
2944 1656 3115 1701 autem
3137 1656 3184 1701 et
3207 1662 3365 1718 super
3388 1647 3647 1715 sacriﬁcia
3668 1649 3785 1718 ejus
3802 1660 3891 1697 non

2283 1743 2527 1813 respexit,
2558 1750 2603 1795 et
2631 1742 2962 1795 contristatus
2990 1750 3064 1794 est
3099 1737 3231 1793 Cain
3263 1739 3422 1793 valde.
3454 1738 3606 1794 Unde
3627 1741 3779 1792 scire
3805 1751 3892 1806 po-

579 1865 756 1904 Αιηωι
780 1848 797 1920 (
819 1844 968 1916 Ἓν)
1000 1844 1264 1912 scriptum
1294 1854 1399 1905 εει,
1419 1840 1561 1911 quod
1594 1852 1692 1892 nos
1714 1836 1955 1891 favillam
1985 1844 2040 1891 et
2065 1835 2185 1907 pul-
2214 1847 2262 1906 Β
2290 1846 2430 1892 terat
2455 1834 2610 1899 Cain,
2645 1834 2787 1904 quod
2818 1834 3005 1888 fratris
3036 1848 3264 1887 munera
3293 1830 3609 1899 suscepisset
3635 1828 3807 1893 Deus,
3844 1837 3895 1881 et

578 1957 766 1999 verem
794 1952 1085 2008 poSs-umus
1116 1936 1320 1991 dicere.

654 2032 837 2103 (Vers.
872 2030 986 2099 15.)
1020 2027 1045 2082 Ι
1056 2044 1143 2098 pse
1170 2025 1391 2081 servabit
1421 2032 1577 2095 caput
1604 2033 1769 2087 tuum,
1800 2032 1846 2076 et
1875 2032 1926 2074 tu
1956 2020 2183 2075 servabis

574 2127 686 2198 ejus
717 2124 1039 2175 calcaneum.
1064 2118 1255 2173 Melius
1284 2116 1445 2170 habet
1474 2115 1528 2170 in
1554 2115 1781 2170 Hebraeo
1812 2130 1825 2167 :
1858 2114 1979 2184 Ipse
2012 2122 2186 2167 conte-

576 2228 653 2272 ret
677 2225 832 2287 caput
859 2224 1027 2282 tuum,
1056 2224 1105 2266 et
1132 2222 1185 2265 tu
1218 2220 1444 2265 conteres
1467 2213 1580 2283 ejus
1601 2207 1898 2263 calcaneum
1917 2223 1936 2261 :
1967 2208 2089 2276 quia
2121 2216 2181 2261 et

574 2312 747 2365 nostri
790 2320 1012 2379 gressus
1041 2304 1447 2375 praepediuntur
1469 2318 1499 2355 a
1540 2302 1805 2356 colubro:
1838 2308 1894 2355 et
1920 2298 2183 2353 Dominus

573 2415 823 2461 conteret
844 2402 1103 2457 Satanam
1127 2398 1229 2452 sub
1257 2396 1487 2467 pedibus
1519 2394 1722 2449 nostris
1753 2392 2035 2447 velociter.

642 2498 827 2570 (Vers.
875 2495 988 2565 16.)
1027 2491 1387 2563 Multiplicans
1421 2489 1779 2559 multiplicabo
1805 2487 2041 2541 tristitias
2068 2495 2180 2539 tuas

570 2604 616 2648 et
664 2593 885 2666 gemitus
934 2599 1070 2644 tuos.
1106 2588 1212 2641 Pro
1260 2584 1477 2640 tristitia
1509 2592 1562 2638 et
1590 2583 1822 2652 gemitu,
1856 2581 1909 2635 in
1954 2579 2182 2634 Hebraao

580 2688 786 2742 dolores
816 2694 864 2738 et
893 2690 1167 2753 conceptus
1200 2678 1386 2732 habet.

653 2780 721 2832 Et
743 2779 811 2831 ad
841 2779 1007 2830 virum
1051 2772 1311 2827 conversio
1352 2780 1460 2823 tua.
1490 2768 1597 2823 Pro
1627 2765 1989 2823 conversione
2018 2763 2182 2834 310

572 2869 791 2937 Aquila,
825 2869 1157 2922 societatem:
1186 2861 1566 2935 Symmachus,
1597 2859 1881 2930 appetitum
1903 2856 1989 2912 vel
2016 2857 2184 2923 impe-

579 2973 689 3015 tum
708 2942 1131 3014 transtulerunt.

648 3054 827 3127 (Vers.
862 3053 974 3120 t7.)
998 3049 1023 3087 ιι
1050 3050 1330 3104 Maledicta
1354 3060 1491 3103 terra
1520 3048 1572 3101 in
1595 3046 1833 3116 operibus
1858 3046 1979 3098 tuis.
2000 3044 2177 3113 Opera

576 3145 665 3200 hic
689 3159 795 3198 non
824 3141 970 3197 ruris
997 3140 1236 3205 colendi,
1271 3149 1328 3195 ut
1357 3139 1601 3208 plerique
1629 3145 1839 3207 putant,
1867 3134 1961 3190 sed
1990 3149 2180 3205 pecca-

2288 1947 2384 1985 sua
2432 1931 2774 1998 repudiasset
2813 1947 2825 1982 :
2864 1930 2967 1982 nisi
3020 1928 3113 1982 illa
3167 1921 3579 1995 interpretatioh
3612 1936 3743 1977 vera
3777 1930 3891 1987 est,

2286 2038 2444 2094 quam
2485 2021 2832 2077 Tltcodotiun
2864 2021 3023 2092 311
3059 2020 3257 2089 posuit.
3316 2017 3384 2071 Et
3413 2018 3746 2086 inﬂammavit
3779 2014 3891 2068 Do-

2287 2118 2457 2169 minus
2488 2132 2643 2185 super
2671 2114 2818 2179 Abel,
2837 2126 2883 2168 et
2904 2130 3059 2183 super
3074 2112 3391 2181 sacriﬁcium
3411 2114 3523 2184 ejus
3552 2126 3740 2181 :suptr
3768 2106 3893 2163 Cain

2288 2218 2495 2277 vero,et
2516 2227 2674 2279 super
2702 2211 3017 2277 sacri/icium
3046 2210 3159 2273 eius
3194 2225 3295 2261 non
3325 2209 3687 2277 inﬂammavit.
3718 2207 3889 2277 Ignem

2287 2314 2471 2359 autem
2502 2303 2570 2358 ad
2602 2302 2930 2358 sacriﬁcium
2956 2302 3328 2357 devorandum
3361 2300 3581 2355 solitum
3624 2300 3813 2353 venire
3832 2297 3891 2352 de

2285 2400 2428 2455 cmlo
2455 2415 2467 2451 :
2499 2406 2554 2453 et
2600 2398 2651 2451 in
2685 2396 3035 2452 dedicatione
3071 2394 3263 2465 templi
3309 2394 3408 2449 sub
3441 2393 3744 2449 Salomone
3775 2393 3893 2462 legi-

2286 2513 2429 2564 mus,
2464 2507 2515 2551 et
2559 2496 2777 2566 quando
2817 2495 2963 2549 Elias
2997 2496 3049 2547 in
3094 2500 3279 2547 monte
3306 2490 3563 2547 Carmelo
3596 2492 3896 2546 construxit

2284 2590 2457 2644 altare
2484 2589 2552 2659 (ll
2576 2588 2704 2642 Par.
2734 2602 2825 2647 vtt,
2866 2586 2915 2651 1;
2944 2583 3013 2638 Ill
3043 2583 3174 2655 Reg.
3211 2600 3367 2649 svnt,
3401 2581 3520 2655 38).

2356 2679 2537 2749 (Vers.
2572 2679 2653 2749 6.)
2700 2676 2767 2731 Et
2795 2677 2929 2731 dixit
2964 2673 3342 2731 Dominusiad
3373 2675 3537 2729 Cain:
3573 2674 3755 2740 Quare
3782 2691 3892 2729 con-

2282 2771 2409 2825 cidit
2440 2774 2609 2827 vultus
2631 2772 2791 2825 tuus?
2814 2770 3005 2825 Nonne
3033 2771 3078 2823 si
3105 2780 3241 2824 recte
3269 2768 3484 2836 oﬂ'eras,
3512 2786 3617 2823 non
3650 2779 3789 2823 recte
3815 2784 3895 2820 au-

2283 2876 2386 2921 tem
2408 2867 2632 2927 dividas.
2667 2867 2935 2937 peccasti?
2968 2864 3205 2933 Quiesce,
3240 2866 3308 2919 ad
3341 2876 3390 2921 te
3411 2866 3682 2920 conversio
3705 2866 3896 2936 ejus,et

2282 2972 2337 3016 tu
2387 2963 2735 3016 dominaberis
2758 2963 2889 3033 ejus.
2915 2961 3253 3017 Necessitatc
3280 2960 3674 3031 compellimur
3706 2961 3759 3014 in
3788 2959 3896 3013 sin-

2278 3058 2423 3130 gulis
2479 3057 2688 3111 diutius
2720 3056 3021 3110 immorari.
3082 3053 3369 3125 Siquidem
3421 3065 3475 3108 et
3527 3069 3677 3108 nunc
3733 3052 3899 3107 multo

2280 3150 2419 3203 alius
2444 3149 2495 3202 in
2518 3148 2773 3210 Hebrazo,
2800 3161 2963 3217 quam
2990 3147 3043 3201 in
3070 3146 3423 3216 Septuaginta
3449 3146 3897 3208 translatoribus,

574 3252 625 3294 ta
662 3251 685 3276 ο
715 3235 1288 3308 signifieanturwtin
1322 3233 1554 3288 Hebraeo
1585 3231 1818 3286 habetur
1847 3246 1860 3283 :
1887 3228 1955 3284 Et
1983 3228 2178 3299 Aquila
2205 3228 2251 3291 C
2284 3254 2479 3295 sensus
2528 3249 2632 3295 ρει,
2692 3239 2785 3294 Ait
2831 3238 2975 3294 enim
3030 3238 3298 3294 υοηιῑηυε
3352 3238 3418 3293 ad
3469 3238 3604 3294 Cain
3666 3257 3681 3293 ε
3733 3239 3900 3305 Quare

574 3348 683 3388 non
714 3328 1015 3395 disctirdat,
1049 3327 1238 3382 dicens
1266 3343 1279 3379 :
1315 3325 1597 3379 Maledicta
1626 3328 1812 3379 humus
1858 3333 2063 3396 propter
2109 3334 2177 3379 te.

571 3427 643 3481 Et
678 3421 1017 3480 Tlteodmion
1061 3438 1073 3474 :
1109 3419 1392 3474 Maledicta
1436 3419 1627 3473 adama
1668 3419 1723 3473 in
1775 3419 2179 3489 transgressione

574 3533 683 3576 tua.

645 3612 829 3683 (Vers.
856 3608 975 3679 20.)
1010 3606 1078 3663 Et
1099 3607 1293 3661 vocavit
1318 3606 1483 3661 Adam
1508 3622 1696 3661 nomen
1744 3606 1920 3661 uxoris
1946 3622 2075 3671 suae,
2100 3607 2174 3659 vi-

573 3720 699 3773 tam,
727 3706 849 3778 quia
871 3706 982 3775 ipsa
1003 3712 1078 3756 est
1116 3710 1276 3755 mater
1297 3701 1529 3755 ontnium
1551 3700 1847 3754 viventium.
1875 3698 2054 3765 Quare
2075 3714 2177 3753 ενΑ

580 3800 713 3868 (τιτι
738 3802 781 3867 ),
819 3795 837 3832 τ
879 3794 933 3848 id
986 3801 1071 3849 est
1104 3794 1207 3848 vita
1260 3793 1332 3846 sit
1367 3791 1660 3862 appellata,
1700 3790 2067 3855 demonstrat,
2113 3805 2178 3845 e0

578 3892 721 3962 quod
746 3891 815 3945 sit
848 3897 1008 3941 mater
1044 3889 1273 3941 omnium
1299 3885 1593 3940 viventium.
1633 3884 1744 3939 Eva
1774 3884 1974 3954 quippe
2005 3894 2179 3939 trans-

577 3984 750 4040 fertur
772 3984 823 4037 in
857 3983 1033 4034 vitam.

652 4076 832 4147 (Vers.
864 4072 978 4140 3M.)
1024 4072 1088 4125 Et
1115 4072 1262 4139 eiecit
1290 4070 1477 4135 Adam,
1508 4079 1553 4122 et
1590 4070 1823 4124 habitare
1849 4069 1968 4139 fecit
2002 4079 2179 4124 contra

577 4166 876 4239 paradisum
900 4163 1198 4236 voluptatis.
1220 4162 1285 4215 Et
1314 4162 1493 4215 statuit
1515 4159 1787 4214 Cherubint
1816 4171 1862 4213 et
1885 4161 2177 4230 ﬂammeam

580 4261 923 4331 romphazam,
952 4273 1067 4329 qua:
1097 4257 1313 4312 vertitur
1358 4254 1427 4308 ad
1468 4252 1857 4310 custodiendam
1882 4254 2017 4307 viam
2052 4254 2179 4326 ligni

582 4359 720 4410 vitaz.
754 4356 905 4408 Alius
945 4354 1115 4408 multo
1143 4366 1337 4407 sensus
1363 4359 1448 4407 est
1485 4350 1538 4405 in
1584 4350 1814 4405 Hebraeo
1846 4365 2007 4419 quam
2034 4349 2121 4404 hic
2154 4360 2178 4397 ε

581 4444 923 4514 intelligitur.
958 4443 1044 4498 Ait
1085 4444 1231 4499 enim
1258 4462 1271 4497 :
1307 4441 1376 4497 Et
1406 4442 1764 4515 ejecitAdam,
1791 4441 1932 4496 haud
1953 4442 2175 4497 dubium

583 4538 712 4608 quin
746 4536 1010 4591 Dominus
1040 4554 1051 4587 :
1089 4535 1153 4589 Et
1187 4535 1420 4589 habitare
1451 4534 1568 4606 fecit
1603 4543 1721 4588 ante
1757 4535 2058 4603 paradisum
2094 4551 2180 4591 vo-

2280 3332 2549 3396 irasceris,
2574 3340 2621 3384 et
2658 3347 2819 3401 quare
2847 3330 3074 3384 concidit
3102 3330 3275 3385 vultus
3304 3332 3463 3385 tuus?
3492 3329 3687 3385 Nonne
3714 3333 3763 3384 si
3785 3332 3900 3385 bene

2280 3425 2468 3496 egeris,
2503 3424 2789 3478 dimittetur
2818 3423 2934 3489 tibi,
2960 3432 3007 3476 et
3039 3424 3083 3477 si
3112 3439 3215 3477 non
3248 3422 3373 3477 bene
3408 3424 3597 3493 egeris,
3623 3434 3750 3478 ante
3766 3427 3898 3494 fores

2281 3528 2550 3589 peccatum
2599 3527 2738 3571 tuum
2770 3516 3001 3571 sedebit?
3035 3526 3083 3570 et
3110 3518 3177 3569 ad
3201 3527 3251 3570 te
3288 3518 3505 3571 societas
3550 3517 3666 3587 ejus
3688 3532 3706 3571 :
3727 3517 3821 3569 sed
3844 3528 3895 3570 tu

2282 3614 2443 3685 magis
2493 3613 2760 3668 dominare
2814 3616 2948 3685 ejus.
3003 3612 3159 3680 Quod
3203 3621 3387 3667 autem
3439 3611 3598 3677 dicit,
3630 3614 3738 3666 hoc
3770 3623 3897 3667 est:

2285 3704 2458 3772 Quare
2482 3706 2744 3771 irasceris,
2777 3716 2832 3760 et
2862 3704 3080 3759 invidite
3110 3706 3162 3759 in
3199 3704 3428 3759 fratrem
3475 3704 3650 3758 livore
3681 3701 3897 3758 crucia-

2281 3807 2390 3866 tus,
2408 3799 2617 3854 vultum
2645 3797 2876 3852 dimittis
2898 3799 2949 3852 in
2985 3797 3227 3853 terram?
3254 3795 3445 3852 Nonne
3469 3798 3517 3851 si
3539 3800 3667 3851 bene
3716 3796 3899 3865 feceris

2282 3890 2571 3944 dimitttur
2602 3890 2693 3944 tibi
2720 3907 2869 3944 omne
2891 3889 3137 3945 delictum
3178 3900 3325 3943 tuum
3351 3906 3371 3943 :
3402 3891 3517 3945 sive
3547 3900 3608 3945 ut
3638 3890 3895 3946 Theodo-

2283 3984 2392 4039 tion
2422 3984 2516 4050 ait,
2552 3982 2865 4055 acceptabile
2895 3986 2990 4038 erit
3024 4001 3041 4038 :
3072 3984 3122 4040 id
3152 3993 3258 4051 est,
3286 3998 3483 4038 munus
3529 3994 3679 4039 tuum
3726 3982 3897 4039 susci-

2281 4076 2447 4145 piam,
2468 4085 2526 4129 ut
2548 4078 2764 4145 suscepi
2799 4076 2984 4131 fratris
3018 4076 3135 4131 tui?
3166 4077 3323 4143 Quod
3351 4078 3397 4129 si
3426 4077 3564 4130 male
3590 4079 3762 4145 egeris
3788 4094 3805 4130 :
3836 4078 3899 4129 it-

2281 4167 2381 4221 lico
2427 4179 2689 4238 peccatum
2745 4176 2864 4223 ante
2912 4162 3214 4222 vestibulum
3266 4178 3410 4223 tuum
3456 4169 3677 4233 sedebit,
3707 4178 3767 4225 et
3807 4168 3895 4223 tali

2277 4260 2521 4332 janitore
2561 4260 2935 4316 eomitaberis.
2966 4261 3171 4317 Verum
3206 4263 3327 4332 quia
3355 4261 3513 4317 liberi
3544 4262 3757 4318 arbitrii
3786 4278 3847 4318 es
3885 4279 3895 4313 :

2284 4368 2485 4409 moneo
2516 4360 2577 4407 ut
2624 4368 2730 4407 non
2781 4353 2875 4408 tibi
2909 4365 3217 4424 peccatum,
3250 4354 3346 4409 sed
3382 4363 3437 4409 tu
3469 4366 3697 4424 peccato
3718 4354 3895 4409 domi-

2284 4448 2450 4502 neris.
2493 4447 2646 4513 Quod
2678 4456 2858 4504 autem
2881 4448 2933 4503 in
2955 4447 3311 4517 Septuaginta
3340 4450 3737 4520 interpretibus
3771 4452 3894 4506 fecit

2285 4556 2560 4604 errorem,
2606 4540 2739 4596 illud
2785 4550 2915 4597 est:
2946 4542 3071 4612 quia
3112 4551 3399 4612 peccatum,
3436 4542 3492 4597 id
3539 4552 3642 4609 est,
3676 4557 3897 4599 nuru

586 4632 799 4703 luptatis
828 4628 1124 4698 Cherubim,
1145 4640 1190 4684 et
1220 4632 1519 4699 ﬂammeum
1557 4628 1815 4700 gladium,
1839 4630 1929 4701 qui
1967 4640 2182 4687 vertere-
2209 4621 2261 4682 D
2290 4634 2511 4706 (num)
2541 4635 2593 4691 in
2627 4636 2855 4691 Hebraeo
2881 4636 3102 4705 generis
3133 4635 3422 4691 masculini
3454 4645 3563 4703 est,
3586 4636 3637 4691 in
3667 4636 3679 4686 i
3705 4636 3899 4693 erco

663 4807 687 4831 ἰ
725 4792 959 4849 Codices
989 4793 1158 4847 nostri
1180 4832 1193 4853 ,
1222 4791 1310 4862 qui
1345 4789 1610 4845 llebraiea
1639 4790 1805 4845 verba
1835 4790 2044 4847 Graecis
2074 4793 2190 4848 ele-

585 4867 817 4931 mentis,
877 4880 983 4919 non
1050 4862 1297 4925 Latinis,
1360 4862 1680 4931 plerumque
1742 4862 2021 4929 elferunt,
2101 4864 2188 4919 hic

589 4950 779 4998 AAPOH
818 4947 968 4993 AIQM
1015 4936 1257 5002 habent,
1310 4933 1766 5003 quemadmodum
1818 4936 1867 4989 in
1922 4934 2187 4990 llebraico

587 5009 898 5068 Hexaplat'i.

657 5027 958 5135 i’x..li)’tlliitlliin.
1007 5079 1271 5151 xara'tpCtv.
1316 5075 1561 5151 Reginae
1593 5076 2077 5151 alter_uaraptit;tv,
2121 5092 2188 5133 ex

581 5155 781 5225 quibus
819 5147 1251 5225 liceteorru'ptis
1296 5149 1518 5200 vocibus
1548 5147 1678 5201 boni
1717 5147 1929 5218 aliquid
1962 5154 2189 5205 criticus

583 5220 861 5281 nonnemo
893 5220 1093 5273 eliciat.

662 5308 684 5336 ο
725 5292 889 5350 Addit
920 5291 1152 5344 Palatin.
1186 5288 1420 5341 omnibus
1459 5289 1635 5343 diebus
1666 5291 1782 5344 vitte
1811 5300 1930 5346 tum.

654 5365 680 5403 ἀ
724 5363 1007 5420 Maledicta
1024 5374 1161 5413 terra
1182 5363 1235 5412 in
1260 5362 1496 5431 operibus
1515 5366 1635 5415 tuis.
1661 5363 2027 5429 Quamplures
2049 5381 2180 5420 mss.

584 5441 771 5507 legunt
826 5440 876 5487 in
928 5434 1213 5507 singulari,
1263 5433 1542 5507 maledicta
1582 5444 1723 5507 terra
1776 5435 1831 5486 in
1878 5450 2031 5497 opere
2068 5446 2181 5489 tuo.

582 5504 737 5565 Hunc
767 5510 940 5559 locum
971 5504 1377 5572 reprehendunt
1405 5505 1615 5558 tiruici.
1650 5518 1748 5556 nos
1779 5520 1909 5558 vero
1937 5520 2062 5557 eum
2090 5510 2186 5560 de-

584 5581 854 5635 fendimus
882 5577 1019 5629 infra
1053 5575 1106 5628 in
1142 5575 1292 5628 Notis
1343 5573 1751 5641 prolixioribus.
1796 5575 2068 5630 Maurum.

660 5658 683 5685 ο
729 5650 897 5701 Antea
929 5654 1050 5718 erat
1086 5647 1411 5718 signiﬁcant.
1457 5643 1676 5718 Legerit
1718 5660 1879 5718 porto
1922 5647 2189 5718 Hierony-

590 5732 743 5775 mus,
779 5721 905 5782 quin
946 5716 1109 5769 etiam
1156 5715 1345 5783 Aquila
1389 5716 1647 5769 fortassis
1698 5727 1750 5769 et
1790 5715 2144 5773 Tlteodotion'
2170 5760 2184 5784 ,

588 5787 829 5862 Tum,
858 5801 978 5862 cum
1006 5797 1043 5831 -π
1071 5784 1249 5840 littera
1275 5802 1372 5853 pro
1401 5791 1456 5852 'l,
1487 5801 1606 5855 qua:
1652 5786 1915 5844 facillime
1958 5788 2099 5844 inter
2129 5805 2190 5846 se

595 5859 1017 5908 (onttnutantur.

2368 4793 2387 4832 ί
2438 4792 2693 4849 Voculam
2719 4794 2774 4847 id
2801 4801 2877 4848 est
2906 4794 3165 4863 supplent
3194 4808 3326 4849 mss.
3364 4792 3510 4849 libri.

2366 4876 2389 4936 ε
2437 4867 2550 4920 Duo
2574 4881 2705 4920 mss.
2736 4882 2890 4932 quam
2917 4864 3002 4919 hic
3029 4868 3237 4936 legitur.

2367 4935 2391 4971 ¹¹
2433 4936 2557 4992 Ha-c
2600 4946 2749 4991 certe
2775 4937 3046 5007 plerisque
3081 4935 3209 4991 aliis
3237 4936 3477 5006 antiquis
3506 4936 3900 5008 interpretibus

2294 5010 2566 5063 sententia
2600 5011 2890 5078 persuasit.
2924 5009 3066 5077 Quin
3095 5009 3260 5063 etiam
3290 5009 3495 5062 ethnici
3526 5008 3735 5072 aliquot
3764 5008 3902 5062 scri-

2293 5089 2478 5147 ptores
2505 5095 2567 5132 ex
2620 5078 2993 5144 Hebraeonnn,
3025 5092 3081 5134 ut
3112 5080 3346 5145 videtur,
3375 5079 3620 5135 fontibus
3651 5079 3897 5143 tradunt,

2293 5152 2619 5205 vetustiores
2643 5154 2819 5220 ignem
2853 5154 2970 5207 aris
3014 5168 3118 5205 non
3150 5153 3526 5221 Supposuisse,
3560 5166 3720 5220 quem
3754 5152 3902 5205 scili-

2296 5230 2384 5276 eet.
2410 5237 2439 5274 a
2470 5222 2577 5275 Deo
2606 5222 2856 5289 precibus
2900 5220 3277 5291 impetrarent.
3320 5222 3545 5278 Servius
3584 5222 3638 5277 in
3673 5221 3741 5277 Ai
3772 5220 3901 5275 leid.

2299 5308 2394 5347 vttt
2422 5311 2433 5344 :
2466 5293 2621 5361 Apud
2649 5296 2874 5366 majores
2891 5310 2998 5349 arte
3024 5311 3127 5348 non
3157 5296 3587 5357 incendebantur,
3614 5298 3705 5348 sed
3726 5298 3904 5366 ignem

2294 5366 2523 5418 divinum
2564 5364 2796 5435 premitus
2853 5366 3141 5432 eliciebant,
3170 5368 3259 5437 qui
3291 5365 3637 5421 incendebant
3684 5364 3901 5437 altaria.

2292 5436 2499 5511 Similia
2532 5439 2796 5511 “referunt
2826 5436 3047 5494 Solinus
3092 5438 3362 5509 Poiyhist.
3395 5452 3445 5492 c.
3481 5437 3571 5503 l2,
3607 5448 3663 5492 et
3693 5436 3904 5492 Pausa-

2290 5510 2410 5562 nias
2446 5512 2496 5560 in
2531 5508 2699 5562 Eltac.

2369 5577 2383 5615 ί
2432 5578 2577 5633 Unus
2609 5579 2825 5648 Regina:
2856 5594 2960 5635 ms.
2994 5580 3128 5635 dixit
3161 5579 3411 5635 Dominus
3446 5580 3587 5635 Deus
3609 5580 3679 5633 ad
3718 5576 3863 5633 Cain
3890 5594 3906 5628 :

2290 5648 2634 5727 ad_G_r{l%t'_lltlt
2656 5654 2837 5727 Κύριος
2868 5652 3066 5727 ὀ-Θεός.

2366 5725 2379 5769 l
2411 5721 2476 5774 In
2504 5718 2939 5793 Hebrao'geueris
2961 5724 3238 5777 masculini
3264 5732 3355 5776 est.
3383 5721 3580 5777 Nescio
3602 5738 3670 5775 an
3699 5718 3907 5790 aliQttiS

2292 5800 2423 5866 ante
2454 5809 2550 5844 nos
2586 5799 2727 5847 hunc
2757 5795 3075 5866 lin-ronynn
3110 5798 3287 5849 loeum
3321 5796 3508 5866 lectori
3549 5794 3906 5866 exposuerit.

2293 5862 2565 5921 Observat
2596 5866 2760 5934 igitur
2784 5862 3007 5921 sanctus
3040 5867 3259 5933 Doctor,
3292 5864 3434 5936 quod
3464 5862 3639 5920 multo
3665 5863 3822 5918 alius
3859 5864 3908 5914 in
