4010 6320
460 215 559 270 9m
816 259 823 271 .
1709 205 1766 264 s.
1811 181 2080 264 EUSEBII
2116 205 2501 264 HIERONYMI
3661 208 3834 267 95:!

449 332 489 387 ti
537 332 676 396 loco,
720 342 878 398 quam
911 325 978 379 tle
1010 323 1296 388 Ezechiel,
1327 323 1390 377 ad
1423 321 1748 380 Gotthorum
1783 337 1957 392 nuper
1989 322 2042 377 in
2072 327 2124 386 Α
2152 321 2338 379 Citium
2369 325 2699 381 nominatur.
2758 327 2922 400 319
2976 327 3242 383 Dodanim
3279 372 3293 396 ,
3353 328 3558 385 Rhodii
3589 347 3603 384 :
3635 331 3732 386 ita
3789 325 3826 366 ει

455 435 604 481 terra
669 431 850 476 nostra
929 419 1308 475 bacchantium
1382 420 1666 474 historiam
1742 419 2051 487 retulisse,
2161 418 2304 474 enim
2329 419 2681 492 Septuaginta
2705 413 3472 490 lnterpretestranstulerunt.
3498 422 3832 495 Legamus

451 517 595 586 quod
626 522 804 570 utrum
825 529 1014 569 verum
1043 514 1135 582 sit,
1162 515 1336 585 praelii
1364 514 1532 584 ipsius
1560 513 1668 570 line
1698 524 2053 569 monstratur.
2163 510 2422 568 Varronis
2450 513 2518 568 de
2547 513 2976 584 Antiquitatibus
2997 514 3166 571 libros
3192 559 3207 582 ,
3240 524 3297 572 et
3334 515 3564 572 Sisinnii
3613 515 3826 586 Capi-

455 609 526 664 Et
569 619 716 663 certe
747 608 982 663 Gotthos
1013 623 1205 663 omnes
1235 617 1385 663 retro
1415 607 1635 676 eruditi,
1667 609 1838 678 magis
1864 607 2054 674 Getas,
2164 607 2326 674 tonis,
2348 617 2403 664 et
2445 607 2693 664 Graecum
2735 608 3034 679 Phlegonta
3063 652 3076 676 ,
3125 621 3469 684 caeterosque
3509 612 3825 668 eruditis-

451 718 615 774 quam
670 703 785 774 Gog
828 712 882 758 et
934 703 1122 773 Magog
1163 701 1438 772 appellare
1488 711 1908 757 consueverunt.
1968 701 2060 756 lla:
2162 701 2332 755 sitnos
2379 700 2520 756 viros
2555 719 2568 755 :
2603 711 2657 756 et
2701 700 3008 758 videbimus
3055 717 3246 760 omnes
3289 719 3427 774 pene
3459 704 3692 772 insulas,
3735 714 3826 760 el.

456 796 639 866 itaque
668 805 876 866 septem
903 804 1093 866 gentes
1115 840 1128 863 ,
1159 809 1295 866 quas
1321 794 1389 850 de
1415 794 1648 863 Japheth
1682 797 1865 851 venire
1892 796 2062 866 stirpe
2168 793 2331 848 IOtius
2361 793 2509 848 orbis
2537 793 2718 849 littora
2743 838 2756 859 ,
2794 802 3076 865 terrasque
3119 795 3258 851 mari
3302 797 3531 862 vicinas,
3568 796 3819 852 Grrecis

459 885 797 952 memoravi,
833 885 1102 956 aquilonis
1133 895 1341 955 partem
1373 885 1694 941 inhabitant.
2166 886 2363 942 accolis
2386 897 2680 957 occUpatas
2711 904 2724 942 :
2756 888 2869 958 qui,
2903 898 2958 942 ut
2985 903 3148 958 supra
3178 889 3438 957 diximus,
3469 889 3541 945 ab
3566 890 3820 943 Amano

531 993 549 1050 ι
580 978 734 1033 Vers.
769 978 823 1032 5.
860 978 876 1045 )
931 975 1058 1032 Filii
1085 975 1280 1031 Camer
1303 1022 1315 1044 ,
1368 976 1628 1032 Aschenez
1650 1020 1664 1040 ,
1715 987 1763 1032 et
1790 977 2022 1048 Riphth
2049 1023 2060 1043 ,

462 1084 506 1128 et
549 1072 862 1146 TItOgat'ma.
908 1073 1192 1128 Aschenez
1243 1083 1267 1108 τι
1310 1071 1486 1127 Graeci
1534 1071 1774 1144 Reginos
1818 1082 2016 1129 vocant
2051 1091 2064 1128 :

464 1165 700 1235 Riphath
728 1209 741 1233 ,
776 1165 1152 1235 Paphlagones
1182 1209 1195 1232 ,
1229 1163 1536 1235 Thogarma
1564 1210 1577 1231 ,
1630 1165 1895 1238 Phrygas.

538 1262 553 1329 (
589 1259 741 1314 νει-8.
773 1260 828 1313 4.
862 1259 879 1328 )
913 1257 1040 1311 Filii
1067 1257 1270 1322 Javan,
1311 1256 1481 1323 Eliso,
1514 1266 1562 1312 et
1593 1256 1837 1321 Tharsis,
1871 1256 2070 1311 Cethim

465 1362 512 1406 et
529 1350 810 1404 Dodanim.
837 1352 912 1404 Ab
928 1352 1006 1404 his
1021 1351 1199 1404 diuisa'
1219 1360 1339 1405 sunt
1360 1350 1545 1404 insulto
1567 1351 1832 1404 nationum
1852 1351 1906 1404 in
1926 1351 2072 1404 terris

464 1446 591 1500 suis.
611 1443 700 1497 Vir
712 1445 994 1499 secmtdum
1006 1446 1237 1516 linguam
1250 1461 1397 1499 suam
1410 1455 1456 1499 et
1470 1446 1829 1516 cognationem
1840 1461 2009 1512 suam,
2026 1456 2073 1499 et

466 1548 670 1607 gentem
698 1553 867 1591 suam.
919 1538 990 1591 Dc
1019 1537 1269 1602 l0nibus,
1305 1537 1355 1593 id
1387 1548 1470 1592 est
1494 1579 1509 1605 ,
1541 1537 1748 1595 Graecis
1779 1549 2077 1595 nascuntur

471 1631 498 1670 ι)
515 1631 722 1700 Elisaei,
745 1633 836 1702 qui
855 1643 1118 1689 vocantur
1140 1634 1387 1690 tEolides
1407 1654 1420 1690 :
1443 1636 1584 1691 unde
1608 1647 1662 1691 et
1684 1638 1870 1706 quinta
1896 1638 2076 1708 lingua

2168 989 2222 1036 et
2249 979 2426 1035 Tauro
2452 981 2763 1046 montibus,
2810 981 2988 1036 omnia
3039 982 3310 1037 maritima
3341 982 3457 1037 loca
3505 996 3680 1053 usque
3709 980 3816 1036 ad

2171 1087 2434 1130 oceanum
2469 1074 2762 1142 possedere
2792 1074 3188 1130 Britannicum.

2243 1167 2422 1240 (Vers.
2446 1168 2526 1242 6.)
2555 1167 2681 1222 Filii
2699 1165 2885 1234 Cham,
2911 1166 3069 1236 Chus,
3090 1179 3138 1221 et
3162 1167 3433 1237 Mesraim,
3451 1181 3497 1222 et
3516 1167 3714 1234 Phuth,
3737 1181 3820 1222 et

2173 1258 2440 1315 Chanaan.
2467 1259 2613 1315 Chus
2635 1275 2804 1330 usque
2827 1259 2988 1314 hodie
3016 1260 3084 1314 ab
3101 1258 3345 1317 Hebraeis
3363 1259 3817 1330 Ethiopianun-

2175 1362 2403 1423 cupatur
2434 1371 2446 1408 :
2481 1352 2732 1408 Mesraim
2759 1396 2773 1418 ,
2808 1351 3076 1424 Egyptus
3125 1375 3138 1409 :
3187 1353 3366 1409 Pliuth
3395 1396 3410 1421 ,
3462 1353 3688 1424 Libyes.
3739 1355 3812 1408 Δ

2177 1460 2284 1516 quo
2315 1456 2369 1501 et
2415 1445 2752 1500 Mauritania:
2778 1444 2973 1500 ﬂuvius
3001 1458 3172 1515 usque
3211 1445 3264 1500 in
3307 1460 3552 1516 prmsens
3608 1443 3814 1499 Phuth

2179 1538 2378 1594 dicitur
2399 1581 2415 1607 ,
2444 1540 2729 1610 omnisque
2753 1539 2893 1594 circa
2926 1553 3050 1594 eum
3084 1539 3232 1610 regio
3275 1537 3576 1594 Phutensis.
3634 1537 3810 1594 Multi

2180 1634 2476 1705 scriptores
2504 1642 2612 1687 tam
2653 1631 2826 1687 Graeci
2853 1646 3012 1703 quam
3057 1630 3236 1686 Latini
3265 1673 3277 1695 ,
3318 1629 3474 1700 hujus
3502 1630 3584 1686 rei
3617 1640 3814 1686 testes

469 1723 697 1780 Graeciae
737 1724 913 1780 .Eolis
945 1728 1281 1797 appellatur,
1315 1744 1475 1799 quam
1512 1729 1588 1784 illi
1617 1740 1813 1786 vocant
1840 1734 2077 1804 πέμπτην
2109 1746 2155 1807 Β
2183 1735 2326 1782 sunt.
2374 1726 2552 1795 Quare
2585 1735 2606 1762 ο
2637 1735 2816 1781 autem
2845 1725 2901 1780 in
2933 1740 3038 1779 una
3072 1733 3273 1780 tantum
3311 1724 3542 1780 climatis
3581 1734 3748 1793 parte
3789 1765 3813 1788 ,

471 1817 754 1874 διάλεκτον.
783 1818 1013 1875 Τιιιιιιειε
1037 1819 1310 1891 Josephns
1333 1820 1528 1877 Cilicas
1551 1822 1866 1891 arbitratur,
1889 1826 1915 1878 θ
1931 1824 2077 1894 aspi-

468 1911 697 1968 rationis
728 1913 964 1969 litteram
997 1915 1189 1971 vitiose
1217 1931 1247 1970 a
1284 1917 1519 1986 posteris
1561 1917 1614 1972 in
1640 1941 1670 1974 τ
1696 1918 1883 1973 dicens
1911 1917 2080 1974 fuisse

468 2019 779 2078 corruptam
815 2025 828 2062 :
861 2009 1002 2065 unde
1030 2020 1083 2063 et
1112 2011 1430 2080 metropolis
1471 2027 1662 2067 eorum
1704 2015 1897 2067 civitas
1949 2011 2078 2067 Tar-

468 2114 558 2152 sus
593 2101 934 2169 appellatur,
985 2101 1155 2157 Paulo
1204 2104 1458 2173 apostolo
1501 2103 1759 2174 gloriosa.
1813 2103 2026 2160 Cethim
2057 2147 2073 2171 ,

469 2199 598 2245 sunt
626 2192 749 2247 Citii
778 2237 793 2260 ,
818 2208 847 2248 a
869 2195 1066 2266 quibus
1091 2211 1262 2266 usque
1285 2195 1448 2253 hodie
1469 2213 1685 2269 quoque
1705 2198 1833 2254 urbs
1863 2199 2025 2270 Cypri
2053 2210 2074 2238 ε

472 2311 685 2386 breuiter
705 2310 980 2377 admoneo,
1004 2312 1252 2386 quodgvir
1279 2323 1474 2368 nostra:
1497 2315 1661 2368 aetatis
1695 2313 1836 2369 haud
1865 2315 2068 2386 ignobi-

473 2383 536 2454 lis
559 2382 626 2435 ml
654 2383 1016 2454 imperatorem
1043 2384 1268 2454 scribens
1289 2401 1446 2453 super
1478 2386 1576 2440 hac
1603 2387 1810 2441 natione
1837 2382 2027 2441 dixerit
2050 2402 2068 2439 :

471 2452 586 2522 Gog
629 2452 746 2530 iste,
789 2452 989 2508 Gothus
1029 2463 1122 2508 est.
1164 2453 1259 2509 Cui
1291 2452 1394 2526 qua
1431 2459 1632 2510 ratione
1657 2459 1854 2530 possint
1895 2458 2067 2530 omnia

471 2540 586 2595 qua:
629 2528 682 2579 in
731 2543 793 2580 ea
829 2530 1028 2599 _8Ct'ipltt
1061 2538 1202 2593 sunt,
1245 2530 1436 2599 aptari,
1488 2545 1589 2582 non
1632 2528 1706 2582 est
1745 2543 1937 2592 meum,
1978 2528 2066 2582 sed

471 2613 671 2656 eorum.
703 2599 792 2667 qui
817 2597 914 2651 hoc
941 2597 1161 2666 putant,
1199 2597 1469 2654 disserere.
1506 2600 1689 2654 Noluit
1722 2602 1926 2669 quippe
1952 2601 2069 2668 opi-

470 2671 691 2723 nionem
745 2671 890 2724 illam
933 2671 1175 2739 apertius
1219 2670 1505 2726 confutare
1534 2712 1548 2733 ,
1597 2682 1652 2724 ut
1696 2673 1814 2739 ejus
1857 2672 2066 2726 auctori

469 2740 778 2794 verecunde
823 2752 1089 2808 parceret.
1125 2743 1233 2798 Sed
1275 2744 1401 2811 quid
1442 2756 1582 2796 nunc
1617 2741 1962 2795 sentiendum
2003 2741 2069 2794 tle

474 2814 760 2865 neoterico
792 2811 1093 2880 scriptore,
1126 2816 1215 2882 qui
1267 2814 1369 2866 sibi
1402 2813 1670 2867 credibile
1711 2813 1910 2866 astruit
1942 2813 2066 2865 llie-

473 2895 792 2950 ronymnm.
825 2883 869 2936 si
913 2895 1036 2951 post
1064 2885 1344 2939 victoriam
1385 2882 1674 2939 Theodosii
1725 2883 2066 2949 scripsisset,

478 2952 578 3004 hac
607 2953 660 3004 ili
690 2968 746 3006 re
773 2953 1059 3008 Ambrosio
1099 2957 1263 3009 luisse
1291 2970 1657 3010 accessurum.
1682 2952 1868 3009 Nescit
1897 2953 2073 3008 adhuc

2183 1822 2463 1891 antiquum
2511 1819 2693 1891 Libya:
2723 1834 2918 1874 nomen
2965 1818 3264 1883 resederit,
3311 1826 3358 1872 ct
3392 1817 3596 1892 reliqua
3634 1826 3816 1870 terra

2184 1922 2371 1969 vocata
2400 1913 2470 1967 sit
2491 1911 2697 1978 Africa,
2722 1913 2994 1967 disserere
3011 1926 3118 1967 non
3140 1910 3300 1981 hujus
3321 1909 3421 1964 loci
3447 1923 3548 1964 nec
3572 1916 3813 1980 tempo—

2186 2009 2261 2063 ris
2289 2015 2392 2062 est.
2426 2006 2598 2061 Porro
2625 2004 2882 2060 Chanaan
2910 2003 3144 2060 obtinuit
3167 2015 3365 2058 terram
3385 2043 3399 2069 ,
3424 2016 3584 2073 quam
3615 1999 3806 2056 Judaei

2187 2102 2445 2170 deinceps
2479 2098 2843 2169 possederunt
2867 2143 2882 2166 ,
2923 2097 3113 2169 ejectis
3147 2094 3492 2152 Chananazis.

2259 2197 2277 2265 (
2302 2194 2460 2249 Vers.
2489 2195 2543 2249 7.
2576 2193 2593 2263 )
2628 2191 2756 2246 Filii
2787 2191 2926 2246 Chus
2954 2233 2968 2258 ,
3013 2190 3153 2245 Saba
3173 2231 3188 2257 ,
3233 2187 3418 2245 Eoila
3444 2230 3459 2257 ,
3513 2186 3752 2244 Sabatha
3782 2232 3798 2250 ,

2172 2313 2267 2375 cis,
2292 2322 2401 2367 etc.
2425 2310 2482 2367 S.
2512 2310 2759 2365 Isidorus
2787 2308 2931 2363 hunc
2952 2309 3126 2378 ipsum
3157 2308 3225 2363 de
3252 2307 3588 2378 Hieronymo
3615 2307 3802 2362 locum

2173 2387 2412 2439 recitans
2444 2381 2649 2450 Origin.
2685 2382 2779 2436 lib.
2807 2396 2882 2448 Ix,
2910 2395 2960 2434 c.
3013 2379 3080 2445 2,
3112 2381 3243 2450 legit
3273 2397 3286 2434 :
3332 2381 3586 2438 Ascanaz.
3632 2397 3664 2432 a
3691 2395 3803 2449 quo

2176 2456 2436 2509 Sarmatw
2458 2498 2473 2522 ,
2517 2469 2641 2521 quos
2673 2453 2828 2525 grteci
2875 2451 3100 2525 Reginus
3123 2459 3346 2525 voca_nt._
3376 2450 3647 2506 Cteterum
3698 2465 3799 2520 pro

2178 2525 2471 2592 Thogarma
2501 2521 2745 2594 plerique
2789 2539 2920 2578 mss.
2971 2523 3177 2578 habent
3222 2521 3534 2594 Gothos-rma.

2247 2597 2274 2634 ιι
2302 2593 2595 2652 lterumex
2625 2595 2888 2661 Josepho,
2923 2607 2981 2648 ut
3025 2607 3076 2647 et
3105 2595 3361 2664 pleraque
3391 2593 3520 2648 alia.
3551 2593 3802 2650 ἰωυάνου

2174 2667 2227 2724 δέ
2258 2674 2346 2724 τοῦ
2368 2669 2593 2745 ἰᾳφέθου
2607 2709 2619 2727 ,
2639 2670 2907 2745 τριῶνιιιαὶ
2923 2668 3085 2745 animi:
3110 2663 3312 2745 νπζαὶδων
3337 2667 3640 2745 ’γειι-ιψιέκιιωνζ
3655 2663 3798 2745 ’Ἐλι-

2177 2745 2276 2803 σὰς
2305 2742 2396 2810 μὲν
2419 2734 2697 2812 ﬁlio-otiae};
2729 2739 2988 2812 intellectu,
3024 2736 3090 2792 ὧν
3135 2734 3564 2812 5‘01§V,_'t\50)~€i_§
3612 2734 3669 2812 δέ
3707 2742 3806 2812 νῆν

2176 2808 2533 2886 εἰσιςθαρσός
2558 2808 2611 2864 δέ
2639 2818 2867 2886 Sapori;
2885 2849 2898 2872 ,
2929 2809 3093 2886 cura);
3119 2808 3220 2885 γὰρ
3246 2809 3472 2886 indicite
3497 2810 3556 2863 τὸ
3581 2809 3808 2862 παλαιὸν

2176 2879 2452 2958 ntidamai:
2487 2888 2700 2958 qna.sz
2719 2879 2816 2947 ’δὴ
2847 2880 3049 2958 Ἰςαρσός
3081 2879 3338 2958 γάρ’·ιιαέ
3364 2882 3545 2958 «dicit;
3573 2887 3674 2958 τῶςν
3703 2900 3806 2958 ποῖ

2175 2953 2298 3028 λέων
2328 2956 2358 3011 ἡ
2389 2945 2762 3028 uitales/mrum
2805 2945 3035 3028 adicitut
3077 2945 3392 3028 ῥηᾶρρτςὲρλις
3419 2945 3578 3028 οὖσα..
3607 2951 3665 3028 rb
3694 2957 3804 3005 ταῦ

476 3022 1193 3100 bpnus_virLllieronymutn
1217 3026 1509 3082 Hebraicas
1525 3026 1870 3092 Quzcstioms
1894 3027 2073 3092 scrip-

2200 3027 2310 3100 τρός
2340 3029 2430 3100 τήςυ
2451 3020 2632 3100 statio
2657 3026 2770 3100 a'ty‘ri
2795 3031 2886 3079 τοῦ
2913 3025 3043 3100 Gri-rat
3064 3020 3504 3100 μετάϐςιλλόντωγ.
3527 3024 3570 3075 Α
3596 3020 3808 3075 Jovano

475 3092 616 3148 sisse
663 3093 714 3146 in
763 3092 1023 3148 Genesim
1071 3097 1228 3150 annis
1270 3112 1465 3150 novem
1515 3106 1637 3162 post
1678 3103 2012 3159 reportatum
2046 3112 2076 3148 a

476 3163 788 3219 Theodosio
813 3162 1123 3222 victoriam.
1152 3168 1282 3220 Nam
1307 3167 1376 3223 de
1396 3168 1590 3222 Gothis
1621 3169 1671 3220 in
1704 3167 1935 3221 Thracia
1961 3168 2077 3222 vic-

479 3246 566 3290 tor
592 3235 938 3289 Theodosins
966 3238 1228 3292 scribitur
1255 3254 1398 3292 anno
1425 3237 1625 3292 Christi
1647 3238 1773 3304 579,
1805 3254 1927 3292 cum
1955 3237 2081 3292 llie-

477 3322 741 3377 rOnymus
755 3307 953 3361 librum
969 3307 1230 3362 llebraica
1241 3325 1356 3362 rum
1371 3310 1741 3377 Qtnestionuni
1759 3315 1808 3362 in
1823 3309 2080 3364 Genesim

477 3378 716 3450 ediderit
741 3379 884 3433 circa
914 3394 1112 3432 annum
1143 3379 1270 3434 588.
1315 3380 1438 3434 llasc
1468 3380 1686 3434 intrrim
1720 3390 1942 3450 propter
1967 3389 2084 3434 stu-

473 3449 623 3505 dium
657 3451 902 3505 veritatis
938 3451 1176 3504 breviter
1207 3452 1352 3505 dicta
1388 3450 1700 3515 sulliciant,
1724 3449 1801 3506 ne
1833 3454 1876 3504 si
1912 3451 2080 3506 multa

473 3535 857 3593 congererem,
886 3522 1087 3576 bellum
1116 3522 1409 3578 Gotliicum
1436 3524 1816 3593 redintegrare
1842 3523 2081 3578 viderer.

474 3592 754 3647 Ca-tcrum
800 3596 850 3645 in
883 3602 1044 3647 antea
1091 3593 1253 3647 editis
1301 3610 1396 3662 pro
1444 3592 1699 3662 prmsenti
1740 3602 2080 3657 monstratur,

479 3664 679 3733 legitur
708 3675 965 3730 corrupte
1004 3662 1245 3720 futurum
1274 3665 1670 3720 monstrabitur.
1703 3665 1972 3721 Similiter
1998 3681 2086 3718 va-

475 3737 714 3806 gantium
741 3750 842 3803 pro
868 3734 1251 3790 bacchantium.
1297 3738 1570 3792 Μριιιτιιιιι.

553 3837 621 3846 -—
647 3807 744 3860 llic
764 3807 922 3877 vulgo
949 3807 1195 3861 creditur
1217 3810 1272 3863 S.
1294 3811 1550 3865 Ambros.
1577 3808 1670 3863 lib.
1697 3823 1734 3862 ιι
1757 3807 1825 3862 de
1857 3807 1990 3862 Fide
2020 3809 2087 3862 ad

475 3875 799 3932 Gratianum
855 3875 1149 3948 .Tiugusmm
1181 3893 1302 3938 can.
1342 3881 1429 3946 16,
1459 3895 1620 3948 quem
1657 3891 1870 3933 rursm"
1902 3895 2090 3946 τοι)Γο-

476 3949 731 4002 hentlerit
755 3949 812 4004 S.
840 3949 1032 4003 doctor
1062 3953 1110 4004 in
1139 3957 1403 4017 protentio
1428 3951 1522 4004 lih.
1547 3967 1600 4004 χι
1620 3949 2085 4006 (Σοιῐιιιιιιιιιειι-ὶιιι’.

473 4020 528 4073 iu
566 4021 815 4076 Ezechiel
845 4038 856 4072 :
891 4021 1039 4074 Illud
1067 4023 1282 4075 breviter
1305 4021 1560 4075 admoneo
1583 4063 1597 4086 ,
1626 4023 1764 4091 quod
1796 4023 1870 4074 vir
1895 4032 2092 4076 nostra:

469 4094 640 4166 (etatis
670 4091 814 4166 haud
851 4093 1192 4166 ignobilisﬂad
1233 4092 1609 4166 Imperatorem
1647 4094 1902 4166 scribens,
1937 4111 2091 4158 super

472 4164 570 4216 hac
592 4165 800 4217 natione
832 4162 1053 4226 dixerit,
1089 4163 1202 4234 Gog
1231 4162 1330 4218 iste
1351 4162 1553 4218 Gothus
1574 4173 1669 4230 est,
1700 4164 1783 4217 cui
1805 4181 1908 4234 qua
1928 4166 2094 4218 ratio-

471 4251 534 4288 ne
554 4236 750 4304 possint
777 4238 976 4300 omnia,
1011 4252 1126 4306 qua?
1159 4236 1212 4289 in
1241 4252 1301 4288 ea.
1327 4236 1522 4306 scripta
1549 4247 1666 4288 sunt
1689 4277 1704 4299 ,
1745 4238 1919 4304 aptari
1933 4276 1956 4306 ί.
1988 4252 2093 4289 non

471 4317 545 4358 est
571 4322 764 4377 meum,
794 4306 885 4359 sed
911 4305 1107 4367 eorum,
1134 4308 1224 4377 qui
1246 4307 1344 4360 hoc
1365 4305 1570 4374 putant,
1600 4306 1876 4377 disserere.
1901 4305 2094 4360 Hiero-

467 4391 637 4448 nymo
669 4375 785 4448 fere
812 4377 1054 4432 concinit
1091 4375 1419 4447 -\ugusttnus
1466 4377 1563 4448 lih.
1600 4391 1637 4430 ιι
1674 4377 1743 4431 de
1767 4376 1935 4448 Civit.
1970 4377 2090 4430 Dei.

466 4444 526 4521 cf.‘
553 4447 621 4500 η
647 4466 657 4498 ;
695 4444 886 4521 Gentes
909 4449 1022 4521 istae
1044 4490 1058 4510 ,
1092 4444 1219 4518 quas
1250 4449 1477 4521 appellat
1508 4447 1641 4521 Gog,
1672 4457 1721 4521 et
1752 4445 1966 4521 Magog.
1994 4464 2097 4502 non

463 4520 540 4573 sic
570 4529 692 4572 sunt
720 4517 1035 4589 accipienda:
1064 4517 1328 4589 tamquam
1346 4523 1447 4575 sint
1471 4517 1636 4586 aliqui
1661 4520 1718 4572 in
1740 4517 1929 4587 aliqua
1949 4531 2098 4588 parte

464 4599 724 4662 terrorum
755 4587 961 4662 barbari
990 4587 1282 4654 constituti,
1312 4593 1415 4645 sive
1433 4608 1562 4660 qttos
1583 4590 1796 4660 quidam
1821 4587 2095 4662 suspican-

375 4668 386 4675 '
463 4658 744 4734 turGetas,
765 4671 811 4734 et
834 4659 1148 4734 Massagetas
1174 4671 1379 4734 prapter
1398 4658 1603 4715 litteras
1620 4664 1805 4715 horum
1822 4658 2095 4734 nominum

461 4732 666 4804 primas
687 4773 701 4796 ,
733 4731 838 4784 sive
885 4733 1084 4805 aliquos
1136 4731 1277 4788 alios
1308 4734 1630 4805 alienigenas
1651 4774 1665 4796 ,
1700 4743 1748 4786 et
1778 4750 1808 4785 a
1859 4732 2094 4786 Romano

453 4801 583 4875 jure
605 4807 888 4875 sejunctas.
917 4801 1007 4858 Sic
1040 4805 1366 4869 liorotheus,
1389 4801 1503 4858 sive
1535 4803 1794 4858 Dorothci
1823 4806 2095 4873 interpres

461 4881 516 4930 in
551 4875 782 4929 Atidium
804 4917 818 4938 ,
848 4875 1058 4928 Dictum
1085 4875 1469 4945 hocsuperﬁcie
1491 4884 1639 4928 tenus
1662 4887 1734 4928 est
1759 4886 1944 4929 contra
1969 4875 2093 4944 Scy-

463 4947 622 5012 thas,
675 4949 773 5000 hoc
804 4957 883 4999 est
932 4955 1113 5001 contra
1165 4947 1275 5017 Cog
1304 4943 1359 5002 et
1402 4943 1612 5016 Magog.
1661 4946 1784 5001 Vid.
1839 4943 2089 5000 Martiali.

461 5020 808 5074 contrairem
843 5033 1001 5073 suum
1034 5020 1094 5074 S.
1127 5018 1400 5074 Ambrosii
1429 5019 1699 5072 editor-em
1732 5018 1865 5073 satis
1894 5018 2094 5072 acerbe

468 5094 864 5153 castigantem.

538 5172 564 5198 ει
597 5162 943 5231 ΑεσΙιεηειᾼρι
971 5158 1224 5231 Riphath.
1260 5157 1614 5226 Manuscﬁpti
1653 5159 1830 5231 L_atini
1858 5159 2104 5214 retinent

464 5231 635 5299 Rifan
660 5274 674 5294 .
721 5248 827 5302 pro
865 5229 1092 5297 Riphath
1121 5245 1139 5302 ,f
1168 5230 1248 5284 sic
1283 5232 1419 5284 intra
1449 5243 1644 5286 vocem
1672 5229 1949 5295 Graecam,
1982 5231 2103 5284 πέν-

501 5326 620 5370 την,
656 5301 754 5367 pro
783 5303 1046 5374 πέμπτην.
1091 5301 1363 5374 Maurus.

576 5404 644 5415 —
661 5374 832 5430 Velim
852 5371 957 5442 ego
973 5375 1211 5440 suppleri
1239 5373 1324 5427 hic
1340 5371 1526 5442 verba,
1547 5372 1775 5426 condidit
1797 5387 2108 5441 ascenagos;

499 5448 705 5511 alioqui
733 5441 932 5499 sensus
958 5445 1174 5497 videtur
1200 5441 1572 5512 imperfectus.
1607 5443 1669 5496 Et
1695 5443 1962 5512 Josephns
1993 5443 2110 5510 qui-

500 5518 626 5572 dem
650 5559 664 5580 ,
692 5532 759 5570 ex
787 5531 896 5585 quo
922 5514 1032 5569 fere
1062 5516 1178 5568 bzec
1208 5511 1386 5569 omnia
1415 5513 1698 5585 desumpta
1727 5511 2110 5585 sunt,_’Ao'xa't-

500 5589 645 5651 ναξος
677 5581 1007 5660 μὲιιξιιὶιιιιίι
1027 5629 1042 5651 ,
1079 5585 1444 5660 Ἄσχανὰξους
1485 5583 1665 5660 ᾤκισεν
1686 5626 1700 5648 ,
1720 5582 1766 5638 oi
1785 5581 2106 5660 νῦνίξηγίςῖιες

504 5663 606 5715 ὑπὸ
633 5655 732 5711 τῶν
758 5655 993 5716 Ἑλλήνων
1018 5655 1289 5714 καλοῦιῆαι
1315 5701 1328 5723 ,
1369 5668 1477 5713 etc.
1498 5655 1508 5658 “
1525 5659 1863 5711 Αςεὴίιηαπιιδ
1905 5655 2105 5723 Asc/ta-

541 5742 667 5778 axos
697 5727 930 5778 condidit
953 5767 966 5792 ,
993 5731 1080 5795 qui
1111 5745 1247 5783 nunc
1278 5722 1533 5801 Rhegmes
1559 5731 1893 5783 nominantur
1917 5744 1948 5779 a
1968 5722 2108 5782 Cra:-

2125 4423 2176 4483 D
2205 4423 2358 4500 tariis
2393 4452 2444 4502 in
2476 4423 2686 4507 lsaifc.
2715 4463 2847 4503 XXIII
2892 4467 2904 4503 :

2185 3093 2355 3149 autem
2381 3093 2632 3159 Japhethi
2674 3095 2816 3163 ﬁlio,
2862 3105 2909 3147 et
2939 3093 3183 3162 ipso'tres
3226 3094 3363 3164 ﬁlios
3390 3094 3633 3156 habente,
3655 3107 3811 3147 ortus

2187 3166 2373 3237 Elysas
2423 3165 2646 3237 Elysazis
2673 3181 2857 3237 nomen
2884 3166 3022 3219 dedit
3047 3210 3086 3237 ,ν
3118 3182 3338 3232 quarunt
3373 3165 3471 3235 fuit
3496 3166 3809 3237 princeps:

2186 3233 2324 3292 nunc
2355 3253 2474 3290 vero
2495 3233 2681 3290 )Eoles
2714 3236 2988 3290 habentur.
3022 3236 3258 3291 Tharsus
3288 3233 3460 3289 autem
3493 3233 3811 3290 Tharsensi-

2187 3308 2321 3374 bus;
2353 3310 2425 3362 sic
2459 3310 2595 3363 enim
2628 3309 2750 3362 olim
2781 3308 3141 3377 appellabatur
3171 3307 3377 3362 Cilicia.
3405 3305 3612 3361 Indicio
3633 3317 3810 3361 autem

2188 3393 2260 3434 est
2279 3421 2293 3441 ,
2321 3381 2458 3448 quod
2488 3379 2613 3433 urbs
2643 3381 2782 3447 apud
2814 3395 2898 3433 eos
2921 3381 3249 3434 celeberrima
3274 3422 3287 3445 ,
3317 3379 3598 3447 eademque
3617 3387 3809 3431 metro-

2189 3451 2323 3520 polis
2353 3450 2490 3504 dicta
2515 3453 2581 3504 sit
2607 3449 2826 3515 Tarsus,
2849 3455 2985 3504 theta
3013 3451 3081 3504 ad
3111 3467 3297 3504 nomen
3317 3451 3625 3504 variandum
3650 3450 3710 3502 ab
3733 3449 3811 3503 eis

2190 3538 2429 3576 converso
2471 3523 2523 3575 in
2573 3531 2682 3575 tau.
2718 3524 2906 3576 confer
2939 3522 3235 3590 Epistolam
3267 3522 3334 3578 37
3371 3521 3439 3575 ad
3489 3520 3807 3576 Marcellam

2193 3609 2344 3648 num.
2381 3593 2473 3656 21,
2502 3591 3151 3660 ειιιιιωιιιίιιιιηοιηιιιιιδ.

2266 3676 2286 3701 ε
2320 3663 2546 3717 Praestat
2572 3663 2656 3717 hic
2679 3679 2893 3736 quoque
2921 3664 3221 3730 Josephum
3247 3663 3436 3719 audire
3465 3683 3478 3719 :
3502 3663 3726 3736 Χέθιμος
3753 3661 3811 3720 δὲ

2192 3737 2380 3813 ﬁtﬁtth
2405 3740 2498 3794 τὴν
2524 3744 2680 3794 νῆσον
2726 3735 2911 3813 faxsit,
2965 3739 3170 3813 Κύπρος
3218 3737 3350 3813 ᾳῦτη
3399 3741 3493 3789 νῦν
3548 3735 3804 3813 κᾳλείῖαι.

2193 3805 2496 3860 Chethimus
2521 3818 2693 3878 autem
2725 3805 3049 3861 Chethimam
3079 3805 3318 3862 'insulam
3347 3810 3617 3878 occuparit
3648 3823 3666 3859 :
3697 3806 3809 3877 ipsa

2195 3893 2336 3950 vero
2361 3894 2496 3930 nunc
2529 3877 2730 3946 Cyprus
2773 3889 3005 3932 vocatur.
3059 3880 3123 3933 Et
3157 3890 3278 3948 post
3323 3877 3534 3946 pauca:
3584 3880 3681 3950 μία
3709 3885 3808 3932 τῶν

2195 3948 2459 4027 ἔν-κόπρῳ
2505 3950 2696 4027 πολέων
2741 3953 3023 4027 taloque-ot
3076 3957 3166 4011 τὴν
3211 3951 3558 4027 προσηγορξαν
3585 3948 3810 4027 φυλέιξαι

2195 4024 2370 4092 lii-rio;
2386 4017 2488 4092 'r/o‘tp
2517 4023 2618 4076 ὑπὸ
2647 4029 2748 4077 τῶν
2777 4017 3203 4086 ἐξελληνισάντων
3232 4017 3660 4080 damnatam.
3695 4017 3809 4073 Una

2198 4091 2407 4162 urbium
2430 4097 2481 4145 in
2505 4092 2700 4162 Cypro,
2729 4094 2813 4146 cui
2845 4095 3070 4158 accidit,
3105 4105 3159 4146 ut
3181 4107 3363 4146 nomen
3388 4109 3538 4145 suum
3562 4101 3808 4162 servaret,

2198 4160 2392 4214 Citium
2415 4160 2712 4231 appellatur
2741 4165 2802 4217 ab
2831 4165 2938 4225 his.
2967 4166 3054 4234 qui
3088 4179 3200 4218 eam
3225 4165 3280 4216 in
3312 4164 3536 4231 formam
3577 4161 3814 4217 Grecam

2197 4234 2558 4304 immutarunt.
2595 4234 2940 4290 Martianaaus
2969 4233 3180 4290 videtur
3203 4233 3506 4289 credidisse
3531 4237 3703 4304 ipsam
3725 4250 3814 4286 ur-

2202 4303 2324 4357 bem
2351 4302 2763 4376 Cypri-Citium,
2785 4307 2864 4361 sic
2887 4306 3032 4361 enim
3057 4306 3270 4376 scribit.
3297 4302 3648 4375 appellatam.
3682 4304 3818 4361 Vide

2202 4389 2369 4442 supra
2393 4375 2710 4448 Hieronymi
2731 4377 2928 4432 librum
2953 4378 3020 4432 de
3046 4375 3393 4432 Nominibus.
3433 4376 3489 4430 In
3517 4378 3814 4448 conamen.

2961 4448 3036 4502 De
3079 4459 3255 4513 terra,
3301 4449 3510 4518 inquit,
3562 4446 3770 4518 Cethim
3799 4489 3815 4512 ,

2202 4534 2359 4585 quam
2389 4519 2618 4590 Cyprum
2647 4521 2857 4590 quidam
2880 4519 3308 4590 interpretantur,
3335 4517 3490 4584 usque
3511 4517 3664 4571 hodie
3680 4520 3816 4572 enim

2201 4599 2275 4642 est
2300 4589 2443 4656 apud
2475 4607 2559 4644 eos
2591 4593 2709 4644 urbs
2739 4589 2960 4657 Citium,
2991 4589 3099 4645 etc.
3135 4590 3201 4644 Et
3232 4592 3283 4645 in
3309 4590 3561 4646 Jeremiae
3583 4605 3708 4654 cap.
3743 4605 3814 4643 tt:

2203 4658 2411 4714 Insulas
2443 4661 2644 4714 (Iethim
2675 4662 2752 4714 vel
2797 4660 2997 4727 Italica,
3043 4661 3121 4716 uel
3159 4661 3553 4716 occidentalium
3594 4661 3817 4723 partium

2201 4731 2442 4803 debemus
2469 4737 2700 4801 accipere
2731 4733 2795 4786 ab
2827 4749 2886 4786 eo
2906 4776 2917 4793 ,
2943 4735 3083 4803 quod
3107 4744 3257 4788 terra:
3282 4732 3483 4786 Judtea!
3509 4731 3710 4802 Cyprus
3733 4732 3815 4783 in-

2199 4802 2355 4875 s_ula_,
2399 4804 2452 4857 in
2481 4821 2582 4875 qua
2616 4803 2736 4858 urbs
2777 4805 2872 4859 hoc
2918 4802 3162 4859 vocabulo
3208 4814 3542 4874 nuncupatur
3585 4805 3814 4873 (nempe

2201 4871 2444 4944 Cetltim)
2476 4871 2642 4928 uicina
2669 4875 2754 4930 sit.

2275 4941 2301 4981 ἀ
2334 4941 2511 5009 Atiine
2551 4948 2688 5000 adeo
2719 4951 2897 5003 cum
2921 4987 2936 5011 ,
2991 4947 3286 5002 Rhodanim
3325 4946 3526 5015 legisse
3564 4944 3815 5000 videntur

2206 5030 2310 5086 pro
2331 5021 2537 5084 D’J'H'l,
2567 5017 2848 5071 Dodonim.
2882 5017 3047 5072 Multo
3071 5029 3248 5072 autem
3273 5017 3550 5072 recentius
3577 5015 3815 5070 Rhodio-

2210 5103 2328 5141 rum
2360 5103 2556 5142 nomen
2581 5104 2724 5146 esse.
2759 5089 3062 5143 Bocbartns
3092 5090 3395 5143 contendit.
3429 5087 3703 5142 Sisinnius
3725 5086 3814 5141 Ca-

2211 5159 2323 5283 pito
2355 5159 2610 5213 laudatur
2630 5175 2656 5211 a
2683 5160 2876 5214 Servio
2906 5162 2956 5212 in
2987 5159 3206 5214 Aineid.
3239 5174 3280 5224 ι,
3314 5159 3653 5225 Phlegontis,
3681 5173 3813 5226 quos

2257 5231 2307 5282 ic
2337 5231 2564 5283 innuere
2616 5229 2836 5283 videtur
2880 5231 3284 5283 llieronvmus.
3327 5231 3391 5282 de
3443 5229 3812 5283 Olumnionicis

2257 5231 2307 5282 ic
2337 5231 2564 5284 innuere
2616 5229 2836 5284 videtur
2880 5231 3284 5300 Hieronymus,
3327 5231 3391 5282 de
3443 5229 3812 5301 Olympionicis

2215 5301 2335 5354 libri
2355 5300 2758 5355 desiderantur.

2291 5381 2314 5407 ε
2344 5371 2526 5426 lntmit
2574 5370 2847 5436 Josephus
2899 5373 3037 5444 hanc
3067 5370 3232 5444 fuisse
3263 5385 3486 5425 causam
3518 5413 3532 5432 .
3587 5373 3813 5444 Λαϐίμοιι

2213 5448 2307 5497 τοῦ
2336 5444 2493 5514 μόνον
2532 5447 2921 5516 monitionum;
2944 5443 3003 5516 ἐνΔ
3031 5441 3234 5516 Αιξύξιι,Δ
3263 5446 3352 5496 καὶ
3377 5449 3468 5503 τήν
3507 5446 3690 5516 χώραν
3720 5441 3814 5516 “ᾀπ⁹

2216 5509 2372 5569 αὐτοῦ
2397 5516 2718 5576 καλέσαντος,
2747 5513 2903 5579 Quod
2924 5512 3066 5564 solus
3107 5509 3375 5572 Lubimus,
3427 5509 3626 5567 colonis
3652 5513 3706 5567 in
3736 5513 3814 5566 Li-

2217 5585 2367 5655 byam
2396 5587 2589 5650 ductis,
2622 5584 2880 5653 regionem
2907 5598 2939 5633 a
2963 5598 3016 5634 se
3039 5583 3134 5634 den
3147 5583 3410 5637 ominarit.
3441 5583 3559 5638 Vid.
3590 5584 3731 5639 infra
3754 5583 3814 5639 ad

2221 5672 2365 5712 vers.
2403 5658 2489 5713 15.

3999 2443 4010 2550 ι

3997 2643 4010 2904 l

3999 2956 4010 3067 θ
