4010 6322
599 231 705 288 9ὄ5

1847 226 1904 284 8.
1949 224 2226 284 EUSEBII
2266 225 2654 282 HIERONYMI
2699 293 2708 302 ο

3813 222 3924 278 1156

598 351 734 404 tibus
764 349 1069 415 Sodomam,
1103 357 1151 402 et
1203 346 1573 414 Gomorrlmm,
1607 356 1652 400 et
1689 346 1978 414 Atlantem,
2010 355 2058 400 et
2088 345 2192 402 Se-
2222 349 2268 406 Α
2299 345 2407 400 cim
2440 345 2632 400 harum
2663 345 2910 416 gentium
2935 344 3241 414 posteriora
3273 344 3496 399 nomina
3521 342 3788 400 invenire
3810 360 3934 400 non

596 444 776 496 boim“
801 457 960 511 usque
983 441 1052 494 ad
1099 440 1233 493 Lise.
1277 440 1413 507 Quia
1461 451 1674 494 aeterm.
1703 439 1974 503 civitates,
2029 438 2199 494 Sidon

596 533 851 588 videlicet
881 532 1245 599 etGerara,et
1268 532 1530 598 Sodoma,
1551 533 1956 601 etGomorrha,
1975 543 2028 588 et
2058 532 2200 588 Ada-

598 643 707 692 mn,
741 637 795 681 et
827 626 1051 681 Scboim
1083 634 1225 681 nunc
1255 639 1382 682 sunt
1411 627 1685 694 omnibus,
1723 627 1828 682 hoc
1866 637 2073 682 tantum
2105 641 2200 681 an-

599 718 899 774 notandum
932 717 1168 784 videtnr,
1197 720 1340 788 quod
1363 716 1480 772 Lisc
1511 719 1625 788 ipsa
1646 721 1736 784 sit,
1762 734 1881 788 quae
1910 733 2054 773 nunc
2079 718 2204 774 Cal-

597 813 766 868 lirhoe
805 813 1026 879 dicitur,
1088 812 1177 867 ubi
1231 827 1386 882 aqua:
1443 811 1631 867 calidae
1680 820 2097 882 prorumpentes
2145 811 2198 865 in

599 923 749 962 mare
781 907 1055 962 Mortuum
1087 905 1360 960 deﬂuunt.

660 997 841 1067 (Vcrs.
863 997 1150 1070 224322
1165 995 1294 1052 Filii
1313 997 1458 1064 Sem,
1481 995 1656 1064 litum,
1671 1006 1717 1050 et
1734 997 1980 1064 Auur,et
1999 997 2202 1066 Arpha-

594 1093 723 1160 ead,
744 1101 804 1147 'et
833 1091 969 1160 Lud,
999 1103 1046 1146 et
1081 1096 1258 1146 Aram.
1280 1092 1340 1146 Hi
1376 1092 1445 1146 ab
1477 1090 1756 1161 Euphrate
1789 1089 1956 1146 ﬂuvio
1989 1099 2199 1162 partem

596 1185 742 1240 Asia:
772 1201 944 1256 usque
983 1184 1049 1238 ad
1072 1183 1308 1240 Indicum
1333 1183 1613 1239 Oceanum
1643 1193 1850 1238 tenent.
1887 1183 1983 1238 Est
2016 1195 2200 1239 autem

598 1277 775 1342 Elam,
809 1291 839 1330 a
866 1291 975 1347 quo
1016 1275 1263 1330 Elamitte
1299 1277 1574 1346 principes
1618 1275 1880 1332 Persidis.
1916 1277 1991 1333 De
2029 1276 2203 1331 Assur

595 1380 722 1424 ante
745 1369 857 1438 jam
908 1369 1117 1424 dictum
1148 1380 1255 1435 est,
1289 1369 1434 1440 quod
1465 1368 1492 1408 ι’
1525 1369 1730 1423 Ninum
1770 1369 1961 1425 urbem
2011 1371 2202 1425 condi-

595 1461 756 1518 derit.
784 1461 1084 1531 Arphas‘ad
1125 1477 1156 1517 a
1199 1478 1307 1532 quo
1336 1460 1613 1518 Chaldaei:
1649 1461 1765 1518 Lnd
1808 1478 1838 1516 a
1868 1480 1975 1532 quo
2006 1463 2198 1534 Lydii:

595 1556 758 1610 Aram
791 1570 820 1609 a
863 1571 972 1626 quo
1015 1555 1162 1627 Syri,
1205 1571 1443 1626 quorum
1493 1556 1811 1626 metropolis
1848 1564 1938 1612 est
1983 1556 2202 1611 Damas-

595 1664 711 1705 cus.

2303 446 2484 509 potui;
2536 440 2628 494 sed
2660 454 2832 510 usque
2861 439 2914 494 in
2961 454 3223 510 praesens,
3271 439 3401 510 quia
3431 439 3632 508 procul
3667 455 3698 492 a
3751 441 3926 497 nobis

2302 544 2448 598 sunt,
2482 533 2564 588 vel
2597 534 2668 588 ita
2703 545 2992 598 vocantur,
3025 543 3081 587 ut
3113 533 3371 602 primum,
3412 533 3498 588 vel
3548 548 3680 604 quae
3713 534 3925 588 immu-

2303 636 2409 682 tata
2443 639 2589 695 sunt,
2620 629 2952 698 ignorantur.
3003 627 3372 683 Possederunt
3416 635 3604 682 autem
3635 643 3667 682 a
3699 628 3932 694 Cophe-

2304 738 2370 776 nc
2423 721 2606 788 ﬂuvio,
2666 737 2882 778 omnem
2920 720 3088 776 ludite
3137 720 3444 791 regionem,
3501 737 3629 792 qum
3686 733 3926 779 vocatur

2304 813 2327 852 ά
2357 816 2564 871 llieria.

2375 908 2530 982 (Cap.
2562 909 2651 964 Χι.
2674 909 2905 964 —Vers.
2931 908 3054 981 28.)
3090 909 3156 962 Et
3185 916 3421 962 mortuus
3449 917 3525 962 est
3556 917 3580 945 ε
3613 907 3769 963 Aron
3798 920 3926 964 ante

2303 1013 2502 1071 patrem
2532 1003 2693 1075 323
2722 1018 2874 1056 suum
2900 1004 2954 1056 in
2997 1013 3156 1066 terra,
3197 1018 3299 1072 qua
3329 1010 3488 1055 natus
3514 1012 3590 1055 est
3618 1002 3679 1055 in
3702 1003 3922 1075 regione

2305 1093 2690 1150 Cltaldreorum.
2717 1094 2822 1150 Pro
2849 1109 2935 1158 eo,
2966 1094 3112 1164 quod
3143 1094 3397 1164 legimus,
3425 1093 3479 1146 in
3512 1095 3730 1166 regione
3755 1094 3924 1148 Chal-

2304 1187 2560 1252 daorum,
2600 1188 2656 1241 in
2698 1187 2929 1242 Hebraeo
2970 1186 3221 1252 habetur,
3270 1185 3324 1238 in
3357 1199 3430 1240 un
3461 1200 3702 1240 cassum
3737 1185 3916 1258 (πα

2305 1281 2532 1348 own),
2562 1279 2610 1332 id
2635 1286 2720 1335 est
2741 1281 2794 1332 in
2820 1279 2940 1352 igne
2971 1277 3359 1334 Chaldaeorum.
3391 1277 3642 1333 Tradunt
3670 1289 3855 1333 autem
3890 1279 3916 1317 ί

2306 1370 2519 1426 Hebraei
2549 1387 2614 1425 cx
2647 1371 2749 1426 bac
2766 1371 3076 1436 occasione,
3107 1370 3420 1426 istiusmodi
3453 1370 3700 1426 fabulam
3729 1371 3915 1439 :Quod

2308 1463 2577 1518 Abraham
2609 1464 2663 1518 in
2697 1464 2873 1534 ignem
2907 1463 3109 1517 missus
3143 1463 3235 1530 sit,
3269 1463 3396 1532 quia
3441 1462 3622 1534 ignem
3677 1464 3917 1519 adorare

2307 1556 2562 1619 uoluerit,
2595 1572 2755 1625 quem
2788 1555 3029 1611 Chaldaei
3061 1555 3270 1622 colunt,
3303 1563 3362 1610 et
3403 1556 3495 1611 Dei
3525 1557 3748 1612 auxilio
3781 1556 3920 1612 libe—

2307 1661 2479 1716 ratus,
2501 1649 2570 1705 de
2594 1651 2916 1705 idololatria:
2932 1651 3055 1722 igne
3072 1649 3400 1720 profugerit:
3420 1649 3562 1720 quod
3589 1652 3644 1704 in
3669 1667 3919 1721 seque-

663 1740 859 1811 (Vers.
887 1739 976 1794 Ἡ.
1008 1741 1024 1810 )
1071 1739 1197 1795 Filii
1225 1741 1402 1804 Aram,
1457 1740 1552 1809 Us,
1579 1753 1626 1795 et
1659 1740 1749 1808 Ut,
1783 1751 1831 1794 et
1889 1739 2102 1806 Gel/ter,
2147 1752 2196 1796 et
2235 1737 2275 1796 Β
2307 1743 2450 1796 tibus
2488 1744 2770 1808 scribitur,
2823 1757 3106 1814 egressura
3139 1756 3263 1798 esse
3292 1740 3514 1797 Thorani
3543 1757 3673 1796 cum
3709 1744 3917 1799 sobole

603 1835 735 1892 Mes.
771 1835 843 1891 Us
885 1833 1298 1891 Trachouitidis
1345 1845 1401 1890 et
1439 1836 1688 1891 Damasci
1736 1835 2009 1899 conditor,
2060 1835 2201 1892 inter

606 1927 954 1982 Palmatinam
1000 1938 1053 1982 et
1103 1925 1292 1985 Ctelen
1324 1927 1539 1999 Syriam
1589 1929 1760 1984 tenuit
1799 1929 2197 1998 principatum:

593 2038 624 2076 a
653 2037 758 2091 quo
790 2020 1141 2091 Septuaginta
1191 2020 1523 2091 luti-rpretes
1557 2021 1610 2075 in
1659 2021 1800 2076 libro
1847 2021 1972 2087 Job,
2027 2021 2114 2076 ubi
2146 2022 2198 2076 in

595 2112 825 2166 Hebraeo
841 2112 1122 2178 scribitur,
1146 2123 1282 2168 terra
1308 2112 1404 2180 Us,
1431 2115 1707 2183 regionem
1732 2114 2044 2178 Ausitidem,
2065 2131 2202 2184 qua-

591 2207 636 2261 si
665 2205 941 2273 Usitidem,
978 2207 1403 2262 transtulerunt.
1437 2206 1522 2268 Ul.
1547 2223 1577 2261 a
1618 2222 1725 2278 quo
1761 2207 2040 2262 Armenii:
2089 2207 2198 2263 Ge-

594 2301 739 2365 ther,
770 2316 798 2353 a
827 2314 936 2370 quo
967 2311 988 2339 σ
1022 2300 1340 2370 Acarnanii,
1377 2302 1494 2355 sive
1523 2298 1694 2355 Carii.
1730 2302 1900 2356 Porro
1935 2301 2067 2367 Mes,
2101 2315 2198 2372 pro

592 2410 701 2464 quo
729 2394 1088 2465 Septuaginta
1130 2394 1466 2462 lnterpretes
1499 2394 1715 2450 Mosoch
1743 2396 2026 2462 dixerunt,
2056 2409 2200 2451 nunc

594 2497 860 2545 vocantur
889 2488 1145 2544 Maaones.

665 2582 854 2653 (Vers.
882 2581 1005 2651 24.)
1039 2582 1324 2653 Arphaxad
1379 2583 1556 2654 genuit
1601 2583 1746 2648 Sela,
1776 2595 1824 2636 et
1863 2583 1987 2638 Sela
2023 2583 2198 2657 genuit

595 2677 789 2732 Heber.
827 2675 909 2731 Ex
932 2676 1105 2732 [leber
1135 2680 1241 2732 nati
1266 2687 1386 2733 sunt
1413 2678 1516 2732 duo
1545 2678 1640 2746 ﬁlii
1671 2695 1688 2732 :
1723 2694 1910 2731 nomen
1939 2678 2028 2730 uni
2055 2676 2198 2730 Plia-

589 2769 691 2838 leg,
721 2771 844 2836 quia
870 2771 924 2823 in
955 2770 1136 2824 diebus
1169 2775 1281 2843 ejus
1314 2771 1480 2825 divisa
1507 2781 1581 2824 est
1608 2781 1766 2837 terra,
1798 2779 1848 2826 et
1879 2785 2063 2824 nomen
2081 2773 2194 2840 fra-

596 2861 690 2914 tris
717 2862 829 2930 ejus
851 2861 1059 2916 Jectan.
1098 2863 1296 2930 Heher,
1331 2881 1359 2917 a
1383 2881 1492 2934 quo
1515 2864 1744 2928 llebraii,
1778 2863 2037 2919 vaticinia
2059 2878 2198 2934 quo-

599 2951 720 3004 dam
766 2952 876 3006 filio
903 2969 1002 3007 suo
1025 2955 1230 3025 Phaleg
1265 2973 1459 3012 nomen
1493 2957 1772 3026 imposuit,
1803 2957 1892 3026 qui
1930 2961 2195 3026 interpre-

601 3053 744 3098 tatur
770 3045 980 3112 divisio,
1031 3050 1196 3103 abeo
1243 3051 1464 3120 quodin
1511 3051 1701 3106 diebus
1733 3051 1850 3120 ejus
1891 3050 2089 3122 lingua.-
2140 3051 2193 3106 in

599 3137 879 3208 Babylone
909 3138 1100 3194 divisa:
1132 3152 1280 3196 sunt.

667 3231 849 3302 (Vers.
872 3233 988 3304 26.)
1021 3235 1208 3289 Jectan
1239 3238 1414 3309 genuit
1444 3237 1766 3302 Helmodad,
1809 3249 1857 3293 et
1891 3237 2110 3310 Saleph,
2142 3249 2192 3294 et

593 3327 887 3394 Asermoth,
943 3339 992 3382 et
1019 3328 1163 3395 lare,
1216 3339 1261 3382 et
1312 3331 1565 3398 Adurunt,
1609 3342 1656 3385 et
1699 3331 1856 3397 Uzal,
1903 3345 1951 3388 et
2001 3331 2186 3401 Decla,

600 3419 750 3487 Ebal,
784 3421 1034 3489 Abimael,
1068 3421 1220 3489 Seba,
1253 3422 1443 3494 Opliir,
1481 3423 1650 3490 Evila,
1681 3436 1728 3478 et
1760 3422 1946 3480 Jobab.
1973 3423 2182 3482 Trede-

664 3657 687 3683 "
720 3647 1097 3722 Regimemss.
1141 3665 1308 3722 usque
1343 3650 1511 3720 Leset,
1546 3663 1638 3707 aut
1692 3651 1882 3717 Les‘he,
1918 3663 2030 3706 tum
2076 3652 2185 3722 hic,

593 3735 715 3775 cum
748 3719 908 3787 paulo
936 3719 1097 3775 infra.

667 3791 692 3829 ιι
722 3791 856 3845 Male
882 3808 1050 3858 penes
1081 3793 1396 3849 Rhabanum
1429 3793 1676 3849 Niniven.
1701 3795 1975 3859 Josephus
2002 3795 2189 3854 ’Δσούο

591 3885 686 3940 ρας
714 3860 932 3940 benivola
958 3868 1126 3931 οἰκίζει
1157 3867 1321 3920 πόλιν.
1369 3867 1562 3940 Asuras
1586 3877 1756 3921 autem
1784 3866 1984 3921 Ninum
2013 3868 2183 3940 urbem

595 3934 846 4009 condidit.
890 3934 1097 4009 thera
1136 3952 1355 4005 quoilue
1385 3954 1452 3992 ex
1505 3937 1745 4008 Jusepltu
1793 3949 2000 4009 repete.
2057 3939 2181 3995 Mox

597 4004 805 4080 aliquot
837 4022 965 4080 mss.
1001 4004 1220 4073 Ludim,
1255 4004 1286 4062 ἁ
1315 4026 1416 4080 quo
1449 4009 1638 4080 Lydia.

669 4089 688 4114 ε
717 4078 863 4144 Quos
889 4078 1251 4151 lliermtymus
1280 4078 1624 4143 Acarnanios,
1649 4081 1762 4137 sive
1789 4081 1993 4146 Curios,
2020 4079 2177 4135 Jose-

597 4147 744 4226 phus
775 4147 1128 4226 Βακτριαγοπ,
1178 4149 1506 4226 Bactrianos,
1529 4164 1722 4217 Vocat;
1754 4165 1811 4208 et
1849 4153 2044 4226 deinde
2070 4165 2174 4226 alio.

596 4223 838 4295 ςᾳναίονς
883 4221 1147 4294 (Cedron.
1193 4233 1249 4278 et
1294 4223 1534 4294 Syncell.
1557 4222 1875 4295 Μεσηνίους)
1915 4238 2053 4294 quos
2090 4223 2180 4279 ille

599 4289 826 4365 Marones
848 4289 1022 4349 a'Mes
1049 4296 1199 4348 dicit.
1232 4289 1504 4351 Ceterum
1540 4313 1633 4363 pro
1660 4297 1767 4350 sive
1794 4289 1956 4354 edi-n1
1997 4295 2182 4365 legen-

598 4362 724 4414 dum
751 4363 838 4418 hic
869 4381 1030 4428 penes
1057 4367 1446 4433 Hieronymum
1487 4362 1722 4433 videtur,
1754 4367 1858 4420 sive
1888 4362 2074 4431 Curii;
2102 4369 2198 4420 at»?

599 4384 724 4414 num
751 4384 838 4418 mc
869 4384 1030 4428 penes
1057 4384 1253 4421 ttteron
1304 4384 1446 4420 mum
1487 4384 1722 4433 Vlﬂt‘llll',
1754 4385 1858 4420 sive
1888 4384 2052 4431 curn,
2102 4384 2184 4420 at»-

599 4447 702 4511 que
751 4437 882 4487 infra
917 4436 1090 4490 Curia:
1119 4455 1213 4511 pro
1251 4384 1443 4511 gerite.
1493 4439 1833 4505 Stephanus:
1874 4438 2184 4511 Ἀκαρνανίας

603 4499 1143 4602 χόίραηκεκςυξισίίέγῆ
1195 4509 1305 4602 (‘17.
1342 4499 1705 4602 κεχί-ξρισριἐνη
1722 4513 1747 4600 1.
1781 4519 1880 4565 τῶν
1912 4499 2187 4588 Κοάρήτων
2219 4499 2264 4558 Ι)

599 4578 742 4669 “ﬂag.
759 4578 1012 4666 ’Axs?.o'oi'
1025 4578 1116 4634 διὸ
1131 4578 1591 4669 ,καλοῦνταῖοῖμέὖ
1615 4583 1890 4669 κειρόμενοι
1906 4578 2185 4666 κτξυρἦτεςν

599 4646 649 4704 oi
691 4646 746 4703 δὲ
785 4646 1085 4728 ἀκρήρεύτοι
1131 4650 1451 4728 ’έκαρνᾱνεᾳ
1495 4646 1652 4728 Quod
1691 4646 1881 4728 'auteut
1921 4646 2188 4728 llie'ronyé

602 4736 720 4774 mus
750 4731 806 4775 et
845 4721 1084 4775 Isidorus
1131 4721 1344 4779 Curetas
1380 4721 1922 4780 cumAcarmnibns
1952 4721 2185 4780 confun-

596 4792 934 4866 dunttidem
963 4795 1030 4848 ah
1059 4794 1183 4849 aliis
1209 4810 1427 4866 quoque
1472 4798 1671 4852 factum
1734 4806 1922 4852 narrat
1965 4798 2183 4853 Strabo.

601 4863 954 4936 Vltislsitltir.
1013 4867 1049 4920 1.
1087 4863 1312 4936 IX,CE|).

667 4934 692 4971 ά
731 4935 860 4992 Vide
892 4954 1012 5008 quae
1041 4954 1202 5010 supra
1234 4934 1284 4994 iu
1313 4941 1582 4997 Locorum
1620 4941 1762 4996 libro
1801 4941 2186 4995 aunotavimus

709 5007 1120 5084 voccs__Evilat,’
1153 5019 1207 5064 et
1257 5010 1446 5082 Ophir,
1477 5025 1530 5067 et
1562 5012 1809 5084 Saphira.
1856 5012 2189 5066 Constanter

597 5077 820 5162 llieron.
868 5080 1110 5137 Hieriam
1151 5098 1251 5151 pro
1282 5077 1446 5160 2min,
1502 5077 1656 5139 Seria
1707 5085 1793 5138 hic
1839 5099 2056 5158 quoque
2103 5097 2192 5138 rc-

596 5160 748 5206 tiucl.

668 5256 691 5284 θ
734 5244 801 5300 Et
833 5258 1066 5300 mortuus
1094 5260 1167 5302 est
1212 5249 1375 5316 Arari,
1418 5257 1523 5304 etc.
1570 5249 1972 5319 Manuscriptus
2016 5247 2188 5319 codex

596 5318 796 5387 Regius
827 5335 976 5373 num.
1015 5319 1159 5374 5994
1191 5322 1453 5374 nonnulla
1485 5321 1633 5375 addit
1659 5321 1759 5374 hoc
1791 5318 1954 5376 modo
1983 5337 1994 5372 :
2044 5318 2189 5373 Plia-

591 5391 671 5460 leg
697 5393 872 5463 genuit
902 5389 1084 5462 lingua
1111 5409 1127 5446 :
1163 5392 1341 5462 Rngnu
1366 5394 1537 5463 genuit
1571 5391 1768 5448 Sarach
1808 5410 1825 5446 :
1860 5393 2058 5445 Saracli
2101 5409 2188 5460 ge-

591 5461 931 5515 nuitﬂVuchor
947 5480 963 5517 .·
983 5461 1197 5518 Nachor
1216 5461 1388 5528 qrnttit
1412 5464 1602 5523 Thare.
1622 5463 1790 5518 Thare
1810 5465 1982 5531 genuit
2005 5464 2190 5516 Abram

589 5543 634 5585 et
668 5534 881 5586 Nnc/tor
907 5545 954 5587 et
982 5533 1146 5589 Aron.
1181 5535 1245 5589 Et
1271 5545 1500 5589 mortuus
1522 5546 1619 5599 est,
1651 5546 1757 5588 etc.
1805 5534 2076 5588 Munus.

668 5625 686 5663 ί
720 5626 980 5682 Fabulam
1007 5629 1145 5682 hanc
1173 5639 1355 5682 narrat
1376 5629 1425 5682 in
1455 5627 1690 5683 l’irkcfl.
1722 5627 1936 5680 Eliezer
1957 5625 2184 5694 cap.26,

593 5698 681 5762 qui
726 5699 1017 5754 secundam
1066 5716 1096 5754 e
1126 5701 1313 5754 det-em
1361 5701 1589 5754 Abraha:
1624 5697 2019 5753 tentationibus
2050 5697 2189 5755 hanc

591 5768 760 5826 fuisse
793 5778 958 5834 notat,
997 5787 1115 5840 quzc
1147 5772 1502 5828 decennalem
1542 5785 1817 5828 carcerem
1854 5776 2036 5825 secuta
2070 5771 2140 5828 sit
2170 5788 2182 5826 :

2304 1853 2400 1891 sua
2432 1838 2501 1893 de
2533 1838 2758 1908 regione
2779 1838 3160 1893 Chaldaeorum
3186 1855 3199 1892 :
3228 1853 3324 1908 pro
3342 1853 3446 1908 quo
3472 1838 3522 1890 in
3545 1837 3787 1892 Hebraeo
3811 1838 3924 1896 ha-

2304 1929 2484 1995 betur,
2534 1930 2599 1984 de
2648 1930 2888 1986 incendio
2937 1928 3329 1985 Chaldworum.
3362 1929 3427 1985 Et
3458 1931 3556 1984 hoc
3584 1944 3711 1984 esse
3744 1931 3920 2001 quod

2304 2038 2444 2077 nunc
2499 2023 2741 2078 dicitur:
2803 2023 3048 2079 Mortuus
3090 2031 3168 2079 est
3211 2023 3353 2078 Aron
3393 2032 3512 2077 ante
3560 2034 3914 2091 conspectum

2302 2115 2475 2169 There
2496 2117 2656 2185 patris
2681 2117 2762 2168 sui
2812 2117 2866 2168 in
2894 2124 3034 2170 terra
3050 2117 3332 2170 nativitatis
3362 2130 3491 2180 sum,
3521 2117 3573 2168 in
3602 2117 3724 2186 igne
3746 2114 3918 2171 Chal-

2302 2209 2573 2262 dworum:
2625 2207 2771 2278 quod
2826 2207 3133 2264 videlicets
3164 2209 3343 2279 ignem
3395 2209 3590 2262 nolens
3641 2207 3909 2274 adorare,

2303 2301 2428 2372 igne
2455 2311 2812 2371 consumptus
2843 2302 2933 2356 sit.
2965 2301 3232 2372 Loquitur
3281 2310 3464 2355 autem
3499 2307 3692 2370 pestea
3722 2299 3911 2355 Domi-

2301 2409 2404 2450 nus
2433 2393 2501 2449 ad
2534 2393 2832 2448 Abraham:
2873 2393 2984 2466 Ego
3018 2410 3132 2448 sum
3155 2394 3414 2463 quieduxi
3443 2401 3490 2448 te
3511 2394 3577 2446 de
3603 2392 3725 2462 igne
3746 2389 3903 2447 Chal-

2302 2489 2555 2544 datarum.

2375 2582 2556 2655 (Veis.
2582 2581 2700 2652 29.)
2748 2580 2812 2634 Et
2840 2589 3173 2652 sumpserunt
3203 2579 3399 2634 Abram
3433 2589 3484 2635 et
3529 2578 3756 2634 Nachor
3812 2578 3904 2633 sibi

2301 2692 2509 2730 uxores.
2565 2674 2768 2728 Nomen
2821 2676 2994 2730 uxoris
3020 2674 3228 2741 Abram,
3260 2674 3415 2728 Sarai
3436 2691 3455 2728 .·
3487 2683 3532 2728 et
3557 2690 3747 2728 nomen
3781 2690 3908 2728 uxo-

2302 2771 2372 2822 ris
2399 2767 2634 2835 Nnc/tor,
2671 2767 2877 2823 Melcha
2921 2768 3034 2836 ﬁlia
3064 2768 3225 2820 Aran.
3261 2765 3420 2821 Pater
3446 2776 3619 2822 autem
3660 2765 3905 2833 Helena,

2300 2865 2409 2936 ipse
2435 2873 2512 2920 est
2563 2875 2710 2936 pater
2731 2862 2918 2917 lescw.
2952 2862 3097 2917 Aran
3125 2861 3272 2916 filius
3304 2860 3506 2925 Thare,
3535 2860 3709 2916 frater
3730 2861 3908 2916 Abra-

2303 2957 2426 3011 ham
2459 2966 2514 3012 et
2543 2955 2782 3020 Nachor,
2814 2955 2954 3009 duas
2982 2954 3123 3010 ﬁlias
3149 2953 3360 3024 genuit,
3388 2953 3680 3018 Melcham,
3715 2966 3773 3008 et
3809 2953 3909 3010 Sa-

2300 3051 2377 3107 rai
2433 3059 2798 3122 cognomento
2844 3049 3067 3113 Jescau,
3123 3048 3404 3128 δυὰῃυμον.
3449 3048 3491 3103 E
3521 3049 3722 3119 quibus
3770 3047 3906 3102 Mel-

2299 3145 2456 3198 cham
2490 3144 2701 3215 accepit
2733 3158 2958 3197 uxorem
2987 3139 3228 3208 Nacbor,
3278 3151 3334 3195 et
3378 3140 3531 3197 Sarai
3579 3140 3862 3196 Abraham
3890 3160 3905 3194 ;

2301 3237 2535 3294 necdum
2570 3238 2771 3306 quippe
2798 3235 2941 3291 inter
2972 3244 3222 3304 patruos,
3254 3243 3310 3288 ct
3332 3234 3556 3290 fratrum
3591 3234 3735 3288 ﬁlias
3767 3249 3907 3305 nup-

2299 3332 2384 3384 tia:
2411 3330 2631 3384 fuerant
2657 3330 2777 3398 lege
2817 3328 3129 3398 prohibitaa,
3179 3343 3301 3397 quae
3333 3329 3384 3382 in
3427 3328 3620 3397 primis
3655 3327 3898 3383 [nomini-

2294 3424 2420 3490 bus,
2453 3424 2616 3479 etiam
2647 3423 2790 3478 inter
2831 3421 3030 3477 fratres
3057 3430 3112 3477 et
3137 3420 3525 3477 sororesinita:
3550 3431 3708 3476 sunt.

2297 3661 2407 3705 tum
2441 3650 2551 3704 alio
2580 3650 2773 3705 ordine
2821 3651 2871 3705 in
2905 3650 3071 3706 Pirke
3109 3651 3170 3706 R.
3218 3651 3454 3718 Nalban,
3500 3662 3554 3706 et
3583 3651 3649 3706 R.
3690 3653 3902 3709 Eliezer

2293 3722 2600 3779 Germanus
2648 3723 2699 3776 in
2741 3721 2957 3777 Mahase
2999 3723 3161 3777 ahoth
3221 3739 3271 3778 c.
3321 3724 3375 3788 2,
3403 3724 3614 3792 aliique
3647 3726 3802 3779 multi
3830 3740 3898 3780 ex

2294 3794 2562 3858 "obrutis,
2587 3804 2754 3863 gente
2785 3793 2851 3848 ad
2883 3793 3094 3848 fabulas
3117 3795 3466 3850 excudendas
3491 3805 3638 3849 nuta.
3675 3797 3898 3852 Minime

2292 3883 2424 3920 vero
2455 3866 2572 3932 ejus
2612 3865 2860 3918 meminit
2890 3865 2954 3918 Β.
2988 3866 3364 3930 Maimonides,
3397 3882 3500 3934 qua
3530 3867 3599 3922 de
3629 3883 3792 3922 causa
3825 3867 3891 3922 R.

2292 3938 2622 4003 Aharbanel,
2663 3939 2754 4006 qui
2788 3939 3033 4008 singulas
3067 3939 3301 3992 Abrahze
3338 3940 3675 3993 tentationes
3707 3955 3734 3992 a
3763 3938 3894 3994 Mai-

2291 4031 2508 4087 monidc
2552 4032 2752 4086 relatas
2793 4033 3050 4100 explicat.
3099 4032 3214 4088 huic
3242 4033 3516 4098 observat,
3553 4038 3644 4089 Ὃτ
3685 4009 3755 4087 κ’)
3790 4037 3893 4088 run

2284 4131 2398 4182 Ὅτι
2447 4108 2570 4183 κῆω
2609 4101 2701 4184 755
2744 4129 2977 4180 nomn
3011 4102 3163 4181 55:7:
3191 4129 3378 4180 mw:
3402 4130 3547 4181 Ἥκω
3583 4110 3760 4186 'tn‘isn
3784 4132 3894 4182 am

2290 4203 2477 4258 nm:
2503 4195 2632 4249 Ecce
2656 4214 2756 4250 non
2789 4199 3021 4252 meminit
3054 4198 3216 4252 llabbi
3239 4197 3324 4250 hic
3348 4197 3673 4251 liberationis
3689 4215 3716 4251 e
3733 4196 3894 4251 Chal-

2289 4269 2524 4322 daeorum
2547 4269 2757 4321 'clibano
2780 4269 2961 4337 ignita,
2981 4273 3046 4322 ab
3064 4268 3180 4323 aliis
3206 4270 3337 4322 inter
3354 4271 3666 4322 tentationes
3687 4271 3892 4335 relator,

2290 4349 2564 4410 propterea
2615 4340 2752 4410 quod
2795 4339 2943 4394 illius
2970 4339 3120 4394 nulla
3153 4342 3244 4404 ﬁat
3273 4342 3467 4395 mentio
3505 4341 3557 4393 in
3588 4340 3886 4409 Scriptura.

2289 4412 2564 4466 (la-terum
2597 4410 2885 4465 seditionis
2908 4413 2960 4466 iu
2991 4411 3358 4466 Abrahamum
3377 4421 3536 4466 mola:
3562 4427 3589 4463 a
3613 4410 3891 4466 Chaldaeis

2291 4498 2355 4540 ac
2379 4483 2810 4549 Mesnpotamiis,
2838 4485 2983 4550 quod
3019 4485 3112 4538 ille
3137 4499 3302 4536 unum
3330 4499 3455 4538 esse
3485 4484 3650 4536 Deum
3698 4498 3884 4536 verum

2291 4555 2537 4608 Omnium
2598 4555 2940 4609 conditorem
2990 4554 3332 4621 praedicaret,
3379 4552 3653 4622 Iosephus
3694 4565 3889 4608 aurtor

2291 4629 2633 4680 certissimus
2689 4626 2939 4680 meminit
2986 4626 3282 4692 Autiquitt.
3320 4626 3356 4678 1.
3392 4642 3429 4679 t.
3464 4642 3514 4678 c.
3551 4626 3603 4677 7.
3658 4625 3740 4678 Ex
3781 4640 3886 4690 quo

2291 4707 2626 4766 exaggerant
2658 4698 2981 4753 Eustathius
3011 4696 3408 4760 Autiochenns,
3437 4697 3707 4766 Georgius
3750 4694 3885 4764 Syn-

2290 4771 2482 4835 cetlus,
2514 4769 2718 4837 aliique
2745 4785 2810 4823 cx
2835 4768 3066 4835 Geo-cis,
3094 4768 3271 4835 ἱμηιηιι
3296 4767 3572 4822 Abraham
3592 4767 3884 4835 patrisido-

2293 4841 2341 4894 la
2374 4857 2436 4896 ac
2481 4842 2704 4896 domum
2757 4841 3089 4906 incendisse,
3121 4850 3285 4908 atque
3341 4855 3445 4894 una
3477 4837 3682 4892 arsisse
3718 4838 3880 4891 Aram

2290 4912 2511 4966 fratrem
2545 4927 2721 4978 suum,
2749 4913 2837 4982 qui
2873 4914 3050 4982 ignem
3078 4912 3349 4966 nitebatur
3372 4910 3719 4977 extinguere.
3758 4909 3882 4965 Vide

2298 4993 2349 5038 et
2382 4984 2807 5052 subsequentem
2839 4985 3272 5038 annotationem.

2370 5066 2394 5101 ε
2429 5055 2482 5108 Id
2514 5070 2677 5123 porro
2703 5055 2767 5109 ad
2801 5055 2943 5110 Itttut:
2973 5055 3202 5112 Genesis
3227 5056 3403 5108 locum
3433 5068 3502 5106 ex
3538 5052 3764 5121 antiquo
3789 5052 3882 5123 Mi-

2295 5126 2442 5189 dras,
2480 5122 2596 5180 sive
2624 5125 3031 5181 Commentario
3063 5126 3225 5181 refert
3282 5126 3344 5178 lt.
3387 5124 3648 5178 Salomon
3687 5122 3832 5177 Jarki
3865 5141 3877 5176 :

2297 5198 2512 5252 Thai-au
2546 5198 2762 5253 scilicet
2785 5198 3016 5252 Abraha'
3042 5198 3150 5252 filio
3169 5211 3267 5251 suo
3289 5210 3475 5249 coram
3503 5195 3739 5249 Νεωτοά
3765 5209 3882 5247 suc-

2295 5271 2600 5335 ccnsnisso,
2637 5269 2778 5338 quod
2811 5271 2912 5323 sibi
2944 5270 3084 5322 idola
3127 5267 3510 5336 confregisset,
3561 5266 3879 5338 iussumque

2294 5342 2448 5395 illum
2479 5343 2533 5395 in
2565 5337 2822 5394 facinoris
2853 5355 3064 5410 pcenam
3089 5341 3140 5394 in
3165 5338 3440 5393 fornacem
3474 5338 3616 5405 ignis
3646 5337 3877 5410 imlnitti.

2298 5413 2453 5468 Tunc
2489 5421 2650 5470 Aram
2680 5457 2693 5477 ,
2751 5408 2985 5469 Abraba-
3040 5413 3286 5473 fratrem,
3319 5410 3530 5463 dixisse
3556 5409 3700 5479 apud
3726 5423 3806 5470 se,
3835 5408 3879 5479 si

2300 5487 2576 5538 Abraham
2603 5495 2847 5549 superet,
2894 5486 3011 5552 ejus
3041 5498 3139 5536 ero
3170 5501 3182 5533 :
3217 5484 3260 5536 si
3291 5495 3420 5536 vero
3474 5477 3741 5552 Nenirud,
3766 5477 3876 5552 ipsi

2298 5555 2608 5610 adiutam-bu.
2654 5557 2858 5625 Erepto
2886 5549 3049 5626 igitur
3079 5552 3335 5626 divinitus
3361 5567 3392 5607 e
3417 5553 3666 5626 periculo
3714 5549 3878 5604 Abra-

2299 5627 2475 5688 hamu,
2508 5623 2927 5695 interrogantur
2949 5629 3114 5681 Aram
3138 5641 3168 5679 c
3193 5623 3349 5694 cujus
3390 5623 3640 5695 partibus
3685 5631 3873 5687 staret,

2297 5698 2646 5766 reSpnudisse
2677 5692 2935 5761 Abrahae,
2971 5713 3132 5768 quam
3163 5697 3232 5752 ob
3259 5692 3474 5748 causam
3518 5695 3570 5748 in
3599 5692 3875 5754 fornacem

2299 5769 2695 5852 praecipitatum
2728 5771 2894 5828 fuisse
2923 5779 3084 5842 atque
3115 5768 3242 5844 igne
3269 5773 3682 5852 consumptum.
