4010 6310
81 300 208 356 957

891 306 1097 363 LIBER
1137 306 1641 365 llEBRAICARUM
1680 308 2159 380 QUAESTIONUM
2198 310 2263 368 IN
2306 312 2635 371 GENESIM.

3304 312 3413 370 958

170 414 341 486 (Cap.
380 414 741 474 Xll.—Vers.
772 420 857 491 4.)
896 419 1059 474 Erant
1085 430 1257 475 autent
1272 424 1465 477 Abram
1482 435 1698 495 septua-
1733 431 1783 490 Α
1810 438 1865 483 et
1897 443 1991 483 sex
2026 429 2305 485 mensibus
2336 430 2389 484 in
2421 430 2716 501 pigmentis
2747 433 2908 489 variis
2958 442 3095 499 erat,
3148 440 3204 489 et
3256 446 3415 487 cura-

76 508 251 578 ginta
268 511 495 580 quinque
514 527 795 578 annorum,
820 515 1026 581 quando
1048 530 1280 583 egressus
1302 524 1377 569 est
1400 531 1465 570 ea:
1485 515 1707 573 Clmrra.

82 603 520 662 lndissolubilis
539 608 783 662 nascitur
802 608 1033 677 quaestio
1060 624 1073 661 ;
1105 609 1150 662 si
1187 609 1330 663 enim
1354 608 1533 665 Thara
1555 619 1712 679 pater

78 697 375 762 Abrahm,
424 715 547 754 cum
606 700 786 755 adhuc
837 708 988 756 esset
1048 701 1103 754 in
1150 701 1379 771 regione
1430 701 1705 771 Cltaldzea,

79 794 455 862 septuaginta
478 792 644 866 θαι
659 808 948 859 annorum,
968 794 1159 865 genuit
1188 796 1412 861 Abram,
1442 805 1497 852 et
1521 805 1709 867 postea

86 886 147 939 in
180 882 402 940 Charra
432 884 812 942 ducentesimo
833 886 1029 957 quinto
1056 888 1233 942 aetatis
1265 903 1382 942 suae
1402 902 1546 942 anno
1564 902 1711 943 mor-

82 988 227 1034 tuus
244 988 334 1034 est
357 994 373 1033 :
400 980 679 1047 quomodo
693 994 837 1034 nunc
863 989 987 1049 post
1016 989 1246 1034 mortem
1269 979 1469 1043 Thare,
1498 981 1704 1036 Abram

83 1073 297 1129 exiens
309 1071 380 1128 de
403 1070 635 1139 Charra,
658 1074 1007 1144 septuaginta
1029 1076 1268 1143 quinque
1282 1088 1549 1128 annorum
1576 1074 1709 1129 fuis-

84 1180 156 1221 se
179 1174 569 1221 memoratur:
596 1181 722 1222 cum
755 1182 782 1220 a
812 1166 1264 1222 nativitateAhrte
1297 1166 1547 1237 usquead
1568 1182 1713 1221 mor-

87 1268 211 1312 tem
240 1258 412 1328 patris
440 1258 583 1327 ejus,
606 1268 827 1313 centum
862 1257 1082 1328 triginta
1099 1260 1340 1328 quinque
1370 1257 1539 1313 fuisse
1577 1257 1707 1313 anni

90 1352 437 1408 doceantur.
467 1352 609 1408 Vera
630 1361 715 1408 est
754 1352 916 1423 igitur
943 1353 1036 1408 illa
1078 1353 1431 1409 Hebraeorum
1462 1352 1701 1421 traditio,

90 1463 272 1519 quam
300 1462 466 1517 supra
496 1448 754 1513 diximus,
787 1447 934 1517 quod
965 1462 1221 1518 egressus
1256 1448 1330 1503 sit
1365 1447 1545 1503 Tltara
1578 1463 1704 1502 cum

89 1542 237 1597 ﬁliis
267 1544 382 1597 suis
419 1541 490 1597 de
522 1543 646 1612 igne
677 1541 1056 1597 Chaldaeorum
1082 1556 1096 1593 :
1128 1549 1184 1596 et
1211 1543 1354 1611 quod
1378 1541 1579 1595 Abram
1604 1540 1706 1595 Ba-

88 1634 337 1706 bylonio
367 1633 594 1689 Vallatus
622 1634 899 1699 incendio,
943 1636 1069 1705 quia
1104 1634 1238 1690 illud
1269 1634 1505 1689 adorare
1546 1634 1705 1691 nole-

89 1726 221 1794 bat,
261 1728 356 1783 Dei
387 1728 459 1784 sit
499 1729 704 1783 auxilio
754 1730 1055 1796 liberatus;
1091 1741 1241 1787 etes
1278 1730 1421 1785 illo‘
1450 1742 1703 1800 tempore

1816 521 2061 576 tionibus
2103 522 2428 579 feminarum
2454 569 2468 590 ,
2503 533 2558 580 et
2604 534 2731 581 tunc
2788 524 3009 582 demum
3066 527 3417 598 ingredieba-

1812 622 1900 667 tur
1930 614 1995 668 ad
2030 628 2237 685 regem.
2282 617 2461 686 Atque
2508 617 2581 671 ita
2613 627 2791 686 potest
2841 618 2980 685 fieri,
3005 627 3065 673 ut
3083 618 3239 675 Saral
3264 626 3417 686 post-

1810 720 1972 775 quam
1997 708 2274 777 placuerat
2303 710 2438 780 regi,
2470 710 2598 764 dum
2621 724 2721 781 per
2752 726 2949 765 annum
2980 714 3100 779 ejus
3116 712 3183 765 ad
3213 724 3401 780 regem

1812 813 2212 870 prtepararetur
2237 802 2510 868 intrmtue,
2535 810 2590 857 et
2616 802 2852 858 Abrahae
2876 803 3089 859 Pharao
3114 806 3281 858 multa
3313 803 3413 858 do-

1812 894 2041 955 naverit,
2075 902 2131 947 et
2169 892 2384 947 Pharao
2409 905 2594 964 postea
2646 896 2720 951 sit
2764 911 3055 967 percussus
3090 912 3118 950 a
3154 896 3407 963 Domino,

1810 984 1899 1038 illa
1932 984 2107 1039 adhuc
2132 986 2331 1041 intacta
2365 988 2433 1041 ab
2458 987 2573 1056 ejus
2592 989 2884 1043 concubitu
2916 996 3290 1057 permanente.

1884 1078 2035 1149 (Cap.
2064 1078 2268 1133 Xlll.—
2285 1080 2439 1136 Vers.
2462 1080 2541 1150 4.)
2570 1079 2637 1134 Et
2660 1082 2888 1134 ascendit
2918 1082 3113 1134 Abram
3143 1096 3205 1133 ea:
3230 1079 3409 1155 ὥρῃ-

1808 1180 1897 1243 pto
1914 1174 2025 1240 ipse
2050 1184 2097 1226 et
2127 1189 2260 1227 umor
2289 1178 2436 1245 ejus,
2484 1184 2532 1227 et
2581 1174 2757 1227 omnia
2808 1188 2922 1241 qua:
2969 1171 3111 1226 illius
3139 1183 3325 1227 erant:
3356 1183 3407 1229 et

1810 1265 1904 1319 ιω
1934 1281 2049 1319 cum
2066 1281 2125 1319 eo
2151 1267 2202 1319 in
2219 1267 2499 1321 desertum.
2523 1266 2651 1321 Erat
2674 1276 2842 1320 auten:
2869 1266 3058 1320 Abram
3090 1267 3230 1321 dives
3257 1267 3407 1322 valde

1809 1360 1861 1412 in
1889 1373 2091 1427 pecore,
2139 1367 2185 1410 et
2211 1367 2427 1428 argento
2448 1400 2462 1422 ,
2496 1368 2543 1412 et
2584 1374 2713 1412 auro
2737 1374 2754 1413 :
2778 1367 2828 1413 et
2858 1358 2985 1412 abiit
3013 1358 3151 1413 unde
3181 1359 3314 1413 venit
3353 1359 3411 1414 in

1805 1450 2067 1504 desertum
2115 1466 2275 1519 usque
2305 1449 2506 1504 Bethel.
2564 1449 2793 1505 l‘ulcltre
2824 1450 2893 1504 de
2940 1448 3177 1521 Egypto
3208 1450 3410 1506 libera-

1808 1552 1896 1599 tus
1922 1544 2241 1599 ascendisse
2285 1543 2508 1598 dicitur.
2537 1544 2644 1599 Sed
2694 1543 2936 1599 occurrit
2976 1543 3102 1597 huic
3133 1544 3319 1600 sensui
3343 1543 3410 1600 il-

1806 1637 1919 1701 lud,
1969 1636 2115 1707 quod
2166 1637 2456 1707 sequitur:
2504 1637 2785 1707 quomodo
2833 1636 3080 1706 potuerit
3128 1637 3318 1692 exiens
3342 1637 3414 1695 de

1806 1732 2045 1803 Egypto
2069 1732 2238 1786 fuisse
2262 1731 2420 1787 dives
2472 1731 2630 1787 valde
2654 1730 2677 1784 7
2700 1730 2857 1797 Quod
2888 1731 3129 1784 solvitur
3182 1731 3271 1785 illa
3306 1730 3415 1787 He-

88 1820 146 1873 ei
199 1819 321 1874 dies
354 1819 500 1885 vitae,
554 1830 611 1876 et
649 1830 866 1891 tempus
907 1832 1191 1893 reputetur
1232 1823 1430 1887 aetatis,
1479 1839 1549 1879 ex
1593 1838 1700 1893 quo
1729 1826 1777 1885 B
1808 1825 1995 1879 braica
2026 1824 2278 1889 veritate,
2309 1824 2363 1879 in
2388 1838 2494 1893 qua
2520 1824 2778 1877 scribitur
2805 1841 2817 1876 :
2853 1823 3043 1876 Abram
3069 1824 3237 1894 gravis
3261 1825 3414 1877 velte-

84 1916 393 1970 conl‘essus
420 1924 507 1972 est
539 1917 853 1983 Dominum,
907 1934 1181 1988 spernens
1222 1917 1366 1972 idola
1410 1917 1698 1972 Chaldaeo-

86 2025 250 2063 rum.
281 2010 472 2065 Potest
502 2020 684 2066 autem
719 2011 856 2077 fieri,
892 2020 953 2065 ut
990 2013 1114 2079 quia
1161 2012 1443 2080 Scriptura
1488 2009 1705 2077 reliquit

84 2101 396 2165 incertum,
432 2112 561 2157 ante
618 2116 820 2171 paucos
871 2116 1050 2157 anuos
1098 2103 1138 2157 Τ
1144 2102 1278 2156 hara
1325 2102 1394 2156 de
1448 2099 1702 2155 Chaldaeo

80 2194 409 2263 profectus,
446 2196 656 2251 venerit
686 2196 739 2251 in
764 2195 1030 2259 Chai-rati,
1052 2194 1080 2234 ι)
1111 2211 1274 2268 quam
1297 2204 1531 2249 mortem
1552 2194 1705 2249 obie-

84 2289 197 2343 rit.
233 2288 337 2343 Vel
367 2297 520 2343 certe
542 2291 726 2343 statim
758 2298 880 2359 post
909 2290 1347 2359 persecutionem
1380 2288 1433 2343 in
1461 2286 1705 2343 Charran

87 2381 342 2445 venerit,
374 2392 433 2436 et
463 2381 539 2437 ibi
567 2382 775 2437 diutius
798 2384 870 2437 sit
901 2394 1167 2437 moratus.
1192 2382 1253 2438 Si
1276 2381 1396 2451 quis
1417 2398 1552 2452 ergo
1579 2380 1707 2437 huic

84 2473 443 2541 expositioni
462 2476 772 2529 contrarius
796 2486 901 2540 est,
928 2484 1142 2545 quaeret
1156 2475 1315 2529 aliam
1344 2475 1702 2529 solutionem:

87 2575 151 2619 ct
191 2575 325 2619 tunc
354 2577 507 2620 recte
558 2582 645 2631 ea,
690 2583 811 2637 qua:
840 2582 871 2621 a
904 2568 1065 2623 nobis
1106 2568 1254 2622 dicta
1299 2576 1449 2631 sunt,
1501 2568 1706 2637 impro—

86 2655 277 2711 habit.

166 2747 356 2818 (Vers.
381 2748 460 2818 9.)
492 2748 554 2803 Et
586 2750 916 2819 proﬁciscens
939 2751 1294 2816 Abrum,abiit
1324 2752 1375 2805 in
1403 2754 1666 2806 desertum
1683 2770 1703 2809 :

86 2852 143 2896 et
178 2841 346 2911 [ames
392 2846 529 2912 facta
583 2854 658 2898 est
693 2861 850 2913 super
879 2854 1090 2899 terram.
1132 2845 1200 2899 Et
1246 2846 1299 2899 in
1350 2846 1605 2912 praesenti
1646 2854 1704 2901 et

94 2936 153 2989 iu
192 2935 446 3002 plurimis
489 2937 613 2991 aliis
673 2939 827 3003 locis,
882 2954 982 3007 pro
1012 2939 1251 3005 deserto,
1303 2942 1371 2993 ad
1426 2940 1696 3007 Austrum,

88 3028 368 3097 scriptum
392 3040 473 3084 est
502 3028 556 3084 in
575 3041 597 3069 ε
619 3030 868 3086 Ηθιιταιο.
888 3032 997 3087 Hoc
1016 3033 1178 3103 igitur
1200 3043 1392 3089 notare
1413 3033 1699 3088 debemus.

170 3119 361 3188 (Vers.
398 3122 464 3177 l5
492 3130 550 3177 et
580 3120 696 3192 16.)
747 3122 810 3176 Et
837 3124 1075 3177 uiderunt
1103 3141 1216 3177 eam
1266 3126 1521 3196 principes
1552 3123 1699 3178 Ρὴαο

1801 1929 2016 1983 menter,
2050 1917 2152 1972 hoc
2176 1926 2262 1972 est
2286 1957 2302 1983 ,
2349 1916 2518 1993 βαρύς
2562 1915 2759 1991 σφόδρα
2790 1934 2803 1968 :
2831 1915 3054 1987 Egypti
3101 1917 3248 1969 enim
3273 1930 3411 1985 pon-

1800 2011 1937 2067 dere
1984 2013 2335 2081 gravabatur.
2390 2013 2460 2064 Et
2516 2011 2647 2065 licet
2683 2010 2975 2064 videantur
3027 2024 3151 2063 esse
3202 2010 3411 2067 divitiae

1804 2108 2048 2174 pectoris,
2080 2105 2219 2168 auri,
2271 2115 2327 2159 et
2372 2103 2623 2173 argenti,
2670 2113 2849 2157 tamen
2883 2105 2926 2157 si
2955 2101 3224 2173 Egyptia:
3254 2110 3406 2171 sunt,

1804 2198 1926 2251 viro
1953 2206 2148 2251 sancto
2177 2210 2371 2266 graves
2396 2204 2543 2249 sunt.
2571 2194 2839 2264 Denique,
2866 2208 2975 2247 non
3005 2204 3063 2247 ut
3092 2194 3145 2247 in
3176 2194 3409 2262 Septua-

1802 2290 1952 2359 ginta
1984 2289 2238 2359 legimus,
2263 2287 2399 2341 Abiit
2444 2289 2580 2341 unde
2631 2297 2836 2341 uenerat
2865 2287 2920 2340 in
2962 2286 3220 2339 desertum
3248 2302 3407 2357 usque

1806 2380 1986 2435 Betltel
2020 2396 2038 2435 :
2067 2381 2162 2435 sed
2191 2380 2338 2435 sicut
2368 2383 2421 2434 in
2455 2378 2687 2433 Hebraeo
2712 2378 2975 2445 scriptum
3008 2387 3129 2432 est:
3164 2378 3300 2431 Abiit
3323 2378 3411 2432 iti-

1806 2489 1925 2529 nere
1950 2488 2046 2527 suo
2070 2490 2161 2542 per
2179 2474 2425 2527 Austrum
2442 2488 2607 2542 usque
2644 2470 2847 2525 Betbel.
2881 2470 3093 2526 Idcirco
3118 2471 3405 2540 profectus

1804 2568 1873 2622 de
1900 2566 2136 2637 Egypto
2197 2577 2325 2631 est,
2382 2576 2446 2621 ut
2503 2580 2609 2621 non
2662 2564 2941 2620 desertum
2996 2565 3407 2635 ingrederetur,

1806 2662 1949 2731 quod
1977 2677 2101 2715 cum
2132 2660 2369 2729 IEgypto
2414 2658 2712 2727 reliquerat
2742 2675 2753 2709 :
2789 2656 2885 2713 sed
2910 2666 2969 2711 ut
2994 2673 3089 2727 per
3117 2660 3403 2729 Austrum,

1804 2755 1896 2823 qui
1925 2753 2180 2824 Aquiloni
2212 2752 2524 2807 contrarius
2546 2758 2652 2813 est,
2682 2750 2899 2804 veniret
2926 2749 2995 2805 ad
3027 2748 3250 2805 domum
3275 2748 3398 2819 Dei,

1804 2850 1896 2903 ubi
1942 2848 2124 2901 fuerat
2169 2845 2582 2900 tabernaculum
2634 2844 2799 2915 326
2844 2844 2964 2913 ejus
2996 2845 3048 2897 in
3084 2844 3267 2899 medio
3297 2845 3405 2900 Be-

1805 2926 1914 2995 tltel
1944 2949 1999 2994 et
2020 2941 2083 2993 Ai
2116 2938 2223 3009 [AL
2255 2937 2400 3009 Gai].

1877 3029 2060 3101 (Vers.
2090 3026 2205 3097 15.)
2234 3027 2302 3080 Et
2333 3027 2429 3080 tiri
2454 3027 2804 3081 Sodomorum
2824 3028 2948 3080 mali
2968 3037 3017 3081 et
3038 3038 3331 3097 peccatores
3350 3028 3408 3083 in

1804 3134 2080 3191 conspectu
2101 3119 2197 3175 Dei
2226 3120 2569 3173 vehementer.
2600 3130 2623 3155 ε
2652 3118 2940 3187 Superﬂue
2970 3120 3058 3174 hic
3092 3120 3145 3173 in
3180 3122 3414 3191 Septua-

90 3214 305 3276 raonis,
331 3222 379 3265 et
410 3213 751 3269 laudauerunt
795 3231 908 3269 eam
952 3216 1095 3284 apud
1129 3215 1477 3282 Pharaonem,
1527 3228 1575 3269 et
1618 3219 1700 3269 in-
1727 3216 1768 3275 C
1801 3217 1948 3285 ginta
1982 3213 2382 3285 interpretibus
2413 3212 2657 3267 additum
2690 3223 2775 3267 est
2799 3254 2812 3277 ,
2872 3214 2925 3266 in
2955 3225 3234 3283 conspectu
3281 3213 3403 3281 Dei,

90 3304 447 3359 traduxerunt
467 3322 583 3360 eant
607 3308 657 3359 in
688 3311 900 3361 domum
926 3307 1220 3363 Pharaonis
1241 3325 1260 3362 :
1302 3320 1349 3362 et
1374 3310 1568 3363 Abram
1608 3312 1697 3364 be-

88 3398 290 3467 nel‘ecit
321 3408 528 3468 propter
552 3417 668 3453 eam
691 3416 710 3453 .'
731 3410 779 3454 et
811 3405 1021 3470 fuerunt
1046 3403 1095 3454 ei
1120 3418 1259 3469 oves,
1294 3412 1342 3456 et
1358 3412 1617 3464 armenta.
1648 3413 1698 3458 et

89 3492 271 3557 asini,
336 3500 383 3544 et
425 3494 586 3560 servi,
637 3502 684 3546 et
722 3493 959 3557 ancilla,
1006 3495 1133 3547 muli
1188 3504 1236 3549 et
1292 3498 1492 3550 cameli.
1548 3496 1699 3552 Licet

93 3598 306 3651 corpus
375 3595 688 3640 sanctarum
748 3586 1037 3641 mulierum
1102 3602 1210 3643 non
1278 3590 1361 3643 vis
1431 3590 1693 3655 maculet,

90 3679 265 3750 325
295 3678 390 3733 sed
419 3680 703 3734 voluntas:
731 3691 787 3734 et
818 3682 1071 3735 excusari
1120 3683 1291 3750 possit
1333 3682 1519 3749 Sarni,
1552 3683 1697 3751 quod

92 3772 261 3827 famis
294 3782 539 3840 tempore
565 3773 677 3826 sola
714 3775 856 3843 regis
891 3776 942 3827 in
974 3775 1279 3845 peregrinis
1313 3777 1467 3841 locis,
1505 3778 1697 3831 marito

93 3864 452 3929 connivente,
511 3864 767 3920 resistere
808 3866 1143 3934 nequiverit;
1194 3877 1378 3920 tamen
1429 3879 1606 3937 potest
1644 3878 1700 3924 et

91 3960 263 4014 aliter
310 3957 453 4014 fmda
488 3963 782 4015 necessitas
814 3964 1060 4017 excusari
1090 3985 1103 4019 :
1136 3965 1281 4029 quod
1312 3967 1463 4033 juxta
1499 3964 1695 4020 librum

93 4054 305 4112 Esther
340 4071 695 4126 quaecumque
739 4058 1026 4112 mulierum
1083 4058 1373 4127 placuisset
1402 4061 1513 4129 regi
1552 4050 1693 4126 apud

91 4162 337 4215 veteres,
368 4151 396 4189 α
439 4168 536 4208 ses
588 4154 870 4209 mensibus
927 4157 1231 4224 ungehatur
1275 4156 1399 4210 oleo
1430 4156 1688 4227 myrtiuo,

164 4344 197 4372 ιι
230 4332 299 4388 Et
336 4342 420 4388 est
467 4343 646 4387 tamen
677 4348 745 4389 ex
778 4332 1073 4403 traditione
1115 4332 1208 4387 illa
1240 4333 1489 4400 Judaica,
1524 4351 1686 4403 quant

93 4406 402 4460 fabulosam
437 4407 596 4474 paulo
626 4405 879 4473 superius
898 4402 1015 4473 ipse
1036 4402 1256 4459 Hieron.
1283 4409 1516 4462 dixerat.
1543 4408 1691 4463 Hanc

92 4479 147 4533 S.
206 4491 422 4544 quoque
468 4474 804 4545 Augustinus
849 4475 942 4530 lib.
1002 4490 1091 4529 xvt
1140 4474 1208 4529 de
1241 4477 1398 4531 Civil.
1440 4478 1533 4533 Dei
1565 4495 1688 4545 cap.

94 4552 180 4615 15,
227 4547 543 4601 solutionem
576 4546 890 4620 quastionis
922 4546 1132 4614 probat.
1156 4547 1341 4601 Soluto
1373 4560 1464 4611 est,
1495 4551 1686 4620 inquit,

89 4620 312 4692 quintio
369 4621 468 4671 ista
498 4629 547 4692 et
567 4618 750 4683 aliter,
786 4626 840 4671 ut
893 4619 1225 4692 septuaginta
1285 4622 1512 4692 quinque
1564 4618 1689 4675 anni

94 4634 312 4690 quesita
369 4634 468 4671 tsm
498 4634 543 4671 et
567 4634 750 4683 amer,
786 4634 840 4671 ut
893 4634 1225 4742 septuaginta
1285 4638 1512 4692 quinque
1564 4638 1689 4675 annt

94 4689 340 4755 Abralrre,
374 4690 581 4761 quando
614 4702 846 4761 egressus
877 4702 949 4743 est
982 4688 1057 4761 d_e_
1120 4694 1338 4761 lmrran.
1359 4690 1690 4747 exitlocom-

93 4757 433 4835 putarentur,
480 4776 543 4815 ex
581 4757 682 4833 quo
731 4762 795 4814 de
840 4762 956 4832 igne
996 4757 1363 4816 Chaldaeorum
1405 4763 1685 4835 liberatus,

93 4853 198 4890 non
232 4849 297 4887 ea:
323 4849 425 4903 quo
455 4842 608 4886 natus
638 4845 735 4893 est.
760 4843 1025 4903 tamquam
1053 4843 1178 4885 tunc
1210 4837 1381 4901 potius
1412 4846 1561 4889 notus
1594 4834 1692 4887 ha-

94 4908 291 4961 bendus
335 4906 421 4957 sit.
468 4905 661 4958 Melior
693 4910 875 4973 itaque
924 4908 1093 4962 altera
1127 4908 1231 4957 erit
1269 4908 1490 4972 solutio,
1526 4918 1687 4974 quam

94 4976 415 5048 suppeditat
440 4974 817 5048 Samaritanus
852 4986 1059 5042 textus,
1092 4976 1181 5043 qui
1218 4984 1426 5031 tantum
1486 4988 1690 5032 centum

94 5045 444 5119 quadraginta
486 5048 710 5119 quinque
755 5045 953 5101 Tharae
1013 5059 1185 5103 annos
1226 5060 1524 5118 computat.
1584 5048 1689 5104 Ge-

98 5117 277 5177 nuerit
298 5117 475 5172 'l'hara
509 5118 711 5173 Abram
747 5130 868 5192 cum
891 5133 1063 5173 annos
1094 5130 1280 5189 ageret
1313 5117 1683 5192 septuaginta:

100 5194 297 5246 Abram
330 5204 459 5261 vero
490 5191 895 5260 septuagesimo
940 5192 1130 5261 quinto
1173 5193 1346 5245 :etatis
1377 5191 1493 5247 Siue
1519 5191 1683 5249 anno

96 5275 350 5331 egressus
407 5260 572 5315 fuerit
616 5277 647 5316 e
698 5260 975 5328 Charran,
1036 5270 1188 5333 patre
1248 5276 1502 5328 tttorltm;
1562 5263 1683 5316 elli-

97 5336 413 5399 cienturque
444 5333 751 5387 annisimnl
782 5342 1003 5386 centum
1030 5333 1382 5403 quadraginta
1420 5336 1678 5401 quinque.

168 5405 193 5443 ι’
216 5404 365 5461 Unus
396 5403 593 5475 Regin.
647 5419 776 5472 ms.,
812 5414 858 5458 et
889 5416 1051 5460 morte
1081 5404 1241 5459 obiret
1284 5421 1301 5458 :
1335 5407 1498 5471 alter,
1560 5407 1683 5475 quia

101 5488 255 5531 morte
286 5476 500 5530 obierat.

173 5561 193 5587 ο
229 5548 486 5603 llebraice
513 5550 643 5612 ιλ),
680 5546 895 5620 Negeb:
946 5547 996 5603 id
1029 5557 1112 5603 est
1159 5547 1427 5613 Austrum,
1465 5545 1677 5617 Vulgat.

103 5620 168 5671 tul
199 5620 461 5673 meridien.

170 5690 194 5727 ά
230 5690 567 5747 ltecoleudus
618 5690 681 5746 S.
725 5690 1061 5761 Augustinus
1089 5691 1299 5761 Quaest.
1332 5691 1425 5752 26.
1458 5692 1510 5761 in
1541 5692 1685 5747 hunc

107 5762 293 5819 Gentes.
322 5764 523 5817 locum.
573 5758 848 5828 Quomodo
873 5758 1160 5831 accipiatur
1186 5805 1199 5824 ,
1242 5764 1383 5831 quod
1423 5758 1683 5821 Abraham

108 5837 297 5925 reuirat
323 5836 374 5903 iu
401 5833 691 5919 κερνρωηι
728 5834 893 5901 celare
920 5833 1081 5901 voluit
1130 5852 1340 5899 uxorem
1386 5854 1534 5905 suam
1576 5852 1684 5897 em

1800 3306 2070 3378 siquidem
2098 3306 2458 3363 Sodomorum
2493 3306 2675 3359 coloni
2700 3305 2839 3375 apud
2874 3304 3127 3360 homines
3160 3306 3267 3377 [AL
3288 3320 3405 3361 om-

1803 3402 1943 3472 nes].
1969 3402 2098 3456 mali
2128 3412 2185 3456 et
2209 3412 2526 3471 peccatores
2562 3406 2740 3455 erant.
2766 3400 2866 3455 Ille
2891 3410 3075 3455 autem
3118 3402 3321 3455 dicitur
3353 3402 3410 3456 in

1801 3508 2100 3564 cortSpectu
2132 3494 2228 3549 Dei
2276 3506 2553 3563 peccator,
2588 3494 2681 3563 qui
2739 3502 2919 3563 potest
2955 3493 3096 3563 apud
3150 3494 3402 3547 homines

1798 3589 1979 3658 justus
2008 3588 2199 3651 videri,
2226 3586 2504 3657 quomodo
2525 3586 2596 3640 de
2627 3585 2893 3640 Zacharia
2940 3596 2997 3640 et
3046 3584 3323 3639 Elizabetlt
3349 3583 3405 3640 in

1806 3681 2082 3749 praeconio
2117 3681 2357 3748 ponitur,
2385 3680 2529 3749 quod
2561 3679 2767 3735 fuerint
2811 3679 2945 3748 jtmi
2991 3678 3150 3733 ambo
3178 3678 3233 3732 in
3273 3690 3407 3732 con-

1802 3786 1993 3845 spectu
2044 3774 2136 3828 Dei
2188 3772 2357 3844 (Luc.
2405 3791 2442 3837 ι,
2490 3772 2581 3842 6).
2632 3775 2697 3827 Et
2742 3775 2792 3826 iu
2844 3772 3116 3827 I’sallerio
3155 3772 3402 3827 dicitur:

1805 3872 1926 3926 Non
1956 3871 2325 3940 iustiﬁcabitur
2350 3872 2403 3923 in
2455 3884 2723 3941 conspecm
2767 3880 2854 3923 tuo
2897 3870 3059 3923 omnis
3084 3866 3400 3937 vireustPs.

1801 3982 1969 4029 cxut,
1999 3967 2076 4036 2).

1875 4060 2058 4132 (Vers.
2095 4060 2160 4113 14
2190 4069 2250 4113 et
2282 4058 2396 4128 15.)
2422 4058 2558 4112 Leon
2606 4057 2785 4111 oculos
2814 4066 2953 4119 tuos,
2982 4065 3027 4107 et
3054 4053 3171 4107 uide
3213 4069 3243 4105 a
3267 4054 3402 4123 loco,

1800 4157 1853 4209 in
1882 4170 1983 4225 qua
2011 4162 2065 4206 tu
2093 4169 2231 4207 nunc
2256 4170 2312 4207 es
2351 4153 2419 4205 ad
2444 4152 2768 4224 Aquilonem,
2802 4158 2851 4204 et
2889 4149 2959 4203 ad
2986 4156 3240 4214 aratrum,
3269 4158 3313 4201 et
3336 4148 3403 4202 ad

1800 4335 2011 4402 Suram,
2040 4336 2327 4391 secundum
2354 4338 2556 4401 omnia,
2584 4352 2701 4407 (μιαν
2748 4335 2812 4387 de
2833 4334 2931 4387 hac
2963 4349 3019 4387 re
3038 4335 3233 4407 scripta
3258 4342 3403 4407 sunt,

1801 4418 1975 4460 utrum
2001 4408 2097 4460 hoc
2147 4410 2438 4462 convenerit
2470 4421 2573 4460 tam
2598 4404 2776 4459 sancto
2802 4410 2934 4468 viro,
2966 4422 3033 4457 an
3082 4404 3403 4473 subdefectio

1802 4479 1923 4544 ﬁdei
1972 4481 2084 4552 ejus
2114 4480 2629 4552 intelligatur.__sicut
2680 4477 2923 4552 nonnulli
2971 4477 3207 4552 arbitrati
3234 4485 3405 4552 sunt:

1790 4551 1906 4619 jam
1939 4548 2144 4619 quidem
2164 4562 2211 4605 et
2244 4548 2422 4604 contra
2448 4548 2704 4619 Faustum
2731 4549 2826 4600 hac
2853 4548 2915 4601 de
2938 4565 2994 4601 re
3020 4548 3320 4619 disputavi;
3352 4556 3402 4603 et

1800 4618 2105 4693 diligentius
2160 4639 2189 4674 a
2236 4621 2532 4691 presbytero
2592 4618 2911 4693 Hieronymo
2966 4618 3252 4693 expositum
3290 4630 3397 4693 est,

1792 4690 1952 4760 quare
1981 4708 2084 4745 non
2107 4694 2173 4745 sit
2202 4690 2536 4757 consequens,
2571 4702 2625 4744 ut
2652 4706 2765 4743 rum
2796 4692 2995 4762 aliquot
3017 4690 3128 4762 dies
3157 4691 3297 4759 apud
3320 4706 3401 4741 re-

1792 4778 1903 4832 gem
1937 4762 2156 4833 rﬁ‘gyptt'
2180 4764 2316 4817 Sara
2346 4764 2524 4826 fuerit,
2543 4764 2695 4815 etiam
2721 4764 2831 4833 ejus
2858 4761 3131 4833 cent'ubitu
3154 4763 3399 4833 credatur

1793 4831 1901 4886 esse
1928 4831 2129 4904 polluta
2150 4850 2167 4895 ;
2192 4835 2438 4901 quoniam
2462 4848 2572 4887 mos
2589 4842 2695 4886 erat
2719 4831 2890 4904 regius
2915 4832 3109 4885 vicibus
3125 4832 3191 4883 ad
3215 4847 3269 4904 se
3297 4831 3397 4904 atl-

1793 4898 1995 4959 ntittére
2014 4898 2253 4957 mulieres
2276 4920 2418 4962 suus.
2453 4914 2499 4958 et
2530 4905 2631 4957 nisi
2650 4898 2889 4955 lamentis
2922 4914 2968 4955 et
2996 4898 3271 4972 unguentis
3302 4902 3396 4955 diu

1794 4978 1937 5045 prius
1967 4986 2209 5028 accurato
2234 4989 2473 5041 carpare,
2500 4974 2649 5045 nulla
2698 4972 2922 5027 intrabat
2952 4974 3019 5025 ad
3034 4978 3237 5045 regem.
3268 4972 3396 5045 Qua:

1792 5042 1914 5101 dum
1945 5047 2147 5117 ﬁerent,
2198 5047 2430 5116 aMirtus
2458 5055 2534 5101 est
2569 5044 2781 5117 Pharao
2806 5060 2966 5098 manu
2998 5042 3139 5117 Dei,
3180 5051 3237 5095 ut
3285 5044 3395 5117 riro

1790 5115 2079 5172 redhibere:
2104 5120 2374 5183 intactam,
2403 5134 2556 5187 quam
2594 5118 2697 5187 ipsi
2727 5116 2837 5171 Deo
2876 5115 3099 5170 maritus
3127 5116 3396 5168 commise-

1795 5200 1896 5252 rat,
1921 5201 2029 5243 etc.

1870 5244 1896 5298 θ’
1921 5261 2012 5315 Est
2038 5267 2217 5315 autem
2244 5262 2294 5313 in
2324 5260 2597 5314 llebrairo
2619 5244 2795 5325 mn“),
2819 5259 3047 5321 ladonai,
3078 5254 3214 5319 Deo,
3248 5254 3397 5326 quod

1792 5333 2149 5403 Septuaginta
2185 5334 2403 5389 ἐναντὶον
2424 5340 2514 5389 τοῦ
2538 5341 2689 5395 Θεοῦ,
2713 5332 2764 5385 in
2796 5344 3073 5403 conspectu
3099 5327 3197 5403 Dei
3223 5330 3394 5403 inter-

1792 5396 2079 5474 prétantiir
2110 5422 2122 5457 :
2152 5405 2452 5472 superﬂue,
2487 5415 2545 5459 ut
2601 5396 2970 5471 Hieronymus
3010 5400 3243 5469 jtulit-at.
3298 5396 3397 5453 Esi

1787 5476 1933 5529 enim
1969 5476 2082 5538 ille,
2117 5476 2585 5544 quemadmodum
2622 5474 2942 5544 Martiatiam
2987 5479 3234 5524 notatum
3287 5482 3392 5535 est,

1788 5547 2076 5602 iiebraice
2131 5543 2337 5617 lingua:
2388 5548 2726 5617 idiotismus,
2759 5546 2851 5612 qui
2888 5543 3065 5617 locum
3130 5552 3273 5594 tenet
3312 5556 3404 5594 sn-

1786 5619 2065 5685 perlativi,
2096 5628 2155 5672 ttt
2188 5615 2475 5684 peccatores
2522 5616 2634 5669 Deo
2676 5616 2822 5668 idem
2868 5615 3067 5685 Asituar.
3098 5620 3397 5680 percutere:

1788 5683 2114 5765 nequissimi.
2147 5688 2271 5765 Viti.
2298 5691 2551 5745 eumdem
2580 5685 2835 5743 Martian.
2864 5683 2918 5739 in
2946 5683 3103 5740 Notis
3134 5684 3399 5765 prolisio.

1785 5760 1939 5820 ribus
1965 5766 2019 5819 in
2054 5764 2197 5820 hunc
2245 5762 2443 5821 locum.
2871 5773 2877 5779 ε
3298 5760 3303 5767 ‘
