4010 6354
498 294 510 307 ’
606 280 716 337 959

1847 274 1905 330 S.
1948 272 2222 332 EUSEBII
2261 272 2657 330 HIERONYMI

604 398 871 459 orientem,
918 405 965 447 et
1003 393 1071 444 ad
1099 408 1238 446 mare
1269 406 1288 445 :
1310 392 1433 460 quia
1472 406 1674 445 omnem
1720 400 1933 457 terram,
1960 407 2114 461 quam
2144 400 2197 444 tu
2226 400 2277 458 Α
2306 400 2456 457 runt,
2486 392 2598 463 ἅμα
2619 394 2819 454 αὐτοῖς.
2850 391 2955 448 hoc
2982 404 3068 449 est
3116 411 3235 448 cum
3265 396 3363 461 eis,
3399 403 3767 464 putaverunt
3796 400 3943 452 scrib

604 488 769 551 vides,
798 486 891 539 tibi
918 484 1049 540 dabo
1074 501 1189 539 eam
1237 494 1285 540 et
1310 486 1494 539 semini
1548 496 1656 539 tuo.
1690 484 1935 554 Quatuor
1984 486 2208 541 climata

603 579 797 636 mundi
830 582 1035 649 posuit,
1092 576 1361 633 orientem
1393 587 1450 633 et
1479 579 1853 639 occidentem,
1879 579 2211 647 septentrio-

603 688 729 729 nem
758 680 816 728 et
846 672 1235 728 meridianum.
1284 671 1441 739 Quod
1470 679 1651 726 autem
1688 672 1743 726 in
1776 674 2029 727 omnibus
2057 672 2211 729 Scri-

598 768 784 839 pturis
808 766 1033 837 legitur,
1061 766 1149 821 hic
1176 764 1344 820 semel
1386 764 1594 819 dixisse
1621 764 1876 830 sufﬁciat,
1903 782 2050 821 mare
2071 782 2213 821 sem-

600 874 701 933 per
732 875 832 929 pro
883 858 1167 914 occidente
1197 858 1326 928 poni
1361 875 1375 911 :
1408 856 1476 909 ab
1509 871 1575 912 eo
1604 856 1748 927 quod
1776 857 2085 912 Palu-stium
2126 873 2214 912 re-

609 952 699 1025 gio
753 953 824 1007 ita
875 952 982 1008 sita
1009 950 1079 1007 sit
1112 994 1126 1019 ,
1178 959 1235 1005 ut
1283 964 1435 1005 mare
1489 949 1543 1004 in
1576 950 1878 1006 occidentis
1906 951 2063 1022 plaga
2118 951 2214 1005 ha-

611 1046 759 1103 beat.

683 1138 838 1210 (Cap.
871 1137 1253 1194 XlV.—Vers.
1287 1138 1365 1208 3.)
1397 1135 1461 1191 Et
1484 1154 1577 1191 rea:
1606 1137 1757 1203 Bale,
1784 1139 1896 1193 haec
1921 1152 1993 1193 est
2021 1140 2212 1212 Segor.

615 1232 805 1287 Omnes
835 1233 891 1286 Ιιὶ
920 1240 1287 1286 consenserunt
1308 1239 1332 1266 α
1360 1231 1501 1300 apud
1523 1232 1710 1285 vallem
1734 1232 1966 1297 Salsum,
1993 1232 2091 1287 hoc
2121 1244 2215 1301 est,

612 1340 756 1379 mare
779 1324 945 1379 Salis.
986 1324 1114 1379 Bale
1143 1325 1330 1393 lingua
1365 1323 1617 1391 llebrma,
1669 1328 1979 1391 nontamen,
2025 1327 2075 1381 id
2108 1338 2216 1396 est,

610 1419 880 1473 devoratio
907 1418 1130 1473 dicitur.
1162 1417 1411 1473 Tradnnt
1435 1418 1599 1487 igitur
1630 1418 1879 1486 Hebraei,
1917 1420 2057 1475 hanc
2072 1436 2221 1476 eam-

613 1513 737 1569 dem
760 1513 813 1567 in
837 1513 946 1568 alio
960 1513 1367 1582 Scripturarum
1389 1514 1511 1566 loco
1527 1512 1704 1567 Salisa
1723 1515 1995 1569 nominari
2016 1513 2064 1567 τι)
2085 1516 2221 1570 dici-

611 1623 721 1679 que
750 1623 992 1672 rursum,
1013 1608 1221 1681 μόσχον
1241 1612 1619 1681 τριετίζουσαν,
1646 1608 1698 1662 id
1712 1619 1818 1675 est,
1834 1610 2041 1663 vitulam
2063 1620 2084 1647 ο
2101 1626 2223 1663 con-

615 1712 925 1766 ternantem,
968 1702 1113 1772 quod
1162 1703 1379 1757 scilicet
1410 1703 1572 1755 tertio
1605 1714 1754 1757 mutu
1783 1711 1942 1757 terrae
1966 1704 2222 1774 absorpta

2315 500 2413 553 per
2442 500 2512 539 ne
2541 486 2649 557 (rt),
2698 486 2849 541 ducti
2903 486 3164 541 elementi
3206 485 3603 554 similitudine,
3665 503 3812 544 cum
3866 506 3943 560 per

2312 577 2501 634 ιιετιιί
2536 580 2800 649 scriptum
2848 580 2939 635 sit.
2976 581 3125 635 ΒΑειι
3154 582 3324 653 (om)
3349 583 3501 636 enim
3526 598 3665 637 cum
3704 598 3821 648 per
3850 594 3943 638 tres

2316 672 2528 727 litteras
2592 672 2852 728 scribitur
2882 691 2894 727 :
2924 674 2971 727 si
3022 673 3257 728 mediam
3301 690 3372 728 ne
3424 674 3633 740 habet,
3668 676 3941 744 interpre

2318 774 2483 829 tatur,
2512 766 2565 818 in
2597 767 2670 819 eis
2697 775 2721 813 8
2748 782 2763 821 ;
2794 766 2839 821 si
2861 776 3043 821 autem
3064 782 3233 829 nera,
3267 768 3404 822 utin
3429 770 3734 838 presenti,
3768 768 3939 823 locum

2314 860 2610 930 signiﬁcat,
2644 860 2696 915 id
2736 869 2840 924 est,
2876 877 2926 915 ll
2949 875 3055 915 non
3083 858 3275 932 (Dm).

2389 953 2575 1021 (Vers.
2598 955 2676 1023 7.)
2708 954 2773 1007 Et
2792 966 3099 1009 revertentes
3129 963 3379 1009 venerunt
3404 956 3473 1008 ad
3498 960 3708 1027 fontem
3724 958 3934 1028 judirii.

2319 1046 2428 1100 haec
2471 1056 2547 1101 est
2606 1047 2793 1101 Cades.
2848 1046 2953 1103 Per
3004 1048 3460 1117 anticipationem
3508 1048 3747 1114 dicitur,
3806 1053 3931 1121 quod

2318 1152 2507 1211 postea
2538 1141 2619 1196 sic
2643 1150 2894 1194 vocatum
2924 1149 3030 1196 cst.
3060 1140 3348 1210 Signiﬁcat
3368 1150 3553 1195 autem
3590 1143 3930 1211 locumapud

2322 1235 2564 1301 Petram,
2596 1237 2688 1304 qni
2723 1236 2844 1291 fons
2891 1235 3086 1305 judicii
3129 1235 3448 1290 n0n.inatur
3481 1253 3495 1290 ε
3530 1238 3661 1306 quia
3696 1237 3779 1290 ibi
3812 1237 3930 1291 Deus

2322 1327 2894 1396 pupulumjndicavit.
2925 1326 2994 1380 Et
3033 1338 3401 1395 percusserunt
3427 1344 3633 1383 omnem
3680 1331 3928 1403 regionem

2322 1422 2726 1477 Amalecitarum
2759 1432 2808 1476 et
2846 1421 3270 1476 Amorrhworunt
3319 1421 3581 1478 sedentem
3614 1424 3674 1477 in
3708 1425 3923 1478 Asasce-

2326 1514 2550 1569 thamar.
2600 1516 2712 1569 Hoc
2768 1514 3027 1584 oppidum
3061 1524 3178 1579 est,
3222 1514 3368 1582 quod
3398 1530 3541 1569 nunc
3567 1530 3814 1571 Vocatur
3843 1518 3925 1571 Eu-

2324 1609 2507 1678 gaddi,
2545 1610 2773 1664 balsami
2812 1617 2868 1663 et
2896 1610 3199 1678 palmarum
3232 1608 3432 1664 fertile.
3466 1609 3644 1664 Porro
3695 1612 3925 1665 Asasmr

2330 1704 2566 1770 tbamar,
2600 1705 2654 1759 in
2699 1705 2879 1774 lingua
2934 1716 3124 1758 nostra
3160 1713 3395 1769 resonat,
3443 1705 3564 1758 urbs
3590 1703 3921 1759 Palmarum.

618 1793 976 1852 sitllSamuel
998 1810 1075 1858 ix,
1099 1796 1154 1859 4;
1174 1793 1327 1863 Isai.,
1350 1811 1439 1863 xv,
1464 1796 1542 1865 5).
1566 1796 1712 1849 Etex
1732 1811 1799 1850 eo
1822 1805 2090 1865 tempore,
2116 1813 2223 1865 quo
2254 1799 2301 1859 B
2328 1797 2567 1853 Thamar
2588 1799 2787 1867 quippe
2815 1797 2992 1868 palma
3020 1796 3243 1851 dicitur.
3272 1796 3554 1851 Sciendum
3600 1810 3814 1852 autem
3851 1815 3921 1868 pra

614 1887 854 1944 Sodoma
880 1898 935 1944 et
960 1888 1289 1957 Gomorrha,
1320 1892 1528 1945 Adama
1557 1900 1613 1945 et
1632 1890 1854 1947 Seboim
1889 1891 2073 1945 divino
2096 1892 2223 1961 igne

613 1980 896 2036 subversa:
937 1991 1090 2048 sunt,
1120 1981 1213 2037 illa
1256 1984 1477 2052 parvula
1525 1996 1895 2054 nuncupetur.
1938 1984 2223 2055 Siquidem

614 2074 783 2147 Segor
831 2076 1163 2132 transfertur
1217 2078 1270 2131 in
1328 2095 1589 2149 parvam,
1640 2096 1763 2150 quze
1818 2081 2001 2152 lingua
2033 2078 2223 2152 dSyra

620 2169 795 2225 Zoara
825 2170 1047 2226 dicitur.
1079 2171 1253 2227 Vallis
1279 2188 1461 2229 autem
1492 2174 1826 2239 Salinarum,
1859 2177 2000 2232 sicut
2036 2178 2089 2231 in
2124 2177 2227 2233 hoc

624 2263 821 2319 eodem
856 2264 998 2319 libro
1030 2265 1312 2333 scribitur,
1340 2267 1391 2321 in
1422 2284 1526 2336 qua
1556 2268 1778 2323 fuerunt
1806 2278 1931 2324 ante
1967 2272 2113 2339 putei
2146 2271 2229 2325 bi-

624 2359 853 2414 tuminis
880 2400 895 2425 ,
940 2368 1064 2428 post
1105 2358 1204 2415 Dei
1236 2358 1398 2425 iram,
1449 2373 1503 2416 et
1549 2360 1828 2432 sulphuris
1880 2364 2145 2432 pluviam,
2176 2365 2228 2420 in

624 2468 778 2509 mare
807 2452 1080 2508 Mor-tuum
1116 2468 1273 2508 versa
1314 2464 1438 2508 est:
1473 2454 1617 2524 quod
1665 2470 1693 2507 a
1739 2453 1945 2511 Gra-cis
1968 2456 2127 2528 327
2152 2458 2230 2510 λί-

622 2570 720 2619 μνη
773 2545 1125 2619 Ἀσφαλτῖτις,
1176 2546 1231 2602 id
1276 2556 1404 2616 est,
1456 2556 1699 2620 stagnum
1748 2549 2014 2603 bituminis
2042 2551 2232 2620 appel-

624 2640 793 2699 latur.

700 2734 887 2803 (Vcrs.
915 2733 997 2805 5.)
1016 2732 1080 2788 Et
1112 2735 1457 2789 condiderunt
1496 2745 1727 2807 gigantes
1758 2737 1811 2789 in
1833 2736 2077 2790 Astaroth
2105 2736 2233 2790 Car-

628 2829 795 2893 naim,
828 2837 873 2881 et
912 2838 1085 2898 gentes
1123 2832 1282 2899 fortes
1308 2830 1465 2883 simul
1495 2846 1612 2883 cum
1641 2829 1715 2884 eis
1744 2845 1761 2882 :
1793 2840 1837 2882 et
1865 2828 2126 2883 0mimeos
2180 2832 2233 2885 in

636 2919 771 2973 Save
798 2921 1021 2986 civitate,
1060 2932 1335 2992 antequam
1365 2922 1649 2978 Sodonmm
1674 2933 1696 2957 ε
1716 2924 2058 2993 pervenirent.
2094 2923 2235 2988 Qua-

632 3018 758 3063 tuor
786 3026 941 3079 reges
995 3013 1226 3081 profecti
1282 3016 1349 3068 de
1397 3014 1697 3085 Babylone,
1732 3014 2131 3069 interfecerunt
2156 3018 2233 3087 gi-

627 3112 844 3173 gantes,
882 3104 986 3160 hoc
1034 3116 1117 3161 est
1145 3122 1380 3162 ιιΑρΗΑιιί
1426 3107 1680 3177 (nvem),
1706 3108 1965 3162 robustos
1996 3124 2237 3179 quosque

2326 1890 2571 1960 eo,quod
2597 1898 2719 1959 post
2739 1889 3018 1954 paululum
3043 1888 3327 1958 sequitur:
3347 1886 3725 1942 Etdirexerunt
3749 1900 3923 1942 contra
3988 1888 3991 1960 ,‘

2328 2003 2414 2039 eos
2441 1986 2604 2038 aciem
2656 1984 2725 2038 ad
2755 1982 2943 2037 bellum
2979 1985 3035 2036 in
3072 1983 3209 2037 valle
3239 1982 3561 2044 Salinarum,
3591 1984 3646 2036 in
3694 1983 3929 2038 Hebraeo
3990 1982 3991 1995 λ

2330 2076 2543 2140 haberi,
2577 2077 2626 2131 iu
2656 2076 2798 2131 valle
2826 2091 3018 2130 senum
3050 2080 3249 2145 (ωιτν)
3283 2089 3298 2129 :
3327 2077 3474 2142 quod
3523 2074 3728 2143 Aquila
3774 2076 3931 2130 inter-

2332 2181 2576 2243 pretatur
2605 2170 2631 2207 ¹³
2660 2179 2759 2228 τῶν
2809 2170 3181 2248 περιπεδίνων,,
3221 2168 3553 2235 Theodotio,
3584 2176 3690 2225 τῶν
3746 2171 3924 2235 ἀλσῶν,

2332 2280 2550 2320 antmna
2588 2280 2811 2319 nemora
2842 2264 3241 2334 signiﬁcantes.

2406 2359 2591 2431 (Vers.
2624 2360 2741 2427 11.)
2771 2356 2834 2411 Et
2858 2358 3084 2412 tulerunt
3130 2372 3332 2409 onmem
3361 2357 3659 2426 equitatum
3685 2354 3925 2411 Sodomo-

2333 2472 2449 2509 rum
2470 2455 2635 2527 328
2662 2465 2708 2506 et
2735 2451 3061 2507 Gomorrlue.
3092 2451 3199 2507 Pro
3226 2450 3475 2519 equitatu
3502 2452 3555 2505 in
3588 2450 3824 2507 Hebmo
3852 2451 3931 2506 ha-

2336 2547 2426 2602 bet
2456 2562 2659 2601 nscaus
2682 2544 2880 2617 (tam),
2912 2545 2962 2597 id
2995 2552 3081 2599 est
3109 2544 3475 2597 substantiam.

2408 2638 2595 2710 (Vers.
2630 2638 2753 2706 15.)
2786 2636 2850 2690 Et
2881 2639 2969 2707 qui
3000 2637 3240 2709 fugerat,
3275 2637 3534 2688 nuntiavit
3558 2638 3756 2690 Abram
3782 2647 3933 2690 trans-

2338 2732 2480 2786 itori.
2516 2730 2640 2803 Ipse
2666 2747 2783 2785 vero
2813 2730 3022 2786 sedebat
3064 2730 3134 2783 ad
3166 2745 3414 2799 quercum
3442 2729 3686 2784 Mambre
3716 2730 3730 2767 ί
3764 2733 3930 2784 Amor-

2338 2825 2468 2879 rhaei
2496 2826 2676 2895 fratris
2709 2822 2923 2891 Eschol,
2958 2834 3004 2877 et
3034 2823 3211 2893 fratris
3248 2824 3475 2888 Annam,
3502 2822 3595 2893 qui
3640 2833 3790 2877 erant
3827 2839 3934 2876 con-

2331 2919 2507 2989 jurati
2538 2918 2780 2971 Abt-alue.
2817 2918 2926 2971 l’ro
2956 2931 3042 2981 eo,
3080 2915 3223 2986 quod
3278 2931 3381 2970 nos
3408 2915 3719 2986 posuimus,
3753 2918 3936 2970 transi-

2341 3012 2462 3075 tori,
2511 3012 2562 3065 in
2600 3009 2833 3064 Πεδιεωο
2860 3009 3126 3078 scriptum
3159 3018 3244 3064 est
3294 3024 3399 3062 le
3433 3009 3634 3079 (νων),
3671 3008 3779 3064 hoc
3800 3012 3935 3064 enim

2344 3105 2953 3175 transitorexprimitur.
2980 3102 3135 3171 Quod
3177 3113 3356 3157 autem
3382 3100 3456 3155 ait
3490 3119 3503 3153 :
3532 3102 3677 3171 apud
3704 3120 3934 3172 quercum

635 3197 743 3271 [ΑΙ.
770 3196 1011 3267 quoque]
1040 3199 1276 3263 Arabize,
1311 3212 1363 3254 et
1391 3200 1600 3267 Zozim,
1627 3202 1679 3254 in
1707 3200 1866 3265 Hom,
1887 3210 1941 3255 et
1974 3202 2149 3255 Emim
2183 3203 2233 3255 in
2264 3194 2307 3254 C
2345 3198 2579 3252 Mambre
2610 3198 2921 3264 Amorrhwi,
2956 3198 3151 3252 melius
3180 3197 3233 3251 in
3267 3196 3496 3251 Hebrzeo
3526 3196 3779 3266 legimus.
3812 3202 3937 3269 apud

636 3292 863 3345 civitate
892 3288 1055 3354 Save,
1080 3305 1197 3359 quse
1241 3307 1413 3355 usque
1454 3292 1617 3347 hodie
1645 3293 1727 3347 sic
1779 3303 2022 3347 vocatur.
2065 3293 2234 3349 Zuztn

638 3384 831 3456 (amr)
864 3391 1045 3436 autem
1070 3392 1126 3437 et
1152 3398 1285 3438 eum
1308 3385 1561 3452 (arma),
1598 3384 1867 3439 terribiles
1894 3395 1950 3441 et
1978 3385 2238 3442 horrendi

637 3476 1114 3545 interpretantur:
1168 3491 1265 3545 pro
1306 3492 1414 3546 quo
1446 3477 1829 3548 Septuaginta,
1880 3494 2099 3534 sensum
2125 3496 2241 3534 ma-

636 3570 720 3641 gis
751 3587 911 3639 qnam
969 3570 1196 3625 verbum
1248 3586 1318 3625 ex
1378 3572 1545 3627 verbo
1594 3573 2015 3641 transferentes,
2066 3587 2243 3647 gentes

631 3662 941 3732 fortissimas
988 3672 1311 3733 posuerunt.
1345 3663 1517 3720 Porro
1551 3681 1726 3733 usus,
1783 3682 1881 3737 pro
1928 3685 2038 3740 quo
2083 3670 2235 3726 dixe-

710 3899 736 3926 τί
781 3890 970 3945 Omnes
1002 3891 1058 3944 Ιιὶ
1087 3904 1488 3960 consenserunt,
1520 3905 1628 3952 etc.
1666 3898 1815 3953 Unus
1840 3912 1934 3953 aut
1966 3902 2104 3957 alter
2147 3917 2236 3957 co-

638 3961 742 4039 de);
787 3978 888 4020 ms.
940 3963 1092 4039 legit,
1133 3964 1216 4039 hie
1253 3968 1594 4039 consederunt
1630 3972 1774 4037 apud
1802 3972 2029 4039 vallem,
2078 3984 2187 4027 etc.
2224 3992 2236 4035 ;

636 4031 730 4088 sed
770 4031 1082 4088 necessario
1118 4038 1462 4114 retinendum
1494 4040 1548 4093 hi
1577 4031 1944 4097 consenserunt
1980 4031 2153 4114 {quia
2188 4031 2240 4099 in

640 4124 869 4210 llebraen
893 4139 978 4182 est
1005 4132 1135 4184 mn
1160 4106 1352 4210 71585::
1373 4131 1456 4184 kol
1479 4120 1577 4187 ille
1603 4134 1885 4205 Ithabberu,
1919 4106 2101 4205 idest,
2133 4154 2243 4193 om-

641 4213 729 4250 nes
765 4204 851 4251 isti
877 4211 1243 4253 ronvenerunt.
1280 4204 1548 4258 Manum.

710 4267 953 4349 b_Salisa
994 4275 1278 4349 nominari.
1317 4273 1480 4349 labro
1509 4276 1693 4349 primo
1717 4277 1991 4335 Samuelis
2012 4295 2132 4349 cap.
2166 4296 2240 4343 ts,

639 4338 697 4404 4,
752 4340 990 4423 legimus
1046 4344 1147 4397 hoc
1212 4347 1375 4401 modo
1429 4364 1441 4399 :
1497 4338 1565 4401 Et
1627 4352 1832 4404 transiit
1899 4369 1991 4423 per
2058 4338 2247 4406 terram

642 4418 858 4495 ravim,
892 4434 1093 4490 Salisa.
1127 4438 1270 4493 Idem
1304 4453 1509 4495 nomen
1544 4444 1725 4499 Salisa
1761 4418 2073 4500 occurritin
2096 4446 2249 4500 libris

645 4505 878 4574 Regum.
934 4507 1201 4563 ΜΑΒΤΙΔΝ.

719 4588 739 4612 υ
776 4576 1143 4647 ηιιοΒιιείιιςιε
1175 4596 1333 4644 mss.,
1380 4587 1789 4635 conslerttanlem
1816 4602 1835 4639 :
1865 4586 2083 4643 vitiose.
2116 4588 2244 4644 Bale

644 4656 829 4727 autem
855 4668 884 4727 a_
906 4634 1333 4727 Lyfdedueitnt:
1364 4634 1629 4727 quodeSl
1658 4634 2246 4727 abs’drbe'ré";"i.'iit&fué

643 4730 763 4774 orta
793 4722 1149 4776 llebrzeurntn
1183 4723 1649 4799 islltzecAtraditio,
1682 4742 1804 4790 qum
1835 4740 1888 4783 et
1921 4722 2027 4783 sibi
2062 4722 2249 4799 parum

643 4804 859 4869 constat
886 4810 900 4857 ;
937 4808 1112 4858 neque
1144 4797 1288 4849 enim
1322 4797 1436 4851 sola
1468 4796 1659 4869 civitas
1709 4799 1881 4854 Zoara
1915 4802 1964 4853 in
1997 4796 2247 4869 Scriptu-

647 4866 721 4940 ris
786 4868 994 4939 μόσχος
1053 4870 1387 4940 τριετίζουσα
1466 4868 1794 4936 appellatur.
1874 4866 2249 4927 Theudoritus

646 4938 822 5003 ipsum
858 4938 1057 4992 nomen
1085 4938 1691 5012 Segnrkdevorationem
1746 4944 2059 5012 signiﬁcate
2108 4947 2252 4999 arbi-

645 5020 953 5091 tratus-est-
972 5020 1149 5091 qumst
1182 5013 1233 5065 in
1262 5010 1398 5091 Gt:ll.
1424 5012 1689 5091 interrog.
1724 5010 1817 5074 70:
1838 5018 2124 5072 κατάποσιν
2148 5020 2248 5091 γὰρ

644 5084 675 5157 ri
716 5086 886 5157 ξηγώρ
932 5080 1276 5157 ἕρμηνεύετοιι.
1325 5080 1873 5157 Ipse_llieronymus
1917 5091 1967 5139 in
2014 5080 2250 5156 Cap'x'v

646 5153 813 5225 lsaiﬁ;
854 5153 1179 5225 Appellutur,
1220 5156 1422 5222 inquit,
1458 5153 1613 5218 Bala,
1642 5153 1827 5223 idest,
1859 5153 2252 5225 absorpta,tra-

645 5224 885 5302 dentibus
916 5223 1328 5302 Hebr-misfquhod
1351 5226 1502 5279 tertio
1530 5237 1681 5281 terra:
1707 5241 1845 5283 motu
1870 5223 2131 5302 prostrata
2167 5232 2253 5302 sit.

648 5293 778 5370 Ipsa
812 5308 1019 5370 rstqute
1046 5293 1210 5350 hodie
1235 5294 1371 5366 Syro
1408 5312 1643 5370 sermone
1688 5293 1899 5355 vocatur
1922 5301 2116 5370 Zoora,
2146 5301 2258 5357 Ile-

648 5369 785 5439 brafo
818 5367 1005 5439 Seqor,
1034 5378 1251 5439 utroque
1275 5369 1514 5435 parvula.

2344 3309 2587 3361 quercum
2618 3291 2853 3345 Mambre
2902 3291 3190 3346 Amorrluei
3237 3291 3413 3361 fratris
3445 3288 3603 3343 Escol
3634 3300 3722 3344 .‘et
3746 3290 3918 3357 fratris

2345 3403 2450 3443 non
2485 3389 2707 3450 Annam,
2730 3397 2787 3442 nt
2816 3387 3174 3458 Septuaginta
3198 3387 3737 3452 transtulerunt,sed
3774 3387 3939 3441 Aner:

2348 3493 2408 3537 ut
2428 3484 2743 3539 ostenderet
2769 3482 3011 3538 Mambre
3040 3493 3094 3536 et
3119 3481 3301 3547 Escol,
3320 3492 3374 3535 et
3412 3480 3562 3535 Aner
3591 3482 3941 3535 Amorrlneos

2350 3586 2513 3644 atque
2541 3591 2854 3645 germanos.
2889 3574 3068 3629 socios
3092 3573 3260 3628 fuisse
3278 3572 3536 3627 Abrahae.

2416 3671 2602 3743 (Vers.
2634 3669 2751 3741 14.)
2802 3669 2868 3723 Et
2912 3678 3212 3741 persecutus
3243 3676 3315 3722 est
3361 3682 3447 3721 eos
3485 3682 3645 3737 usque
3696 3665 3832 3719 Dan.
3869 3666 3939 3719 Ad

2422 3906 2440 3941 τ
2480 3903 2755 3958 Hodierna
2812 3918 2945 3958 vero
2982 3902 3336 3971 exemplaria
3380 3916 3502 3957 cum
3553 3914 3593 3957 Π
3632 3902 3940 3971 praeferunt.

2344 3986 2493 4038 Dm,
2532 3986 2699 4044 atque
2732 3975 2805 4028 ita
2839 3988 2950 4029 non
2972 3974 3114 4029 LXX
3140 3975 3344 4037 solum,
3370 3973 3463 4027 sed
3486 3984 3540 4028 et
3566 3974 3737 4045 Syrus
3766 3986 3822 4029 et
3851 3977 3940 4029 Sa-

2346 4050 2646 4102 ηιιιτιιιιιιιις
2705 4048 2919 4113 legunt,
2971 4051 3101 4115 quin
3135 4046 3251 4114 ipse
3283 4047 3447 4099 etiam
3506 4045 3937 4116 llieronymusin

2346 4134 2442 4172 Sttu
2477 4135 2543 4172 ex
2580 4119 2809 4173 Hebraeo
2848 4118 3131 4181 versione,
3169 4117 3258 4171 ubi
3289 4133 3405 4169 cum
3430 4117 3504 4169 eis
3530 4119 3935 4182 interpretatur,

2346 4204 2435 4244 ne.
2458 4190 2677 4252 opinor.
2700 4207 2726 4242 a
2760 4191 2923 4259 vulgo
2945 4200 3169 4257 recepta
3202 4188 3441 4242 teetione
3461 4188 3792 4244 discederet.
3816 4189 3937 4242 Nam

2353 4261 2499 4331 quod
2555 4271 2679 4320 an:
2737 4276 2858 4314 cum
2901 4260 3352 4316 medianliutera
3412 4260 3616 4314 lectum
3666 4274 3760 4313 sua
3782 4272 3938 4331 a'tate

2354 4330 2637 4392 nltservat,
2677 4333 2741 4385 ad
2802 4334 3029 4399 legentis
3060 4330 3427 4385 eruditionem
3482 4332 3631 4385 facit.
3662 4330 3939 4384 Chaldmus

2357 4413 2536 4458 tamen
2558 4415 2611 4457 et
2636 4403 2986 4458 .llassorethze
3000 4402 3347 4465 conﬁrmant,
3377 4402 3466 4467 qui
3492 4402 3644 4472 quasi
3666 4405 3936 4472 proprium

2357 4490 2557 4530 nomen
2594 4476 2648 4528 in
2673 4474 2858 4540 Citam,
2893 4475 3010 4528 sive
3034 4473 3086 4527 in
3116 4472 3255 4526 Hom
3286 4482 3523 4527 vertunt.

2425 4577 2449 4615 ις
2495 4565 2893 4639 Interpretatur,
2948 4569 3002 4621 in
3038 4569 3129 4621 eis.
3172 4564 3289 4639 Non
3339 4567 3556 4621 videtur
3580 4563 3940 4639 Hieronymus

2350 4637 2439 4692 hic
2475 4638 2580 4693 sibi
2618 4637 2754 4693 sitis
2785 4648 3040 4692 Constare
3066 4680 3080 4700 ,
3114 4638 3244 4706 qnia
3272 4638 3507 4703 ipstrmet
3540 4640 3589 4690 in
3633 4654 3725 4690 sua
3757 4637 3937 4694 Latina

2351 4712 2715 4763 translatione
2736 4709 3033 4763 Bibliorum
3075 4710 3283 4777 legebat
3314 4715 3441 4764 Dn:
3466 4711 3631 4769 baem,
3661 4710 3713 4761 in
3739 4714 3826 4767 eis.
3869 4712 3938 4762 vel

2352 4797 2465 4833 cum
2494 4784 2586 4834 eis.
2616 4783 2685 4836 At
2718 4782 2891 4835 dehis
2922 4782 3057 4835 infra
3086 4782 3136 4835 in
3170 4779 3323 4835 Notis
3355 4781 3767 4850 prolixioribus.
3805 4782 3940 4836 ΜΑιιο

2351 4867 2498 4906 ἸῚΑΝσ

2424 4922 2452 4959 ιι
2478 4924 2741 4992 Suspecta
2775 4923 2906 4976 mihi
2937 4938 3043 4977 non
3073 4940 3178 4978 una
3209 4923 3278 4978 de
3305 4938 3466 4979 causa
3502 4922 3621 4978 haec
3644 4932 3729 4978 est
3754 4924 3937 4985 lectio;

2353 4998 2546 5061 reponi
2579 5008 2762 5049 autem
2822 4994 3007 5066 malim
3042 5011 3109 5049 ex
3160 4996 3388 5066 Regina:
3438 5012 3542 5049 ms.
3578 5005 3635 5050 et
3680 5010 3827 5057 meo.
3858 5005 3941 5050 τῶν

2360 5071 2664 5125 πεινήωνων,
2703 5065 2921 5120 tametsi
2968 5068 3227 5121 incndose
3258 5065 3533 5129 scriptum
3587 5066 3830 5120 videatur
3858 5084 3939 5135 pro

2360 5146 2461 5193 τῶν
2511 5136 2785 5201 πεινιδὶων,
2818 5138 2900 5190 Vel
2932 5147 3034 5195 τῶν
3082 5146 3288 5201 πεινῶν,
3328 5139 3548 5199 illirunt,
3604 5138 3797 5204 quibus
3843 5140 3940 5191 fere

2364 5211 2574 5262 ('ttttsitu
2608 5219 2735 5262 sunt
2764 5209 3054 5262 arboribus
3104 5225 3356 5264 nemora.
3409 5210 3500 5262 Sic
3532 5225 3632 5276 pro
3664 5218 3763 5264 τῶν
3790 5212 3937 5265 ἀλσῶν

2368 5280 2764 5334 Thendotionis
2782 5295 2850 5333 ex
2883 5280 3076 5335 iisdem
3122 5296 3252 5334 mss.
3277 5289 3377 5335 τῶν
3404 5282 3567 5336 abi-raw
3589 5282 3745 5334 liceat
3768 5280 3939 5335 rescri-

2370 5352 2527 5415 bere,
2556 5352 2999 5421 quandoquidem
3045 5369 3245 5405 amoma
3278 5354 3393 5405 loca
3452 5352 3702 5405 denotari
3730 5361 3937 5407 testatur

2366 5424 2749 5495 Hieronymus.
2781 5423 2988 5477 Recole
3018 5438 3138 5492 quae
3166 5424 3233 5478 de
3276 5424 3589 5495 Symmachi
3624 5422 3854 5479 lectione
3882 5424 3938 5477 si-

720 5438 745 5476 ἀ
778 5438 1042 5496 Coitcinit
1074 5438 1344 5494 Diodorus
1379 5441 1428 5494 in
1459 5442 1685 5495 Catenis
1715 5442 1901 5511 Regiis
1933 5460 2069 5499 mss.
2095 5462 2233 5511 pene

726 5515 1145 5564 mtlauconium-
1179 5516 1372 5564 ταύτην
1422 5513 1475 5564 δέ
1530 5516 2010 5564 ἆλλανοῦἦοωοαωῆ
2059 5523 2234 5564 grimoni

2366 5438 2749 5495 Hieronymus.
2781 5438 2988 5477 necom
3018 5438 3138 5492 qua:
3166 5438 3233 5478 ue
3276 5438 3589 5495 bymmacni
3624 5438 3678 5477 te

2367 5498 2477 5550 mili
2514 5511 2678 5564 supra
2709 5496 3094 5548 annotavimus
3119 5497 3170 5549 in
3205 5496 3407 5549 Genes.
3434 5511 3481 5549 c.
3519 5511 3578 5558 Il,
3612 5496 3678 5548 15

2514 5531 2678 5558 auplu
2709 5531 3094 5548 αηιιυιιιπιιιιιισ
3120 5531 3170 5549 ΙΙΙ
3206 5531 3407 5549 υυΙΙυσσ
3434 5531 3481 5549 \ll
3519 5531 3578 5558 ΙΙ.
3617 5531 3702 5548 1⁸1.

651 5511 1145 5596 Mt-ttttlattc-qnitttn,
1179 5516 1372 5596 ταύτην
1422 5513 1475 5596 ᾂέ
1498 5516 1767 5596 fractior?
1789 5520 1819 5576 ἡ
1841 5523 2010 5596 γρᾳφὴ
2035 5523 2263 5596 ,Σὼγορᾳ

650 5586 822 5672 nothi,
854 5585 881 5642 ὁ
908 5585 968 5672 δὲ.
988 5590 1146 5672 ξρρος
1175 5590 1335 5672 Ζαιιρὶ
1362 5591 1450 5642 καὶ
1496 5585 1669 5672 Βαλὲζ
1689 5585 2075 5672 "enotuit-rubi
2119 5585 2267 5645 Scii-

652 5666 806 5725 ptura
828 5670 969 5709 vocu:
993 5655 1223 5725 logora.
1253 5655 1420 5726 Syrus
1448 5674 1564 5711 vero
1587 5655 1767 5720 Zaari,
1799 5672 1843 5713 et
1859 5658 2009 5713 Bala.

734 5728 1086 5799 {Antequam
1137 5727 1421 5783 Sodommu
1480 5732 1821 5799 pervenirent.
1881 5734 2093 5786 Absnnt
2146 5732 2265 5791 baro

664 5798 828 5851 verba
874 5800 925 5852 in
955 5810 1214 5854 contextu
1245 5813 1406 5856 sacro
1428 5798 1485 5858 et
1504 5803 1643 5872 apud
1672 5798 1838 5860 LXX.
1874 5802 2142 5861 Manum.

2446 5590 2460 5628 ί
2508 5591 2660 5647 Unus
2722 5590 2945 5660 Regina:
3003 5607 3108 5644 ms.
3182 5580 3448 5657 Amorris,
3506 5590 3938 5658 quemadmodum

2366 5662 2558 5719 Grmce
2591 5660 2867 5716 inAldino
2906 5671 2961 5716 et
3011 5660 3318 5717 Cotoniano
3359 5678 3460 5717 ms.
3516 5662 3818 5727 exemplari
3871 5665 3939 5713 ha-

2366 5732 2527 5856 bitetur
2555 5734 2580 5789 ὁ
2609 5733 2872 5807 Ἀμορρίς.
2908 5733 3000 5790 Sic
3050 5746 3098 5790 et
3156 5733 3357 5791 deinde
3402 5733 3579 5789 Amari
3627 5747 3731 5804 pro
3781 5733 3939 5788 Amor-

2367 5818 2517 5860 ruet.
