4010 6314
27 305 149 362 961

834 304 1041 367 LIBER
1082 305 1591 369 HEBRMCARUM
1632 312 2113 382 QUESTIONUM
2153 313 2220 370 IN
2262 311 2592 373 GENESIM.

3268 311 3374 369 962

36 415 343 474 Plimnicis
370 419 655 492 Oppidum,
703 422 849 491 quod
880 438 1022 478 nunc
1051 423 1257 480 Paneas
1302 425 1523 481 dicitur.
1549 427 1665 481 Dan

1806 430 2075 484 'heodotio
2099 446 2249 495 vero,
2274 436 2358 486 καὶ
2382 433 2491 493 υἱὸς
2516 437 2606 488 τοῦ
2623 431 2707 485 ἐπὶ
2730 438 2820 492 τῆς
2849 432 3008 493 οἰκίας
3034 428 3165 502 pas:
3192 430 3243 485 id
3268 439 3372 497 est,

33 524 246 565 autem
277 528 419 567 unus
451 529 481 568 e
521 514 761 570 fontibus
792 527 876 571 est
906 516 1181 572 Jordanis.
1221 518 1356 573 Nam
1399 528 1422 556 ⁸
1452 528 1510 574 et
1530 520 1669 575 alter

33 616 298 660 vocatur
342 606 464 673 Jor,
492 609 636 677 quod
692 608 1081 681 interpretatur
1118 611 1353 688 ῥεῖθρονε
1385 610 1437 664 id
1466 623 1570 675 εει,
1597 613 1670 665 ri-

31 711 166 749 vus.
232 699 452 753 Duobus
507 714 639 771 ergo
696 698 960 765 fontibus,
1015 703 1105 770 qui
1133 703 1276 757 haud
1332 704 1518 772 procul
1550 717 1671 759 asc

35 790 295 857 distant,
331 793 385 848 in
423 809 590 849 unum
620 794 854 849 rivulum
910 795 1216 861 foederatis,
1239 795 1492 852 Iordanis
1516 797 1670 853 dein-

35 898 188 953 ceps
222 886 555 955 appellatur.

123 976 322 1048 (Vers.
359 979 472 1047 18.)
503 978 570 1034 Et
597 979 982 1036 Melchisedech
1008 998 1100 1038 rex
1127 982 1302 1039 Salem
1335 985 1553 1057 protulit
1573 1001 1669 1054 pa-

40 1090 165 1127 nem
200 1084 257 1129 et
284 1076 485 1142 vinum,
511 1086 559 1129 et
588 1076 700 1146 ipse
749 1078 1005 1132 Sacerdos
1051 1078 1149 1134 Dei
1201 1080 1413 1147 excelsi,
1446 1091 1494 1135 et
1522 1080 1673 1136 bene-

40 1167 189 1221 dixit
216 1168 289 1222 ei.
315 1168 453 1236 Quia
510 1169 679 1225 semel
718 1173 1041 1239 opusculum
1071 1183 1347 1239 nostrum,
1383 1174 1471 1228 vel
1508 1177 1670 1241 Quie-

39 1260 304 1314 stionum
338 1260 756 1327 Hebraicarum,
778 1263 865 1317 vel
893 1262 1271 1320 Traditionum
1314 1267 1671 1336 congregatio

42 1361 158 1417 est,
199 1362 499 1422 propterea
530 1354 657 1422 quid
689 1354 902 1410 Hebrzei
954 1356 1021 1410 de
1050 1356 1155 1412 hoc
1177 1359 1443 1424 sentiant,
1477 1357 1673 1413 infera-

43 1460 201 1498 mus.
234 1446 405 1501 Aiunt
450 1445 596 1502 bunc
623 1462 747 1503 esse
774 1446 943 1504 hSem
994 1450 1163 1505 lilium
1196 1449 1310 1506 Noe
1340 1466 1353 1503 :
1386 1462 1440 1505 et
1470 1465 1673 1520 suppu-

42 1546 246 1594 tantcs
295 1554 467 1596 annos
496 1542 618 1595 vitae
658 1542 853 1610 ipsius,
909 1543 1205 1599 ostendunt
1252 1560 1377 1600 eum
1408 1546 1475 1598 ad
1516 1544 1671 1599 Isaac

42 1648 233 1704 usque
296 1634 513 1699 vixisse,
555 1650 857 1706 omnesque
896 1637 1291 1709 primogenitos
1340 1637 1454 1694 Noe
1494 1638 1671 1693 donec

48 1726 383 1781 sacerdotio
406 1728 725 1797 iungeretur
739 1733 943 1794 Aaron,
963 1730 1133 1786 fuisse
1160 1731 1469 1800 pontilices.
1499 1730 1672 1785 Porro

1773 535 1819 577 et
1846 526 1989 593 ﬁlius
2018 528 2151 597 ejus,
2182 528 2272 597 qui
2299 544 2458 595 super
2486 527 2700 580 domum
2732 545 2895 581 nteant
2928 539 3025 582 est.
3080 527 3234 596 Quod
3279 544 3377 582 au-

1772 624 1881 671 tem
1913 616 2067 681 dicit,
2103 617 2206 672 hoc
2235 626 2359 673 est:
2392 618 2506 689 Ego
2533 624 2653 675 sine
2681 619 2868 675 liberis
2901 620 3128 685 morior,
3162 630 3216 674 et
3240 619 3383 675 [ilius

1772 710 2311 778 procuratorismei,
2352 710 2436 765 vel
2465 710 2654 777 villici,
2689 713 2781 781 qui
2815 711 3071 767 universa
3104 711 3387 780 dispensat

1774 812 1832 858 et
1862 803 2146 858 distribuit
2175 803 2383 859 cibaria
2432 804 2650 859 familia:
2699 821 2859 869 meae,
2907 814 3239 876 vocaturque
3283 805 3388 860 Da-

1774 909 1993 951 mascus
2024 895 2261 960 Eliezer,
2295 896 2386 951 hic
2430 912 2584 953 meus
2613 897 2791 953 haeres
2818 900 2940 953 erit.
2976 897 3147 952 Porro
3180 897 3386 952 Eliezer

1774 986 2212 1055 interpretatur,
2269 990 2413 1044 Dens
2460 1008 2600 1046 mens
2648 991 2882 1063 adjutor.
2942 991 3025 1044 Ab
3074 988 3179 1045 hoc
3237 989 3390 1045 aiunt

1778 1083 1791 1129 Ι
1827 1080 2151 1136 Damascum
2183 1090 2234 1135 et
2258 1081 2559 1148 conditam,
2582 1094 2637 1138 et
2665 1090 3059 1151 nuncupatam.

1846 1174 2027 1244 (Vers.
2060 1175 2141 1243 7.)
2170 1173 2284 1247 Ego
2318 1174 2482 1237 Deus,
2513 1176 2601 1245 qui
2631 1176 2786 1230 eduxi
2814 1187 2862 1229 te
2890 1176 2955 1228 de
2982 1175 3194 1247 regione
3227 1175 3385 1230 Chal-

1775 1268 2026 1324 daeorum.
2051 1270 2165 1324 Hoc
2182 1277 2286 1335 εει,
2309 1271 2452 1341 quod
2478 1272 2638 1341 paulo
2658 1280 2788 1326 ante
2813 1271 3051 1325 diximus
3081 1272 3135 1324 in
3156 1271 3389 1331 Hebrwo

1774 1360 1963 1415 haberi
1992 1379 2003 1413 :
2032 1362 2122 1432 qui
2168 1365 2331 1417 eduxi
2362 1372 2414 1419 te
2443 1364 2511 1419 de
2554 1380 2621 1418 un
2652 1379 2902 1429 cnssntu,
2951 1363 3002 1418 id
3047 1372 3151 1431 est,
3196 1363 3263 1419 de
3302 1363 3356 1419 in

1773 1450 1970 1506 cendio
1996 1450 2401 1509 Chaldaeorum.

1847 1545 2025 1616 (Vers.
2057 1547 2146 1611 10,
2180 1549 2297 1615 Η.)
2322 1546 2388 1601 Ει
2415 1549 2588 1619 posuit
2612 1565 2673 1602 ea
2702 1557 2882 1602 contra
2909 1548 3095 1619 faciem
3122 1547 3338 1601 invicem
3367 1563 3387 1601 :

1774 1653 1892 1691 aves
1921 1654 2040 1693 vero
2068 1640 2395 1694 non-divisit.
2429 1639 2822 1695 Descenderunt
2851 1651 3024 1694 autent
3047 1640 3280 1694 volucres
3302 1656 3390 1694 su-

1776 1746 1867 1800 per
1895 1731 2148 1785 cadavera
2174 1740 2221 1785 et
2250 1749 2409 1801 super
2433 1733 2736 1803 {divisiones
2779 1750 2983 1799 eorum,
3022 1746 3067 1788 et
3118 1735 3249 1789 sedit
3276 1752 3393 1788 cum

48 1820 274 1883 Salem,
305 1835 399 1875 rex
430 1819 739 1877 Jerusalem
764 1822 985 1889 dicitur,
1020 1834 1039 1861 ε
1065 1839 1184 1894 qua:
1202 1823 1354 1893 prius
1370 1824 1553 1880 Salem
1574 1839 1672 1894 ap-
1704 1829 1754 1889 B
1778 1825 1852 1878 eis
1887 1824 2095 1879 Abram.
2130 1824 2246 1880 Non
2277 1828 2519 1896 pertinet
2544 1828 2609 1882 ad
2644 1842 2885 1897 praesens
2911 1828 3234 1898 opusculum
3268 1828 3387 1899 ejus

50 1913 396 1982 pellabatur.
425 1914 829 1971 Melchisedech
864 1925 1046 1970 autem
1071 1917 1263 1971 beatus
1278 1916 1576 1987 Aposwlus
1606 1917 1674 1972 ad

49 2004 331 2061 Hebraeos
360 2005 577 2077 (γωδ),
595 2007 719 2062 sine
749 2018 905 2074 patre
929 2017 984 2063 et
1011 2020 1185 2063 matre
1206 2023 1669 2075 commemorans,

50 2100 118 2153 ad
148 2100 446 2154 Christum
478 2099 671 2164 refert,
704 2111 759 2154 et
786 2116 884 2171 per
905 2100 1180 2156 Christum
1212 2102 1275 2154 ad
1303 2102 1548 2172 gentium
1576 2102 1677 2157 Ec-

50 2191 317 2246 clesiam.
350 2192 543 2246 Omnis
568 2192 734 2264 329
752 2194 899 2247 enim
925 2190 953 2230 ἀ
982 2195 1176 2264 capitis
1216 2195 1393 2263 gloria
1438 2195 1679 2250 refertur

52 2283 117 2339 ad
153 2283 439 2345 membra.
464 2299 531 2339 eo
551 2287 694 2354 quod
721 2286 1051 2355 praeputium
1078 2286 1302 2349 habens,
1328 2288 1561 2342 Abrahae
1588 2287 1681 2342 be-

57 2377 352 2434 nedixerit
392 2379 746 2445 circumciso,
780 2390 834 2433 et
868 2380 921 2433 in
957 2379 1231 2435 Abraham
1288 2379 1441 2446 Levi,
1472 2391 1529 2436 et
1584 2397 1681 2449 per

58 2469 187 2525 Levi
226 2473 420 2525 Aaron
452 2489 465 2523 :
498 2472 567 2527 dc
598 2459 705 2541 quo
761 2483 952 2541 postea
1000 2474 1399 2529 sacerdotium.
1453 2474 1531 2529 Ex
1572 2491 1682 2546 quo

63 2564 260 2635 colligi
286 2567 432 2630 vult,
460 2566 837 2621 sacerdotium
867 2567 1137 2624 Ecclesia:
1174 2568 1433 2624 habentis
1466 2586 1685 2641 pra‘pu-

56 2658 215 2718 tium.
250 2658 615 2714 benedixisse
640 2660 974 2714 circumciso
1013 2660 1328 2715 sacerdotio
1350 2659 1679 2732 Synagogm.

66 2749 219 2823 Quod
252 2758 448 2804 autem
501 2752 573 2804 ait
603 2767 616 2804 :
645 2749 727 2805 Tu
756 2768 808 2805 es
845 2750 1091 2807 sacerdos
1118 2753 1172 2805 in
1198 2762 1468 2819 (sternam,
1498 2770 1683 2808 secun-

64 2842 469 2897 dum-ordinem
499 2843 882 2900 Melchisedech
912 2844 1033 2917 (Ps.
1074 2862 1185 2911 cu,
1216 2846 1274 2918 4)
1310 2864 1323 2901 :
1354 2848 1679 2918 mysterium

68 2946 318 2992 nostrum
350 2948 375 2976 ε’
402 2938 459 2993 in
489 2940 662 2994 verbo
681 2940 893 2993 ordinis
925 2940 1302 3009 signiﬁcatur:
1340 2956 1679 3012 nequaquam

70 3044 166 3098 per
192 3032 383 3085 Aaron
422 3030 847 3086 irrationalibus
897 3031 1140 3087 victimis
1171 3032 1547 3095 immolandis,
1582 3034 1679 3089 sed

70 3121 253 3176 oblato
283 3137 435 3189 pane
462 3132 519 3178 et
539 3124 671 3179 vino
703 3141 715 3177 :
744 3123 797 3179 id
820 3132 927 3193 est,
950 3138 1184 3195 corpore
1209 3126 1544 3197 etsanguine
1573 3126 1681 3181 Do-

74 3216 204 3270 mini
233 3216 369 3272 Jesu
390 3214 445 3271 τ.
792 3241 802 3249 -

143 3309 295 3377 (Cap.
330 3307 464 3364 XV.
486 3340 557 3349 —
579 3308 736 3366 Vers.
758 3310 815 3377 2,
839 3312 921 3384 ‘5.)
952 3310 1175 3368 Domine
1195 3310 1361 3376 Deus,
1389 3314 1514 3384 quid
1543 3314 1688 3369 dabis

74 3401 237 3455 mihi?
263 3402 331 3457 Et
362 3420 470 3476 ego
499 3405 631 3458 vado
654 3406 766 3458 sine
791 3405 970 3461 liberis
1001 3417 1087 3461 :et
1115 3409 1258 3477 ﬁlius
1286 3408 1465 3464 Masec
1505 3426 1686 3465 verna-

74 3498 203 3548 cula:
230 3512 378 3563 mete,
411 3496 508 3548 ltic
545 3497 835 3551 Damascus
880 3496 1108 3553 Eliezcr.
1159 3499 1225 3553 Et
1268 3500 1403 3555 dixit
1445 3501 1685 3557 Abram:

82 3586 211 3644 Ecce
242 3592 368 3644 mihi
398 3608 512 3645 non
543 3590 738 3645 dedisti
759 3609 928 3647 semen
953 3610 970 3647 :
1002 3604 1049 3649 et
1075 3595 1217 3665 ﬁlius
1246 3598 1539 3653 vernacula:
1562 3616 1687 3653 mea:

85 3682 239 3738 hwres
270 3701 413 3741 meus
440 3686 548 3740 erit
582 3694 630 3739 6.
663 3685 767 3742 Ubi
800 3701 901 3742 nos
953 3688 1237 3755 habemus,
1263 3700 1311 3745 et
1334 3691 1475 3761 ﬁlius
1510 3692 1689 3747 Masec

85 3778 368 3831 vernacqu
397 3790 531 3833 mere
558 3798 569 3831 :
600 3779 652 3833 in
701 3778 933 3835 Hebraeo
979 3783 1247 3853 scriptum
1272 3794 1377 3851 est,
1425 3800 1561 3840 usus
1587 3802 1689 3842 sn:-

85 3884 209 3926 sscu
240 3890 399 3930 serat
425 3893 439 3931 :
468 3872 498 3911 δ
528 3875 670 3944 quod
694 3876 887 3946 Aquila
920 3879 1217 3944 transtulit,
1244 3878 1270 3933 ὁ
1294 3880 1404 3941 υἱὸς
1428 3888 1519 3937 τοῦ
1546 3884 1691 3937 ποτί-

86 3963 441 4027 ζοντοςίοίκίαν
455 3989 558 4041 μου
587 3986 599 4022 :
619 3968 675 4024 id
692 3980 771 4025 cst
783 3971 947 4040 ,ﬁlius
960 3980 1141 4041 potum
1161 3972 1330 4026 dantis
1348 3972 1525 4027 domui
1543 3990 1687 4029 uteie.

157 4117 179 4143 ι
213 4108 345 4165 Vide
366 4126 494 4181 qua:
533 4112 914 4166 annotavimus
959 4112 1025 4166 ad
1050 4113 1216 4181 epist.
1247 4111 1315 4168 78
1354 4111 1422 4167 de
1448 4112 1682 4169 Mansio-

90 4176 271 4301 nibus,
312 4176 593 4239 mansion.
644 4183 709 4239 Μ
772 4192 828 4239 ει
880 4184 940 4239 in
1000 4176 1293 4251 Ezechiel,
1328 4200 1451 4253 cap.
1497 4202 1641 4241 xxvtt
1670 4228 1683 4253 ,

94 4262 120 4301 e
147 4264 194 4301 c.

94 4262 194 4305 ειο.

157 4319 403 4398 b_Recole
432 4326 733 4397 epistolam
760 4327 829 4381 73
855 4327 921 4381 ad
954 4327 1287 4398 Evangelum
1311 4326 1379 4382 de
1402 4327 1691 4384 Melchise-

93 4391 243 4465 dech,
276 4391 517 4452 numerb
545 4399 820 4465 prmcipue
846 4400 899 4454 5.

165 4474 184 4501 ε
216 4464 442 4531 Eadem,
462 4477 529 4523 ut
548 4464 618 4523 ex
644 4468 854 4523 laudata
883 4471 1049 4539 epist.
1083 4487 1231 4526 num.
1254 4472 1289 4526 2
1310 4480 1547 4535 conSIat,
1572 4480 1691 4526 erat

1776 1918 2052 1984 expositio
2077 1919 2429 1973 sacramenti.
2467 1919 2579 1974 Hoc
2609 1928 2816 1973 tantum
2851 1920 3106 1984 dicimus,
3139 1922 3264 1990 quia
3292 1936 3392 1990 pro

1777 2009 1886 2071 his,
1922 2026 2041 2075 «utre
2074 2012 2378 2077 posuimus,
2416 2011 2579 2083 330
2608 2013 2660 2065 in
2705 2012 2936 2068 Hebraeo
2966 2012 3134 2067 habet
3161 2029 3174 2068 :
3205 2012 3275 2067 Et
3298 2014 3392 2067 de-

1778 2103 2087 2157 scenderunt
2116 2105 2347 2158 volucres
2386 2122 2544 2175 super
2588 2105 2873 2169 cadavera,
2917 2116 2963 2160 et
3017 2105 3255 2179 abigebat
3305 2124 3393 2162 eas

1781 2193 1994 2248 Abram.
2039 2193 2192 2249 illius
2218 2197 2365 2250 enim
2396 2196 2592 2251 merito
2631 2211 2778 2267 saepe
2810 2197 2880 2253 de
2906 2197 3172 2268 angustiis
3194 2200 3397 2255 libera-

1782 2294 1870 2341 tus
1900 2296 1984 2342 est
2014 2288 2204 2343 Israel.

1852 2379 2033 2451 (Vers.
2062 2379 2173 2452 12.)
2202 2381 2283 2435 Ad
2317 2398 2557 2436 occasum
2586 2391 2758 2437 autem
2785 2384 2913 2439 solis
2944 2386 3154 2440 ecstasis
3197 2386 3385 2441 cecidit

1780 2486 1939 2541 super
1950 2471 2161 2527 Abram.
2182 2473 2286 2528 Pro
2299 2476 2486 2528 ecstasi
2502 2476 2553 2528 in
2572 2475 2800 2531 Hebraeo
2814 2490 3103 2533 τιιΑιωειίΑ
3121 2479 3362 2549 (nm-tn)
3373 2520 3389 2544 .

1782 2562 1833 2618 id
1858 2571 1967 2631 est,
2000 2568 2284 2642 καταφορὰ,
2308 2566 2531 2637 legitur,
2555 2583 2715 2637 quam
2740 2583 2904 2640 supra
2930 2569 3193 2626 vertimus
3220 2572 3276 2626 in
3308 2588 3397 2626 so-

1783 2671 1982 2725 parem.

1856 2746 2182 2819 (Vers.16.)
2229 2749 2577 2806 Generatione
2615 2759 2787 2807 autem
2833 2764 3020 2824 quarta
3066 2764 3383 2811 revertentur

1783 2840 1903 2894 huc.
1935 2841 2087 2896 Haud
2120 2842 2345 2897 dubium
2385 2845 2515 2915 quin
2566 2844 2643 2911 hi,
2675 2846 2767 2915 qui
2816 2845 2886 2901 de
2935 2848 3147 2903 semine
3193 2848 3397 2903 fuerint

1781 2928 2041 2991 Abrahaa.
2059 2935 2082 2973 ιε
2102 2937 2376 3005 Quaeritur
2401 2939 2677 3008 quomodo
2698 2940 2751 2993 in
2784 2939 2975 2994 Exodo
2996 2941 3261 3010 scriptum
3287 2943 3355 2996 sit
3379 2958 3392 2995 :

1786 3030 1981 3096 Quinta
2011 3040 2188 3085 autem
2213 3032 2545 3100 generatione
2573 3032 2769 3105 egressi
2808 3043 2930 3087 sunt
2970 3033 3070 3103 ﬁlii
3108 3033 3279 3089 Israel
3324 3034 3391 3088 de

1785 3134 1923 3178 terra
1965 3124 2189 3198 Αἴθρη)ιὶ
2222 3124 2426 3195 (Exod.
2464 3142 2553 3194 xv,
2601 3126 2716 3194 ιδ).
2765 3126 2943 3197 Super
2991 3142 3104 3197 quo
3148 3128 3393 3200 capitulo

1708 3211 1753 3275 C
1785 3233 2010 3289 parvum
2038 3218 2052 3255 ι
2085 3219 2342 3273 volumen
2381 3218 2671 3274 edidimus.

1863 3312 2019 3385 (Cap.
2050 3312 2191 3368 XVI.
2209 3312 2448 3368 -—-Vers.
2474 3312 2712 3383 2.)Ecce
2727 3314 2981 3368 conclusit
3002 3330 3080 3368 me
3108 3313 3388 3382 Dominus,

1786 3417 1841 3461 ut
1869 3423 1969 3460 non
1999 3407 2203 3476 pariam
2227 3421 2245 3460 :
2269 3404 2541 3478 ingredere
2562 3421 2683 3478 ergo
2702 3406 2771 3459 ad
2813 3404 3062 3459 ancillam
3098 3423 3285 3473 meam,
3333 3414 3393 3460 ut

1787 3500 2004 3553 habeam
2038 3496 2177 3567 filios
2201 3514 2264 3552 ex
2291 3514 2374 3550 ea.
2407 3497 2710 3567 Diligenter
2732 3505 2881 3564 nota,
2906 3496 3052 3567 quod
3089 3498 3399 3566 procreatio

1788 3595 2048 3659 ﬁliorum,
2092 3593 2147 3647 in
2183 3592 2417 3648 llebrxo
2444 3592 2726 3660 tediﬁcatio
2766 3592 2968 3662 scripta
3016 3598 3121 3645 est.
3173 3589 3400 3661 Legitur

1793 3690 1939 3745 enim
1958 3689 2062 3743 ibi:
2082 3686 2365 3758 Ingredere
2384 3686 2452 3739 ad
2468 3683 2715 3738 ancillam
2732 3700 2918 3751 meam,
2934 3685 2978 3737 si
2992 3700 3091 3754 quo
3108 3682 3261 3737 modo
3274 3682 3405 3738 aedi-

1792 3787 1915 3855 ﬁcer
1941 3802 2006 3840 cx
2031 3801 2111 3839 ea.
2148 3785 2215 3839 Et
2246 3783 2395 3847 vide,
2428 3797 2496 3836 ne
2528 3780 2668 3836 forte
2699 3780 2802 3835 huc
2830 3782 2922 3843 sit,
2951 3780 3095 3851 quod
3127 3780 3178 3833 in
3210 3778 3399 3836 Exodo

1790 3879 1989 3935 dicitur
2016 3896 2029 3932 :
2056 3877 2330 3932 Benedixit
2358 3875 2502 3931 Deus
2528 3873 2909 3941 obstetricibus,
2938 3883 2983 3929 et
3014 3874 3401 3943 wdiﬁcaverunt

1792 3973 1889 4029 sibi
1915 3973 2093 4027 domos
2116 3968 2315 4040 (Exod.
2340 3984 2379 4035 ι,
2410 3968 2527 4039 20).

1872 4110 1890 4149 ί
1934 4110 2163 4182 Corpore
2192 4118 2254 4182 et,
2285 4109 2539 4182 sanguine
2580 4106 2793 4182 Domini
2834 4103 2982 4160 Jesn.
3016 4104 3407 4182 Aperlissimtts

1795 4183 1950 4238 locus
1996 4177 2102 4248 quo
2148 4177 2507 4236 invictissime
2553 4178 2942 4248 comprobatur
2974 4186 3029 4230 et
3064 4177 3400 4248 sacriﬁcium

1795 4246 2095 4315 altaris,'et
2117 4253 2322 4305 veritas
2352 4266 2602 4319 corporis
2630 4246 2694 4304 ac
2716 4249 2996 4319 sanguinis
3031 4248 3244 4302 homini
3272 4246 3403 4304 Jestt

1796 4326 1967 4380 nostri
1999 4326 2051 4378 in
2080 4332 2428 4378 sacramento
2460 4320 2843 4376 Encharistiae.
2898 4319 3172 4373 ΜΑιιτιΑΝ.

1873 4406 1895 4443 8
1952 4396 2270 4451 Amavimus
2310 4395 2437 4447 hinc
2487 4394 2653 4446 verba
2704 4391 2865 4444 hiet-es
2914 4406 3055 4443 meus
3103 4391 3233 4456 erit,
3283 4407 3405 4459 qua:

1797 4467 1992 4523 vitiose
2019 4469 2071 4521 in
2104 4467 2265 4521 editis
2305 4466 2587 4531 llllCllStllle
2621 4465 2982 4526 irrepserant,
3016 4462 3067 4514 in
3102 4478 3236 4516 mss.
3270 4478 3404 4518 vero

95 4514 875 4606 Grtrcoruvm'Damna—ditium
899 4514 1341 4598 'ﬁe"i'ei5{i;2iiein"
1716 4514 1771 4575 Ῑ)
1796 4544 1997 4594 nostris
2026 4555 2133 4593 non
2156 4545 2306 4600 sunt,
2340 4514 2512 4604 reque.
2540 4535 2653 4604 ipsa
2696 4533 2922 4589 minime
2961 4533 3028 4587 ad
3063 4537 3401 4605 propositum

97 4606 313 4663 dicerent
350 4610 747 4684 dlelchisedech
793 4612 1050 4667 hominem
1102 4616 1264 4684 fuisse
1305 4614 1682 4679 Chananwum,

98 4693 258 4759 regem
279 4681 417 4759 urbis
444 4682 848 4759 Hierosolymaa,
877 4701 994 4756 qua:
1018 4681 1246 4759 primum
1280 4686 1479 4746 Salem.
1510 4694 1689 4759 postea

99 4746 272 4829 Je'btts,
318 4754 384 4806 ad
414 4746 1047 4829 extremum'dern'salem
1075 4758 1342 4829 appellata
1392 4759 1479 4813 sit.
1512 4746 1687 4829 'Quatn

100 4821 401 4899 quidemet
458 4825 702 4893 Josepho
732 4828 828 4899 lib.
855 4844 873 4882 ι
902 4821 1171 4899 Atttiquit.
1205 4845 1254 4884 c.
1287 4830 1353 4885 10
1376 4872 1387 4891 ,
1420 4843 1474 4884 ει
1510 4821 1691 4883 Theu-

105 4889 251 4969 philo
280 4894 345 4969 ad
378 4889 719 4961 Autolic'um,
747 4898 978 4969 aliisque
1033 4889 1096 4954 ex
1130 4901 1336 4955 nosuis
1374 4900 1688 4968 probatam,

106 4960 370 5039 i_Inpr_obat
398 4971 559 5035 paulo
581 4960 715 5039 post
733 4973 849 5035 ipse
883 4960 1106 5027 Hieron.
1136 4972 1273 5027 satis
1298 4960 1511 5027 erudite
1537 4960 1689 5024 num.

107 5031 136 5113 7
168 5050 179 5083 ε
212 5031 415 5113 Solem,
437 5058 539 5095 non
568 5031 622 5095 ut
649 5031 911 5113 Josephus
931 5052 980 5097 et
1009 5044 1171 5097 nostri
1212 5060 1386 5097 omnes
1434 5042 1694 5113 arbitran-

111 5108 212 5183 μιν,
240 5116 312 5159 est
334 5107 643 5183 Jerusalem,
677 5107 863 5167 nomen
884 5130 949 5167 ex
985 5113 1164 5169 Greece
1201 5113 1556 5183 Hebraicoque
1588 5111 1696 5166 col-

112 5172 301 5256 lccmm.
331 5182 468 5247 quod
489 5172 776 5237 absurdum
795 5201 905 5238 esse
934 5187 1219 5256 peregrina:
1253 5186 1443 5255 lingua:
1472 5172 1698 5239 mixtura

115 5242 454 5328 “menstrui;
480 5256 572 5328 Sed
590 5256 840 5328 oppidum
860 5242 1017 5326 juxta
1041 5242 1426 5328 Scytltopalim,
1453 5257 1592 5327 quod
1615 5272 1699 5308 us-

119 5327 211 5395 (ιιις
232 5317 379 5395 [adis
399 5317 695 5395 appellatur
724 5317 925 5380 Salem.

189 5382 214 5471 ᾗ
239 5388 370 5471 Tres
393 5382 755 5471 mss.:_0mnis
786 5399 921 5452 enim
957 5400 1187 5471 corporis
1217 5400 1409 5471 gloria.
1441 5396 1699 5471 Quaadam

123 5451 253 5537 in“?
298 5468 777 5538 'YPOgraphorum,
818 5480 875 5522 ut
918 5451 1499 5538 videtrtantiui",imend~a
1539 5467 1704 5524 casti-

126 5528 375 5591 gavimns.

198 5597 557 5679 egMysterium
602 5622 854 5679 nostrum,
894 5624 1001 5669 etc.
1034 5614 1171 5669 Tres
1210 5628 1344 5668 mss.
1385 5612 1603 5668 codices
1632 5611 1706 5667 le-

1791 4620 2062 4665 StieCIant.

1826 4629 2085 4736 "iam;
2123 4695 2283 4733 mesec
2309 4675 2467 4731 bethi.
2504 4675 2559 4731 In
2596 4675 2833 4747 Hebraeo,
2867 4675 3136 4732 hodierno
3169 4677 3407 4747 legimus

1791 4758 1913 4813 ins;
2118 4756 2201 4833 p1
2230 4749 2362 4803 uben
2389 4763 2596 4833 mesce_c'
2610 4746 2766 4801 bethi.
2799 4746 3027 4833 Videtur
3056 4746 3253 4833 tanien.
3274 4750 3409 4804 Ilie-

1794 4818 2053 4896 rOnyt'nus
2079 4818 2279 4883 le'gisse
2305 4834 2502 4873 nomen
2538 4818 2709 4896 Mesec
2738 4821 3205 4896 ettm_art_iculo_i'l,
3234 4820 3266 4871 h
3288 4834 3407 4896 etn-

1798 4889 2037 4966 pha'tico,
2296 4906 2495 4974 amesec
2523 4906 2541 4973 ξ
2579 4890 2703 4974 quia
2752 4889 2885 4942 illud
2930 4891 3011 4943 sic
3042 4891 3281 4944 retinent
3310 4890 3410 4943 ali-

1799 4960 2334 5038 quotmssfcndices
2359 4961 2564 5038 Latini;
2601 4960 2875 5038 ΜΑιιτιΑιη.

1879 5036 1894 5075 ί
1926 5036 2073 5093 Unus
2101 5034 2325 5102 Reginae
2352 5047 2487 5095 ms.,
2514 5028 2646 5088 οἶκὸν
2671 5051 2792 5103 μου,
2822 5029 3285 5103 quemadmodum
3308 5029 3413 5086 Ca-

1802 5120 1941 5165 teme
1974 5122 2106 5161 mss.
2132 5118 2190 5161 et
2219 5103 2438 5159 scheda:
2464 5102 2885 5158 tiomhe’tisiana:
2909 5102 2963 5157 in
2990 5116 3195 5172 nupera
3235 5102 3412 5158 Hexa-

1803 5181 2015 5251 plortttn
2038 5179 2280 5233 editione
2308 5174 2656 5251 ρτεεῐειιιιηι..

1878 5252 1891 5301 i
1945 5251 2172 5317 Propius
2212 5244 2346 5303 vero
2372 5257 2477 5313 est,
2511 5248 2650 5301 hanc
2675 5245 2795 5315 ejus
2820 5244 2988 5300 fuisse
3017 5246 3269 5315 patriam,
3295 5245 3413 5299 sive

1804 5334 2084 5382 maternas.
2122 5330 2213 5373 aut
2247 5334 2486 5387 paterna:
2522 5318 2749 5388 originis
2794 5319 3003 5382 locum,
3046 5333 3112 5372 ex
3145 5331 3253 5387 quo
3297 5317 3414 5386 ipse

1805 5395 2023 5449 Eliezer
2054 5393 2351 5446 Damascus
2373 5392 2447 5445 sit
2466 5390 2906 5459 cognominatus.

1876 5464 1903 5502 ιι
1928 5465 2088 5518 Mntlo
2112 5463 2364 5517 laudatus
2389 5464 2613 5533 Reginae
2636 5473 2765 5514 ms.:
2795 5459 2971 5526 Quare
2996 5459 3179 5530 igitur,
3198 5474 3415 5531 quomo-

1808 5538 1875 5591 do
1903 5539 1955 5589 in
1990 5535 2195 5601 Exodo,
2230 5545 2336 5588 etc.

1887 5607 1903 5645 1
1942 5607 2068 5663 Haec
2093 5600 2441 5675 est’Epistola
2476 5604 2527 5657 in
2557 5612 2742 5657 nostra
2776 5600 3100 5675 recensione
3128 5602 3199 5658 36
3219 5602 3283 5656 ad
3313 5601 3420 5657 Da-

129 5677 251 5751 gunt
278 5675 461 5751 eodem
493 5695 686 5751 sensu,
726 5674 1067 5740 ministerium
1110 5695 1363 5747 nostrum,
1397 5685 1451 5739 id
1482 5692 1589 5748 est,
1622 5698 1711 5737 sa-
1810 5695 2045 5751 masnm,
2071 5693 2233 5746 quam
2253 5674 2775 5751 recoleQuazstione
2798 5674 3056 5751 secunda.

133 5740 396 5818 cerdotum
424 5751 511 5817 qui
548 5740 742 5818 panem
771 5766 828 5812 et
856 5758 1036 5812 viuum
1064 5758 1300 5813 oli'erunt
1346 5740 1399 5811 iu
1438 5740 1708 5811 sacri-licio

135 5819 277 5863 nova:
306 5813 472 5886 Lt-gis.
503 5813 774 5883 Maurus.

1883 5744 2194 5804 -—(‘.onsule
2249 5747 2526 5817 Epistolas
2563 5744 2687 5811 124,
2741 5754 2795 5799 et
2829 5744 2935 5802 125
2985 5746 3037 5800 itt
3070 5752 3229 5801 antea
3258 5744 3419 5802 editis

1817 5821 1994 5878 libris.
2042 5820 2320 5874 Murum.
