4010 6380
71 343 173 400 965

841 337 1042 419 unca
1083 335 1578 392 IIEBRAIL‘ARUM
1618 316 2098 405 oussrtouuu
2140 334 2205 390 IN
2246 333 2569 392 GENESIM.

3267 334 3374 388 966

68 461 197 518 Sara
235 457 443 523 riserit,
471 455 596 512 ideo
643 469 768 512 eum
817 456 985 511 risum
1024 464 1276 510 vocatum
1326 468 1475 519 essc,
1520 451 1664 523 quod
1691 458 1884 521 Aqua:
1936 466 2038 504 non
2095 459 2447 520 cognoverunt
2498 447 2736 519 virum),
2787 458 2842 503 et
2904 460 3049 503 nunc
3085 444 3367 514 Scriptura

69 554 260 610 falsum
284 562 386 608 est.
418 553 520 607 Alii
541 566 677 608 vero
703 549 861 623 quod
905 549 1091 605 riserit
1121 547 1417 611 Abraham,
1441 546 1587 618 quod
1612 556 1666 602 et

67 665 168 706 nos
188 649 497 722 probamus.
515 646 809 717 Postquam
826 648 966 701 enim
984 644 1047 699 ad
1063 645 1235 700 risum
1249 642 1668 707 Abralite,voca-

67 751 154 798 tus
175 751 258 798 est
277 743 420 796 lilius
435 741 556 812 ejus
582 739 755 809 Isaac,
774 749 902 795 tunc
924 740 1153 811 legimus
1169 739 1360 795 risisse
1380 749 1433 794 et
1450 738 1664 794 Saram.

66 836 360 894 Sciendum
393 845 571 891 tamen
601 834 746 905 quod
769 842 1008 906 quatuor
1037 837 1090 889 in
1115 834 1289 890 vct‘cri
1318 833 1668 888 Testamento

67 927 270 996 absque
296 926 409 981 ullo
432 925 727 992 velamine,
767 926 1083 980 nominibus
1110 927 1223 980 suis
1252 937 1548 996 antequam
1569 940 1668 980 na-

65 1029 370 1082 scerentur,
400 1019 576 1074 vocati
614 1026 741 1072 sunt
772 1034 785 1072 :
816 1017 1034 1086 lsmael,
1075 1016 1252 1084 Isaac,
1303 1018 1578 1085 Salomon,
1616 1025 1670 1074 et

64 1113 254 1170 Josias.
288 1112 425 1182 Lege
452 1112 796 1181 Scripturas.

135 1207 292 1281 (Cap.
320 1206 507 1262 XVIII.
535 1235 598 1248 -
628 1207 786 1262 Vers.
822 1206 904 1278 6.)
931 1203 1001 1260 Et
1029 1207 1162 1261 dixit
1189 1208 1238 1262 ei
1261 1223 1280 1261 :
1310 1205 1546 1274 Festina,
1568 1217 1671 1261 tres

64 1316 331 1355 mensuras
365 1301 548 1372 furiata
568 1301 754 1354 simila
781 1301 1072 1355 commisce.
1098 1301 1234 1368 Quia
1261 1310 1371 1356 tres
1399 1314 1672 1354 mensura:

66 1393 316 1449 absolute
346 1395 431 1448 hic
458 1393 623 1448 dictae
649 1391 924 1459 videntur,
955 1403 1012 1448 et
1035 1403 1119 1448 est
1141 1394 1346 1449 incerta
1368 1391 1625 1447 mensura
1655 1407 1669 1444 :

66 1497 357 1559 propterea
383 1495 410 1524 ι
433 1485 637 1550 addidi,
669 1485 814 1557 quod
842 1487 896 1539 in
931 1487 1162 1543 Hebraeo
1188 1487 1288 1540 tria
1309 1496 1422 1541 sata
1454 1485 1670 1546 habeat,

65 1580 121 1638 id
151 1590 238 1637 est
272 1591 372 1635 tres
401 1581 722 1652 arnpharas:
763 1590 820 1635 ut
865 1580 1004 1635 idem
1036 1582 1353 1652 mysterium
1384 1590 1440 1637 et
1478 1582 1584 1647 hic,
1618 1589 1673 1636 et

65 1673 124 1729 in
153 1672 475 1744 Evangelio,
498 1673 587 1728 ubi
618 1672 810 1728 mulier
837 1675 938 1726 tria
974 1684 1090 1728 sata
1122 1673 1310 1729 farinae
1342 1668 1674 1730 fermentare

68 1765 298 1831 dicitur,
329 1781 718 1837 cognoscamus
745 1765 964 1836 (Matth.
989 1782 1106 1834 xm,
1134 1769 1250 1837 55).

1767 550 2164 597 commemorat
2200 558 2324 597 eum
2378 540 2637 596 habuisse
2695 555 2931 611 generos
2978 554 2993 605 ;
3049 549 3072 578 ο
3125 538 3373 593 nonnulli

1768 633 2109 689 arbitrantur
2139 634 2290 701 illas,
2316 649 2436 705 quae
2469 634 2622 689 viros
2670 632 3001 698 habuerunt,
3037 633 3092 686 in
3120 632 3374 687 Sodomis

1769 729 2130 792 remansisse,
2171 739 2227 783 et
2277 742 2371 783 eas
2415 728 2598 784 exisse
2621 743 2746 782 cum
2777 737 2954 797 patre,
2987 740 3109 796 quae
3134 726 3375 796 virgines

1774 819 2015 876 fuerunt.
2050 820 2209 888 Quod
2255 836 2381 876 cum
2430 821 2714 891 Scriptura
2773 835 2881 874 non
2925 819 3092 886 dicat,
3144 819 3375 873 Hebr-tea

1770 914 1971 968 veritas
2010 913 2335 984 exponenda
2363 923 2474 980 est,
2509 915 2565 968 in
2593 929 2699 984 qua
2749 911 3011 968 scribitur
3053 927 3068 965 :
3117 908 3372 980 Egressus

1770 1017 1843 1062 est
1876 1005 2000 1074 Lat,
2028 1017 2076 1062 et
2103 1006 2308 1062 locutus
2345 1007 2514 1061 estad
2543 1023 2788 1078 sponsos,
2820 1004 2909 1076 qui
2935 1003 3197 1074 accepturi
3231 1010 3377 1057 erant

1770 1100 1911 1169 ﬁlias
1931 1105 2069 1173 ejus.
2112 1101 2359 1157 Needu
2391 1103 2558 1173 igitur
2587 1103 2829 1173 virgines
2857 1099 2983 1153 ﬁlim
3021 1097 3374 1154 matrimonio

1772 1193 1988 1249 fuerant
2018 1196 2305 1265 copulate.
2805 1179 2808 1182 8

1843 1286 2051 1360 33‘.(
2082 1288 2233 1342 Vers.
2289 1289 2379 1342 2|.
2411 1289 2432 1359 )
2462 1289 2527 1343 Et
2576 1290 2711 1344 dixit
2757 1291 2854 1344 ei:
2910 1289 3044 1344 Ecce
3089 1287 3380 1341 admiratus

1772 1395 1888 1435 sum
1918 1382 2104 1452 [aciein
2156 1392 2315 1436 tuttur.
2364 1383 2422 1437 In
2473 1384 2704 1438 Hel)er
2757 1383 2973 1439 habet:
3020 1381 3154 1437 Ecce
3183 1382 3381 1453 suscipi

1773 1474 2168 1544 (scientiatum:
2216 1475 2268 1528 id
2301 1486 2406 1541 est,
2454 1476 2721 1545 acquiesco
2771 1475 3008 1544 precibus
3055 1475 3178 1528 tuis.
3224 1473 3380 1540 Quod

1775 1564 2136 1635 Symmachus
2179 1567 2483 1621 secundum
2532 1581 2758 1622 sensum
2804 1567 3176 1637 interpretans
3207 1567 3321 1632 ait,
3357 1563 3380 1602 ά

1775 1658 1957 1734 ὁράσει
1984 1659 2318 1720 ἐδνσαητήθην
2347 1662 2404 1716 τὸ
2426 1660 2706 1733 πρόσωπόν
2737 1680 2856 1716 σου.

1845 1754 1864 1826 (
1898 1754 2050 1809 Vers.
2082 1756 2218 1825 28.)
2254 1755 2322 1809 Et
2350 1772 2464 1810 ecce
2502 1755 2812 1810 ascendebat
2859 1756 3076 1825 ﬂamma
3132 1755 3200 1810 de
3244 1765 3381 1811 terra

137 1858 301 1929 333
334 1858 513 1930 (Vers.
549 1860 664 1929 10.)
692 1857 836 1913 Discit
857 1858 1354 1915 autem:Recertens
1375 1863 1576 1915 venitmt
1604 1861 1673 1916 ad

1816 1848 1923 1900 uasi
1957 1863 2117 1916 uapor
2162 1849 2417 1917 fornacis.
2471 1847 2582 1902 Pro
2611 1863 2722 1917 quo
2753 1848 2992 1918 legimus
3021 1849 3078 1904 in
3111 1848 3343 1904 Hebram
3378 1869 3390 1903 :

71 1957 118 2004 te
150 1952 201 2003 in
223 1962 454 2019 tempore
479 1950 600 2015 hoc,
634 1961 681 2003 et
735 1951 789 2004 in
819 1953 972 2016 liora,
1009 1961 1057 2004 et
1083 1951 1292 2006 habebit
1317 1954 1489 2022 ﬁlium
1512 1955 1670 2009 Sara.

70 2044 176 2100 Pro
206 2050 365 2113 hora,
397 2049 554 2100 vitam
581 2047 822 2116 legimus
847 2047 902 2100 in
935 2046 1166 2102 Hebraeo
1193 2064 1205 2100 :
1239 2057 1300 2102 ut
1330 2050 1402 2102 sit
1423 2049 1560 2103 ordo
1589 2047 1677 2103 vel

71 2151 272 2194 sensus
304 2157 319 2193 :
371 2140 617 2194 Rerertar
643 2140 713 2193 ad
745 2150 790 2194 te
819 2141 872 2193 in
904 2151 1133 2212 tempore
1158 2143 1312 2197 vita:
1341 2144 1497 2213 quasi
1526 2143 1681 2198 dixe-

70 2231 160 2298 rit,
214 2232 267 2285 si
303 2232 524 2298 vixero,
559 2234 602 2286 si
637 2232 806 2288 fuerit
850 2234 966 2287 vita
995 2233 1294 2290 comitata:
1345 2235 1460 2290 haec
1499 2245 1683 2291 autem

72 2323 516 2398 ἀνθρωποπάθως,
573 2325 851 2394 quomodo
882 2334 938 2380 et
966 2335 1192 2381 caetera.

146 2417 354 2488 (Vers.
381 2419 508 2486 12.)
537 2418 672 2474 Risit
703 2431 870 2473 autem
905 2420 1042 2475 Sara
1073 2422 1127 2474 in
1154 2422 1446 2490 semetipsa,
1481 2422 1688 2478 dicens:

81 2510 323 2565 Necdum
357 2510 486 2563 milii
516 2512 713 2579 factum
745 2522 822 2566 est
841 2529 1000 2583 usque
1024 2529 1182 2579 nunc,
1210 2525 1256 2568 et
1279 2515 1520 2569 dominus
1550 2531 1690 2570 areas

79 2619 236 2658 senex
260 2613 360 2658 est.
397 2602 579 2659 Aliter
607 2604 784 2658 multo
816 2607 1015 2673 legitur
1045 2607 1102 2660 in
1142 2605 1371 2662 Hebraeo
1415 2625 1430 2660 :
1480 2606 1551 2663 Et
1579 2609 1693 2662 risit

83 2696 221 2752 Sara
279 2698 336 2750 in
365 2698 666 2765 semetipsa,
701 2696 880 2752 dicens
906 2715 923 2751 :
949 2698 1232 2771 Postquam
1259 2702 1436 2755 attrita
1475 2717 1614 2764 sum,
1647 2713 1694 2756 et

87 2791 224 2858 facta
263 2800 346 2843 est
373 2788 506 2842 mihi
553 2790 790 2856 voluptas
819 2791 846 2844 .’
902 2789 1072 2845 Simul
1108 2800 1236 2846 nuta
1278 2793 1421 2861 qtrod
1456 2793 1549 2847 ubi
1596 2806 1694 2848 nos

84 2881 395 2948 posuimus,
427 2880 742 2949 voluptatem
773 2879 798 2918 ι’
843 2896 982 2936 enen
1037 2882 1308 2952 scriptum
1344 2891 1428 2939 est
1471 2884 1522 2938 in
1584 2885 1689 2940 lle-

85 2973 251 3028 brrco.
283 2975 655 3046 Symmachus
681 2976 827 3030 hunc
857 2977 1036 3029 locum
1068 2977 1140 3030 ita
1181 2977 1510 3032 transtulit:
1543 2977 1699 3032 Post-

87 3083 240 3136 quam
273 3079 530 3124 vetustate
556 3071 825 3135 consenui,
858 3073 997 3140 facta
1035 3079 1110 3124 est
1145 3072 1272 3124 mihi
1311 3072 1700 3126 adolescentia?

157 3160 346 3229 (Vers.
381 3160 509 3231 32.)
530 3161 597 3215 Et
623 3163 757 3216 dixit
782 3178 802 3216 :
835 3160 1108 3233 Numquid
1142 3157 1243 3229 est,
1277 3162 1520 3228 Domine,
1549 3167 1592 3219 si
1618 3165 1694 3218 lo-

1781 1941 1914 1996 Ecce
1961 1941 2268 1996 ascendebat
2322 1944 2689 2024 ατο-(πῦρ
2717 1944 2756 2010 ),
2805 1945 2961 2013 quasi
2995 1955 3018 1980 ε
3050 1945 3389 2016 ἀναθυμίασις

1778 2034 2022 2090 fornacis
2054 2053 2068 2089 :
2112 2036 2257 2105 (good
2303 2049 2406 2090 nos
2430 2051 2713 2104 vaporem,
2765 2036 2851 2090 vel
2884 2036 3108 2104 turnum,
3161 2039 3277 2091 sire
3309 2037 3392 2104 [a-

1783 2129 1961 2182 nillam
1988 2143 2278 2197 possumus
2307 2130 2516 2183 dicere.

1863 2225 1879 2291 (
1910 2221 2064 2276 Vers.
2095 2221 2230 2292 30.)
2265 2221 2579 2277 Etascendit
2601 2221 2699 2276 Lot
2724 2222 2790 2277 de
2820 2220 3012 2292 Segor,
3066 2231 3113 2276 et
3153 2223 3285 2277 sedit
3337 2225 3391 2276 in

1788 2326 2000 2369 monte:
2030 2325 2080 2369 et
2111 2316 2226 2369 dure
2251 2316 2376 2385 ﬁlite
2401 2317 2515 2386 ejus
2540 2329 2657 2369 cum
2681 2329 2761 2371 co.
2797 2313 2994 2369 Timuit
3036 2317 3173 2369 enim
3217 2318 3394 2370 sedere

1789 2410 1846 2461 iu
1884 2407 2072 2480 Segor.
2105 2410 2384 2476 Quaeritur
2407 2421 2577 2480 quare
2602 2426 2725 2466 cum
2756 2411 2990 2481 primum
3027 2407 3166 2482 fugae
3195 2414 3397 2468 muniis

1794 2501 1970 2572 Segor
1999 2505 2324 2573 prtetulerit,
2367 2513 2423 2558 et
2451 2519 2570 2559 eam
2607 2507 2658 2558 in
2694 2505 3063 2567 habitaculum
3114 2519 3278 2562 suum
3305 2522 3401 2561 vo-

1794 2595 1958 2650 luerit
2004 2596 2250 2660 liberari,
2296 2613 2436 2651 nunt.-
2470 2597 2539 2652 de
2566 2597 2740 2668 Segor
2791 2611 3009 2654 rursum
3055 2599 3122 2654 ad
3156 2609 3397 2656 montem

1797 2687 2038 2758 migret?
2073 2690 2551 2758 ReSpotidehirnus
2593 2705 2777 2746 veram
2811 2707 2934 2747 esse
2966 2691 3115 2748 illam
3146 2692 3402 2748 I-leliram-

1798 2798 1920 2836 rum
1956 2785 2329 2853 coniecturam
2361 2785 2432 2839 de
2461 2786 2656 2857 Segor,
2688 2787 2832 2858 quod
2869 2789 3186 2859 frequenter
3239 2801 3403 2845 terra:

1800 2886 1950 2932 motu
1974 2878 2226 2943 subruta,
2265 2878 2283 2917 ί
2336 2878 2470 2933 Bale
2494 2882 2750 2949 primum,
2802 2892 2854 2937 et
2886 2893 3073 2952 postea
3101 2883 3280 2938 Salisa
3311 2897 3408 2954 ap-

1801 2971 1997 3040 pellata
2029 2973 2138 3026 sit:
2166 2971 2517 3044 timueritque
2543 2974 2661 3038 Lut,
2698 2975 2914 3040 dicens,
2941 2977 2998 3032 Si
3037 2990 3159 3032 cum
3193 2989 3406 3033 etcierzc

1801 3065 1982 3119 adhuc
2010 3065 2174 3121 urbes
2203 3077 2430 3133 starent,
2455 3070 2553 3124 Ista
2575 3083 2719 3140 saepe
2752 3072 3018 3126 subversa
3041 3081 3127 3127 est
3151 3089 3163 3124 :
3195 3080 3401 3143 quanto

1806 3159 1977 3229 magis
2006 3174 2150 3214 nunc
2179 3159 2233 3215 in
2257 3163 2536 3217 communi
2571 3163 2726 3218 ruina
2759 3176 2865 3217 non
2910 3165 3112 3234 poterit
3143 3164 3360 3218 liberari
3387 3165 3410 3217 ?

85 3255 261 3321 σικιτῖ
291 3255 456 3323 Quod
523 3255 718 3310 Gra‘ce
757 3255 1026 3324 scriptum
1078 3265 1182 3319 est,
1231 3261 1376 3328 μήτι,
1409 3258 1588 3331 κύριε,
1617 3258 1702 3312 ἐὰν
1728 3243 1774 3305 C
1811 3254 1874 3308 Et
1900 3254 1974 3309 ob
2004 3251 2144 3308 hanc
2191 3256 2540 3311 occasionem
2585 3256 2946 3322 lnlldelitatis,
2980 3257 3143 3310 etiam
3176 3257 3231 3311 in
3271 3256 3415 3312 filias

83 3348 309 3408 λαλήσω.
334 3347 899 3403 SecundoAbrabam
925 3355 1012 3402 est
1036 3347 1256 3403 locutus
1281 3348 1349 3402 ad
1374 3346 1667 3403 Dominum
1691 3368 1704 3403 :

87 3443 237 3510 quod
297 3455 407 3496 non
447 3440 674 3495 videtur
707 3440 1004 3496 manifeste
1035 3455 1242 3496 sonare
1291 3441 1420 3508 quid
1453 3442 1619 3495 dicat.
1651 3440 1708 3496 In

80 3530 320 3588 Hebraeo
340 3533 520 3604 igitur
543 3533 761 3601 planius
783 3533 1044 3588 scribitur
1066 3551 1079 3588 :
1105 3534 1208 3600 Ne,
1224 3549 1423 3605 quem,
1442 3535 1705 3601 irascaris,

87 3623 336 3691 Domine,
366 3627 416 3680 si
446 3627 661 3680 locutus
687 3629 854 3695 (itero.
886 3624 1028 3694 Quia
1056 3627 1206 3681 enim
1228 3627 1520 3682 videbatur
1541 3629 1713 3682 inter-

85 3732 307 3790 rogans,
343 3720 653 3774 Dominum
699 3729 914 3773 arctare
968 3719 1332 3790 responsione
1362 3761 1376 3785 ,
1438 3728 1710 3790 temperat

88 3813 421 3880 praefatioae
466 3811 623 3880 quod
660 3813 878 3879 quaerit.

153 3906 324 3978 (,Cap.
360 3902 766 3960 XlX.—Vers.
799 3901 886 3957 M.
924 3904 944 3972 )
971 3902 1041 3957 Et
1069 3903 1270 3960 locutus
1301 3917 1376 3960 est
1406 3907 1474 3960 ad
1500 3923 1712 3979 generos

79 4015 224 4066 suos,
247 4002 338 4070 qui
371 4006 702 4064 acceperant
723 3997 860 4066 ﬁlias
891 4001 1026 4071 ejus.
1049 3997 1188 4066 Quia
1219 4009 1413 4069 postea
1438 4000 1559 4055 date
1589 3999 1713 4054 illim

78 4091 180 4150 Lot
231 4095 502 4166 virgines
557 4091 727 4146 fuisse
778 4091 1032 4147 dicuntur
1072 4093 1183 4164 (de
1238 4095 1441 4164 quibus
1488 4105 1544 4149 et
1600 4096 1715 4164 ipse

83 4187 288 4243 dudum
323 4185 766 4242 ad—Sedommos
791 4183 1008 4239 dixerat
1037 4203 1048 4238 :
1081 4185 1218 4240 Ecce
1263 4188 1386 4241 dare
1408 4189 1535 4254 ﬁlia:
1563 4203 1710 4257 nrete,

161 4379 185 4407 α
225 4369 546 4440 propterea,
579 4362 783 4440 addidi.
836 4361 1022 4440 Melius
1065 4361 1338 4440 legeretur
1365 4363 1515 4440 adde
1548 4382 1706 4435 quam

89 4443 309 4507 addidi;
337 4434 474 4495 "cuin
533 4437 667 4491 nihil
715 4445 872 4507 antea
906 4434 1105 4488 dixerit
1134 4434 1200 4488 de
1231 4434 1391 4488 tribus
1413 4437 1540 4488 satis
1569 4434 1584 4501 ,
1613 4453 1712 4505 pro

91 4515 252 4566 tritius
289 4506 585 4566 mensuris.
635 4507 710 4561 De
741 4506 1036 4576 allegorica
1079 4520 1245 4574 porro
1289 4507 1628 4576 expositione
1658 4509 1710 4562 in

90 4584 358 4654 mysterio
391 4580 714 4654 Trinitatis,
746 4578 816 4654 ita
839 4575 940 4654 nos
971 4577 1152 4654 docuit
1185 4575 1677 4654 ipsemetl’licrnny

89 4647 212 4711 mus
241 4656 316 4710 lib
339 4667 378 4709 ιι
410 4653 731 4707 Comment.
761 4649 814 4702 in
838 4647 1026 4721 Matth.
1049 4663 1168 4716 cap.
1201 4663 1329 4702 xm:
1358 4647 1484 4702 Pius
1508 4647 1710 4721 quidem

89 4744 304 4780 sensus:
346 4724 444 4779 sed
498 4736 785 4791 numquam
811 4719 1098 4785 parabolae,
1129 4728 1175 4772 et
1205 4721 1360 4772 dubia
1385 4719 1716 4791 wnigntatum

92 4798 448 4872 intelligentia
508 4803 675 4866 potest
715 4793 784 4843 ad
825 4792 1185 4845 auctoritatem
1236 4794 1535 4864 dogmatum
1592 4811 1715 4864 pro-

95 4869 280 4938 ﬁcere:
309 4869 600 4924 Maurus.

165 4941 611 4995 ~Martameus
632 4935 914 4990 maluisset
935 4935 988 4989 in
1007 4934 1226 4988 instanti
1255 4935 1411 4989 addo.
1433 4935 1612 4991 Facile
1627 4951 1723 4990 au-

96 5022 202 5067 tem
226 5011 614 5081 Hieronymus
641 5008 934 5077 scripserat
960 5021 1142 5081 supra,
1170 5015 1270 5058 tres
1296 5023 1558 5081 mensuras
1587 5010 1723 5081 (sive

97 5086 199 5138 tria
227 5085 368 5155 sata)
395 5078 593 5152 farina:
611 5081 812 5155 similtt’,
830 5088 962 5143 etc.,
993 5079 1136 5146 quod
1162 5089 1307 5155 Sattpe
1326 5078 1727 5155 f:icit_t_‘ttnrﬂe—

98 5155 311 5209 hra'mn
350 5149 522 5207 inter
563 5159 617 5205 et
648 5149 894 5204 Gracnm
943 5161 1146 5203 textum
1197 5154 1386 5220 exigua
1435 5151 1726 5206 diversitas

99 5226 421 5282 intercedit.
447 5224 586 5279 Tria
613 5235 778 5292 pur-ro
808 5231 945 5286 sata,
969 5222 1086 5292 sive
1118 5235 1225 5275 tres
1253 5222 1528 5291 amphora:
1559 5238 1724 5277 unum

100 5299 385 5370 integrum
426 5294 586 5363 Epha
616 5291 930 5348 coniiciunt.
963 5291 1094 5347 Vide
1116 5292 1486 5348 Commentar.
1519 5297 1568 5348 in
1599 5293 1730 5349 Mat—

101 5371 234 5424 thtei
270 5384 398 5437 cap.
429 5379 551 5420 sm.

172 5440 202 5479 ι)
234 5434 523 5496 ﬂebralce
555 5445 640 5490 est
663 5440 817 5494 nm.
845 5434 1204 5506 Symmachus
1247 5435 1297 5488 in
1343 5435 1530 5490 codice
1563 5435 1734 5507 Regio

106 5513 284 5576 I888,
322 5523 502 5580 penes
549 5507 919 5581 Montl'ancou.
958 5509 1128 5577 εμετά
1172 5508 1230 5560 τὸ
1277 5508 1621 5581 παλαιωθῆναί
1671 5530 1733 5581 με

108 5579 432 5667 ἐγίνετόίμοι
458 5583 624 5652 ἀκμή.
675 5579 955 5662 l’ostquam
1001 5587 1251 5632 vetustate
1296 5579 1560 5646 consenui,
1592 5579 1732 5651 facta

110 5651 184 5711 cit
212 5651 348 5711 mihi
371 5651 754 5706 adolescentia.

187 5741 208 5766 σε
241 5727 477 5784 Scilicet
505 5735 575 5774 ex
610 5721 794 5775 Bahlii:
820 5733 978 5775 orum
1008 5718 1246 5785 scholis;
1277 5719 1428 5775 nullo
1459 5729 1640 5776 tamen
1671 5738 1735 5777 ex

117 5797 427 5866 Scriptnris
462 5793 672 5866 idoneo
704 5802 1051 5866 argumento:

190 5868 215 5906 (³
247 5860 478 5948 ἲΟλιιὸισιι
503 5860 859 5928 ﬁducianwm,
895 5870 1000 5917 etc.
1036 5860 1093 5916 Id
1114 5861 1404 5933 signiﬁcat,
1429 5873 1640 5936 aspectu
1662 5880 1740 5919 re-

1807 3347 1986 3400 coitus
2010 3346 2230 3402 dedisse
2264 3348 2614 3418 principium.
2646 3349 2746 3417 Qui
2777 3349 2923 3404 enim
2944 3358 3175 3403 caeteras
3206 3348 3420 3404 viderat

1809 3439 2000 3492 subrui
2041 3439 2313 3505 civitates,
2370 3449 2424 3494 et
2462 3439 2601 3494 hanc
2639 3449 2806 3505 Stare,
2858 3454 3028 3511 seque
3079 3439 3177 3494 Dei
3207 3440 3410 3495 auxilio

1811 3543 2065 3588 erutum:
2119 3534 2303 3603 utique
2339 3533 2409 3588 de
2465 3547 2554 3601 eo,
2605 3535 2749 3605 quod
2808 3535 2918 3588 sibi
2943 3544 3265 3588 concesserim
3302 3548 3400 3586 au-

1814 3624 2015 3691 dierat,
2048 3625 2332 3696 ambigere
2361 3640 2468 3681 non
2499 3627 2711 3682 debuit.
2748 3625 2881 3681 Illud
2908 3628 3090 3697 igitur,
3123 3625 3266 3695 quod
3320 3640 3418 3694 pro

1815 3719 2179 3774 excusatione
2235 3719 2440 3774 dicitur
2479 3719 2737 3782 filiarum,
2794 3731 2864 3774 eo
2920 3717 3065 3788 quod
3105 3717 3420 3787 putaverint

1817 3814 2089 3869 defecisse
2135 3813 2432 3868 humanum
2480 3827 2672 3884 genus,
2705 3819 2759 3867 et
2789 3811 2912 3868 ideo
2938 3826 3061 3866 cum
3104 3819 3256 3880 patre
3285 3824 3417 3866 con-

1815 3909 2126 3972 cubuerint,
2171 3921 2280 3963 non
2327 3916 2554 3964 excusat
2606 3915 2842 3978 patrem.
2897 3905 3146 3976 Denique
3180 3903 3416 3970 Hebrzrl,

1816 4003 1960 4075 quod
1999 4001 2252 4074 sequitur
2282 4020 2294 4055 ι

1887 4096 2082 4168 (Vera.
2114 4095 2204 4151 55.
2233 4096 2250 4166 )
2283 4095 2351 4149 Et
2377 4097 2587 4151 nescivit
2617 4112 2732 4150 cum
2761 4094 3039 4149 dormisset
3078 4109 3194 4147 cum
3244 4110 3321 4161 eo,
3375 4103 3423 4148 et

1818 4206 1934 4243 cum
1981 4187 2289 4243 surrexisset
2319 4189 2382 4242 ab
2420 4206 2499 4256 eo,
2556 4199 2581 4236 It
2612 4196 2938 4260 appungunt
2978 4185 3239 4255 desuper,
3265 4189 3424 4259 quasi

1810 4367 2003 4420 veritus
2025 4383 2137 4419 sum
2172 4368 2360 4436 [aciein
2392 4379 2552 4422 luant.
2608 4368 2876 4421 ΜΑιιτιΑιι.

1880 4437 2011 4492 ——-In
2042 4439 2325 4492 vetnstiori
2382 4440 2601 4507 lleginm
2628 4438 2820 4493 codice
2854 4437 3125 4506 scriptum
3155 4449 3240 4493 est
3269 4458 3280 4494 :
3313 4453 3427 4499 ΩΡΔ

1812 4521 1960 4583 smn
1990 4520 2422 4583 uAIConunyN,
2441 4519 2546 4583 etc.
2575 4525 2697 4577 qua:
2719 4510 2801 4583 sie
2837 4511 3124 4565 emendata
3161 4514 3421 4583 legerim:

1811 4579 1949 4658 Ὀρα
1977 4583 2099 4658 ἡὶξτε
2121 4583 2260 4658 (sive
2283 4577 2394 4636 εὖτε
2415 4579 2433 4650 )
2456 4580 2813 4658 ᾇδυσωπήθην,
2848 4593 2954 4658 etc.
2979 4585 3124 4652 quod
3156 4577 3264 4658 es't,
3305 4584 3429 4639 Vide

1820 4652 2256 4722 quemadmodum
2310 4652 2558 4705 reveritus
2589 4669 2722 4716 sunt,
2765 4663 2871 4706 etc.
2907 4656 2985 4707 Ac
3015 4667 3165 4710 certe
3198 4657 3425 4710 lirusius

1824 4726 1960 4800 satis
1984 4725 2262 4800 ingeniose
2297 4740 2392 4792 pro
2411 4723 2610 4800 ὁράσει,
2644 4723 2930 4800 legendum
2955 4726 3265 4800 coniecerat
3288 4726 3429 4780 duo-

1828 4795 1940 4872 bus
1980 4795 2162 4872 verbis
2213 4793 2309 4869 ὅρα
2338 4793 2473 4872 σοι
2505 4806 2558 4872 et
2590 4797 2821 4872 primum
2855 4794 2952 4872 ὅρα
2985 4793 3093 4872 pro
3128 4796 3264 4860 nos,
3317 4812 3430 4851 ecce

1829 4865 2410 4934 accipit.vtidunr,'quod
2438 4867 2704 4920 lleliraico
2727 4871 2830 4919 mn
2860 4865 3214 4933 respondeat.

1905 4947 1927 4973 ε
1987 4935 2148 4990 Falso
2209 4936 2471 5009 hactenus
2528 4937 2844 4991 obtinuerat
2886 4939 3272 5009 ἀναπνσύμασις
3333 4952 3430 5006 pro

1833 5009 2194 5078 ἀναθυμίασις,
2223 5008 2366 5077 quod
2399 5023 2465 5063 ex
2499 5009 2662 5077 paulo
2701 5018 2964 5077 corrupto
3002 5010 3054 5062 in
3102 5008 3231 5062 mss.
3265 5010 3431 5062 verbo

1833 5089 2214 5136 ΑΝΑΘΥΜΑΟιο
2242 5121 2258 5141 .
2307 5079 2498 5134 excudi
2554 5096 2618 5133 ac
2667 5081 2900 5133 resntui.
2940 5081 3034 5134 list
3080 5089 3258 5134 alitem
3311 5083 3435 5136 ἀναο

1833 5155 2097 5225 Oppiae-tr,
2121 5167 2280 5225 quem
2310 5152 2528 5220 proprie
2554 5151 2776 5225 Hieron.
2805 5160 2957 5204 notat
2975 5185 2991 5214 ,
3010 5159 3177 5207 aestus
3197 5151 3434 5207 fornacis

1837 5221 1905 5280 et'
1937 5221 2363 5298 vaporagonlra
2414 5239 2516 5279 nec
2549 5224 2736 5298 Graece
2773 5225 3166 5298 ἅναπνιύμασις
3205 5225 3432 5298 dicitur,

1840 5305 1934 5348 aut
1970 5294 2112 5363 apud
2154 5295 2408 5351 Graecum
2459 5295 2768 5364 quempiam
2820 5294 3156 5364 scriptorem.
3203 5295 3434 5350 inveniri

1840 5368 1955 5422 scio
1991 5382 2088 5432 pro
2118 5370 2448 5429 ἀνάπνευσις,
2479 5367 2622 5435 quod
2663 5375 2748 5422 est
2776 5368 3069 5437 respiratio.

1916 5437 1933 5476 ί
1976 5437 2178 5495 Recole
2207 5456 2329 5509 qua:
2365 5439 2620 5508 superius
2651 5443 3036 5493 annotavimus
3068 5439 3122 5492 in
3159 5452 3282 5506 cap.
3313 5452 3425 5501 Juv,

1841 5526 1991 5566 vers.
2021 5513 2076 5565 5.

1916 5592 1941 5653 8
1983 5583 2298 5653 Appimgtmt
2341 5583 2564 5651 desuper
2593 5625 2606 5648 ,
2651 5594 2754 5638 etc.
2799 5582 3014 5653 I’lhrcs
3046 5583 3177 5636 mss.
3217 5580 3438 5636 codices

1845 5649 2102 5708 IIebrtctis
2130 5649 2398 5709 curiosius
2425 5649 2632 5722 insiiexi
2661 5671 2673 5714 ;
2708 5653 2804 5708 sed
2836 5649 2974 5722 nihil
3006 5651 3056 5722 in
3090 5653 3169 5707 eis
3197 5653 3438 5721 reperire

1850 5726 1994 5794 potui
2019 5728 2426 5794 quojuvaretur
2450 5717 2805 5793 intelligentia
2832 5717 2993 5792 hujus
3027 5719 3150 5778 luci.
3182 5717 3442 5779 Erasmus

1847 5793 1927 5868 sic
1969 5793 2090 5848 eum
2135 5796 2464 5868 illustratum
2496 5794 2666 5849 voluit
2696 5815 2706 5848 :
2741 5797 3054 5868 Appungunt
3075 5795 3322 5868 desuper,
3355 5796 3444 5851 ad-

1851 5863 1986 5921 dttnt
2017 5868 2255 5937 desuper
2283 5909 2295 5932 ,
2331 5867 2702 5937 significantes
2732 5863 2794 5924 ια’
2817 5863 3074 5924 divinitus
3113 5863 3315 5924 faciunt
3343 5911 3355 5938 ,
3389 5876 3446 5921 ut
