4010 6306
638 301 746 355 9b7

1893 294 1950 347 S.
1999 290 2266 348 ILUSISBII
2303 289 2684 348 HIERUNYMI

3844 280 3950 337 968

630 410 974 475 incredibile,
1008 407 1234 478 etquod
1266 420 1445 461 rerum
1476 414 1669 461 natura
1704 420 1812 460 non
1843 406 2043 476 capiat,
2076 407 2226 463 coire
2251 410 2303 470 Α
2332 406 2478 459 varia
2513 404 2699 472 opinio
2753 413 2877 468 εει,
2920 398 3295 457 asserentibus
3348 395 3491 460 aliis,
3549 394 3749 466 quinto
3774 410 3948 448 anno

627 503 936 573 quempiam
973 506 1335 554 nescientem.

700 596 719 665 (
746 594 904 649 Vers.
940 592 1007 648 56
1030 600 1086 647 et
1107 606 1264 663 Seqq.
1298 590 1317 662 )
1347 591 1414 645 Et
1447 604 1793 662 conceperant
1840 595 1956 647 dum
1980 594 2107 663 ﬁlia:
2137 592 2232 648 Lot

626 690 691 743 de
722 698 871 757 patre
917 702 1031 751 suo,
1074 696 1122 740 et
1168 687 1344 758 genuit
1376 687 1716 758 primogenita
1745 688 1935 757 ﬁlium,
1984 697 2033 741 et
2070 687 2231 760 335

626 784 824 839 vocavit
874 798 1061 836 nomen
1092 785 1206 854 ejus
1240 779 1415 834 Moab.
1450 780 1561 834 Iste
1591 791 1666 836 est
1702 792 1848 853 pater
1881 776 2232 834 Moabitm‘um

630 892 785 945 usque
814 875 869 928 in
896 875 1030 927 lianc
1058 872 1215 927 diem.
1253 871 1320 925 Et
1362 874 1552 939 minor,
1582 883 1631 929 et
1672 876 1787 941 ipsa
1816 875 2009 945 peperit
2040 874 2227 942 ﬁlium,

629 978 675 1023 et
705 967 897 1021 vocavit
938 982 1123 1021 nomen
1162 968 1274 1038 ejus
1327 966 1547 1019 Ammon
1601 967 1656 1018 id
1695 975 1792 1030 est,
1848 968 1987 1031 ﬁlius
2046 966 2233 1036 populi

632 1062 749 1115 mei.
784 1058 906 1133 Ipse
933 1069 1007 1115 est
1050 1070 1196 1128 pater
1223 1058 1457 1127 ﬁliorum
1501 1058 1745 1113 Ammon.
1774 1058 1931 1113 Moab
1958 1060 2227 1127 interpre-

630 1162 797 1216 tatur,
820 1170 884 1207 ex
905 1164 1051 1224 patre
1074 1168 1092 1205 :
1122 1164 1175 1205 et
1206 1160 1375 1206 totum
1404 1165 1601 1205 nomen
1631 1151 2021 1222 etymologiam
2045 1150 2226 1205 habet.

625 1246 859 1301 Ammon
889 1259 1040 1308 vero,
1073 1243 1229 1313 cujus
1273 1243 1432 1313 quasi
1484 1257 1648 1297 causa
1682 1244 1917 1299 nominis
1958 1242 2228 1308 redditur,

627 1341 770 1409 ﬁlius
799 1338 1001 1409 generis
1024 1337 1145 1402 mei,
1166 1336 1281 1391 sive
1304 1345 1365 1390 ut
1388 1334 1583 1391 melius
1604 1347 1686 1391 est
1712 1336 1768 1390 in
1800 1336 2031 1391 Hebraso
2055 1336 2227 1407 (νον),

626 1432 765 1501 ﬁlius
794 1430 976 1501 populi
1006 1428 1127 1493 mei,
1173 1428 1253 1483 sic
1306 1429 1609 1494 derivatur,
1650 1438 1709 1483 ut
1747 1444 1815 1483 ex
1850 1440 2004 1499 parte
2035 1444 2231 1484 sensus

626 1524 895 1589 nominis,
930 1531 956 1559 ⁸
988 1538 1057 1576 ex
1100 1531 1256 1591 parte
1289 1522 1406 1591 ipse
1436 1523 1508 1577 sit
1538 1538 1723 1578 sermo
1759 1541 1773 1578 :
1828 1539 1961 1579 Allll
1996 1524 2165 1588 enim,
2198 1539 2229 1577 a

632 1634 742 1689 quo
791 1617 921 1673 dicti
960 1624 1088 1671 sunt
1124 1616 1477 1681 Auimonitze,
1507 1627 1733 1672 vocatur
1783 1620 2007 1691 papulas
2039 1636 2199 1674 meus.

703 1710 877 1782 (Cap.
912 1708 1031 1764 XX.
1058 1737 1127 1751 —-
1156 1709 1309 1764 Vers.
1368 1710 1455 1764 12.
1488 1709 1505 1780 )
1543 1709 1746 1765 Etenim
1796 1726 1910 1765 vere
1938 1728 2086 1765 soror
2118 1728 2230 1767 mea

2336 498 2717 554 ablactationis
2776 506 2992 565 tempus
3045 500 3335 557 statutum,
3379 490 3503 545 aliis
3540 488 3948 544 duodecimum

2334 608 2534 647 annum
2566 588 3001 647 vendicantibus.
3036 586 3144 641 Nos
3192 583 3354 657 igitur
3386 592 3444 639 ut
3483 580 3795 653 breviorem
3835 578 3948 635 eli-

2334 701 2527 756 gamus
2567 693 2807 747 :etatem,
2863 689 2985 751 post
3023 679 3215 734 decem
3262 685 3319 731 ιιι
3356 684 3481 732 octo
3529 689 3711 730 annos
3744 674 3949 729 lsmael

2334 786 2565 847 supputa
2578 778 2754 831 vimus
2775 774 2939 846 336
2956 774 3191 842 ejectum
3217 784 3342 825 esse
3365 784 3490 824 cum
3516 777 3716 834 matre,
3740 778 3797 823 et
3832 783 3943 822 non

2333 872 2634 925 convenire
2651 869 2761 939 jam
2785 865 3122 921 adolescenti
3143 864 3334 919 matris
3362 862 3577 918 sedisse
3599 862 3943 917 cervicibus.

2336 964 2539 1019 Verum
2584 971 2669 1018 est
2715 962 2878 1031 igitur
2927 958 3058 1013 illud
3091 957 3447 1013 Hebrazorum
3478 956 3677 1023 lingua:
3706 956 3943 1023 idionia,

2334 1056 2479 1127 quod
2510 1056 2693 1111 omnis
2720 1054 2862 1108 films
2887 1052 2951 1107 ad
2981 1051 3448 1120 comparationem
3495 1056 3811 1119 parentum,
3852 1049 3945 1104 in-

2334 1151 2452 1204 fans
2506 1159 2733 1204 vocetur
2763 1157 2818 1202 et
2862 1138 3143 1216 parvulus.
3188 1143 3301 1199 Nec
3349 1143 3616 1200 miremur
3646 1143 3941 1199 barbaram

2335 1245 2575 1314 linguam
2607 1243 2809 1298 habere
2838 1240 3202 1312 preprietates
3242 1254 3371 1293 suas
3416 1258 3428 1293 :
3482 1253 3604 1293 cum
3660 1238 3947 1309 hodieque

2334 1335 2524 1391 Romae
2552 1350 2745 1390 omnes
2798 1334 2891 1388 filii
2941 1340 3204 1388 vocentur
3258 1331 3517 1387 infantes.
3573 1330 3763 1387 Posuit
3802 1347 3940 1400 ergo

2333 1429 2612 1487 Abraham
2642 1444 2813 1499 panes
2844 1436 2899 1482 et
2937 1436 3117 1481 utrem
3151 1439 3317 1495 super
3351 1424 3639 1481 humerum
3665 1425 3813 1496 Agar
3840 1442 3855 1479 :
3888 1434 3943 1479 et

2334 1524 2436 1579 hoc
2474 1523 2621 1577 facto
2663 1521 2815 1577 dedit
2863 1535 3089 1591 puerum
3129 1519 3309 1583 matri,
3352 1517 3458 1573 hoc
3498 1527 3604 1584 est,
3639 1518 3691 1573 in
3737 1534 3941 1575 manus

2332 1616 2453 1685 ejus
2478 1613 2723 1679 tradidit,
2763 1609 3196 1675 commendavit,
3249 1617 3305 1665 et
3334 1610 3409 1664 ita
3438 1610 3623 1665 emisit
3666 1626 3697 1665 e
3742 1610 3933 1666 domo.

2332 1708 2489 1776 Quod
2522 1716 2707 1762 autem
2746 1706 3028 1775 sequitur:

626 1813 702 1859 est
724 1814 788 1858 de
813 1812 979 1875 patre,
1013 1802 1105 1857 sed
1133 1819 1237 1857 non
1268 1820 1331 1857 ea:
1358 1813 1542 1856 matre.
1569 1802 1625 1857 Id
1654 1812 1759 1869 est,
1792 1804 1972 1858 fratris
1999 1804 2118 1874 ejus
2147 1815 2227 1859 est
2259 1810 2306 1870 Β
2405 1806 2425 1877 (
2453 1804 2605 1859 Vers.
2640 1804 2731 1867 15,
2759 1800 2874 1872 16.)
2898 1799 2964 1854 Et
2985 1802 3204 1873 projecit
3233 1816 3445 1871 puerum
3473 1800 3647 1853 subter
3680 1801 3932 1866 abietem,

626 1899 773 1955 Aran
804 1896 940 1961 tilia,
974 1910 1083 1951 non
1110 1895 1342 1951 sororis.
1381 1896 1487 1952 Sed
1519 1897 1647 1965 quia
1677 1898 1728 1950 in
1763 1897 1991 1952 Ilebrzeo
2023 1898 2223 1953 habet:

627 2004 742 2043 vere
770 2004 919 2043 soror
944 2004 1057 2041 mea
1086 1996 1181 2049 est,
1206 1988 1317 2056 ﬁlia
1347 1988 1511 2059 patris
1535 1988 1657 2053 mei,
1686 1999 1733 2040 et
1766 2005 1868 2041 non
1894 1988 2007 2057 ﬁlia
2046 1991 2225 2043 matris

626 2099 752 2138 mere
780 2098 799 2137 :
848 2092 900 2137 et
942 2083 1115 2153 magis
1156 2092 1349 2147 sonat,
1382 2083 1528 2152 quod
1560 2098 1721 2138 soror
1758 2082 1996 2140 Abrahae
2035 2083 2222 2151 fuerit,

623 2176 651 2215 ι)
674 2178 725 2232 in
749 2176 1159 2233 excusationem
1185 2178 1300 2247 ejus
1320 2176 1571 2242 dicimus,
1605 2178 1838 2233 necdum
1865 2179 1958 2234 illo
1979 2188 2225 2251 tempore

627 2270 763 2326 tales
790 2268 1009 2338 nuptias
1042 2270 1162 2339 lege
1196 2267 1519 2337 proliibitas.

699 2360 869 2430 (Cap.
902 2358 1042 2416 XXI.
1067 2390 1137 2401 —
1161 2360 1318 2415 Vers.
1351 2361 1405 2417 9.
1434 2362 1451 2428 )
1485 2359 1554 2415 Et
1577 2362 1702 2415 vidit
1730 2361 1868 2418 Sara
1893 2363 2062 2431 ﬁlium
2086 2364 2227 2435 Agar

626 2455 917 2529 diggptite,
959 2471 1110 2526 quem
1152 2455 1353 2524 peperit
1384 2454 1404 2527 [
1431 2455 1519 2510 Al.
1546 2454 1861 2527 pepererat]
1912 2457 2098 2511 Abrae:
2145 2458 2228 2511 lu-

622 2554 873 2608 dentem:
922 2550 1070 2622 quud
1109 2552 1384 2622 sequitur,
1440 2567 1559 2605 cum
1608 2549 1764 2605 Isaac
1814 2552 1926 2620 ﬁlio
1954 2569 2069 2617 suo,
2117 2568 2223 2607 non

624 2646 861 2702 habetur
908 2645 962 2699 in
996 2644 1249 2700 Hebraeo.
1283 2645 1586 2714 Dupliciter
1639 2646 1822 2714 itaque
1869 2646 1975 2701 hoc
2016 2650 2083 2699 ab
2115 2646 2224 2703 He-

619 2740 779 2797 braeis
810 2740 1103 2809 exponitur
1139 2757 1151 2794 :
1186 2739 1301 2793 sive
1344 2738 1490 2806 quod
1545 2738 1688 2793 idola
1747 2749 1768 2777 ε
1822 2739 1954 2793 ludo
2007 2739 2220 2807 fecerit,

620 2833 772 2902 juxta
825 2832 954 2887 illud
986 2831 1126 2899 quod
1185 2831 1315 2887 alibi
1344 2834 1609 2900 scriptum
1661 2840 1745 2885 est
1774 2844 1787 2883 :
1821 2830 1975 2885 Sedit
2002 2832 2223 2903 populus

625 2924 889 2981 comedere
937 2935 984 2979 et
1029 2925 1221 2989 bibere,
1261 2935 1309 2980 et
1359 2933 1695 2979 surrexerunt
1746 2922 1926 2978 ludere
1977 2922 1996 2995 (
2042 2921 2218 2978 Exod.

623 3033 797 3083 xxxii,
825 3016 926 3086 6):
970 3018 1085 3071 sive
1107 3016 1254 3087 quod
1286 3014 1581 3070 adversum
1614 3015 1786 3080 Isaac,
1815 3014 1970 3082 quasi
1995 3015 2220 3085 majoris

621 3110 821 3174 anatis,
877 3107 1005 3177 joco
1053 3107 1156 3162 sibi
1185 3117 1239 3163 et
1288 3107 1417 3163 ludo
1464 3107 1826 3178 primogenita
1881 3106 2217 3163 vendicaret.

2329 1910 2377 1953 et
2430 1898 2607 1951 abiens
2638 1895 2768 1949 sedit
2808 1896 2870 1947 de
2920 1905 3101 1947 contra
3133 1893 3300 1966 longe,
3330 1896 3474 1961 quasi
3510 1891 3655 1961 iactu
3683 1894 3934 1965 sagittar.

2331 1989 2477 2045 Dixit
2507 1988 2640 2043 enim
2668 2004 2685 2041 :
2712 1985 2835 2040 Non
2863 1985 3044 2040 videbo
3066 1995 3284 2038 mortem
3310 1985 3509 2052 parvuli
3536 1986 3655 2038 mei.
3690 1983 3757 2037 Et
3787 1986 3935 2039 sedit

2328 2092 2507 2136 contra
2536 2096 2671 2135 eum.
2708 2078 2774 2134 Et
2805 2079 2987 2132 statim
3007 2077 3251 2147 jungitur
3283 2093 3294 2127 :
3336 2075 3663 2130 Exclamavit
3693 2093 3854 2146 puer,
3886 2087 3932 2129 et

2329 2174 2491 2243 ﬂevit,
2520 2183 2568 2227 et
2613 2171 2810 2226 audivit
2858 2169 2997 2224 Deus
3029 2186 3204 2223 vocem
3250 2171 3397 2240 pueri
3429 2170 3493 2224 de
3523 2171 3636 2225 loco
3678 2170 3764 2223 ubi
3794 2181 3931 2224 erat.

2331 2266 2398 2321 Et
2447 2265 2595 2320 Dixit
2642 2266 2872 2338 Angelus
2910 2263 3009 2318 Dei
3052 2265 3118 2317 ad
3147 2266 3288 2336 Agar
3317 2264 3382 2317 de
3410 2265 3557 2330 caelo,
3587 2274 3643 2319 et
3691 2265 3930 2334 reliqua,

2330 2360 2539 2415 nullum
2575 2366 2807 2412 moveat.
2861 2357 2916 2411 In
2965 2356 3195 2411 Hebrteo
3235 2358 3381 2411 enim
3438 2365 3563 2428 post
3611 2356 3737 2422 hoc,
3782 2358 3929 2425 quod

2329 2454 2734 2523 scriptumest,
2768 2449 2893 2505 Non
2930 2448 3113 2504 videbo
3165 2460 3384 2505 mortem
3434 2450 3636 2519 parvuli
3691 2451 3822 2519 mei,
3859 2451 3927 2506 ita

2330 2547 2548 2617 legitur,
2577 2545 2718 2616 quod
2750 2545 2863 2605 ipsa
2909 2542 3052 2614 Agar
3095 2543 3303 2598 sederit
3346 2552 3536 2599 contra
3587 2560 3841 2614 puerum,
3874 2554 3928 2600 et

2329 2640 2581 2695 levaverit
2613 2653 2800 2693 vocem
2827 2653 3001 2701 suam,
3023 2646 3079 2692 et
3108 2636 3344 2702 ﬂeverit,
3370 2648 3425 2692 et
3450 2638 3760 2694 exaudierit
3786 2639 3927 2695 Deus

2328 2746 2514 2787 vocem
2547 2731 2778 2801 parvuli.
2808 2730 2999 2785 Flente
3028 2730 3175 2785 enim
3206 2737 3403 2797 matre,
3460 2740 3515 2785 et
3562 2740 3799 2787 mortem
3834 2733 3925 2787 filii

2328 2825 2714 2881 miserabiliter
2739 2825 3111 2893 praestolante,
3161 2825 3305 2880 Deus
3335 2826 3617 2881 exaudivit
3645 2842 3884 2896 puerum
3912 2845 3923 2881 :

2327 2920 2394 2976 de
2424 2935 2531 2990 quo
2563 2919 2838 2990 pollicitus
2870 2920 3046 2975 fuerat
3078 2918 3329 2984 Abrahze,
3361 2920 3589 2975 dicens:
3625 2920 3735 2976 Sed
3779 2934 3829 2976 et
3866 2923 3925 2990 ﬁ-

2328 3014 2455 3067 lium
2507 3014 2714 3068 ancilla:
2757 3023 2857 3067 tua:
2885 3014 2941 3066 in
2983 3022 3186 3085 gentem
3226 3029 3468 3086 magnam
3517 3014 3709 3085 faciam
3740 3016 3759 3083 (
3790 3014 3921 3070 Gen.

2327 3126 2462 3177 xvu,
2491 3111 2605 3180 20).
2629 3110 2885 3180 Alioquin
2910 3118 2967 3165 et
2992 3111 3106 3179 ipsa
3137 3117 3313 3165 mater
3344 3125 3452 3164 non
3474 3126 3626 3164 suam
3660 3122 3920 3177 mortem,

622 3201 777 3271 Quod
799 3199 1017 3273 quidem
1068 3200 1201 3254 Sara
1234 3200 1489 3265 audiens,
1542 3216 1650 3255 non
1696 3199 1858 3255 tulit:
1901 3210 1958 3255 et
2002 3200 2105 3256 hoc
2152 3217 2215 3257 ex
2246 3207 2290 3269 C
2324 3204 2421 3259 sed
2453 3204 2544 3259 lilii
2577 3203 2915 3271 deplorabat.
2943 3201 3199 3273 Pepercit
3224 3202 3387 3272 igitur
3414 3203 3462 3257 ei
3494 3203 3657 3263 Deus,
3682 3218 3787 3274 pro
3818 3218 3923 3272 quo

622 3294 792 3366 ipsius
817 3292 1152 3366 approbatur
1176 3306 1431 3348 sermone
1469 3290 1706 3346 dicentis
1741 3307 1754 3344 :
1791 3291 1939 3364 Ejice
1967 3293 2214 3347 ancillam

621 3388 753 3442 lianc
779 3402 895 3441 cum
923 3385 1036 3454 ﬁlio
1061 3400 1176 3438 suo.
1216 3382 1339 3437 Non
1360 3384 1495 3437 enim
1524 3382 1688 3437 lueres
1720 3384 1812 3437 erit
1836 3385 1977 3453 ﬁlius
2003 3386 2213 3440 ancilltv

620 3495 738 3534 cum
763 3479 875 3548 ﬁlio
908 3494 1021 3532 meo
1050 3475 1202 3530 Isaac
1233 3476 1250 3541 (
1278 3474 1445 3540 lbid.,
1476 3475 1603 3547 10).

694 3571 883 3644 (Vers.
917 3569 1036 3642 14.)
1066 3568 1135 3623 Ει
1163 3568 1381 3640 sumpsit
1414 3585 1569 3636 panes
1596 3578 1642 3623 et
1670 3578 1837 3625 utrem
1862 3586 2032 3641 aqua,
2055 3581 2103 3626 et
2124 3574 2213 3626 de—

620 3665 698 3721 dit
728 3667 892 3738 Agar,
921 3679 1111 3735 ponens
1142 3678 1297 3730 super
1327 3663 1597 3716 humerum
1643 3664 1777 3735 ejus,
1824 3673 1871 3717 et
1915 3665 2208 3735 parvulum,

617 3768 666 3812 et
703 3756 899 3811 dimisit
947 3770 1082 3811 eam.
1132 3753 1363 3822 Quando
1398 3753 1549 3810 Isaac
1602 3766 1763 3809 natus
1792 3764 1898 3822 est,
1945 3755 2209 3812 tredecim

615 3865 886 3907 annorum
903 3860 1023 3904 erat
1039 3848 1251 3902 Ismael.
1278 3848 1344 3901 Et
1358 3856 1477 3916 post
1494 3847 1914 3903 ablactat‘ionem
1940 3850 2082 3919 ejus,
2110 3850 2212 3906 iste

619 3959 741 3999 cum
789 3951 961 3997 matre
988 3939 1278 4010 expellitur
1323 3937 1509 3993 domo.
1556 3938 1703 3995 Inter
1736 3938 1996 3995 Hebraeos
2026 3950 2209 3998 autem

618 4058 721 4115 Lot
763 4072 869 4112 non
901 4056 1129 4112 sentiret
1166 4054 1534 4110 concubitum.
1568 4055 1770 4111 Verum
1815 4072 1915 4112 nec
1953 4058 2055 4113 hoc
2080 4074 2203 4113 ver-

618 4132 742 4185 bum
769 4130 996 4183 habetur
1020 4128 1071 4181 in
1104 4138 1285 4180 nostra
1313 4126 1573 4181 editione.
1602 4128 1730 4182 Ihec
1759 4128 2023 4185 Erasmus
2044 4128 2097 4184 in
2130 4130 2203 4185 lo-

616 4217 738 4259 cum
765 4199 1147 4255 difﬁcillimum
1175 4238 1189 4261 ,
1215 4213 1375 4269 quem
1415 4199 1687 4253 Marianus
1725 4201 1950 4254 omnino
1980 4212 2203 4264 practer-

618 4273 785 4327 misit.
836 4271 965 4325 Mss.
1008 4270 1223 4344 codices
1266 4269 1443 4344 Latini
1487 4286 1583 4336 pro
1626 4282 1931 4342 appungunt
1961 4272 2201 4344 desuper,

616 4344 803 4415 legunt
832 4341 1273 4415 diversoﬂmudo,
1306 4341 1601 4415 adjungunt
1648 4341 1887 4410 desuper,
1922 4344 2005 4398 vel
2042 4341 2205 4415 appo-

618 4423 747 4467 nunt
769 4413 1006 4479 desuper.
1051 4412 1176 4468 Sive
1205 4412 1382 4482 igitur
1407 4412 1770 4483 intelligamus
1804 4424 1996 4479 puncta
2040 4412 2203 4469 lnisise

616 4487 956 4551 superposita
989 4485 1171 4537 verbis
1202 4483 1349 4538 hisce
1380 4482 1702 4551 Scripturze,
1736 4482 1802 4538 Et
1830 4487 2055 4552 nescivit,
2089 4495 2199 4541 etc.

614 4557 730 4609 sive
760 4554 871 4621 ipsa
905 4556 1067 4608 verba
1094 4554 1261 4609 fuisse
1291 4556 1478 4610 addita
1508 4557 1559 4609 in
1589 4558 1870 4623 superiore
1900 4566 2053 4625 parte
2074 4574 2207 4612 cnn-

616 4635 795 4683 texms
826 4627 963 4679 sacri
996 4636 1050 4680 et
1088 4635 1246 4679 extra
1276 4629 1475 4681 seriem
1506 4629 1836 4697 reliquorum
1867 4629 2156 4684 verborum
2188 4669 2203 4694 ,

610 4712 955 4768 quocumque
979 4698 1137 4750 modo
1166 4696 1219 4749 id
1254 4697 1453 4752 factum
1482 4696 1758 4764 credatur,
1808 4715 1922 4755 rem
1970 4700 2208 4756 incredi-

614 4770 778 4827 bilem
818 4768 1030 4823 Ilebriei
1066 4769 1373 4842 significare
1406 4773 1692 4826 voluerunt
1717 4781 1823 4825 tam
1854 4786 1920 4826 ex
1963 4774 2202 4842 punctis,

611 4857 774 4911 quam
800 4856 868 4896 ex
894 4842 1001 4895 situ
1032 4839 1345 4896 verborum.
1398 4843 1668 4898 MARTIAN.

683 4912 892 4968 —Nmi
938 4923 1089 4978 erat,
1130 4928 1230 4966 cur
1268 4928 1327 4968 se
1368 4922 1651 4984 tantopere
1699 4914 2049 4970 Martianieus
2101 4923 2211 4969 tor-

612 4996 828 5055 queret,
854 4993 911 5039 iit
938 4984 1082 5039 hunc
1116 4984 1297 5039 locum
1323 4997 1624 5050 exponeret
1650 5003 1664 5051 ;
1699 4997 1755 5042 et
1786 5002 1884 5041 nec
1914 4987 1992 5041 sic
2025 4996 2204 5041 tamen

611 5056 905 5122 aliquando
955 5070 1142 5110 verum
1218 5057 1507 5112 inveniret.
1587 5058 1911 5113 Hebraicum
1977 5060 2200 5112 verbum

606 5126 1157 5209 ΠὩῚΡἍΊηὶίψεειεει
1189 5143 1305 5181 cum
1345 5130 1647 5209 surrexisset
1678 5129 1741 5182 ab
1784 5130 1898 5191 illa,
1945 5130 2202 5209 inusitato

610 5197 740 5271 puni
762 5209 817 5253 to
837 5197 1190 5271 distinguitur
1212 5212 1375 5271 supra
1408 5203 1642 5254 medium
1667 5217 1786 5266 van,
1817 5210 2013 5271 printer
2042 5202 2199 5264 illud,

607 5267 832 5345 quodin
863 5267 1279 5345 ventrehahet.
1308 5269 1472 5345 quue
1511 5272 1694 5327 videre
1724 5267 1890 5345 est'in
1923 5274 2200 5342 plerisque

608 5339 861 5399 omnibus
894 5340 1173 5413 Hebraicis
1205 5339 1417 5405 Bibliis,
1446 5356 1566 5411 qua:
1592 5343 1804 5411 punctis
1833 5339 2195 5413 instruuntur,

610 5416 857 5471 hucloco
886 5412 977 5467 ubi
1007 5426 1063 5467 et
1090 5410 1327 5465 Massora
1357 5410 1609 5481 tanquam
1641 5414 1923 5468 iliSulitttm
1954 5410 2105 5469 natat
2146 5418 2196 5469 in

610 5510 855 5579 margine
880 5510 967 5561 1m
1010 5489 1083 5566 ἓν
1102 5509 1241 5579 11p}.
1275 5517 1522 5579 punctum
1562 5516 1635 5559 est
1664 5522 1827 5577 supra
1872 5522 1968 5579 vau
1991 5522 2009 5559 :
2037 5506 2199 5576 idque

608 5576 825 5635 tandem
850 5592 954 5643 εει,
984 5580 1129 5648 quod
1158 5576 1391 5648 Iuppungi
1415 5578 1650 5647 desuper
1676 5576 1931 5647 tauquam
1956 5576 2194 5633 incredi-

608 5650 717 5706 bile
746 5651 1105 5723 llierouymus
1127 5650 1309 5705 tradit.

682 5731 707 5758 "
758 5721 824 5777 Ut
856 5720 1083 5793 exparte
1107 5738 1283 5776 sensus
1308 5721 1545 5776 nominis.
1579 5720 1817 5793 Ammon,
1846 5721 1959 5793 sive
1988 5737 2193 5777 amnian

607 5789 782 5847 dictus
823 5800 909 5846 est
938 5789 973 5845 'a
1008 5803 1181 5849 matre
1216 5798 1327 5854 tm?
1352 5798 1415 5879 τι
1441 5794 1536 5849 ben
1564 5792 1721 5847 animi
1740 5808 1758 5845 :
1790 5792 1931 5850 unde
1958 5794 2192 5849 Ammon

2324 3295 2506 3351 fuerat
2533 3306 2587 3350 ei
2614 3294 2799 3349 fletus.
2840 3292 3083 3363 Denique
3107 3295 3158 3348 in
3181 3294 3645 3365 consequentibus
3673 3295 3883 3352 dicitur
3908 3314 3918 3347 :

2324 3391 2497 3461 Surge
2545 3398 2592 3443 et
2621 3389 2746 3443 tolle
2794 3404 3033 3459 puerum,
3077 3398 3125 3442 et
3167 3397 3279 3444 tene
3331 3405 3543 3443 manum
3589 3392 3705 3461 ejus
3740 3390 3917 3462 (Gen.

2324 3498 2458 3547 xvn,
2490 3480 2613 3553 I8).
2646 3480 2727 3536 Ex
2753 3496 2859 3552 quo
2890 3478 3241 3536 manifestum
3269 3488 3378 3547 est,
3406 3497 3530 3538 eum
3551 3484 3645 3553 qui
3675 3490 3915 3551 tenetur,

2324 3591 2433 3631 non
2475 3574 2632 3630 oneri
2660 3574 2821 3630 matri
2852 3576 3039 3643 luisse,
3089 3574 3188 3631 sed
3214 3575 3497 3633 comitem.
3527 3575 3687 3645 Quod
3729 3589 3916 3636 autem

2324 3683 2487 3722 manu
2537 3668 2779 3738 parentis
2832 3675 3068 3736 tenetur,
3122 3666 3398 3723 sollicitus
3443 3677 3783 3726 monstratur
3833 3672 3915 3726 af-

2319 3758 2511 3817 fectus.
3506 3786 3509 3789 <

2392 3853 2410 3922 (
2433 3851 2589 3907 Vers.
2616 3850 2706 3906 22.
2729 3851 2747 3920 )
2773 3852 2840 3907 Ει
2860 3853 2993 3907 dixit
3020 3854 3316 3907 Abimelech
3344 3864 3391 3908 et
3421 3854 3688 3909 Ochozatli
3721 3874 3913 3927 pronu-

2319 3944 2407 3997 bus
2439 3947 2570 4018 ejus,
2593 3953 2639 3999 et
2675 3942 2864 3999 Phicol
2908 3945 3148 4015 princeps
3187 3946 3437 4001 exercitus
3470 3952 3606 4021 ejus.
3666 3948 3911 4021 Excepto

2312 4060 2391 4115 sic
2416 4061 2693 4116 derivatur
2731 4061 2800 4116 ab
2827 4064 3017 4128 animi,
3052 4070 3113 4117 ut
3136 4078 3199 4117 ex
3234 4072 3408 4134 parte,
3446 4079 3642 4121 sensus
3672 4070 3908 4125 nominis

2311 4134 2400 4195 sit,
2435 4149 2540 4187 non
2573 4134 2922 4204 etymologia.
2960 4146 3015 4189 et
3049 4150 3113 4189 ex
3150 4148 3302 4203 parte
3326 4134 3442 4205 ipse
3466 4150 3649 4193 sermo
3671 4142 3763 4195 sit.
3801 4139 3907 4195 Ben

2310 4206 2453 4257 enim
2504 4207 2647 4275 quod
2689 4204 2857 4273 ﬁlium
2900 4208 3167 4276 significat
3196 4222 3301 4259 non
3337 4204 3629 4263 includitur
3655 4211 3708 4265 in
3750 4228 3902 4266 voce.

2309 4275 2548 4337 Ammon,
2575 4278 2674 4329 nisi
2699 4276 2850 4348 juxta
2870 4275 3089 4332 sen~um
3115 4278 3537 4348 etymologieuin
3565 4296 3580 4344 ;
3606 4298 3770 4347 quum
3795 4288 3905 4343 τω

2308 4348 2477 4471 itimmi
2502 4349 2677 4416 ipsum
2710 4347 2963 4417 praeferat
2987 4347 3327 4417 sermonem,
3361 4351 3411 4403 id
3440 4360 3543 4416 est,
3578 4356 3758 4423 populi
3787 4358 3904 4408 mei.

2362 4434 2580 4471 ARTIAN.

2362 4434 2580 4473 ARTIAN.

2231 4478 2281 4539 D
2378 4490 2663 4544 --Clarius
2688 4488 2829 4545 adeo
2864 4497 2948 4545 est
2972 4490 3025 4581 iii
3059 4490 3289 4547 llebrzro
3311 4496 3521 4581 '73le
3543 4498 3681 4548 me
3702 4501 3901 4579 mpm,

2307 4582 2577 4657 etvocavit
2626 4600 2812 4657 nomen
2842 4584 2951 4654 ejus
2982 4580 3273 4651 Benammi,
3321 4587 3465 4654 quod
3507 4587 3901 4657 interpretatur

2312 4654 2452 4726 filius
2481 4657 2660 4726 populi
2688 4655 2806 4708 mei.

2383 4723 2410 4763 ι)
2454 4723 2806 4799 lia—quidem
2859 4725 2999 4781 bene
3053 4726 3206 4799 multi
3267 4727 3550 4783 christiani
3627 4728 3898 4799 interpre-

2314 4805 2397 4851 tes
2446 4798 2746 4863 explicani,
2809 4806 2868 4851 ut
2919 4796 3095 4864 ttepli~
3150 4799 3383 4868 proinde
3435 4800 3730 4867 Abraham,
3776 4796 3897 4859 tuon

2312 4883 2469 4922 soror
2499 4878 2667 4935 esset,
2718 4879 2905 4923 contra
2946 4882 3109 4936 quam
3138 4868 3253 4939 ipse
3304 4870 3593 4926 Abrahami
3656 4874 3896 4929 luculen-

2316 4940 2544 4997 tissune.
2578 4941 2835 5009 Omnique
2889 4950 3094 4995 remota
3144 4940 3391 5010 ambage,
3443 4952 3714 4997 testatur:
3769 4946 3897 5000 Vere

2312 5026 2460 5063 soror
2489 5026 2600 5063 mea
2639 5022 2733 5064 est.
2767 5010 2989 5067 Scilicet
3018 5010 3169 5065 nefas
3194 5013 3439 5066 arbitrati
3460 5024 3620 5079 sunt;
3650 5029 3891 5071 εοεαε-ειη

2310 5097 2373 5155 ex
2407 5082 2585 5155 altero
2622 5095 2844 5155 parente
2867 5082 3093 5147 ducere,
3123 5085 3267 5152 quod
3322 5082 3552 5155 Levitic.
3586 5100 3709 5155 Cap.
3740 5104 3891 5153 xviii,

2310 5154 2375 5225 ε.
2414 5152 2756 5225 prohibetur.
2796 5154 2891 5216 Et,
2915 5155 3067 5215 quale
3113 5164 3208 5215 est,
3243 5157 3415 5225 inquit
3452 5152 3669 5211 Hieron.
3703 5152 3890 5212 contra

2310 5223 2523 5298 Helvii].
2568 5240 2717 5298 num.
2771 5226 2837 5282 15
2863 5266 2877 5287 ,
2911 5237 2963 5277 ut
3006 5225 3267 5298 Abraham
3294 5223 3370 5278 vir
3399 5230 3576 5298 justus
3619 5230 3783 5294 patris
3811 5232 3892 5285 sui

2308 5295 2468 5363 ﬁliam
2482 5296 2749 5366 conjugem
2775 5297 3085 5366 sumpserit?
3110 5297 3320 5352 Videsis
3344 5295 3464 5364 quae
3497 5300 3548 5351 in
3564 5313 3688 5353 eum
3714 5302 3888 5358 locum

2304 5381 2652 5421 annuiamus.
2712 5366 2862 5422 Nunc
2912 5367 3129 5422 demum
3184 5368 3466 5423 verissime
3531 5384 3601 5423 ex
3662 5370 3889 5429 Helner

2311 5438 2368 5493 S.
2398 5439 2587 5493 ductor
2616 5440 2919 5499 constituit.
2941 5439 3128 5494 Suram
3155 5441 3408 5495 eumdem
3431 5455 3553 5493 cum
3583 5442 3889 5499 Abrahauio

2314 5521 2523 5572 patrem
2555 5509 2811 5565 habuisse
2858 5509 3056 5575 'I‘hare,
3106 5512 3376 5566 diversam
3429 5519 3681 5577 matrem,
3729 5530 3886 5579 quam

2306 5580 2573 5635 Thevitam
2604 5580 2673 5635 de
2706 5583 2921 5637 nomine
2946 5583 3274 5650 appellatam
3305 5581 3472 5634 tradit
3500 5582 3695 5637 Saidas
3716 5584 3887 5643 Bairi-

2304 5653 2453 5707 cides
2480 5652 2887 5706 Alexandrinus
2918 5653 3243 5722 patriarcha,
3276 5653 3365 5721 qui
3421 5652 3623 5706 εεεευΙο
3672 5655 3886 5715 decimo

2302 5724 2555 5777 ﬂeruisse
2589 5723 2922 5791 perhibetur.

2375 5804 2399 5832 ε
2446 5794 2715 5849 Vetustior
2749 5794 2967 5863 Reginae
2996 5809 3098 5849 ms.
3130 5794 3271 5851 idola
3298 5798 3406 5853 luto
3432 5801 3662 5875 fecerim:
