4014 6302
59 298 168 358 977

845 302 1053 362 LIBER
1091 302 1602 364 HEBRAICARUM
1640 303 2116 374 QUESTIONUM
2158 308 2224 365 IN
2263 306 2589 367 GENESIM.

3267 311 3371 371 978

24 440 28 472 :-
59 419 308 488 ileﬁciens
337 418 600 474 Abraham
649 428 876 475 mortuus
917 429 994 476 est
1043 438 1060 475 :
1100 422 1224 492 quia
1269 436 1375 476 non
1408 422 1668 476 convenit
1695 423 1746 482 Α
1843 423 2024 493 (Vers.
2044 423 2164 495 ‘21.)
2195 422 2263 478 Et
2283 426 2514 494 concepit
2536 425 2764 480 Rebecca
2789 443 2926 482 uxor
2954 428 3098 495 eius,
3125 437 3172 483 et
3197 445 3372 483 moue-

59 513 304 570 Aliraliu:
325 513 590 579 deﬁcere,
615 527 668 571 et
694 515 964 570 imminui.
996 516 1132 572 Illud
1155 532 1374 588 quoque
1396 515 1541 584 quod
1569 530 1668 572 nos

60 606 393 677 posuimus,
453 610 506 661 in
561 619 820 663 senectute
868 610 1002 664 bona
1046 627 1206 664 senex
1253 620 1300 664 et
1337 609 1558 679 plenus:
1610 612 1665 666 in

60 699 275 756 Grazris
301 701 582 757 codicibus
605 703 827 768 punitur
851 749 866 768 ,
892 703 1078 776 plenus
1103 705 1330 760 dierum.
1359 704 1516 773 Quod
1539 721 1665 760 cum

60 809 290 850 sensum
319 796 568 852 videnlur
592 813 868 867 exponere
894 843 909 865 ,
936 807 961 835 ει
1005 814 1071 855 eo
1115 799 1260 867 quod
1316 801 1436 854 luce
1477 811 1530 854 et
1559 799 1668 854 diei

59 887 323 956 operibus
347 890 542 960 plenus
567 893 888 950 occubuerit
920 911 934 948 :
969 902 1150 948 tamen
1184 896 1358 964 magis
1379 892 1444 948 ad
1472 907 1670 962 imago-

58 995 166 1053 geu
204 982 366 1052 facit,
396 985 440 1038 si
475 986 798 1053 simpliciter
813 995 1050 1056 ponatur
1081 987 1291 1057 plenus.

135 1078 151 1139 ί
181 1074 339 1130 Vers.
378 1075 505 1145 15.)
534 1075 696 1150 345
740 1076 804 1132 Et
833 1077 944 1132 lucc
976 1079 1184 1132 nomina
1215 1079 1443 1146 ﬁliorum
1478 1076 1669 1132 Ismael

60 1165 116 1220 in
150 1167 449 1222 nominibus
476 1173 585 1224 suis
613 1172 740 1224 etin
779 1169 1196 1242 generationibus
1232 1171 1364 1225 suis.
1389 1169 1666 1240 I’rimuge-

59 1260 215 1316 nitus
247 1261 490 1317 Ismaelis
519 1263 783 1334 Nabajoili
803 1308 819 1332 ,
849 1275 905 1321 et
928 1265 1127 1330 Cedar,
1155 1275 1210 1321 et
1236 1266 1464 1335 reliqui,
1496 1280 1668 1334 usque

57 1354 126 1410 ad
160 1372 288 1410 eum
323 1356 502 1412 locum
536 1356 621 1413 ubi
651 1357 766 1412 ait:
811 1355 877 1410 Et
910 1360 1268 1413 habitaverunt
1305 1358 1366 1412 ab
1402 1357 1550 1412 Ei'ila
1580 1374 1668 1412 us-

55 1464 156 1517 que
186 1448 317 1516 Sur,
349 1465 466 1520 qua:
493 1459 568 1506 est
596 1461 775 1504 contra
802 1450 993 1521 faciem
1021 1449 1242 1525 ὥρῃρή
1263 1452 1584 1507 venientibus
1614 1453 1670 1507 in

58 1542 342 1612 Assyrias,
373 1544 428 1597 in
454 1557 736 1612 conspectu
767 1547 1000 1598 omnium
1031 1549 1255 1616 fratrum
1293 1562 1508 1600 suorum
1539 1547 1671 1600 ceci-

57 1635 157 1688 dit.
197 1636 488 1691 Duodecim
519 1637 616 1691 lilii
649 1648 950 1693 nascuntur
980 1638 1199 1695 Ismaeli
1222 1683 1237 1707 ,
1267 1656 1297 1695 e
1327 1643 1526 1711 quibus
1557 1639 1665 1710 pri-

58 1729 371 1797 mogenitus
419 1727 517 1782 fuit
559 1727 858 1796 Nabajoth,
904 1744 936 1785 a
980 1747 1091 1802 quo
1134 1732 1316 1788 omnis
1345 1732 1371 1770 δ
1403 1734 1556 1804 regio
1600 1735 1668 1789 ab

1771 515 1958 571 bantur
1985 515 2081 585 ﬁlii
2109 520 2222 591 ejus
2253 518 2306 571 in
2334 535 2412 572 ea.
2447 517 2555 572 Pro
2586 521 2830 573 motione
2853 561 2868 585 ,
2896 519 3251 589 Septuaginta
3285 519 3370 574 Ino

1770 618 2040 677 terpretes
2067 621 2362 679 posuerunt
2397 614 2669 688 ἐσκίρτων.
2705 613 2755 665 id
2786 623 2905 681 est,
2939 611 3224 676 ludebant,
3255 611 3370 668 sive

1771 703 2110 759 calcitrabant
2131 722 2149 767 ;
2173 705 2314 771 quod
2344 706 2536 772 Aquila
2569 705 2882 768 transtulit.
2913 705 3376 779 confringebantur

1771 799 1870 870 ﬁlii
1897 801 1950 854 in
1977 810 2118 854 utero
2142 803 2275 874 ejus.
2309 799 2671 872 Symmachus
2700 815 2832 854 vero
2852 795 2878 835 δ
2907 798 3153 858 διέπλεον.
3183 799 3234 854 id
3262 806 3371 862 est,

1771 892 1824 947 in
1857 893 2270 948 similitudinem
2302 893 2454 946 navis
2482 894 2534 946 in
2566 893 2838 964 superﬁcie
2868 892 3184 963 ferebantur.

1842 985 2024 1056 (Vers.
2052 985 2171 1058 25.)
2198 985 2264 1040 Et
2289 1002 2524 1059 egressus
2553 994 2625 1040 est
2654 986 2851 1055 primus
2878 985 3067 1040 rubens
3097 994 3234 1039 totus
3257 1028 3272 1053 ,
3297 985 3376 1040 si-

1771 1087 1854 1131 cut
1884 1077 2048 1150 34.6
2073 1076 2222 1149 pellis
2253 1077 2471 1150 pilosus.
2518 1077 2617 1133 Ubi
2668 1091 2769 1131 nos
2794 1070 3020 1149 pilosum
3063 1078 3369 1148 ptiSnimus,

1771 1169 1824 1224 in
1865 1169 2092 1224 llebraio
2132 1169 2298 1225 habet
2335 1186 2455 1224 sem
2493 1168 2686 1242 (15M).
2735 1169 2888 1224 Unde
2924 1181 2976 1223 et
3013 1169 3191 1234 Esau,
3224 1171 3368 1225 sicut

1771 1270 1828 1317 et
1858 1262 1986 1316 alibi
2022 1262 2287 1332 legimus,
2321 1261 2462 1323 Seir,
2500 1261 2548 1316 id
2581 1271 2695 1326 est,
2729 1261 2928 1328 pilosus
2958 1269 3047 1315 est
3075 1263 3276 1317 dictus.

1843 1358 1861 1426 (
1891 1355 2048 1411 Vers.
2077 1359 2163 1413 50.
2192 1355 2210 1427 )
2243 1355 2307 1410 Et
2336 1357 2468 1410 dixit
2497 1355 2640 1410 Esau
2663 1353 2829 1411 Iacob
2859 1372 2878 1410 :
2914 1356 2983 1409 da
3013 1354 3139 1409 mihi
3164 1365 3372 1430 gustum

1771 1453 1834 1504 de
1865 1451 2094 1504 roctione
2123 1450 2281 1504 rubea
2309 1451 2431 1517 ista,
2456 1451 2578 1522 quia
2599 1450 2785 1520 deﬁcio
2806 1466 2824 1503 .'
2841 1459 3115 1521 prapterea
3142 1456 3375 1502 uocatum

1771 1553 1843 1597 est
1869 1558 2052 1598 nomen
2082 1545 2196 1615 ejus
2225 1541 2416 1597 Edoni.
2459 1542 2737 1606 Rubrum,
2769 1543 2888 1596 sive
2915 1540 3122 1596 fulvum
3143 1581 3157 1602 .
3189 1541 3375 1610 lingua

1772 1633 1996 1690 Hebraia
2028 1650 2171 1691 soon
2200 1633 2384 1705 (Ernst)
2410 1634 2609 1690 dicitur
2638 1652 2651 1686 :
2685 1635 2754 1688 ab
2785 1649 2852 1689 eo
2881 1632 3072 1704 igitur,
3103 1633 3246 1704 quod
3279 1648 3378 1688 ru-

1771 1729 1871 1784 bro
1912 1731 2036 1785 cibo
2073 1730 2381 1784 vendiderit
2421 1728 2696 1799 primitiva
2744 1743 2874 1794 sua,
2927 1726 3094 1798 fului,
3143 1729 3196 1783 id
3250 1737 3370 1795 est,

58 1817 342 1888 Euphrate
371 1835 547 1892 usque
581 1821 648 1876 ad
678 1837 828 1878 mare
854 1822 1105 1878 Rubrum
1137 1824 1452 1881 Nabathena
1496 1841 1671 1896 usque
1701 1821 1750 1883 B
1779 1821 1946 1878 Edam
1975 1823 2200 1878 sortitus
2225 1808 2313 1877 esl
2345 1837 2567 1877 nomen.

58 1910 222 1967 hodie
249 1911 470 1981 dicitur,
507 1929 629 1984 qua:
663 1928 787 1982 pars
819 1915 1038 1970 Arabia:
1061 1925 1168 1971 est.
1201 1916 1336 1972 Nam
1365 1927 1422 1972 et
1449 1918 1668 1973 familiai

55 2024 286 2075 eorum,
327 2010 634 2080 oppidaque
674 2021 729 2064 et
767 2012 924 2081 pagi,
968 2026 1031 2066 ac
1072 2012 1279 2066 inunita
1319 2016 1540 2068 easteIIa
1564 2055 1578 2078 ,
1611 2021 1668 2069 et

57 2103 236 2158 tribus
262 2119 456 2159 eorum
489 2104 590 2159 huc
621 2105 993 2172 appellatione
1029 2105 1380 2161 celebrantur
1407 2125 1420 2160 :
1449 2107 1518 2162 ab
1558 2123 1667 2162 uno

53 2211 118 2252 ex
161 2196 247 2250 his
271 2241 288 2265 ,
332 2195 510 2251 Cedar
548 2196 601 2251 in
643 2197 905 2263 deserto,
945 2207 1001 2253 et
1039 2197 1209 2253 Duma
1250 2200 1357 2254 alia
1389 2202 1543 2271 regio
1569 2243 1584 2265 ,
1612 2212 1667 2256 et

51 2287 304 2347 Theman
332 2287 399 2342 ad
428 2299 674 2342 austrum
697 2329 712 2355 ,
741 2298 798 2344 et
825 2288 1064 2345 Cedema
1092 2290 1160 2345 ad
1189 2292 1513 2347 orientalem
1554 2293 1668 2363 pla-

51 2396 174 2451 gam
207 2379 433 2436 dicitur.
464 2381 618 2448 Quod
652 2389 834 2434 autem
863 2380 918 2434 in
949 2392 1197 2437 extremo
1227 2382 1387 2452 hujus
1417 2385 1664 2452 capituli,

48 2474 208 2544 juxta
249 2472 610 2542 Septuaginta
659 2473 924 2543 legimus.
965 2485 1148 2530 contra
1199 2476 1383 2543 faciem
1435 2479 1667 2531 omnium

57 2580 78 2606 υ
106 2572 339 2638 fratrum
363 2582 576 2621 suorum
599 2565 853 2621 habitauit
881 2566 1041 2636 (Gen.
1072 2583 1191 2634 xm,
1221 2567 1310 2640 18)
1333 2571 1551 2624 :verius
1582 2581 1666 2625 est

57 2662 187 2717 illtid
229 2662 378 2731 quod
422 2675 522 2716 nos
563 2660 878 2729 posuimus,
919 2677 1094 2714 coram
1135 2661 1375 2715 omnibus
1413 2663 1665 2733 fratribus

57 2757 162 2810 suis
203 2753 445 2810 occubuit
470 2794 486 2821 ,
530 2753 584 2808 id
623 2764 744 2820 est,
777 2755 828 2807 in
870 2754 1124 2809 inanibus
1153 2756 1397 2809 omnium
1432 2755 1664 2810 filiorum

60 2863 280 2903 suorum
312 2854 560 2901 mortuus
589 2856 705 2910 est,
741 2847 1135 2915 superstitibus
1167 2846 1356 2902 liberis
1377 2884 1392 2909 ,
1421 2857 1476 2902 et
1507 2847 1663 2903 nullo

59 2945 208 3011 prius
237 2951 416 2996 morte
449 2951 742 3010 praerepto.
786 2939 1010 2995 Fratres
1045 2953 1225 2996 autem
1271 2957 1366 3010 pro
1407 2943 1534 2996 ﬁliis
1571 2958 1662 3012 ap-

58 3034 278 3105 pellari,
331 3033 503 3089 Jacob
546 3049 767 3103 quoque
818 3032 884 3088 ad
930 3031 1114 3088 Laban
1164 3033 1541 3099 demonstrat,
1583 3035 1668 3089 di-

56 3120 223 3182 Cens:
256 3125 412 3193 Quod
441 3136 514 3180 est
551 3134 820 3197 peccatum
857 3141 1028 3180 meum
1051 3169 1066 3192 ,
1107 3127 1235 3197 quia
1273 3137 1573 3198 persecutus
1611 3143 1665 3181 es

1841 1916 2010 1986 (Cap.
2037 1915 2229 1972 XXVI.
2254 1946 2328 1958 —
2351 1916 2506 1972 Vers.
2535 1916 2663 1987 12.)
2694 1916 2983 1972 Seminavit
3021 1926 3194 1971 autem
3221 1914 3375 1971 Isaac

1769 2011 1822 2063 in
1845 2020 1984 2064 terra
2005 2010 2098 2064 illa
2120 2052 2134 2074 ,
2166 2019 2214 2064 et
2248 2009 2442 2064 invenit
2468 2009 2520 2062 in
2543 2024 2681 2062 anno
2713 2008 2807 2062 illo
2843 2005 3140 2075 centuplum
3170 2005 3377 2062 hordei.

1771 2101 1924 2158 Licet
1956 2103 2007 2156 in
2039 2102 2212 2156 aliena
2249 2113 2396 2157 terra
2440 2100 2792 2154 seminaverit
2833 2100 3018 2167 Isaac,
3062 2110 3376 2155 tamennon

1771 2206 1932 2265 puto,
1985 2195 2130 2265 quod
2184 2201 2330 2248 tanta
2386 2196 2435 2249 ei
2470 2193 2725 2248 fertilitas
2780 2192 2970 2247 hordei
3006 2192 3187 2248 fuerit.
3220 2192 3377 2250 Unde

1771 2291 1966 2345 melius
1999 2298 2128 2356 puto
2158 2288 2291 2343 illud
2320 2302 2476 2351 esse,
2509 2287 2652 2358 quod
2683 2286 2914 2341 habetur
2945 2286 2998 2342 in
3030 2285 3292 2349 Hebraeo,
3321 2296 3379 2342 et

1769 2383 1968 2452 Aquila
2008 2397 2227 2453 quoque
2283 2381 2557 2437 transtulit
2590 2400 2602 2435 :
2659 2379 2722 2434 Et
2762 2381 2960 2435 invenit
2997 2382 3050 2434 in
3089 2395 3226 2434 anno
3285 2377 3380 2434 illa

1770 2473 2067 2546 centuplum
2123 2474 2438 2529 wstimatum
2479 2484 2502 2511 θ
2528 2513 2541 2537 ,
2585 2474 2635 2527 id
2675 2482 2764 2528 est
2788 2517 2802 2540 ,
2846 2474 3025 2530 ἑκατὸν
3065 2474 3376 2546 εἰκασμένον.

1770 2565 1922 2621 Licet
1949 2568 2093 2622 enim
2127 2568 2333 2621 eisdem
2379 2566 2576 2620 litteris
2602 2577 2656 2620 et
2699 2565 2992 2621 (estimatio
3021 2567 3298 2622 scribatur
3324 2576 3381 2620 et

1771 2659 2061 2724 hordeum,
2089 2668 2267 2713 tamen
2308 2661 2730 2725 aestimationes,
2772 2675 2964 2716 SAARII
3012 2660 3247 2733 (ω’-ηπ)
3294 2661 3376 2716 le-

1767 2764 1987 2824 guntur,
2037 2739 2236 2809 hordea
2268 2768 2398 2809 vero
2425 2769 2604 2809 somn.
2640 2755 2851 2810 Tacens
2881 2766 3061 2809 autem
3098 2755 3380 2824 Scriptura

1768 2863 1939 2917 genus
1979 2847 2224 2917 frugum,
2262 2847 2405 2918 quod
2447 2850 2931 2920 centuplicaverit,
2982 2849 3196 2903 videtur
3245 2849 3378 2904 mihi

1768 2952 2084 2995 cunctarum
2116 2940 2171 2994 in
2203 2939 2294 2993 illo
2329 2941 2590 2995 virtutum
2634 2943 2939 2998 ostendisse
2972 2941 3376 3013 multiplicatio-

1769 3048 1914 3087 nem.
1947 3032 2190 3102 Denique
2219 3032 2466 3101 Sequitur
2497 3053 2508 3089 τ

1846 3124 2034 3196 (Vers.
2062 3124 2179 3192 15.)
2207 3123 2274 3177 Et
2301 3124 2562 3180 benedixit
2586 3128 2632 3179 ii
2656 3125 2930 3195 Dominus,
2961 3137 3009 3180 et
3038 3144 3254 3201 magnus
3268 3131 3379 3198 fuc-

57 3229 168 3289 post
197 3234 276 3272 me
295 3236 313 3272 :
344 3229 390 3271 et
422 3219 548 3288 quia
576 3225 834 3270 scrutatus
865 3233 917 3270 es
947 3218 1121 3270 omnia
1157 3234 1279 3271 rasa
1317 3217 1477 3271 men?
1520 3217 1660 3286 Quid
1689 3211 1734 3274 C
1769 3229 1850 3272 tus
1881 3227 1955 3272 est
1982 3219 2081 3284 uir,
2111 3228 2159 3271 et
2183 3217 2481 3272 ambulabat
2508 3219 2784 3280 vadens,et
2805 3221 3191 3292 magniﬁcatus,
3211 3224 3377 3276 donec

58 3313 296 3368 invenisti
325 3313 390 3366 de
419 3313 672 3364 uniuersis
687 3311 822 3364 vasis
845 3309 1028 3363 donius
1056 3310 1200 3364 tute?
1227 3309 1460 3364 Ponatur
1487 3327 1661 3364 coram
1763 3326 1979 3382 magnus
2003 3309 2146 3379 ﬁeret
2171 3308 2510 3363 uehementer.
2542 3308 2796 3365 Felicitas
2821 3321 3002 3366 autem
3046 3313 3378 3383 multiplica-

60 3411 140 3478 fra
167 3406 312 3459 ribus
340 3405 467 3457 meis
493 3412 541 3458 et
569 3403 820 3473 fratribus
851 3405 987 3457 tuis:
1013 3412 1061 3456 et
1085 3402 1379 3473 diiudicent
1409 3403 1542 3456 inter
1569 3420 1664 3458 nos

59 3497 222 3569 (Ibid.
251 3496 370 3569 55).
398 3495 512 3552 Nec
537 3496 682 3552 enim
713 3511 1006 3566 possumus
1029 3497 1281 3556 credere,
1306 3505 1366 3550 ut
1385 3495 1665 3564 Scriptura

59 3595 488 3650 commemoret.
525 3587 666 3658 quod
692 3585 892 3654 Jacob,
928 3585 1172 3657 exceptis
1208 3585 1434 3650 liberis,
1475 3601 1664 3642 secum

64 3678 260 3736 fratres
285 3680 506 3747 aliquos
533 3678 809 3733 habuerit.

63 3820 241 3875 multis
289 3819 340 3871 in
376 3817 518 3874 locis
560 3816 862 3872 Heliraieus
893 3825 1073 3872 textus
1113 3817 1182 3872 ab
1223 3831 1323 3885 eu,
1355 3816 1448 3888 qui
1477 3815 1670 3873 Hiero-

65 3892 202 3961 nymi
229 3902 479 3957 tempore
501 3893 757 3961 vulgatus
787 3899 904 3942 erat
925 3931 940 3953 ,
971 3904 1113 3961 nunc
1143 3899 1248 3943 est.

133 3972 157 3998 ε·
187 3961 468 4018 Vetustiur
495 3959 691 4032 Regni.
723 3975 823 4015 ius.
849 3962 1048 4030 etquod
1077 3960 1191 4015 luce
1217 3975 1263 4014 et
1287 3959 1524 4032 operibus
1553 3961 1669 4029 ple-

67 4049 177 4086 nus.
201 4047 304 4086 etc.

132 4077 177 4140 b,
201 4103 549 4159 Recolendus
587 4101 769 4156 denuo
800 4107 919 4161 cst,
955 4116 1019 4154 ex
1050 4117 1155 4169 quo
1199 4101 1427 4154 llieron.
1459 4101 1672 4155 deliba-

69 4177 141 4226 vit
165 4215 176 4237 ,
207 4175 478 4242 Josepliiis
508 4176 578 4228 de
609 4171 902 4242 duodecim
933 4171 1185 4226 Ismaelis
1220 4171 1341 4224 lilii~
1380 4174 1668 4242 Antiquitt.

70 4245 160 4297 lib.
194 4262 246 4306 i,
279 4241 398 4314 cap.
435 4245 504 4300 12
541 4265 564 4318 :_
586 4241 743 4318 Οὗτοι
774 4247 951 4318 uitabat
986 4248 1077 4300 τήν
1106 4244 1196 4297 ἀπ’
1216 4245 1484 4318 Εὐφράτου
1514 4241 1668 4318 καθή-

71 4337 260 4372 κάυσαν
283 4320 411 4394 πρὸς
443 4323 534 4376 τὴν
554 4315 798 4394 Ἐρυθρὰν
830 4314 1095 4394 Gala-iaces:
1107 4314 1423 4394 amputabat
1449 4357 1457 4365 .
1493 4315 1668 4394 ῌαϐα-

70 4395 210 4446 τηνήν
227 4397 312 4446 τήν
325 4381 509 4465 χώραν
533 4381 901 4465 ὀνόμιάόὀιντεςἔ
931 4386 1046 4438 Ιύὶσὶ
1067 4382 1120 4438 δέ
1149 4381 1292 4465 οξτοι
1312 4385 1356 4439 οἳ
1378 4393 1478 4465 -ςξῦν
1502 4385 1557 4436 Ἀ
1567 4388 1664 4459 ρά-

74 4459 170 4510 ϐων
204 4453 462 4520 ἓθνοῖκὰὶ
490 4461 587 4529 τᾲς
618 4453 778 4529 φυλὰς
808 4453 895 4509 ἀπ’
919 4457 1080 4529 utich
1111 4456 1344 4529 καλοῦσι.
1375 4455 1443 4529 lli
1475 4453 1664 4507 terrain

33 4582 38 4586 .
74 4544 267 4582 omnem
306 4531 368 4583 nb
412 4524 685 4594 Euphrate
726 4531 791 4579 ad
836 4543 975 4578 mare
1018 4524 1249 4580 Rubrum
1292 4526 1666 4593 pertingentem

74 4598 298 4673 habitant
325 4643 339 4665 ,
368 4602 632 4673 regionem
671 4597 993 4673 ubuteiium
1023 4596 1361 4673 appellantes.
1398 4597 1536 4673 Sunt
1568 4615 1666 4651 an-

75 4681 167 4721 tem
197 4672 272 4725 illi
296 4713 310 4735 ,
341 4668 446 4742 qui
464 4671 556 4723 toti
579 4668 804 4723 Arabum
829 4669 966 4740 genti
992 4678 1037 4721 et
1067 4669 1300 4722 tribubus
1331 4668 1544 4726 nomina
1573 4685 1670 4724 sua

78 4741 342 4796 dederunt.

149 4822 168 4850 ο
195 4810 446 4866 Fratrum
475 4827 688 4866 suorum
717 4812 922 4866 cecidit.
964 4811 1037 4866 Ex
1070 4809 1177 4865 hoc
1213 4810 1338 4865 loco
1366 4824 1670 4875 coarguen-

80 4881 173 4935 diis
196 4887 434 4938 «ωριτε-ιι
458 4883 708 4938 tenelirio
730 4887 949 4953 quidam
978 4897 1040 4935 ac
1065 4897 1316 4935 morosus
1339 4882 1440 4936 vir.
1462 4898 1551 4950 qui
1576 4897 1672 4934 au-

83 4967 171 5006 sus
198 4969 276 5009 est
301 4959 501 5014 saeuius
519 4961 838 5025 impugnare
864 4954 1174 5007 Versionein
1192 4954 1671 5024 Hieronymianam

85 5038 112 5074 a
137 5027 285 5079 nobis
314 5025 516 5080 editam
551 5027 603 5080 iu
633 5032 857 5081 (Latione.
908 5026 1192 5080 Helii'aicze
1219 5026 1506 5087 veritatis;
1547 5028 1671 5092 quia

93 5094 262 5150 Itdilio
313 5109 494 5153 nostra
527 5099 710 5152 Verius
751 5111 1157 5164 nonnumquam
1189 5096 1440 5150 (Iis~0tiat
1485 5096 1672 5158 abiis,

90 5178 201 5231 qum
234 5168 454 5221 recitata
487 5178 614 5222 stitit
647 5171 698 5222 iu
729 5169 1137 5236 Qtitcstitinibns
1189 5167 1470 5222 Hebraicis
1500 5167 1674 5219 Sancti

95 5236 350 5290 Doctoris.
405 5239 607 5293 Pudeat
637 5241 806 5308 igitur
836 5239 1109 5292 hominem
1159 5239 1396 5305 propria:
1426 5237 1678 5292 stultitim

91 5309 513 5380 quandoquidem
550 5313 696 5365 videt
747 5311 1134 5380 Ilieronymum
1182 5309 1304 5380 aliis
1345 5320 1505 5377 atque
1554 5309 1676 5361 aliis

92 5378 263 5429 verbis
285 5381 531 5434 eumdem
550 5381 778 5436 Genesis
807 5378 1134 5435 versiculum
1155 5395 1220 5434 ex
1248 5379 1478 5433 Hebraeo
1499 5381 1680 5444 exiiri-

94 5461 318 5520 lllvnlt'lll
345 5466 360 5516 ;
404 5467 523 5504 nam
561 5455 790 5518 primum
817 5453 1017 5520 posuit,
1054 5452 1117 5504 ln
1143 5460 1416 5512 conspectu
1449 5452 1679 5502 omnium

95 5517 305 5584 fratrum
353 5517 570 5576 suorum,
606 5517 831 5586 cecidit}
894 5537 945 5578 et
991 5523 1184 5576 deinde
1239 5530 1358 5586 post
1387 5522 1679 5576 duodecim

95 5589 304 5658 circner
333 5595 530 5657 lineas,
573 5610 749 5648 coram
789 5596 1024 5648 omnibus
1070 5593 1318 5658 [rati-ibus
1365 5595 1472 5646 suis
1524 5609 1677 5646 occu-

99 5655 222 5712 buit.
278 5664 404 5728 Qua:
447 5655 688 5731 profecto
722 5667 876 5720 valde
900 5655 1116 5720 diversa
1152 5676 1275 5718 sunt
1299 5705 1312 5725 .
1346 5664 1389 5717 si
1418 5679 1540 5718 cum
1577 5682 1678 5718 nn-

100 5731 420 5812 peritianoo
451 5734 515 5786 ad
546 5750 768 5812 sensum
798 5739 1116 5812 St'ripttll‘sl'.
1168 5738 1262 5812 ξεί)
1292 5738 1357 5812 Si"
1393 5736 1560 5812 “"1”?
1591 5733 1680 5788 ¹¹¹⁶

108 5807 346 5860 eruretis
376 5807 724 5862 attendamus
751 5811 985 5864 animos.
1029 5807 1187 5874 Quod
1214 5810 1258 5862 si
1291 5807 1448 5862 licuit
1491 5807 1683 5861 HieroA

1694 4502 1748 4563 D

1765 3405 1804 3458 ti
1838 3401 2064 3465 hordei,
2099 3401 2312 3470 ignoro,
2339 3402 2384 3456 si
2416 3417 2576 3469 quem
2621 3403 2795 3471 possit
2832 3406 3012 3459 facere
3051 3405 3375 3473 gloriosum.

1843 3493 2162 3564 (Vers.17.)
2217 3492 2282 3546 Et
2323 3493 2445 3548 abiit
2475 3494 2595 3548 inde
2625 3491 2810 3560 Isaac,
2842 3506 2890 3548 et
2919 3496 3052 3548 venit
3082 3496 3138 3548 in
3190 3497 3376 3549 uallem

1773 3586 1793 3625 ί
1821 3587 2094 3649 Gcraruin,
2127 3595 2174 3641 et
2207 3587 2452 3641 habitauit
2482 3587 2572 3641 ibi.
2599 3587 2705 3642 Pro
2729 3589 2890 3654 valle,
2915 3595 3193 3641 torrentem
3216 3586 3382 3642 habet

1773 3681 1826 3734 iu
1878 3679 2127 3734 Hebra-o.
2170 3677 2359 3748 Neque
2400 3681 2546 3734 enim
2591 3679 2740 3734 Isaac
2799 3689 3084 3750 postquam
3125 3677 3380 3751 magum.

1782 3833 1946 3889 nymo
1978 3833 2144 3871 unum
2179 3817 2539 3888 eiimdemque
2585 3819 2913 3874 versiculum
2948 3820 3140 3875 eodem
3171 3821 3291 3873 loco
3321 3827 3379 3873 et

1781 3890 2022 3957 Capitulo
2055 3898 2161 3942 tam
2209 3891 2442 3942 diversis
2486 3891 2673 3944 verbis
2725 3891 3118 3956 interpretari;
3174 3904 3380 3957 quanto

1786 3962 1955 4029 magis
1998 3961 2098 4013 hoc
2145 3959 2245 4014 sibi
2299 3963 2616 4022 permisisse
2648 3963 2698 4013 in
2737 3964 2904 4015 variis
2931 3962 3224 4027 opusculis
3280 3962 3374 4016 Vir

1780 4045 2006 4084 saueius
2046 4031 2396 4084 :i-stiuiandus
2424 4031 2545 4084 est!
2610 4032 2746 4086 Hinc
2778 4035 2946 4102 liquet
2994 4049 3155 4099 quam
3190 4034 3378 4101 inepto

1774 4103 1984 4170 judicio
2015 4102 2285 4163 fruantur,
2329 4103 2416 4170 qui
2466 4102 2710 4156 Latinam
2742 4107 3050 4157 versionem
3098 4103 3378 4172 \‘iilgaiam

1777 4173 1848 4225 ab
1887 4174 2224 4242 Hieronymo
2248 4173 2558 4242 abjndirant
2590 4184 2812 4242 propter
2847 4175 3137 4228 nonnullas
3161 4185 3379 4230 senten-

1775 4243 1879 4297 tias
1909 4244 2031 4297 aliis
2060 4241 2244 4296 verbis
2276 4244 2413 4298 ret-it
2433 4255 2534 4297 -tas
2562 4241 2615 4296 in
2644 4247 2895 4308 pl‘ﬂ’St‘Illl
2923 4246 3063 4298 libro
3087 4245 3383 4301 llebraica-

1773 4331 1893 4368 rum
1910 4316 2309 4380 Qinestiunum,
2332 4324 2424 4367 aut
2446 4314 2939 4369 iuCnmmeoiariis
2960 4318 3377 4382 Prophetarum.

1841 4415 1912 4426 -—-
1941 4387 2066 4441 Mss.
2099 4387 2323 4458 Reginae
2372 4386 2506 4438 falso
2550 4397 2767 4449 tamen,
2809 4399 2989 4442 contra
3036 4391 3223 4458 faciem
3270 4406 3381 4444 um-

1774 4458 1919 4510 ninm
1961 4457 2289 4510 inimicorum
2326 4473 2578 4520 suorum,
2621 4465 2729 4511 etc.

1844 4527 1886 4602 d_
1907 4529 2129 4598 Regina:
2151 4529 2279 4602 cod.
2302 4527 2576 4602 antiquipr
2601 4525 2884 4595 διεπὰλεον,
2910 4532 3379 4602 quemadmodum

1771 4610 1824 4674 et
1867 4595 2357 4674 Riiiiiziii:i_editio_,
2401 4607 2457 4650 et
2495 4595 2942 4674 Graciuuidaui
2988 4607 3150 4659 I'Otld.
3210 4619 3382 4674 penus

1773 4669 2271 4728 Montfauconium.
2313 4669 2631 4743 Symmachi
2688 4669 3376 4743 interpretationeiirel'fe-

1775 4750 1940 4814 runt,
1991 4756 2112 4805 qua:
2161 4749 2215 4792 ct
2263 4753 2445 4791 vertor
2496 4739 2658 4814 lectio
2710 4739 2869 4802 fat'ilé
2911 4747 3177 4806 videatur,
3219 4747 3377 4814 cujus

1774 4809 2102 4887 signiﬁcatio
2157 4818 2242 4887 est
2297 4810 2680 4887 concertnbant.
2744 4814 2946 4872 Verum
3016 4809 3380 4887 lliernnymus

1775 4881 2004 4937 διέπλεον
2027 4882 2268 4955 omnino
2312 4880 2503 4955 legerit
2545 4881 2597 4935 in
2626 4899 2736 4955 eu,
2769 4905 2878 4955 quo
2908 4888 3162 4942 iiteb-inr
3192 4880 3380 4940 citem-

1779 4955 1915 5021 plari
1946 4971 1957 5005 :
1992 4952 2264 5016 siquidem
2299 4952 2571 5019 eiiplirat.
2616 4954 2670 5007 in
2709 4952 3105 5012 similitudinem
3147 4960 3290 5011 navis
3321 4958 3378 5011 in

1776 5023 2048 5099 superﬁcie
2077 5021 2371 5092 ferebatur:
2406 5025 2786 5082 einendatiora
2820 5042 3002 5084 autem
3035 5027 3377 5099 praitnlei-int

1778 5094 2059 5151 διεπὰλεον.

1855 5175 1877 5201 θ
1909 5166 2216 5242 t.‘eutnpl_u_m
2237 5167 2566 5242 (estimation.
2611 5167 2688 5224 De
2718 5169 2820 5224 lioe
2843 5186 3063 5242 quoque
3090 5169 3257 5227 verba
3282 5185 3382 5225 ais-

1780 5238 2063 5315 tiinntunt,
2091 5237 2210 5315 vide
2263 5253 2383 5315 quae
2409 5239 2662 5294 dicuntur
2706 5242 2758 5296 in
2801 5237 2951 5298 Notis
2978 5237 3385 5315 'prulixiuribus

1780 5312 1940 5377 paulo
1981 5309 2224 5361 inferius.
2280 5308 2545 5366 Murum.

1853 5408 1923 5418 —
1949 5377 2172 5432 Variani
2198 5394 2327 5432 mss.
2345 5399 2571 5436 nuurum
2590 5383 2799 5439 hicloci
2822 5386 2974 5438 multi
2998 5384 3243 5440 facienda
3259 5391 3388 5438 sunt

1783 5453 1895 5519 ipsa
1912 5451 2127 5510 menda.
2142 5458 2352 5507 ΕΚΔΤΟ
2366 5461 2671 5511 ιΚΛοΝΩΥΟ
2691 5463 3379 5513 etEKATONElAACMOTl-z.

1786 5522 2130 5598 Martiauaius
2163 5523 2302 5578 hanc
2333 5536 2389 5577 ut
2421 5529 2709 5598 altegurim
2731 5530 3054 5593 ltist'I'VJ‘rl,
3099 5531 3380 5598 pra-latam

1785 5597 1884 5663 abs
1918 5595 2245 5663 Hieronymo
2273 5600 2672 5662 exposuiuneni
2698 5597 2752 5651 in
2776 5599 3044 5655 Addendis
3071 5595 3378 5654 annotavit.

1862 5662 1878 5701 τ
1914 5662 2144 5731 Quidam
2172 5683 2301 5718 mss.
2336 5666 2422 5720 hic
2445 5684 2606 5736 atque
2633 5669 2768 5723 inira
2800 5667 2997 5725 Cerai'e
3027 5688 3045 5726 :
3087 5671 3178 5725 alii
3213 5669 3378 5723 Gera-

1784 5735 1882 5789 ris.
1919 5739 2010 5791 list
2039 5745 2220 5812 autem
2252 5738 2316 5812 iu_
2335 5735 2569 5812 llebrieo
2595 5737 2767 5810 “inn,
2795 5759 2916 5812 qua:
2944 5758 3048 5799 vox
3080 5752 3137 5801 et
3165 5741 3383 5812 uallem,

1786 5816 1842 5860 et
1871 5815 2149 5861 torrentem
2179 5807 2468 5876 significat.
