4014 6316
573 269 681 324 983

1827 262 1885 319 S.
1929 260 2201 318 EUSEBII
2242 260 2631 320 HIERONYMI

3820 273 3919 331 984'

568 401 631 440 ce
660 384 877 449 dicitur,
911 387 962 438 iv
984 384 1152 457 τύχῃ,
1184 397 1306 452 qua:
1338 389 1517 452 potest
1558 390 1766 439 eventus
1793 380 1898 436 dici
1934 399 1946 435 :
1976 382 2029 435 in
2064 378 2169 435 He-
2197 382 2244 441 Α
2272 396 2416 435 rans.
2458 381 2680 439 RACBBL
2714 369 2885 457 (Ern),
2919 388 3045 454 ovis,
3073 388 3229 459 cujus
3256 388 3407 445 ﬁlius
3456 404 3661 446 rosam
3704 391 3919 481 (ιμ’).

570 478 716 530 lmen
749 475 914 531 habet
952 489 1123 530 BAGAD
1146 474 1319 545 (τεῶ),
1345 474 1489 545 quod
1526 474 1717 544 Aquila
1752 473 2165 542 interpretatur,

568 569 703 622 venit
729 568 1001 621 accinctio.
1031 567 1144 623 Nos
1182 581 1362 623 autem
1410 569 1593 623 dicere
1622 583 1918 639 possumus
1961 570 2013 622 in
2052 584 2172 639 pro—

567 660 760 713 cinctu.
788 660 862 715 ΒΑ
903 659 1048 715 enim
1080 670 1258 730 potest
1285 662 1730 733 prtepOsitioiiem
1762 677 1961 717 sonare
1996 662 2071 729 in,
2116 669 2172 716 et

569 761 593 788 ⁸
620 752 772 806 venit.
810 753 890 807 Ab
917 764 1117 807 eventu
1148 768 1301 824 ergo,
1338 754 1455 809 sive
1489 753 1790 824 procinctu,
1817 757 1905 825 qui
1936 770 2039 811 olm
2067 757 2173 823 (Ὦ)

566 846 791 912 dicitur,
820 844 1044 915 Zelphze
1073 845 1216 901 tilias
1245 844 1364 901 Gad
1395 859 1624 902 vocatus
1651 859 1755 903 est.
1790 848 2054 916 Sequitur
2086 864 2099 900 :

644 941 831 1011 (Vers.
866 940 933 995 12
956 950 1011 995 et
1048 941 1157 1013 15.)
1180 938 1249 994 Et
1287 942 1483 1012 peperit
1510 940 1712 1010 Zelpha
1738 940 1932 996 ancilla
1976 940 2083 995 Lite
2112 943 2176 1010 ﬁ-

572 1035 703 1087 lium
758 1036 1038 1087 secundum
1077 1031 1351 1086 Jacob:et
1396 1033 1527 1085 dixit
1564 1031 1681 1098 Lia,
1707 1031 1869 1087 Beata
1908 1050 2021 1105 ego,
2052 1033 2175 1104 quia

574 1128 869 1197 beati/icant
905 1144 983 1181 me
1021 1128 1259 1181 mulieres
1281 1143 1299 1180 :
1330 1135 1376 1180 et
1416 1127 1609 1181 vocarit
1655 1142 1837 1181 nomen
1868 1130 1979 1199 ejus
2028 1127 2173 1191 Aser,

571 1222 787 1275 divitiae.
829 1221 966 1276 Male
1005 1222 1204 1276 addita:
1255 1230 1381 1276 sunt
1434 1221 1652 1287 divitiae,
1702 1222 1752 1277 id
1807 1233 1923 1289 est,
1957 1224 2178 1284 πλοῦτος

572 1316 679 1387 [ΑΙ.
697 1314 1106 1388 πλουτῶν],οιιιιι
1122 1317 1452 1388 etymologia
1474 1319 1708 1371 nominis
1723 1319 1859 1372 Aser
1880 1317 2177 1387 Scriptum:

573 1411 903 1462 auctoritate
962 1409 1230 1479 pandatur
1280 1408 1515 1464 dicentis
1548 1426 1559 1463 :
1591 1407 1756 1462 Beata
1809 1428 1923 1463 sum
1971 1427 2086 1481 ego,
2130 1420 2178 1464 et

576 1503 870 1571 beati/icant
904 1520 983 1557 me
1007 1504 1266 1558 mulieres.
1308 1502 1375 1558 Et
1405 1503 1473 1557 ab
1501 1518 1568 1558 eo
1601 1503 1745 1574 quod
1778 1503 1934 1558 beata
1965 1502 2179 1560 dicatur

575 1596 645 1651 ab
668 1596 978 1651 hominibus
1005 1596 1112 1668 [ΑΙ.
1138 1595 1434 1668 omnibus],
1464 1596 1633 1651 lilium
1658 1613 1813 1651 suum
1844 1597 2064 1652 beatum
2086 1613 2175 1652 vo-

576 1690 820 1753 caverit;
870 1687 1018 1743 Assa
1060 1687 1233 1761 (1W8)
1260 1704 1392 1759 ergo
1434 1703 1542 1744 non
1581 1689 1804 1753 divitiae,
1862 1690 1957 1745 sed
2003 1692 2179 1745 beatus

579 1781 800 1849 dicitur,
835 1783 1113 1836 tltlllllﬁXut
1140 1783 1195 1837 in
1233 1784 1488 1852 praesenti
1523 1784 1661 1837 loco.
1694 1782 1827 1838 Nam
1854 1782 1908 1837 itt
1941 1785 2060 1839 aliis
2094 1800 2183 1839 se-

579 1874 824 1929 cundum
850 1872 877 1911 b
908 1874 1321 1945 ambiguitatem
1348 1874 1499 1930 verbi
1533 1885 1764 1945 possunt
1793 1887 1848 1930 et
1878 1875 2080 1932 divitiae
2102 1876 2181 1932 sic

583 1970 791 2026 vocarL

657 2062 837 2135 (Vers.
874 2064 938 2119 l7
968 2072 1023 2119 et
1046 2062 1161 2135 18.)
1188 2062 1253 2117 Ει
1278 2063 1476 2117 audivit
1504 2060 1645 2118 Deus
1668 2063 1841 2131 Liam,
1859 2074 1907 2119 et
1923 2066 2180 2135 concepit,

582 2170 628 2215 et
674 2160 873 2231 peperit
924 2158 1088 2212 Jacob
1127 2158 1299 2228 ﬁlium
1324 2158 1584 2227 quintum,
1619 2168 1664 2213 et
1691 2160 1824 2213 dixit
1855 2158 1954 2213 Lia
1986 2177 1999 2214 :
2026 2158 2182 2216 Dedit

581 2256 724 2312 Deus
751 2257 1039 2310 mercedem
1061 2270 1229 2309 meam
1259 2254 1411 2320 mihi,
1439 2254 1567 2324 quia
1594 2253 1715 2308 dedi
1743 2253 1994 2308 ancillam
2015 2271 2183 2308 meam

581 2352 688 2406 viro
721 2367 830 2404 meo
865 2358 949 2405 :et
988 2350 1184 2403 vocavit
1226 2364 1410 2403 nomen
1459 2349 1570 2418 eius
1598 2344 1867 2403 Issacliar.
1898 2347 2182 2420 Etymolo-

580 2448 723 2519 giam
754 2445 915 2517 hujus
948 2444 1187 2501 nominis
1214 2443 1570 2515 Septuaginta
1622 2442 1958 2512 lnterpretes
2002 2441 2187 2497 edide-

583 2554 730 2608 runt,
753 2553 826 2595 est
845 2556 1057 2595 merces.
1086 2538 1204 2594 Non
1232 2540 1253 2568 θ
1282 2538 1825 2609 utique,utplerique
1848 2536 2034 2592 addito
2060 2550 2187 2605 pro-

583 2637 805 2693 nomine
847 2637 989 2690 male
1028 2635 1236 2705 legunt,
1268 2631 1651 2687 :estimandum
1684 2639 1772 2687 est
1800 2630 1876 2685 ita
1921 2629 2183 2699 scriptum

582 2745 724 2797 esse,
761 2730 901 2799 quod
932 2739 1006 2784 est
1045 2744 1260 2793 merces,
1286 2727 1381 2782 sed
1412 2728 1584 2781 totum
1615 2740 1813 2780 nomen
1856 2726 2181 2792 interpreta-

585 2835 692 2889 tur,
727 2834 798 2878 est
826 2838 1039 2877 merces.
1082 2822 1131 2877 ls
1163 2824 1367 2893 quippe
1393 2820 1594 2876 dicitur
1634 2830 1730 2886 est,
1764 2827 1862 2884 ur,
1896 2827 1953 2873 et
1979 2833 2186 2873 sacnan

584 2918 770 2986 (πω),
815 2931 1029 2969 merces.
1058 2914 1172 2970 Hoc
1198 2923 1380 2971 autem
1431 2914 1579 2980 ideo,
1615 2912 1743 2983 quia
1804 2912 2188 2981 mandragoris

587 3008 676 3062 ﬁlii
724 3006 914 3062 Ruben
958 3009 1265 3072 introitum,
1297 3008 1387 3077 qui
1416 3005 1646 3063 Racheli
1676 3004 2000 3070 debebatur,
2030 3003 2095 3059 ad
2128 3020 2187 3061 se

586 3102 687 3156 viri
716 3111 943 3155 emerat.
968 3100 1230 3170 Sequitur
1261 3116 1274 3153 :

661 3190 841 3263 (Vers.
879 3190 945 3244 l9
978 3200 1032 3245 et
1057 3190 1177 3261 20.)
1204 3190 1267 3244 Et
1305 3191 1536 3261 concepit
1564 3190 1740 3243 adhuc
1761 3189 1881 3255 Lia,
1912 3200 1960 3243 et
1994 3192 2189 3263 peperit

587 3286 756 3353 ﬁlium
781 3294 983 3337 sextum
1001 3282 1190 3350 Iacob,
1222 3296 1268 3337 et
1291 3285 1423 3337 dixit
1451 3282 1792 3346 Lia,Dotavit
1822 3300 1901 3337 me
1926 3281 2069 3338 Deus
2098 3283 2190 3337 do-

589 3388 636 3433 te
658 3378 792 3432 bona
824 3393 842 3432 :
868 3375 890 3413 ι¹
921 3376 988 3431 1η
1018 3379 1112 3432 Ιιοι·
1136 3387 1362 3449 tempore
1392 3376 1645 3432 habitabit
1685 3394 1883 3431 mecum
1916 3378 1991 3430 vir
2024 3394 2189 3443 meus,

588 3474 712 3543 quia
740 3473 917 3541 peperi
953 3473 1001 3525 ei
1021 3489 1113 3527 sea:
1141 3472 1280 3536 ﬁlios
1306 3488 1324 3526 :
1354 3481 1401 3525 et
1441 3473 1638 3525 vocavit
1673 3488 1857 3524 nomen
1884 3471 1995 3542 ejus
2023 3470 2195 3524 Zubu-

588 3569 698 3622 lon.
731 3565 834 3623 Ubi
871 3581 968 3620 nos
1007 3568 1313 3634 posuimus,
1349 3564 1602 3618 habitabit
1630 3580 1847 3631 mecum,
1881 3573 1934 3619 et
1964 3562 2193 3632 Septua-

588 3661 739 3730 ginta
768 3660 1111 3730 interpretati
1143 3670 1294 3723 sunt,
1325 3660 1487 3733 352
1515 3659 1696 3732 diliget
1728 3675 1807 3712 me
1834 3675 1852 3712 :
1880 3659 1931 3712 itt
1965 3657 2194 3712 Hebraeo

592 3754 757 3809 habet
782 3768 1072 3808 JEZBULBNI
1096 3736 1333 3825 (θέοιτ’).
1368 3754 1431 3807 Ει
1471 3761 1556 3806 est
1581 3766 1800 3817 sensus,
1829 3752 1952 3822 quia
1997 3764 2092 3804 sex
2127 3749 2192 3802 ﬁ-

592 3849 694 3903 lios
726 3847 889 3917 genui
916 3847 1106 3913 Jacob,
1141 3857 1428 3917 propterea
1458 3846 1569 3915 jam
1598 3859 1789 3900 secura
1839 3860 1959 3900 sum
1997 3861 2009 3895 :
2045 3842 2194 3897 habi-

591 3940 731 3996 tabit
759 3942 902 3995 enim
938 3956 1148 3995 mecum
1180 3940 1259 3993 vir
1281 3954 1457 3994 meus.
1481 3937 1636 3993 Unde
1662 3948 1717 3993 et
1743 3938 1886 3992 ﬁlius
1919 3952 2075 3993 meus
2098 3953 2195 3990 vo-

494 4052 497 4055 ·
592 4041 748 4093 catur
778 4033 1157 4088 habitaculum.
1185 4033 1323 4086 Male
1366 4032 1529 4102 igitur
1574 4040 1628 4086 et
1658 4030 1928 4087 violenter
1968 4034 2022 4085 in
2057 4031 2197 4085 libro

589 4124 903 4194 Nominum,
930 4125 1191 4191 Zabulon,
1218 4126 1392 4197 [luxus
1416 4125 1579 4178 noctis
1606 4124 2016 4193 interpretatur.

666 4220 849 4293 (Vers.
880 4221 1002 4288 ‘21.)
1042 4218 1106 4273 Et
1145 4229 1256 4290 post
1306 4220 1414 4273 haec
1458 4218 1655 4290 peperit
1685 4217 1872 4286 ﬁliam,
1912 4228 1961 4270 et
2004 4219 2198 4271 vocavit

593 4328 778 4366 nomen
809 4315 920 4381 ejus
965 4311 1105 4365 Dina
1135 4310 1323 4380 (ruﬁ).
1351 4309 1476 4365 Haec
1509 4309 1837 4363 transfertur
1867 4311 1918 4363 in
1965 4327 2194 4376 causam,

591 4422 755 4476 quam
785 4406 1179 4473 signiﬁcantius
1217 4405 1390 4461 Grteei
1429 4398 1566 4464 δίκην
1589 4414 1807 4459 Vocant.
1842 4403 2016 4475 Jurgii
2050 4406 2195 4459 enim

595 4502 647 4552 in
673 4498 891 4552 Sicimis
918 4512 1080 4552 causa
1109 4498 1332 4551 exstitit.
1362 4496 1493 4551 Post
1515 4497 1675 4563 ﬁlios,
1704 4505 1760 4551 et
1785 4504 2070 4565 parentum
2095 4513 2194 4569 po-

2218 3230 2263 3292 C

2275 474 2344 527 ab
2380 489 2446 528 eo
2483 478 2625 543 quod
2655 477 2761 532 sibi
2800 477 2966 534 alium
3013 480 3140 536 addi
3166 492 3344 537 mater
3371 492 3704 555 optaverat,
3742 474 3919 543 vocs-

2278 578 2365 622 tut‘
2392 580 2742 642 augmentum.

2351 659 2531 731 (Vers.
2561 662 2632 717 32
2653 672 2709 718 et
2740 664 2857 737 53.)
2888 664 3146 723 Transibo
3176 672 3230 725 in
3280 672 3527 727 universo
3578 690 3792 746 pecore
3832 688 3918 731 tuo

2279 754 2465 809 hodie:
2483 772 2669 827 separa
2695 766 2718 794 ε
2741 759 2862 812 inde
2888 775 3039 815 onme
3063 778 3221 832 pecus
3242 766 3450 817 varium
3477 775 3525 818 et
3544 766 3810 822 discolor
3831 786 3850 823 :
3870 782 3915 823 et

2280 860 2430 899 onme
2458 863 2613 916 pecus
2647 848 2801 902 unius
2830 850 3021 905 coloris
3052 853 3103 905 in
3126 854 3276 923 agnis
3300 864 3348 907 et
3376 855 3584 908 varium
3633 870 3689 911 et
3736 859 3915 913 disci»

2281 938 2359 991 lor
2399 939 2455 992 in
2501 942 2693 1011 capris,
2727 944 2824 995 erit
2851 959 3046 999 merces
3090 957 3318 1001 mea:et
3370 950 3725 1020 respondebit
3783 956 3913 1008 milii

2273 1033 2483 1104 justitia
2515 1050 2626 1089 mea
2654 1035 2708 1090 in
2751 1036 2835 1091 die
2874 1039 3125 1105 crastino,
3154 1057 3274 1094 cum
3314 1044 3508 1098 venerit
3550 1061 3769 1103 merces
3798 1066 3909 1103 mea

2281 1143 2456 1181 coram
2486 1138 2533 1183 te
2563 1146 2581 1183 :
2602 1146 2751 1185 omne
2775 1132 2830 1186 in
2854 1148 2955 1202 quo
2989 1149 3090 1187 non
3119 1136 3275 1201 fuerit
3317 1140 3520 1192 varium
3567 1152 3623 1195 et
3663 1142 3909 1198 discolor

2281 1222 2334 1275 in
2357 1224 2551 1293 capris,
2575 1235 2623 1278 et
2651 1226 2706 1279 in
2730 1228 2900 1296 agnis,
2931 1227 2949 1266 ί
2986 1232 3187 1299 furtum
3216 1233 3313 1286 erit
3337 1238 3484 1304 apud
3512 1253 3619 1300 me,
3644 1249 3713 1294 et
3742 1250 3910 1295 caete-

2285 1330 2363 1367 ra.
2394 1315 2619 1371 Multum
2650 1321 2794 1388 apud
2846 1320 3198 1394 Septuaginta
3238 1326 3585 1399 lnterpretes
3629 1333 3907 1389 confusus

2283 1417 2366 1464 est
2397 1423 2613 1477 sensus,
2648 1420 2703 1467 et
2725 1429 2899 1484 usque
2931 1415 2985 1470 in
3018 1431 3350 1486 praesentem
3376 1423 3523 1478 diem
3550 1426 3781 1482 nullum
3817 1444 3909 1497 po-

2286 1504 2361 1557 tui
2387 1504 2635 1562 invenire
2661 1516 3108 1580 nostrorum,qui
3144 1514 3212 1569 ad
3238 1516 3665 1591 liquidumquid
3706 1524 3766 1577 in
3804 1522 3906 1577 hoc

2285 1596 2406 1650 loco
2452 1595 2749 1665 diceretur,
2783 1614 3113 1670 exponeret.
3162 1605 3278 1675 Vis,
3323 1607 3528 1681 inquit,
3561 1612 3774 1680 Jacob,
3822 1631 3906 1671 me

2284 1689 2494 1744 servire
2521 1691 2618 1745 tibi
2648 1693 2813 1748 etiam
2842 1695 2979 1752 alios
3000 1709 3213 1768 septem
3243 1716 3429 1771 annos,
3460 1707 3545 1761 lac
3572 1710 3735 1774 quod
3769 1723 3903 1780 pos-

2288 1782 2422 1836 tulo.
2455 1782 2662 1853 Separa
2705 1800 2899 1842 omnes
2929 1788 3235 1847 discolores
3273 1806 3323 1847 et
3352 1794 3549 1861 varias,
3586 1808 3700 1852 tam
3757 1814 3908 1855 ores

2287 1890 2448 1946 quam
2490 1892 2706 1947 capras,
2734 1890 2791 1933 et
2830 1882 2983 1939 trade
3014 1884 3068 1938 in
3118 1900 3311 1941 manus
3349 1888 3579 1944 ﬁliorum
3623 1900 3904 1949 tuorum.

2292 1968 2635 2037 Rursumque
2660 1986 2725 2025 ex
2760 1985 2995 2043 utroque
3024 1989 3209 2046 grege,
3242 1978 3362 2033 alba
3387 1989 3439 2033 et
3467 1981 3622 2051 nigra
3649 1996 3905 2053 perora,

2290 2059 2339 2114 id
2366 2072 2468 2125 est,
2495 2064 2657 2119 unius
2682 2065 2907 2134 coloris,
2940 2066 3007 2122 da
3036 2068 3193 2126 mihi.
3222 2070 3277 2128 Si
3302 2072 3430 2143 quid
3466 2075 3631 2144 igitur
3652 2091 3724 2132 ex
3758 2078 3905 2133 albis

2288 2165 2344 2208 et.
2386 2155 2579 2225 nigris,
2612 2172 2737 2226 qua“:
2786 2160 2945 2213 unius
2984 2161 3192 2217 eolnris
3240 2174 3390 2228 sunt,
3424 2167 3642 2221 varium
3702 2180 3899 2225 natum

2290 2245 2471 2312 fuerit,
2494 2263 2675 2305 meum
2703 2251 2811 2305 erit
2841 2269 2853 2305 :
2881 2251 2928 2306 si
2951 2252 3083 2323 quid
3110 2270 3240 2310 vero
3271 2257 3429 2311 ttnius
3450 2260 3689 2325 coloris,
3722 2271 3896 2317 tuum.

2293 2340 2423 2396 Item
2458 2358 2567 2396 non
2601 2343 2887 2400 difﬁcilem
2918 2348 3154 2415 postulo.
3183 2347 3383 2404 Tecum
3414 2349 3552 2407 facit
3577 2364 3781 2409 natura
3816 2371 3901 2425 pe-

2290 2446 2502 2499 corum,
2538 2444 2593 2488 ut
2624 2435 2746 2491 alba
2776 2454 2842 2493 ex
2889 2439 3052 2507 albis,
3085 2451 3139 2495 et
3189 2442 3341 2513 nigra
3380 2458 3689 2501 nascantur
3715 2463 3783 2502 es
3821 2450 3899 2502 ni-
3984 2435 3985 2481 ἕ

2290 2526 2438 2591 gris:
2466 2542 2679 2584 mecum
2708 2531 2812 2585 erit
2838 2532 3051 2602 justitia
3087 2550 3230 2599 mea,
3265 2536 3393 2591 dum
3438 2538 3584 2593 Deus
3616 2538 3901 2597 humilita-

2294 2632 2401 2677 tem
2432 2638 2610 2678 nteant
2642 2627 2867 2695 respicit
2891 2637 2944 2683 et
2969 2629 3233 2685 laborem.
3260 2630 3555 2699 Optionem
3586 2633 3785 2691 Laban
3816 2637 3901 2691 da-

2294 2724 2399 2768 tam
2452 2716 2689 2773 libenter
2734 2719 2992 2789 arripuit,
3019 2734 3075 2777 et
3126 2722 3204 2778 ita
3257 2734 3317 2778 ut
3367 2724 3541 2781 Jacob
3588 2729 3902 2797 postulabat

2291 2806 2514 2871 faciens,
2552 2813 2713 2865 trium
2744 2811 2957 2867 dierum
2991 2813 3093 2869 iter
3125 2815 3268 2870 inter
3294 2816 3465 2873 .lacob
3503 2830 3560 2875 et
3590 2821 3746 2877 lilios
3777 2838 3899 2879 suos
3984 2806 3985 2881 l

2291 2904 2584 2970 separavit,
2617 2904 2779 2976 353
2810 2922 2878 2961 ne
2908 2908 3031 2977 quis
3052 2925 3119 2963 ex
3146 2911 3430 2968 vicinitate
3462 2914 3690 2979 pecoris
3715 2932 3901 2972 nasce-

2293 3002 2443 3047 retur
2471 2995 2648 3050 dolus.
2678 2998 2861 3068 Itaque
2883 2998 3051 3055 Jacob
3071 3016 3266 3057 novam
3294 3004 3585 3075 stropham
3612 3022 3898 3065 commen-

2294 3094 2379 3140 tus
2407 3098 2509 3154 est,
2543 3100 2596 3143 et
2627 3098 2820 3145 contra
2855 3101 3105 3148 naturam
3135 3095 3241 3151 albi
3270 3106 3325 3151 et
3348 3099 3487 3168 nigri
3521 3102 3773 3169 pecoris,
3812 3119 3899 3157 na-

2295 3181 2463 3234 turali
2492 3190 2609 3236 artc
2653 3184 2932 3253 pugnavit.
2964 3184 3100 3241 Tres
3132 3190 3277 3243 enim
3309 3190 3511 3260 virgas,
3547 3195 3825 3263 papuleas
3855 3207 3901 3252 et

2297 3273 2673 3345 amygdalinas
2700 3285 2754 3330 et
2785 3277 3157 3348 maligranati,
3184 3298 3513 3354 quamquam
3542 3285 3900 3360 Septuaginta

2301 3372 2324 3409 8
2356 3367 2660 3437 styracinas
2699 3380 2756 3421 et
2795 3370 3025 3425 uucinas
3072 3383 3126 3427 et
3166 3373 3472 3441 plataninas
3516 3378 3803 3448 habeant,
3843 3397 3900 3437 ex

2300 3469 2453 3525 parte
2501 3458 2880 3528 dectirticans,
2911 3464 3118 3519 varium
3154 3466 3423 3537 virgarum
3454 3468 3589 3526 fecit
3631 3474 3895 3541 colorem,

2302 3561 2358 3604 ιιι
2382 3552 2711 3623 ubicumque
2736 3555 2788 3609 in
2814 3556 2962 3626 virga
2988 3559 3255 3614 corticem
3287 3561 3901 3638 reliquisset,antiquus

2302 3658 2649 3712 permaneret
2677 3646 2831 3702 color
2865 3666 2877 3702 :
2916 3650 3004 3704 ubi
3032 3666 3161 3706 vero
3192 3652 3409 3708 tulisset
3437 3659 3899 3725 corticem,co|or

2301 3737 2564 3792 candidus
2590 3740 2943 3809 panderetur.
2961 3743 3300 3798 Observabat
3329 3762 3458 3817 ergo
3484 3746 3662 3804 Jacob
3691 3764 3744 3806 et
3770 3764 3896 3807 tem-

2301 3845 2461 3900 pore,
2491 3849 2600 3901 quo
2649 3834 3090 3890 ascendebantur
3130 3851 3351 3907 pecora,
3377 3850 3432 3894 et
3484 3854 3609 3909 p05t
3662 3844 3895 3900 calorem

2302 3928 2410 3982 diei
2434 3927 2499 3982 ad
2535 3929 2831 3998 potandum
2865 3931 3025 3988 avida
3052 3934 3371 4003 pergebant,
3393 3935 3707 3995 discolores
3729 3941 3895 4011 virgas

2304 4019 2540 4088 ponebat
2570 4022 2621 4075 in
2652 4023 3027 4088 canalibus,et
3058 4025 3313 4080 admissis
3337 4029 3608 4084 arietibus
3634 4043 3689 4087 et
3717 4033 3891 4095 hircis,

2304 4116 2355 4169 in
2391 4116 2504 4186 ipsa
2530 4118 2749 4186 potandi
2784 4119 3067 4186 aviditate,
3096 4136 3228 4175 oves
3260 4131 3313 4176 ct
3335 4138 3529 4192 capras
3554 4124 3792 4182 faciebat
3820 4143 3894 4182 as-

2301 4212 2487 4277 eendi,
2514 4224 2571 4267 ttt
2602 4228 2667 4268 ex
2700 4212 2901 4283 duplici
2931 4214 3225 4281 desiderio,
3260 4216 3391 4272 dum
3420 4218 3579 4273 avide
3608 4220 3817 4287 bibunt,
3844 4235 3893 4275 et

2303 4306 2677 4360 ascenduntur
2729 4321 2759 4359 a
2808 4308 3049 4361 maribus
3080 4349 3093 4368 ,
3129 4310 3266 4363 tales
3326 4308 3469 4365 fetus
3522 4314 3888 4381 conciperent.

2303 4402 2489 4470 quales
2521 4403 2739 4455 umbras
2764 4402 2996 4457 arietum
3034 4412 3086 4458 et
3117 4403 3395 4459 hircorum
3431 4405 3677 4477 desuper
3707 4424 3892 4465 ascen-

2302 4494 2544 4550 dentium
2589 4495 2640 4549 in
2681 4510 2944 4564 aquarum
2978 4497 3202 4564 Speculo
3248 4499 3791 4567 contemplabantur.
3827 4503 3892 4556 Ex

592 4589 768 4644 nenda
815 4600 940 4643 sunt
996 4591 1241 4644 nomina.
1274 4588 1373 4644 LIA
1398 4572 1575 4660 (n85),
1614 4591 2006 4658 interpretatur
2041 4589 2189 4645 labo-
2218 4593 2272 4653 D
2298 4590 2462 4660 virgis
2495 4589 2640 4644 enim
2672 4588 2723 4642 in
2757 4588 3038 4643 canalibus
3064 4590 3278 4658 positis,
3311 4592 3499 4645 varius
3526 4587 3554 4627 δ
3585 4600 3707 4647 erat
3738 4594 3893 4649 etiam

668 4716 689 4743 ⁸
722 4704 909 4773 Quoad
942 4704 1149 4758 scilicet
1173 4706 1631 4782 pronuntiationis
1661 4721 2025 4782 sonnm.__non
2056 4728 2191 4782 quo-

593 4779 658 4832 ad
691 4781 1071 4831 characterum
1106 4778 1386 4843 utriusque
1418 4780 1573 4832 vocis
1597 4781 1845 4833 fortnam.
1874 4778 2021 4835 Venit
2045 4778 2189 4839 enim

593 4860 673 4909 κει
700 4850 962 4904 srrilntur
993 4863 1116 4901 cunt
1149 4848 1320 4917 Aleph
1365 4850 1569 4911 littera,
1604 4866 1767 4919 quam
1804 4854 1854 4904 itt
1892 4854 1992 4907 hoc
2024 4858 2193 4911 verbo

593 4924 960 4996 supprimere_
988 4935 1165 4989 neque
1212 4936 1363 4983 usus,
1398 4936 1573 4990 neque
1621 4922 2002 4996 Grammaticas
2046 4928 2192 4996 leges

591 4995 888 5061 patiuntur.
922 4992 1194 5063 (lt-ternm
1230 5008 1336 5044 non
1374 5007 1653 5046 moramur
1678 4993 1861 5048 Drusii
1897 4992 2192 5063 reprehen-

589 5079 800 5117 sionem
840 5066 889 5116 in
922 5064 1063 5115 hanc
1094 5062 1414 5131 Hieronymi
1447 5065 1842 5129 conjecturam,
1868 5084 1933 5120 ex
1964 5062 2187 5135 eoquod

587 5142 641 5189 tn
669 5140 789 5190 111.
820 5140 860 5188 τι
887 5148 1009 5186 cum
1058 5140 1265 5186 camets
1297 5135 1567 5187 scribatur
1600 5152 1613 5187 :
1649 5137 1876 5189 intirma:
1916 5140 2061 5193 enim
2110 5141 2192 5194 ιιί-

592 5211 756 5259 tnintn
805 5216 931 5257 sunt
982 5202 1441 5256 Massoretharum
1503 5208 1772 5261 motioaes
1805 5207 1871 5262 ad
1922 5209 2189 5266 lcetiones

592 5276 858 5345 quaslibet
894 5274 1247 5345 asserentlas.

665 5346 692 5384 δ
725 5345 1026 5401 Secundum
1054 5344 1462 5416 ambiguitatem.
1497 5348 1842 5417 Ambiguitas
1879 5353 2029 5405 verbi
2062 5354 2191 5407 Aser

594 5422 768 5485 posita
794 5426 878 5469 est
900 5418 951 5470 in
979 5416 1279 5470 mutatione
1305 5417 1494 5470 mediae
1516 5420 1735 5481 litterie,
1753 5437 1873 5475 nam
1899 5432 2029 5483 Tum
2054 5424 2192 5478 scri-

593 5497 742 5558 ptum
771 5502 894 5541 cum
930 5487 1110 5542 medio
1152 5488 1425 5561 elemento
1458 5490 1555 5543 Sin
1582 5532 1598 5556 ,
1632 5491 1903 5561 signiﬁcat
1940 5495 2141 5547 beatum
2169 5512 2187 5559 ;

592 5557 736 5617 iam»
775 5575 890 5612 aser
915 5572 1096 5612 autem
1135 5573 1259 5614 cum
1298 5557 1438 5613 Sade
1475 5563 1527 5615 in
1561 5557 1737 5615 medio
1765 5574 1925 5616 sonat
1960 5557 2186 5620 divitias.

599 5630 750 5684 Unde
779 5630 1088 5704 Isai._sxnt,
1121 5630 1209 5695 10,
1231 5640 1365 5691 πρυ
1389 5636 1589 5704 jeaser,
1622 5631 1673 5687 id
1696 5642 1801 5700 est,
1833 5635 1887 5687 in
1917 5633 2186 5690 thesauros

594 5711 884 5751 reoonetur.
918 5699 1187 5755 Murrum.

593 5766 800 5818 -'--Ctllll
833 5770 1044 5823 scilicet
1075 5784 1169 5837 per
1195 5774 1234 5821 ιι
1263 5784 1459 5826 nomen
1512 5774 1612 5826 hoc
1667 5774 1947 5840 scribitur,
1977 5780 2088 5830 me
2118 5790 2181 5832 ex

2300 4726 2409 4783 quo
2436 4719 2519 4783 est
2550 4708 2832 4766 cimelittm,
2866 4706 3117 4776 apotheca
3144 4779 3153 4783 Δ
3164 4708 3411 4783 thesauro
3467 4712 3815 4768 recondenda.
3844 4714 3891 4770 In

2301 4779 2411 4839 tino
2437 4781 2633 4849 Regni.
2673 4792 2772 4831 nis.
2810 4788 3021 4845 possunt
3044 4791 3091 4833 et
3118 4779 3298 4832 divites
3321 4782 3394 4834 sic
3416 4783 3615 4835 vocari.

2377 4865 2398 4892 ο
2435 4853 2656 4907 Rectius
2691 4849 2808 4903 fere
2841 4851 2890 4903 in
2925 4849 3117 4905 eodem
3150 4866 3249 4905 ms.
3286 4851 3406 4906 Non
3444 4854 3634 4925 igitur,
3669 4866 3724 4910 ut
3749 4857 3892 4928 pleri-

2299 4943 2417 4997 que.
2433 4934 2562 4997 Aetc.

2373 4996 2398 5033 ά
2432 4994 2507 5049 Ita
2538 4992 2891 5047 emendamus
2920 5008 2951 5045 e
2981 5007 3134 5059 mss.,
3174 4996 3291 5063 ipso
3310 4994 3505 5050 Grteco
3526 5006 3683 5052 textu
3712 4999 3890 5054 suﬁ‘ra-

2300 5076 2481 5136 gante,
2511 5068 2561 5121 ἐν
2598 5073 2671 5137 τῷ
2701 5070 2798 5138 vim
2827 5072 3011 5138 καιρῷ.
3045 5065 3213 5117 Antea
3259 5065 3311 5119 in
3344 5067 3508 5121 editis
3556 5066 3717 5125 libris
3773 5074 3893 5126 [also

2302 5138 2610 5197 obtinebat,
2643 5136 2703 5188 en
2732 5136 2825 5186 hoc
2850 5136 3095 5201 tempore.

2378 5222 2400 5248 υ
2437 5208 2658 5277 Reginae
2687 5205 2826 5281 alter
2859 5221 2962 5259 ms.
2994 5221 3179 5264 separa
3210 5207 3331 5281 inde
3360 5223 3510 5281 omne
3556 5227 3717 5281 pecus
3754 5214 3894 5267 unius

2299 5282 2489 5337 coloris
2530 5282 2583 5331 in
2629 5277 2809 5348 agnis,
2854 5286 2901 5329 et
2941 5291 3142 5329 vat‘tum
3172 5287 3219 5330 et
3259 5280 3486 5333 discolor
3518 5277 3572 5336 in
3624 5287 3828 5351 capris;
3852 5296 3893 5337 et

2300 5355 2419 5415 erit,
2456 5360 2566 5406 etc.

2379 5423 2395 5462 τ
2432 5423 2665 5492 Temere
2693 5418 2836 5472 idem
2869 5434 2971 5492 ins.
3000 5417 3239 5485 futurum
3272 5423 3387 5485 erit,
3423 5438 3518 5491 pro
3546 5424 3767 5492 furtum.

2372 5504 2397 5541 ε
2441 5490 2748 5562 styracinas
2766 5500 2814 5566 et
2842 5490 3082 5553 nucinas,
3106 5500 3214 5566 etc.
3243 5490 3456 5563 Aliquot
3489 5490 3622 5551 mss».
3661 5499 3888 5566 codices,

2290 5567 2585 5636 styracinas
2617 5570 2663 5615 et
2680 5562 2936 5638 nucineas
2976 5573 3024 5615 et
3064 5562 3375 5633 plataneas’,
3420 5567 3508 5621 alii
3556 5583 3815 5638 styraceas
3848 5562 3890 5627 et

2291 5633 2506 5699 nuceas,
2540 5644 2648 5689 etc.
2680 5633 2948 5689 ΜΑιιτιΑΝ.

2363 5708 2576 5781 7—”qu
2608 5718 2736 5759 ιιιες.
2769 5718 3046 5774 styracens,
3081 5717 3128 5761 et
3159 5724 3367 5772 nuceas,
3406 5719 3453 5764 et
3481 5711 3801 5781 plataninas.

2362 5777 2385 5813 ἰ
2420 5778 2655 5833 Verbum
2683 5787 2794 5829 erat
2824 5792 2887 5831 ex
2916 5792 3046 5831 mss.
3076 5786 3130 5831 et
3164 5780 3403 5834 Victoria
3426 5777 3765 5838 stit't‘ecimus.
