4010 6306
90 273 218 329 985

906 270 1114 328 LIBER
1154 271 1650 333 HEBRAICARUM
1694 276 2165 347 QUASSTIONUM
2205 277 2274 334 IN
2313 277 2639 336 GENESIM.

3313 286 3419 343 986

87 386 411 458 imaginum
440 385 611 442 color.
640 385 751 443 Nec
783 387 978 444 mirum
1009 388 1148 444 hanc
1178 390 1230 444 iu
1254 400 1522 462 conceptu
1551 391 1708 447 fetni-
1735 404 1789 462 Α
1816 403 2148 448 nasceretur.
2191 394 2557 464 Quacumque
2598 405 2779 453 autem
2815 412 2946 455 oves
2985 408 3039 454 et
3073 416 3255 473 capra:
3285 416 3412 460 sero

89 498 303 537 narum
349 498 472 537 esse
514 493 783 543 naturam.
818 491 874 537 ut
917 483 1105 551 quales
1148 486 1556 553 perspexerint,
1595 486 1709 541 sive

90 588 293 630 mente
318 574 675 643 conceperint
703 575 756 629 in
796 588 1044 629 extremo
1072 576 1371 645 voluptatis
1400 587 1556 643 aestu,
1589 596 1710 649 qua:

86 666 444 736 Concipiunt,
485 666 649 720 talem
682 666 924 722 sobolem
962 678 1293 737 procreent:
1325 686 1447 725 cum
1487 671 1590 724 hoc
1631 672 1710 743 ip-

84 770 222 811 Stttn
278 759 441 812 etiam
489 758 542 811 itt
591 774 856 827 equarum
890 768 915 796 ει
952 763 1210 831 gregibus
1249 766 1391 831 apud
1442 764 1707 832 lliSpanos

83 847 314 903 dicatur
345 849 459 903 lieri
494 866 507 902 :
544 861 596 904 et
623 850 987 918 Quintilianus
1021 853 1075 907 in
1115 870 1178 909 ea
1221 862 1620 921 cantroversia,
1651 856 1704 913 in

84 958 201 1013 qua
234 942 597 998 accusabatur
627 955 874 999 matrona
897 962 1018 1017 quce
1058 946 1375 1021 Etltiopem
1411 951 1702 1019 pepererit,

86 1053 194 1107 pro
210 1037 535 1092 defensioue
555 1038 701 1094 illius
724 1053 1159 1111 argumentetur,
1182 1046 1321 1100 banc
1343 1060 1703 1115 coiiceptuum

82 1145 218 1186 esse
246 1140 520 1197 naturam,
544 1147 705 1201 quam
732 1149 896 1204 supra
941 1135 1176 1191 diximus
1207 1135 1254 1189 ι).
1290 1138 1579 1208 Postquam
1608 1153 1705 1192 au-

87 1234 204 1280 tem
239 1227 355 1279 nati
387 1222 604 1280 fuerant
634 1226 797 1293 lia-di,
828 1235 886 1282 et
912 1229 1035 1297 agni
1069 1229 1205 1283 varii
1231 1240 1285 1283 et
1316 1232 1615 1284 discolores
1636 1246 1699 1285 ex

81 1317 235 1372 albis
278 1328 335 1372 et
387 1318 546 1374 unius
586 1312 788 1374 coIOris
823 1320 1101 1389 gregibus,
1131 1320 1419 1391 separabat
1460 1322 1581 1376 illos
1613 1321 1703 1377 Ia-

79 1413 217 1479 cob,
249 1422 309 1466 et
356 1414 543 1481 procul
589 1428 711 1466 esse
748 1411 982 1467 faciebat
1010 1413 1175 1485 354
1196 1431 1226 1468 a
1258 1416 1487 1485 pristino
1512 1431 1697 1486 grege.

80 1504 141 1559 Si
174 1506 276 1575 qui
312 1516 491 1561 autem
522 1506 883 1561 nascebantur
911 1508 1071 1562 unius
1096 1509 1319 1573 coloris,
1354 1509 1406 1562 id
1432 1522 1535 1571 est,
1566 1509 1697 1573 albi,

80 1598 206 1652 sive
262 1599 445 1668 nigri,
477 1599 723 1653 tradebat
771 1599 823 1653 in
869 1614 1058 1653 manus
1101 1600 1337 1654 liliorum
1388 1599 1571 1653 Laban
1605 1609 1699 1655 :ct

79 1690 339 1760 ponebat
382 1690 559 1761 virgas
614 1706 748 1761 quas
797 1694 1259 1759 decorticaverat,
1307 1694 1359 1747 io
1414 1693 1695 1747 canalibus

1813 488 2132 558 quaerebant
2162 503 2393 554 marem,
2425 501 2551 544 ante
2577 506 2765 545 earum
2792 494 2984 549 oculos
3015 510 3120 549 nOu
3155 496 3413 566 ponebat,

1812 592 1872 635 ut
1914 580 2074 634 unius
2111 582 2316 636 coloris
2362 598 2556 651 pecora
2598 595 2979 642 nascerentur.
3038 588 3103 644 Et
3150 590 3415 661 quidquid

1813 674 2043 743 primum
2076 676 2425 739 nascebatur,
2457 692 2613 731 suum
2645 692 2784 738 erat.
2814 682 2937 744 quia
2967 681 3211 737 discolor
3239 692 3295 738 et
3328 701 3419 739 va-

1810 768 1948 820 rium
1992 776 2143 821 erat:
2179 778 2201 803 υ
2249 767 2513 838 quidquid
2562 780 2771 838 postea,
2805 772 2988 829 Laban
3017 793 3031 828 :
3062 776 3223 831 unius
3264 778 3410 832 enim

1810 866 1915 911 tam
1950 859 2002 912 in
2031 860 2204 930 nigro,
2230 876 2391 931 quam
2426 862 2477 915 in
2512 864 2657 927 aluo,
2684 866 2887 921 coloris
2918 882 3086 936 peetis
3110 871 3410 926 oriebatur.

1811 950 1865 1005 In
1898 968 1963 1005 eo
1990 962 2172 1007 autem
2195 954 2316 1008 loco
2349 955 2438 1009 ubi
2466 956 2727 1026 scriptum
2758 968 2863 1022 est,
2895 970 2948 1013 ut
2988 963 3316 1033 conciperent
3356 965 3409 1018 in

1806 1047 1962 1117 virgis
2012 1066 2029 1101 :
2080 1051 2130 1102 in
2186 1049 2419 1104 Hebra'o
2447 1049 2607 1104 habet
2665 1050 2684 1089 ι
2725 1052 2973 1108 ,ΙεΑιιεμΑ
3015 1054 3255 1126 (nam).
3289 1056 3406 1111 Vim

1806 1143 1959 1195 verbi
2001 1141 2252 1197 Hebraici
2293 1146 2394 1200 nisi
2438 1143 2599 1218 355
2631 1146 2921 1201 circumitu
2961 1151 3275 1217 exprimere
3298 1166 3406 1205 non

1807 1249 2052 1302 possum.
2084 1234 2332 1292 IEAMENA
2362 1242 2509 1292 enim
2539 1254 2690 1307 pt'ttpt
2708 1237 2757 1291 ie
2785 1238 2982 1292 dicitur
3022 1251 3305 1294 extremus
3353 1242 3408 1297 in

1804 1330 1945 1381 coitu
1986 1330 2155 1397 calor,
2208 1347 2317 1401 quo
2358 1348 2556 1399 corpus
2600 1347 2764 1386 omne
2819 1333 3148 1399 concutitur,
3198 1344 3253 1389 et
3315 1351 3409 1407 pa-

1806 1424 1971 1477 tranti
1997 1424 2263 1493 voluptati
2290 1426 2508 1481 vicinus
2540 1436 2623 1481 est
2654 1427 2797 1481 finis.

1876 1519 2036 1590 (Cap.
2068 1519 2263 1575 XXXI.
2294 1551 2365 1575 .—
2391 1524 2549 1578 Vers.
2576 1527 2774 1596 7et8.)
2816 1524 2882 1579 Et
2917 1535 3064 1598 pater
3083 1537 3247 1581 resler
3267 1544 3408 1583 men-

1801 1612 1920 1666 titus
1934 1624 2003 1665 est
2023 1613 2147 1666 mihi
2156 1656 2169 1676 .
2202 1624 2248 1668 et
2272 1616 2486 1670 mutavit
2504 1618 2785 1672 mercedem
2805 1636 2973 1673 meam
2991 1620 3167 1674 decem
3188 1621 3402 1691 vicibus,

1800 1715 1845 1758 et
1874 1722 1971 1759 non
2001 1706 2141 1760 dedit
2180 1710 2226 1760 ci
2258 1708 2391 1763 Deus
2413 1721 2465 1765 ut
2486 1710 2844 1765 nocerctmihi.
2874 1713 2934 1766 Si
2965 1714 3187 1779 dixerat,
3214 1715 3309 1768 hoc
3322 1731 3409 1770 va-

77 1786 289 1854 quibus
322 1784 744 1841 eﬂuudebantur
773 1802 949 1856 aqum,
979 1796 1034 1841 et
1067 1786 1359 1841 veniebant
1398 1786 1465 1840 ad
1502 1793 1693 1855 potau-

1808 1801 1929 1854 rium
1957 1818 2113 1871 pecus
2130 1813 2225 1856 erit
2249 1821 2437 1859 merces
2467 1817 2554 1859 tua
2578 1824 2595 1860 :
2625 1808 2930 1862 nascvbutur
2957 1808 3066 1881 [ΑΙ.
3092 1812 3407 1883 nasceretur]

76 1875 211 1933 dum
244 1892 439 1932 contra
470 1894 685 1947 pecora,
715 1888 771 1932 ut
796 1879 1153 1949 conciperent
1182 1894 1247 1934 eo
1277 1888 1546 1950 tempore,
1565 1894 1688 1934 cum

78 1970 348 2025 venirent
376 1973 443 2025 ad
475 1972 793 2040 pmandum.

146 2063 343 2133 (Vers.
376 2064 441 2119 41
474 2076 528 2119 et
555 2062 673 2135 42.)
706 2064 769 2116 Et
800 2064 1152 2135 concipiebant
1182 2081 1367 2135 pecora
1388 2075 1566 2119 contra
1589 2065 1694 2118 vir-

77 2176 169 2230 gas
196 2157 395 2222 Iacab,
438 2160 607 2226 virgas
646 2175 770 2227 quas
806 2168 1052 2230 posuerat
1091 2176 1264 2212 coram
1289 2158 1553 2229 pecoribus
1577 2157 1687 2230 [AL

74 2251 291 2325 pecore]
324 2253 381 2305 in
420 2252 684 2305 canalibus
727 2253 797 2304 ad
834 2253 1225 2323 concipiendum
1254 2254 1307 2305 in
1334 2254 1429 2319 eis,
1460 2262 1503 2305 et
1531 2254 1581 2305 in
1610 2268 1692 2305 sc-

78 2349 266 2403 rotinis
308 2347 491 2401 oribus
551 2363 654 2401 non
705 2349 958 2416 ponebat;
1001 2358 1048 2401 et
1076 2346 1265 2415 ﬁebant
1314 2348 1541 2399 serotina
1586 2345 1687 2399 La-

79 2444 200 2507 ban,
236 2453 287 2494 et
321 2452 660 2511 temporanea
696 2439 881 2493 Iacob.
915 2439 1028 2495 Hoc
1055 2440 1108 2493 itt
1136 2438 1488 2508 Septuaginta
1522 2438 1694 2493 [nter-

83 2537 341 2609 pretibus
403 2552 515 2590 non
559 2536 789 2589 habetur
820 2576 833 2599 ,
888 2535 985 2591 sed
1029 2552 1124 2604 pro
1166 2536 1404 2589 serotinis
1469 2546 1518 2588 et
1568 2546 1694 2589 tem-

84 2630 359 2699 poraneis,
408 2628 557 2682 aliud
594 2631 781 2682 nescio
820 2628 972 2698 quid,
1017 2640 1039 2667 ε
1080 2628 1225 2699 quod
1256 2644 1284 2681 a
1322 2644 1543 2683 sensum
1585 2643 1691 2684 non

85 2724 344 2795 pertinet,
380 2722 802 2778 transtulerunt.
828 2723 985 2791 Quod
1016 2737 1198 2778 autem
1224 2724 1355 2778 dicit
1384 2725 1687 2793 Scriptura,

87 2814 187 2871 bne
234 2824 321 2869 est
371 2831 385 2867 :
429 2814 598 2869 Iacob
641 2814 879 2884 prudens
914 2824 968 2869 et
1008 2815 1238 2869 Callidus
1286 2816 1553 2885 justitiam
1581 2816 1606 2853 (ί
1640 2826 1694 2871 et

87 2913 396 2979 mquitatem
450 2912 616 2965 etiam
657 2912 713 2965 in
762 2926 902 2965 nova
954 2922 1073 2967 arte
1131 2914 1405 2969 servabat.
1442 2914 1498 2968 Si
1544 2916 1692 2969 enim

86 3022 270 3063 omnes
310 3021 494 3076 agnos
524 3019 577 3060 et
619 3006 804 3061 haedos
832 3006 1015 3062 varios
1048 3022 1243 3077 pecora
1286 3019 1690 3077 procreassent,

86 3110 204 3156 erat
238 3102 431 3171 aliqua
478 3099 719 3169 suspicio
750 3100 888 3165 doli,
918 3109 973 3155 et
1004 3112 1196 3168 aperte
1223 3102 1344 3156 liuic
1387 3103 1464 3157 rei
1508 3102 1691 3158 Laban

1798 1910 1945 1947 omne
1986 1912 2137 1959 pecus
2159 1899 2377 1953 varium.
2427 1899 2490 1953 Et
2526 1901 2571 1953 si
2607 1902 2834 1965 dixerat,
2874 1906 3026 1957 unius
3061 1906 3250 1958 celaris
3309 1907 3405 1960 erit

1796 2006 1985 2043 merces
2013 2001 2099 2044 tua
2128 2009 2144 2045 :
2169 1995 2473 2047 nascebatur
2502 2012 2649 2048 omne
2680 2014 2833 2066 pecus
2872 2000 3025 2051 unius
3059 2000 3266 2053 coloris.
3298 2000 3405 2055 Pro

1796 2097 1863 2135 eo
1909 2085 2051 2152 quod
2102 2101 2199 2139 nos
2256 2090 2535 2158 posuimus
2564 2134 2577 2153 ,
2635 2091 2849 2143 mutarit
2894 2092 3175 2146 mercedem
3235 2107 3402 2146 meam

1796 2180 1968 2230 decem
2013 2180 2225 2246 vicibus,
2273 2182 2634 2251 Septuaginta
2685 2183 3028 2252 Interpretes
3078 2196 3400 2256 posuerunt,

1797 2268 1966 2321 decem
2005 2272 2177 2341 agnis,
2216 2275 2400 2325 nescio
2433 2290 2535 2342 qua
2568 2274 2831 2341 opinione
2876 2275 3049 2342 ducti,
3084 2286 3107 2323 ε
3136 2290 3259 2329 cum
3294 2292 3409 2331 ver-

1798 2362 1924 2417 bum
1974 2363 2297 2419 chraicutn
2324 2410 2337 2434 ,
2382 2382 2508 2422 κομι
2538 2367 2676 2439 (’37:)
2724 2385 2991 2423 numerum
3038 2369 3210 2439 magis
3240 2384 3402 2437 quam

1796 2472 1957 2527 agnos
1986 2466 2161 2511 sonet.
2200 2459 2440 2531 Denique
2470 2470 2523 2514 et
2566 2478 2629 2515 ex
2660 2463 3133 2531 consequentibus
3162 2464 3252 2517 hic
3292 2478 3411 2517 maa

1796 2550 1878 2615 gis
1903 2565 2097 2603 sensus
2128 2552 2411 2619 probatur,
2442 2554 2584 2623 quod
2627 2570 2722 2624 per
2749 2556 2997 2625 singulos
3022 2557 3161 2611 {etus
3189 2572 3406 2625 semper

1797 2638 1981 2695 Laban
2028 2644 2399 2700 conditionem
2436 2649 2749 2701 mutaverit.
2804 2648 2859 2701 Si
2919 2648 3136 2703 videbat
3188 2648 3402 2704 varium

1798 2734 1944 2787 nasci
1977 2750 2167 2801 pecus,
2198 2747 2319 2807 post
2348 2740 2512 2792 fetum
2552 2740 2789 2801 dicebat.
2826 2741 2952 2794 volo
2984 2752 3037 2795 ut
3069 2742 3119 2794 in
3159 2741 3402 2798 futurum

1798 2827 1927 2882 mibi
1975 2830 2124 2883 varia
2166 2842 2480 2886 nascnntur.
2527 2831 2763 2889 Rursum
2796 2849 2920 2888 cum
2967 2834 3197 2890 vidisset
3245 2837 3405 2890 tutius

1798 2920 2001 2975 coloris
2032 2924 2184 2977 nasci
2220 2938 2419 2993 pecora
2450 2924 2644 2991 (Iacob
2671 2926 2873 2996 quippe
2904 2926 3007 2981 hoc
3037 2930 3250 2991 audito,
3295 2929 3405 2983 vir-

1796 3031 1890 3084 gas
1935 3017 1988 3070 in
2032 3017 2319 3073 canalibus
2360 3035 2467 3073 non
2504 3022 2784 3089 ponebat),
2820 3019 3063 3085 dictrbat,
3091 3032 3143 3074 ut
3193 3023 3406 3075 futuros

1800 3110 1941 3164 fetus
1984 3113 2142 3165 unius
2173 3111 2375 3166 coloris
2410 3113 2513 3166 sibi
2540 3127 2735 3179 pecora
2766 3126 3145 3183 procrearent.
3176 3112 3245 3167 Et
3274 3113 3403 3177 quid

90 3194 299 3248 invidus
326 3192 687 3247 contraisset.
740 3190 886 3261 Ergo
915 3194 986 3247 ita
1034 3195 1215 3247 omnia
1246 3198 1588 3263 temperavit,
1635 3204 1693 3249 ut
1722 3184 1765 3245 C
1802 3204 1994 3273 ptum?
2025 3219 2195 3274 usque
2224 3204 2289 3258 ad
2324 3206 2469 3259 vices
2497 3205 2686 3260 decem
2719 3220 2942 3272 semper
2970 3220 2999 3259 a
3033 3204 3213 3260 Laban
3244 3220 3407 3274 peoo-

94 3297 143 3341 ct
173 3288 286 3357 ipse
329 3285 570 3341 fruetunt
599 3286 681 3340 sui
713 3285 912 3340 laboris
952 3288 1249 3355 acciperet,
1279 3297 1334 3341 et
1364 3287 1544 3343 thbau
1580 3304 1686 3344 nou

92 3385 306 3452 penitus
345 3384 705 3453 spoliaretur.
736 3383 789 3439 Si
822 3382 1046 3454 quando
1068 3397 1201 3438 oves
1222 3395 1275 3438 et
1312 3398 1491 3454 capra:
1517 3388 1692 3456 primo

96 3473 869 3547 tempore'ascendebantur,
923 3477 1046 3544 quia
1115 3475 1308 3530 melior
1368 3492 1570 3532 vernus
1610 3488 1698 3533 est.

96 3566 249 3633 fetus,
288 3577 415 3623 ante
460 3568 617 3638 ipsas
655 3568 891 3637 ponebat
934 3570 1133 3639 virgas,
1188 3580 1249 3624 ut
1280 3570 1426 3626 varia
1477 3573 1698 3628 soboles

99 3781 110 3833 Ι
162 3720 185 3747 ⁸
226 3711 591 3795 ldhperquam
644 3709 925 3778 eleganter
957 3710 1236 3780 Oppianus
1281 3712 1331 3765 in
1370 3712 1689 3785 Cynegetic.

120 3822 131 3833 .
160 3798 173 3833 ι
202 3794 398 3833 ceetntt.
427 3802 440 3833 :

120 3822 131 3833 .
160 3798 173 3835 ι
202 3794 440 3837 cecmtt:

152 3888 280 3935 Δηοάιι
302 3885 337 3927 δ’
362 3884 461 3927 ἄλλα
494 3888 625 3937 βθότοι
649 3892 898 3938 cumippo"
924 3891 1125 3936 μητίσαντο

151 3952 270 4002 [Ιρλον
292 3953 490 4002 limpidus
604 3946 707 3997 νηδῦε
732 3954 865 4000 μητρὸς
890 3951 1019 3996 huc,
1045 3946 1141 3988 ριο.

152 3999 550 4063 multabo—mines
572 4013 613 4063 at
638 4004 733 4050 imo
758 3999 891 4061 saepe
920 4002 1157 4049 invenere
1184 4003 1365 4063 sagaci.

154 4060 212 4111 Ut
231 4062 411 4125 pullum
435 4062 653 4112 maculis
676 4065 867 4111 varient
884 4064 997 4111 dum
1023 4066 1191 4112 matris
1213 4060 1261 4112 iii
1275 4064 1384 4113 alvo
1404 4072 1500 4127 est,
1527 4073 1626 4115 etc.

98 4146 271 4213 viginti
303 4150 591 4202 continuis
616 4148 879 4210 versibus,
914 4148 1279 4216 quosjuvahit
1308 4149 1526 4217 legisse.
1561 4152 1694 4206 Vide

190 4234 399 4287 quoque
449 4222 827 4289 Augustinum
894 4219 1099 4287 Qu:est.
1173 4221 1241 4274 95
1290 4220 1342 4272 iu
1391 4221 1589 4275 Genes.
1638 4235 1691 4275 et

101 4287 153 4340 S.
180 4288 437 4345 ιςιόοιιιιιιι
487 4287 593 4346 lib.
628 4306 698 4344 xu
732 4291 941 4357 Origin.
967 4306 1087 4358 cap.
1119 4306 1153 4349 ι,
1192 4292 1275 4343 ubi
1313 4292 1533 4345 totidem
1577 4294 1692 4348 fere

104 4360 271 4434 verbis
302 4362 695 4434 Hieronymum
728 4360 1003 4415 describit.

171 4428 195 4465 ιδ
231 4428 525 4505 Postqaum'
540 4445 731 4487 autem.
769 4434 863 4505 llic
889 4448 955 4487 ev
982 4430 1508 4505 libris_Hippocratis
1527 4435 1694 4488 editio

108 4499 405 4557 Erasmizuia
447 4507 730 4559 historiam
784 4502 921 4557 f.-|so
962 4502 1226 4565 obtrudit,
1270 4499 1431 4572 quam
1474 4505 1695 4560 codices

106 4586 229 4624 is.
262 4592 361 4627 non
394 4578 657 4631 retinent.
694 4574 962 4630 MARTIAN.

170 4672 236 4682 -—
268 4646 339 4699 Ex
357 4648 738 4710 S.Augustino
763 4650 971 4714 Quaest.
1020 4646 1090 4699 93
1139 4646 1188 4697 in
1229 4645 1428 4699 Cenes.
1463 4664 1591 4711 non,
1639 4656 1697 4701 ut

112 4714 441 4787 .‘lartiana'us
483 4730 659 4787 putat,
690 4736 753 4772 ex
798 4722 965 4786 ipsius
997 4718 1341 4784 Hippocratis
1375 4718 1551 4782 libris,
1598 4719 1697 4772 bu-

104 4782 326 4847 jusmotli
359 4782 651 4844 historiam
681 4782 883 4843 addunt
926 4782 1139 4842 veteres
1169 4787 1408 4843 editOrr-s
1442 4795 1698 4843 ltrasmus

110 4867 165 4929 ac
190 4856 479 4929 Victorius,
514 4878 717 4928 proque
740 4861 1173 4929 Hieroiiymiano
1210 4870 1469 4914 contextu
1511 4863 1699 4917 obtru-

110 4923 255 5003 dunt.
288 4928 353 4981 Et
384 4923 642 4998 scriptum.
656 4935 910 5003 reperitur
930 4923 982 4985 in
1007 4932 1153 4984 libris
1176 4930 1535 4999 Hippocratis.
1560 4935 1699 4998 quod

112 5001 333 5074 qumdant
387 5006 602 5071 (supple
654 5001 859 5074 mulier)
915 5004 1207 5065 suspicione
1251 5003 1489 5074 adulteri
1533 5008 1699 5073 fuerat

113 5070 541 5145 punienda,bcam
575 5070 982 5143 pulcherrimum
1014 5074 1234 5144 (supple
1260 5073 1501 5145 puerum)
1533 5070 1698 5145 pepe-

114 5138 275 5202 risset,
312 5144 510 5207 utrique
540 5138 760 5209 parenti.
803 5138 1076 5218 generique
1103 5138 1424 5203 dissimilem.
1463 5138 1560 5199 nisi
1595 5138 1697 5199 me-

118 5220 333 5287 {uocatus
372 5218 594 5271 medicus
624 5218 853 5272 solvisset
893 5218 1253 5287 mutationem,
1298 5232 1505 5270 monens
1534 5222 1698 5287 (Aug.

115 5277 212 5329 illis
256 5284 797 5358 admonitisMumrere
838 5277 916 5340 ne.
944 5291 1077 5358 forte
1107 5285 1284 5355 aliqua
1337 5288 1454 5341 talis
1500 5277 1703 5354 pictura

118 5358 313 5465 gssettin
342 5356 596 5423 cubiculo;
618 5362 669 5413 in
688 5377 790 5427 quo
812 5356 1035 5424 inventa,
1066 5358 1299 5411 muliere
1325 5360 1618 5429 suspicione
1640 5361 1702 5413 li-

158 5434 236 5465 era
263 5439 292 5465 η
317 5435 387 5465 ml

158 5430 292 5474 erata
316 5435 407 5477 est.

196 5500 213 5526 °
263 5494 410 5571 Quod
439 5500 506 5552 ad
536 5518 743 5557 sensum
770 5519 871 5557 non
905 5503 1125 5571 pertinet
1155 5519 1172 5556 :
1212 5501 1366 5568 Apud
1402 5499 1539 5554 LXX
1574 5501 1706 5571 legi-

129 5572 259 5648 ljltls‘.
294 5567 427 5634 facta
457 5583 574 5648 sunt
597 5586 782 5648 autem
810 5567 914 5648 non
952 5578 1155 5648 sTgnata
1183 5567 1347 5641 ipsius
1376 5571 1553 5648 Laban
1587 5589 1604 5627 :
1630 5567 1705 5648 si:

128 5641 275 5715 gnata
304 5650 465 5691 autem
506 5645 671 5709 ipsius
700 5645 862 5701 Iacob
895 5663 914 5699 :
945 5641 1096 5715 Quod
1142 5661 1362 5701 Sensum
1409 5644 1567 5713 hujus
1604 5646 1703 5700 loci

127 5712 446 5791 πριιιιεέειιεεςη
475 5718 781 5791 esurimere
806 5712 1050 5791 videtur;
1088 5717 1360 5772 MARTIAN.

132 5836 135 5841 η
198 5798 260 5812 ⁵*
286 5776 493 5837 Scilicet
514 5776 705 5853 ιέκενστη
722 5788 776 5845 δὲ
804 5792 867 5843 re
900 5793 989 5853 μὲν
1019 5786 1191 5855 Emesa,
1220 5798 1309 5843 νοῦ
1346 5790 1531 5851 Adfuit,
1561 5792 1625 5843 τὰ
1651 5788 1703 5843 δὲ

1722 4480 1772 4539 Ι)

1804 3298 1881 3350 ris
1911 3297 2019 3361 sui,
2052 3298 2169 3352 sive
2216 3296 2408 3365 Jacob,
2436 3308 2640 3351 mutata
2680 3297 2922 3351 conditio
2963 3306 3064 3351 est.
3114 3296 3181 3351 Et
3230 3298 3405 3367 quod.

1800 3404 2033 3455 eumque
2063 3390 2163 3444 sibi
2199 3402 2560 3459 proposuerat
2590 3400 2648 3445 ut
2691 3399 3027 3456 nasceretur,
3062 3391 3115 3444 in
3158 3391 3403 3445 colorem

1804 3486 2139 3539 contrarium
2189 3486 2527 3539 vertebatur.
2556 3487 2631 3540 Ne
2671 3484 2762 3541 cui
2797 3493 2979 3539 autem
3013 3485 3064 3538 in
3112 3499 3206 3539 sex
3247 3487 3406 3538 annis

1800 3577 1990 3632 decem
2040 3579 2291 3647 pariendi
2336 3581 2484 3633 vices
2534 3579 2880 3633 incredibiles
2922 3577 3233 3643 videantur,
3286 3577 3407 3647 lege

1798 3722 2027 3793 ἐπίσημα
2072 3727 2164 3775 τοῦ
2210 3719 2410 3775 Ἰακώϐ.
2461 3721 2830 3789 Cessernntque
2861 3718 3101 3793 Labtntp.
3144 3736 3259 3789 qua?
3291 3735 3399 3793 non

1797 3789 2187 3862 erant'signata
2212 3810 2229 3857 ;
2259 3809 2373 3861 qua:
2417 3810 2532 3846 vero
2573 3795 2775 3861 signata
2811 3803 2978 3856 erant,
3021 3789 3236 3844 Iacobo.
3280 3790 3397 3844 Iam

1797 3880 1945 3925 Vero,
1970 3864 2111 3931 quod
2142 3865 2370 3917 serotina
2401 3874 2456 3917 et
2482 3875 2811 3931 temporanea
2843 3862 3205 3931 llieronymus
3235 3862 3402 3915 inter-

1799 3936 2399 4003 pretaturautumnalis
2434 3950 2497 3988 ac
2547 3938 2695 3987 verni
2733 3934 2994 3996 ICIIll‘Ol'iS
3028 3935 3167 3987 fetus
3204 3932 3401 4005 (siqui~

1797 4007 1919 4060 dent
1951 4022 2017 4060 ex
2050 4006 2165 4071 ejus
2199 4020 2321 4058 mox
2354 4006 2678 4059 disserenda
2713 4009 3007 4068 sententia,
3037 4020 3168 4057 Oves
3200 4008 3250 4057 in
3295 4005 3401 4059 Me-

1795 4078 2091 4145 stipotatnia
2139 4076 2220 4129 bis
2250 4077 2475 4140 singulis
2520 4079 2675 4131 annis
2723 4074 3053 4143 pariebant),
3091 4075 3401 4129 Orientales

1798 4150 2127 4212 Interpreti-s
2152 4190 2163 4206 ,
2216 4147 2505 4201 Chalda-us
2532 4191 2545 4211 ,
2600 4149 2793 4218 Syrus,
2850 4160 3014 4215 atque
3054 4147 3229 4200 Arabs
3254 4160 3404 4218 _pto-

1798 4220 1955 4283 baut;
2000 4220 2313 4280 inpuenles,
2349 4219 2522 4288 virgas
2556 4216 2675 4272 illas
2713 4234 2817 4270 non
2850 4220 3206 4286 supposuisse
3244 4216 3403 4270 Iaco-

1800 4293 1925 4345 bum
1977 4306 2099 4343 eum
2147 4294 2489 4345 aututnnales
2539 4294 2680 4345 letus
2726 4291 3169 4356 conciperentur,
3215 4298 3400 4357 utpote

1799 4362 2213 4423 imbecilliores,
2274 4378 2412 4431 quos
2450 4364 2592 4415 ultro
2635 4360 2853 4431 Labant)
2886 4361 3233 4415 concederet.
3285 4362 3399 4415 Etsi

1799 4436 1946 4488 enim
1990 4434 2262 4501 proditum
2293 4429 2331 4487 e
2355 4433 2636 4487 Contraria
2686 4434 2756 4483 sit
2795 4429 3093 4483 Columella
3138 4431 3231 4486 lib.
3281 4448 3396 4494 vm,

1800 4521 1919 4573 cap.
1952 4508 1986 4561 5
2019 4524 2029 4555 :
2058 4502 2247 4575 Melior
2277 4516 2350 4557 est
2383 4520 2550 4575 agnus
2581 4504 2897 4555 autumnalis
2943 4518 3117 4562 verno.
3156 4504 3289 4557 sicut
3330 4507 3401 4559 ait

1800 4578 2062 4631 verissime
2092 4573 2293 4639 Celsus,
2324 4573 2456 4639 elc.,
2490 4576 2566 4627 sic
2598 4586 2777 4627 tamen
2806 4575 3085 4627 conciliari
3119 4590 3241 4628 cum
3272 4575 3395 4629 Ilie-

1802 4651 2117 4715 t'onymiana
2150 4646 2418 4700 sententia
2452 4656 2647 4715 potest.
2682 4656 2739 4697 ιιι
2771 4646 2829 4697 S.
2860 4644 3055 4699 doctor
3078 4645 3145 4698 de
3167 4662 3400 4715 reneep-
3472 4684 3483 4694 .

1801 4718 1963 4771 tionis
2010 4726 2429 4783 ιυηιμιιι·ο,,ιι‹›η
2479 4719 2548 4769 de
2594 4715 2753 4771 eti‘usi
2802 4728 3005 4783 partus,
3059 4719 3333 4784 subjectus
3373 4734 3400 4771 a

1799 4788 2002 4843 Iacobo
2055 4788 2233 4855 virgas
2277 4789 2631 4850 intelleJterit,
2675 4797 2836 4856 atque
2876 4789 3013 4841 adeo
3055 4796 3402 4854 lettiporanea

1801 4870 2025 4921 Vocarit,
2083 4874 2203 4927 quze
2253 4875 2379 4913 vere
2410 4860 2626 4927 quidem
2671 4860 3094 4924 eottcipet'entur
3129 4861 3194 4911 ad
3228 4858 3403 4928 virga-

1805 4947 1919 4985 rum
1953 4941 2251 4999 aspeetum,
2289 4931 2586 4983 edi-rentur
2611 4941 2792 4982 autem
2827 4940 3113 4981 autumno.

1875 5001 1898 5036 ·ν¹
1934 5003 2153 5069 Aliquot
2187 5016 2311 5053 mss.
2349 5014 2397 5055 et
2424 5000 2791 5072 aequalitatem,
2819 5010 2927 5053 etc.

1879 5086 1901 5108 υ
1937 5074 2101 5126 Iidem
2146 5074 2398 5143 quidquid
2439 5090 2555 5127 rero
2589 5084 2784 5141 postea,
2820 5084 2874 5125 et
2917 5086 3045 5124 mox
3091 5083 3196 5125 tam
3246 5074 3399 5143 nigri,

1804 5161 1957 5215 quam
1985 5143 2088 5197 albi
2116 5142 2326 5215 coloris.

1884 5214 1901 5252 ί
1932 5215 2084 5270 Unus
2113 5214 2333 5283 Regitur.
2357 5232 2458 5270 ms.
2486 5214 2690 5269 Grzrcis
2719 5216 2916 5269 litteris
2957 5225 3237 5271 TAAMH‘NA
3257 5222 3405 5268 Illl'O-

1806 5303 1910 5358 que
1942 5289 1993 5358 in
2031 5289 2167 5351 levo,
2200 5288 2336 5358 alius
2367 5288 2557 5342 Latine
2600 5287 2867 5340 laomena.

1881 5369 1905 5404 ις
1956 5356 2174 5413 Verbum
2213 5357 2523 5412 Hebraicum
2557 5358 2724 5413 Morti.
2756 5358 2898 5412 Editi
2925 5367 3082 5412 antea
3107 5358 3228 5412 libri
3261 5358 3411 5427 lege-

1808 5432 1936 5485 bant
1959 5435 2011 5484 in
2038 5430 2232 5495 plurali
2264 5442 2410 5491 aut:
2437 5435 2631 5485 monim
2659 5449 2676 5495 ;
2708 5430 2803 5483 sed
2826 5446 2923 5483 nos
2952 5431 3279 5499 singularem
3312 5446 3412 5485 titt-

1811 5519 2017 5556 merum
2052 5503 2193 5555 moui
2227 5506 2737 5573 reStittumusjuxta
2778 5502 2937 5555 fidem
2970 5518 3101 5556 mss.
3146 5506 3414 5568 exempla.

1810 5575 1973 5629 ritnu.
2012 5575 2278 5631 Manum.

1880 5678 1950 5686 -—
1979 5646 2116 5701 Vide
2145 5651 2200 5702 S.
2230 5649 2516 5716 Augustin.
2549 5647 2734 5715 Qum-1
2764 5646 2835 5703 95
2875 5647 2925 5699 iu
2947 5646 3083 5700 Gen.
3121 5647 3241 5702 Mox
3272 5664 3423 5704 vete-

1810 5734 1898 5772 res
1928 5719 2180 5774 Edimres
2219 5717 2457 5780 ΜΟΝΙΜ,
2487 5729 2545 5773 ut
2574 5721 2629 5772 in
2670 5718 2790 5786 ipso
2820 5730 2898 5773 est
2944 5717 3211 5775 Hebraico
3235 5736 3420 5777 exem-

1814 5790 1950 5858 piari
1977 5795 2140 5844 D‘JD.
