4010 6328
112 344 243 400 989

916 341 1117 397 LIBER
1159 336 1658 397 IIEBRAICARUM
1701 334 2174 411 QUAESTIUNL‘M
2217 344 2284 397 IN
2325 342 2659 401 GENESIM.

3332 340 3463 401 990‘

109 470 231 513 tein
283 458 445 512 Deum
492 456 890 512 transtulerunt
923 472 937 511 ι
974 471 1069 513 nos
1100 458 1272 527 magis
1316 456 1632 527 Scriptum,
1675 468 1729 513 ct
1757 467 1807 527 Α
1836 462 1967 519 urbs
1998 460 2159 515 unius
2194 461 2430 516 nominis
2456 469 2540 516 est
2574 459 2753 531 :quod
2789 462 2950 516 illam
2980 462 3049 517 de
3081 460 3325 533 pluribus
3350 458 3445 519 Ju-

106 554 355 625 Angeli,
394 554 481 607 vel
515 553 633 617 Dei,
669 552 759 622 qui
790 553 961 621 ipsum
1008 546 1174 605 Israel
1222 551 1450 615 veravit,
1486 553 1725 607 auctori-

107 654 244 700 tate
291 647 563 708 ducimur,
600 660 761 712 quam
800 643 1089 711 cujuslibet
1127 643 1455 713 eloquentia:
1500 638 1728 697 saecula-

104 740 225 794 ris.
264 739 399 795 Illud
426 753 639 807 quoque
666 736 809 805 quod
842 747 1029 805 postea
1064 735 1312 805 sequitur
1344 754 1358 791 :

190 832 385 903 (Vers.
402 831 472 885 29
486 829 668 899 et50.)
690 830 754 883 Et
774 830 1030 884 benedixit
1056 846 1171 884 eum
1186 830 1278 894 ibi,
1295 839 1342 883 et
1360 830 1554 883 vocavit
1568 829 1729 884 Jacob

103 924 297 996 358
325 938 508 977 nomen
542 922 642 977 loci
673 924 838 990 illius,
870 920 1058 976 Facies
1093 923 1187 976 Det
1222 940 1239 975 :
1266 923 1368 975 ridi
1395 925 1530 976 enim
1559 921 1730 976 Deum

108 1020 268 1089 facil
294 1019 361 1072 ad
386 1018 594 1088 faciem,
619 1028 667 1072 et
694 1018 838 1071 salua
871 1021 1007 1089 facta
1038 1027 1110 1071 est
1147 1019 1320 1070 anima
1366 1035 1478 1069 mea
1499 1036 1515 1081 ;
1540 1019 1591 1071 in
1628 1019 1732 1072 lle-

108 1086 285 1165 braeo
317 1086 520 1165 dicitur
559 1120 586 1148 ει
617 1120 865 1165 eussner.
908 1086 1138 1180 (Suuz).
1175 1119 1237 1163 ut
1270 1110 1509 1164 sciamus
1555 1112 1729 1180 ipsum

106 1218 251 1258 esse
284 1204 487 1269 locum,
514 1201 607 1273 qui
641 1202 694 1256 in
727 1203 944 1257 creteris
986 1202 1285 1271 Scripturte
1327 1212 1530 1256 sancta:
1577 1202 1733 1255 volu-

108 1296 392 1362 minibus,
429 1296 498 1349 ita
538 1304 599 1348 ιιι
645 1296 696 1348 in
750 1294 982 1349 Iiebrreo
1031 1295 1291 1364 scriptum
1335 1303 1451 1358 est,
1486 1292 1731 1347 Phanuel

106 1388 331 1458 legitur
358 1390 411 1443 in
442 1388 654 1444 Graeco.

194 1480 363 1553 (Cap.
397 1481 631 1537 XXXIII.
659 1512 729 1522 —
762 1481 917 1536 Vers.
958 1483 978 1535 l
1018 1491 1072 1537 et
1100 1480 1182 1552 2.)
1214 1480 1281 1534 Et
1326 1481 1500 1534 divisit
1546 1496 1733 1552 pueros

108 1586 293 1645 super
326 1574 476 1628 Liam
505 1585 552 1628 et
580 1586 734 1645 super
769 1573 997 1639 Rachel,
1040 1583 1088 1628 et
1136 1590 1288 1645 super
1319 1573 1447 1627 duas
1486 1572 1726 1635 ancillas,

106 1676 161 1718 et
217 1668 398 1736 posuit
437 1664 655 1721 ancillas
707 1676 753 1719 et
796 1667 936 1735 ﬁlios
967 1681 1143 1719 earum
1170 1667 1367 1735 primos
1392 1684 1409 1718 :
1436 1664 1585 1717 Liam
1611 1680 1731 1718 vero

111 1768 163 1808 ct
217 1772 415 1825 pueros
468 1758 576 1826 ejus
606 1756 630 1793 ι)
659 1758 985 1821 novissimos,
1016 1770 1061 1811 et
1102 1756 1297 1811 Rachel
1325 1766 1373 1809 et
1402 1758 1598 1826 Joseph
1632 1773 1727 1809 no.

1832 556 1964 610 diem
1992 556 2127 610 locis
2161 569 2453 623 possumus
2486 556 2737 610 invenire
2768 572 2781 608 :
2814 566 2869 610 ut
2892 555 3039 611 idem
3074 557 3226 611 urbis
3251 562 3304 611 et
3329 555 3439 612 loci

1834 658 2030 704 nomen
2080 651 2131 705 in
2166 651 2274 704 alia
2319 658 2483 719 atque
2512 650 2615 703 alia
2660 651 2803 706 tribu
2845 650 2950 716 sit;
2984 660 3077 706 aut
3104 661 3252 707 certe
3275 650 3437 708 istam

1830 743 2036 807 Salem,
2067 757 2188 811 qua}
2234 756 2378 797 nunc
2425 756 2525 811 pro
2568 738 2785 799 Sichem
2838 744 3439 810 nominatur,dielmus

1833 835 1924 889 hic
1973 835 2321 906 interpretari
2374 845 2796 902 consummatam,
2829 850 2991 906 atque
3030 842 3306 906 perfectam
3337 852 3354 891 :
3386 842 3443 892 et

1833 930 1981 984 illam
2024 946 2148 1000 qua:
2203 940 2396 1001 postea
2459 929 2764 985 Jerusalem
2812 931 2955 985 dicta
3010 940 3123 989 cst.
3172 931 3442 999 paciﬁcum

1832 1024 1996 1097 359
2036 1033 2224 1077 uestro
2271 1038 2527 1078 sermone
2580 1023 2886 1077 transferri.
2923 1020 3225 1092 Utrumque
3265 1022 3435 1091 enim,

1833 1126 2061 1169 aCCCIllII
2095 1116 2376 1185 paululum
2414 1114 2430 1152 ί
2463 1116 2759 1178 declinato,
2782 1115 2886 1169 hoc
2903 1114 3231 1167 vocabulum
3257 1123 3436 1170 sonat.

1832 1205 2077 1262 Tradunt
2101 1208 2342 1272 Ilebrmi,
2373 1206 2516 1276 quod
2544 1208 2906 1262 claudicantis
2947 1205 3123 1260 femur
3158 1204 3327 1261 Jacob
3359 1206 3436 1262 ibi

1832 1302 2196 1365 convaluerit,
2230 1310 2284 1356 et
2329 1306 2577 1356 Sanctum
2611 1301 2683 1355 sit
2715 1316 2728 1353 :
2760 1304 3043 1369 propterea
3076 1296 3324 1354 eamdem
3356 1300 3434 1355 cio

1834 1392 2054 1445 vitalem
2106 1394 2278 1447 curati
2326 1394 2487 1464 atque
2536 1393 2748 1464 perfecti
2800 1390 3122 1447 vocabulum
3168 1406 3437 1447 consecu-

1834 1492 1963 1537 tam.

1904 1574 2058 1647 (Cap.
2084 1570 2565 1633 XXXIV.—Vers.
2592 1576 2710 1650 20.)
2736 1577 2801 1630 Et
2826 1579 2956 1631 venit
2983 1576 3139 1631 Emor
3156 1587 3203 1632 et
3227 1577 3433 1633 Sichem

1834 1670 1974 1739 ﬁlius
2022 1670 2131 1737 ejus
2168 1669 2237 1721 ad
2282 1676 2485 1753 portam
2510 1670 2735 1723 civitatis
2772 1685 2899 1733 suae,
2934 1678 2978 1723 et
3029 1671 3187 1724 locuti
3217 1678 3335 1723 sunt
3362 1669 3433 1723 ad

1835 1764 1969 1815 viros
1994 1763 2209 1814 cit-italis
2238 1761 2485 1825 dicentes,
2521 1764 2616 1815 viri
2667 1760 2753 1817 isti
2787 1763 2992 1834 paciﬁci
3018 1761 3163 1815 nobis
3194 1761 3305 1833 [AL
3342 1779 3439 1815 no-

110 1849 390 1915 vissimos,
423 1858 468 1901 et
512 1850 620 1919 ipse
656 1850 893 1902 transiuit
933 1862 1054 1903 ante
1092 1865 1196 1903 eos.
1230 1848 1373 1913 Non,
1398 1858 1457 1903 ut
1487 1849 1731 1919 plerique
1763 1870 1809 1929 Β
1838 1853 2052 1925 biscttm]
2083 1863 2221 1907 sunt.
2256 1853 2359 1910 Ubi
2387 1870 2529 1910 nunc
2567 1856 2923 1923 Septuaginta
2960 1855 3290 1924 Interpretcs
3341 1872 3437 1926 pa-

110 1943 427 2005 aestimant,
463 1951 576 1995 tres
617 1950 827 1995 turmas
866 1940 1019 2003 fecit,
1054 1941 1149 1995 sed
1180 1941 1337 1994 duas.
1371 1941 1611 2009 Denique
1641 1941 1729 1993 tibi

108 2049 222 2089 nos
281 2034 570 2099 habemus,
598 2036 787 2102 divisit,
819 2035 1010 2103 Aquila
1067 2038 1267 2103 posuit,
1303 2046 1323 2071 ε
1351 2037 1649 2106 ἡμίσιυσεν,
1676 2034 1729 2087 id

108 2134 230 2190 est,
258 2126 583 2181 dimidisvit
614 2143 627 2181 ε
664 2136 718 2179 ιιι
759 2142 923 2179 unum
965 2138 1199 2180 cuneum
1250 2126 1453 2179 faceret
1508 2126 1735 2179 ancilla-

104 2235 240 2274 rum
296 2233 425 2272 cntn
487 2219 726 2288 parvulis
781 2220 916 2281 suis,
944 2228 1001 2273 et
1038 2220 1202 2272 alium
1242 2218 1373 2282 Lizt‘,
1401 2230 1455 2271 et
1503 2217 1732 2282 Rachel,

103 2328 241 2383 quas
273 2313 473 2367 liberae
519 2321 697 2378 erant,
729 2328 849 2367 cum
884 2312 1007 2367 ﬁliis
1048 2329 1231 2366 earnm
1268 2331 1279 2365 :
1313 2314 1621 2382 primasque
1652 2312 1735 2366 ire

110 2408 337 2462 faceret
366 2406 615 2472 ancillas,
644 2406 917 2462 secundas
955 2407 1195 2461 liberas:
1222 2406 1337 2475 ipse
1382 2416 1560 2459 autem
1610 2414 1735 2459 ante

112 2510 439 2568 utrumque
470 2500 957 2568 grcgem,lratrem
1006 2498 1334 2552 adoraturus
1390 2509 1733 2553 occurreret.

192 2595 390 2667 (Vers.
414 2594 527 2663 I7.)
558 2594 620 2646 Et
648 2595 924 2661 wdiﬁcouit
956 2593 1146 2665 ibi[Al.
1174 2592 1292 2663 sibi]
1312 2591 1473 2645 Jacob
1499 2592 1733 2657 domum,

116 2699 165 2742 et
199 2687 482 2758 pecoribus
510 2686 619 2743 suis
660 2687 937 2755 wdiﬂcatiit
980 2687 1315 2740 tabernacula
1346 2702 1363 2739 :
1388 2687 1501 2738 ideo
1542 2687 1736 2739 uocauit

123 2798 317 2835 nomen
361 2780 463 2833 loci
500 2781 643 2833 illius
684 2780 1058 2833 Tabernacula.
1108 2779 1205 2833 Ubi
1256 2793 1354 2831 nos
1406 2779 1737 2831 tabernacula

123 2873 443 2933 habemus,
506 2871 556 2923 in
608 2870 839 2924 Ilebrmo
899 2871 1283 2941 legiturmx‘)
1326 2885 1585 2924 socnorn.
1644 2870 1739 2923 Est

124 2973 310 3019 autem
344 2976 522 3031 usque
548 2963 710 3017 hodie
740 2962 933 3017 civitas
960 2973 1108 3017 trans
1130 2964 1426 3017 .lordanem
1452 2962 1551 3015 hoc
1579 2977 1738 3016 voca-

122 3059 254 3113 bulo
290 3060 344 3112 in
384 3066 538 3127 parte
568 3057 993 3127 Scythopoleos,
1025 3057 1093 3110 de
1124 3070 1228 3126 qua
1256 3058 1307 3109 in
1344 3058 1481 3110 libro
1514 3054 1537 3092 ἀ
1572 3055 1738 3110 ιοροο

132 3168 253 3207 ιιιιιι
287 3152 636 3221 scripsimus.

1835 1944 2009 2013 ciﬁcos
2042 1945 2463 2009 transtulerunt,
2498 1945 2690 2014 Aquila
2725 1945 3115 2012 interpretatus
3142 1956 3246 2004 est,
3269 1949 3436 2019 ἀπηρ-

1835 2037 2128 2106 τισμένους,
2164 2035 2212 2088 itl
2255 2044 2765 2106 est,consttmmatos
2808 2044 2968 2103 utine
3018 2036 3292 2105 perfectos,
3338 2052 3436 2105 pro

1836 2105 1943 2195 quo
1971 2128 2019 2180 in
2049 2127 2280 2181 ilebrteo
2309 2128 2504 2196 legitur
2529 2105 2776 2196 (τινών)
2797 2142 3054 2182 ssLsutu.
3078 2128 3152 2181 Ex
3178 2142 3286 2197 quo
3315 2143 3436 2197 per-

1838 2220 2082 2287 spicuum
2113 2228 2218 2286 est,
2252 2230 2437 2275 verum
2466 2230 2589 2275 esse
2623 2219 2758 2275 illud
2788 2220 2935 2290 quod
2968 2230 3133 2289 supra
3162 2221 3230 2275 de
3247 2221 3429 2275 Salem

1838 2310 2103 2365 diximus.

1910 2403 2103 2469 (Vers.
2147 2402 2278 2474 ss.)
2330 2402 2397 2457 Et
2450 2405 2751 2475 introgressi
2815 2414 2933 2459 sunt
2996 2406 3253 2458 civitatem
3312 2407 3439 2459 diti-

1840 2512 2045 2570 genter,
2082 2509 2127 2553 et
2158 2501 2529 2567 interiecerant
2558 2516 2705 2553 omne
2732 2500 3033 2552 masculum.
3068 2499 3172 2553 I‘ro
3204 2512 3269 2553 eo
3295 2499 3439 2569 quod

1843 2594 1893 2645 in
1920 2592 2125 2647 Gra'cis
2159 2592 2355 2662 legitur
2385 2594 2640 2666 ἀσφαλῶς,
2675 2593 2722 2644 id
2755 2603 2859 2656 est,
2890 2591 3166 2662 diligenter
3199 2608 3212 2645 :
3248 2593 3300 2645 in
3332 2592 3440 2646 lle-

1842 2687 1990 2739 bram
2021 2688 2279 2754 scriptum
2315 2694 2422 2753 est,
2456 2698 2593 2740 cert»:
2632 2684 2827 2755 (rma),
2862 2685 2913 2738 id
2950 2695 3054 2751 est,
3098 2686 3345 2739 audacter
3383 2696 3438 2741 et

1840 2777 2175 2847 conﬁdenter.

1911 2869 2064 2939 (Cap.
2097 2870 2314 2924 XXXV.
2348 2871 2497 2925 Vers.
2520 2871 2600 2941 6.)
2636 2872 2702 2924 Et
2725 2872 2859 2926 venit
2881 2871 3046 2925 Iacob
3076 2874 3131 2926 in
3163 2872 3355 2925 Lusum
3385 2875 3438 2927 in

1842 2974 2029 3016 terram
2060 2964 2326 3027 Chanaan,
2357 2976 2470 3027 qua:
2502 2974 2571 3017 est
2600 2964 2795 3018 l'elltcl.
2829 2964 2966 3017 Ecce
2997 2965 3441 3020 manifestissime

1842 3057 2252 3125 comprobatur,
2294 3055 2484 3109 Bethel
2537 3070 2644 3110 non
2698 3066 2722 3102 Β
2772 3054 3110 3120 Ulammaus,
3168 3065 3223 3111 ut
3274 3071 3439 3127 supra

1841 3150 2043 3204 dictum
2075 3157 2179 3213 est,
2204 3149 2296 3203 sed
2327 3148 2547 3215 Lusum,
2584 3149 2634 3203 id
2682 3158 2787 3217 est,
2818 3150 3135 3222 amygdalon
3182 3160 3308 3205 ante
3338 3165 3437 3205 vo-

196 3244 384 3314 (Vers.
428 3245 541 3311 18.)
573 3243 636 3297 Et
676 3246 811 3298 venit
847 3244 1013 3297 Jacob
1038 3244 1211 3297 Solem
1243 3244 1498 3297 civitatem
1528 3244 1734 3298 Sichetn
1764 3260 1809 3321 α
1843 3244 2084 3296 citatam.

127 3335 179 3388 in
212 3344 408 3390 terram
440 3332 710 3400 Chanaan,
740 3352 853 3388 cum
882 3339 1097 3388 venisset
1126 3335 1193 3387 de
1222 3334 1597 3403 MesOpotamia
1629 3337 1729 3406 Sy—

124 3428 243 3482 iite.
276 3427 452 3482 Error
478 3428 1036 3498 oberitttr,qtt0otodo
1061 3428 1270 3494 Saloni,
1294 3431 1511 3484 Sichom
1540 3430 1735 3483 civitas

125 3524 462 3593 appelletur,
496 3540 623 3579 eum
654 3524 962 3580 Jerusalem
1000 3528 1049 3579 in
1100 3540 1204 3591 qua
1244 3529 1485 3595 regnavit
1518 3526 1735 3580 Melchi-

126 3617 356 3683 sedech,
386 3618 571 3673 Solem
616 3627 742 3673 ante
788 3618 858 3673 sit
901 3618 1065 3673 dicta.
1106 3620 1259 3673 'Ant
1300 3620 1462 3687 igitur
1508 3630 1736 3689 utraque

131 3754 334 3818 Poenis,
368 3754 642 3810 Eusebius
680 3755 981 3827 Prztjparat.
1016 3750 1221 3827 Evjmg.
1258 3770 1333 3818 χι,
1369 3753 1733 3827 ϋηοιγιιψὶο-

129 3829 295 3879 tlorns
344 3827 399 3881 in
454 3842 572 3893 cap.
607 3843 622 3882 ι
672 3824 1048 3889 Ecclesiastes,
1082 3823 1341 3896 Didymus
1384 3825 1477 3879 liii.
1516 3823 1582 3880 de
1612 3828 1735 3896 Spi-

132 3898 234 3970 ritu
263 3898 496 3961 Sancto,
528 3908 690 3970 atque
734 3897 824 3951 alii
857 3897 1238 3970 passlm,_qnos
1267 3898 1331 3947 ad
1363 3914 1483 3950 cum
1522 3899 1732 3970 Didymi

134 3968 334 4027 locum.
363 3985 521 4023 nunt.
553 3966 621 4023 Η
655 3984 1041 4022 memoramus.
1074 3966 1151 4019 Eo
1189 3982 1403 4034 qucque
1452 3966 1733 4024 referendi

131 4050 255 4092 sunt
288 4042 435 4096 bene
464 4042 637 4117 mult_i_.
666 4041 860 4108 quibus
902 4039 1062 4092 Israel
1108 4039 1301 4117 dicitur
1343 4040 1575 4117 ὁρατικὸς
1608 4045 1733 4114 ἀνήρ

131 4114 206 4190 ζαὶ
230 4112 559 4190 θεωρητικᾲς.
589 4110 705 4190 Ilua
741 4126 864 4162 vera
896 4119 1001 4175 est,
1032 4126 1194 4190 quam
1223 4108 1447 4165 IIiert'in.
1475 4108 1733 4180 l'crept'ai-

132 4181 231 4237 fert
259 4179 567 4248 ex'pnsitio,
608 4183 852 4251 Princeps
880 4198 995 4233 cum
1022 4179 1150 4233 Deo.

200 4261 225 4289 ι
252 4251 316 4307 In
352 4254 582 4309 Hebrteo
603 4252 795 4306 dicitur
828 4251 1088 4306 Phanuel.
1122 4251 1175 4306 In
1212 4252 1442 4308 Ilehrmo
1462 4253 1733 4309 hodierno

134 4356 236 4397 non
279 4329 449 4406 5:023
500 4343 739 4398 Phanuel
780 4360 901 4399 cum
935 4361 1033 4396 ritu
1089 4343 1140 4396 io
1186 4344 1398 4411 medio,
1436 4346 1529 4398 sed
1575 4328 1736 4405 εδιτιὲ

138 4411 355 4484 Phaniel
389 4418 479 4471 vel
507 4415 694 4470 Pttniel
724 4430 846 4468 cum
868 4416 967 4484 jod
996 4415 1258 4480 scriptum
1289 4416 1537 4483 legimus.
1575 4417 1727 4471 Fari-

137 4483 393 4556 lisnporro
424 4495 513 4543 est
540 4488 847 4542 litterarum
869 4483 975 4540 ’vau
1008 4496 1061 4539 et
1082 4484 1181 4556 jod
1216 4499 1567 4551 permutatio,
1610 4492 1733 4552 quia

135 4554 392 4629 dilierunt
438 4561 550 4615 sola
590 4558 962 4627 magnitudine
990 4554 1399 4622 vel’parvitate,
1450 4559 1594 4629 qttod
1631 4574 1735 4613 sio-

136 4628 255 4693 pius
286 4634 553 4686 observat
587 4630 963 4701 Hieronymus.
992 4630 1260 4683 Maurus.

202 4726 273 4740 -—
296 4702 391 4755 ilic
412 4703 632 4769 quidem
660 4703 711 4756 in
748 4700 1027 4757 Hebraicis
1059 4700 1463 4769 exemplaribus
1491 4716 1611 4755 cuin
1646 4702 1737 4767 jod

134 4794 385 4849 scribitur
411 4774 593 4859 5mm,
618 4796 714 4849 sed
763 4797 816 4849 in
860 4795 1211 4863 subsequenli
1265 4795 1535 4863 versiculo
1566 4810 1684 4847 cum
1715 4800 1736 4849 Ί

137 4898 251 4945 vau,
490 4886 557 4941 Et
585 4903 599 4941 ι
632 4862 1199 4955 Ρπίιιίροηιρηίνιιι,
1233 4883 1324 4953 24,
1355 4862 1535 4947 5WD.
1569 4888 1730 4953 chcri,

139 4988 255 5043 qu:e
279 4978 738 5034 Massoretharum
761 4990 842 5033 ρει
872 4979 936 5031 ad
968 4979 1267 5047 marginem
1301 4986 1449 5042 nota,
1472 4956 1652 5037 581:5.

212 5066 237 5105 δ
266 5067 483 5125 Erasm.
523 5088 585 5126 ac
616 5071 893 5126 Victorius
923 5071 1191 5135 secundos,
1224 5071 1730 5126 contradicentibus

144 5152 268 5193 mss.
304 5144 528 5213 ipsoque
556 5143 825 5196 llehraico
852 5153 1018 5195 textu.

213 5240 277 5249 —
300 5210 503 5286 Pueros
527 5217 637 5286 ejus
661 5212 979 5268 novissimos.
1009 5212 1110 5266 Pro
1138 5210 1438 5286 novissimos
1459 5211 1725 5270 editiones

145 5290 359 5352 \lelercs
387 5283 688 5349 posite—runt
718 5286 967 5338 secundos
1000 5302 1011 5337 :
1043 5283 1396 5352 manuscripli
1424 5293 1602 5338 autem
1635 5302 1726 5340 co-

146 5349 293 5406 dices
320 5351 517 5409 liabn-nt
567 5358 903 5422 novissimos;
936 5370 1031 5408 nec
1068 5349 1344 5407 immerito
1394 5356 1462 5408 ita
1500 5359 1679 5421 legunt
1707 5400 1721 5419 ,

149 5434 264 5495 cum
297 5422 350 5477 in
387 5430 500 5495 ipso
541 5428 810 5483 Hebraico
844 5433 1104 5481 contextu
1138 5424 1225 5479 lilii
1268 5424 1374 5479 Lin:
1419 5429 1579 5493 positi
1612 5428 1720 5483 sint

151 5494 346 5553 D‘J‘lEN
396 5494 695 5553 obltm'onim
722 5541 734 5561 ,
769 5497 819 5552 id
852 5508 957 5565 est,
994 5496 1300 5567 posteriores
1333 5511 1393 5549 ac
1434 5501 1713 5565 novissimi,

151 5568 597 5641 quemadmodum
624 5580 677 5625 ei
706 5570 798 5626 lilii
839 5569 1088 5623 Rachelis
1124 5570 1454 5641 posteriores
1501 5586 1719 5641 quoque

154 5627 389 5709 feruntur
410 5644 587 5709 positi.
620 5642 751 5709 Qute
775 5641 931 5697 lectio
962 5627 1207 5693 lirntaiur
1253 5642 1488 5693 maxime
1519 5627 1716 5695 lliei'o-

155 5708 806 5781 nyniianacunctatione,
857 5724 958 5781 qua
1004 5710 1192 5766 Statuit
1249 5711 1303 5764 S.
1342 5710 1563 5777 Ductor,
1611 5728 1716 5769 non

155 5780 262 5827 tres
287 5794 485 5835 cuneos
514 5785 706 5841 fecisse
747 5785 936 5849 Jacob,
967 5783 1060 5837 sed
1097 5784 1233 5836 duos
1259 5792 1493 5847 tantum;
1526 5801 1717 5853 nempe

159 5856 312 5906 tutum
361 5867 587 5915 cuneum
635 5857 952 5913 ancillarum
1002 5871 1124 5910 cum
1175 5856 1418 5929 parvulis
1475 5858 1604 5923 suis,
1665 5868 1717 5912 et

1908 3335 2089 3406 (Vers.
2116 3333 2198 3403 8.)
2230 3333 2295 3387 Et
2334 3344 2540 3389 mortua
2582 3345 2653 3389 est
2701 3334 2941 3389 Debbora
2968 3337 3148 3389 nutris:
3180 3333 3439 3401 Rebecctt,

1840 3427 1862 3465 ¹¹
1890 3439 1939 3482 et
1970 3429 2171 3496 sepulto
2197 3439 2271 3482 est
2308 3432 2465 3501 juxta
2512 3427 2713 3483 Bethel.
2747 3428 2804 3485 Si
2849 3438 3064 3483 mortua
3124 3440 3206 3482 est
3256 3428 3438 3481 nutrix

1842 3521 2093 3575 Ιὶιεὶηραυ
2144 3524 2360 3575 nomine
2412 3522 2677 3587 Ilebbnra,
2709 3530 2763 3575 ut
2810 3522 3168 3591 Septuaginta
3220 3532 3437 3587 quoque

1843 3615 1927 3667 hic
1953 3613 2289 3683 Interpretcs
2320 3615 2737 3681 transtulerunt,
2767 3624 2821 3670 et
2868 3616 3041 3684 ipsum
3084 3613 3309 3667 verbum
3356 3622 3443 3667 est

1841 3755 2006 3808 alium
2045 3754 2152 3808 Lim
2182 3764 2233 3806 σοι
2266 3753 2538 3813 Racltelis.
2566 3770 2691 3825 qua:
2718 3755 2901 3809 liberte
2933 3764 3108 3819 erant,
3148 3767 3267 3807 cum
3315 3754 3440 3812 liliis

1843 3843 2050 3880 earnm.
2094 3825 2364 3879 Maurus.

1918 3908 1938 3935 ο
1968 3899 2239 3970 μαριυιημ
2291 3897 2423 3951 editi
2466 3900 2738 3969 ἡμὶσυσῑν,
2795 3912 2891 3967 pro
2932 3899 3241 3970 ἡμίσευσεν,
3293 3897 3440 3967 quod

1845 3968 2143 4037 privi'erunt
2176 3984 2303 4020 mss.

1912 4037 1936 4075 ά
1967 4040 2357 4093 ltecensuimus
2382 4055 2541 4109 supra
2573 4039 2808 4093 column.
2843 4036 2967 4091 270.

1918 4118 1940 4145 θ
1978 4109 2123 4163 Unus
2156 4110 2372 4179 Regina:
2396 4108 2525 4163 mss.
2558 4113 2658 4163 Aut
2689 4109 3025 4181 itaqurunius
3054 4108 3193 4161 urbis
3224 4117 3439 4181 utraque

1843 4181 2064 4233 nominis
2094 4190 2166 4233 est
2192 4182 2572 4245 interpretatio,
2608 4182 2742 4251 quod
2765 4182 2938 4242 etiam,
2973 4190 3076 4235 ulc.

1921 4251 2189 4305 fAccentu
2243 4252 2511 4317 paululum
2557 4250 2835 4313 declinato,
2871 4265 2977 4304 etc.
3028 4254 3301 4304 Accenlus
3345 4250 3440 4308 ille

1843 4324 2035 4377 litters:
2068 4324 2121 4383 ω
2158 4326 2438 4391 panlnltttn
2471 4325 2798 4386 declinatus,
2848 4331 3068 4375 notatur
3110 4321 3273 4376 hodie
3303 4338 3441 4391 pun-

1840 4395 1986 4448 ctulo
2020 4396 2289 4464 superiori
2334 4395 2527 4448 dextro
2562 4396 2645 4446 vel
2691 4395 3004 4464 sinistroad
3040 4393 3188 4447 hunc
3216 4396 3436 4450 modum

1840 4465 1909 4525 ω,
1938 4470 2008 4526 tv.
2038 4462 2102 4519 Ini
2125 4468 2317 4520 Iexiois
2350 4478 2527 4519 tamen
2559 4465 2805 4519 Hebraeis
2832 4462 3149 4520 Salcntcum
3184 4472 3442 4533 ιιιηοιιιιο

1842 4538 1893 4590 itt
1914 4539 2138 4592 dextera
2172 4548 2322 4602 parte
2351 4536 2545 4589 ililt't'it
2573 4540 2625 4588 ω
2650 4534 2917 4605 signiﬁcat
2943 4546 2998 4589 et
3024 4550 3437 4593 consummatum

1762 4606 1811 4664 D
1839 4617 1895 4661 ct
1927 4610 2223 4677 paci/iram.
2260 4608 2411 4662 Unde
2446 4607 2614 4675 liquet
2641 4622 2853 4661 veteres
2898 4608 3159 4662 Hebraeos
3192 4611 3438 4664 nonniltil

1843 4679 2160 4744 discrepare
2208 4688 2261 4734 et
2302 4681 2601 4732 dissentne
2644 4680 2710 4731 ali
2747 4678 3049 4732 ltodiernis.
3078 4681 3281 4733 (.onft-r
3336 4682 3438 4735 ista

1842 4765 1965 4803 cum
1992 4763 2180 4805 nostra
2215 4748 2474 4817 Apologia
2512 4749 2852 4821 Ilicronymi,
2880 4762 2929 4821 et
2954 4767 3076 4803 cum
3113 4765 3243 4803 voce
3273 4752 3443 4805 Sabee

1841 4832 1998 4875 antea
2035 4824 2206 4887 posita
2236 4834 2355 4888 cap.
2392 4836 2537 4882 xxvi,
2574 4820 2834 4874 vei-5.53.
2868 4820 3135 4874 Maurus.

1911 4929 1981 4940 -—
2003 4897 2135 4955 Vide
2157 4914 2278 4969 quas
2298 4912 2459 4969 Supra
2480 4900 2547 4953 de
2561 4897 2677 4952 Issa
2700 4899 2764 4950 ad
2798 4897 2996 4951 Gettes.
3020 4914 3067 4951 c.
3096 4912 3153 4962 Il,
3189 4914 3239 4953 ν.
3270 4901 3362 4963 ‘25,
3386 4910 3440 4956 rt

1839 4973 1905 5026 de
1928 4974 2090 5027 Sabee
2118 4973 2167 5024 iu
2189 4985 2309 5038 cap.
2344 4982 2496 5031 sit",
2522 4986 2571 5023 v.
2596 4972 2685 5032 55,
2711 4970 2797 5021 tibi
2821 4969 3010 5022 eadem
3046 4972 3272 5025 recurrit
3296 4974 3441 5027 difil-

1840 5045 2033 5107 cultas,
2064 5043 2323 5097 diximus.
2359 5040 2473 5094 Iioc
2509 5042 2773 5114 proiecto
2796 5042 2961 5109 liquet
2988 5055 3050 5094 es
3083 5040 3436 5114 Hieronymo,

1841 5117 2073 5170 litteram
2114 5118 2167 5165 ω
2216 5129 2312 5180 pro
2349 5114 2565 5165 diversa
2613 5112 3006 5181 signiﬁcatione
3055 5112 3335 5176 vocabuli,
3386 5116 3437 5168 in

1837 5202 1944 5257 qtto
1972 5198 2113 5251 erat,
2147 5194 2372 5238 accentu
2404 5184 2534 5238 olim
2575 5185 2742 5239 fuisse
2770 5183 3108 5237 distinctam.
3144 5184 3433 5239 Rccentio-

1836 5274 1923 5311 res
1955 5257 2306 5312 Gt-ammatici
2348 5272 2468 5311 eam
2514 5268 2696 5309 notam
2741 5259 2792 5308 in
2843 5264 3105 5325 punctum
3140 5269 3441 5310 commuta-

1832 5333 1961 5391 rint,
1988 5331 2129 5396 quod
2158 5326 2401 5383 alterutri
2433 5328 2553 5397 ejus
2580 5330 2776 5380 littera:
2809 5340 3076 5381 cornuum
3112 5331 3395 5395 imponunt
3426 5344 3440 5393 ;

1831 5422 2047 5499 tametsi
2088 5422 2138 5474 in
2175 5423 2452 5499 proposito
2475 5401 2605 5476 D511!
2638 5420 2885 5499 nomine,
2921 5422 3005 5474 vel
3040 5422 3297 5499 intcgruin
3349 5436 3435 5499 so-

1831 5506 1941 5555 net,
1968 5493 2050 5548 vel
2090 5490 2389 5562 paciﬁcum,
2425 5504 2686 5564 punctum
2722 5491 2776 5545 in
2810 5490 3040 5545 dextero
3070 5490 3239 5546 cornu
3274 5493 3436 5555 hodie

1869 5576 2072 5621 ineunt.

1869 5581 2072 5621 llI‘JlIIll.

1830 5581 1862 5635 Ρ
1902 5620 2059 5692 ε’Βιιο
2082 5632 2302 5703 Regina:
2329 5650 2461 5689 mss.
2490 5632 2897 5689 Ulammaatam.
2928 5629 3063 5689 Vide
3090 5648 3210 5705 qum
3249 5645 3305 5689 et
3336 5651 3437 5693 nos

1828 5722 1989 5762 SliIii‘a
2013 5718 2357 5762 annotatnus.

1914 5795 1926 5817 ι
1956 5778 2107 5835 Unus
2148 5778 2372 5853 Regina;
2403 5786 2536 5831 mss.
2574 5775 2777 5846 sepulta
2813 5783 2886 5829 est
2936 5778 3173 5853 superius
3203 5774 3383 5845 Bethel
3416 5796 3434 5845 ς

1828 5854 1964 5909 alter
1990 5853 2166 5907 subtus
2192 5850 2392 5909 Bethel.
