3998 6390
120 342 237 404 IO0I

885 352 1090 408 LIBER
1131 350 1635 409 IIEBRAICARUM
1675 348 2151 421 QUIESTIONUM
2194 350 2259 407 ΙΝ
2300 350 2622 410 GENESIM.

3274 364 3409 420 10υέ

182 461 336 532 (Cap.
362 462 780 522 XLVL—Vers.
803 466 875 524 ‘26
900 468 1154 538 etscqq.)
1212 467 1401 521 Omnes
1428 483 1548 537 ergo
1591 466 1705 519 ani-
1732 474 1778 533 Α
1812 466 1898 521 hic
1943 468 2281 536 septuaginta
2320 466 2560 537 quinque
2587 466 2802 521 animas
2832 482 2930 537 per
2980 472 3251 546 πρόληψιν,
3290 491 3411 531 cum

114 570 226 619 mw,
257 572 374 626 quae
398 558 643 629 ingressa:
680 570 937 615 suntcum
973 559 1136 615 Jac‘ob
1168 559 1486 631 ngyplum,
1517 569 1565 613 et
1592 574 1709 630 qua:

113 650 339 704 exierunt
360 650 423 705 de
454 653 733 722 femoribus
749 657 883 727 ejus,
915 656 1106 719 absque
1145 652 1447 707 mulieribus
1477 652 1710 718 filiorum

113 738 293 806 Jacob,
320 744 508 798 anima:
535 746 803 817 sexaginta
846 761 973 810 sex;
1006 746 1102 814 ﬁlii
1133 753 1305 799 autem
1351 742 1571 811 Joseph,
1622 742 1711 812 qui

116 834 219 887 nati
245 845 365 889 sunt
410 838 456 891 ei
500 838 555 891 in
581 836 839 911 eEgypto,
898 839 1088 893 anima:
1132 854 1333 892 novem.
1370 836 1560 890 Omnes
1590 851 1712 905 ergo

114 926 323 992 animae,
363 944 477 998 qua:
503 930 747 1002 ingressa:
775 943 895 985 sunt
946 946 1062 985 cum
1105 930 1269 984 Jacob
1314 930 1369 983 in
1396 927 1712 999 Egyptum,

107 1020 437 1093 septuaginta
480 1022 725 1091 quinque.
776 1022 932 1089 Quod
978 1030 1213 1093 excepto
1264 1021 1469 1091 Ioseph
1511 1020 1715 1075 etilliis

103 1112 226 1183 ejus
258 1113 544 1182 sexaginta
572 1129 669 1169 sex
696 1116 929 1179 animae,
960 1130 1084 1179 quae
1112 1129 1353 1186 egressa:
1384 1123 1512 1167 sunt
1542 1112 1610 1167 dc
1639 1112 1716 1167 te-

100 1203 356 1260 moribus
384 1203 582 1271 .lacob,
608 1205 942 1262 introierunt
967 1206 1288 1279 Egyptum,
1322 1206 1469 1261 nulla
1497 1204 1716 1260 dubita-

107 1297 183 1351 tio
218 1305 321 1350 est.
354 1296 431 1351 Ita
482 1300 650 1365 enim,
699 1307 756 1354 et
808 1300 1069 1369 paulatim
1104 1314 1202 1369 per
1232 1298 1480 1368 singulos
1509 1313 1717 1369 suppu-

111 1398 256 1444 tatus
284 1406 547 1446 numerus
568 1394 859 1462 approbat,
916 1406 970 1447 et
998 1394 1162 1465 37o
1203 1393 1257 1448 in
1288 1392 1534 1448 Hebraeis
1563 1393 1717 1447 volu-

112 1483 356 1539 minibus
385 1486 680 1541 invenitur.
729 1486 842 1542 Hoc
873 1497 1055 1543 autem
1095 1488 1241 1558 quod
1275 1489 1327 1542 in
1359 1488 1716 1558 Septuaginta

108 1578 347 1647 legimus
398 1596 411 1631 :
463 1578 591 1633 Filii
633 1591 804 1633 autem
851 1579 1046 1650 Joseplt
1082 1625 1096 1647 ,
1137 1582 1224 1651 qui
1265 1581 1371 1634 nati
1409 1589 1529 1635 sunt
1574 1583 1622 1631 ei
1666 1579 1718 1631 in

108 1668 350 1741 «Egypto
391 1672 580 1725 animm
610 1689 789 1727 novem
814 1690 833 1727 :
860 1675 1100 1729 sciamus
1155 1675 1208 1728 in
1242 1673 1476 1728 Hebraeo
1500 1688 1597 1741 pro
1628 1688 1721 1724 no-

107 1778 239 1827 rem,
272 1777 396 1819 esse
448 1764 600 1819 duas.
641 1765 898 1836 Ephraim
951 1766 1155 1838 quippe
1183 1766 1532 1831 etMauasse,
1563 1772 1716 1819 ante-

1810 557 2037 627 Joscph,
2092 569 2144 613 et
2175 558 2410 629 posteris
2457 560 2570 613 suis
2624 559 2924 630 Egyptum
2982 564 3259 631 ingrcsst
3290 581 3413 621 esse

1811 650 2086 716 dixerunt,
2116 651 2167 704 in
2201 651 2627 706 Denterouomio
2680 656 3024 723 septuaginta
3079 666 3284 711 tantum
3335 658 3420 713 in-

1816 754 1991 799 trasse
2015 744 2123 817 [AL
2143 745 2400 799 introisse
2424 745 2751 817 memorant]
2786 751 3342 815 memorarunt.Quod
3372 750 3417 806 si

1814 851 1844 891 c
1867 837 2147 891 contrario
2171 836 2330 891 nobis
2362 835 2496 891 illud
2522 840 2841 907 opponitur,
2867 840 3142 909 quomodo
3171 840 3331 913 371
3362 844 3415 897 iu

1816 928 2043 983 Actibus
2074 928 2459 998 Apostolorum
2498 929 2640 999 (vn),
2672 930 2723 984 in
2753 930 3021 986 concione
3046 932 3308 1003 Stephani
3339 933 3422 989 di-

1816 1036 1971 1078 catur
1993 1023 2059 1077 ad
2100 1023 2379 1091 pupulum,
2408 1024 2750 1093 septuaginta
2803 1024 3044 1095 quinque
3082 1026 3292 1081 animas
3340 1027 3423 1081 itt-

1817 1130 2032 1185 gressas
2061 1129 2185 1169 esse
2212 1113 2543 1185 Egyptum;
2580 1113 2756 1169 facilis
2812 1118 3099 1171 excusatio
3153 1128 3254 1172 est.
3306 1117 3426 1173 Non

1819 1208 1963 1261 enim
2018 1205 2208 1262 debuit
2269 1215 2493 1260 sanctus
2538 1204 2715 1261 Lucas
2748 1248 2762 1272 ,
2819 1209 2908 1276 qui
2964 1209 3132 1277 ipsius
3180 1210 3423 1265 historia:

1820 1302 2054 1371 scriptor
2077 1310 2182 1366 est,
2210 1302 2260 1354 in
2304 1310 2496 1369 gentes
2558 1300 2793 1355 Actttum
2829 1304 3218 1371 Apostolorum
3266 1305 3423 1359 volu-

1819 1410 1941 1449 men
1967 1395 2245 1455 emittens,
2279 1394 2611 1447 contrarium
2642 1393 2850 1463 aliquid
2899 1395 3149 1449 scribere
3182 1396 3197 1433 ί
3232 1396 3427 1452 adver-

1821 1503 1917 1543 sus
1941 1504 2060 1541 eam
2090 1488 2453 1558 Scripturam,
2478 1502 2598 1556 qua:
2625 1486 2735 1556 jam
2761 1486 2937 1542 fuerat
2966 1489 3220 1556 gentibus
3243 1490 3425 1544 divul-

1822 1588 1964 1649 gata.
1996 1578 2063 1633 Et
2092 1581 2277 1649 utique
2302 1578 2525 1648 majoris
2566 1579 2839 1647 opinionis
2861 1578 3257 1635 illodmntaxat
3290 1592 3423 1637 tent-

1824 1687 1957 1740 pore
1984 1670 2341 1740 Septuaginta
2371 1670 2733 1739 luterpretutn
2767 1669 3075 1725 habebatur
3104 1674 3423 1741 auctoritas,

1824 1780 1983 1833 quam
2006 1762 2191 1827 Lucae,
2220 1764 2311 1833 qui
2357 1762 2593 1832 ignotus,
2628 1771 2681 1815 et
2718 1762 2859 1821 vilis.
2885 1771 2940 1817 et
2970 1780 3075 1817 non
3110 1778 3317 1834 magna:
3367 1764 3433 1819 ﬁ-

104 1870 269 1924 quam
320 1854 489 1910 Jacob
536 1858 768 1913 intraret
816 1857 1141 1929 Egyptum,
1195 1868 1249 1912 ct
1302 1857 1460 1911 lamis
1498 1867 1720 1926 tempus
1751 1872 1799 1932 Β
1825 1860 1911 1913 dei
1941 1858 1994 1913 in
2025 1856 2339 1911 nationibus
2371 1856 2479 1928 [ΑΙ.
2512 1854 2787 1928 gentibus]
2818 1856 3142 1913 ducebatur.
3192 1859 3303 1914 Hoc
3331 1875 3434 1915 au-

105 1947 411 2019 ingrueret,
466 1951 579 2005 nati
651 1964 777 2006 sunt
835 1952 905 2006 de
948 1952 1194 2007 Aseneth
1247 1951 1559 2020 Putipharis
1610 1950 1720 2005 lilia

106 2040 156 2092 in
208 2039 472 2113 Atigypto.
526 2042 637 2098 Sed
701 2053 757 2098 et
810 2043 967 2109 illud,
1020 2043 1163 2114 quod
1216 2059 1380 2114 supra
1436 2044 1718 2113 legimus:

105 2130 264 2187 Facti
304 2146 624 2189 cantantem
674 2134 771 2201 ﬁlii
831 2134 1075 2191 Manasse
1104 2146 1153 2202 ⁸,
1209 2153 1338 2207 quos
1390 2134 1498 2208 [ΑΙ.
1548 2134 1721 2207 quem]

52 2282 57 2285 ἠ
100 2227 287 2294 genuit
328 2227 375 2280 ei
425 2226 708 2280 concubina
739 2225 900 2297 Syro,
949 2225 1174 2291 Macltir,
1209 2236 1257 2280 et
1295 2226 1498 2280 Machir
1549 2228 1724 2299 genuit

103 2318 359 2384 Galaud;
398 2320 495 2388 ﬁlii
523 2330 695 2375 autem
740 2320 991 2391 Ephraim
1042 2321 1222 2393 fratris
1266 2319 1531 2388 Manasse,
1565 2321 1725 2375 Suth-

96 2415 306 2481 alaam,
366 2424 415 2469 et
471 2413 670 2468 Thaam
700 2413 727 2453 ι)
779 2432 797 2468 :
856 2416 953 2484 filii
1002 2430 1119 2469 vero
1164 2414 1475 2469 Suthalaant
1522 2412 1720 2482 Edem,

102 2523 122 2547 ε
150 2509 409 2563 additum
434 2519 521 2565 est
552 2525 565 2562 :
595 2510 641 2564 si
670 2509 889 2578 quidem
945 2509 998 2563 id
1053 2508 1197 2577 quod
1233 2516 1422 2577 postea
1471 2507 1720 2577 legimus,

97 2603 263 2675 quasi
320 2618 426 2674 per
464 2603 919 2673 anticipationem
954 2602 1159 2657 factum
1203 2617 1327 2657 eSse
1375 2601 1725 2658 describitur.

100 2697 302 2769 Neque
326 2693 354 2733 ά
388 2698 536 2752 enim
567 2692 660 2752 illo
691 2708 964 2767 tempore,
1001 2714 1111 2768 quo
1137 2698 1423 2768 ingressus
1453 2706 1539 2752 est
1559 2697 1727 2753 Iacob

98 2789 413 2861 A‘ngptum
435 2831 449 2857 ,
472 2790 595 2859 ejus
641 2792 818 2845 aetatis
871 2800 1027 2845 erant
1060 2789 1314 2860 Ephraim
1347 2799 1403 2845 et
1449 2790 1725 2857 Manasse,

98 2893 159 2937 ut
186 2882 334 2937 Iilios
360 2896 628 2946 generare
651 2883 951 2953 potuerint.
986 2881 1062 2937 Ex
1095 2896 1205 2951 quo
1238 2881 1586 2937 manifestum
1617 2891 1721 2950 est,

97 2990 299 3031 omnes
332 2974 573 3039 animas,
606 2990 728 3046 qua:
766 2976 1027 3046 ingressae
1054 2983 1182 3030 sunt
1210 2974 1503 3047 Egyptum
1534 2974 1603 3031 de
1649 2973 1726 3029 [θ-

99 3071 358 3123 moribus
402 3068 600 3133 Iacob,
655 3069 823 3125 luisse
862 3070 1233 3140 septuaginta.
1266 3070 1394 3125 dum
1444 3069 1727 3139 sexaginta

95 3178 193 3218 sex
228 3170 432 3233 postea
458 3163 719 3233 ingressae
746 3172 905 3226 sunt,
938 3172 993 3217 et
1020 3174 1347 3232 repererunt
1375 3162 1481 3234 [AL
1517 3179 1727 3234 pepere—

95 3255 245 3328 runt]
279 3255 335 3310 in
369 3254 615 3325 [Egypto
646 3265 755 3310 tres
805 3256 1041 3321 animas,
1069 3256 1274 3327 Ioseph
1322 3258 1550 3321 scilicet,
1599 3272 1722 3311 cmn
1750 3262 1795 3325 (ἶ

90 3349 315 3404 duobus
354 3347 492 3401 tiliis
518 3348 659 3416 ejus,
692 3351 1134 3420 septuagesimus
1186 3358 1365 3404 autem
1412 3350 1529 3419 ipse
1563 3349 1727 3404 fuerit

91 3442 295 3497 ὅποι).
328 3440 491 3495 Hanc
514 3456 653 3505 rem,
682 3457 749 3496 ne
789 3441 874 3497 cui
908 3443 1189 3497 videamur
1218 3444 1509 3497 adversum
1539 3441 1725 3510 Scrip-

93 3548 238 3592 tura:
270 3536 679 3591 auctoritatem
720 3537 894 3606 loqui.
947 3539 1113 3615 etiam
1147 3540 1502 3610 Septuaginta
1552 3538 1726 3593 Inter-

92 3644 284 3700 pretes
340 3631 401 3686 in
463 3631 898 3687 Denternuomio
945 3634 1024 3705 (x,
1073 3634 1170 3701 22)
1221 3645 1243 3672 θ
1279 3635 1721 3700 transtulerunt,

88 3725 319 3795 quodin
368 3724 729 3795 septuaginta
781 3725 1074 3781 animabus
1120 3726 1406 3797 ingressus
1451 3729 1523 3781 sit
1557 3725 1727 3781 Iacob

94 3818 207 3889 [Αἰ.
267 3817 476 3891 Israel]
537 3817 591 3872 itt
649 3816 968 3890 Egyptutn.
1030 3820 1087 3877 Si
1137 3823 1259 3891 quis
1311 3822 1475 3893 igitur
1524 3833 1728 3877 uosmn

94 3913 400 3968 sententiae
442 3910 780 3981 refragatur,
815 3913 1162 3982 Scripturam
1220 3915 1366 3971 inter
1394 3930 1455 3970 se
1510 3925 1733 3969 contra-

94 4005 236 4061 riam
270 4004 469 4062 faciet.
502 4004 618 4075 Ipsi
648 4006 794 4061 enim
824 4006 1188 4078 Septuaginta
1236 4008 1592 4079 lnterpretes,
1639 4007 1732 4079 qui

96 4238 288 4292 sianus
315 4235 455 4291 olim
490 4232 788 4304 [Egyptius
815 4232 1011 4304 Asceta
1032 4231 1229 4288 Collat.
1262 4234 1348 4300 15,
1381 4252 1430 4290 c.
1449 4237 1538 4303 10,
1560 4235 1717 4289 Athe-

96 4326 229 4375 ram,
261 4324 434 4378 quam
483 4320 589 4373 pro
613 4303 893 4378 lenticula}
940 4304 1242 4378 pulmele
1272 4306 1510 4378 accipit;
1547 4307 1721 4378 Hesy—

94 4372 226 4435 t‘hiti
256 4372 451 4454 a'ntetn
486 4372 679 4450 ἆθήρα.
711 4374 824 4454 {ilic
853 4372 1035 4454 ἅθαρςκν
1068 4387 1151 4429 εει
1179 4372 1417 4454 ἓδ¹ἓ¹¹¹¹¹ί1
1440 4372 1721 4454 ﬁebilis

94 4452 282 4521 parari
308 4450 548 4521 Solitum
568 4445 650 4521 ex
682 4445 961 4521 triticq_et'
984 4451 1141 4521 lacte.
1175 4446 1285 4505 Sed
1313 4459 1367 4500 et
1397 4445 1603 4503 Plinius
1626 4448 1719 4503 lib.

96 4514 234 4586 xx",
256 4538 380 4591 cap.
411 4520 512 4586 ‘23,
539 4514 1195 4591 Atharant_.fjgyptiarutu
1223 4530 1508 4591 memorat.

171 4604 197 4631 ει
227 4588 387 4647 Facti
412 4599 542 4643 sunt
569 4598 741 4658 autem
768 4588 865 4655 ﬁlii
890 4588 1152 4643 Manasse.
1177 4590 1388 4658 Integra
1415 4589 1607 4645 isthmc
1630 4606 1721 4657 pe-

96 4666 292 4735 ιίειιρε
321 4663 519 4735 addita
573 4657 675 4735 fuit
734 4660 783 4711 in
835 4658 977 4735 LXX
1022 4657 1406 4735 translaturum
1446 4661 1716 4725 editione;

96 4729 246 4793 unde
274 4731 554 4804 proclivis
589 4729 688 4804 l'_t_lit
709 4745 861 4783 error
894 4732 945 4784 in
981 4746 1209 4804 uulnera
1237 4732 1571 4797 animarum,
1600 4748 1722 4799 quae

97 4798 372 4880 iugi-essm
406 4810 545 4857 sunt
571 4798 865 4868 (Egyptum
897 4816 1019 4857 cum
1056 4802 1369 4858 Patriarcha
1400 4804 1592 4859 Iacob.
1624 4798 1629 4799 ί

170 4883 196 4920 b
232 4876 568 4937 Sutltalaam
602 4882 650 4925 et
686 4870 899 4926 Thaam.
937 4872 1063 4935 Pt-o,
1091 4883 1140 4927 et
1174 4873 1354 4928 Tltaan
1397 4875 1522 4929 libri
1566 4882 1725 4929 antea

281 4887 568 4933 utltataam
602 4887 650 4925 et
689 4887 899 4926 tnaam.
938 4887 1063 4935 ιιι-ο,
1091 4887 1140 4927 et
1174 4887 1354 4928 I'Itaan
1397 4887 1474 4929 ΙΙΙ)

96 4953 229 5007 editi
284 4952 486 5016 legunt
532 4954 797 5009 Corrupto
845 4942 1078 5016 Ethaan,
1108 4956 1158 4997 et
1194 4945 1393 5001 deinde
1428 4946 1593 4999 Edam
1632 4962 1727 5013 pro

98 5023 290 5078 Edent.
325 5014 610 5088 Quamvis
638 5016 781 5088 enim
829 5017 880 5069 in
914 5014 1054 5069 LXX
1089 5016 1244 5071 llom.
1290 5017 1422 5071 edit.
1462 5018 1725 5085 scriptum

100 5095 189 5152 hic
220 5084 547 5164 reperiatur
575 5084 855 5164 _’t:§tb.u,_in
882 5090 1258 5164 manuscrith
1287 5096 1466 5142 tamen
1492 5090 1729 5164 Alesan-

101 5167 264 5221 drino
288 5156 553 5233 legimus
574 5156 754 5229 Ἐδέμ,
780 5157 931 5227 juxta
963 5156 1296 5230 exemplaria
1327 5174 1458 5214 mss.
1502 5158 1561 5215 S.
1601 5159 1729 5213 Ilie—

103 5237 347 5310 ronytni.
405 5234 700 5290 Manum.
815 5300 825 5312 '
1298 5302 1311 5313 .

180 5322 202 5349 ε
231 5310 422 5379 Atque
466 5305 628 5379 adeo
685 5298 860 5379 obelis
903 5310 1240 5379 praenotatur
1298 5317 1351 5379 in

103 5370 707 5437 Griecis'codtcibus.
768 5370 1071 5441 cujustnodi
1127 5388 1290 5428 unum
1339 5370 1732 5429 Coisliuianum

107 5464 387 5509 memorat
413 5443 888 5505 Montlauconins.

179 5524 203 5561 ἀ
240 5525 363 5578 Duo
395 5534 561 5574 tnss.:
603 5513 878 5583 Numquid
906 5517 1041 5569 enim
1067 5556 1081 5581 ,
1116 5524 1171 5571 et
1202 5515 1401 5571 deinde
1428 5514 1685 5585 potuerint
1713 5515 1736 5567 ζ)

107 5597 209 5653 sub
241 5589 630 5662 interrogandi
656 5597 818 5662 pota.

186 5680 208 5706 ε
236 5667 399 5723 Nunc
430 5656 487 5719 in
514 5676 630 5715 uno
654 5656 904 5729 Romano
926 5659 1220 5729 exemplari
1247 5659 1318 5714 ita
1344 5659 1589 5716 invenire
1616 5660 1735 5723 est,

110 5736 589 5812 quemadmodum
627 5732 684 5784 in
718 5742 819 5784 suo
844 5728 1209 5802 Hieronymus
1238 5731 1391 5803 legit,
1441 5730 1738 5803 septuagin-

113 5824 166 5867 ta
208 5825 422 5867 annuas.

192 5882 210 5922 t
267 5882 350 5939 Eo
396 5879 571 5951 igitur
640 5884 815 5927 sensu
864 5872 919 5926 in
969 5873 1124 5929 Actis
1167 5875 1478 5934 referuntur
1527 5882 1735 5945 septua-

570 5970 860 6031 PATROL.
911 5964 1153 6030 XXIII.

1405 5300 1730 5372 quibusdam
1772 5334 1777 5337 -

1830 1961 1935 2007 tem
1964 1950 2299 2021 generaliter
2328 1948 2755 2014 observandum,
2785 1950 2926 2019 quod
2955 1950 3282 2022 ubicumque
3308 1969 3434 2007 san-

1826 2044 1898 2099 cti
1927 2042 2199 2112 Apostoli,
2233 2051 2327 2096 aut
2371 2041 2671 2109 Apostolici
2705 2041 2807 2095 viri
2834 2041 3129 2110 loquuntur
3171 2045 3237 2096 ad
3267 2059 3437 2113 ιιοιιυ-

1826 2138 1930 2204 los,
1962 2136 2047 2191 his
2078 2136 2401 2206 plerumque
2449 2134 2776 2191 testimoniis
2819 2135 3138 2203 abutuntur,
3172 2153 3293 2205 qum
3319 2138 3433 2208 jattt
3498 2174 3515 2181 ς

1826 2232 2045 2286 fuerant
2091 2232 2143 2284 in
2187 2229 2441 2299 gentibus
2495 2228 2770 2298 divulgata
2812 2229 2982 2284 :licet
3023 2229 3273 2299 plerique
3326 2240 3439 2285 tra—

1827 2328 1958 2382 dant
1985 2325 2187 2381 Lucam
2221 2324 2650 2393 Evangelistam,
2680 2331 2739 2377 ut
2764 2324 3100 2395 prosclytum
3126 2333 3150 2371 8
3177 2324 3438 2381 Hebraeus

1828 2420 2043 2475 litteras
2068 2419 2375 2487 ignorasse.

1901 2512 2084 2583 (Vers.
2118 2508 2238 2581 28.)
2270 2509 2471 2563 Judam
2494 2526 2609 2563 vero
2632 2510 2771 2563 misit
2794 2520 2910 2564 ante
2928 2528 2982 2564 se
3018 2510 3086 2563 ad
3109 2510 3327 2581 Joseplt,
3386 2523 3440 2567 ut

1829 2614 2116 2660 occurreret
2134 2602 2264 2657 eiad
2293 2601 2471 2655 urbem
2497 2599 2731 2655 Heroum
2758 2604 2813 2655 in
2854 2612 3046 2655 terram
3077 2603 3346 2659 Ramesse.
3380 2605 3439 2660 Itt

1830 2697 2061 2752 Hebraeo
2089 2710 2189 2750 nec
2218 2694 2406 2749 urbem
2438 2693 2602 2748 habet
2652 2693 2912 2759 lleroutn,
2948 2711 3047 2749 nec
3103 2706 3305 2752 terram
3335 2698 3443 2752 Ra-

1830 2802 2032 2852 messe,
2058 2786 2153 2841 sed
2187 2784 2568 2839 tantummodo
2596 2784 2796 2840 Gesen.
2843 2785 3099 2842 Nonnulli
3127 2788 3441 2846 Judtporum

1828 2889 2085 2935 asserunt
2115 2875 2372 2944 h,Gesen
2426 2893 2569 2932 nunc
2620 2876 2958 2933 Thebaidem
3016 2882 3222 2935 vocari.
3271 2882 3338 2936 Et
3385 2883 3439 2938 id

1829 2974 1977 3046 quod
2026 2981 2214 3044 postea
2265 2972 2514 3040 sequitur
2577 2988 2589 3023 :
2637 2969 2791 3024 Dedit
2850 2973 2953 3037 eis,
3008 2984 3063 3026 ut
3117 2976 3441 3043 possiderent

1830 3066 2057 3137 Egypti
2086 3064 2197 3137 [ΑΙ.
2222 3065 2275 3118 in
2298 3062 2557 3135 1Egypto]
2589 3065 2839 3133 optimam
2862 3075 3053 3119 terram
3078 3068 3133 3121 in
3164 3067 3431 3137 Ramesse,

1833 3177 2029 3233 pagum
2053 3160 2397 3215 Arsenoitem
2427 3158 2505 3213 sic
2526 3159 2655 3214 olim
2690 3169 2940 3216 vocatum
2990 3175 3297 3218 autumant.

1901 3250 2528 3322 (Cap.XLVll.—Vers.
2552 3249 2744 3321 51.)Et
2766 3252 2896 3306 dixit
2920 3254 2991 3319 ei,
3015 3255 3145 3324 jura
3190 3257 3335 3311 mihi.
3375 3258 3439 3312 Et

1831 3346 2021 3413 iuravit
2044 3346 2089 3399 ei
2114 3354 2197 3400 :et
2217 3343 2452 3398 adoravit
2481 3341 2653 3397 Israel
2679 3354 2860 3398 contra
2908 3349 3258 3402 summitatem
3280 3351 3438 3421 virgo:

1832 3444 1966 3513 ejus.
1998 3441 2067 3496 Et
2088 3441 2139 3493 in
2172 3441 2276 3493 hoc
2300 3439 2422 3493 loco
2438 3437 2657 3508 quidam
2684 3430 2888 3492 frustra
2920 3442 3179 3493 simulant
3207 3442 3441 3497 adoras-

1829 3550 1892 3591 se
1913 3533 2085 3589 Iacob
2104 3531 2473 3587 summitatem
2503 3530 2705 3597 sceptri
2733 3528 2933 3599 Ioseph
2956 3570 2969 3594 ,
3006 3531 3150 3599 quod
3182 3533 3439 3588 videlicet

1832 3627 2112 3682 honorans
2136 3623 2329 3690 lilium,
2362 3629 2687 3692 potestatem
2720 3621 2839 3690 ejus
2870 3620 3199 3690 adoraverit,
3233 3638 3354 3678 cum
3381 3626 3435 3680 in

1831 3721 2064 3777 Hebraeo
2102 3718 2269 3773 multo
2297 3715 2455 3769 aliter
2485 3714 2697 3782 legatur
2750 3730 2766 3768 :
2808 3712 2877 3766 Et
2928 3716 3187 3783 adoravit,
3235 3718 3427 3786 inquit,

1835 3815 2002 3871 Israel
2032 3813 2103 3867 ad
2150 3819 2303 3882 caput
2357 3808 2531 3862 lectuli
2563 3808 2747 3877 :quod
2800 3808 3033 3877 scilicet,
3074 3820 3352 3881 postquam
3386 3815 3437 3868 ci

1831 3910 2109 3981 juraverat
2146 3905 2288 3959 [ilius
2317 3914 2543 3957 securus
2570 3900 2639 3954 de
2667 3899 2954 3970 petitione,
3010 3916 3169 3970 quam
3206 3918 3433 3975 rogave-

1838 4013 1945 4068 rat,
1969 3997 2279 4057 adoraverit
2306 3995 2475 4051 Deum
2515 4001 2703 4050 contra
2735 4002 2897 4063 caput
2943 3993 3125 4049 lectuli
3157 3997 3263 4051 sui.
3299 3999 3439 4056 San-

1820 4233 1965 4308 ginta
1990 4228 2238 4301 quinque,
2261 4240 2369 4297 quo
2403 4238 2570 4295 penes
2598 4224 2746 4293 ipsos
2768 4220 2911 4276 LXX
2950 4220 3002 4276 id
3042 4230 3146 4288 est,
3179 4238 3278 4295 per
3302 4236 3430 4308 πρὸ.

1821 4302 2185 4444 inxgtyfantu!“
2210 4384 2343 4423 vero
2369 4367 2545 4428 abest,
2592 4373 2649 4417 ut
2694 4364 2745 4417 in
2792 4363 2892 4416 hac
2924 4362 3057 4444 ipse
3114 4381 3431 4431 versaretur

1829 4445 2087 4513 opinione
2115 4441 2500 4511 Hieronymus,
2534 4443 2594 4488 ut
2628 4449 2658 4489 e
2694 4441 2973 4513 contrario
3006 4450 3135 4513 post
3166 4456 3429 4502 vernae"-

1831 4504 1941 4571 lum
1974 4514 2257 4569 llebru-unt
2298 4504 2631 4585 seruiunetn.
2683 4521 2842 4585 quem
2896 4504 2953 4585 in
3002 4506 3145 4585 Luca
3199 4516 3265 4566 at,
3294 4515 3427 4585 ipsis

1835 4586 2159 4642 incunabilis
2218 4576 2755 4651 supponit,_lib._dc
2803 4578 3177 4642 Scriptoribus
3209 4576 3419 4644 Eet-les.

1749 4644 2071 4729 Dcapsvu,
2102 4670 2226 4709 eum
2278 4644 2447 4729 dicat,
2499 4647 2664 4728 στριυοὶ
2704 4651 2973 4729 aerumnis,
3023 4666 3185 4729 quem
3232 4672 3429 4729 nempe

1827 4719 2010 4782 studio
2037 4722 2383 4795 compararit.
2415 4735 2519 4772 non
2560 4719 2819 4795 ignarum.
2875 4719 2986 4775 Nec
3041 4719 3430 4795 dubitandum,

1828 4799 2074 4854 Judaeum
2127 4790 2237 4864 jam
2291 4793 2442 4864 illum
2481 4790 2795 4864 exstitisse.
2851 4804 3144 4864 antequam
3207 4790 3431 4857 Christo

1833 4885 2026 4925 nomen
2060 4858 2213 4920 daret
2235 4906 2266 4939 ,_
2305 4861 2537 4939 maxime
2565 4859 2630 4939 _si
2663 4858 2823 4939 ﬁdem
2874 4860 3136 4939 adhibeas
3161 4935 3169 4939 _
3193 4872 3429 4939 antiquis

1832 4940 2176 4998 auctoribus,
2230 4932 2482 5003 Origt‘ltl,
2532 4930 2647 5003 sive
2714 4931 3035 5003 Adttmftrltlio
3085 4930 3339 4992 cuidam.
3372 4942 3425 4998 in

1834 5012 2073 5079 Dialngis
2104 5001 2367 5079 adversus
2403 5001 2855 5079 Marcianilasttzt
2887 5001 3187 5079 Epiphanio
3220 5009 3422 5068 Ιιωιιθς,

1836 5099 1909 5147 LI,
1940 5070 2028 5146 HV.
2059 5077 2152 5148 Qui
2198 5093 2321 5129 eutn
2346 5090 2400 5148 Δ(ξ
2444 5070 3273 5148 ntttuern__L_XX_discillulo'u'"
3320 5094 3429 5137 ηδ’

1832 5142 1970 5208 dunt
1998 5142 2298 5205 exstitisse.
2345 5145 2615 5218 Praetereo
2670 5142 3020 5218 Ilebrnisinos
3077 5146 3126 5199 iu
3156 5150 3276 5218 ejus
3303 5156 3433 5210 scri-

1834 5225 1963 5295 ptis,
1997 5237 2105 5277 nnn
2152 5216 2570 5275 contemnendae
2619 5214 2944 5269 eruditionis
2985 5214 3293 5277 hominibus
3332 5226 3431 5281 ob-

1833 5304 2099 5352 servatos.

1908 5364 1935 5403 h
1969 5364 2233 5428 Dixisset,
2287 5359 2587 5414 somniant:
2620 5357 2871 5411 homines
2921 5356 3131 5427 Geogra
3178 5361 3280 5420 hia:
3327 5367 3430 5422 im-

1908 5436 2169 5485 rilissimi.
2201 5434 2367 5485 Beato
2411 5430 2613 5485 Gessen
2646 5428 2833 5483 eadem
2884 5438 2967 5482 est
3003 5444 3069 5485 ac
3115 5377 3282 5485 1Pcrra
3324 5438 3430 5485 Ra.

1838 5436 2169 5509 peritissimi.
2201 5434 2367 5509 Regio
2406 5430 2613 5509 Qessen
2646 5428 2833 5509 eadem
2881 5438 2967 5509 est
3003 5444 3069 5485 ac
3115 5428 3282 5509 Terra
3322 5438 3433 5494 na.

1844 5499 2071 5574 Inesst-s,
2100 5522 2165 5561 ex
2191 5499 2303 5575 qua
2318 5502 2535 5575 civitate
2563 5499 2990 5575 natnett_ol)tittet
3015 5516 3029 5552 :
3058 5503 3198 5575 (μιρά
3219 5522 3281 5560 ex
3306 5512 3434 5567 Sub-

1845 5570 2092 5649 εοιμιεηίί
2132 5570 2251 5646 cap.
2288 5590 2440 5649 vers.
2468 5571 2568 5649 nti,
2599 5570 2940 5637 perspicuum
2985 5583 3087 5649 est.
3120 5573 3286 5649 [lecte
3333 5597 3431 5639 suo

1843 5642 2007 5709 sensu
2060 5642 2257 5704 habent
2288 5643 2431 5701 LXX
2460 5642 2717 5703 Heroum,
2770 5655 2890 5706 qua:
2935 5642 3083 5710 urbs,
3142 5645 3434 5711 Ptolemmo

1844 5723 2148 5798 llerotiqlis,
2202 5728 2322 5798 erat
2349 5715 2415 5769 ad
2452 5723 2766 5798 extremam
2805 5726 2957 5766 oram
3001 5714 3165 5774 Sinus
3189 5716 3451 5798 Arabici,,

1841 5799 1929 5867 qui
1952 5782 2007 5853 ei
2038 5782 2203 5851 Sinus
2234 5786 2519 5857 ﬂempolis
2558 5782 2862 5839 dicebatur.

2798 5947 2881 6010 8‘2
