4010 6300
546 307 685 367 {007

1787 298 1867 367 ,s.
1911 294 2177 355 EUSEBll
2215 291 2597 353 manuum

3727 296 3868 357 1008

544 429 681 495 Quia
707 437 732 463 ιι
765 437 930 494 supra
958 423 1026 477 de
1052 421 1295 479 Zabulon
1325 420 1561 484 dixerat,
1588 416 1732 488 quod
1765 418 1933 472 maris
1969 414 2150 486 magni
2175 413 2230 475 Α
2256 415 2420 480 filios,
2468 431 2607 485 quos
2640 424 2792 471 trans
2833 414 3125 471 .lordanem
3159 416 3214 473 in
3247 418 3658 488 possessionem
3708 417 3867 473 dimi-

544 526 690 572 esset
714 516 897 571 littora
947 528 1318 584 possessurus,
1352 511 1617 568 Sidonem
1650 524 1866 581 quoque
1914 516 1969 563 et
2010 508 2143 562 reli-

543 626 677 680 quas
708 609 987 664 Phoenicis
1029 609 1193 663 urbes
1240 606 1619 677 contingeret;
1664 618 1809 659 nunc
1857 604 1923 656 ad
1976 601 2149 658 medi—

543 713 851 759 tel'raneum
876 701 1209 772 provinciam
1240 700 1399 768 redit,
1432 709 1486 754 et
1515 698 1778 763 lssacliar,
1805 694 1976 767 quiab
1996 695 2149 765 juxta

542 793 915 861 Nephthalim,
950 792 1373 862 pulcherrimam
1405 792 1458 844 in
1486 790 1709 845 Galilaza
1734 787 2010 858 regionem
2037 800 2153 856 pos-

541 902 796 942 sessurus
854 896 957 953 est,
1014 885 1397 941 benedictione
1442 898 1539 938 sua
1584 882 1942 937 habitatorem
2002 880 2147 933 facit.

543 982 771 1038 Asinum
815 991 995 1035 autem
1042 994 1260 1035 osseum
1293 988 1471 1045 vocat,
1507 986 1561 1033 et
1607 976 1891 1032 humerum
1923 975 1989 1029 ad
2032 989 2154 1044 por-

544 1075 768 1128 tandum
799 1072 1066 1137 deditum,
1096 1072 1222 1141 quia
1264 1072 1316 1126 in
1356 1071 1545 1125 labore
1578 1080 1759 1133 terrae,
1809 1078 1866 1124 et
1889 1065 2153 1122 vehendis

542 1164 610 1219 ad
642 1179 794 1219 mare
820 1174 842 1203 ο
866 1164 1147 1229 oneribus,
1175 1179 1295 1233 quae
1321 1164 1373 1217 in
1399 1163 1508 1217 suis
1540 1161 1741 1217 ﬁnibus
1766 1161 2149 1227 nascebantur,

544 1256 841 1324 plurimum
892 1255 1188 1322 laboraret,
1237 1256 1455 1327 regibus
1484 1269 1702 1325 quoque
1758 1253 1960 1308 tributa
1999 1268 2154 1308 com-

545 1357 791 1419 portans.
818 1348 986 1403 Aiunt
1015 1348 1251 1413 Hebraei,
1286 1363 1383 1417 per
1420 1350 1799 1418 metaphoram
1839 1345 2150 1416 signiﬁcari,

543 1444 687 1513 quod
704 1443 1021 1512 Scripturas
1042 1438 1067 1478 ἀ
1092 1451 1307 1497 sanctas
1332 1442 1420 1497 die
1438 1456 1503 1497 ac
1534 1450 1695 1496 nocte
1717 1441 2009 1507 meditans,
2043 1450 2159 1494 stu-

543 1539 695 1593 dium
727 1553 887 1592 suum
917 1536 1217 1593 dederitad
1245 1537 1623 1602 laborandum,
1646 1545 1703 1590 et
1731 1535 1855 1589 ideo
1885 1536 1935 1589 ei
1966 1548 2158 1589 omnes

544 1632 720 1687 tribus
745 1631 1003 1695 serviant,
1038 1629 1192 1701 quasi
1225 1629 1487 1699 magistro
1516 1627 1665 1682 dona
1699 1636 2002 1698 portantes.

618 1724 805 1793 (Vers.
833 1722 899 1777 16
925 1731 981 1777 et
1008 1722 1216 1791 seqq.)
1244 1720 1362 1773 Dan
1376 1719 1639 1792 judicabit
1684 1718 1935 1788 pupulum
1979 1734 2154 1783 suum,

2249 518 2417 573 serat,
2452 519 2574 580 post
2601 511 3013 579 quatuordecim
3057 526 3229 567 annos
3258 523 3569 579 revertens,
3601 513 3863 584 praelium

2250 600 2536 655 adversum
2573 617 2668 657 eos
2697 605 2944 673 gentium
2972 603 3273 659 vicinarum
3319 604 3527 674 grande
3558 606 3861 675 repererit,

2251 704 2304 748 et
2333 694 2491 749 vietis
2536 693 2811 760 hostibus,
2860 694 3077 750 fortiter
3125 694 3421 751 dimicarit.
3465 696 3612 766 Lege
3659 696 3864 754 librum

2252 785 2378 840 Jesu
2410 784 2553 841 Nave
2582 785 2763 853 (losue
2786 787 2926 859 xm),
2956 795 3011 842 et
3038 787 3490 857 Paralipomenon
3518 788 3595 860 (I,
3628 788 3712 861 v).
3744 789 3865 847 Non

2256 878 2447 949 ignoro
2471 878 2621 948 plura
2652 878 2705 935 in
2727 879 3205 935 benedictionibus
3228 880 3667 951 patriarcharum
3698 891 3722 929 8
3747 897 3872 940 esse

2255 972 2539 1043 mysteria,
2569 973 2663 1028 sed
2689 975 2755 1027 ad
2779 988 3027 1044 praesens
3052 974 3375 1043 apusculum
3405 989 3517 1030 non
3553 976 3817 1045 pertinet.

2329 1064 2511 1136 (Vers.
2541 1064 2658 1137 2i.)
2690 1065 3035 1134 Nephthalim
3069 1067 3352 1139 virgultum
3392 1066 3705 1135 resolutum,
3738 1070 3868 1125 dans

2256 1158 2309 1210 in
2336 1159 2664 1228 generatione
2713 1158 3174 1227 pulchritudinem.
3217 1159 3271 1213 In
3319 1159 3551 1216 Hebraeo
3583 1160 3661 1215 ita
3692 1163 3867 1232 scrip-

2258 1260 2371 1306 tum
2402 1260 2521 1307 est:
2569 1249 2596 1288 ¹¹
2645 1250 2987 1319 Nephthalim
3032 1268 3157 1323 ager
3182 1253 3434 1321 irriguus,
3478 1253 3613 1307 dans
3663 1255 3867 1321 eloquia

2259 1344 2683 1417 pulchritudinis,
2716 1346 3049 1416 significans,
3082 1346 3228 1415 quod
3259 1362 3417 1412 aqua:
3444 1346 3637 1402 calidae
3668 1347 3726 1402 in
3757 1348 3867 1416 ipsa

2260 1448 2556 1493 nascantur
2590 1440 2734 1493 tribu
2760 1456 2772 1491 :
2800 1439 2916 1493 sive
2936 1438 3079 1508 quod
3105 1453 3269 1508 super
3294 1440 3476 1495 lacum
3499 1440 3670 1513 378
3695 1439 3869 1497 Gene.

2260 1531 2467 1592 sareth,
2515 1530 2719 1585 lluento
2747 1529 3003 1586 Jordanis
3036 1531 3240 1602 irrigua
3287 1531 3385 1586 sit.
3428 1531 3640 1587 Hebraei
3687 1544 3866 1589 autem

2263 1624 2469 1688 volunt,
2524 1631 2745 1693 propter
2787 1622 3159 1688 Tiberiadem,
3208 1638 3334 1693 quae
3372 1622 3531 1694 Legis
3576 1624 3867 1680 videbatur

2263 1718 2466 1773 habere
2497 1719 2769 1783 notitiam,
2819 1733 3011 1788 agrum
3062 1718 3355 1789 irriguum,
3402 1730 3455 1774 et
3499 1719 3711 1789 eloquia
3750 1720 3869 1789 pul-

546 1818 680 1871 sicut
707 1814 867 1888 377
900 1830 1059 1868 unum
1083 1814 1147 1867 de
1175 1811 1396 1885 sceptris
1438 1810 1625 1866 Israel.
1655 1808 1779 1864 Fiat
1801 1809 1921 1864 Dan
1950 1811 2159 1864 coluber
2263 1812 2589 1868 chritudinis
2637 1812 2974 1883 pmphetari.
3009 1811 3180 1866 Porro
3229 1812 3319 1868 ubi
3363 1826 3459 1866 nos
3503 1828 3686 1882 agrum
3737 1812 3873 1866 irri-

541 1911 597 1963 in
621 1911 723 1971 via,
771 1908 981 1981 regulus
1022 1909 1075 1961 in
1116 1908 1319 1969 semita,
1376 1906 1617 1960 mordens
1658 1906 1884 1977 ungulas
1926 1906 2068 1973 equi,
2106 1914 2159 1959 ut

541 2004 696 2059 cadat
721 2001 741 2075 [
768 2004 849 2057 Al.
877 2012 924 2057 et
947 2000 1130 2073 cadet]
1153 2016 1397 2054 ascensor
1438 2003 1550 2072 ejus
1581 2010 1904 2053 retrorsum:
1932 1997 2162 2051 salvato»

542 2114 650 2154 rem
682 2108 827 2151 tuum
874 2094 1205 2165 exspectabo,
1239 2092 1484 2147 Domine.
1519 2092 1751 2149 Samson
1795 2091 1965 2162 judex
1999 2093 2051 2145 in
2082 2090 2158 2145 ls~

541 2194 677 2259 rael,
708 2191 778 2247 de
808 2190 950 2245 tribu
976 2190 1088 2244 Dan
1116 2188 1237 2243 fuit.
1270 2187 1384 2242 Hoc
1408 2202 1539 2257 ergo
1580 2186 1749 2242 dicit:
1780 2185 1934 2242 Nunc
1964 2185 2159 2241 videns

540 2303 597 2361 in
625 2285 818 2355 Spiritu
847 2299 1060 2339 comam
1094 2283 1303 2337 nutrire
1331 2282 1562 2339 Samson
1606 2281 1924 2335 Nazaraaum
1978 2290 2152 2345 tuum,
2208 2324 2217 2341 ,

541 2379 812 2449 caesisque
861 2376 1110 2431 hostibus
1164 2373 1540 2442 triumphare;
1575 2373 1722 2442 quod
1759 2374 1810 2426 in
1844 2370 2160 2427 similitudi—

541 2486 667 2527 nem
709 2469 924 2526 colubri
973 2467 1257 2539 regulique
1285 2465 1592 2521 obsidentis
1625 2466 1763 2532 vias,
1810 2464 2018 2518 nullum
2064 2478 2159 2532 per

540 2572 741 2619 terram
794 2561 960 2618 Israel
992 2560 1223 2615 transire
1278 2557 1591 2628 permittat:
1625 2556 1720 2612 sed
1766 2555 1785 2629 [
1824 2556 1909 2610 ΑΙ.
1952 2556 2095 2612 sicut
2137 2555 2159 2628 ]

542 2658 708 2712 etiam
748 2656 794 2708 si
823 2653 946 2725 quis
980 2652 1307 2708 temerarius
1330 2652 1536 2705 virtute
1567 2665 1691 2717 sua,
1723 2650 1879 2719 quasi
1907 2650 2032 2718 equi
2064 2663 2156 2704 ve-

538 2749 766 2805 locitate
793 2746 1053 2811 coiifisus,
1090 2761 1207 2800 eam
1233 2743 1473 2798 voluerit
1496 2742 1769 2814 prmdonis
1798 2758 1949 2798 more
1990 2756 2161 2812 popu-

542 2841 667 2905 lari,
703 2838 940 2909 ell‘ugere
972 2852 1076 2893 non
1106 2837 1328 2893 valebit.
1374 2836 1569 2891 Totum
1617 2843 1802 2889 autem
1854 2849 1952 2904 per
1982 2842 2157 2888 meta—

546 2932 777 3002 phoram
834 2932 1106 3000 serpentis
1135 2941 1189 2983 et
1220 2929 1420 2999 equitis
1465 2928 1723 2998 loquitur.
1781 2927 1981 2983 Videns
2028 2942 2160 2999 ergo

544 3036 657 3082 tam
713 3026 903 3079 fortem
944 3023 1260 3079 Nazaraeum
1294 3034 1467 3089 tuum,
1500 3021 1645 3091 quod
1674 3030 1728 3076 et
1778 3023 1893 3092 ipse
1933 3031 2157 3092 propter

543 3118 894 3176 meretricem
941 3124 1184 3169 mortuus
1212 3124 1315 3181 est,
1341 3123 1397 3169 et
1428 3116 1670 3169 moriens
1707 3124 1925 3168 nostros
1956 3113 2158 3170 occidit

2263 1922 2444 1976 guum,
2470 1914 2523 1959 et
2548 1904 2899 1975 Septuaginta
2925 1905 3174 1977 στέλεχος
3195 1906 3459 1977 ἀνειμένον,
3479 1902 3530 1957 id
3548 1914 3631 1959 est
3649 1902 3870 1974 virgul-

2262 2010 2370 2054 tum
2416 2001 2699 2056 resolutum
2730 2010 3049 2067 posuerunt,
3092 1999 3147 2054 in
3197 1999 3431 2055 Hebrmo
3473 1998 3661 2067 legitur
3696 2014 3869 2054 usu

2263 2070 2654 2164 ειυΑΑίσιΠδω
2669 2070 3001 2165 ﬁ5’N),quod
3020 2102 3199 2162 potest
3213 2102 3263 2147 et
3280 2107 3453 2146 cervus
3464 2092 3676 2145 emissus
3694 2099 3867 2145 trans-

2262 2186 2416 2254 ferri,
2442 2197 2663 2255 propter
2684 2195 3068 2253 temporaneas
3093 2183 3296 2254 fruges,
3326 2182 3673 2238 velocitatem
3705 2189 3863 2236 terrae

2262 2278 2533 2333 uberioris
2577 2277 2897 2334 ostendens.
2952 2276 3060 2332 Sed
3107 2277 3325 2343 melius,
3360 2274 3407 2330 si
3439 2273 3507 2329 ad
3557 2272 3862 2330 doctrinam

2262 2370 2563 2426 Salvatoris
2600 2383 2793 2426 cuncta
2825 2370 3129 2425 referamus
3162 2369 3175 2419 i
3209 2368 3353 2440 quod
3395 2368 3469 2423 ibi
3517 2369 3600 2423 vel
3631 2370 3863 2423 maxime

2261 2465 2532 2530 docuerit,
2568 2474 2624 2519 ut
2665 2466 2716 2519 in
2752 2465 3049 2536 Evangelia
3080 2479 3295 2535 quoque
3326 2463 3597 2533 scriptum
3630 2470 3731 2517 est.

2333 2556 2531 2629 (Vers.
2563 2556 2637 2610 22
2663 2567 2716 2612 et
2744 2570 2897 2627 seqq.
2924 2557 2965 2627 ).
3015 2554 3185 2610 Filius
3234 2564 3418 2610 auctus
3454 2553 3676 2625 Ioseph,
3726 2554 3863 2621 ﬁlius

2262 2661 2442 2705 auctus
2468 2667 2627 2723 super
2652 2652 2844 2721 fontem
2872 2652 3016 2722 ﬁlice,
3054 2650 3223 2723 gradu
3249 2650 3534 2719 composito
3574 2649 3861 2704 incedentes

2260 2761 2416 2817 super
2459 2762 2685 2799 murum.
2718 2744 2788 2799 Et
2834 2745 3267 2801 exacerbaverunt
3313 2759 3455 2809 eum,
3486 2752 3537 2797 et
3586 2742 3862 2797 contende-

2261 2848 2404 2903 runt,
2437 2850 2483 2892 et
2514 2838 2869 2893 irascebantur
2895 2838 3140 2893 adversus
3169 2853 3306 2905 eum,
3353 2837 3597 2891 habentes
3622 2836 3858 2909 sagittas.

2262 2933 2412 2988 Sedit
2439 2934 2490 2987 in
2516 2934 2640 3003 forti
2670 2948 2821 2987 arcus
2847 2937 2984 3006 ejus,
3014 2942 3063 2987 et
3087 2932 3301 3002 dirupta
3327 2941 3449 2987 sunt
3470 2930 3496 2969 ¹ι
3521 2929 3731 2985 vincula
3756 2948 3867 2984 ma-

2262 3042 2420 3079 nuum
2448 3028 2581 3095 eius,
2612 3043 2644 3079 a
2670 3026 2906 3080 manibus
2930 3025 3077 3093 fortis
3101 3021 3287 3091 Iacob,
3314 3024 3437 3079 inde
3460 3034 3705 3094 pascatur
3730 3024 3865 3093 lapis

2263 3113 2434 3170 Israel
2454 3132 2486 3169 a
2512 3114 2626 3169 Deo
2646 3117 2811 3187 patris
2844 3117 2961 3169 tui:
2992 3124 3047 3170 et
3068 3115 3301 3186 reliqua.
3338 3112 3473 3180 Quia
3505 3112 3866 3185 Septuaginta

546 3213 803 3267 inimicos
824 3253 837 3273 ,
899 3207 1113 3277 putavi,
1162 3207 1207 3263 0
1264 3208 1407 3262 Deus
1428 3248 1442 3270 ,
1491 3208 1667 3277 ipsum
1729 3220 1851 3261 esse
1880 3206 2156 3264 Christum
2181 3190 2227 3254 C
2262 3209 2593 3279 luterpretes
2625 3210 2677 3263 in
2711 3209 2986 3280 plerisque
3013 3208 3371 3274 dissentiunt,
3404 3223 3501 3277 pro
3534 3208 3866 3278 interpreta-

542 3304 743 3360 Filium
775 3312 961 3366 tuum;
989 3316 1174 3355 verum
1189 3301 1313 3371 quia
1340 3308 1589 3354 mortuus
1612 3310 1713 3366 est,
1733 3309 1789 3355 et
1821 3316 1927 3356 non
1974 3316 2156 3357 resur-

542 3400 712 3463 rexit,
734 3407 788 3451 et
806 3409 1022 3449 rursum
1046 3395 1295 3464 captivus
1318 3392 1509 3447 ductus
1524 3404 1606 3447 est
1629 3392 1821 3460 Israel,
1863 3394 2005 3448 alius
2022 3394 2153 3449 mihi

546 3492 801 3549 Salvator
829 3488 1037 3553 tnundi,
1062 3495 1119 3542 et
1140 3486 1247 3541 mei
1276 3485 1494 3557 generis
1525 3485 1922 3553 praastolandus
1952 3496 2055 3552 est,
2088 3485 2157 3542 Ut

462 3562 477 3569 ι
549 3587 717 3642 veniat
741 3583 827 3637 cui
857 3584 1140 3651 repositum
1159 3589 1294 3634 estet
1318 3580 1429 3648 ipse
1446 3580 1543 3633 erit
1565 3581 1877 3649 exspectatio
1900 3581 2152 3652 gentium.

625 3678 807 3749 (Vera.
846 3674 959 3745 l9.)
1003 3672 1119 3728 Gad
1147 3672 1473 3726 latrunculus
1505 3669 1899 3726 latrocinabitur
1940 3688 2079 3739 eum,
2109 3682 2157 3727 et

554 3774 662 3844 ipse
685 3765 1082 3825 latrocinabitur
1106 3766 1357 3834 plantam.
1386 3762 1548 3817 Juxta
1575 3763 1865 3818 llebrzeum
1891 3765 2158 3836 interpre-

554 3864 650 3919 tati
676 3876 888 3918 sumus.
934 3857 1044 3914 Sed
1073 3857 1161 3912 ubi
1211 3872 1311 3911 nos
1342 3857 1691 3911 latrunculum
1732 3859 2039 3927 posuimus,
2084 3860 2159 3915 ibi

556 3955 819 4027 scriptum
863 3962 946 4008 est
974 3965 1146 4007 csum)
1175 3950 1337 4021 (πυ)
1361 3990 1375 4014 ,
1410 3959 1468 4003 ιιι
1499 3947 1564 4002 ad
1593 3964 1696 4004 asp
1725 3964 1920 4005 nomen
1952 3952 2160 4008 allude-

556 4057 681 4115 ret,
731 4046 823 4117 qui
862 4042 1265 4116 signiﬁcantius
1300 4051 1323 4079 ε
1356 4040 1595 4107 εὔζωνος,
1624 4044 1674 4097 id
1706 4051 1793 4098 est
1816 4086 1831 4111 ,
1865 4048 2159 4120 accinctus,

560 4147 680 4201 sive
701 4142 971 4213 expeditus
994 4138 1225 4208 exprimi
1253 4145 1451 4207 potest.
1468 4137 1664 4192 Tutum
1693 4147 1874 4194 autem
1900 4139 2032 4196 illud
2053 4151 2158 4209 est,

561 4235 707 4308 quod
736 4235 755 4274 τ
782 4242 909 4290 ante
939 4233 1152 4299 Ruben,
1183 4237 1240 4286 et
1265 4228 1547 4285 dimidiam
1574 4228 1775 4285 tribum
1798 4229 2068 4303 Manasse,
2092 4234 2161 4290 ad

633 4430 660 4459 ι
681 4421 820 4475 Sunt
837 4417 928 4488 qui
957 4424 1147 4486 putant
1172 4418 1231 4472 τὸ
1254 4432 1414 4483 supra
1446 4414 1647 4488 indicio
1675 4428 1822 4476 esse.
1848 4416 1990 4485 quod
2019 4432 2167 4488 quae-

633 4434 660 4459 ι
681 4434 820 4475 Sunt
875 4434 928 4472 ut
957 4434 1147 4486 putant
1172 4438 1231 4472 το
1254 4434 1414 4483 supra
1446 4434 1647 4470 mutcm
1675 4434 1822 4476 esse.
1848 4434 1990 4485 quoa
2019 4434 2167 4488 quae-

562 4497 689 4549 dam
720 4434 1023 4545 cxci‘derint
1049 4488 1120 4544 de
1153 4486 1579 4560 Hieronymiano
1632 4485 1736 4541 hoc
1769 4501 1984 4560 ‘opere;
2041 4504 2167 4545 nam

564 4568 635 4622 de
666 4562 908 4617 Zabulnn
936 4569 991 4614 et
1016 4557 1375 4629 posseSsione'
1392 4560 1525 4613 nihil
1558 4572 1721 4626 supra
1741 4557 1957 4629 idiotum
2007 4560 2077 4612 ab
2099 4575 2168 4616 eo

2262 3303 2407 3359 tione
2428 3319 2642 3369 eorum,
2676 3313 2733 3358 ut
2755 3303 2807 3359 in
2835 3303 3070 3359 Hebraeo
3094 3302 3347 3370 habetur,
3379 3303 3780 3374 expressimus.
3808 3303 3868 3358 Et

2262 3406 2346 3452 est
2368 3412 2566 3453 sensus
2597 3397 2819 3467 capituli
2844 3414 2857 3451 :
2886 3396 2932 3452 Ο
2961 3396 3184 3468 Joseph,
3218 3396 3309 3463 qui
3356 3397 3482 3452 ideo
3512 3397 3593 3453 sic
3627 3398 3864 3463 vocaris,

2260 3491 2384 3561 quia
2409 3490 2628 3545 adauxit
2656 3501 2707 3547 te
2736 3490 2865 3545 mihi
2884 3491 3047 3555 Deus,
3068 3490 3185 3545 sive
3202 3490 3326 3560 quia
3352 3489 3494 3545 inter
3524 3490 3727 3544 fratres
3752 3498 3867 3544 tuos

2263 3582 2437 3652 major
2486 3584 2701 3637 futurus
2747 3597 2808 3638 es
2858 3582 3178 3655 (fortissima
3226 3582 3499 3653 siquidem
3551 3581 3654 3637 fuit
3697 3582 3866 3638 tribus

2263 3674 2547 3745 Epitraim,
2593 3681 2653 3729 ut
2692 3676 2746 3729 in
2780 3674 3093 3746 Regnorum
3126 3684 3181 3731 et
3209 3674 3668 3744 Paralipomenon
3720 3673 3870 3730 libris

2263 3767 2541 3838 legimus);
2570 3766 2635 3836 0,
2664 3767 2907 3837 inquam,
2934 3767 3010 3823 lili
3034 3768 3108 3824 mi
3135 3766 3365 3838 Josepb,
3393 3768 3482 3839 qui
3512 3774 3623 3822 tam
3647 3766 3872 3837 pulcher

2264 3876 2346 3927 es,
2372 3872 2429 3915 ut
2457 3871 2507 3917 te
2530 3870 2643 3917 tota
2664 3863 2733 3919 de
2756 3865 2947 3930 muris,
2975 3872 3032 3918 et
3057 3862 3321 3928 turribus,
3345 3878 3407 3919 ac
3432 3861 3699 3920 fenestris
3724 3864 3869 3935 puel-

2265 3954 2441 4010 larum
2476 3954 2696 4026 [Egypti
2729 3956 2888 4010 turba
2921 3966 3252 4028 prospectet,
3302 3955 3623 4013 inviderunt
3663 3957 3789 4021 tibi,
3819 3966 3870 4013 et

2267 4056 2320 4103 te
2342 4046 2411 4101 ad
2441 4047 2772 4103 iracundiam
2794 4059 3233 4119 provocaverunt
3261 4048 3456 4106 fratres
3480 4050 3583 4117 tui,
3610 4049 3868 4109 habentes

2264 4140 2455 4196 livoris
2485 4142 2735 4212 sagittas,
2770 4151 2826 4199 et
2872 4142 2975 4199 zeli
3016 4143 3217 4214 iaculis
3256 4143 3547 4200 vulnerati.
3582 4145 3786 4201 Verum
3814 4154 3867 4200 tu

2268 4250 2454 4291 arcum
2484 4245 2634 4291 tuum
2666 4245 2723 4291 et
2750 4250 2901 4292 arma
2942 4235 3218 4309 pugnandi
3249 4237 3481 4307 posuisti
3512 4236 3569 4293 in
3602 4237 3735 4304 Deo,
3778 4236 3871 4309 qui

2276 4428 2332 4545 Et
2383 4429 2582 4477 cratera
2636 4421 2767 4477 item
2799 4421 2852 4477 in
2903 4430 3075 4487 recto,
3107 4419 3312 4489 Ruben,
3342 4431 3391 4476 et
3438 4422 3661 4477 dimidia
3711 4423 3871 4477 tribus

2336 4509 2538 4545 anasse.

2336 4509 2434 4547 ana
2464 4510 2538 4547 se.

2353 4572 2378 4611 8
2416 4510 2849 4619 Pfatriarcltarum
2869 4581 2979 4619 esse
3012 4566 3280 4636 mysteria.
3308 4563 3688 4622 Prmtermittit
3708 4564 3871 4621 bene-

568 4645 671 4694 est.
703 4633 934 4704 Tantum
963 4628 1067 4684 col.
1101 4628 1226 4704 ὅδὲ,
1262 4629 1332 4704 de
1376 4629 1659 4684 nativitate
1679 4628 1821 4704 _ejus
1851 4638 1906 4685 et
1949 4632 2169 4687 nomine
2196 4641 2252 4703 ι)
2277 4633 2571 4690 dictiOnem
2601 4636 2763 4700 Aser,
2787 4638 2914 4704 quia
2955 4636 3007 4691 in
3042 4628 3143 4691 h'ac
3168 4639 3315 4692 nulla
3340 4645 3426 4691 est
3451 4636 3733 4693 discordia
3763 4637 3867 4692 lle-

569 4721 766 4779 pauca.
789 4703 987 4779 Verum
1018 4716 1152 4779 non.
1177 4701 1244 4756 de
1285 4700 1387 4757 hoc
1418 4715 1540 4765 suo,
1596 4700 1692 4755 sed
1738 4702 1805 4755 de
1846 4716 2018 4758 sacro
2051 4706 2172 4774 ipso

571 4770 721 4837 texm
756 4776 998 4846 Ιοιιιιίιιιι⁵
1024 4774 1083 4828 S.
1109 4770 1301 4846 Pater.

641 4851 669 4889 δ
704 4844 840 4905 Mss.
866 4846 997 4914 duo,
1030 4844 1117 4915 qui
1137 4847 1317 4916 juxta.
1384 4864 1389 4865 ί

647 4956 667 4982 ε
700 4942 757 4996 lu
789 4957 897 4995 uno
927 4936 1123 5011 Regin.
1159 4952 1285 5011 ms.,
1317 4936 1374 4990 in
1403 4937 1581 5011 labore
1604 4944 1755 4991 terra:
1794 4939 2033 5011 et‘maris
2055 4956 2171 5011 quia

568 5018 622 5071 in
674 5015 780 5068 suis
836 5006 1033 5077 finibus
1084 5007 1442 5069 nascebantur,
1480 5008 1761 5074 plurimum
1792 5006 2076 5065 laboravit.
2111 5011 2169 5067 Itt

568 5088 743 5143 altern
769 5092 977 5136 tantum
1010 5094 1113 5131 vox
1138 5077 1380 5131 oneribus
1410 5077 1781 5133 desideratur.

646 5156 672 5195 d
710 5152 863 5221 Quod
919 5150 1484 5221 Scripturus__sanctas.
1532 5148 1738 5203 Auctor
1778 5148 2169 5211 Commentarii

568 5219 922 5285 incentivum
947 5221 1213 5289 Debitor-te
1231 5219 1561 5289 Hieronymo
1581 5223 1847 5275 consent“
1862 5225 1965 5281 .3"
1984 5226 2165 5279 enim:

570 5302 760 5356 Asinus
791 5297 846 5349 in
879 5295 1011 5347 libro
1032 5288 1285 5345 Ceneseos
1314 5288 1462 5361 fortis
1497 5291 1694 5363 dicitur
1722 5292 2017 5361 (Issarhar)
2046 5313 2167 5363 pro-

570 5384 681 5443 pm
712 5364 1067 5443 fortitudinem
1100 5362 1250 5443 legis,
1283 5378 1342 5415 eo
1367 5361 1504 5443 quod
1535 5364 1587 5415 in
1618 5365 1830 5443 humero
1852 5361 2166 5443 legem_por-

572 5432 781 5496 'taret'et
826 5438 1024 5493 cwteris
1060 5432 1293 5487 tribubus
1336 5437 1610 5499 tributum,
1664 5434 1721 5485 id
1756 5442 1831 5486 est
1877 5432 2169 5490 doctrinam

573 5515 699 5581 legis
751 5508 1091 5579 impenderet.
1155 5504 1287 5560 Vide
1349 5506 1704 5573 appendicem
1755 5502 1918 5572 hujus
1991 5505 2167 5563 Tomi.

580 5597 848 5639 MARTIAN.

581 5584 905 5708 "iri-iiiis:
928 5658 1045 5706 erat
1065 5648 1287 5716 ιῧζονος.
1318 5644 1437 5701 Vid.
1469 5644 1521 5700 in
1545 5643 1816 5713 superiori
1842 5644 1939 5702 lib.
1963 5645 2032 5704 de
2060 5647 2167 5705 No-

574 5725 811 5778 minibus
833 5738 899 5777 ex
920 5722 1117 5778 Genesi
1139 5731 1193 5776 et
1224 5719 1433 5773 tundo.

647 5792 662 5831 τ
691 5792 793 5847 Pro
813 5803 929 5847 ante
951 5794 1155 5862 legerat
1170 5791 1433 5848 Alcuiaus
1452 5788 1796 5847 concinuiori
1812 5804 2000 5863 sensu,
2019 5791 2159 5864 Gud,

2275 4706 2406 4763 braei
2446 4707 2612 4762 fontis
2648 4723 2771 4762 cum
2815 4708 3022 4764 Graecis
3053 4707 3467 4779 exemplaribus
3514 4708 3665 4764 LXX
3710 4710 3870 4765 inter-

2274 4788 2511 4849 pretum.
2536 4779 2805 4835 MAR'I'IAN.

2347 4848 2375 4887 ιι
2403 4851 2623 4923 Rectius
2648 4852 2869 4922 Regina:
2896 4865 2999 4908 ms.
3032 4851 3320 4921 vetustior,
3349 4850 3665 4923 Nephthali,
3685 4851 3751 4907 ad
3772 4850 3871 4907 lle-

2275 4936 2480 4998 bracum
2516 4921 2696 5004 95:15:.
2728 4944 2833 5000 Sed
2864 4959 2969 4998 non
2999 4948 3128 4999 item
3157 4945 3295 5001 bene
3335 4962 3459 5001 mox
3491 4946 3543 5001 in
3567 4945 3743 5002 altero
3767 4955 3867 5009 est.

2276 5014 2407 5089 dans
2451 5016 2651 5089 eloquia
2698 5015 3121 5089 pulchritudinis.
3176 5016 3512 5089 Signiﬁcans,
3558 5019 3698 5085 quod
3740 5032 3869 5087 aqua

2276 5085 2680 5141 immortalitatis
2704 5086 2869 5141 Gades
2893 5088 2946 5141 in
2974 5089 3089 5152 ipsa
3110 5085 3339 5141 nascitur
3366 5089 3523 5152 tribu,
3548 5100 3657 5145 etc.

2356 5154 2367 5192 ί
2403 5155 2477 5209 lta
2512 5158 2687 5230 verius
2716 5159 2951 5214 eﬂ'erunt
2973 5159 3268 5219 Palatinus.
3293 5168 3347 5214 et
3368 5160 3589 5230 Regium
3612 5170 3870 5230 prman-

2278 5226 2385 5301 tior
2413 5242 2515 5281 ms.
2545 5228 2797 5295 SLUAA,
2823 5245 2923 5301 pro
2945 5243 3051 5299 quo
3072 5230 3414 5284 Martiana-us
3440 5226 3692 5286 εειυἈ.
3714 5230 3867 5301 Apud

2276 5297 2503 5352 Veteres
2536 5297 2840 5371 numquam
2882 5297 2995 5357 fere
3037 5302 3256 5366 Scheva,
3287 5301 3404 5357 sive
3441 5318 3470 5355 e
3496 5297 3872 5358 teuuissinium

2274 5378 2495 5424 resonat
2518 5370 2671 5425 initio
2690 5370 2870 5426 vocis.

2352 5446 2365 5491 1
2408 5441 2555 5497 llnus
2587 5458 2714 5507 ms.,
2740 5459 2895 5507 quant
2926 5442 2995 5497 ibi
3022 5445 3099 5499 vel
3122 5444 3405 5499 maximam
3432 5445 3629 5498 docuit.

2348 5510 2508 5565 l‘Pro
2563 5515 2766 5569 vincula
2821 5524 2932 5569 tres
2978 5529 3109 5571 mss.
3162 5516 3337 5571 nostri
3396 5517 3593 5570 habent
3641 5515 3868 5569 brachia.

2274 5579 2581 5657 Utrumque
2604 5596 2786 5640 autem
2840 5587 3038 5641 retinet
3072 5587 3223 5657 Vulg.
3272 5588 3477 5642 vincula
3523 5586 3872 5650 brachiorum,

2269 5663 2378 5708 etc.
2411 5656 2515 5710 Sed
2534 5656 2811 5730 AHebraeus
2833 5661 2951 5717 nm
2976 5656 3187 5714 brachia
3202 5665 3434 5726 tantum,
3458 5658 3604 5730 quod
3627 5657 3719 5714 hic
3744 5674 3876 5729 quo.

2267 5738 2375 5795 que
2406 5728 2690 5797 praeferas.
2726 5771 2802 5799 ,ιη
2820 5784 2910 5799 4,,
2952 5776 2976 5799 ,ς

2780 5783 2910 5801 κ4ει
2952 5791 2977 5799 ,ι
