4010 6368
151 326 285 383 1009
1189 322 1726 383 COMMENTARIUS

1834 325 1841 382 l
1882 323 2426 383 ECCLESIASTEN.
3309 327 3449 386 1010

142 445 294 502 fortis
315 454 399 503 est
428 454 829 519 propugnator:
856 454 912 501 et
942 442 1154 501 vincula
1183 452 1297 513 tua,
1329 445 1527 514 quibus
1562 454 1614 500 te
1632 444 1737 499 fra-
1763 446 1815 507 Α
1844 443 1997 515 lupus
2023 461 2214 514 rapax,
2246 445 2361 499 sive
2402 445 2634 516 capiens,
2679 446 2732 499 in
2758 446 3011 500 matutino
3052 445 3283 501 comedet
3312 459 3447 511 prte-

142 548 251 595 tres
278 540 603 609 ligaverunt,
632 540 698 595 ab
725 538 845 609 ipso
869 539 1040 593 soluta
1062 546 1212 602 sunt,
1236 546 1292 592 et
1322 536 1564 606 dirupta,
1594 546 1652 592 ut
1669 552 1734 593 ex
1844 537 1986 601 dam,
2016 548 2062 591 et
2098 537 2166 591 ad
2195 553 2458 609 vesperam
2505 537 2698 592 dividet
2723 540 2913 611 spolia.
2942 538 3096 606 Quod
3131 538 3203 593 ita
3235 534 3451 592 Hebraei

142 645 231 689 tuo
259 634 470 689 semine
501 634 673 688 tribus
714 644 972 686 nascatur
1014 630 1294 699 Ephraim,
1328 628 1507 691 fortis.
1542 640 1598 685 et
1627 639 1740 687 sta-
1841 631 2191 687 edisserunt:
2238 633 2447 697 Altare,
2477 632 2531 687 in
2561 649 2671 703 quo
2700 634 3123 689 immolabantur
3151 633 3366 699 hostiae,
3395 640 3453 687 et

140 727 282 794 bilis,
333 737 388 782 et
442 728 612 782 instar
659 725 855 793 lapidis
896 725 1137 781 durioris
1182 724 1410 791 invicta,
1458 724 1738 795 imperans
1844 727 2184 782 victimarum
2217 727 2437 796 sanguis
2467 727 2533 781 ad
2584 727 2768 782 basem
2808 728 2958 783 illius
2991 726 3341 793 fundebatur,
3393 725 3448 779 in

135 833 350 889 quoque
371 818 563 875 decem
598 818 846 874 tribubus
872 818 1056 873 Israel.

206 911 388 981 (Vers.
420 912 513 968 27.
538 912 557 983 )
584 911 859 984 Benjamin
900 913 1059 984 lupus
1101 931 1288 986 rapax,
1321 931 1474 969 mane
1510 914 1736 968 comedet

132 1003 321 1070 adhuc,
344 1015 394 1059 et
422 1004 493 1058 ad
517 1022 782 1076 vesperam
807 1006 949 1060 dabit
972 1023 1160 1061 escam.

203 1105 228 1133 ἰ
258 1096 430 1166 Quam
459 1098 528 1153 de
559 1098 726 1154 Paulo
750 1102 1002 1169 apostolo
1028 1099 1469 1156 manifeStissima
1496 1100 1730 1171 prophe-

128 1188 198 1243 tia
226 1190 316 1255 sit,
350 1190 605 1245 omnibus
656 1201 830 1262 patet,
872 1192 1037 1264 379
1078 1192 1222 1263 quod
1256 1193 1307 1247 in
1358 1193 1727 1249 adolescentia

123 1277 153 1318 δ
170 1292 485 1347 persecutus
502 1280 826 1347 Ecclesiatn,
844 1285 898 1337 in
913 1292 1195 1340 senectute
1214 1284 1539 1355 pra’dicator
1555 1286 1662 1340 Eva
1672 1304 1731 1342 n-

121 1372 248 1443 gelii
275 1371 458 1440 fuerit,
490 1382 671 1430 tamen
705 1374 761 1430 in
799 1363 1029 1431 Hebraeo
1055 1377 1136 1433 sic
1180 1377 1410 1449 legitur:
1450 1377 1729 1453 Benjamiu

196 1546 221 1574 ι
255 1536 405 1611 Meus
425 1547 478 1611 et
499 1537 692 1609 Regio.
713 1552 1169 1611 ms.,quamquam
1192 1540 1257 1592 de
1281 1538 1449 1594 Paulo
1475 1542 1721 1611 Apostolo

118 1609 545 1679 manifestissima
594 1610 865 1682 prophetia
912 1611 1009 1677 sit,
1052 1611 1189 1681 quod
1234 1612 1289 1665 in
1337 1609 1718 1678 adolescentia,

120 1692 234 1737 etc.

1843 820 2175 892 partem
2194 820 2365 875 trtbus
2388 819 2675 889 Beniamin
2701 821 2823 875 fuit.
2854 821 2987 885 lloc,
3019 819 3291 890 inquiunt,
3316 830 3449 888 ergo

1841 917 2134 989 signiﬁcat,
2163 916 2308 987 quod
2341 916 2653 971 Sacerdotes
2691 931 2851 970 mane
2899 916 3181 969 immolant
3212 912 3440 977 hostias,

1832 1022 1887 1068 et
1919 1012 1985 1066 ad
2017 1026 2298 1082 vesperam
2346 1010 2597 1065 dividunt
2638 1025 2722 1074 ea,
2756 1025 2878 1079 qua:
2922 1007 3027 1062 sibi
3063 1022 3092 1060 a
3140 1004 3343 1076 populo
3372 1019 3440 1059 ex

1834 1104 1981 1175 Lege
2010 1105 2204 1159 collata
2227 1113 2385 1169 sunt,
2410 1105 2595 1175 lupum
2626 1102 3035 1173 sanguinarium
3051 1110 3097 1166 ο,
3125 1099 3308 1168 Inpum
3342 1111 3437 1151 vo-

1830 1212 2011 1252 racem
2038 1213 2202 1266 super
2230 1196 2411 1250 altaris
2446 1195 2899 1263 interpretatione
2921 1199 3214 1263 ponentes,
3236 1198 3293 1242 et
3313 1202 3431 1257 spo.

1831 1286 2025 1343 liorum
2056 1288 2382 1342 divisionem
2405 1302 2571 1357 super
2590 1284 2989 1350 sacerdotibus,
3012 1281 3103 1352 qui
3128 1280 3435 1336 servientes

1829 1383 2011 1449 altari,
2044 1382 2234 1436 vivunt
2261 1380 2330 1436 de
2358 1380 2538 1435 altari.

1831 1542 1974 1605 min,
2032 1542 2231 1611 inquit,
2284 1539 2442 1609 lupus
2489 1553 2669 1611 rapax,
2689 1538 2756 1592 ad
2812 1534 3139 1611 matutinum
3171 1532 3430 1611 __comed_e

1830 1604 2027 1672 adhuc.
2076 1604 2127 1666 et
2171 1613 2237 1664 ait
2272 1604 2570 1675 vesperam
2588 1610 2738 1663 dabit
2768 1624 2969 1663 escam.
3004 1604 3090 1660 Ea:
3116 1606 3259 1658 tribu
3303 1606 3442 1658 enim

1828 1681 2106 1754 Benjamin
2126 1684 2381 1737 oriturum
2408 1680 2631 1736 Paulum
2656 1680 2979 1754 providebat,
2997 1680 3175 1745 lupum
3195 1691 3439 1741 rapacem

188 1751 216 1791 δ
248 1750 517 1839 Victorius
539 1752 715 1836 _addit
757 1770 875 1807 sua.
925 1752 1044 1808 Jam
1090 1769 1223 1837 vero
1250 1770 1314 1839 ex
1350 1764 1428 1839 tot
1473 1755 1719 1839 Patrum,
1755 1780 1803 1839 Β
1827 1757 1896 1807 ad
1918 1750 2228 1808 matutinum
2254 1756 2622 1839 ctiiiieiteittem,
2661 1751 2716 1805 id
2746 1763 2843 1811 est,
2878 1753 3246 1839 primala'tate.
3268 1756 3442 1799 vasta-

113 1824 392 1893 praacipue
434 1824 782 1889 Latinorum,
828 1841 1087 1889 numero,
1134 1827 1226 1895 qui
1258 1827 1326 1880 de
1357 1826 1527 1881 Paulo
1576 1826 1721 1893 Apo-

110 1895 277 1956 stulo.
301 1910 365 1948 ex
386 1895 669 1964 Benjatnin
696 1898 837 1950 tribu
864 1906 1011 1962 natu,
1034 1897 1517 1951 Jacobioraculutn
1549 1899 1720 1951 inti-r-

106 1975 422 2035 pretantur,
446 1977 705 2034 ιιικιξδιὲῐςι
717 1969 870 2022 ndire
884 1969 1203 2023 Tertulliani
1229 1969 1719 2023 luculentissimum

107 2037 489 2107 testiinonium
522 2038 617 2092 lib.
648 2055 677 2089 v
703 2051 891 2092 contra
917 2038 1179 2093 Marcion.
1209 2054 1329 2107 cap.
1361 2055 1377 2093 ι
1404 2058 1415 2092 :
1444 2039 1609 2103 Mihi,
1640 2040 1722 2093 in-

102 2110 249 2174 quit,
284 2106 517 2162 Panlum
543 2113 698 2163 etiam
728 2107 943 2164 Genesis
970 2110 1095 2163 olim
1141 2106 1454 2178 repromisit.
1486 2110 1631 2163 Inter
1658 2111 1726 2163 il-

100 2179 182 2251 las
211 2181 356 2232 enim
385 2181 605 2251 ﬁg_uras,
635 2190 683 2233 et
715 2180 1037 2251 praphieticas
1069 2197 1225 2251 super
1255 2182 1393 2248 ﬁlios
1430 2198 1548 2235 suos
1575 2181 1725 2235 bene-

101 2250 387 2316 dictiones,
428 2248 593 2305 Iacob
622 2248 736 2305 cum
764 2254 833 2305 ad
858 2248 1143 2325 Benjamtn
1182 2254 1476 2317 direxisset,
1527 2253 1722 2322 Benja-

1829 1836 2006 1879 turum
2038 1841 2223 1893 pecora
2257 1824 2488 1886 Domini,
2538 1833 2591 1876 ut
2626 1833 3005 1889 persecutorem
3051 1820 3439 1893 Ecclesiarum;

1830 1899 2014 1951 dehinc
2035 1890 2103 1950 ad
2136 1913 2399 1965 vesperam
2428 1911 2592 1949 escam
2620 1893 2889 1957 daturum,
2916 1892 2971 1945 id
2998 1901 3092 1965 est.
3137 1890 3441 1965 devergente

1820 1972 1939 2042 jam
1966 1978 2140 2033 aetate,
2179 1959 2295 2022 oi-es
2324 1967 2521 2021 Christi
2553 1964 2920 2027 edttcaturum,
2952 1974 3005 2016 ut
3032 1959 3443 2016 doctorem'Na-

1827 2053 2136 2165 "ogui’ei‘ba
2181 2112 2362 2180 lupum
2404 2109 2806 2180 sanguinarium
2831 2106 2884 2159 in
2912 2104 3129 2180 duobus
3167 2116 3198 2156 e
3230 2099 3437 2180 nostris

1830 2197 1965 2237 mss.
1995 2200 2102 2235 non
2156 2172 2305 2237 sunt.
2350 2181 2470 2235 Mox
2501 2172 2623 2247 ἰη-υ
2652 2178 2961 2232 divisionem
3006 2175 3188 2229 verius
3242 2172 3440 2242 legisse

1829 2254 2045 2307 videtur
2071 2252 2332 2308 Alcuinus
2353 2253 2653 2306 divisorem.

108 2381 3405 2414 ΜΨ

1834 2540 2827 2721 ΙΙΕΒθΝΪΜῙ

1226 2758 1796 2823 STRIDONENSIS
1837 2760 2083 2823 PRESB
2093 2760 2333 2822 YTERI

482 2931 529 3141 5
604 2932 1627 3094 committitis
1735 2940 1883 3093 IN
1994 2934 3034 3112 EGGLESIASTEN,

854 3197 1011 3284 ΑΙ)
1088 3198 1575 3285 PAULAM
1651 3202 1798 3283 ET
1874 3199 2695 3285 EUSTOCHIUM.

1318 3552 2152 3662 PRIEFATIO
2176 3620 2213 3657 .

156 3963 549 4039 381-383
571 3962 793 4018 Memini
810 3977 897 4017 me
923 3969 1053 4017 ante
1079 3960 1185 4016 hoc
1217 3962 1387 4017 ferme
1414 3964 1722 4032 quinquen-
1753 3966 1797 4029 C
1830 3973 1917 4019 set
1944 3964 2254 4036 intelligere
2274 4006 2291 4033 ,
2314 3981 2438 4036 qua;
2460 3966 2703 4038 legebat.
2728 3966 2915 4036 Itaque
2943 3967 3201 4038 quoniam
3225 3966 3278 4019 in
3301 3980 3429 4036 pro-

82 4058 266 4123 nium,
284 4072 434 4113 cum
449 4055 629 4111 adhuc
645 4053 829 4110 Romae
846 4070 1049 4121 essem,
1065 4063 1122 4111 et
1138 4055 1500 4112 Ecclesiasten
1517 4066 1722 4111 sancte

80 4150 328 4206 Blesillae
354 4150 634 4217 legerem,
660 4158 845 4203 uteam
866 4148 931 4202 ad
956 4158 1326 4218 contemptum
1354 4152 1509 4205 istius
1535 4151 1719 4205 smculi

78 4262 502 4320 provincarern,
523 4257 577 4301 et
591 4262 751 4300 omne
765 4247 908 4316 quod
927 4248 979 4302 in
999 4247 1200 4302 mundo
1213 4256 1485 4312 cerneret,
1507 4256 1725 4315 putaret

78 4358 209 4398 esse
225 4359 333 4411 pro
355 4341 578 4405 tiiliilo;
601 4352 848 4409 rogatum
863 4341 931 4394 ab
946 4355 1008 4395 ea
1021 4382 1035 4405 ,
1054 4342 1180 4394 utin
1199 4355 1409 4394 morem
1425 4338 1721 4394 Commen-

84 4435 273 4491 tarioli
294 4437 547 4491 obscura
567 4447 797 4502 quaeque
820 4432 1171 4498 dissererem,
1197 4440 1255 4485 ut
1280 4431 1486 4501 absque
1501 4445 1586 4485 me
1603 4444 1725 4500 pos.

160 4629 190 4658 ι
223 4622 284 4675 In
306 4620 573 4675 editione
603 4616 853 4671 Martian.
891 4614 1211 4671 inscribitur
1242 4631 1254 4665 :
1291 4613 1485 4685 Incipit
1520 4611 1725 4682 Prefa-

83 4693 158 4757 tio
194 4692 260 4749 S.
317 4690 645 4759 Hieronymi
683 4689 737 4742 in
766 4685 1160 4751 Ecclesiasten;
1196 4686 1603 4759 taliqughtitulo
1630 4700 1725 4754 ap-

84 4756 285 4833 pendit
324 4755 745 4833 imminutam;
783 4778 801 4811 t
839 4760 1022 4833 (Zoile:
1054 4773 1155 4833 tus.
1194 4757 1335 4833 ιιδβ
1369 4755 1724 4833 Bibliotbeca:

83 4828 455 4890 Colbertinae
488 4831 629 4885 hanc
654 4831 819 4884 liabet
852 4829 1269 4894 inscriptionem
1303 4828 1501 4881 litteris
1526 4828 1721 4880 minia-

85 4908 155 4960 tis
186 4927 200 4959 :
232 4906 453 4976 Incipit
490 4900 754 4976 Prologus
894 4899 1206 4976 Hieronymi
1248 4898 1725 4976 presbyteri_s_uper

84 4970 500 5035 Ecclesiasten,
561 4975 627 5025 ad
662 4970 903 5025 Paulam
952 4981 1001 5027 et
1054 4970 1424 5031 Eustochium,
1461 4970 1725 5039 feliciter:

81 5065 243 5118 quem
274 5052 527 5121 primum
580 5043 760 5098 Roma!
812 5043 1027 5113 incepit,
1080 5054 1190 5096 tum
1241 5040 1507 5096 Bethleem
1547 5052 1726 5112 postea

83 5119 405 5194 complevit.
426 5138 447 5194 ξ
492 5119 648 5171 Ευιτ.

156 5184 232 5233 -ί-
261 5189 598 5260 Exegit-ius
613 5197 782 5260 totum
812 5184 956 5240 hunc
980 5185 1206 5260 libruin
1225 5184 1291 5239 ad
1332 5193 1562 5260 uitatuor
1590 5198 1722 5238 mss.

80 5265 320 5321 cadit-es
349 5281 361 5315 :
391 5256 543 5316 duos
574 5257 850 5312 Palatinos
880 5257 1125 5311 numeris
1143 5256 1213 5311 79
1244 5266 1299 5310 et
1328 5256 1432 5309 175
1459 5265 1725 5321 praenota-

84 5346 194 5405 tos,
232 5350 417 5389 nuntii
454 5329 905 5405 Vaticanum_~ub
935 5343 1084 5381 num.
1119 5327 1259 5391 3l8;
1289 5327 1523 5405 denique
1547 5326 1727 5395 priva-

84 5400 204 5464 tum
239 5418 541 5465 DOSU'IIIII,
573 5417 733 5470 quem
761 5400 908 5453 domi
940 5413 1313 5470 asservamus,
1344 5411 1397 5451 et
1432 5403 1581 5470 bona'
1606 5411 1731 5451 cum

82 5480 295 5551 primis
325 5484 488 5530 nota:
519 5466 661 5551 esse,
684 5471 795 5541 jam
818 5470 1077 5551 disintus.
1113 5469 1347 5550 Rursum
1377 5483 1500 5551 cuin
1536 5466 1646 5549 fere
1668 5470 1734 5521 ad

82 5540 340 5606 'verbum
393 5551 551 5598 hunc
584 5543 897 5613 Hieronymi
932 5541 1399 5613 Commentarium
1430 5540 1739 5613 descripse-

1828 4057 2011 4112 cinctn
2036 4059 2208 4112 nostri
2234 4059 2417 4129 operis
2434 4060 2613 4116 subita
2632 4072 2807 4114 morte
2824 4060 3106 4114 subtracta
3121 4066 3229 4125 est,
3248 4072 3299 4114 et
3314 4074 3423 4116 non

1826 4153 2149 4218 meruimus,
2177 4166 2210 4205 ο
2234 4153 2399 4206 Paula
2416 4162 2470 4207 et
2495 4153 2877 4210 Eustochium.
2898 4152 3058 4208 talem
3082 4152 3207 4205 vita:
3223 4162 3426 4209 nostra:

1825 4241 2030 4297 habere
2058 4253 2397 4309 cousmtem,
2431 4252 2693 4304 tantoque
2726 4244 2955 4297 vulnere
2987 4254 3114 4297 tunc
3144 4245 3427 4313 perCttlsus

1825 4335 2109 4390 obmutui:
2167 4350 2311 4392 nunc
2356 4336 2412 4391 in
2462 4335 2737 4390 Bethleem
2785 4334 3016 4403 positus,
3052 4332 3079 4371 ι’
3124 4337 3431 4407 augustiori

1825 4428 2081 4484 videlicet
2108 4430 2355 4498 civitate,
2388 4438 2444 4483 et
2476 4428 2622 4483 illius
2650 4429 2948 4496 memoriae,
2991 4438 3046 4485 et
3071 4430 3227 4487 vobis
3257 4432 3429 4489 reddo

1832 4613 2135 4690 esintegro
2161 4612 2512 4690 contulimus,
2536 4612 2901 4685 melioresque
2929 4616 3192 4675 lectiones
3218 4622 3429 4690 passim

1832 4683 1908 4737 illi
1946 4694 2194 4749 acceptas
2227 4684 2537 4737 referimus.

1903 4752 1931 4790 ι)
1959 4751 2007 4806 Ν
2016 4769 2114 4805 nnc
2134 4755 2185 4807 in
2209 4752 2470 4807 Bethleem
2494 4756 2712 4819 positus,
2736 4761 3027 4827 augustiori
3048 4779 3067 4816 :
3095 4772 3201 4817 etc.
3233 4761 3433 4826 Quam-

1832 4823 2183 4901 plnrestuss.
2223 4832 2279 4878 et
2307 4840 2498 4901 omnes
2538 4827 2672 4901 editi
2720 4823 2957 4901 librisic
3003 4832 3192 4901 legunt
3225 4823 3430 4886 {Nunc

1831 4897 1885 4948 in
1913 4893 2177 4949 Bethleem
2208 4897 2428 4967 positus,
2462 4897 2755 4966 angustiori
2784 4899 3018 4953 videlicet
3047 4893 3279 4955 civitate.
3320 4901 3428 4957 Sed

1833 4967 2125 5039 angttstiori
2162 4968 2407 5039 positum
2437 4978 2521 5021 est
2567 4968 2841 5035 imperitia
2877 4983 3119 5025 veterum
3148 4982 3199 5026 et
3231 4987 3431 5028 recen-

1835 5038 2034 5114 tiorum
2064 5038 2428 5114 scriptorum,
2463 5038 2553 5105 qui
2589 5040 2930 5114 locutionum
2970 5040 3426 5114 Hieronymiana-

1834 5125 1952 5164 rum
1978 5110 2271 5181 inconsulti
2298 5124 2393 5163 aut
2416 5109 2765 5165 immemores
2786 5112 3120 5181 nescierunt,
3147 5109 3427 5169 Bethleem

1834 5195 1868 5255 Ξ
1919 5190 2137 5255 sancto,
2172 5180 2404 5255 doctore
2455 5184 2747 5237 vocitatum
2821 5183 2991 5237 fuisse
3060 5180 3433 5255 augustiorem

1835 5250 2006 5305 Roma
2039 5253 2335 5307 civitatem.
2373 5252 2659 5322 Igituraut
2686 5255 2756 5307 de
2796 5256 3044 5309 restituta
3074 5271 3103 5308 a
3134 5250 3295 5310 nobis
3326 5257 3435 5311 lec-

1839 5324 1988 5377 tione
2018 5324 2082 5375 ad
2110 5322 2269 5377 [idem
2296 5326 2757 5392 exemplariorum
2789 5327 3284 5381 vetustissimorum
3311 5326 3435 5380 nul-

1844 5394 1954 5449 lum
1986 5408 2279 5460 superesse
2314 5396 2537 5450 dubium
2568 5397 2762 5463 possit,
2806 5398 3157 5451 meminerint
3198 5396 3432 5452 studiosi

1841 5465 2103 5520 Lectores
2142 5467 2213 5519 ita
2240 5468 2502 5535 scriptum
2538 5467 2642 5536 legi
2672 5466 2994 5521 Pt'atfali0tte
3024 5468 3075 5520 in
3113 5468 3308 5521 librum
3344 5468 3437 5521 Di-

1841 5537 1994 5609 dymi
2037 5538 2106 5591 tle
2137 5537 2347 5609 Spiritu
2391 5547 2602 5596 sancto,
2635 5553 2795 5606 quem
2847 5537 3210 5607 Hieronymus
3242 5540 3435 5594 Latine

1843 5607 2117 5664 reddidit:
2149 5607 2418 5662 Canticum
2440 5650 2453 5668 ,
2487 5610 2657 5675 inquit
2681 5648 2695 5668 ,
2738 5608 2873 5677 quod
2897 5618 3108 5662 cantare
3139 5626 3242 5663 non
3288 5610 3435 5677 potui

85 5625 184 5687 τη,
216 5622 276 5677 in
304 5630 541 5683 suaque
566 5610 910 5667 transmlcrit
932 5612 1165 5687 Albinus
1196 5610 1425 5687 Flaccus
1453 5611 1740 5687 Alcuinus.

86 5675 390 5750 iii'sérmn
416 5675 835 5755 Quercetanus,
865 5685 958 5751 qui
979 5692 1035 5738 et
1056 5685 1337 5753 antiquus,
1358 5683 1409 5734 itl
1435 5690 1537 5742 est,
1564 5680 1742 5755 octavi
1839 5679 1892 5732 in
1913 5689 2052 5733 terra
2093 5681 2288 5742 aliena,
2330 5681 2414 5755 hic
2452 5696 2483 5732 a
2512 5679 2650 5731 vobis
2789 5675 2978 5755 iudica
3013 5675 3315 5755 prouocatus
3335 5681 3436 5755 im-_

1842 5766 2141 5822 murmuro,
2190 5752 2558 5822 augustiorem
2605 5749 2767 5801 multo
2811 5749 2979 5802 locum
3013 5749 3281 5805 ‘a’stimans
3304 5793 3317 5814 ,
3347 5753 3436 5822 qui

90 5762 293 5821 saeculi
346 5753 565 5815 auctor
597 5764 702 5821 est,
736 5767 791 5811 et
819 5756 870 5809 in
905 5755 1185 5823 antiquum
1219 5769 1282 5808 ac
1303 5757 1438 5807 satis
1479 5753 1741 5807 emenda-

200 5818 231 5892 ﬁt
257 5818 777 5892 llierOnymiauum
804 5818 1089 5892 exemplar
1119 5825 1337 5889 incidit;
1371 5839 1497 5879 eum
1523 5833 1743 5892 quoque
1842 5818 2168 5875 Salinatorem
2218 5820 2402 5874 mundi
2424 5858 2436 5887 ,
2485 5834 2639 5888 quam
2661 5822 2748 5889 qui
2788 5822 2965 5890 fratris
3002 5822 3180 5892 genuit
3219 5818 3435 5885 parricie

91 5825 217 5894 tum
257 5829 777 5895 llierOnytuiauum
804 5827 1089 5896 exemplar
1119 5825 1337 5889 incidit;
1371 5839 1497 5879 eum
1523 5833 1743 5893 quoque
