4010 6300
122 260 261 319 1015

1164 255 1712 316 COMMENTARIUS
1753 254 1819 317 IN
1863 257 2399 315 ECCLESIASTEN.

3287 259 3428 319 10M

115 385 228 431 tres
259 375 429 431 libros
458 374 732 441 auctoris,
763 373 1010 429 diversus
1041 383 1124 429 est
1157 373 1365 429 titulus.
1392 372 1448 427 In
1484 373 1710 428 Provcr-
1740 379 1793 436 Α
1817 376 1886 428 vit
1917 389 2075 428 sonus
2121 388 2321 437 eorum,
2370 382 2418 427 et
2453 373 2507 426 in
2538 373 2668 442 ﬁnes
2695 372 2832 427 orbis
2879 383 3028 428 terra:
3071 372 3223 428 verba
3250 391 3430 429 eorum

116 471 219 526 hiis
250 470 396 526 enim
439 479 691 526 notatur:
739 465 1020 522 Proverbia
1053 467 1353 522 Salomonis
1383 467 1480 534 filii
1526 465 1714 534 David,

112 564 252 635 regis
278 561 468 616 Israel.
504 563 558 617 In
603 561 929 616 Ecclesiaste
957 574 1125 613 vero:
1181 558 1349 612 Verba
1396 557 1720 612 Ecclesiaste

115 658 212 726 ﬁlii
235 655 426 721 David,
475 655 607 727 regis
653 653 989 706 Jerusalem:
1043 651 1377 722 superﬂuum
1407 649 1610 720 quippe
1637 659 1721 705 est

116 748 204 803 hic
232 756 259 784 ⁸
292 745 482 811 Israel,
513 745 654 813 quod
707 744 846 798 male
879 743 931 798 in
963 742 1192 809 Grtccis,
1229 752 1283 798 et
1331 742 1538 797 Latinis
1568 742 1720 796 codi-

114 841 269 898 cibus
317 840 608 895 invenitur.
641 838 697 892 ln
730 837 959 891 Cantico
1007 845 1186 892 autem
1218 833 1568 891 Canticorum
1619 849 1719 890 nec

117 935 258 990 Illius
282 933 474 1000 David,
507 947 607 988 nec
640 946 733 986 rex
765 930 952 995 Israel,
997 931 1111 985 sive
1140 929 1443 985 Jerusalem
1474 928 1724 996 praescri-

113 1027 296 1082 bitur:
330 1025 423 1081 sed
459 1033 688 1087 tantum,
724 1021 994 1076 Canticum
1023 1021 1356 1077 Canticorum
1398 1019 1719 1075 Salomonis.

116 1118 270 1174 Sicut
311 1120 456 1174 enim
491 1116 815 1182 Proverbia,
851 1126 904 1170 et
935 1115 1085 1170 rudis
1115 1116 1382 1169 institutio
1410 1115 1476 1168 ad
1514 1114 1720 1169 duode-

116 1211 221 1265 cim
248 1210 442 1278 tribus,
476 1218 530 1265 et
555 1210 617 1263 ad
645 1217 818 1264 totum
844 1208 1117 1279 pertinent
1139 1207 1302 1262 lsrael
1328 1225 1338 1260 :
1366 1216 1420 1261 et
1447 1205 1723 1276 quomodo

116 1313 463 1376 contemptus
482 1303 668 1358 mundi
693 1317 798 1357 non
824 1302 928 1356 nisi
947 1301 1306 1372 metropolitis
1323 1300 1602 1368 convenit,
1620 1300 1723 1356 hoc

117 1404 223 1463 est,
254 1395 653 1450 habitatoribus
677 1395 1020 1450 Jerusalem:
1057 1395 1129 1448 ita
1161 1393 1438 1448 Canticum
1470 1391 1724 1448 Cantico—

120 1503 238 1542 rum
269 1487 334 1540 ad
365 1503 460 1542 eos
498 1487 718 1557 pr0prie
751 1487 879 1541 facit
914 1485 963 1551 ι’,
999 1487 1089 1556 qui
1125 1494 1330 1540 tantum
1363 1500 1598 1555 superna
1629 1486 1724 1542 de-

121 1582 381 1636 siderant.
416 1581 495 1637 Ad
529 1581 873 1651 incipientes,
920 1590 974 1634 et
1001 1579 1375 1649 proﬁcientes,
1407 1589 1461 1635 et
1496 1590 1720 1650 paterna

120 1674 286 1746 385
316 1675 570 1745 dignitas,
601 1685 656 1730 et
707 1676 858 1744 regni
891 1675 1093 1745 proprii
1126 1679 1322 1730 merito
1355 1686 1377 1714 ε
1409 1676 1723 1730 vindicatur

1822 466 1995 538 (Psal.
2028 481 2182 532 xvttt,
2218 465 2298 536 5).
2324 465 2462 521 Male
2495 466 2662 535 igitur
2689 463 2707 502 ί
2735 466 2956 537 quidam
2983 467 3300 538 opinantur,
3331 481 3433 524 nos

1821 573 1886 613 ex
1929 558 2032 612 hoc
2063 558 2206 611 libro
2239 557 2304 612 ad
2339 559 2668 628 voluptatem
2703 565 2758 612 et
2795 558 3065 613 luxuriam
3104 562 3432 630 prOVocari:

1819 667 1940 707 cum
1957 667 1986 706 e
2005 652 2283 706 contrario
2306 652 2510 714 omnia,
2537 669 2655 722 qua:
2671 653 2722 706 in
2749 653 2951 708 mundo
2967 655 3265 720 cernimus,
3291 667 3434 708 vana

1821 745 2168 800 doceantur:
2202 759 2303 799 nec
2345 760 2551 798 DEBERE
2600 761 2665 800 es
2711 761 2808 799 nos
2851 745 3096 801 studiose
3142 753 3432 817 appetere,

1821 854 1963 908 quae,
1997 838 2124 892 dum
2153 847 2430 902 tenentur,
2464 840 2762 892 intereant.

1901 929 2118 984 Vanitas
2145 932 2454 996 vanitatum,
2493 932 2625 985 dixit
2657 929 2998 986 Ecclesiastes
3030 943 3048 984 :
3085 929 3304 985 l’anitas
3342 946 3432 983 ra-

1823 1023 2064 1090 nitatum,
2095 1033 2142 1078 et
2173 1024 2348 1078 omnia
2378 1025 2598 1079 vanitas.
2629 1023 2686 1080 Si
2720 1032 2913 1079 cuncta
2951 1040 3068 1094 qua:
3102 1025 3228 1080 fecit
3266 1025 3433 1089 Deus,

1825 1115 1982 1170 valde
2006 1115 2144 1170 bona
2172 1126 2319 1179 sunt,
2346 1115 2625 1186 quomodo
2648 1117 2832 1170 omnia
2856 1115 3092 1181 vanitas,
3123 1124 3178 1171 et
3203 1133 3310 1170 non
3339 1130 3435 1170 so-

1824 1207 1932 1261 lum
1968 1210 2197 1272 vanitas,
2247 1223 2436 1263 verum
2489 1209 2654 1264 etiam
2706 1209 2924 1262 vanitas
2971 1209 3318 1263 vanitatum?
3362 1206 3439 1264 Ut

1822 1301 1964 1356 sicut
2008 1303 2058 1355 in
2109 1302 2347 1358 Canticis
2380 1301 2727 1357 Canticorum
2776 1303 2920 1357 inter
2947 1296 3131 1356 Omnia
3162 1302 3434 1367 carmina,

1822 1395 2104 1450 excellens
2127 1410 2347 1451 carmen
2380 1395 2546 1468 386
2587 1394 2898 1451 ostenditur
2931 1414 2942 1447 :
2988 1396 3058 1450 ita
3093 1395 3144 1450 in
3192 1397 3438 1449 vanitate

1825 1489 2146 1557 vanitatum,
2200 1491 2455 1545 vanitatis
2513 1490 2832 1561 magnitudo
2890 1497 3250 1544 monstretur.
3299 1489 3435 1544 Tale

1823 1584 1953 1654 quid
1996 1593 2049 1640 et
2083 1585 2135 1638 in
2183 1584 2400 1639 Psalmo
2429 1586 2695 1655 scriptum
2735 1594 2858 1640 est:
2916 1583 3286 1638 Verumtamen
3319 1583 3440 1636 uni-

1823 1695 1968 1732 versa
1990 1678 2191 1732 vanitas
2223 1681 2391 1732 omnis
2418 1677 2571 1732 homo
2597 1678 2770 1732 vivens
2795 1674 2968 1748 (Psal.
3004 1691 3237 1739 xxxvnt,
3268 1674 3346 1746 6).
3381 1675 3441 1731 Si

121 1767 436 1822 auctoritas.
470 1768 547 1821 Ad
584 1767 854 1838 perfectos
885 1782 1037 1832 vero,
1062 1768 1150 1822 ubi
1181 1783 1285 1822 non
1321 1769 1515 1824 timore
1543 1767 1720 1823 erudi-
1751 1785 1797 1844 Β
1825 1773 2012 1826 vivens
2045 1773 2207 1826 homo
2229 1773 2446 1826 vanitas
2472 1782 2586 1837 est;
2610 1787 2742 1840 ergo
2768 1779 3018 1825 mortuus
3041 1768 3257 1821 vanitas
3280 1767 3438 1820 vani-

123 1869 206 1913 llll'
227 1860 548 1930 discipulus,
573 1861 667 1915 sed
690 1876 898 1924 amore,
927 1863 1204 1930 proprium
1227 1859 1253 1898 ἀ
1277 1877 1474 1917 nomen
1494 1862 1718 1928 sufficit,

119 1962 170 2006 et
214 1953 442 2020 aequalis
493 1952 751 2022 magister
781 1963 887 2014 est,
919 1962 973 2006 et
1016 1954 1189 2006 nescit
1242 1967 1366 2008 esse
1411 1969 1470 2008 se
1513 1969 1718 2023 regem.

121 2041 248 2098 lltrc
281 2043 501 2099 interim
529 2043 678 2111 juxta
712 2043 967 2096 litteram.

183 2134 464 2190 Caeterum
513 2135 812 2190 secundum
865 2134 1282 2205 intelligentiam
1331 2136 1721 2204 spiritualem:

115 2226 384 2295 pacificus
405 2236 457 2280 et
485 2225 717 2281 dilectus
759 2227 853 2281 Dei
881 2228 1078 2294 Patris,
1111 2237 1164 2281 et
1209 2228 1568 2284 Ecclesiastes
1597 2242 1723 2283 nos-

114 2332 196 2373 ter
224 2327 320 2374 est
350 2318 634 2386 Christus;
667 2322 756 2389 qui
792 2321 972 2375 medio
1017 2322 1223 2390 pariete
1267 2322 1571 2388 destructo,
1605 2331 1628 2360 ι·
1669 2331 1725 2378 et

112 2413 440 2468 inimicitias
461 2413 512 2467 in
536 2429 704 2468 carne
726 2429 1021 2478 evacuans,
1055 2415 1182 2471 fecit
1211 2423 1502 2486 utrumque
1529 2431 1718 2483 unum,

111 2508 312 2563 dicens
337 2524 349 2559 :
381 2505 571 2560 Pacem
599 2523 761 2562 meatu
797 2508 866 2562 do
895 2507 1054 2573 vobis,
1085 2523 1260 2578 pacem
1285 2524 1446 2562 meam
1488 2508 1724 2576 relinquo

114 2604 251 2656 vobis
296 2601 483 2670 (Joan.
517 2616 633 2668 xtv,
665 2601 782 2670 97).
817 2601 897 2655 De
923 2616 1030 2670 quo
1071 2600 1234 2654 Pater
1270 2600 1336 2654 ad
1365 2599 1667 2671 discipulos
1705 2615 1722 2654 :

119 2696 222 2749 Hic
264 2706 362 2760 est,
409 2696 584 2765 inquit
616 2694 830 2766 (Matth.
864 2709 946 2760 ιιι,
983 2692 1095 2767 17),
1129 2693 1271 2763 ﬁlius
1298 2710 1438 2747 mens
1483 2694 1722 2760 dilectus,

118 2789 170 2841 in
199 2804 302 2858 quo
347 2786 473 2840 mihi
517 2785 849 2858 complacui:
891 2784 1030 2840 hunc
1071 2787 1267 2850 audite,
1317 2786 1408 2855 qui
1450 2795 1534 2841 est
1571 2796 1724 2842 catut

118 2880 296 2934 omnis
329 2879 594 2935 Ecclesia:
620 2898 634 2931 :
662 2879 1013 2949 Nequaquam
1051 2879 1117 2933 ad
1149 2894 1479 2950 synagogam
1506 2879 1725 2934 Judteo-

120 2991 258 3040 rum,
291 2973 391 3030 sed
424 2973 491 3028 ad
522 2973 764 3043 gentium
814 2972 1218 3026 multitudinem
1251 2966 1479 3042 loquens
1511 2987 1606 3026 rex
1634 2970 1724 3027 Je-

119 3069 353 3125 rusalem
379 3069 518 3122 vivis
543 3067 816 3136 lapidibus
841 3076 1139 3122 exstructze
1166 3084 1178 3120 :
1205 3080 1312 3120 non
1338 3067 1502 3130 illius,
1528 3066 1598 3120 de
1620 3081 1722 3134 qua

1828 1873 2019 1918 tatum.
2052 1864 2304 1934 Legimus
2333 1865 2386 1917 in
2418 1863 3008 1933 Exodo,glorilicatum
3026 1859 3232 1913 vultum
3258 1857 3436 1929 Moysi

1825 1957 2114 2021 iutantum,
2151 1963 2208 2008 ut
2266 1954 2361 2008 lilii
2408 1953 2571 2007 Israel
2605 1968 2726 2005 eum
2761 1952 3006 2020 aspicere
3038 1966 3144 2004 non
3185 1957 3434 2018 possent.

1825 2047 2000 2113 Quam
2030 2047 2264 2118 gloriam
2297 2047 2496 2101 Paulus
2525 2045 2822 2114 Apostolus
2848 2043 2915 2097 ad
2962 2045 3436 2110 comparationem

1827 2143 2168 2211 Evangelicae
2214 2141 2427 2211 gloriae,
2477 2140 2612 2195 dicit
2658 2154 2781 2194 esse
2829 2154 2934 2193 non
2975 2137 3243 2207 gloriam:
3291 2135 3436 2190 Nam

1824 2249 1915 2287 nec.
1965 2231 2312 2304 gloriﬁcatum
2342 2244 2414 2286 est
2448 2243 2496 2298 ς,
2545 2233 2742 2302 inquit,
2771 2232 2914 2304 quod
2945 2231 3299 2304 gloriﬁcatum
3332 2231 3437 2300 fuit

1824 2328 1878 2379 in
1907 2325 2004 2378 hac
2035 2337 2201 2397 parte,
2236 2336 2443 2396 prapter
2467 2324 2800 2380 excellentem
2828 2323 3049 2394 gloriam
3086 2323 3154 2394 (ll
3183 2321 3303 2378 Cor.
3351 2340 3432 2388 ιιι,

1830 2417 1939 2489 10).
1979 2418 2274 2473 Possumus
2299 2419 2467 2488 igitur
2491 2428 2544 2471 ct
2572 2433 2670 2472 nos
2699 2419 2751 2471 in
2781 2417 2922 2470 hunc
2937 2415 3181 2482 modum,
3206 2417 3433 2481 cmlum,

1827 2521 2052 2578 terram,
2097 2515 2289 2579 maria,
2321 2522 2375 2568 et
2405 2513 2587 2566 omnia
2628 2526 2748 2581 qua:
2782 2512 2831 2565 in
2881 2509 2985 2564 hoc
3016 2508 3222 2564 circulo
3260 2509 3437 2563 conti-

1827 2612 2046 2672 nentur,
2098 2605 2234 2659 bona
2286 2604 2506 2675 quidem
2541 2619 2637 2672 per
2684 2619 2743 2658 se
2770 2602 2975 2667 dicere,
3018 2601 3112 2655 sed
3141 2600 3207 2654 ad
3260 2601 3434 2655 Deum

1826 2706 2162 2766 comparata,
2194 2711 2315 2752 esse
2351 2713 2448 2766 pro
2476 2695 2668 2750 nihilo.
2718 2695 2782 2749 Et
2809 2692 3106 2764 quomodo,
3137 2693 3180 2746 si
3228 2693 3434 2762 ignicu-

1826 2792 1935 2846 lum
1966 2791 2206 2845 lucernm
2243 2790 2460 2856 videns,
2491 2797 2788 2844 contentus
2813 2802 2990 2842 essem
3037 2786 3157 2855 ejus
3201 2784 3434 2847 lumine,

1825 2893 1879 2938 et
1912 2891 2122 2952 postea,
2155 2891 2276 2936 orto
2327 2882 2466 2946 sole,
2518 2895 2625 2935 non
2655 2894 2960 2944 cernerem,
2995 2877 3139 2948 quod
3188 2875 3432 2940 lucebat,

1827 2978 2110 3031 stellarum
2142 2991 2360 3046 quoque
2408 2975 2611 3029 lumina
2654 2974 2850 3045 jubare
2897 2972 3144 3026 viderem
3176 2970 3312 3024 solis
3341 2971 3440 3023 ab-

1827 3069 2014 3123 scondi
2045 3084 2060 3120 :
2105 3070 2182 3122 ita
2236 3067 2514 3136 aspiciens
2546 3067 2818 3122 elementa
2866 3075 2922 3118 et
2953 3078 3136 3116 rerum
3169 3059 3436 3128 multipli-

121 3163 234 3231 ipse
263 3163 336 3216 ait
365 3179 380 3214 :
413 3158 726 3222 Jerusalem,
775 3157 1086 3218 Jerusalem,
1121 3175 1234 3230 quae
1261 3160 1449 3214 occidis
1487 3158 1724 3228 Prophe-
1753 3173 1797 3235 ρ
1829 3175 1945 3217 cem
1991 3161 2332 3222 varietatem.
2363 3159 2609 3214 admiror
2635 3157 2858 3226 quidem
2906 3170 3130 3226 operum
3163 3152 3437 3223 magnitu—

118 3263 195 3308 tas
221 3253 442 3324 (Matth.
480 3269 635 3316 χχιιι,
665 3252 780 3322 57);
811 3261 866 3306 et
896 3269 908 3304 :
946 3251 1078 3306 Ecce
1106 3251 1425 3322 relinquetur
1450 3252 1590 3305 vobis
1633 3252 1727 3305 do-

119 3363 232 3401 mus
277 3355 452 3400 vestra
495 3346 699 3399 deserta
737 3344 924 3415 (lbid.,
957 3343 1049 3413 58)
1079 3362 1091 3397 :
1124 3343 1220 3400 sed
1254 3345 1416 3410 illius,
1444 3359 1540 3413 per
1565 3359 1726 3414 quam

117 3440 305 3510 jurare
332 3445 524 3503 vetat;
567 3437 692 3506 quia
733 3437 805 3490 sit
844 3435 1040 3489 civitas
1074 3435 1257 3504 magni
1295 3437 1460 3506 regis.
1508 3435 1604 3490 llic
1650 3445 1734 3491 est

125 3532 266 3587 tilins
317 3531 512 3595 David,
544 3531 613 3584 ad
643 3546 804 3600 quem
828 3529 956 3583 croci
983 3528 1037 3582 in
1073 3529 1367 3598 Evangelia
1384 3529 1728 3595 clamabant;

124 3623 371 3679 Miserere
408 3623 601 3689 nostri,
632 3621 708 3689 ﬁli
749 3619 918 3676 David
944 3619 1162 3691 (Matth.
1197 3637 1272 3685 ιι,
1299 3621 1422 3692 27);
1455 3631 1507 3675 et
1551 3623 1731 3677 omnis

125 3717 276 3770 turba
307 3729 561 3772 consona
601 3728 736 3769 Voce
784 3713 1114 3768 resonabat:
1153 3712 1366 3766 Osanna
1403 3712 1514 3781 ﬁlio
1557 3711 1726 3768 David

123 3807 334 3879 (Matth.
365 3821 496 3871 ιιι,
523 3807 604 3874 9).
634 3805 882 3874 Denique
905 3819 1013 3860 non
1039 3803 1104 3859 ad
1134 3819 1260 3860 eum
1285 3804 1585 3859 titverbum
1608 3806 1726 3872 Dei,

125 3903 264 3956 sicut
291 3912 344 3955 et
375 3898 450 3954 ad
479 3897 795 3961 Jeremiatu,
825 3907 874 3949 et
906 3896 972 3949 ad
997 3905 1228 3967 caeteros
1259 3895 1558 3972 Prophetas
1587 3915 1598 3949 :
1630 3895 1726 3951 sed

129 3995 247 4062 quia
279 3993 439 4048 dives
471 4001 576 4056 est,
618 4001 674 4044 et
697 4005 815 4051 rex,
854 3999 906 4044 et
941 3996 1132 4058 potens
1161 3987 1300 4060 (ipse
1331 3997 1416 4043 est
1460 3989 1725 4058 siquidem

133 4084 363 4140 Verbum
397 4096 454 4140 et
483 4083 774 4153 sapientia,
809 4091 1134 4152 caeteraquo
1164 4081 1440 4150 virtutes),
1461 4082 1626 4136 verba
1651 4083 1735 4137 lo-

132 4178 313 4248 quitur
340 4178 408 4231 ad
445 4176 705 4231 Ecclesia:
735 4175 917 4229 viras:
949 4175 1114 4228 verba
1158 4175 1399 4228 insinuat
1430 4174 1728 4244 Apostolis,

135 4271 197 4326 de
224 4273 419 4342 quibus
443 4277 698 4326 cantatur
726 4270 779 4322 in
813 4266 1058 4322 Psalmo:
1087 4265 1151 4320 In
1175 4284 1373 4321 omnem
1405 4276 1594 4320 terram
1627 4269 1729 4321 exi-

1830 3255 2045 3320 dinem;
2100 3255 2407 3324 recogitans
2462 3262 2641 3306 autem
2715 3250 2898 3305 omnia
2956 3245 3315 3318 pertransirt-,
3381 3254 3439 3300 et

1833 3347 2091 3402 mundum
2116 3363 2213 3400 suo
2240 3345 2345 3400 line
2371 3357 2684 3402 senescere.
2710 3341 2995 3409 solumque
3021 3339 3186 3392 Deum
3217 3335 3269 3390 id
3289 3350 3438 3390 sem-

1831 3457 1926 3512 per
1953 3455 2099 3506 esse,
2129 3439 2270 3510 quod
2309 3439 2494 3502 fuerit,
2530 3434 2831 3504 compellor
2857 3433 3043 3487 dicere
3090 3445 3196 3484 non
3238 3429 3437 3494 semel,

1831 3537 1924 3591 sed
1959 3536 2042 3590 bis
2072 3553 2086 3585 :
2121 3535 2336 3588 Vanitas
2367 3533 2674 3595 vanitatum,
2709 3537 2755 3582 et
2783 3525 2954 3582 omnia
2981 3523 3201 3595 vanitas.
3237 3520 3436 3595 In_lle-

1828 3630 1979 3683 bra-0
1997 3641 2098 3695 pro
2126 3628 2347 3680 vanitate
2365 3625 2668 3684 vanitatem,
2703 3635 2838 3675 ABAL
2859 3630 3052 3672 ABALIM
3080 3589 3276 3683 (εὕει-ι
3299 3589 3433 3683 'nn)

1833 3720 2094 3789 scriptum
2125 3727 2227 3776 est.
2257 3716 2426 3785 quod,
2456 3713 2698 3781 exceptis
2727 3709 3080 3779 Septuaginta
3122 3704 3440 3771 interpreti-

1827 3811 1960 3876 bus,
1991 3825 2183 3864 omnes
2211 3807 2469 3862 similiter
2502 3803 2896 3860 transtulerunt
2922 3798 2950 3836 δ
2977 3799 3141 3870 ἀτμὸς
3175 3794 3433 3868 ἀτμίδων,

1832 3902 1945 3955 sive
1972 3903 2169 3972 ἁτμῶνε
2205 3898 2346 3970 quod
2379 3913 2480 3951 nos
2509 3907 2798 3966 possumus
2828 3907 3067 3963 vaporem
3101 3887 3228 3940 fumi
3259 3896 3310 3941 et
3340 3904 3436 3941 au-

1834 4010 1947 4046 ram
1975 4002 2214 4052 teunem.
2238 4007 2356 4060 qua:
2379 3990 2489 4045 cito
2505 3988 2796 4044 resolvitur
2825 3981 3120 4052 appellare.
3158 3979 3439 4035 Caducum

1834 4086 2016 4153 itaque
2053 4083 2064 4120 ί
2101 4093 2156 4136 et
2205 4081 2337 4136 nihil
2366 4079 2733 4135 universitatis
2763 4091 2827 4129 ex
2873 4074 2974 4127 hoc
3003 4070 3174 4127 verbo
3201 4070 3440 4124 ostendi-

1835 4188 1944 4231 tnr.
1969 4175 2101 4244 Qua:
2130 4175 2275 4229 enim
2303 4175 2556 4228 videntur
2582 4174 2629 4235 l,
2660 4166 2986 4239 temporalia
3010 4172 3166 4229 sunt;
3197 4180 3316 4232 qua:
3346 4178 3443 4216 au-

1839 4278 1945 4326 tem
1979 4283 2086 4324 non
2119 4267 2398 4332 videntur,
2444 4273 2671 4320 teterna.
2701 4261 2828 4316 Sive
2867 4258 2992 4328 quia
3027 4256 3252 4313 vanitati
3290 4270 3446 4311 crea-

205 4415 230 4442 ⁸
258 4406 482 4476 Scilicet
519 4403 767 4476 βασιλέως
793 4401 1001 4476 Ἰσραήλ
1021 4403 1071 4454 ἐν
1092 4398 1440 4475 Ἰερουσαλήμ.
1478 4399 1630 4470 Regis
1655 4397 1728 4454 Is-

1843 4400 1952 4456 bati
1987 4416 2106 4476 cap.
2132 4400 2183 4476 ἐξ.
2223 4409 2276 4455 et
2333 4396 2692 4454 Maimonides
2733 4394 2784 4448 in
2827 4393 2980 4476 More
3010 4391 3443 4476 lflevocltim,_at«

141 4477 245 4529 rael
263 4479 316 4531 in
338 4475 658 4530 Jerusalem.

209 4546 234 4584 δ
263 4549 541 4602 Hactenus
567 4545 799 4598 obtinuit
856 4544 908 4596 in
940 4541 1174 4610 vulgatis
1215 4550 1271 4595 et
1301 4540 1572 4608 pleriSque
1601 4556 1734 4595 mss.

143 4618 292 4673 libris
323 4619 466 4672 falso
497 4618 842 4683 absurdoque
871 4628 1056 4670 sensu.
1100 4613 1241 4684 facit,
1270 4613 1593 4684 mentionem.
1629 4613 1737 4666 Nos

141 4703 473 4757 posuetuatu
507 4689 644 4741 hanc
674 4701 864 4741 vocem
897 4701 1003 4752 0pe
1025 4683 1188 4757 nutus
1220 4683 1448 4757 Palatini
1491 4697 1592 4737 ms.
1639 4698 1736 4757 ex-

144 4753 454 4824 punxintus,
485 4761 627 4812 serie
661 4761 772 4824 ipsa
800 4755 1065 4810 orationis
1095 4763 1343 4822 cogente.
1375 4753 1530 4808 Sicut
1568 4753 1735 4820 enim,

143 4832 330 4901 inquit,
360 4833 657 4885 Proverbia
677 4829 742 4881 ad
775 4835 946 4880 totum
974 4827 1248 4901 pet-tinent
1270 4825 1435 4901 Israel
1460 4841 1472 4876 :
1503 4825 1572 4877 ita
1597 4825 1737 4879 Cau-

145 4896 687 4956 tieitm'Canticorum
720 4903 784 4952 at]
817 4913 914 4953 eos
944 4898 1165 4966 prpprie
1191 4898 1317 4967 facit
1345 4896 1434 4966 (id
1475 4907 1579 4962 est,
1615 4913 1735 4949 ron-

147 4973 311 5045 ttueit)
337 4974 428 5039 qui
462 4987 698 5045 superna
726 4970 1063 5045 desiderant.

219 5056 239 5082 ε
273 5036 388 5098 Duo
449 5036 678 5098 Palatini
723 5055 879 5107 tuss.,
932 5041 1115 5094 merito
1168 5039 1445 5092 indicatur.
1499 5036 1744 5104 Alcuin.,

151 5117 328 5187 merito
352 5115 650 5187 judicatur.

217 5192 245 5230 εἰ
270 5177 374 5240 Sed
393 5203 568 5240 amore
589 5180 1260 5258 propritmt1etc._;Adduut
1281 5180 1411 5234 editi
1437 5189 1594 5233 antea
1622 5177 1749 5234 libri

153 5272 344 5310 nomen
377 5258 541 5325 ﬁlius,
571 5253 667 5312 sed
687 5253 986 5322 'sttperllue.
1017 5253 1288 5306 Maurus.

223 5339 245 5363 ε’
302 5330 431 5381 Alit.
489 5331 692 5398 absque
749 5336 823 5391 rt,
879 5325 1117 5398 capulo;
1165 5334 1286 5398 tum
1332 5333 1590 5398 utraque,
1649 5335 1745 5392 pro

157 5409 454 5468 utrumque;
479 5394 711 5470 denique
733 5399 857 5452 bene
885 5394 1193 5464 complacui,
1225 5408 1322 5464 pro
1344 5394 1578 5463 simplici
1611 5409 1749 5445 com-

176 5470 350 5524 tlttcm'.

176 5490 350 5524 uacui.

160 5490 174 5537 1
232 5540 248 5577 τ
289 5543 342 5594 In
386 5540 488 5594 hac
531 5541 805 5595 malesana
840 5539 1100 5608 opinione
1141 5537 1351 5608 priscos
1395 5535 1748 5608 Hebraeorum

165 5611 432 5665 Rabbinos
461 5624 706 5666 versatos
734 5605 890 5672 esse,
913 5617 1096 5663 narrat
1129 5608 1245 5675 ipse
1280 5607 1505 5661 llieron.
1539 5605 1672 5660 infra
1698 5605 1751 5661 in

167 5685 322 5753 hujus
375 5683 668 5753 lihricap.
723 5684 806 5736 Η.
844 5681 1026 5753 Videri
1080 5677 1656 5753 possuut_hodieuuul
1700 5678 1754 5753 in

167 5752 459 5808 Thalmude
491 5748 630 5809 liber
654 5758 771 5808 Dm
800 5752 977 5822 capite
1009 5752 1190 5816 tertio,
1227 5759 1279 5803 et
1305 5748 1596 5804 Tractatus
1624 5749 1756 5807 Sab-

1841 4488 1946 4542 que
1977 4463 2092 4526 alii.
2129 4471 2280 4526 Hanc
2328 4481 2816 4542 quoqtte__causam
2877 4463 3133 4542 habuisse
3173 4465 3441 4542 quosdam

1843 4535 2162 4607 haereticos,
2224 4535 2510 4596 cur—hune
2563 4537 2762 4590 librum
2810 4535 3196 4607 repudiarent,
3247 4536 3443 4607 scribit

1840 4605 2166 4668 Philastrius
2195 4627 2316 4680 cap.
2358 4610 2455 4664 151
2487 4627 2509 4680 γε
2551 4609 2684 4662 Sunt
2725 4608 2933 4680 quidam
2964 4605 3239 4680 haeretici,
3258 4607 3344 4676 qui
3375 4606 3443 4680 die

1839 4686 1994 4738 veteri
2019 4677 2340 4737 Testamento
2387 4679 2547 4732 multa
2590 4679 2888 4748 reprobant,
2937 4679 2991 4733 id
3039 4688 3112 4733 est
3143 4677 3443 4731 Salomonis

1843 4753 2192 4808 Ecclesiasten
2211 4798 2224 4821 ,
2258 4764 2367 4806 etc.

1915 4835 1939 4871 Β
1967 4823 2107 4877 Nam
2138 4815 2228 4877 nec
2259 4821 2606 4893 gloriﬁcatttm
2635 4832 2730 4893 est.
2756 4820 2874 4874 Duo
2899 4834 3032 4874 mss.
3061 4817 3283 4873 codices
3309 4815 3444 4893 Cor-

1844 4895 2117 4954 beienses,
2157 4889 2279 4948 licet
2318 4889 2672 4946 vetustissimi
2725 4901 2780 4942 et
2817 4893 3038 4958 Optimte
3073 4898 3250 4958 ιιιιιιιε,
3283 4889 3447 4958 omit-

1855 4976 1970 5019 tnnt
2018 4968 2134 5020 tunc
2170 4965 2330 5021 verba
2361 4963 2605 5035 Apostoli
2657 4957 2949 5017 scribentis
2995 4959 3063 5014 ad
3109 4957 3443 5013 Corinthios.

1854 5036 2128 5091 MARTIAN.

1926 5106 1952 5143 ιι
1980 5109 2158 5180 Ἀτμός
2188 5105 2437 5180 emtam,
2472 5113 2578 5180 etc.
2604 5103 2761 5180 (Editi
2813 5103 2936 5180 libri
2982 5101 3294 5180 Erasm._et
3344 5099 3454 5153 Ma-

1851 5179 1988 5231 rian.
2019 5171 2438 5252 pi'a'tcrttitltunl
2469 5177 2576 5231 duo
2603 5178 2692 5252 illa
2715 5174 2879 5230 verba
2902 5171 3154 5248 ἂτμίδων,
3179 5175 3452 5252 sive,__qua

1855 5244 2033 5322 tamen
2088 5251 2339 5322 leguntur
2396 5251 2446 5302 in
2501 5248 2758 5304 omnibus
2827 5244 2980 5301 mssf
3020 5244 3450 5312 exemplaribus.

1854 5321 2118 5376 MARTIAN.

1924 5392 2183 5446 —Malim
2207 5394 2358 5465 ἀτμὶς
2385 5409 2397 5445 :
2430 5405 2563 5449 mss.
2596 5406 2726 5445 vero
2757 5401 2855 5459 pro
2880 5384 3106 5459 ἀτμίδων
3133 5393 3456 5442 constanter

1854 5473 2136 5520 ATMEAQN
2164 5463 2418 5519 ederunt.

1936 5533 1948 5570 ³
1992 5535 2281 5603 νιοιοιίιιε,
2303 5544 2352 5590 et
2374 5532 2608 5590 nonnihil
2631 5530 2869 5586 vanitatis
2896 5545 2958 5583 ex
2984 5528 3078 5582 hoc
3109 5525 3259 5581 verbo
3287 5534 3460 5580 osten-

1860 5605 2020 5658 ditur.

1935 5677 1950 5726 i
2004 5677 2132 5744 Qua:
2179 5678 2315 5732 enim
2341 5676 2600 5740 videntur,
2655 5683 2766 5744 etc.
2821 5669 2919 5726 Hic
2949 5686 3082 5744 vero
3105 5668 3314 5744 addunt
3338 5676 3464 5738 post

1865 5742 2057 5804 vocem
2087 5749 2342 5814 videntur,
2371 5757 2424 5798 ut
2451 5748 2519 5799 ait
2554 5743 2854 5814 Apostolus,
2881 5742 3024 5813 quod
3055 5742 3107 5797 in
3135 5742 3283 5798 nullo
3306 5754 3461 5813 repe-
