3998 6362
555 204 692 257 1015

1780 194 1837 249 S.
1883 192 2151 250 EUSEBII
2189 191 2565 249 HIERONYMI

3754 194 3905 249 tots
3960 182 3963 231 ἕ

553 328 671 373 tura
698 317 939 385 subjecta
963 324 1067 377 est,
1099 322 1151 365 et
1180 310 1509 380 ingemiseit,
1548 308 1799 377 parturit,
1828 316 1885 362 et
1912 316 2140 377 prtesto-
2171 308 2227 369 Α
2249 315 2431 375 gatam
2458 303 2748 360 editionem
2771 314 3061 376 sequentes
3084 306 3403 376 posuimus,
3434 306 3515 360 ad
3540 306 3723 361 locum
3741 323 3903 359 sum
3958 346 3965 355 .

548 413 692 467 latur
731 409 1120 464 revelationem
1150 415 1174 442 λ
1209 405 1437 460 liliorum
1479 402 1597 467 Dei.
1646 411 1701 458 et
1730 417 1874 457 nunc
1902 417 1969 458 ex
2001 391 2151 471 parie

548 503 949 572 cognoscimus.
980 509 1035 555 et
1062 515 1129 555 ex
1158 508 1311 569 parte
1338 498 1746 568 pr0phetamus.
1779 495 2009 549 Tamdiu
2033 510 2149 549 om-

548 596 633 650 nia
665 611 800 649 vana
830 601 977 655 sunt,
1010 592 1186 647 donec
1215 594 1395 645 veniat
1419 590 1563 661 quod
1595 588 1895 659 perfectum
1923 597 2029 643 est.

623 688 761 754 Quid
786 697 1016 755 superest
1044 686 1239 739 homini
1268 686 1321 738 in
1348 685 1487 738 οηιηὶ
1514 684 1685 737 labore
1715 700 1831 747 suo,
1869 699 1968 753 quo
2007 680 2151 735 labo-

544 791 627 833 rat
657 782 749 833 sub
780 778 925 833 sole?
952 778 1082 833 Post
1103 776 1412 847 generalem
1453 778 1808 840 sententiam,
1841 775 1983 844 quod
2014 790 2146 829 vana

543 875 654 929 sint
695 874 901 937 omnia,
948 873 1018 927 ab
1044 870 1357 925 hominibus
1386 870 1577 939 incipit
1614 887 1626 922 :
1670 871 1816 939 quod
1868 869 2065 923 frustra
2095 870 2144 922 in

546 968 736 1022 mundi
783 967 943 1038 387
994 967 1147 1019 istius
1181 965 1365 1018 labore
1397 964 1702 1027 desudent;
1748 970 2149 1032 congregantes

544 1064 761 1118 divitias
781 1061 829 1127 δ,
854 1060 1409 1122 erudientcsliboros,
1441 1058 1743 1113 ambientes
1766 1056 1832 1111 ad
1860 1058 2144 1122 honorem,

542 1155 773 1210 :edilicia
804 1162 1279 1217 construentes,el
1306 1154 1357 1206 in
1387 1151 1565 1206 medio
1580 1166 1747 1219 opere
1775 1151 1950 1205 subita
1974 1160 2149 1203 morte

546 1248 809 1303 subtracti
843 1246 1060 1300 audiant
1094 1263 1105 1297 :
1139 1244 1426 1312 lnsipieus,
1452 1243 1551 1297 hac
1582 1252 1731 1296 nocte
1752 1247 2017 1313 auferetur
2035 1242 2147 1295 ani-

543 1358 628 1395 ma
660 1353 747 1394 tua
780 1360 809 1392 ti
834 1350 881 1394 te
908 1357 925 1394 :
949 1357 1064 1410 qaut:
1084 1348 1257 1391 autem
1282 1338 1500 1408 parasti,
1522 1341 1671 1409 cujus
1700 1335 2022 1407 erunt(Luc.
2047 1351 2144 1403 xu,

543 1431 666 1501 20)?
686 1431 925 1485 maxime
952 1446 1071 1484 cum
1098 1445 1164 1484 ex
1193 1428 1340 1482 omni
1370 1428 1559 1483 labore
1582 1427 1717 1481 nihil
1738 1442 1920 1481 secqu
1946 1425 2146 1492 ferant,

543 1526 638 1581 sed
669 1526 798 1580 nudi
831 1527 883 1589 in
920 1524 1407 1584 terramredcaut.
1442 1524 1585 1577 unde
1618 1524 1815 1592 sumpti
1849 1534 1993 1577 sunt.

615 1618 891 1673 Generatio
923 1618 1084 1685 radit,
1118 1629 1165 1669 et
1191 1617 1450 1689 generatio
1478 1617 1645 1670 venit:
1674 1626 1720 1669 et
1749 1626 1883 1669 terra
1911 1616 1964 1669 in
1992 1625 2013 1653 ε
2045 1631 2144 1670 sa:-

2255 398 2415 463 ducit,
2446 397 2496 452 in
2531 398 2760 453 Hebrteo
2793 401 2952 454 habet
2980 399 3375 482 sosruml-t‘hv)
3403 416 3418 452 :
3448 408 3475 447 ε
3502 399 3666 470 quod
3701 400 3897 469 Aquila

2252 492 2640 561 interpretatur
2679 494 2899 558 εἰει-πνεῖ,
2953 493 3006 546 id
3052 502 3171 560 est,
3216 494 3455 562 aspirat.
3511 492 3899 565 Symmachus

2253 602 2401 653 vero,
2442 600 2499 643 et
2534 588 2893 654 Theodotion,
2926 591 3169 657 recurrit,
3196 590 3325 658 quia
3352 590 3641 645 videlicet
3672 591 3757 646 sol
3794 607 3891 644 re-

2251 691 2496 736 vertatur
2520 681 2587 735 ad
2620 682 2795 736 locum
2834 697 3010 743 suum.
3034 692 3086 737 et
3122 683 3219 747 ibi,
3254 682 3398 737 unde
3434 683 3606 753 prius
3634 698 3893 750 egressus

2252 774 2446 842 fuerat,
2476 776 2697 844 aSpiret.
2742 776 2851 829 lloc
2888 784 3071 831 autem
3097 785 3268 831 totum
3295 776 3543 841 idcirCo,
3573 788 3639 830 ut
3667 775 3883 837 doceat,

2252 872 2644 925 mutationibus
2688 869 3205 942 temporum,388
3253 882 3309 924 et
3365 879 3499 924 ortu
3559 884 3885 940 occasuque

2249 964 2513 1031 siderum,
2566 964 2857 1018 humanam
2913 970 3129 1017 tetatem
3174 962 3278 1016 labi
3317 971 3374 1015 et
3405 962 3699 1025 interire,
3755 964 3880 1015 dum

2252 1057 2473 1111 nesciat.
2508 1055 2699 1121 Aliter,
2730 1055 2820 1109 Sol
2840 1054 3085 1123 justitim,
3120 1055 3171 1106 io
3200 1054 3355 1121 cujus
3386 1054 3495 1110 alis
3523 1067 3619 1108 est
3654 1054 3879 1115 Sanitas,

2252 1150 2572 1204 timentibus
2608 1150 2771 1204 DeUm
2814 1150 3012 1213 oritur,
3053 1158 3107 1203 et
3137 1148 3655 1217 pseudnpmphelis
3684 1150 3881 1203 occidit

2252 1242 2501 1297 meridie.
2554 1240 2686 1295 Cum
2728 1253 2909 1295 autem
2959 1252 3113 1295 ortus
3161 1240 3345 1305 fuerit,
3382 1243 3434 1296 in
3477 1242 3675 1297 locum
3725 1259 3879 1296 suum

2251 1352 2349 1390 nos
2382 1335 2570 1390 trahit.
2602 1334 2756 1403 Quo?
2786 1334 3038 1388 videlicet
3065 1334 3130 1386 ad
3163 1333 3405 1387 Patrem.
3450 1333 3539 1389 Ad
3583 1336 3699 1389 hoc
3730 1336 3877 1389 enim

2250 1434 2420 1494 venit.
2475 1442 2532 1485 ut
2578 1446 2676 1485 uos
2708 1430 2778 1486 de
2828 1431 2988 1486 terris
3016 1431 3083 1484 ad
3129 1430 3326 1485 coelum
3360 1432 3526 1495 levet.
3573 1447 3630 1488 et
3684 1433 3873 1495 dicat;

2252 1524 2377 1579 Cum
2406 1524 2667 1580 excitatus
2698 1524 2853 1594 fuerit
2890 1522 3064 1578 Filius
3092 1527 3336 1592 hominis,
3368 1528 3545 1581 omnia
3575 1529 3763 1582 trahet
3809 1532 3879 1581 ad

2250 1636 2303 1674 se
2333 1617 2513 1690 (Joan.
2550 1620 2669 1688 xu).
2702 1618 2809 1674 Nec
2832 1619 3051 1685 mirum,
3090 1618 3283 1673 Filium
3307 1622 3370 1673 ad
3399 1634 3459 1673 se
3483 1620 3727 1676 trahere
3751 1636 3873 1676 cre-

545 1712 719 1766 rntum
744 1723 866 1767 stat.
893 1712 1031 1767 Aliis
1062 1712 1443 1775 morientibus,
1476 1709 2144 1780 nascunturalii;etquos
2175 1706 2221 1766 B
2250 1711 2467 1779 dentes,
2517 1727 2639 1766 cum
2697 1723 2749 1767 et
2798 1712 2958 1767 Pater
3003 1712 3119 1782 ipse
3173 1713 3238 1765 ad
3289 1712 3474 1766 Filium
3534 1713 3734 1767 trahat
3794 1712 3823 1750 ξι
3860 1732 3876 1767 :

544 1804 780 1867 videras,
805 1818 911 1857 non
946 1803 1158 1867 videns,
1192 1798 1216 1836 ἀ
1248 1800 1441 1866 incipis
1468 1800 1653 1855 videre
1681 1814 1818 1870 quos
1845 1814 1954 1853 non
1998 1801 2146 1855 vide-

544 1912 655 1952 ras.
681 1896 819 1963 Ouid
850 1896 951 1950 hac
980 1897 1169 1950 vanius
1196 1896 1459 1958 vanitate,
1486 1910 1648 1963 qurm
1680 1904 1878 1948 terram
1902 1909 2143 1962 manere,

545 2006 665 2061 qua:
713 1990 991 2045 hominum
1028 2004 1189 2045 causa
1222 1988 1359 2043 facta
1391 1998 1474 2043 est
1518 2005 1531 2041 :
1564 1998 1618 2042 et
1651 1988 1824 2058 ipsum
1872 1987 2146 2043 hominem

544 2093 707 2138 terrm
732 2082 1033 2149 dominum,
1071 2084 1124 2135 in
1158 2082 1433 2151 pulverem
1478 2090 1701 2151 repente
1728 2080 1999 2135 dissolvi?
2040 2080 2151 2134 Ali-

542 2187 652 2243 ter,
684 2178 866 2233 Prima
913 2178 1115 2232 recedit
1146 2178 1425 2245 generatio
1452 2176 1787 2243 Judseorum,
1818 2186 1870 2231 et
1906 2175 2152 2231 succedit

542 2273 831 2339 generatio
862 2270 930 2325 de
955 2270 1209 2339 gentibus
1235 2279 1597 2340 congregata:
1632 2280 1776 2339 terra
1805 2281 1986 2324 autem
2017 2278 2151 2323 tam-

543 2364 637 2419 diu
692 2376 819 2429 stat,
875 2365 1157 2435 quamdiu,
1210 2364 1493 2435 Syuagoga
1537 2364 1853 2428 recedente,
1909 2363 2151 2419 Ecclesia

543 2458 723 2513 omnis
766 2458 1023 2513 introeat.
1048 2458 1183 2511 Cum
1214 2458 1359 2511 enim
1395 2458 1752 2527 praedicatum
1782 2456 1947 2513 fuerit
1974 2455 2153 2510 Evan-

542 2553 744 2625 gelium
775 2554 826 2608 in
857 2562 971 2608 ιοιυ
1017 2554 1174 2615 orbe,
1211 2562 1337 2608 tunc
1358 2554 1461 2607 erit
1486 2553 1632 2609 linis.
1668 2554 1995 2609 lmminente
2021 2570 2151 2609 vero

543 2647 1047 2710 Consutinuatione.
1100 2646 1297 2701 cmlum
1338 2655 1396 2701 et
1443 2656 1583 2701 terra
1633 2646 2057 2714 pertransibunt.
2088 2646 2152 2701 Et

546 2736 833 2805 signanter
865 2747 887 2773 θ
920 2753 1026 2790 non
1054 2737 1158 2791 ait:
1192 2736 1356 2790 Terra
1387 2738 1441 2790 in
1463 2738 1663 2791 sarculis
1692 2746 1817 2803 stat,
1847 2736 1943 2791 sed
1975 2738 2029 2790 in
2050 2752 2149 2791 sa:-

544 2827 740 2880 rulum.
775 2828 947 2882 Porro
994 2828 1279 2883 laudamus
1311 2828 1625 2894 Dominum,
1677 2844 1783 2883 non
1818 2829 1873 2883 in
1910 2844 2017 2883 uno
2046 2844 2149 2884 sre-

544 2920 689 2984 culo,
718 2920 813 2974 sed
844 2922 896 2974 in
924 2922 1143 2978 seculis
1170 2926 1511 2979 Str-culorum.

622 3010 806 3066 Oritur
830 3016 940 3079 sol,
982 3026 1027 3069 et
1054 3018 1243 3070 occidit
1275 3019 1384 3083 sol,
1414 3029 1459 3071 et
1501 3020 1569 3074 ad
1598 3019 1765 3072 locum
1794 3034 1944 3072 suum
1985 3020 2147 3087 ducit,

2256 1804 2422 1859 Nemo
2467 1808 2623 1871 enim,
2674 1806 2768 1873 ait,
2802 1807 2937 1860 venit
2982 1806 3050 1858 ad
3101 1822 3202 1869 ine,
3241 1807 3330 1859 nisi
3361 1805 3528 1867 Pater,
3574 1808 3671 1876 qui
3708 1808 3877 1861 misit

2252 1916 2350 1964 me,
2383 1898 2611 1952 adducat
2642 1915 2755 1952 cum
2785 1898 2964 1968 (Joau.
3012 1914 3080 1967 vt,
3114 1898 3229 1969 Η).
3262 1899 3361 1953 Iste
3381 1914 3508 1969 ergo
3534 1900 3642 1966 sol,
3679 1916 3872 1971 quem

2252 1994 2372 2047 aliis
2401 1995 2671 2058 occidere,
2706 1994 2829 2046 aliis
2867 1994 3016 2047 nasci
3056 1994 3295 2048 diximus
3329 2011 3343 2047 :
3386 2003 3440 2048 et
3466 1994 3640 2049 Jacob
3685 2013 3879 2063 quon-

2251 2083 2377 2139 dam
2408 2084 2737 2139 Patriarcbae
2768 2085 2835 2141 de
2865 2085 3030 2141 Terra
3063 2098 3251 2142 sancta
3280 2086 3580 2157 egredienti
3616 2086 3738 2160 [AL
3796 2105 3875 2143 re-

2252 2176 2543 2249 gredienti]
2577 2177 2809 2243 occidit,
2844 2192 3170 2247 rursumque
3206 2192 3328 2233 cum
3358 2180 3425 2233 de
3451 2177 3613 2250 Syria
3664 2190 3872 2234 terram

2252 2270 2701 2339 repromissionis
2728 2271 2979 2338 intraret,
3004 2281 3156 2325 ortus
3173 2272 3320 2325 estei
3345 2269 3508 2339 (Gen.
3526 2271 3755 2343 xxvul).
3783 2273 3875 2325 Lot

2253 2378 2487 2435 queque,
2537 2363 2792 2434 quoniam
2822 2362 2929 2436 [ΑΙ.
2963 2362 3205 2436 quando]
3247 2379 3518 2432 egressus
3554 2374 3646 2418 est
3677 2368 3754 2418 de
3781 2363 3874 2419 Str

2252 2455 2451 2523 domis,
2476 2468 2530 2511 et
2553 2458 2700 2511 venit
2728 2457 2795 2512 ad
2825 2458 3125 2521 civitatem,
3156 2458 3225 2512 ad
3252 2474 3439 2527 quam,
3466 2465 3529 2512 ut
3550 2457 3869 2523 festinaret,

2253 2551 2303 2605 ei
2334 2551 2513 2607 fuerat
2571 2550 2923 2621 imperatum,
2970 2552 3216 2608 ascendit
3258 2554 3311 2607 in
3358 2564 3627 2617 montem,
3683 2562 3747 2608 et
3797 2554 3869 2608 Sol

2253 2644 2420 2697 exivit
2451 2658 2615 2713 super
2645 2646 2817 2715 Segor
2848 2642 3004 2713 (Gen.
3040 2644 3179 2714 xu).

2338 2736 2487 2791 Vadit
2537 2738 2607 2791 ad
2645 2750 2899 2805 austrum,
2923 2749 2969 2792 et
3020 2740 3155 2810 girat
3197 2740 3266 2793 ad
3309 2739 3609 2806 aquilonem
3638 2756 3657 2794 :
3688 2741 3869 2811 girans

2252 2830 2472 2899 girando
2504 2832 2642 2885 vadit
2680 2834 2912 2900 spiritus,
2962 2843 3007 2885 et
3049 2833 3102 2886 in
3151 2832 3374 2887 circulos
3415 2848 3539 2888 suos
3584 2835 3870 2887 revertitur

2251 2921 2482 2990 spiritus.
2530 2921 2665 2977 Hinc
2704 2938 2994 2993 possumus
3032 2924 3307 2980 restirnare
3357 2924 3569 2996 byemis
3617 2937 3867 2996 tempore

2253 3015 2423 3069 solem
2454 3014 2519 3070 ad
2549 3016 2911 3071 meridianam
2946 3017 3156 3088 plagam
3184 3032 3433 3084 currere,
3477 3028 3536 3073 et
3565 3034 3666 3088 per
3708 3029 3868 3073 :rsta-

554 3101 571 3139 ι
602 3114 649 3157 et
678 3105 845 3157 oritur
870 3107 977 3175 ipse
1000 3108 1092 3163 ibi.
1120 3109 1214 3164 Sol
1246 3109 1383 3179 ipse,
1410 3114 1499 3182 qui
1530 3112 1581 3166 in
1614 3112 1789 3168 lucem
1820 3113 2149 3169 mortalibus
2176 3091 2219 3153 C
2256 3114 2361 3161 tem
2404 3109 2765 3177 septentrioni
2801 3124 2925 3163 esse
2962 3110 3221 3175 vicinum.
3255 3121 3309 3165 et
3342 3124 3448 3164 non
3480 3125 3581 3181 per
3618 3112 3866 3182 aequino-

547 3193 709 3249 datus
734 3204 842 3262 est,
875 3196 1150 3252 interitum
1179 3210 1299 3254 ortu
1344 3216 1443 3256 suo
1472 3203 1718 3268 quotidie
1750 3203 1952 3258 indicat
1978 3215 2030 3259 et
2061 3220 2152 3261 oc-

545 3299 698 3341 casu.
726 3286 827 3352 Qui
848 3297 1133 3358 postquam
1159 3290 1439 3347 ardentem
1467 3302 1639 3348 rotam
1668 3293 1883 3349 Oceano
1905 3296 2145 3363 tinxerit,

545 3392 645 3450 per
678 3380 980 3450 incognitas
1026 3382 1182 3436 nobis
1228 3382 1342 3438 vias
1373 3384 1438 3438 ad
1485 3386 1686 3449 locum,
1721 3387 1861 3441 unde
1906 3390 2147 3455 exierat,

542 3471 853 3541 regreditur
876 3491 887 3526 :
912 3474 1239 3545 exiiletoque
1260 3477 1435 3531 noctis
1452 3479 1561 3531 circ
1573 3477 1683 3539 ulo,
1703 3494 1917 3533 rursum
1941 3480 2011 3535 de
2031 3480 2150 3535 tha-

545 3563 692 3616 lamo
714 3580 813 3619 suo
844 3564 1073 3620 lestinus
1101 3568 1357 3636 erumpit.
1391 3569 1495 3624 Pro
1519 3584 1585 3625 eo
1615 3580 1821 3637 autem,
1855 3572 1995 3642 quod
2028 3573 2152 3627 Vul-

546 3675 686 3732 ritu'r
717 3695 820 3733 ms.
854 3682 1063 3737 codice.
1102 3683 1373 3742 Murrum.

619 3749 881 3833 {Nomen
932 3754 1181 3833 ﬁliorum,
1242 3762 1381 3826 quod
1440 3758 1690 3833 hlarliau.
1756 3772 1876 3829 post
1930 3763 2140 3818 Erasm.

545 3826 812 3875 omiserat
838 3865 851 3886 ,
900 3840 930 3877 e
963 3826 1164 3879 nostris
1196 3842 1331 3884 mss.
1366 3842 1419 3883 et
1448 3831 1687 3885 Victorio
1717 3826 2052 3889 suﬂ'ecimus.

616 3891 919 3969 b_Alcuin.,
954 3910 1320 3969 congregantes
1359 3901 1567 3955 divitias
1599 3906 1873 3969 perituras,
1913 3908 2139 3961 ambien-

544 3971 616 4016 tes
641 3962 883 4037 honores,
912 3962 1161 4037 redi/icio:
1180 3981 1286 4024 etc.

620 4046 641 4072 ο
679 4036 876 4116 llic_.__et
907 4036 1069 4105 paulo
1097 4040 1347 4108 inferius,
1381 4043 1469 4096 ubi
1497 4045 1777 4114 signanter
1806 4047 1944 4102 hanc
1970 4050 2139 4116 ipsam

542 4118 731 4183 vocem
765 4108 1003 4183 Hieron.
1034 4120 1203 4183 uolat,
1239 4128 1368 4167 mss.
1418 4108 1577 4183 atque
1607 4118 1739 4171 editi
1787 4120 1907 4172 libri
1950 4108 2139 4175 outues

546 4173 748 4233 habent
778 4180 827 4233 in
847 4181 1111 4234 steculnm.
1148 4173 1581 4239 Martiaoteus'ex
1616 4190 1858 4242 subnexa
1887 4173 2137 4245 animad-

543 4250 795 4303 versione
828 4264 1078 4307 cousmre
1108 4254 1180 4308 ait
1220 4256 1654 4319 rescribendum,
1700 4260 1776 4313 uti
1809 4262 1934 4314 fecit
1964 4264 2015 4315 in
2045 4280 2142 4317 sw-

2253 3203 2420 3258 ctium
2472 3204 2718 3258 autumni
2768 3205 2973 3261 habere
3021 3203 3351 3275 principium
3405 3223 3421 3260 :
3469 3206 3567 3261 sed
3626 3209 3862 3273 primum

2256 3296 2502 3367 spirante
2530 3296 2769 3363 favonio,
2810 3298 2824 3334 ί
2860 3300 3078 3369 quando
3113 3309 3361 3370 tempore
3401 3299 3545 3355 veris
3572 3300 3626 3354 in
3668 3299 3861 3356 fetum

2255 3398 2452 3444 cuncta
2487 3398 2835 3460 rumpuntur.
2867 3392 3019 3458 Quod
3046 3401 3227 3447 autem
3259 3395 3335 3446 ait
3368 3410 3381 3446 :
3414 3390 3609 3447 Girans
3638 3394 3861 3463 girando

2258 3482 2393 3535 vadit
2415 3485 2645 3553 spiritus,
2675 3494 2723 3538 et
2755 3486 2804 3538 in
2823 3486 3040 3539 circulos
3062 3502 3182 3539 suos
3214 3487 3506 3553 revertitur,
3530 3480 3649 3542 sive
3680 3488 3855 3556 ipsum

2258 3573 2429 3628 solem
2457 3575 2706 3645 spiritum
2740 3578 3057 3642 nominavit,
3085 3576 3226 3647 quod
3258 3576 3272 3627 i
3313 3578 3542 3640 animet.
3577 3589 3634 3633 et
3663 3580 3856 3648 spiret,

2250 3710 2373 3749 meu
2410 3697 2460 3751 in
2492 3696 2761 3752 llebraico
2811 3708 3064 3754 contextu
3112 3697 3270 3765 hujus
3300 3698 3405 3753 loci
3436 3697 3705 3765 scriptum
3730 3714 3854 3753 esse

2250 3770 2592 3835 participium
2625 3785 2845 3833 nomen,
2875 3787 2979 3824 non
3008 3770 3227 3825 verbum
3251 3768 3517 3823 futurum.
3554 3771 3851 3838 Propterea

2250 3853 2381 3909 mss.
2416 3839 2831 3895 Corheiensium
2877 3843 3165 3897 lectionem
3200 3841 3566 3909 abjiciendam
3602 3857 3709 3897 non
3754 3842 3853 3897 du-

2250 3908 2435 3963 llitavi.
2470 3910 2739 3966 MARTIAN.

2316 4010 2385 4021 —
2416 3981 2590 4037 Penes
2626 3984 2862 4038 Alcuin..
2912 3995 2956 4038 et
3002 3985 3071 4037 ad
3114 3985 3283 4038 locum
3340 4000 3491 4037 suum
3544 3987 3843 4051 rerertitur,

2245 4062 2298 4105 ut
2326 4054 2504 4127 iterum
2524 4058 2755 4127 oriatur.
2789 4054 2888 4109 Sol
2916 4058 3040 4127 ipse,
3070 4068 3180 4109 etc.

2318 4134 2341 4167 ις
2382 4124 2534 4196 Quod
2563 4125 2747 4196 Aquila
2773 4124 3137 4183 interpretatur
3164 4130 3385 4182 εἰσπνεῖ.
3420 4126 3526 4180 Pro
3552 4128 3719 4183 verbo
3742 4130 3847 4184 εἰσ-

2242 4203 2375 4257 πνεῖ,
2398 4195 2537 4268 quod
2560 4195 2882 4268 scholiastes
2905 4201 3067 4251 etiam
3086 4197 3307 4251 Graecus
3322 4214 3388 4252 ex
3409 4198 3604 4267 Aquila
3625 4202 3839 4268 replicat

2245 4268 2383 4330 apud
2436 4265 2757 4321 Flaminium
2813 4267 3105 4330 Nobilium.
3166 4270 3430 4323 Erasmus
3458 4265 3515 4324 et
3566 4265 3837 4324 Marianus

545 4321 857 4414 {Iulo-.Atj-uaz:
882 4324 1188 4414 diversitas,
1225 4337 1282 4379 ιιι
1312 4327 1382 4411 de
1409 4327 1584 4414 iubilo
1614 4330 1704 4394 sit,
1732 4346 1942 4414 Ineque‘
1959 4344 2043 4387 est
2072 4336 2136 4389 ad
2168 4354 2219 4414 ι)
2244 4321 2431 4391 contra
2463 4321 2839 4414 auctoritatem
2865 4321 3108 4414 ooiniuni
3138 4321 3540 4414 eisevtiplarium
3568 4321 3719 4396 ins-sl.
3761 4321 3836 4396 le-

544 4387 857 4469 Hieronymi
914 4387 1182 4469 mentem,
1230 4414 1318 4465 qui
1371 4398 1420 4453 id
1470 4415 1633 4453 unum
1687 4387 1971 4465 observat,
2031 4387 2135 4459 nou

543 4460 783 4539 pluriinu
816 4479 1043 4519 numero
1073 4460 1342 4536 scripturn
1374 4472 1426 4524 in
1474 4471 1695 4539 steculis,
1732 4472 1825 4525 sed
1861 4460 2053 4529 minori
2087 4478 2137 4529 in

544 4530 810 4586 saculunt.

619 4600 770 4681 -έΕτ
795 4612 932 4655 terra
957 4605 1225 4681 ingstecula
1250 4620 1373 4677 stat,
1408 4621 1513 4666 etc.
1540 4610 1806 4679 Corrupte
1838 4614 2049 4672 Erasm.
2084 4628 2138 4674 et

545 4668 802 4761 Mariana:
831 4684 967 4759 terra
1005 4679 1058 4730 in
1109 4668 1485 4735 sa'cnlum'stat
1517 4702 1529 4736 ε
1563 4700 1685 4761 cum
1718 4668 1847 4761 ipse
1866 4668 2134 4761 llierony‘:

542 4756 665 4818 ntus
716 4745 851 4818 uil‘ra
890 4750 941 4800 in
974 4764 1367 4807 commentario
1393 4757 1708 4809 eorumdem
1739 4745 2026 4813 verborum
2056 4745 2134 4818 sic

540 4812 779 4898 haheat:
814 4817 882 4898 Et
902 4820 1168 4898 signon‘er
1202 4841 1299 4879 non
1328 4828 1442 4879 ait:
1479 4824 1637 4879 Terra
1680 4828 1732 4883 in
1770 4829 1973 4883 strt‘ulis
1997 4812 2129 4898 stat,

537 4884 630 4935 sed
650 4886 702 4939 in
725 4884 1243 4950 swculosturtax.

612 4953 637 4990 ἀ
684 4963 931 5039 Quatuor
960 4979 1117 5039 l_l|,~8.,
1175 4968 1386 5033 incipies
1427 4967 1633 5033 videre,
1690 4972 1779 5039 qui
1817 4988 1919 5025 non
1964 4987 2131 5031 erant.

538 5023 783 5108 Aleti-itu,
818 5023 1134 5108 inc‘ipiesque
1167 5023 1336 5091 videre
1366 5054 1483 5100 eos,
1524 5023 1772 5108 qui'm'tte
1961 5023 2126 5099 erattl.

615 5106 639 5134 θ
672 5098 1086 5177 lileurAlcuinlj
1119 5108 1384 5177 signanter
1416 5098 1565 5173 di.ril,
1600 5121 1737 5163 terra
1790 5114 1841 5167 in
1883 5098 2127 5169 swculum

534 5176 659 5243 stat,
691 5187 797 5243 non
826 5174 877 5224 in
907 5173 1117 5227 stecnla.
1152 5173 1246 5229 Vitl
1282 5181 1615 5243 superiorem
1649 5193 1759 5237 not.
1801 5201 1847 5236 c.

614 5238 631 5275 ί
680 5238 749 5293 Et
772 5246 935 5296 oritur
966 5246 1074 5314 ipse
1094 5248 1182 5299 ibi.
1213 5238 1389 5301 Ambo
1421 5265 1552 5306 mss.
1592 5255 1807 5309 codices
1830 5255 2127 5313 Corlleielt-

532 5322 646 5386 ses,
668 5322 713 5364 et
740 5314 819 5365 ori
841 5324 956 5379 'tur,
988 5324 1091 5370 etc.
1116 5318 1267 5386 juxta
1298 5322 1533 5386 phrasim
1566 5323 1881 5380 llebraicim
1904 5338 1960 5381 et
1986 5330 2127 5384 enal-

532 5378 683 5455 .3383
728 5378 1029 5454 ¹⁰¹¹¹Ρ¹Τί³¹ιι
1064 5378 1346 5444 ίῐίνενὺὶὲ.
1398 5392 1591 5447 Solent
1638 5378 1785 5448 enim
1812 5378 2129 5455 Ηὲιίἑειῖἵῖι

532 5448 1171 5534 ριῖιοςηιειθέθιρτίῐηενθ
1215 5478 1309 5529 per
1341 5462 1600 5534 futurum,
1623 5480 1747 5534 quae
1776 5448 2123 5522 evenire-si;

530 5519 668 5599 ient,
699 5534 791 5579 aut
824 5519 1069 5599 possunt,
1102 5541 1192 5586 aut
1215 5519 1655 5599 'desiderautur,‘
1681 5536 1805 5589 licet
1848 5519 2126 5596 seruio‘sit

530 5589 603 5679 93
633 5589 901 5679 praesenti.
938 5589 1401 5679 iudc'termiuato,
1426 5615 1481 5679 ut
1517 5617 1597 5679 est
1615 5589 1642 5657 ἐ
1690 5589 2126 5679 et‘orietur‘ipse'

530 5659 623 5725 ῖδί,
681 5680 778 5732 pro
825 5669 987 5721 tuitur
1017 5687 1033 5723 :
1062 5672 1187 5737 quia
1224 5673 1297 5728 ibi
1326 5659 1454 5727 oriri
1507 5676 1665 5728 solet.
1717 5659 2127 5737 Notandum—fta:

2246 4422 2373 4487 gere
2393 4410 2695 4487 volucrium
2725 4412 3424 4487 πρρσέπνερσξξ-.--ΜΔΒΤΙξΝο

2320 4476 2344 4513 ’ί
2385 4478 2513 4532 Cum
2535 4490 2578 4532 et
2611 4476 2903 4550 Pater'ipse
2925 4482 2994 4553 ad
3028 4481 3225 4535 Filium
3263 4481 3459 4536 trahat.
3489 4482 3544 4538 In
3576 4482 3680 4537 hoc
3701 4499 3838 4553 quo-

2242 4564 2347 4617 que
2383 4563 2652 4605 commate
2692 4568 2910 4607 sensum
2954 4552 3225 4622 Evangelii
3256 4564 3310 4607 et
3338 4559 3663 4610 sententiam
3712 4552 3836 4611 Hie-

2242 4624 2453 4698 r01i_y_tiii
2488 4624 2830 4698 subvertuut,
2883 4625 3122 4693 legentes
3159 4642 3172 4679 :
3205 4622 3333 4679 Cum
3363 4636 3409 4678 et
3446 4625 3605 4680 Pater
3630 4628 3738 4698 ipse
3766 4629 3831 4680 ad

2239 4707 2293 4743 se
2326 4690 2522 4746 Filium
2545 4694 2733 4748 ira/tat.
2771 4690 3041 4749 ΜΛΙΠῘΑΝ.

2321 4761 2333 4798 ί
2373 4767 2542 4818 Antea
2576 4776 2691 4819 erat
2717 4768 2958 4835 quoniam
2988 4767 3204 4821 :minus
3235 4776 3405 4832 recte,
3441 4778 3497 4823 et
3538 4783 3672 4824 mss.
3706 4782 3828 4823 con-

2239 4835 2649 4889 tradiceutibus.

2315 4909 2327 4954 l
2364 4905 2502 4983 Vide
2535 4908 2772 4983 libellum
2797 4907 3097 4983 blateronis
3128 4909 3317 4983 nescio
3346 4910 3526 4983 cujus,
3551 4910 3623 4967 de
3646 4927 3824 4983 grege,

2236 4985 2294 5028 ut
2323 4977 2579 5043 arbitror,
2611 4977 2887 5045 Fratrum,
2933 4980 3019 5032 cui
3056 4980 3267 5035 titulum
3310 4977 3439 5036 fecit
3471 4977 3826 5041 Socratesfet

2237 5045 2461 5101 Phaerns
2498 5048 2744 5117 Dialogus
2778 5064 2897 5119 pag.
2940 5050 3048 5105 ili
3074 5060 3129 5105 et
3165 5066 3307 5121 seq.,
3343 5052 3434 5106 ubi
3470 5054 3652 5107 locum
3693 5056 3825 5108 hunc

2234 5127 2751 5188 annotationemalue
2780 5123 3166 5186 calumniatur,
3202 5139 3299 5177 uec
3343 5123 3533 5178 Latine
3563 5125 3719 5179 illum
3751 5129 3821 5179 in-

2232 5188 2450 5257 telligit,
2478 5192 2633 5255 quasi
2665 5193 3050 5260 scripserimus
3079 5210 3252 5247 omnes
3282 5196 3483 5247 codices
3508 5205 3562 5250 et
3606 5194 3820 5249 Martia-

2230 5274 2397 5313 uteum
2429 5263 2595 5328 ipsum
2635 5264 2817 5329 legisse
2861 5264 2996 5331 quod
3032 5263 3225 5316 animal
3252 5267 3319 5318 sit
3361 5283 3378 5318 :
3407 5282 3532 5320 cum
3579 5267 3815 5321 dicamus

2228 5331 2421 5403 aliquot
2455 5332 2616 5386 modo
2641 5334 2856 5389 codices
2894 5349 2957 5389 ev
2994 5336 3077 5388 his
3106 5339 3266 5389 etiam
3310 5351 3447 5403 quos
3478 5337 3816 5393 Martiaoaeus

2228 5401 2489 5470 inspexit,
2527 5418 2630 5457 non
2682 5418 2900 5481 secutus
2928 5414 3104 5481 tamen
3136 5416 3242 5467 est,
3275 5401 3370 5481 ita
3416 5409 3621 5477 legere,
3664 5409 3818 5481 idque

2230 5488 2513 5548 perperam
2553 5478 2797 5541 omnino,
2831 5476 2977 5546 quod
3016 5478 3211 5529 animal
3238 5479 3325 5541 sit,
3368 5489 3417 5533 et
3460 5476 3666 5548 spiret;
3700 5476 3816 5536 nam

2228 5559 2348 5619 qua:
2374 5546 2625 5619 Origenis
2658 5548 2928 5619 sententia
2960 5549 3076 5610 fuit,
3109 5548 3176 5600 de
3207 5549 3352 5619 sole,
3383 5546 3619 5619 aliiSque
3650 5546 3819 5608 astris

2226 5618 2722 5689 anima‘prmditis,
2759 5619 2809 5671 in
2861 5618 2963 5672 hoc
3018 5617 3723 5689 ipsoVCommenlariorum
3768 5626 3815 5679 in

2230 5682 2593 5742 Ecclesiasten
2626 5686 2761 5743 libro
2792 5702 2851 5743 se
2881 5682 3083 5745 asserit
3103 5688 3465 5757 Hieronymus
3496 5694 3817 5764 repudiasse
