3998 6328
17 246 49 300 1
66 244 209 301 017
1112 248 1662 307 COMMENTARIUS

1810 252 2355 310 ECCLESIASTEN.
3254 264 3392 321 1018

10 372 95 418 et
132 363 369 435 vigeat,
392 373 447 420 et
487 379 699 421 annuos
726 366 888 423 orbes
915 380 1015 422 suo
1044 381 1207 423 cursu
1239 368 1480 440 expleat,
1513 378 1569 425 ut
1607 371 1682 426 ait
1709 374 1762 435 Α
1788 371 1888 428 bus
1919 373 2211 443 signiﬁcari
2245 373 2599 437 arbitramur.
2633 374 2773 445 quod
2807 375 2859 429 in
2906 384 3109 433 terram
3130 421 3143 445 ,
3191 380 3260 436 de
3291 396 3393 453 qua

10 469 238 526 poeta
284 456 525 527 (zEneid.
557 457 685 530 tit):
1781 468 1978 535 sumpti
2027 478 2184 532 sunt,
2219 468 2483 522 redeant:
2519 477 2575 522 et
2621 477 2895 525 torrentes
2947 480 3228 537 vocentur,
3288 490 3393 531 non

10 570 13 575 ·
106 570 350 621 Interea
375 584 601 629 magnum
627 573 699 624 sol
723 575 1117 627 circumvolvitur
1142 588 1357 626 annum:
1782 556 2037 625 ﬂtitnina,
2072 573 2138 612 eo
2182 558 2324 628 quod
2359 558 2469 613 cito
2504 560 2831 615 intercidant
2855 604 2872 629 ,
2925 577 3023 617 nec
3071 572 3251 619 tamen
3297 566 3395 620 imo

1784 652 1992 723 pleatur
2018 666 2159 708 terra
2210 655 2560 711 multitudine
2614 664 2978 712 mortuorum.
3013 657 3215 725 Porro,
3250 660 3293 713 si
3326 660 3390 715 ad

1782 746 1973 801 altiora
2042 748 2463 803 conscendimus
2538 748 2645 820 [ΑΙ.
2691 750 3185 824 conscendamus],
3244 762 3395 808 recte

1785 838 2008 893 turbida-
2038 855 2191 909 aqme
2221 840 2273 894 in
2304 857 2475 907 mare,
2512 842 2652 895 unde
2684 843 3077 907 substiterant,
3104 854 3395 900 revertun-

1785 942 1887 987 tur.
1923 934 2006 1001 Et,
2050 934 2105 987 ni
2138 934 2313 1000 fallor,
2347 935 2551 1005 absque
2580 935 2951 990 additamento
2982 952 3247 1007 nusquam
3283 948 3393 994 tor.

1784 1042 1910 1079 rens
1934 1026 1985 1078 in
2018 1026 2212 1081 bonam
2234 1038 2439 1095 partem
2466 1028 2684 1097 legitur.
2718 1026 2851 1083 Nam
2880 1028 3127 1083 Torrente
3153 1031 3391 1097 volupta—

1785 1119 1846 1172 tis
1865 1129 1966 1172 tua:
1986 1120 2185 1189 potabis
2211 1120 2349 1183 illos,
2366 1135 2486 1174 cum
2509 1120 2881 1175 additamento
2899 1120 3099 1175 dicitur
3114 1123 3390 1194 voluptatis

1784 1209 1958 1279 (Psal.
1980 1226 2143 1272 xxxv,
2171 1214 2249 1281 9).
2285 1212 2348 1265 Et
2376 1212 2700 1266 econtrario
2724 1212 2972 1267 Salvator
2999 1214 3064 1269 ad
3092 1225 3390 1272 torrentem

1784 1302 2012 1356 traditur
2037 1301 2248 1357 Cedrou
2280 1302 2477 1372 (Joan.
2506 1319 2655 1367 xvm,
2687 1305 2711 1359 1
2741 1305 2779 1374 ).
2805 1305 2969 1376 390
2999 1308 3061 1361 lit
3092 1307 3236 1363 Elias
3266 1324 3389 1379 per-

1782 1394 2076 1449 secutionis
2109 1402 2352 1463 tempore
2382 1396 2448 1449 ad
2484 1405 2784 1451 torrentem
2836 1396 3076 1451 Chorath
3112 1408 3135 1436 ε
3168 1400 3343 1455 latitat
3372 1444 3385 1465 ,

1782 1487 1874 1558 qui
1905 1499 1958 1543 et
1986 1489 2101 1557 ipse
2124 1491 2361 1544 siccatur
2399 1489 2489 1558 (Ill
2521 1488 2648 1561 Reg.
2683 1505 2820 1554 xvu,
2854 1489 2934 1560 5).
2969 1489 3085 1546 Non
3118 1493 3381 1562 adimple-

106 570 350 621 Interea
375 584 601 636 magnum
627 573 699 624 sol
723 575 1117 627 circumvolvitur
1142 588 1320 626 annum
1348 593 1357 625 :

19 684 98 732 et
137 677 296 732 alibi
331 676 589 749 (Georgic.
616 681 674 750 ll)
701 698 713 733 :

110 794 312 857 Atque
338 796 385 844 in
414 808 469 844 se
494 808 580 844 sua
608 810 695 859 per
720 800 926 862 vestigia
948 801 1155 850 volvitur
1179 813 1335 850 annus
1350 817 1363 863 ;

18 900 174 955 sive
212 901 375 973 quod
420 912 476 958 et
504 904 643 960 lunas
690 905 963 963 lucentem
1004 908 1226 979 globum
1257 918 1311 964 et
1354 918 1501 965 astra
1531 910 1678 966 'l'ita-

24 1009 135 1049 ma
170 1013 187 1049 Ξ

102 1108 518 1178 $_piritus_intus
541 1111 629 1178 alit
652 1126 663 1159 :
693 1120 942 1178 totamque
964 1113 1122 1165 infusa
1148 1129 1240 1174 per
1264 1122 1399 1165 artus

106 1170 287 1220 Mens
307 1174 461 1233 agitat
483 1174 683 1238 molem,
711 1184 763 1225 et
787 1170 962 1239 magno
984 1190 1041 1227 se
1064 1170 1273 1241 corpore
1291 1181 1489 1239 miscet;

26 1269 238 1343 389
297 1287 405 1326 non
459 1274 527 1329 de
556 1289 739 1330 annuo
765 1277 898 1332 Solis
940 1294 1127 1345 cursu,
1182 1280 1278 1335 sed
1312 1280 1378 1335 de
1406 1282 1679 1350 quotidia-

26 1362 136 1416 nis
191 1364 423 1419 semitis
466 1368 582 1435 ejus
622 1367 885 1438 loquitur.
914 1380 935 1405 ιι
969 1371 1197 1440 Obliqua
1243 1373 1386 1427 enim
1416 1383 1467 1428 et
1506 1373 1675 1428 t‘racta

25 1455 202 1511 linea
248 1473 351 1525 per
374 1468 617 1515 austrum
648 1464 819 1531 pergit
851 1463 917 1517 ad
959 1463 1219 1529 boream,
1259 1475 1314 1520 et
1345 1467 1413 1519 ita
1446 1468 1676 1522 reverti-

28 1559 139 1607 tur
175 1554 259 1608 ad
295 1556 581 1610 orientem.
628 1558 800 1613 Aliter
834 1576 847 1611 :
878 1559 972 1613 Sol
1020 1559 1237 1629 quando
1290 1576 1387 1631 pcr
1431 1570 1666 1617 austrum

1785 1590 1869 1634 tur
1893 1592 2069 1634 autem
2103 1578 2121 1618 τ
2156 1596 2305 1636 mare
2336 1581 2671 1648 insatiabile,
2704 1583 2979 1651 quonme
3004 1591 3059 1638 ct
3083 1585 3133 1639 in
3160 1584 3389 1641 Prover-

23 1646 282 1745 currit,
336 1648 563 1703 vicinior
613 1658 771 1705 terra:
814 1660 927 1717 est;
963 1652 1180 1720 quando
1218 1668 1314 1723 per
1343 1655 1675 1724 aquilonem,
1784 1674 1888 1729 hiis
1919 1673 2044 1727 litim
2073 1675 2410 1745 sanguisuga:
2442 1673 2623 1743 (Prov.
2660 1646 2927 1743 sx-x,15).

27 1738 334 1840 suum)?
369 1741 653 1840 ³ξ¹⁰Ὶίί¹¹¹³ο
691 1743 951 1840 Forma"
1004 1761 1134 1815 9'80
1186 1746 1271 1800 "is
1328 1748 1417 1840 (illi
1466 1747 1677 1816 hiemis
1708 1774 1755 1834 B
1857 1764 2045 1821 Omnes
2076 1784 2331 1820 sermones
2356 1777 2380 1811 κ
2403 1782 2579 1840 graves
2615 1783 2715 1820 non
2742 1768 2928 1838 poterit
2971 1768 3048 1822 vir
3078 1768 3235 1835 loqui.
3264 1768 3387 1825 Non

28 1842 89 1886 et
142 1832 581 1888 tribulatioottm
639 1836 839 1905 frigore
890 1847 1237 1893 coarctautur
1285 1839 1375 1909 (ab
1420 1840 1666 1909 aquilone

1785 1860 2048 1915 satiabitur
2088 1866 2266 1915 oculus
2292 1861 2511 1915 ridendo
2538 1905 2551 1925 ,
2586 1870 2633 1914 et
2661 1877 2763 1914 non
2801 1862 3094 1931 implebitur
3123 1865 3265 1918 auris
3288 1883 3377 1919 au-

30 1924 198 1981 enim
254 1922 485 1997 (Jerem.
535 1942 586 1990 t,
621 1928 1139 1993 lt),exardescunt
1186 1932 1325 1986 mala
1374 1946 1537 2001 super
1569 1940 1666 1987 ter-

1785 1954 1910 2005 dt‘tu.
1939 1952 2053 2007 Noo
2077 1955 2249 2007 Solum
2275 1953 2343 2007 de
2369 1954 2605 2023 physicis
2626 1997 2639 2019 ,
2665 1954 2759 2007 scd
2784 1956 2925 2008 etde
2946 1955 3142 2011 ethicis
3167 1974 3385 2029 quoque

28 2016 191 2088 ram)
238 2018 481 2073 vicinior
521 2019 604 2074 sol
651 2021 752 2075 iste
787 2022 1015 2089 justitite
1057 2032 1177 2077 est:
1214 2023 1296 2078 his
1328 2038 1455 2078 vero
1498 2025 1589 2093 qui
1623 2026 1666 2079 in

1785 2046 1921 2099 scire
1947 2045 2171 2100 difﬁcile
2194 2054 2295 2100 est.
2330 2044 2444 2100 Nec
2485 2061 2668 2100 sermo
2702 2047 2846 2101 valet
2877 2048 3149 2115 explicare
3198 2065 3389 2107 causas

29 2108 238 2163 boreae
277 2119 440 2174 parte
471 2109 753 2178 habitant,
780 2122 835 2167 et
862 2112 890 2150 ι)
912 2114 1094 2170 calore
1125 2117 1402 2185 privantur
1448 2119 1640 2172 :rstivo
1660 2160 1673 2185 ,
1782 2149 2117 2204 naturasque
2143 2152 2344 2203 rerum,
2376 2152 2479 2192 nec
2509 2139 2729 2202 ορηιυε⁹
2764 2148 2821 2193 υι
2849 2138 2928 2193 rei
2960 2136 2985 2175 tt
3014 2140 3187 2210 ροείίι
3216 2142 3393 2213 digni-

27 2200 265 2257 incedit
300 2202 513 2270 procul,
546 2212 600 2257 et
633 2218 728 2273 per
750 2219 877 2259 suos
908 2206 1179 2274 circulos,
1217 2207 1359 2263 unde
1404 2210 1666 2278 profectus

1785 2238 1887 2292 tas,
1920 2230 2134 2289 intueri,
2165 2245 2264 2284 nec
2290 2231 2461 2296 auris,
2488 2230 2800 2286 instituente
2827 2230 3055 2287 doctore
3084 2274 3097 2297 ,
3142 2235 3207 2287 ad
3239 2249 3389 2290 sutu-

28 2304 148 2399 θεῖ’,
185 2296 515 2351 revertitur.
544 2298 695 2399 Cum.
734 2300 877 2354 enim
913 2302 1140 2356 traxerit
1167 2303 1347 2357 omnia
1376 2304 1440 2357 ad
1474 2318 1564 2369 se,
1626 2315 1679 2360 et
1782 2338 1922 2376 mam
1951 2323 2234 2377 scientia...
2275 2325 2583 2394 pervenire,
2627 2324 2687 2381 Si
2717 2326 2861 2380 enim
2894 2341 3035 2381 nunc
3068 2343 3162 2397 per
3192 2342 3385 2399 ερνειι-

27 2388 364 2490 universos
433 2390 547 2444 suis
603 2390 767 2446 radiis
810 2392 1236 2461 illuminavetit,
1290 2397 1346 2450 lit
1410 2399 1680 2453 restitutio
1781 2414 1889 2469 lum
1917 2415 2165 2470 videmus
2193 2416 2245 2469 in
2277 2416 2564 2486 :euigmate
2591 2457 2602 2480 ,
2631 2429 2686 2471 et
2724 2433 2787 2472 ex
2831 2427 2982 2485 parte
3010 2388 3391 2490 cognoscimus

27 2481 389 2555 principalis
411 2523 425 2547 ,
458 2492 513 2537 et
542 2494 626 2538 est
658 2483 799 2540 Deus
824 2488 1003 2540 omnia
1038 2488 1090 2541 in
1123 2490 1396 2543 omnibus.
1432 2490 1678 2561 Symtna-
1780 2519 1833 2563 et
1858 2523 1923 2561 ex
1973 2517 2123 2577 parte
2166 2481 2573 2578 prophetamus,
2605 2481 3008 2580 consequenter
3056 2481 3159 2568 nvec
3206 2529 3389 2569 sermo

31 2576 181 2631 chus
207 2574 369 2629 hunc
392 2574 568 2630 locum
600 2577 669 2630 ita
695 2578 1085 2648 interpretatus
1108 2592 1189 2635 est
1226 2600 1237 2635 :
1281 2579 1431 2635 Vadit
1462 2582 1529 2635 ad
1567 2600 1675 2637 nte-
1786 2574 1985 2670 ροιρεί
2022 2574 2303 2671 explicui-ve
2329 2602 2471 2670 quod
2517 2604 2723 2669 nescii;
2756 2620 2857 2659 nec
2904 2607 3095 2661 oculus
3121 2648 3136 2673 ν
3197 2610 3248 2662 in
3283 2624 3389 2677 quo

32 2668 257 2735 ridiem,
287 2677 339 2723 et
368 2669 605 2723 circumit
632 2671 700 2723 ad
733 2672 971 2737 boream;
1004 2673 1365 2740 perambulans
1392 2675 1527 2728 radit
1556 2692 1675 2730 ven-
1787 2668 1803 2729 ἶ
1829 2695 2046 2749 “Tum
2067 2739 2081 2761 ’
2102 2668 2392 2765 'aspiceré;
2425 2711 2521 2751 nec
2551 2696 2700 2751 auris
2725 2739 2740 2761 ,
2767 2698 2834 2752 de
2862 2715 2975 2768 qm,
3000 2668 3235 2767 duum,
3283 2668 3384 2756 εἰη,

38 2770 146 2827 tus,
181 2771 231 2816 et
265 2778 367 2833 per
397 2778 513 2831 quae
536 2763 880 2831 circumierat,
912 2766 1184 2819 re-"ertitur
1211 2775 1409 2821 ventus.

1785 2790 1942 2859 pleri.
1987 2792 2157 2847 Simul
2190 2802 2245 2846 et
2278 2791 2384 2846 hoc
2416 2792 2712 2845 notandum
2743 2834 2756 2855 ,
2805 2795 2950 2863 quod
2992 2796 3175 2850 omnia
3216 2798 3384 2851 vrrba

1778 2882 1884 2936 sint
1914 2884 2100 2952 gravia
2120 2924 2135 2949 ,
2161 2893 2215 2936 et
2247 2897 2442 2953 magno
2470 2883 2659 2937 labore
2702 2883 3001 2951 discantur,
3028 2895 3213 2941 contra
3246 2902 3343 2942 eos
3369 2934 3382 2955 ,

41 2974 245 3044 pletur.
301 2972 390 3025 Ad
426 2972 592 3026 locum
632 2974 695 3027 de
720 2990 819 3044 quo
851 2983 1100 3029 torrentes
1136 2987 1341 3041 exeunt,
1380 2988 1399 3014 ο
1435 2978 1545 3031 illic
1570 2978 1677 3046 ipsi
1776 2976 1867 3047 qui
1897 2986 2087 3046 putant
2114 2977 2303 3031 otiosis
2331 2978 2456 3041 sibi,
2492 2985 2545 3031 et
2568 2988 2689 3032 vota
2723 2979 3045 3035 incientibus
3073 2982 3259 3037 venire
3292 2998 3389 3037 uo-

42 3073 415 3127 rerertuntur,
448 3075 503 3117 ut
528 3065 735 3122 abeant.
768 3069 958 3121 I‘utant
985 3067 1203 3138 quidam
1227 3113 1239 3131 ,
1271 3086 1438 3141 aquas
1461 3070 1672 3135 dulces,
1777 3071 1948 3125 titiam
1974 3068 2076 3142 [Αι.
2111 3070 2177 3123 ad
2206 3068 2478 3141 notitiam]
2503 3069 2930 3137 Scripturarum.

44 3172 175 3228 quae
204 3158 264 3213 in
300 3172 459 3212 mare
485 3158 712 3213 inﬂuunt
734 3203 748 3223 ,
779 3161 863 3215 vel
895 3162 1119 3217 ardente
1149 3164 1383 3232 desuper
1405 3164 1518 3219 solc
1546 3180 1673 3219 con-
1702 3162 1747 3225 C
1854 3163 1991 3228 Quid
2019 3176 2092 3215 est
2120 3163 2256 3232 quod
2296 3161 2424 3233 fuit?
2469 3163 2639 3233 ipsum
2666 3164 2805 3233 quod
2832 3164 2943 3217 erit.
2980 3163 3047 3217 Et
3093 3166 3219 3235 quid
3275 3177 3383 3233 est,

121 2880 331 2933 Omnes
382 2889 630 2935 torrentes
666 2882 854 2935 vadunt
902 2884 955 2935 in
983 2899 1149 2949 mare,
1184 2894 1231 2937 et
1260 2900 1403 2939 mare
1429 2901 1531 2938 non
1578 2886 1677 2938 im-

48 3251 223 3316 sumi,
256 3250 351 3304 vel
404 3250 664 3321 salsugini
706 3251 812 3323 [AL
847 3254 1159 3327 salsuginis]
1210 3257 1377 3311 maris
1423 3272 1546 3313 esse
1577 3273 1670 3328 pa-

48 3342 211 3397 bula.
230 3340 259 3380 d
285 3342 434 3398 Ecce
457 3343 815 3400 Ecclesiastes
845 3359 1049 3412 noster,
1080 3358 1131 3403 et
1154 3350 1391 3419 ipsarum
1411 3365 1670 3419 aquarum

50 3434 343 3499 conditor,
374 3450 470 3489 eas
500 3436 631 3491 dicit
658 3452 754 3507 per
778 3439 1018 3495 occultas
1040 3455 1205 3495 venas
1250 3442 1315 3495 ad
1348 3442 1525 3511 capita
1558 3443 1675 3497 lon-

53 3530 195 3584 tium
232 3529 459 3600 regredi
489 3570 506 3595 ,
533 3540 589 3585 et
639 3531 707 3586 de
734 3534 961 3587 matrice
1002 3534 1200 3605 abysso
1243 3536 1295 3589 in
1329 3550 1424 3590 sua
1457 3550 1675 3604 semper

54 3623 295 3680 ebullire
329 3623 623 3694 principia.
657 3626 849 3681 Melius
877 3639 1058 3683 autem
1095 3630 1304 3685 lit-brari
1328 3632 1429 3687 sub
1462 3642 1672 3688 torren-

59 3720 193 3774 tium
225 3727 283 3775 et
317 3719 491 3774 maris
534 3720 753 3776 nomine
788 3736 882 3793 per
910 3724 1288 3793 metaphoram
1329 3726 1396 3780 de
1438 3725 1672 3781 homini-

62 3900 311 3959 scribens
350 3899 418 3954 ad
448 3900 865 3974 Pammachiutn
883 3911 1068 3957 contra
1098 3902 1363 3958 Joannem
1395 3902 1670 3974 Jerosoly-

63 3974 179 4026 mit.
233 3988 385 4026 num.
440 3973 529 4025 17.
579 3972 763 4041 Neque
803 3973 940 4027 adeo
972 3974 1123 4027 aliud
1174 3974 1447 4028 animaudi
1499 3972 1670 4027 verbo

65 4054 237 4113 notat,
292 4057 454 4111 quam
501 4042 645 4113 quod
698 4044 801 4105 sol,
843 4045 932 4110 qui
986 4044 1289 4098 mundanas
1336 4060 1422 4098 res
1474 4059 1669 4097 munies

66 4112 336 4179 calt-facit,
368 4112 537 4168 Vitam
565 4113 749 4167 calore.
787 4129 888 4165 stto
918 4115 1111 4181 pariat.
1140 4115 1258 4167 Mox
1290 4131 1488 4167 annuos
1531 4115 1668 4167 orbis

68 4200 269 4252 cursus,
300 4201 422 4253 qua:
477 4194 600 4239 erat
644 4184 865 4253 antiqua
900 4186 1085 4247 lectio,
1116 4183 1367 4238 Vaticani
1408 4195 1463 4240 et
1514 4186 1671 4239 Pala-

73 4254 165 4308 tiui
197 4257 415 4311 Codices
449 4256 671 4309 habent.

142 4357 207 4366 —
230 4326 295 4380 Et
326 4344 528 4380 annuos
557 4326 703 4379 orbes
735 4342 826 4379 suo
872 4341 1024 4378 cursu
1054 4325 1277 4395 expleat.
1314 4326 1475 4391 Editi,
1501 4334 1544 4379 et
1572 4343 1669 4377 au-

75 4413 201 4467 nuos
231 4402 370 4453 orbis
397 4414 580 4451 cursus
624 4396 827 4467 expleat
867 4396 1051 4462 :quod
1106 4405 1255 4449 certe
1312 4398 1667 4462 incangruum

74 4466 241 4522 el‘licit
286 4486 527 4531 semitm,
581 4466 851 4522 nec'satis
901 4481 1201 4520 consonum
1232 4467 1441 4536 Virgilii
1472 4482 1669 4521 consc-

1776 3258 1915 3329 quod
1944 3261 2139 3329 factum
2183 3256 2304 3311 est?
2339 3256 2507 3323 ipsum
2540 3257 2678 3325 quod
2705 3258 2811 3324 ﬁet.
2852 3256 2918 3310 Et
2959 3273 3062 3311 non
3089 3260 3199 3311 esti
3239 3276 3386 3313 onme

1774 3368 1949 3407 recens
1992 3352 2084 3406 sub
2136 3351 2263 3406 sole.
2314 3333 2538 3406 Videtur
2586 3352 2715 3405 mihi
2782 3352 2850 3407 de
2895 3352 2977 3407 his
3026 3369 3147 3422 qua:
3219 3370 3381 3424 supra

1771 3448 2151 3509 enumeravit,
2210 3446 2566 3513 generatione
2639 3455 2695 3500 et
2759 3446 3166 3515 generatione,
3238 3448 3382 3503 mole

1774 3548 2039 3594 terrarum
2063 3580 2078 3604 ,
2134 3546 2256 3592 orttt
2310 3538 2443 3592 solis
2475 3547 2530 3592 et
2560 3552 2793 3601 occasu,
2846 3552 3008 3591 cursu
3056 3537 3336 3591 ﬂuminum
3364 3580 3379 3604 ,

1774 3629 2148 3701 magnitudine
2188 3629 2429 3693 Oceani,
2483 3628 2841 3691 omnibusque
2892 3641 3015 3695 quae
3060 3634 3153 3679 aut
3179 3626 3383 3694 cogita-

1774 3723 2195 3788 tione,autvisu
2218 3763 2233 3788 ,
2262 3722 2345 3776 vel
2378 3722 2599 3774 auribus
2638 3720 2919 3786 discimus,
2951 3732 3094 3773 nunc
3139 3732 3384 3773 commu-

1780 3900 2038 3965 (Iliristus,
2093 3900 2325 3964 ipsarum
2364 3899 2599 3953 conditor
2648 3914 2919 3968 aquarum,
2954 3908 3061 3953 etc.
3114 3897 3180 3952 Et
3220 3898 3381 3967 paulo

1780 3982 1900 4040 post
1929 3986 2018 4031 per
2047 3971 2275 4023 occultas
2304 3981 2452 4023 terra:
2481 3987 2655 4035 venas,
2690 3982 2795 4023 etc.

1854 4052 1875 4078 ε’
1920 4042 1999 4093 Ad
2026 4048 2298 4094 torrentem
2340 4041 2564 4094 Cltoratlt
2599 4044 2789 4093 latitat.
2816 4038 2872 4092 In
2909 4038 3135 4108 Vulgata
3187 4039 3375 4108 legen-

1780 4112 1903 4165 dum
1950 4109 2162 4163 Charitlt
2198 4129 2263 4164 cx
2299 4114 2526 4165 Ilrlmro
2564 4118 2725 4177 nm,
2771 4110 2862 4162 scd
2913 4109 3014 4162 hoc
3049 4114 3168 4164 loco
3199 4111 3378 4177 legere

1780 4184 2041 4236 delictum
2096 4198 2217 4235 cum
2268 4198 2397 4235 mss.
2446 4182 2849 4238 esetnnlarihus
2899 4180 3192 4241 Cltorratlt;
3250 4185 3374 4243 quia

1780 4254 1920 4328 apud
1976 4252 2117 4328 LXX
2166 4254 2423 4328 scriptum
2472 4264 2558 4328 est
2716 4253 3119 4328 τῷ-χειμάρρῳ
3150 4256 3371 4328 Χορρὰθ,

1782 4324 1830 4377 id
1859 4333 1963 4387 est,
1994 4324 2047 4377 in
2071 4334 2296 4378 terrente
2314 4324 2591 4377 Chorratlt.
2621 4323 3141 4395 Natnlliermtytims
3164 4323 3378 4395 mpm-

1780 4397 1922 4448 scnti
1951 4395 2359 4449 Conuncntario
2388 4396 2576 4448 recitat
2612 4394 2921 4464 teinmouia
2968 4394 3373 4464 Seriptnrarum

1776 4466 1928 4534 juxta
1956 4482 2162 4519 tuorum
2197 4467 2275 4518 sui
2308 4464 2589 4529 temporis,
2620 4468 2719 4515 hoc
2749 4476 2852 4522 cst,
2883 4463 3032 4530 juxta
3069 4463 3374 4523 versionem

113 4541 365 4594 ueutibus
396 4539 665 4602 ver~ilms,
710 4554 937 4606 quorum
970 4541 1115 4604 prior
1146 4534 1351 4593 ex~tat'
1374 4554 1431 4593 Ill
1480 4537 1670 4592 Ᾱῐιιθί-
1696 4540 1749 4600 D
1778 4555 1873 4591 usu
1924 4548 2194 4600 receptam
2222 4538 2271 4589 in
2298 4536 2534 4589 Ecclesia
2562 4535 2772 4588 Latina.
2803 4534 3068 4591 Murrum.

115 4625 194 4675 os,
226 4609 492 4665 secundus
520 4623 552 4662 ll
582 4608 1003 4680 Georgicorum;
1036 4610 1217 4663 caueri
1249 4625 1401 4673 vero,

135 4721 506 4785 Lucentemque
524 4720 723 4783 globum
743 4722 874 4771 lunae
894 4762 907 4785 ,
933 4720 1227 4783 Titaniaque
1257 4728 1383 4771 astra
1402 4762 1413 4784 ,
1443 4727 1542 4770 etc.

82 4820 219 4877 libro
248 4838 401 4879 sexto
430 4823 689 4881 Aineidos
721 4826 861 4880 circa
910 4825 1095 4880 ﬁnem.
1130 4825 1245 4879 Non
1298 4826 1494 4879 omitto
1528 4839 1659 4878 mss.

81 4892 435 4951 Corbeiensrs
454 4905 507 4951 et
534 4896 907 4953 Colbertinum
938 4897 1117 4962 legero
1146 4897 1289 4950 hunc
1314 4898 1487 4950 locum
1508 4897 1659 4965 juxta

84 4980 294 5021 errores
323 4969 569 5038 Origenis
605 4986 616 5020 :
654 4968 775 5023 Sire
803 4972 975 5039 ipsum
1016 4968 1175 5022 solem
1205 4971 1449 5038 spiritum
1496 4967 1660 5019 nomi-

86 5039 240 5099 narit,
268 5040 400 5105 quod
429 5039 621 5093 animal
657 5042 746 5103 sit,
778 5048 823 5092 et
852 5041 1040 5105 spiret,
1070 5048 1176 5093 etc.
1212 5041 1481 5094 MARTIAN.

155 5117 188 5180 “7
208 5110 316 5163 Duo
342 5111 561 5165 Palatini
586 5126 741 5177 mss.,
786 5110 1004 5180 Oblique
1051 5112 1183 5165 enim
1220 5111 1460 5180 adfracta
1500 5110 1661 5163 linea.

91 5176 295 5234 Zodiaci
327 5183 463 5235 viam
492 5183 593 5236 tlici
618 5176 926 5249 intelligito;

158 5249 182 5286 δ
213 5250 354 5305 Unus
387 5251 550 5306 Valic.
587 5270 708 5319 cum
765 5255 1011 5317 Erasmo,
1067 5264 1120 5307 et
1154 5254 1395 5308 Victoria
1420 5298 1432 5320 ,
1485 5253 1662 5306 (nativo

91 5323 440 5394 cursu‘incedit
465 5324 680 5394 (Vatum,
716 5326 962 5389 incendit)
994 5324 1194 5391 procul.

167 5401 186 5425 ο
214 5390 385 5448 Nostti
422 5390 572 5461 mss.,
614 5397 737 5451 illuc
767 5413 784 5450 :
817 5390 1141 5467 atque'olim
1182 5396 1310 5451 editi
1353 5397 1614 5449 introeant
1645 5440 1658 5459 ,

97 5473 188 5528 pro
216 5467 404 5534 abeant.
1230 5488 1243 5499 ‘
1610 5524 1621 5534 .

108 5598 121 5610 ο
165 5530 356 5610 -ιιιίε
381 5538 475 5607 ipsi
495 5546 810 5610 reuertuntur
841 5548 894 5591 ut
911 5539 1115 5591 abeant.
1156 5536 1272 5592 Non
1298 5539 1435 5592 bene
1467 5530 1662 5607 legitur

102 5604 157 5721 ἃ]
196 5604 412 5661 antehac
459 5608 613 5663 editis
660 5610 847 5677 libris,
896 5620 1219 5664 revertuntur
1266 5621 1319 5663 ut
1376 5604 1659 5662 introeant.

152 5687 352 5721 ARTIAN-

152 5687 352 5729 ARTIAN.

124 5810 137 5827 ι
170 5737 195 5773 "
228 5726 367 5809 Apud
400 5747 622 5803 Alcuin.:
678 5750 780 5805 Sed
830 5747 1164 5807 Ecclesiastes
1214 5726 1407 5811 uoster.
1453 5747 1504 5804 id
1548 5726 1651 5805 est!

1853 4609 1869 4645 ί
1908 4609 2026 4661 Non
2048 4608 2358 4669 adimpletnr
2378 4616 2543 4658 autem
2577 4623 2735 4669 nutre,
2760 4620 2867 4659 etc.
2911 4608 3163 4663 MettdOSc
3192 4610 3379 4677 legunt

1774 4690 1929 4731 antea
1960 4681 2089 4732 editi
2115 4679 2252 4733 libri.
2279 4678 2364 4743 qui
2394 4688 2439 4730 et
2461 4678 2569 4745 ipse
2604 4680 2845 4739 siccatur,
2878 4688 2922 4730 et
2955 4698 3052 4733 non
3093 4680 3339 4745 impletur
3359 4700 3376 4735 .·

1775 4765 1915 4803 mare
1944 4760 2111 4802 autem
2143 4747 2455 4809 insatiabile,
2479 4757 2581 4801 etc.
2612 4750 2877 4802 (Imterum
2902 4752 3146 4804 consulat
3175 4751 3377 4806 Lector

1772 4822 2050 4874 studiOsus
2097 4818 2493 4873 Annotatioocs
2527 4831 2738 4871 nostras
2787 4819 3121 4874 Prulixinrcs
3150 4822 3375 4876 inferius

1772 4896 1976 4954 positas
2005 4901 2224 4959 propter
2248 4890 2535 4943 Historiam
2561 4888 2817 4943 Crittcaut
2843 4889 3098 4946 Richardi
3119 4892 3372 4947 Suuouii.

1771 4962 2041 5017 Maurum.

1843 5044 1866 5079 κ
1900 5034 2049 5088 Unus
2084 5032 2253 5085 Vatic.
2290 5046 2417 5085 mss.
2444 5048 2622 5102 graves
2650 5040 2769 5085 sunt
2803 5048 2820 5086 :
2846 5050 2945 5085 non
2969 5034 3156 5102 poterit
3182 5078 3195 5098 ,
3226 5044 3329 5089 etc.

1843 5103 1867 5139 "
1904 5104 2109 5159 Vitiuse
2134 5104 2475 5157 Martiaumus
2504 5114 2693 5172 posset,
2725 5120 2821 5173 pro
2862 5107 3044 5172 poscit.
3075 5105 3249 5159 Penes
3277 5106 3371 5161 Al-

1768 5176 1941 5238 cuiu.,
1991 5192 2084 5229 nec.
2124 5176 2302 5229 oculus
2341 5176 2603 5237 saturari,
2657 5186 2707 5227 ut
2758 5178 2828 5228 rei
2866 5178 3024 5246 possit
3070 5178 3371 5247 dignitatem

1769 5249 1980 5302 intueri.

1850 5319 1863 5355 ί
1912 5318 1974 5371 In
2006 5334 2108 5390 quo
2136 5318 2335 5371 carcutit
2374 5318 2621 5390 aspicere.
2660 5320 2753 5372 iis.
2792 5318 3151 5383 Sorbonicus,
3182 5321 3235 5373 in
3265 5336 3369 5385 quo

1769 5408 1935 5445 τίτθης
1953 5389 2025 5443 sit
2050 5401 2101 5443 ut
2132 5392 2391 5461 aspicere;
2426 5389 2591 5461 Editi,
2624 5392 2678 5445 in
2709 5408 2807 5457 quo
2829 5407 2991 5445 ctecus
3014 5394 3080 5445 sit
3100 5393 3369 5461 aspicere;

1770 5466 1940 5515 codex
1974 5473 2151 5534 autem
2182 5460 2531 5515 Curbetensis
2564 5478 2692 5517 nun.
2734 5463 2853 5529 158,
2891 5464 2942 5515 in
2982 5479 3083 5534 quo
3134 5460 3369 5519 ca’cutiat

1770 5536 2019 5599 aspicere.
2052 5533 2322 5587 Murum.

1770 5636 1839 5646 —
1859 5606 2134 5659 Palatinos
2160 5606 2297 5657 alter
2316 5618 2437 5657 cum
2467 5604 2724 5659 Vaticano
2747 5620 2845 5659 ms.
2862 5646 2875 5671 ,
2895 5605 2946 5658 in
2971 5621 3074 5676 quo
3092 5624 3256 5662 ctecus
3283 5609 3371 5675 sit,

1774 5687 1825 5728 ut
1848 5693 2032 5739 (πίεσαι,
2059 5690 2305 5744 aspicere.

1850 5750 1859 5782 ί
1906 5744 2074 5802 γῆιίρέ
2102 5784 2113 5799 ι
2148 5753 2193 5800 cl
2224 5761 2325 5799 non
2353 5754 2425 5800 est
2459 5758 2655 5801 recens,
