3998 6312
609 200 748 257 1019

1789 208 1846 268 S.
1896 209 2170 270 EUSEBII
2211 213 2595 277 HIERONYMI

3794 231 3936 296 ιοεω

603 312 746 368 uiter
792 313 974 380 loqui,
1002 315 1144 386 quod
1175 315 1306 375 nihil
1360 318 1429 374 sit
1459 317 1510 374 in
1562 329 1750 377 natura
1797 305 2000 395 rerum,
2056 327 2201 398 quod
2230 338 2283 404 Α
2310 346 2503 389 novum
2535 345 2616 392 est
2641 353 2653 391 :
2678 336 2942 408 siquidem
2975 355 3138 399 omne
3164 344 3306 414 quod
3332 359 3392 401 se
3415 347 3689 415 putaverit
3721 363 3936 407 novum

604 421 712 459 non
756 414 881 460 ante
908 405 1017 476 jam
1060 405 1244 462 fuerit.
1293 409 1373 463 Ah
1406 410 1559 468 initio
1601 414 1746 470 enim
1792 418 1972 472 mundi
2003 428 2056 472 et
2113 420 2210 475 ho-

603 499 778 552 mines
823 499 931 556 nati
975 509 1030 554 et
1075 504 1270 560 mortui
1320 513 1483 572 sunt,
1527 517 1581 564 et
1633 517 1774 566 terra
1825 526 1990 580 super
2033 529 2204 583 aquas

599 588 794 646 librata
826 592 1067 650 constitit
1095 633 1108 658 ,
1136 604 1187 648 et
1238 595 1315 650 sol
1357 608 1511 651 ortus
1543 602 1817 656 occttltttit.
1852 603 1917 660 Et
1961 619 2025 660 ne
2051 605 2204 675 plura

599 696 910 758 percurram
936 727 949 749 ,
982 694 1034 738 et
1076 687 1265 741 avibus
1294 688 1505 755 volare,
1539 699 1595 746 et
1624 701 1809 748 natare
1849 696 2089 764 piscibus
2111 739 2125 763 ,
2151 705 2208 752 et

599 776 949 830 terrestribus
978 777 1207 848 ingredi,
1236 790 1289 833 et
1320 783 1666 850 serpentibus
1699 786 1824 852 labi,
1860 788 1967 842 Deo
1996 787 2205 844 artiﬁce

600 880 920 922 concessmn
955 879 1059 922 est.
1097 869 1230 923 Huic
1257 869 1384 941 quid
1444 872 1626 929 simile
1681 877 1970 932 sententia:
2001 886 2057 934 et
2101 877 2206 933 Co-

605 962 779 1016 micus
828 961 903 1016 ait
937 980 948 1014 :

666 1097 794 1146 Nihil
817 1101 893 1146 est
923 1097 1108 1148 dictum
1131 1100 1188 1161 ⁸,
1221 1102 1774 1232 Ίὲίέδεηὲη-’ίίρίξθῖἕᾶη
1801 1106 2056 1230 pyriiutstclti)

1333 1179 1402 1215 rt
1445 1180 1533 1216 ,τη
1637 1181 1664 1217 0
1751 1205 1762 1217 -
1877 1183 1907 1220 "

1333 1179 1454 1216 retu.
1483 1180 1533 1216 τη
1564 1179 1762 1220 Γνοιοα.
1801 1179 2020 1220 Eunucm
2041 1179 2073 1220 ).

677 1288 834 1345 Unde
866 1299 1165 1360 praeceptor
1194 1307 1347 1346 meus
1379 1293 1620 1348 Donatus
1647 1337 1660 1360 ,
1713 1310 1835 1349 cum
1884 1297 2049 1350 istum
2081 1311 2202 1352 ver-

603 1381 832 1436 siculum
881 1392 1178 1452 exponeret
1213 1402 1224 1436 ;
1260 1383 1490 1439 Pereunt
1517 1429 1530 1451 ,
1564 1385 1736 1453 inquit
1759 1427 1777 1455 ,
1800 1386 1827 1426 δ
1855 1388 1942 1457 qui
1972 1397 2089 1442 ante
2110 1404 2203 1443 nos

602 1484 778 1528 nostra
811 1473 1068 1528 dixerunt.
1099 1474 1252 1542 Quod
1281 1479 1322 1531 si
1354 1478 1406 1532 in
1451 1479 1791 1534 sermonibus
1824 1479 1954 1534 nihil
2003 1496 2200 1536 novum

601 1566 705 1621 dici
736 1576 914 1637 potest
935 1610 948 1630 ,
980 1579 1185 1637 quanto
1215 1570 1386 1639 magis
1421 1571 1470 1624 in
1498 1571 1965 1628 administratione
1989 1573 2200 1637 mundi,

599 1675 722 1729 qua:
749 1659 816 1713 ab
856 1660 1009 1714 initio
1036 1661 1115 1714 sic
1141 1662 1299 1734 391
1335 1664 1567 1732 perlecta
1599 1675 1683 1719 est
1707 1707 1719 1729 ,
1750 1675 1807 1722 ut
1837 1666 2203 1737 requiesceret

2310 425 2629 493 ostendere,
2653 428 2762 498 jam
2797 431 2847 484 iu
2886 433 3158 502 prioribus
3190 437 3412 493 saeculis
3443 437 3564 496 fuit.
3599 439 3713 495 Nec
3767 453 3934 511 pute-
3969 471 3971 512 ι

2312 533 2428 570 mus
2460 519 2612 589 signa
2640 563 2653 585 ,
2686 531 2846 592 atque
2901 526 3171 597 prodigia,
3205 539 3259 584 et
3288 531 3455 587 multa
3485 575 3501 599 ,
3534 549 3659 604 qua:
3691 536 3930 592 arbitrio

2312 608 2404 662 Dei
2437 625 2570 664 nova
2603 611 2653 664 in
2688 614 2893 668 mundo
2942 617 3094 684 tittnt,
3127 620 3177 672 in
3209 621 3485 690 prioribus
3525 626 3753 681 saeculis
3804 643 3929 685 esse

2303 704 2413 772 jam
2447 703 2581 758 facta
2615 723 2628 758 :
2661 714 2717 760 et
2743 707 2918 762 locum
2958 710 3202 765 invenire
3236 713 3526 784 Epicurum
3549 760 3563 780 ,
3597 720 3689 788 qui
3722 720 3928 776 asserit

2312 810 2405 862 per
2433 798 2847 854 innumerabiles
2889 801 3141 868 periodos
3171 805 3386 872 eadem,
3416 817 3473 862 et
3501 809 3709 865 eisdem
3763 815 3817 866 in
3851 813 3925 866 lo-

2306 890 2420 955 cis,
2469 899 2524 944 et
2555 907 2649 960 per
2688 893 2906 949 eosdem
2938 895 3074 951 fieri.
3109 899 3366 971 Alioquin
3411 913 3466 958 et
3510 903 3682 959 Jttdas
3723 907 3926 963 crebro

2309 983 2540 1053 prodidit
2569 1029 2582 1052 ,
2625 995 2681 1041 et
2709 987 2957 1042 Christus
3000 1006 3192 1060 passus
3219 1005 3301 1049 est
3333 1010 3480 1066 sarpe
3504 1014 3600 1067 pro
3630 1000 3798 1053 nobis
3823 1042 3837 1065 ,
3873 1009 3922 1054 et

2306 1093 2500 1137 caetera
2529 1097 2651 1153 qua)
2679 1084 2816 1140 iacta
2847 1095 2994 1153 sunt,
3019 1096 3073 1142 et
3099 1087 3301 1157 tutura,
3332 1091 3387 1146 in
3411 1082 3634 1148 easdem
3663 1094 3920 1150 similiter

2307 1173 2557 1245 periodos
2586 1175 2956 1232 revolventur.
2996 1178 3106 1234 Sed
3134 1180 3428 1239 dicendum
3456 1229 3470 1253 ,
3505 1185 3650 1256 quod
3678 1203 3745 1241 ex
3781 1201 3919 1258 pra:-

2305 1271 2532 1324 scientia
2574 1280 2627 1324 et
2673 1271 3156 1341 pra-destinatione
3200 1276 3299 1332 Dei
3337 1278 3448 1348 jam
3495 1295 3558 1336 ea
3617 1283 3758 1337 facta
3790 1281 3916 1347 sint,

2305 1380 2424 1436 quae
2467 1364 2641 1420 futura
2678 1376 2823 1420 aunt.
2869 1365 2970 1434 Qui
3015 1370 3160 1423 enim
3205 1371 3366 1426 electi
3414 1383 3541 1428 sunt
3593 1375 3646 1428 in
3699 1375 3917 1430 Christo

2305 1469 2428 1514 ante
2457 1461 2898 1516 constitutionem
2929 1463 3139 1530 mundi,
3174 1465 3225 1520 itt
3255 1467 3532 1536 prioribus
3557 1470 3781 1525 saeculis
3807 1471 3914 1541 jam

2306 1553 2542 1610 fuerunt.

2380 1645 2503 1700 Non
2525 1655 2597 1701 est
2622 1648 2871 1701 memoria
2899 1649 3100 1717 primis,
3132 1659 3180 1704 et
3217 1651 3419 1719 quidem
3459 1654 3762 1708 novissimis
3805 1666 3920 1726 qua!

609 1752 750 1806 Deus
767 1751 834 1804 ab
849 1754 1106 1820 operibus
1129 1757 1241 1810 suis
1265 1758 1315 1810 in
1342 1757 1430 1811 die
1458 1759 1717 1826 septima!
1743 1757 1870 1830 Legi
1896 1761 1946 1813 in
1971 1761 2189 1830 quodan

2314 1743 2491 1812 futura
2516 1749 2654 1808 sunt,
2699 1758 2798 1796 non
2824 1744 2919 1796 erit
2947 1744 3018 1797 eis
3046 1745 3286 1798 memoria
3312 1747 3451 1817 apud
3480 1763 3566 1800 eos
3599 1749 3693 1817 qui
3739 1748 3918 1819 futuri

607 1855 628 1881 ε
655 1843 792 1896 lihro
823 1861 836 1897 :
867 1843 922 1899 Si
953 1859 1134 1912 omne,
1185 1847 1326 1916 quod
1358 1847 1458 1902 sub
1505 1849 1626 1902 sole
1655 1851 1851 1903 factum
1893 1858 1979 1904 est
2010 1850 2108 1904 fuit
2155 1851 2207 1905 in

604 1936 893 2004 prmteritis
925 1937 1135 1992 satculis
1158 1947 1446 2010 antequam
1480 1940 1653 2002 ﬂeret,
1690 1950 1746 1996 et
1767 1942 1927 1995 homo
1952 1943 2064 2012 jam
2093 1943 2209 1998 sole

499 2046 508 2053 ί
599 2027 826 2083 condito
870 2028 1040 2084 factus
1068 2041 1153 2086 est
1187 2051 1198 2086 :
1233 2031 1332 2086 fuit
1355 2049 1486 2102 ergo
1516 2037 1700 2099 homo,
1733 2046 2024 2106 antequam
2055 2035 2087 2093 ἀ,
2107 2037 2208 2092 sub

602 2121 723 2176 sole
755 2121 928 2177 ﬁeret.
955 2122 1062 2178 Sed
1092 2125 1399 2180 excluditur
1423 2137 1468 2193 e,
1494 2128 1639 2198 quod
1672 2129 1773 2184 hac
1798 2131 2027 2198 ratione,
2053 2141 2104 2186 et
2122 2132 2200 2201 jn-

606 2223 810 2280 menta,
843 2224 897 2270 et
925 2216 1133 2272 culices
1157 2259 1171 2281 ,
1197 2227 1252 2272 et
1282 2220 1485 2274 minuta
1509 2237 1758 2292 qumque.
1783 2232 1836 2278 et
1868 2238 2058 2294 magna
2090 2225 2207 2278 aui-

603 2305 763 2362 malia
795 2318 920 2363 ante
949 2308 1262 2365 dicerentur
1287 2311 1472 2379 fuisse,
1499 2330 1656 2382 quam
1679 2317 1898 2371 ctelnm.
1927 2316 2040 2372 Nisi
2067 2318 2206 2374 forte

600 2399 734 2454 illud
769 2403 1116 2472 respondeat,
1149 2421 1215 2460 ex
1243 2409 1709 2477 consequentibus
1733 2410 1966 2476 ostendi,
1999 2425 2104 2465 non
2137 2411 2205 2466 de

596 2496 812 2550 caeteris
837 2498 1184 2564 animalibus,
1210 2500 1304 2555 sed
1349 2502 1413 2555 de
1443 2502 1660 2558 homine
1695 2504 2043 2560 Ecclesiaste:
2081 2519 2205 2562 esse

599 2603 936 2646 sermonem.
969 2591 1059 2647 Ait
1099 2595 1242 2648 enim
1271 2593 1427 2650 :Non
1455 2606 1526 2649 est
1551 2612 1700 2651 omne
1739 2614 1914 2653 recens
1941 2599 2031 2652 sub
2059 2600 2199 2668 sole,

598 2685 738 2753 quod
779 2684 1035 2756 loquatur,
1063 2697 1112 2742 et
1155 2689 1293 2742 dicat
1318 2705 1336 2744 :
1369 2691 1496 2746 Ecce
1525 2692 1619 2746 hoc
1640 2711 1825 2748 norum
1854 2704 1947 2749 est.
1984 2697 2202 2752 Anima-

598 2773 668 2828 lia
698 2784 876 2831 autem
907 2793 1012 2833 non
1059 2781 1224 2850 loqui,
1261 2782 1356 2837 sed
1390 2793 1598 2838 tantum
1631 2784 1902 2840 hominem
1938 2803 1950 2839 :
1982 2787 2124 2856 quod
2155 2787 2201 2842 si

597 2867 886 2937 loquantur
911 2873 1164 2928 animalia
1198 2891 1394 2931 novum
1426 2893 1577 2944 esse,
1601 2890 1654 2934 et
1685 2881 1819 2934 solvi
1843 2883 2195 2948 sententiam,

597 2959 732 3012 nihil
761 2976 955 3015 novum
989 2979 1110 3018 esse
1136 2966 1238 3018 sub
1265 2969 1402 3023 sole.

673 3049 828 3104 Estne
867 3056 1070 3108 verbum
1095 3056 1158 3109 de
1196 3075 1296 3127 quo
1317 3060 1534 3124 dicatur,
1569 3063 1683 3116 ride
1710 3062 1809 3116 hoc
1837 3079 2022 3122 novum
2075 3073 2151 3118 est
2179 3081 2198 3119 .·

2309 1843 2429 1888 sunt
2484 1836 2539 1888 in
2586 1836 2882 1890 novissimo.
2941 1836 3221 1905 Quomodo
3274 1839 3537 1907 prmtcrita
3593 1839 3742 1908 apud
3816 1853 3917 1895 nos

2309 1928 2470 2001 392
2497 1929 2783 1984 abscondit
2833 1931 3032 1986 oblivio
3058 1949 3070 1984 :
3099 1931 3177 1986 sic
3201 1947 3262 1986 ea
3283 1947 3398 2003 quae
3424 1933 3503 1987 vel
3536 1948 3682 1988 nunc
3721 1933 3873 1989 [itmt
3901 1974 3917 1999 ,

2311 2022 2394 2075 vel
2426 2037 2544 2089 quia
2575 2023 2747 2076 futura
2773 2031 2917 2088 sunt,
2953 2023 3003 2076 hi
3046 2025 3137 2094 qui
3187 2024 3334 2079 nasci
3360 2024 3576 2089 habent,
3619 2027 3770 2080 scire
3807 2041 3914 2082 non

2308 2125 2601 2185 poterunt,
2649 2127 2704 2172 et
2747 2127 2937 2174 cuncta
2989 2119 3205 2174 silentio
3252 2121 3637 2191 prieteribunt,
3673 2131 3730 2176 et
3757 2121 3916 2194 quasi

2310 2224 2414 2262 non
2449 2208 2644 2264 lucriut
2693 2210 3092 2266 ahscondentur
3124 2229 3136 2264 :
3170 2222 3222 2267 et
3253 2213 3618 2282 complebitur
3652 2214 3743 2268 illa
3789 2230 3914 2269 sen-

2309 2302 2522 2356 tentia:
2564 2301 2780 2356 Vanitas
2838 2305 3122 2358 ranitatam
3179 2315 3227 2359 et
3271 2307 3445 2360 omnia
3496 2307 3719 2361 vanitas.
3777 2306 3909 2363 Nam

2306 2403 2362 2450 et
2401 2395 2684 2467 Seraphim
2735 2408 3018 2467 propterea
3049 2395 3077 2434 ιι
3111 2397 3297 2455 faciem
3323 2415 3476 2455 suam
3505 2411 3559 2456 et
3589 2401 3758 2471 pedes
3813 2418 3907 2459 vc-

2305 2489 2457 2554 lant,
2490 2491 2609 2559 quia
2646 2491 2818 2560 prima
2863 2501 2914 2546 et
2963 2502 3212 2547 extrema
3251 2504 3505 2565 cooperta
3556 2504 3702 2552 sunt.
3747 2497 3909 2555 Juxta

2307 2592 2484 2638 autem
2516 2583 2864 2654 Septuaginta
2905 2585 3272 2656 luterpretcs,
3315 2591 3405 2658 qui
3448 2587 3702 2644 dixerunt
3736 2611 3747 2644 ε
3783 2590 3908 2647 Non

2305 2687 2379 2731 cst
2407 2678 2652 2730 memoria
2689 2679 2868 2747 primis
2902 2675 2916 2713 ¹
2949 2721 2962 2743 ,
2999 2689 3046 2732 et
3069 2679 3279 2748 quidem
3303 2681 3593 2735 novissimis
3619 2685 3710 2753 qui
3740 2684 3909 2752 futuri

2304 2782 2457 2838 sunt,
2517 2787 2618 2824 non
2677 2773 2774 2824 erit
2823 2773 2894 2825 eis
2948 2772 3200 2826 memoria
3253 2790 3366 2826 cum
3413 2773 3495 2827 his
3528 2817 3542 2839 ,
3595 2777 3687 2846 qui
3741 2775 3910 2848 futuri

2303 2877 2422 2921 sunt
2454 2869 2507 2921 in
2539 2868 2810 2921 novissimo
2841 2865 3057 2939 (Matth.
3098 2883 3186 2933 xx,
3223 2868 3311 2939 16)
3341 2887 3354 2921 :
3384 2869 3478 2925 ille
3506 2869 3576 2924 de
3604 2869 3906 2940 Evangelio

2303 2973 2502 3016 sensus
2550 2969 2652 3025 est,
2689 2959 2831 3028 quod
2856 2960 2947 3028 qui
2975 2961 3026 3014 in
3051 2959 3157 3014 isto
3183 2960 3387 3014 saeculo
3421 2961 3578 3028 primi
3609 2971 3762 3027 sunt,
3792 2963 3905 3022 sint

2302 3054 2542 3108 omnium
2567 3052 2869 3107 novissimi.
2901 3051 2965 3107 Et
2993 3053 3114 3121 quia
3141 3053 3312 3114 Deus.
3339 3061 3395 3107 ut
3425 3053 3688 3124 benignus
3715 3063 3770 3109 et
3794 3055 3906 3110 cle-

590 3145 706 3215 jam
733 3143 831 3212 fuit
877 3144 930 3197 in
962 3148 1196 3212 steculis,
1245 3167 1362 3220 qua:
1391 3155 1597 3223 [uerunt
1625 3163 1744 3208 ante
1787 3172 1898 3210 nos.
1945 3157 2189 3226 Apertius

2305 3161 2479 3214 mens,
2511 3147 2858 3201 minimarum
2886 3161 3132 3216 quoque,
3166 3154 3221 3200 et
3262 3147 3500 3200 omnium
3544 3146 3902 3217 recordatur,

603 3236 703 3288 hoc
734 3235 1090 3307 Symmachus
1123 3245 1390 3299 transtulit
1416 3263 1428 3300 :
1453 3246 1686 3302 Putasne
1723 3247 1740 3287 τ
1776 3260 1878 3315 est,
1923 3252 2012 3320 qui
2039 3252 2200 3322 possit

597 3327 765 3382 dicere
788 3346 806 3383 :
843 3329 990 3397 Vide,
1018 3334 1111 3386 ltoc
1143 3351 1329 3388 noram
1361 3350 1453 3404 est,
1483 3342 1659 3409 etiam
1689 3342 1882 3411 fectant
1914 3355 1986 3398 est
2013 3347 2066 3398 in
2093 3360 2194 3399 sar-

593 3419 732 3485 culo,
761 3423 899 3488 quod
947 3425 1044 3494 fuit
1080 3435 1199 3480 ante
1245 3445 1356 3482 nos.
1407 3429 1541 3484 Cum
1591 3435 1972 3503 superioribus
2015 3447 2193 3491 autem

594 3517 868 3583 congruit,
903 3518 1044 3585 quod
1088 3519 1216 3574 nihil
1251 3537 1448 3577 novum
1482 3525 1533 3578 in
1578 3527 1782 3580 mundo
1813 3528 1901 3583 ﬂat
1938 3548 1950 3583 :
1985 3544 2086 3583 nco
2126 3531 2194 3584 sit

593 3614 617 3650 8
649 3607 846 3678 aliquis
869 3650 884 3675 ,
937 3611 1026 3680 qui
1058 3614 1227 3682 possit
1277 3617 1563 3686 exsistere,
1593 3630 1646 3676 et
1674 3620 1858 3677 dicere
1883 3661 1900 3688 ,
1929 3637 2057 3677 ecce
2090 3622 2192 3678 hoc

592 3911 606 3965 Ι
659 3849 682 3877 α
729 3840 982 3967 tri/gillo"
1009 3843 1224 3902 dictum.
1253 3845 1540 3906 Terentius
1569 3847 1620 3904 in
1653 3846 1881 3919 Prologo
1915 3847 2183 3912 Eunuchi,

611 3927 704 3967 HEC
755 3929 802 3966 la
845 3928 874 3967 e
928 3932 939 3967 ζ

611 3927 704 3968 HEC
738 3927 900 3968 llaDel
928 3932 939 3968 Ζ

770 4021 967 4095 Ifullum
990 4030 1066 4075 est
1084 4028 1180 4088 jam
1204 4029 1408 4087 dictum,
1432 4031 1558 4092 quod
1583 4044 1678 4080 non
1715 4031 1894 4082 dictum
1920 4035 1986 4082 sit
2019 4035 2178 4095 prius;

772 4085 938 4158 Quare
956 4085 1351 4158 aequiiui‘estu'os
1386 4085 1686 4158 cognoscere
1713 4101 1860 4155 atque
1897 4085 2178 4158 ignoscere,

771 4151 892 4208 Quae
917 4158 1120 4201 veteres
1142 4151 1511 4218 t‘actitaruat,‘si
1531 4155 1712 4207 faciunt
1736 4151 1866 4208 novi.

659 4259 828 4316 Porro
875 4262 926 4316 in
959 4262 1375 4320 Commentariis
1408 4267 1600 4322 Donati
1639 4271 1856 4325 excusis
1889 4286 1998 4326 non
2028 4273 2179 4332 inve-

585 4329 735 4410 nitur
765 4346 976 4410 comma
1009 4335 1152 4410 quod
1181 4337 1549 4410 illicrouymus
1583 4341 1825 4410 replicat.
1863 4342 2015 4396 Unde
2038 4329 2175 4396 Icon-

578 4399 711 4480 jicio
766 4399 1041 4480 Donatunf
1071 4407 1308 4480 dixisse,
1359 4399 1579 4465 Pereunt
1625 4399 1882 4480 quiante,
1918 4424 2022 4466 etc.
2054 4429 2176 4467 cum

584 4471 700 4523 viva
731 4486 863 4526 voce
904 4475 956 4527 in
995 4477 1121 4532 ludo
1155 4471 1546 4537 Grammatices
1581 4471 1740 4537 isimn
1769 4471 1973 4538 Comici
2005 4486 2176 4538 versi-

584 4541 766 4595 culum
799 4560 1115 4611 exponeret.
1147 4549 1414 4606 Maurum.

655 4611 680 4649 ι’
714 4613 869 4668 Pu'at
898 4615 1238 4674 Martianqu
1273 4626 1372 4676 hoc
1413 4623 1479 4676 de
1510 4639 1605 4678 ore
1629 4624 1828 4679 dictum
1856 4640 1884 4678 a
1920 4625 2125 4678 Donato

581 4699 701 4737 cum
731 4684 782 4742 ἱί
816 4687 932 4752 ejus
959 4689 1374 4747 Comtttentztt‘iis
1407 4695 1536 4748 nihil
1569 4697 1744 4750 simile
1785 4697 2035 4750 invenire
2080 4671 2170 4751 sit:
2206 4666 2252 4726 D

579 4754 833 4811 Fortasse
858 4773 1036 4812 autem
1067 4762 1248 4842 verius
1284 4782 1478 4842 novum
1513 4783 1575 4842 ex
1603 4768 1700 4821 hoc
1735 4769 2172 4842 locoargtmten-

582 4836 689 4902 tum
719 4839 990 4902 peteretur
1016 4832 1081 4886 ad
1117 4836 1473 4902 probandum,
1505 4832 2088 4894 Commentarins'illos
2119 4843 2170 4895 iii

579 4899 808 4967 vulgatis
851 4899 1138 4958 itodieuum
1173 4907 1322 4962 libris
1349 4899 1518 4963 ttianc-
1545 4925 1570 4963 s
1601 4925 1722 4964 esse
1753 4920 1807 4965 et
1841 4913 2077 4965 mutilos.

656 4980 676 5006 ο
724 4969 844 5052 [ιερὲ
867 4975 918 5052 in
940 4977 1162 5052 quodam
1199 4977 1350 5031 libro.
1385 4979 1636 5050 Origenis
1667 4981 1858 5052 dngtlttt
1884 4982 2024 5048 apud
2055 4984 2174 5037 0Γὶ-

584 5055 775 5124 Rettettt
811 5045 1008 5125 legisse
1059 5048 1168 5125 lib._
1200 5064 1237 5125 tt
1265 5054 1384 5125 περὶ
1413 5045 1612 5123 Ἆρ’χῶν
1657 5045 1767 5106 non
1803 5045 2027 5107 dubium
2057 5065 2170 5120 est;

582 5127 702 5194 Qui"
725 5112 777 5166 in
800 5112 1025 5194 epistola
1053 5119 1116 5168 ad
1145 5112 1356 5194 Avittttii
1385 5112 1618 5194 testa-LIII'
1641 5125 1778 5179 idem
1805 5112 2170 5194 Hieronymus;

576 5181 864 5253 Origenem
897 5186 1120 5240 abusum
1174 5190 1339 5243 tuisse
1392 5191 1492 5243 hoc
1536 5193 1878 5249 Ecclesiaste
1928 5181 2172 5250 tesiimo-

580 5256 689 5334 nio,
723 5263 778 5305 ιιι
823 5258 1078 5334 probaret
1124 5260 1269 5334 quod
1307 5269 1434 5316 ante
1468 5265 1722 5319 tahricatn
1768 5267 1921 5319 istius
1950 5268 2166 5334 mundi,

577 5324 664 5400 alii
721 5325 906 5400 mundi
961 5328 1010 5380 iu
1063 5324 1347 5400 pri-teritis
1406 5337 1617 5390 srcculis
1659 5338 1876 5391 fuerint.
1930 5324 2170 5393 Consule

576 5397 887 5477 epistolam,
913 5413 1032 5468 quin
1064 5397 1297 5473 incipit:
1338 5405 1468 5459 Ante
1508 5424 1671 5462 annos
1723 5408 1928 5461 circiter
1969 5409 2168 5477 decent,

578 5478 683 5519 etc.
713 5466 981 5524 Mauri/ts.

649 5539 1122 5617 T—Qt-tamqttttmin
1146 5555 1389 5614 promptu
1411 5547 1700 5617 sitopinuri
1727 5547 1918 5602 lihrum
1950 5548 2166 5604 tertium

572 5604 834 5690 Origenis
851 5604 972 5690 ῖτεβξ
1000 5604 1204 5690 ᾋρχῶν
1235 5604 1354 5685 cap.
1405 5618 1438 5672 5
1478 5604 1622 5671 in'uui
1648 5661 1660 5678 .
1699 5621 1854 5684 cujus
1904 5619 2080 5672 locum
2113 5620 2166 5674 in

572 5677 875 5754 epis_t.5124
902 5677 967 5734 ad
999 5677 1240 5745 Avit'um,
1293 5677 1437 5742 num.
1474 5692 1526 5754 9,
1557 5677 1808 5751 adducit.
1842 5697 1896 5743 ct
1927 5690 2170 5744 luculen-

570 5752 652 5813 ιρν
684 5746 963 5819 impugnat
1011 5754 1068 5808 S.
1111 5757 1325 5822 doctor;
1359 5761 1410 5814 iit
1452 5746 1571 5815 ea'm
1618 5746 1806 5816 tamen
1841 5761 2164 5816 sententiain

2301 3241 2384 3295 his
2415 3241 2504 3310 qui
2536 3249 2754 3308 propter
2780 3239 2966 3294 vitium
3017 3253 3174 3292 suum
3209 3238 3486 3293 novissimi
3528 3255 3653 3293 esse
3685 3255 3904 3296 merue-

2299 3343 2446 3397 runt,
2480 3346 2586 3387 non
2626 3341 2824 3386 tantum
2853 3329 3002 3384 dahit
3034 3331 3285 3400 gloriam,
3312 3341 3569 3401 quantam
3616 3333 3698 3386 his
3723 3333 3811 3403 qui
3841 3347 3901 3388 se

2301 3426 2649 3481 humiliautes
2681 3423 2956 3478 novissimi
2987 3423 3039 3479 in
3064 3423 3266 3478 mundo
3294 3438 3416 3480 esse
3449 3424 3759 3480 voluerunt.
3809 3425 3900 3480 Di-

2296 3522 2435 3574 citur
2459 3520 2640 3587 itaque
2667 3529 2719 3572 et
2751 3518 2804 3572 in
2839 3517 3299 3586 consequentibus
3331 3534 3344 3570 :
3377 3516 3493 3572 Non
3520 3526 3597 3572 est
3644 3519 3897 3575 memoria

2300 3614 2312 3662 i
2353 3612 2600 3683 sapientis
2625 3627 2743 3666 cum
2767 3610 3000 3668 δικαιοῦτε
3019 3619 3292 3665 (etei-num.

2291 3841 2492 3904 iamdiu
2523 3839 2671 3914 (ιιῑη)⁸
2703 3847 3088 3914 concesserant
3137 3846 3191 3892 et
3241 3837 3451 3914 Hehrmi
3481 3839 3728 3914 quidam,
3758 3856 3892 3914 quos

2285 3904 2354 3970 vlt.
2410 3913 2583 3967 Moses
2628 3909 2978 3963 Maimouidcs
3024 3921 3286 3964 memorat
3331 3910 3422 3970 lib.
3478 3904 3553 3979 ti,
3589 3904 3743 3969 More
3777 3904 3894 3969 ’Νε-

2284 3986 2485 4039 vochiu.

2357 4061 2380 4092 α
2423 4055 2662 4108 Vatican.
2692 4062 2970 4123 antequam
3000 4052 3082 4106 sol
3116 4053 3297 4120 ﬁeret,
3325 4069 3484 4124 quam
3517 4055 3806 4112 lectionem
3837 4067 3891 4114 et

2284 4129 2560 4183 Palatinus
2591 4127 2729 4179 alter
2757 4124 2988 4182 reduxit.
3026 4124 3208 4188 priore
3235 4136 3523 4193 eXpuncta.

2358 4211 2380 4236 (³
2400 4199 2504 4253 Sed
2529 4196 2843 4255 excluditur,
2887 4203 2992 4248 etc.
3020 4195 3075 4248 In
3105 4197 3380 4250 veteribus
3408 4198 3743 4252 editionibns
3781 4199 3889 4254 alio

2286 4271 2446 4325 modo
2488 4269 2710 4331 legitur;
2753 4280 2966 4335 nempe,
3004 4265 3112 4320 Sed
3163 4265 3260 4320 hac
3310 4268 3606 4323 excluditur
3645 4270 3883 4336 ratione,

2282 4342 2421 4412 quod
2452 4344 2776 4412 etjumenta,
2813 4349 2920 4412 etc.
2957 4337 3232 4412 Matt'rttttt,

2359 4411 2378 4451 τ
2410 4409 2547 4466 Hinc
2577 4410 2802 4476 colligas
2842 4410 3022 4476 priora
3055 4409 3216 4472 hujus
3243 4411 3496 4465 vetsiculi
3532 4411 3722 4466 Graeca
3765 4428 3884 4468 ver-

2285 4483 2369 4546 ba.
2398 4499 2519 4552 qua:
2547 4493 2816 4552 tamquam
2843 4479 3160 4552 Symmachi
3185 4481 3236 4531 iu
3268 4481 3399 4535 edit.
3431 4483 3584 4535 Rom.
3609 4490 3714 4538 τῶν
3745 4483 3883 4539 LXX

2280 4547 2664 4609 adducuntur:
2700 4549 2801 4629 ἄρα
2843 4547 2952 4629 ﬁeri
2998 4572 3059 4629 re
3087 4547 3111 4604 ὃ
3144 4553 3248 4629 ἐρεῖ
3283 4575 3360 4614 τις
3384 4595 3397 4618 ,
3434 4552 3591 4629 Estne
3633 4555 3879 4629 aliqtid,

2280 4629 2418 4694 quod
2446 4627 2577 4678 dicet
2608 4623 2743 4689 quis,
2773 4634 2876 4695 etc.
2905 4623 3129 4695 alterius
3153 4623 3180 4675 :i
3206 4625 3536 4694 Symmacho
3561 4623 3881 4695 interpretis

2282 4712 2425 4758 esse.
2459 4709 2512 4752 et
2541 4696 2784 4749 fortassis
2814 4694 3043 4760 Aquilae.
3262 4706 3269 4712 ·

2356 4778 2380 4814 s
2417 4771 2528 4822 Duo
2561 4767 2786 4821 Palatini
2811 4807 2826 4830 ,
2859 4781 2948 4816 nec
2976 4766 3040 4816 sit
3081 4763 3282 4837 aliquid
3303 4809 3315 4828 ,
3346 4768 3486 4837 quod
3515 4769 3675 4837 possit
3717 4770 3881 4824 enis-

2283 4851 2387 4892 tere
2405 4884 2416 4903 ,
2447 4848 2552 4893 etc.

2355 4909 2377 4946 ¹¹
2414 4910 2578 4965 iidem
2614 4918 2667 4961 et
2701 4905 2898 4969 Vatic.,
2923 4905 3108 4977 facient
3142 4905 3236 4961 Dei
3265 4923 3284 4960 :
3310 4909 3592 4965 mendose.

2363 4980 2373 5018 ί
2424 4981 2545 5034 Νοη
2571 4990 2642 5033 est
2663 4979 2910 5033 memoria
2940 4978 3140 5052 primis.
3171 4979 3384 5052 Nullum
3413 4984 3703 5052 veStigittm
3728 4981 3880 5037 Grat-

2281 5069 2466 5106 coruni
2499 5052 2808 5110 verborum,
2844 5065 2962 5115 qtte
2995 5049 3080 5101 hic
3111 5049 3254 5118 apud
3283 5049 3581 5112 Erasmuni
3604 5066 3654 5108 et
3683 5054 3876 5108 Maria-

2283 5141 2407 5178 num
2439 5125 2705 5191 leguntur,
2739 5121 2982 5193 invenire
3011 5120 3160 5193 politi
3194 5121 3248 5174 in
3283 5138 3415 5174 mss.
3450 5124 3757 5189 eodictbtts,
3787 5130 3877 5193 qui

2277 5203 2455 5250 tamen
2494 5189 2813 5248 constanter
2844 5189 3084 5244 retinent
3111 5189 3332 5246 Gia'CaS
3359 5194 3622 5248 lectiones
3645 5189 3876 5250 aliorum

2277 5266 2516 5320 locorum
2555 5272 2609 5317 et
2650 5261 3068 5332 priecetlentiutn
3124 5270 3178 5315 et
3205 5269 3676 5332 consequi-utinm.
3723 5266 3876 5322 Unde

2277 5335 2716 5391 manircuis‘ime
2763 5341 2992 5401 apparet
3042 5334 3202 5405 solita
3255 5337 3564 5390 temeritate
3591 5339 3878 5405 scriptoris

2275 5409 2503 5476 alicujus
2519 5407 2832 5460 rccentioris
2860 5405 3039 5457 addita
3069 5404 3232 5458 fuisse
3250 5405 3438 5460 Grteca
3459 5411 3623 5462 verba
3652 5404 3876 5464 iuCom-

2278 5489 2446 5533 ment.
2476 5478 2920 5549 llieronyiuiztnn,
2969 5485 3132 5549 atque
3157 5492 3188 5530 e
3227 5478 3500 5545 corruptis
3546 5481 3879 5549 exemplari-

2278 5550 2376 5604 bus
2398 5550 2617 5603 ﬂuxisse
2666 5548 2714 5602 in
2747 5549 3039 5602 editionem
3073 5548 3467 5619 Erasinianatn,
3503 5553 3661 5619 cujus
3717 5569 3874 5607 erro-

2275 5636 2362 5675 res
2400 5622 2642 5674 imitatur
2680 5623 2878 5687 smptus
2907 5619 3177 5674 Marianus
3208 5616 3482 5674 Victorius
3513 5616 3727 5676 lirasmi
3758 5640 3881 5686 cas.-

2277 5694 2492 5761 tigator.
2523 5692 2792 5746 Maurus.

2350 5765 2363 5812 i
2397 5763 2554 5818 Tres.
2590 5777 2747 5828 mss.,
2782 5762 3024 5832 sapienti.
3057 5760 3192 5841 Vide
3217 5760 3355 5817 infra
3388 5763 3440 5817 in
3463 5778 3588 5836 cap.
3618 5765 3672 5831 2,
3703 5781 3753 5821 ς’.
3791 5767 3881 5845 16,
