3998 6398
1799 266 1859 324 S.
1900 263 2174 326 EUSEBII
2212 264 2593 324 HIERONYMI
3798 256 3923 313 ﬂii

2312 380 2468 453 (Cap.
2513 380 2603 453 ll.)
2628 379 2749 435 Dixi
2779 396 2873 451 ego
2898 380 2953 433 in
2975 381 3127 435 corde
3156 395 3308 435 meo:
3348 378 3489 434 Veni
3516 394 3720 444 nunc,
3760 383 3923 429 tenta

2248 475 2311 530 bo
2334 484 2382 529 le
2405 474 2459 529 in
2489 474 2688 542 ltetitia,
2720 482 2767 529 et
2783 473 2962 528 videbo
2986 475 3038 527 in
3060 472 3193 529 bono
3213 489 3233 528 :
3255 482 3303 528 et
3327 490 3451 528 ecce
3474 474 3657 529 etiam
3693 469 3825 523 hoc
3848 483 3919 519 ss-

2250 572 2403 625 nitas.
2435 570 2728 639 Postquam
2777 570 2829 625 in
2860 569 3207 625 multitudine
3253 569 3557 638 sapientia:
3588 578 3663 625 et.
3721 566 3919 632 adies.

2248 661 2397 718 tione
2429 662 2692 729 scientiae,
2718 663 2955 719 laborem
2981 674 3031 718 et
3055 662 3305 719 dolorem
3328 677 3458 719 esse
3493 657 3918 734 deprehendi,

2248 764 2302 811 et
2329 754 2463 809 nihil
2493 756 2675 821 aliud,
2728 756 2830 810 nisi
2886 771 3102 811 cassum
3143 765 3199 811 et
3243 757 3367 812 sine
3409 758 3526 812 line
3558 767 3918 817 certamen,

2250 850 2498 906 transtuli
2531 867 2617 905 me
2659 851 2723 905 ad
2756 851 3022 919 lanitiam,
3057 861 3112 906 ttt
3143 850 3275 907 luxu
3328 852 3602 920 nitorem,
3640 864 3916 920 congre-

2247 960 2435 1017 garem
2467 961 2619 1017 opes,
2644 946 2809 1018 396
2851 945 3057 1000 divitiis
3087 945 3454 1003 abundarem.
3491 956 3553 1002 et
3592 946 3917 1017 perituras

2248 1041 2557 1111 voluptates
2579 1056 2855 1110 caperem,
2905 1050 3197 1111 antequam
3228 1057 3509 1098 morerer.
3559 1041 3683 1098 Sed
3751 1048 3823 1094 et
3868 1040 3967 1105 ia}

2251 1134 2356 1190 hoc
2383 1137 2679 1191 vanitatem
2715 1150 2890 1190 meam
2940 1135 3059 1204 ipse
3092 1136 3377 1209 perspexi,
3410 1136 3550 1191 dum
3585 1133 3916 1207 praeterita
3962 1112 3973 1183 ἱ

2249 1231 2499 1298 voluptas
2529 1241 2853 1299 prmsentem
2904 1242 3010 1283 non
3036 1228 3302 1298 juvat,et
3324 1229 3609 1285 exhausta
3648 1244 3786 1283 non
3822 1241 3915 1281 sa-

2250 1324 2367 1376 tiat.
2394 1321 2507 1376 Non
2529 1321 2703 1375 Solum
2749 1328 2929 1376 autem
2956 1320 3259 1390 corporalis
3309 1322 3531 1390 laetitia,
3568 1321 3672 1377 sed
3713 1319 3912 1376 etiam

2249 1415 2547 1487 spiritualis
2576 1425 2660 1471 est
2689 1417 2919 1470 tentatio
2968 1415 3290 1483 possidenti,
3324 1425 3383 1471 ut
3412 1415 3699 1487 indigeam
3764 1429 3911 1469 cor»

2253 1510 2486 1580 ripiente
2512 1524 2599 1563 me
2654 1508 2903 1575 stimulo,
2936 1517 2993 1562 et
3020 1508 3215 1579 angelo
3242 1507 3478 1574 Satante,
3526 1508 3628 1579 qui
3654 1523 3767 1564 me
3804 1521 3909 1562 co—

548 1600 648 1656 sed
680 1601 763 1655 his
814 1601 915 1673 qui,
934 1602 1159 1656 fuerunt
1202 1614 1329 1656 aute
1359 1616 1419 1657 se
1450 1602 1506 1657 in
1537 1602 1861 1657 Jerusalem.
1896 1604 2148 1673 Legimus
2252 1602 2511 1671 laphizt't,
2536 1619 2601 1657 ne
2624 1601 2808 1657 elever
2838 1600 2905 1673 (ll
2926 1598 3045 1656 Cor.
3067 1618 3168 1668 xu,
3189 1600 3266 1673 7).
3296 1602 3445 1659 Unde
3460 1614 3510 1657 ct
3536 1602 3855 1660 Salomon
3888 1622 3899 1651 ;

550 1704 604 1749 ct
634 1694 685 1748 itt
716 1693 1031 1766 Regnorum
1061 1696 1239 1763 libris,
1268 1696 1452 1750 multa!
1485 1697 1771 1766 sapientia:
1803 1697 1969 1753 fuis>e
1994 1696 2148 1753 Salo-
2252 1692 2492 1761 Divitias,
2529 1695 2723 1763 inquit,
2752 1704 2798 1748 et
2832 1705 3186 1765 paupertatem
3208 1711 3267 1749 ne
3285 1696 3481 1749 dederis
3506 1694 3905 1767 milti(Pror.

549 1801 789 1852 manem,
820 1786 981 1859 395
1008 1787 1191 1843 ethoc
1214 1802 1244 1842 a
1273 1787 1385 1842 Deo
1408 1787 1611 1843 donum
1646 1805 1758 1859 prze
1784 1790 2000 1844 caeteris
2021 1804 2145 1860 pos-
2178 1782 2222 1841 Β
2252 1804 2355 1843 xxx
2387 1830 2401 1855 ,
2451 1787 2507 1860 8)
2545 1805 2557 1842 :
2603 1787 2910 1858 Statimque
2940 1787 3181 1843 subdidit
3210 1805 3222 1840 :
3253 1786 3331 1841 Ne
3354 1789 3572 1841 satiatus
3614 1789 3913 1841 menda:

553 1878 776 1931 tulasse.
826 1878 1011 1933 Mundi
1040 1892 1173 1949 ergo
1231 1880 1413 1934 cordis
1442 1880 1629 1935 oculus
1679 1880 1904 1934 multam
1934 1881 2150 1950 Sapien-
2253 1881 2418 1949 ﬁam;
2450 1889 2497 1933 et
2523 1878 2714 1948 dicant,
2744 1882 2858 1950 quis
2903 1897 2983 1935 me
3026 1881 3267 1952 conspicit
3312 1877 3497 1953 (lbid.,
3527 1879 3626 1951 9)?
3654 1880 3906 1950 Siqui-

546 1968 676 2024 tiam
703 1982 756 2024 et
785 1972 1069 2025 scientiam
1101 1982 1424 2035 contuetur;
1471 1975 1597 2043 quia
1628 1989 1735 2028 non
1768 1973 1843 2028 ait
1880 1994 1892 2026 :
1922 1974 2144 2030 Multam
2253 1972 2377 2028 dem
2406 1983 2459 2028 et
2484 1973 2732 2028 diabolus
2762 1989 2857 2043 per
2878 1972 3146 2028 bonorum
3178 1972 3559 2026 abundantiam
3576 1971 3895 2026 concidit.

550 2062 872 2130 sapientiam
923 2073 977 2118 et
1026 2064 1311 2119 scientiam
1355 2081 1476 2120 sum
1511 2067 1741 2132 locutus;
1774 2066 1893 2132 sed,
1928 2066 2148 2122 Multam
2255 2065 2409 2122 Unde
2436 2074 2490 2120 et
2519 2066 2571 2120 itt
2604 2067 2865 2135 Apostolo
2897 2065 3164 2135 scriptum
3208 2076 3289 2120 est
3320 2081 3332 2117 :
3371 2062 3451 2118 Ne
3476 2064 3531 2117 in
3553 2066 3893 2135 superbiam

548 2158 872 2227 sapientiam
923 2167 978 2212 et
1030 2159 1317 2213 scientiam
1346 2159 1482 2215 vidit
1507 2175 1603 2215 eor
1628 2176 1831 2215 meum.
1858 2161 1972 2216 Non
2002 2162 2146 2217 enim
2254 2164 2440 2229 elatus,
2482 2164 2538 2217 in
2573 2163 2835 2237 judicium
2886 2162 3078 2216 incidat
3119 2161 3311 2215 diaboli
3340 2159 3383 2231 (l
3413 2158 3551 2214 Tim.
3579 2162 3665 2224 ni,
3690 2158 3780 2231 6),
3828 2158 3894 2213 id

552 274 693 330 1025

544 388 648 445 bus
674 405 770 461 per
816 387 1192 459 paenitentiam
1243 386 1299 440 in
1330 385 1602 454 integrum
1648 383 1920 440 restitutis
1942 426 1956 450 ,
1989 384 2135 440 solus
2160 381 2214 443 Α

549 482 796 538 diabolus
828 481 879 536 in
932 495 1032 536 suo
1076 480 1422 551 permanebit
1465 494 1676 535 errore.
1710 479 1915 536 Cuncta
1970 480 2138 547 enim,

544 592 669 649 qua:
697 576 799 631 sub
848 575 967 631 sole
997 576 1137 630 facta
1192 585 1342 642 sunt,
1373 575 1521 631 illius
1574 574 1804 631 arbitrio
1850 584 1908 631 et
1951 575 2142 645 spiritu

546 669 899 742 malignitatis
943 684 1132 725 eversa
1165 680 1313 735 sunt,
1362 669 1489 723 dum
1534 668 1601 723 ad
1652 669 1773 739 ejus
1826 666 2141 724 instinctum

547 763 785 833 peccatis
827 774 1049 830 peccata
1094 761 1463 817 cumulantur.
1502 760 1770 833 Denique,
1810 760 2016 816 Tantus
2060 770 2145 817 est

546 871 812 913 numerus
842 856 1190 912 seductorum
1239 867 1293 912 et
1318 870 1507 911 eorum
1531 857 1619 927 qui
1653 858 1721 912 de
1768 871 1932 927 grege
1961 857 2143 912 Domi-

484 932 491 938 .
548 950 604 1007 ni
627 951 696 1005 ab
725 965 792 1006 eu
824 950 963 1021 rapti
992 959 1141 1017 sunt,
1171 960 1228 1004 ut
1254 950 1647 1021 supputatione
1672 965 1781 1004 non
1811 960 1975 1020 queat
1996 965 2143 1006 com-

551 1043 840 1115 prehendi.

625 1136 848 1191 Locutus
879 1152 993 1191 sum
1018 1152 1111 1206 ego
1142 1153 1259 1191 cum
1296 1136 1451 1191 corde
1483 1152 1618 1204 meo,
1651 1136 1825 1191 dicens
1850 1154 1867 1191 :
1898 1135 2034 1191 Ecce
2053 1153 2145 1206 ego

550 1230 919 1299 magnificatus
966 1246 1099 1289 sum.
1123 1238 1174 1285 et
1195 1228 1367 1300 adjeci
1414 1230 1721 1298 sapientiam
1762 1247 1916 1303 super
1947 1248 2142 1299 omnes,

547 1323 636 1391 qui
665 1322 871 1391 fuerunt
918 1331 1036 1375 ante
1059 1338 1139 1376 me
1181 1323 1235 1375 in
1280 1320 1597 1389 Jerusalem,
1622 1331 1669 1376 et
1714 1340 1803 1376 cor
1822 1339 1989 1377 meum
2019 1322 2148 1377 vidit

550 1416 770 1469 multam
800 1416 1110 1485 sapientiam
1166 1424 1213 1468 et
1258 1417 1541 1471 scientiam.
1574 1416 1889 1487 Sapientior
1919 1417 2018 1471 fuit
2048 1416 2148 1472 Sa-

549 1506 755 1573 lomon,
785 1523 891 1561 non
925 1508 1227 1574 Abraham,
1275 1518 1326 1563 et
1359 1508 1561 1580 Moyse,
1591 1518 1647 1563 et
1670 1511 1883 1565 caneris
1904 1509 2146 1577 Sanctis,

553 2264 841 2321 possumus
868 2251 1055 2323 eloqui
1082 2253 1285 2319 omnia,
1319 2268 1440 2324 quze
1465 2255 1755 2310 sentimus.

630 2344 694 2398 Et
722 2347 840 2400 dedi
889 2362 979 2399 cor
999 2363 1190 2415 meum,
1224 2359 1278 2401 ut
1308 2364 1509 2402 nossent
1557 2350 1867 2417 sapientiam
1908 2358 1956 2404 et
1986 2351 2145 2404 scien-

553 2438 700 2502 tiam,
725 2454 919 2493 errores
949 2447 995 2492 et
1014 2439 1282 2493 stultitiam
1312 2442 1566 2512 :cognovi
1590 2444 1711 2511 quia
1738 2453 1785 2497 et
1812 2444 1908 2498 hoc
1933 2454 2007 2499 est
2036 2461 2152 2513 pas-

554 2528 624 2582 tio
646 2535 800 2598 uenti,
835 2532 952 2587 sive
974 2534 1309 2604 praesumptio
1335 2535 1575 2607 spiritus.
1610 2535 1915 2591 Contrariis
1943 2546 2155 2592 eontra-

556 2621 632 2676 ria
664 2623 1059 2695 intelliguntur.
1092 2626 1159 2680 Et
1181 2630 1446 2695 sapientia
1474 2630 1645 2697 prima
1670 2638 1777 2696 est,
1803 2629 2029 2684 stultitia
2059 2643 2153 2682 ca-

555 2714 753 2770 ruisse.
788 2716 1029 2772 Stultitia
1069 2728 1255 2774 autem
1284 2734 1473 2775 carere
1501 2737 1607 2775 non
1657 2731 1858 2790 potest,
1913 2722 2017 2777 nisi
2060 2721 2150 2792 qui

557 2808 889 2865 intellexerit
926 2826 1068 2865 eam.
1098 2810 1251 2868 Unde
1299 2821 1354 2868 et
1408 2813 1638 2883 plurima
1672 2815 1723 2868 iu
1772 2815 1938 2870 rebus
1992 2814 2154 2868 noxia

557 2908 683 2954 sunt
709 2911 915 2967 creata,
943 2913 1000 2956 ut
1031 2901 1161 2959 dum
1186 2905 1419 2958 vitamus
1462 2920 1549 2972 ea,
1582 2905 1648 2960 ad
1678 2906 1998 2975 sapientiam
2024 2921 2153 2960 eru-

560 2989 795 3045 diamur.
822 2992 1067 3063 rEqualis
1094 3011 1225 3067 ergo
1253 2998 1415 3054 studii
1456 2998 1556 3053 fuit
1578 2997 1858 3055 Salomoni
1890 2999 2032 3053 scire
2069 3015 2154 3053 sa-

560 3080 817 3151 pientiam
848 3095 900 3138 et
930 3087 1237 3155 scientiam,
1283 3100 1339 3145 et
1368 3105 1399 3146 e
1430 3091 1655 3162 regione
1697 3106 1915 3146 errores
1940 3102 1995 3146 et
2020 3092 2157 3147 stul-

2254 2265 2356 2317 est,
2387 2257 2441 2311 in
2471 2256 2575 2311 tale
2602 2254 2888 2325 judicium,
2917 2256 2968 2309 in
3014 2270 3124 2325 quo
3160 2254 3325 2308 etiam
3359 2253 3618 2308 diabolus
3647 2253 3886 2308 incidit.

2255 2347 2363 2405 Sed
2400 2357 2455 2402 et
2506 2347 2609 2402 hoc
2650 2362 2937 2419 possumus
2964 2345 3169 2412 dicere,
3205 2355 3498 2417 propterea
3532 2360 3682 2401 nunc
3723 2344 3887 2399 leti-

2258 2440 2385 2494 tiam
2409 2439 2767 2509 spiritualcm,
2797 2438 2939 2493 sicut
2960 2447 3016 2493 et
3036 2445 3257 2499 caetera,
3286 2437 3593 2491 vanitatem
3620 2451 3887 2507 pronun-

2255 2534 2397 2599 tiari,
2430 2534 2571 2605 quod
2603 2549 2697 2604 per
2727 2533 3003 2601 Speculum
3031 2546 3149 2586 eam
3200 2530 3486 2585 videamus
3514 2539 3572 2586 et
3624 2532 3679 2586 in
3732 2531 3886 2585 aeni-

2256 2639 2456 2701 gmate.
2490 2629 2622 2685 Cum
2674 2637 2855 2683 autem
2887 2628 3022 2683 faeie
3051 2626 3119 2681 ad
3150 2626 3342 2681 faciem
3396 2626 3561 2681 fuerit
3586 2625 3883 2691 revelata,

2259 2731 2387 2778 tunc
2416 2737 2534 2778 eam
2589 2735 2925 2791 nequaquam
2956 2720 3273 2786 vanitatem,
3319 2719 3418 2775 sed
3448 2719 3745 2776 veritatem
3775 2734 3889 2774 vo-

2258 2828 2391 2871 eart.

2330 2908 2482 2965 Risui
2507 2910 2617 2964 dixi
2644 2910 2925 2963 amentiam
2955 2950 2968 2974 ,
2991 2916 3041 2962 et
3077 2908 3403 2979 jocunditati
3426 2950 3441 2976 ,
3472 2909 3601 2979 quid
3632 2910 3732 2963 hoc
3785 2913 3883 2981 fa-

2260 3005 2371 3059 cis?
2402 3004 2500 3059 Uhi
2560 3019 2659 3058 nos
2712 3003 2988 3058 amentiam
3020 3002 3282 3071 legimus,
3316 3000 3370 3056 in
3405 3001 3645 3057 Hebraeo
3700 3001 3887 3057 habet

2261 3114 2437 3155 item.
2465 3076 2857 3169 (SBa-immoti
2888 3097 3083 3166 Aquila
3107 3097 3377 3164 πλάνησιν,
3406 3096 3459 3150 id
3490 3106 3886 3161 est,errorem:

561 3173 733 3227 titiam
771 3193 783 3229 :
816 3184 874 3228 ut
916 3176 968 3229 in
1002 3178 1124 3233 aliis
1154 3181 1477 3250 appetendis
1530 3190 1587 3237 et
1630 3182 1755 3236 aliis
1796 3181 2154 3249 declinandis,
2186 3172 2233 3237 C
2264 3191 2623 3264 Symmachus
2651 3193 2886 3268 θόρυϐον,
2933 3190 3037 3245 hoc
3064 3198 3168 3254 ρει,
3199 3190 3499 3254 tumultum,
3535 3190 3886 3259 ima-prela-

558 3283 686 3323 vera
719 3269 841 3339 ejus
874 3271 1138 3341 sapientia
1172 3276 1514 3344 probaretur.
1547 3276 1655 3332 Sed
1687 3277 1741 3331 in
1777 3276 1881 3332 hoc
1912 3294 2155 3349 quoque,

562 3372 620 3418 ut
647 3363 699 3418 iu
731 3366 967 3428 caeteris,
993 3365 1122 3421 dicit
1150 3370 1364 3436 pavisse
1390 3383 1450 3423 se
1478 3378 1698 3437 ventos,
1728 3382 1783 3425 et
1812 3385 1921 3425 non
1955 3370 2159 3426 valuis-

558 3472 621 3513 se
664 3457 958 3528 perfectam
1010 3460 1482 3532 comprehendere
1529 3464 1851 3521 veritatem.»
1894 3465 1969 3521 De
2021 3480 2161 3536 prte-

560 3553 868 3622 sumptione
891 3553 1133 3623 Spiritus,
1163 3556 1278 3611 sive
1307 3556 1555 3625 pastione
1578 3558 1743 3625 venti,
1771 3567 1797 3595 ει
1819 3574 1940 3629 quae
1963 3560 2161 3629 sapius

560 3643 613 3699 iu
645 3644 748 3699 hoc
791 3646 928 3701 libro
954 3646 1177 3713 dicitur,
1208 3663 1372 3719 supra
1403 3648 1733 3705 disseruisse
1759 3650 2014 3706 sufficiat.

638 3742 772 3809 Quia
798 3743 854 3796 in
895 3744 1232 3799 multitudine
1270 3746 1558 3816 sapientior,
1612 3747 1891 3801 multitudo
1921 3748 2161 3818 furoris:

563 3844 610 3890 et
636 3836 723 3905 qui
746 3837 965 3904 apponit
993 3838 1280 3904 scientiam,
1299 3841 1512 3912 apponit
1534 3840 1787 3895 dolorem.
1812 3840 2024 3909 Quanto
2050 3856 2161 3895 ma-

564 3927 647 3995 gis
672 3930 794 3997 quis
834 3929 1162 3998 sapientiam
1204 3931 1370 3987 fuerit
1411 3944 1747 3989 consecutus
1778 3976 1791 3999 ,
1844 3943 1997 3989 tanto
2044 3936 2164 4003 plus

563 4018 871 4085 indignatur
900 4023 1188 4092 subiacere
1234 4028 1379 4081 vitiis
1404 4071 1418 4094 ,
1468 4038 1523 4082 et
1563 4028 1753 4099 procul
1792 4043 1913 4083 esse
1937 4045 1964 4080 a
1994 4030 2165 4083 virtu-

560 4113 708 4167 tibus
735 4156 749 4180 ,
780 4130 916 4185 quas
962 4118 1191 4187 requirit
1232 4118 1389 4191 (Sap.
1436 4136 1521 4188 vt,
1567 4121 1644 4193 7).
1694 4121 1827 4189 Quia
1859 4131 2038 4177 autem
2071 4136 2166 4191 po-

564 4215 741 4261 tentes
788 4218 1040 4278 potenter
1093 4221 1365 4267 tormenta
1416 4214 1689 4283 patientur
1719 4260 1733 4283 ,
1791 4216 1989 4286 cuique
2044 4215 2165 4285 plus

564 4301 806 4355 creditur
836 4343 851 4368 ,
902 4303 1025 4373 plus
1047 4305 1283 4373 exigitur
1329 4307 1398 4361 ah
1444 4322 1549 4374 eo,
1598 4318 1888 4379 prapterea
1940 4309 2165 4378 apponit

566 4390 809 4447 dolorem
844 4439 857 4461 ,
914 4399 1005 4466 qui
1064 4402 1289 4471 apponit
1337 4402 1667 4467 scientiam,
1714 4411 1769 4457 et
1809 4405 2166 4458 centristatur

568 4497 803 4539 mmrore
854 4490 1152 4545 secundum
1200 4493 1416 4561 Deum,
1472 4495 1725 4565 doletque
1780 4510 1941 4565 super
1995 4496 2166 4551 delic-

2265 3283 2462 3339 tisunt.
2496 3283 2847 3354 Septuaginta
2878 3296 3026 3347 vero,
3050 3279 3451 3343 etTheodotio,
3485 3279 3631 3335 sicut
3664 3281 3721 3335 in
3749 3280 3884 3351 plu-

2264 3378 2413 3432 ribus
2443 3376 2579 3431 locis
2608 3418 2621 3441 ,
2652 3375 2724 3429 ita
2777 3385 2833 3430 et
2884 3376 2937 3429 in
2970 3374 3073 3430 hoc
3118 3387 3338 3443 quoque
3391 3372 3738 3429 concordant
3768 3416 3787 3439 ,
3822 3385 3883 3430 et

2265 3468 2666 3524 transtulerunt
2683 3470 2990 3543 περιφορὰν,
3009 3480 3170 3536 quam
3198 3480 3319 3531 nos,
3342 3466 3571 3520 verbum
3595 3465 3666 3520 de
3700 3466 3880 3521 verba

2268 3562 2663 3632 exprimentes,
2695 3556 3138 3613 circumlationem
3168 3572 3460 3628 possumus
3490 3557 3705 3614 dicere.
3725 3557 3882 3626 Quo-

2265 3656 2428 3711 modo
2456 3654 2618 3725 igitur
2678 3652 2753 3717 hi,
2805 3654 2897 3723 qui
2931 3653 2953 3682 °
2986 3650 3444 3707 circumferuntur
3496 3652 3649 3706 omni
3703 3662 3881 3707 vento

2264 3748 2548 3813 doctrinm,
2602 3745 2881 3801 instabiles
2925 3753 3074 3813 sunt,
3125 3756 3176 3798 et
3226 3745 3277 3797 in
3336 3743 3554 3800 diversa
3601 3743 3880 3800 fluctuant

2271 3839 2491 3913 (Epltes.
2526 3855 2600 3905 tv,
2632 3841 2721 3907 14)
2757 3857 2768 3893 :
2801 3840 2881 3893 sic
2908 3840 2997 3909 qui
3032 3838 3127 3892 illo
3178 3837 3290 3891 risu
3318 3837 3678 3904 cachinnant,
3706 3855 3875 3909 quem

2267 3934 2531 3988 Dominus
2562 3935 2615 3986 in
2650 3931 2945 4001 Evangelia
2975 3930 3128 4003 (Luc.
3163 3944 3236 3991 vt,
3260 3928 3353 3999 25)
3403 3928 3538 3984 fletu
3582 3930 3724 3986 dicit
3750 3948 3876 3987 mu-

2267 4029 2513 4093 tandum,
2547 4041 2734 4083 errore
2758 4026 2943 4080 sa-culi
2976 4033 3255 4093 raptantur
3291 4032 3348 4079 et
3379 4024 3627 4089 turbine,
3655 4042 3766 4081 non
3792 4028 3879 4081 iu—

2268 4123 2573 4192 telligeutes
2607 4120 2817 4173 ruinam
2864 4131 3209 4188 peccatorum
3240 4132 3486 4183 suorum,
3517 4134 3697 4189 neque
3732 4136 3878 4190 prte-

2269 4217 2429 4274 terita
2462 4216 2592 4270 vitia
2624 4215 2964 4285 blangeutes;
2990 4214 3084 4267 sed
3116 4220 3372 4283 putantes
3402 4211 3589 4267 brevia
3620 4213 3753 4267 bona
3780 4228 3874 4268 cs-

2268 4325 2328 4366 se
2361 4319 2643 4380 perpetua,
2675 4317 2731 4362 et
2762 4308 2813 4362 in
2840 4308 2924 4360 bis
2955 4303 3313 4370 exsultantes,
3346 4320 3471 4374 qua:
3504 4305 3674 4376 magis
3702 4306 3873 4377 digna

2269 4413 2397 4459 sunt
2429 4403 2672 4469 planctu.
2710 4401 2894 4455 Potest
2923 4397 3026 4453 hoc
3059 4409 3115 4452 et
3145 4397 3213 4452 de
3241 4396 3519 4452 haareticis
3549 4400 3753 4470 accipi,
3780 4402 3873 4469 qui

2272 4497 2422 4553 falsis
2452 4495 2795 4568 dogmatibus
2834 4494 3281 4565 acquiescentes,
3334 4492 3456 4547 laeta
3496 4492 3596 4547 sibi
3634 4502 3693 4547 et
3735 4508 3873 4563 pro-

563 4575 635 4628 tis
669 4577 802 4631 suis.
833 4578 984 4636 Unde
1015 4596 1069 4637 et
1104 4588 1392 4654 Apostolus
1417 4587 1528 4641 ait:
1570 4564 1649 4642 Et,
1677 4589 1792 4659 quis
1819 4564 1890 4643 est
1916 4631 1929 4655 ,
1959 4590 2049 4656 qui
2072 4591 2161 4644 Ιω-
2193 4564 2245 4624 Ῑ)
2271 4608 2429 4663 spera
2453 4564 2862 4662 repromittunt.

568 4670 731 4740 ti/icat
778 4688 875 4741 me,
911 4677 1011 4729 nisi
1054 4680 1140 4743 qui
1172 4683 1504 4737 contristatur
1528 4700 1590 4737 ex
1616 4699 1695 4738 me
1719 4684 1788 4752 (ll
1816 4683 1937 4738 Cor.
1968 4700 2026 4753 ll,
2058 4684 2163 4756 2)?

568 4764 683 4821 Nisi
708 4768 843 4823 forte
868 4778 923 4824 et
953 4772 1054 4826 hoc
1083 4772 1517 4845 intelligendum,
1543 4777 1687 4847 quod
1718 4778 1935 4847 sapiens
1965 4781 2049 4834 vir
2069 4780 2165 4833 do-

570 4861 679 4916 leat
708 4873 817 4917 tam
848 4864 899 4919 in
925 4864 1110 4922 abdito
1156 4880 1212 4924 et
1240 4868 1267 4908 δ
1302 4872 1572 4941 profundo
1616 4874 1789 4928 latere
1813 4874 2159 4942 sapientiam,

568 4971 671 5012 nec
698 4960 767 5013 ita
801 4974 861 5016 se
912 4963 1155 5033 przcbere
1188 4964 1503 5035 mentibus,
1534 4975 1592 5021 ut
1640 4966 1821 5024 lumen
1870 4969 2035 5035 visui;
2067 4968 2162 5023 sed

569 5067 669 5123 per
719 5061 988 5111 tormenta
1041 5060 1310 5129 quzedam,
1366 5072 1420 5116 et
1466 5062 1865 5118 intolerandum
1896 5064 2161 5130 laborem,

564 5144 679 5216 jugi
715 5146 1069 5204 meditatione
1096 5160 1150 5205 et
1178 5153 1360 5207 studio
1393 5155 1697 5222 provenire.

645 5290 669 5353 ἒ
702 5279 837 5353 Tres
869 5296 1026 5347 mss.,
1058 5285 1180 5353 quia
1208 5284 1415 5351 smpt'ns,
1442 5298 1550 5341 etc.

643 5351 671 5391 δ
708 5351 909 5428 \Litiose
940 5351 1079 5428 ol‘int
1100 5354 1251 5421 editi,
1282 5373 1436 5425 quam
1461 5358 1515 5412 in
1547 5359 1824 5428 profundo.

575 5494 586 5506 _
644 5421 848 5506 713nm
870 5425 923 5478 in
945 5424 1120 5506 abdito
1150 5436 1202 5506 et
1217 5421 1498 5506 profundo.
1531 5421 1703 5506 Antea
1737 5432 2035 5506 legebatur,
2062 5440 2167 5484 tam

570 5495 623 5547 in
643 5495 820 5549 abdito
839 5513 994 5557 quam
1010 5498 1064 5552 in
1079 5495 1340 5569 profundo
1353 5501 1510 5555 latere
1526 5495 1855 5569 sapientiam.
1869 5503 2161 5570 ,ΜΑιιτιΑι

571 5643 583 5653 _
649 5576 869 5653 ‘fA_ntea
905 5578 1165 5633 mendose
1196 5591 1333 5645 erat,
1368 5580 1809 5650 circtmferentur.

642 5650 671 5691 ἀ
713 5651 1046 5709 Consideravi
1069 5658 1125 5710 in
1143 5659 1297 5711 corde
1334 5675 1446 5712 meo
1496 5658 1591 5712 Ms.
1624 5658 1997 5723 Corbeiensis,
2031 5660 2165 5715 Con-

572 5723 801 5792 sideravi
826 5726 879 5778 in
899 5742 996 5787 tne,
1024 5736 1070 5779 τι
1092 5743 1181 5780 eor
1204 5745 1372 5786 meum
1396 5733 1609 5787 deduxit
1635 5745 1732 5792 me,
1762 5740 1867 5783 etc.
1896 5729 2170 5787 Omittuut

571 5787 758 5857 igitur,
794 5790 845 5844 ut
877 5791 1129 5850 traherem
1171 5800 1223 5850 in
1251 5798 1369 5851 vino
1414 5814 1619 5853 Carnem
1664 5787 1848 5854 meum.
1901 5801 2168 5869 supplerit

2345 4685 2677 4741 Consideravi
2704 4686 2756 4738 in
2783 4684 2939 4738 corde
2965 4699 3074 4737 meo
3094 4684 3146 4749 ά,
3171 4694 3227 4738 ut
3256 4685 3510 4739 traherem
3533 4685 3586 4737 in
3610 4684 3732 4737 uino
3756 4701 3873 4738 car-

2271 4796 2387 4833 nem
2417 4794 2602 4843 meam,
2646 4788 2693 4829 et
2727 4792 2814 4830 cor
2836 4792 3001 4829 meum
3023 4776 3235 4829 deduxit
3263 4793 3342 4829 me
3370 4776 3425 4829 in
3456 4775 3785 4849 sapientiam,
3818 4787 3868 4829 et

2273 4878 2330 4923 ut
2360 4871 2639 4923 obtinerem
2678 4869 2731 4921 in
2759 4868 3055 4934 stultitiam,
3089 4868 3250 4921 donec
3281 4869 3505 4920 viderem
3532 4868 3661 4937 quid
3683 4876 3706 4903 θ
3735 4879 3865 4921 esset

2274 4966 2460 5020 bonum
2486 4964 2612 5034 ﬁliis
2643 4964 2926 5027 hominum,
2958 4962 3096 5034 quod
3128 4965 3353 5032 facerent
3390 4960 3484 5015 sub
3515 4960 3626 5015 sole
3654 4977 3868 5016 numero

2272 5060 2471 5114 dierum
2496 5060 2611 5113 vita:
2659 5073 2785 5112 suae.
2822 5056 2975 5112 Volui
3008 5058 3173 5110 vitam
3209 5053 3229 5093 ί
3266 5055 3485 5110 tradere
3541 5054 3705 5127 397
3735 5054 3867 5110 deli-

2272 5152 2394 5220 ciis,
2415 5160 2471 5206 et
2512 5165 2730 5204 carnem
2774 5164 2946 5204 meam
2978 5147 3047 5203 ab
3069 5148 3326 5203 omnibus
3354 5150 3503 5203 curis
3530 5149 3789 5211 liberare,
3817 5158 3867 5203 et

2272 5299 2405 5340 vero
2425 5297 2645 5339 sensum
2671 5296 2828 5348 quem
2847 5280 2977 5335 editi
2998 5280 3123 5335 libri
3152 5289 3427 5344 evertunt,
3458 5280 3708 5350 legentes
3735 5297 3865 5337 οηη-

2275 5366 2568 5426 sequenter
2589 5373 2602 5406 :
2626 5364 2678 5407 ut
2702 5352 2983 5407 obtinerent
3000 5353 3277 5405 stultitiam
3291 5367 3315 5415 ξ
3336 5365 3432 5425 ι)εο
3451 5361 3497 5404 et
3518 5361 3575 5404 ut
3593 5352 3863 5408 obtinerent

2269 5452 2329 5505 in
2369 5449 2659 5504 stultitiam.
2716 5445 2846 5499 Nam
2897 5446 2947 5499 in
2992 5444 3222 5500 Hebraeo
3269 5455 3353 5498 est
3412 5428 3617 5504 minor.
3665 5428 3859 5511 math,

2275 5520 2549 5577 veleehltoz
2574 5516 2858 5571 besichluth
2882 5559 2897 5580 ,
2927 5516 2979 5571 id
3008 5525 3112 5582 est,
3134 5526 3182 5569 et
3211 5516 3277 5568 ad
3291 5514 3781 5583 apprehendendum
3814 5520 3861 5571 iu

2275 5593 2571 5656 stultitiam,
2590 5592 2703 5643 sive
2716 5589 2783 5642 ad
2799 5588 3130 5642 obtinendum
3144 5590 3486 5658 principatum
3502 5587 3557 5640 in
3570 5587 3861 5644 stultitiam.

2350 5675 2371 5699 σε
2405 5662 2583 5716 NuStri
2611 5675 2768 5724 ms»,
2791 5661 2917 5729 quid
2948 5658 3243 5721 essethni.
3270 5657 3547 5729 Manum.

2352 5733 2373 5770 τ
2402 5733 2567 5787 lidetu
2616 5746 2771 5791 mss.,
2802 5727 2941 5784 uolui
2990 5733 3146 5782 vitam
3174 5728 3376 5793 trahere
3407 5727 3637 5793 deliciis,
3680 5738 3729 5784 et
3755 5742 3863 5791 cata

2278 5810 2390 5859 item
2419 5801 2582 5857 meum
2615 5800 2677 5855 ab
2707 5788 2939 5856 omnium
2969 5796 3105 5855 cum
3150 5788 3383 5865 liberant,
3413 5796 3564 5853 πίωσι
3592 5788 3727 5868 riuo,
3759 5788 3857 5853 etc;
