3998 6310
36 313 180 369 1028

1062 314 1438 374 COMMENTA
1453 316 1609 373 RIUS
1650 314 1715 373 lN
1761 314 2297 376 ECCLESIASTEN.

3202 319 3341 377 10’26

10 408 445 519 :‘quasivino,sic
475 428 751 499 voluptate
779 430 981 501 sopire;
1006 429 1104 486 sed
1131 429 1393 501 cogitatio
1420 444 1561 495 mea,
1582 436 1636 483 et
1663 443 1717 505 Α
1741 432 1929 499 aspexi
1960 430 2027 484 ad
2063 429 2170 503 [Αἰ.
2202 427 2277 501 et]
2309 441 2503 483 manus
2537 440 2704 491 meas,
2740 435 2790 482 et
2821 442 2993 498 opera
3031 444 3148 484 mea
3181 433 3339 501 plena

10 522 177 577 ‘ratio
206 521 488 588 naturalis,
521 538 681 592 quam
708 521 871 578 etiam
923 522 1311 593 peccatoribus
1337 522 1480 576 Deus
1507 537 1637 575 auc-

14 602 123 671 ftor
170 616 415 681 inseruit,
456 625 797 673 retraxerunt
838 632 947 684 me,
977 627 1030 672 et
1062 616 1413 673 deduxerunt
1453 614 1520 669 ad
1546 628 1637 669 sa-

10 694 301 780 Tpieutiatn
336 709 720 781 requirendam
772 709 1171 780 stultitiamque
1201 707 1545 774 calt-audam,
1575 716 1636 762 ut

10 792 280 862 ’videretn
313 804 575 877 quidnam
606 804 737 860 illud
765 814 913 860 esset
948 805 1100 871 boni,
1129 803 1273 874 quod
1302 802 1556 857 homines
1582 802 1636 857 in

32 899 162 953 vitze
200 914 313 953 sua:
348 910 571 968 possent
601 914 763 969 agere
807 899 1104 954 curriculo.
1140 899 1430 967 Eleganter
1456 907 1635 951 autem

10 986 372 1060 ’voluptatem
398 992 645 1047 ebrietati
674 992 1033 1062 comparavit.
1072 991 1355 1061 Siquidem
1401 989 1639 1045 ebrietas

10 1088 235 1140 evertit
260 1085 426 1139 animi
470 1085 735 1156 vigorem,
767 1100 931 1156 quam
960 1085 1051 1156 qui
1082 1085 1322 1155 potuerit
1366 1083 1637 1152 sapientia

10 1178 399 1241 commutare,
430 1187 485 1233 et
531 1177 614 1250 (ut
645 1178 696 1232 in
723 1177 1051 1248 quibusdam
1083 1186 1109 1215 ⁸
1157 1176 1441 1233 codicibus
1470 1175 1638 1231 habe-

33 1269 145 1340 tur)
196 1269 421 1326 obtinere
472 1272 705 1326 latitiam
764 1272 1146 1342 spiritualem;
1214 1272 1261 1327 is
1311 1271 1517 1340 poterit
1570 1270 1638 1326 ad

32 1362 320 1418 scientiam
348 1365 425 1420 rei
456 1364 616 1421 istius
648 1369 963 1436 pervenire,
990 1365 1116 1436 quid
1140 1365 1194 1421 in
1220 1367 1319 1421 hac
1343 1365 1449 1420 vita
1472 1380 1638 1436 appe-

34 1456 264 1513 tendum
294 1458 390 1523 sit,
415 1458 543 1527 quid
568 1458 868 1513 vitandum.

109 1547 167 1601 Μ
170 1551 293 1620 agni
299 1549 448 1615 ﬁcari
468 1566 623 1621 opera
645 1565 757 1603 mea
774 1565 794 1603 :
816 1549 1071 1618 wdi/icavi
1092 1550 1219 1603 milii
1247 1550 1424 1605 dentes
1446 1567 1464 1604 :
1489 1551 1640 1619 plan-

33 1642 134 1693 ιιιιοὶ
166 1640 295 1695 mihi
322 1642 511 1708 tineas,
543 1642 571 1679 ι)
601 1652 654 1697 et
678 1653 873 1697 caetera
905 1656 1075 1713 usque
1100 1642 1166 1697 ad
1196 1658 1318 1698 eum
1352 1644 1553 1711 locum,
1584 1642 1636 1698 in

32 1748 139 1805 quo
171 1734 247 1787 ait
290 1751 302 1786 :
339 1733 602 1806 Sapientis
634 1734 771 1789 oculi
799 1736 851 1789 in
884 1736 1053 1805 capite
1085 1740 1223 1809 ejus,
1271 1747 1317 1789 et
1349 1737 1540 1790 stultus
1587 1736 1641 1789 in

1740 519 2016 585 vanitatis,
2052 520 2211 591 plena
2257 518 2528 586 sordium,
2564 520 2719 588 plena
2768 520 2962 588 spiritu
2996 520 3200 575 erroris
3251 522 3338 576 in-

1742 614 1909 669 tuitus
1936 629 2079 669 sum.
2112 612 2257 669 Nihil
2289 612 2455 677 enim,
2500 611 2646 683 quod
2675 612 2727 667 in
2761 612 2966 667 mundo
3000 612 3019 650 ῖ
3046 614 3339 683 putabatur

1740 708 1971 773 bonum,
1992 707 2197 762 bouum
2226 706 2379 776 potui
2408 706 2670 775 reperire.
2705 706 2984 775 Reputans
3008 706 3193 777 igitur,
3218 722 3337 776 qua:

1740 812 1924 857 essent
1956 802 2239 872 sapientia:
2266 801 2428 865 bona,
2455 809 2510 855 et
2540 815 2661 869 quze
2683 799 2929 855 stultitia:
2955 800 3121 868 mala,
3151 816 3341 859 conse-

1739 896 2040 966 quenterin
2067 894 2279 951 laudem
2310 894 2458 950 illius
2486 894 2720 970 hominis
2739 894 2918 965 erupi,
2946 894 3035 965 qui
3066 904 3187 966 post
3211 894 3339 951 vitia

1739 1004 1801 1044 se
1832 987 2143 1054 refrenans,
2175 989 2438 1044 virtutum
2492 988 2667 1058 possit
2692 1002 2814 1044 esse
2854 997 3115 1044 sectator.
3149 990 3342 1060 Magna

1740 1083 1940 1155 quippe
1969 1082 2227 1138 distantia
2265 1092 2350 1139 est
2391 1084 2535 1137 inter
2564 1082 2889 1152 sapientiam
2933 1092 2989 1138 et
3018 1081 3335 1149 stultitiam,

1732 1186 1797 1231 et
1825 1186 2087 1246 quantum
2128 1175 2249 1231 dies
2291 1175 2508 1231 distata
2560 1186 2745 1241 nocte,
2795 1185 3003 1231 tantum
3036 1179 3266 1233 virtutes
3309 1192 3339 1231 a

1740 1268 1889 1323 vitiis
1936 1278 2287 1338 separantur.
2319 1266 2549 1322 Videtur
2587 1266 2718 1322 ntihi
2754 1267 2957 1339 itaque,
2991 1268 3081 1339 qui
3122 1269 3342 1336 sapien-

1742 1364 1871 1418 tiam
1918 1361 2186 1433 sequitur,
2217 1362 2405 1417 oculos
2438 1362 2488 1415 in
2516 1362 2719 1418 ctelum
2753 1377 2971 1430 semper
3016 1362 3254 1433 erigere,
3286 1370 3341 1418 et

1741 1456 1795 1511 in
1822 1456 2055 1511 sublime
2082 1471 2143 1510 os
2184 1455 2387 1510 habere
2432 1463 2762 1523 surrectum,
2798 1470 2992 1526 eaque,
3024 1471 3144 1526 quin
3177 1470 3340 1527 supra

1741 1564 1896 1605 suum
1925 1550 2184 1604 verticem
2217 1557 2365 1613 sunt,
2398 1548 2782 1619 contemplari.
2815 1547 2918 1617 Qui
2943 1564 3071 1604 vero
3098 1549 3342 1604 stultitia:

1740 1650 1794 1699 et
1820 1642 1967 1696 vitiis
1994 1640 2211 1696 deditus
2239 1639 2335 1705 sit,
2364 1640 2572 1696 versari
2602 1642 2653 1695 in
2687 1640 2950 1706 tenebris.
2982 1652 3036 1696 et
3068 1640 3120 1695 in
3152 1657 3340 1698 rerum

1742 1740 2044 1811 ignorantia
2096 1739 2347 1795 volutari.
2410 1738 2745 1812 Magniﬁcavi
2791 1754 2947 1807 opera
2991 1754 3125 1805 mea,
3163 1748 3187 1787 ε
3230 1748 3338 1795 etc.

32 1826 254 1881 tenebris
294 1826 546 1881 ambulat.
589 1828 894 1898 Antequam
946 1830 1014 1883 de
1065 1827 1291 1899 singulis
1341 1827 1633 1893 disseram,
1668 1834 1714 1894 Β
1743 1831 2054 1903 Magniﬁcat
2084 1848 2248 1902 opera
2280 1847 2400 1899 sua,
2424 1831 2514 1899 qui
2543 1830 2696 1899 juxta
2728 1829 3018 1900 imaginem
3042 1831 3341 1887 conditoris

28 1920 246 1974 videtur
297 1920 428 1975 mihi
462 1921 597 1976 utile
630 1920 781 1976 brevi
829 1934 1026 1976 cuncta
1074 1935 1328 1976 sermone
1375 1934 1631 1989 compre-

30 2012 300 2079 hendere,
332 2025 387 2069 et
414 2015 569 2085 quasi
603 2015 655 2069 iit
686 2030 855 2069 unum
884 2028 1084 2086 corpus
1111 2027 1331 2068 sensum
1364 2012 1635 2081 redigere,

28 2116 84 2163 ut
129 2106 351 2177 possint
381 2106 593 2162 facilius
644 2106 899 2177 intelligi,
946 2121 1066 2177 quae
1115 2104 1387 2159 dicuntur.
1440 2103 1636 2158 Omnia

29 2215 149 2270 qua:
179 2208 447 2269 putantur
486 2199 541 2253 in
574 2198 782 2254 saeculo
812 2198 978 2264 bona,
1026 2196 1184 2267 quasi
1231 2212 1324 2252 rex
1357 2202 1413 2252 et
1442 2205 1638 2266 potens

32 2291 228 2348 habui.
260 2290 549 2348 Edilicavi
602 2290 731 2345 mihi
765 2288 819 2345 in
849 2289 1129 2345 excelsum
1166 2288 1390 2359 palatia,
1435 2288 1640 2343 vitibus

34 2394 251 2440 montes
302 2384 590 2455 collesque
618 2383 866 2439 consevi.
899 2382 969 2437 Et
1012 2398 1081 2438 ne
1128 2382 1256 2453 quid
1305 2382 1523 2437 deesset
1570 2381 1637 2436 ad

37 2477 251 2542 luxum,
283 2476 473 2532 hortos
519 2475 652 2531 mihi
691 2476 1048 2547 pomariaque
1097 2474 1360 2544 plantavi,
1395 2474 1640 2529 diversas

36 2571 264 2625 arbores
306 2570 627 2636 instituens,
656 2582 791 2639 quas
834 2568 1081 2623 collectae
1111 2569 1167 2623 in
1214 2569 1454 2639 piscinas
1483 2583 1639 2638 aqua:

43 2671 63 2698 ε
93 2661 332 2733 desuper
361 2662 677 2733 irrigarent,
710 2667 770 2715 ut.
797 2657 825 2697 ἀ
851 2660 1066 2733 longius
1090 2661 1237 2715 viror
1263 2661 1490 2715 humore
1517 2676 1639 2731 per-

39 2755 147 2823 peti
180 2754 507 2809 nutriretur.
560 2754 855 2810 Servtirum
905 2769 1125 2824 quoque
1155 2752 1273 2809 sive
1301 2762 1636 2823 empturum,

37 2844 150 2901 sive
179 2846 626 2915 vernaculorum,
657 2844 791 2901 mihi
841 2844 948 2900 fuit
998 2843 1416 2900 innumerabilis
1456 2844 1640 2900 multi-

39 2940 191 3005 tudo,
222 2950 279 2996 et
309 2941 723 3011 quadrupedum
752 2955 945 3012 greges
991 2940 1169 3005 multi,
1216 2941 1381 2995 boum
1429 2939 1641 2995 scilicet

37 3044 91 3090 et
129 3036 340 3102 ovium,
373 3048 640 3105 quantum
690 3034 872 3090 nullus
903 3044 1146 3090 anteme
1197 3050 1293 3089 rex
1343 3033 1537 3088 habuit
1585 3034 1638 3089 in

36 3125 365 3182 Jerusalem.
401 3124 509 3183 Sed
550 3134 608 3181 et
637 3127 880 3182 thesauri
906 3126 1117 3197 argenti
1145 3134 1200 3182 et
1227 3128 1347 3182 auri
1390 3128 1643 3183 innume-

1746 1927 1800 1979 in
1827 1939 2063 1995 superna
2086 1924 2414 1979 sustollitur.
2441 1925 2506 1979 Et
2531 1924 2762 1979 :edilicat
2782 1923 2995 1991 domos,
3030 1934 3091 1979 ut
3122 1927 3341 1981 veniant

1744 2019 1924 2085 Pater,
1958 2030 2012 2075 et
2058 2018 2249 2082 Filius,
2282 2028 2337 2075 et
2364 2018 2602 2090 Spiritus
2634 2028 2873 2085 sanctus,
2904 2028 2958 2074 et
2991 2018 3240 2073 habitent
3285 2020 3339 2076 in

1742 2114 1843 2169 eis.
1878 2112 1947 2167 Et
1986 2113 2193 2182 plantat
2224 2113 2437 2181 vineas,
2471 2115 2538 2167 ad
2586 2128 2721 2183 quas
2749 2111 2927 2182 ,Jesus
2972 2111 3102 2183 liget
3130 2111 3337 2171 asinam

1741 2220 1917 2261 suam.

1816 2297 1944 2355 Feci
1972 2301 2097 2355 milii
2117 2300 2293 2355 hortos
2315 2308 2364 2354 et
2386 2300 2623 2371 pomaria
2646 2316 2665 2354 :
2691 2299 2922 2369 plantavi
2949 2300 3003 2354 in
3020 2300 3126 2355 illis
3139 2300 3339 2372 lignum

1745 2410 1892 2448 omne
1923 2395 2268 2465 fructiferum.
2322 2392 2378 2446 ltt
2408 2394 2571 2449 dutno
2616 2392 2798 2448 divitis
2832 2410 2938 2448 non
2968 2393 3143 2449 solum
3176 2408 3343 2450 aurea

1743 2503 1868 2543 vasa
1894 2496 2021 2542 sunt
2044 2497 2099 2544 et
2121 2496 2403 2559 argentea,
2427 2488 2523 2543 sed
2543 2498 2600 2543 et
2618 2488 2793 2557 lignea
2814 2498 2867 2543 et
2890 2486 3072 2543 ﬁctilia
3094 2487 3168 2560 (li
3202 2486 3338 2542 Tim.

1743 2579 1881 2652 xx).
1930 2579 2098 2635 Fiunt
2160 2580 2322 2651 igitur
2374 2588 2430 2635 et
2485 2580 2625 2635 horti
2680 2590 2905 2651 propter
2955 2581 3343 2637 imbecilliores

1742 2689 1992 2744 quosque
2020 2683 2075 2729 et
2103 2673 2372 2728 inﬁrmos.
2396 2672 2528 2728 Nam
2560 2672 2650 2743 qui
2678 2673 2925 2728 iulit‘ttttts
2957 2682 3065 2741 est,
3100 2673 3342 2729 oleribus

1744 2766 1986 2822 vescitur
2031 2767 2222 2837 (Rom.
2266 2782 2382 2830 xiv,
2434 2764 2525 2835 2).
2583 2766 2903 2822 Pls-utantur
2946 2767 3195 2835 arbores,
3231 2783 3339 2823 non

1745 2858 1772 2898 ¹³
1804 2877 1976 2917 omnes
2005 2862 2308 2933 fructiferae,
2336 2871 2393 2915 ut
2420 2861 2472 2916 in
2500 2860 2712 2916 Latinis
2734 2860 3016 2917 codicibus
3044 2861 3336 2917 habemus:

1744 2954 1839 3009 sed
1859 2970 2033 3009 omnes
2061 2954 2286 3025 fructus,
2318 2953 2421 3009 hoe
2444 2963 2551 3022 est,
2580 2954 2918 3011 diversarum
2945 2954 3155 3025 frugum
3180 2968 3342 3025 atque

1746 3063 2055 3119 pomorum,
2088 3048 2215 3119 quia
2249 3048 2481 3105 diversae
2502 3058 2629 3105 sunt
2659 3050 2847 3120 gratiae
2880 3048 2932 3102 in
2970 3048 3208 3103 Ecclesia
3232 3065 3252 3101 τ
3288 3054 3345 3103 rt

1746 3141 1885 3195 alius
1932 3149 2018 3195 est
2062 3140 2279 3209 oculus,
2319 3141 2722 3219 aliusgmanus,
2754 3140 2894 3195 alius
2942 3156 3060 3211 pes,
3107 3150 3185 3208 et,
3220 3154 3342 3211 qua:

36 3225 242 3281 rabiles
272 3225 672 3294 condebantur,
704 3242 843 3298 quos
880 3226 1009 3281 mihi
1059 3228 1400 3282 diversorum
1449 3243 1637 3299 regum
1668 3224 1714 3289 C
1745 3231 2139 3287 verecundiora
2182 3241 2369 3286 nostra
2416 3239 2564 3298 sunt,
2614 3231 2700 3287 bis
2750 3231 3013 3301 majorem
3068 3231 3335 3287 honorem

40 3335 268 3376 munera
321 3330 377 3376 et
421 3321 663 3391 gentium
715 3323 916 3379 tributa
967 3323 1335 3378 contulerant.
1386 3321 1544 3378 Unde
1585 3332 1642 3377 et

39 3412 259 3475 accidit,
294 3422 353 3467 ttt
386 3414 568 3469 nimiis
598 3414 796 3485 opibus
820 3416 886 3470 ad
920 3415 1157 3485 majores
1188 3415 1418 3470 delicias
1444 3431 1643 3486 provo-

40 3519 218 3572 carer,
245 3515 267 3543 θ
294 3515 350 3561 et
378 3507 706 3562 musicarutn
730 3509 928 3563 artium
954 3508 1130 3573 chori,
1158 3508 1292 3564 tnihi
1317 3509 1466 3575 tibia,
1496 3509 1635 3579 lyra.

41 3610 175 3653 voce
203 3598 583 3663 concinerent,
617 3609 671 3655 et
700 3608 929 3671 uterque
959 3615 1120 3655 sexus
1160 3600 1211 3655 in
1242 3600 1507 3655 conviviis
1541 3600 1641 3654 tui-

44 3687 336 3745 nistraret:
362 3690 459 3745 sed
483 3702 689 3762 quanto
706 3692 806 3747 ista
822 3692 1171 3761 crescebant,
1197 3701 1346 3748 tanto
1368 3693 1634 3762 sapientia

44 3778 248 3837 deerat.
281 3782 418 3839 Nam
453 3781 515 3837 in
547 3770 946 3856 quamcumque
977 3786 1308 3855 voluptatem
1355 3801 1441 3840 me
1486 3785 1633 3855 cupi-

46 3871 113 3929 do
131 3878 409 3943 traxisset,
442 3876 671 3932 infrenis
698 3876 913 3933 ferebar
935 3887 989 3933 et
1007 3892 1275 3948 praeceps.
1296 3876 1461 3948 398
1485 3886 1641 3947 puta-

44 3964 272 4038 bamque
314 3972 460 4026 hunc
504 3986 625 4028 esse
678 3970 915 4026 fructum
970 3971 1217 4026 laborum
1269 3987 1540 4039 meorum,
1594 3972 1639 4026 si

46 4058 158 4131 ipse
183 4064 235 4119 in
270 4066 500 4123 libidine
532 4064 854 4135 luxuriaque
890 4078 1263 4120 consumerer.
1313 4064 1555 4121 Tandem
1586 4065 1639 4121 in

46 4167 246 4215 memet
274 4174 555 4227 reversus,
589 4171 645 4214 et
670 4158 825 4229 quasi
855 4156 925 4212 de
945 4158 1095 4227 gravi
1125 4173 1322 4213 somno
1351 4159 1638 4231 evigilans,

117 4299 142 4327 ι
182 4291 443 4350 Laetitiam
492 4292 843 4362 spiritualem.
885 4290 1102 4347 Omissa
1134 4306 1349 4359 quoque
1379 4293 1483 4349 hoc
1511 4293 1634 4349 loco

48 4359 99 4415 in
119 4362 279 4420 editis
302 4366 412 4421 duo
447 4359 638 4419 ἰδιίιωο
665 4363 855 4429 verba,
881 4363 1118 4418 laetitiam
1134 4362 1479 4431 spiritualem,
1508 4380 1635 4419 seu-

48 4435 127 4506 stt_i
172 4434 476 4503 Scriptura:
529 4450 591 4488 ac
638 4433 952 4506 Hieronymi
994 4434 1366 4488 observationi
1427 4448 1636 4491 noetem
1664 4444 1717 4506 D

49 4502 423 4564 oll‘undebant.
451 4506 607 4561 Nunc
633 4520 767 4561 vero
804 4502 1015 4561 lucidus
1045 4514 1209 4572 atque
1252 4505 1429 4562 facilis
1465 4522 1641 4561 rema-

50 4588 140 4646 net
164 4576 477 4635 intellecms
506 4578 671 4646 hujus
692 4577 826 4641 loci;
855 4579 983 4646 quia
1003 4577 1349 4646 esploratum
1376 4578 1640 4633 habemus

53 4643 245 4714 legisse
272 4643 663 4720 Hieronymum
689 4651 829 4718 apud
862 4643 1007 4704 LXX
1038 4643 1390 4719 interpretes,
1434 4653 1636 4705 καὶτοῦ

56 4727 309 4797 κρατῆσαι
336 4718 414 4797 ἐπ’
442 4718 760 4797 ἀφροσύνην,
778 4730 825 4797 et
852 4731 905 4773 ut
927 4718 1211 4797 obtinerem
1239 4722 1295 4797 in
1322 4721 1639 4797 stultitiam;

53 4801 170 4841 cum
205 4793 257 4869 in
281 4791 603 4869 qntbusd'aut
626 4791 912 4869 codicibus
948 4792 1356 4869 habereturnérrf
1391 4793 1642 4869 εὐφροσρ-

56 4877 165 4930 νην,
202 4861 257 4916 in
293 4862 556 4930 (auriam,
595 4864 717 4918 sivi:
745 4880 905 4929 super
942 4862 1197 4917 laetitiam.
1243 4864 1311 4917 Et
1342 4861 1642 4919 hoc'itmdo

57 4926 378 5050 in
418 4926 660 4992 editione
708 4926 977 4990 hodierna
1029 4932 1174 4989 LXX
1203 4933 1639 4991 Translatorum.

106 5015 297 5060 ARTIAN
307 5048 318 5060 .

97 5099 194 5150 _—
219 5074 371 5133 Nunc
396 5076 729 5150 econtrario
763 5092 872 5150 non
905 5076 992 5130 alii
1020 5087 1314 5146 supersunt
1345 5077 1517 5133 Grteci
1548 5092 1642 5132 co-

60 5136 222 5223 dices.
240 5163 402 5223 quam
431 5150 526 5220 qui
549 5148 807 5223 latitiam.
832 5148 953 5223 sive
976 5136 1290 5223 εὺφροσύνηςδ
1320 5150 1645 5223 legttnt,_pro

62 5169 222 5223 ψει-δ.
242 5169 402 5216 quam
431 5169 526 5220 qui
549 5169 807 5212 iustitiam.
832 5169 948 5204 sive
976 5170 1068 5223 ευφ
1106 5170 1290 5207 οσυνην
1322 5169 1644 5219 tegunt,pro

62 5219 367 5287 αφροσὺνην,
403 5222 694 5285 stultitiam,
724 5169 1180 5291 quellladllltttftllll
1234 5220 1644 5290 Hierottyntiani

64 5291 158 5362 {est
204 5293 531 5362 exemplaria
564 5293 750 5348 verius
799 5292 864 5346 ad
920 5292 1204 5347 llebrwum
1258 5292 1642 5362 praeferebant.

64 5348 434 5435 litira_levidra
466 5363 713 5435 quredatn
744 5379 774 5418 e
798 5378 927 5417 mss.
957 5348 1337 5435 emend-anius.

68 5420 175 5547 10:“
179 5427 461 5559 "I‘lllgi‘gssa
484 5420 648 5491 lectio
679 5443 796 5490 erat
822 5435 948 5488 mihi
982 5435 1177 5489 uineas.
1212 5432 1385 5506 Usque
1425 5434 1494 5488 ad
1533 5452 1649 5491 eum

140 5575 161 5601 ο
203 5569 344 5634 Quas
381 5577 608 5632 collecta:
645 5578 699 5631 in
729 5577 956 5647 piscinas
993 5592 1163 5647 aquae,
1195 5587 1304 5633 etc.
1341 5578 1556 5634 Erasm.
1597 5587 1654 5634 et

70 5625 196 5722 θίξιν.
250 5658 379 5722 quas
412 5649 639 5705 collecmz
708 5625 761 5704 ἕῖι
786 5665 965 5722 unum
1014 5625 1225 5718 p'iacit'ue
1290 5665 1438 5722 aqum
1502 5650 1657 5705 desu-

69 5715 177 5793 ρξ’)
206 5728 309 5769 etc.
342 5718 757 5793 consequenter
778 5715 1114 5777 Sorbouicus
1142 5737 1245 5793 ms.
1278 5715 1450 5778 codex
1499 5723 1651 5793 legit,

72 5782 122 5825 ut
148 5776 323 5850 longus
353 5790 495 5862 uigor
510 5776 924 5859 ;'Corbeienses
949 5806 1103 5862 vero,
1132 5776 1406 5851 uillarum
1442 5776 1656 5851 Itumvore

1739 3324 2143 3380 circumdamus
2169 3324 2221 3392 (Ι
2249 3321 2371 3377 Cor.
2406 3320 2540 3394 xtt).
2574 3322 2721 3378 Inter
2743 3338 2880 3394 quas
2915 3321 3206 3392 frugiferas
3245 3338 3339 3377 ar-

1741 3418 1905 3474 bores
1935 3418 2151 3473 aestitno
2199 3427 2387 3474 tenere
2439 3417 2735 3486 primatum
2784 3418 2984 3488 lignum
3017 3417 3165 3483 vitae,
3197 3418 3343 3488 quod

1739 3522 1825 3567 est
1863 3512 2150 3582 sapientia.
2200 3510 2314 3565 Nisi
2344 3511 2492 3565 enim
2534 3510 2588 3566 itt
2628 3510 2809 3566 medio
2848 3508 2859 3546 ί
2896 3510 2989 3565 illa
3038 3509 3337 3579 plantetur,

1740 3603 1886 3675 ligna
1915 3614 2113 3660 caetera
2141 3604 2511 3660 siceaibuntur.

1818 3695 1942 3752 Feci
1966 3697 2093 3751 mihi
2120 3698 2343 3765 piscinas
2361 3713 2636 3765 aquarum,
2662 3696 2731 3749 ad
2749 3696 3074 3769 irrigandum
3094 3696 3257 3770 399
3277 3712 3339 3751 ex

1745 3792 1815 3846 eis
1868 3791 2061 3846 saltum
2103 3791 2115 3841 i
2166 3792 2539 3863 germinantem
2584 3791 2806 3861 lignum.
2856 3788 3024 3861 Ligna
3075 3791 3339 3858 saltuum,

1741 3884 1887 3955 ligna
1918 3885 2203 3953 silvarum,
2232 3901 2354 3955 qua:
2386 3900 2492 3940 non
2536 3893 2666 3939 sunt
2696 3884 2978 3954 frugifera,
3010 3900 3132 3952 qua:
3176 3901 3337 3955 poma

1744 3990 1851 4031 non
1897 3974 2154 4041 afferunt,
2203 3991 2310 4030 non
2356 3975 2579 4030 aluntur
2610 3974 2784 4030 imbre
2814 3973 3046 4035 caelesti,
3094 3990 3200 4030 non
3251 3991 3344 4030 su-

1742 4070 1930 4137 pernis
1952 4069 2131 4137 aquis,
2158 4067 2253 4123 sed
2286 4067 2371 4123 bis
2395 4084 2515 4139 qua:
2544 4068 2595 4122 in
2618 4066 2853 4137 piscinas
2882 4066 2948 4121 de
2976 4068 3163 4123 rivulis
3188 4070 3343 4123 colli-

1744 4170 1967 4232 gunlur.
2000 4158 2134 4214 Nam
2168 4158 2437 4232 Egyptus
2464 4158 2686 4215 humilis
2716 4169 2768 4214 et
2795 4157 3004 4229 jaceus,
3033 4161 3185 4229 quasi
3220 4160 3346 4217 hor-

1741 4297 1939 4367 perpeti
1969 4298 2308 4352 nutrirentur.
2341 4299 2472 4367 Quze
2504 4296 2717 4367 phrasis
2739 4297 3002 4368 optimum
3028 4297 3193 4357 habet
3213 4317 3343 4361 sen«

1742 4382 1883 4423 sunt.
1921 4368 2188 4426 Maurum.

1816 4437 1843 4477 ‘1
1882 4441 2041 4515 Mss,
2084 4451 2142 4515 ut
2168 4442 2354 4515 longus
2384 4441 2544 4515 uiror,
2575 4447 2683 4515 etc.

1818 4522 1841 4549 ε
1883 4512 2061 4568 Penes
2084 4510 2322 4577 Alcuiti.,
2364 4522 2417 4566 ut
2450 4510 2774 4566 Musicarum
2823 4512 2968 4568 chori
3013 4515 3140 4570 nti/ti
3172 4517 3339 4573 tibiuli

1743 4598 1861 4636 voce
1886 4585 2233 4646 concinerent,
2265 4591 2373 4639 etc.

1822 4655 1839 4691 ί
1882 4655 2126 4723 Quatuor
2145 4670 2275 4709 mss.
2303 4656 2356 4708 in
2390 4653 2638 4719 instanti,
2672 4664 2907 4723 putatur.

1819 4734 1848 4803 εξ
1882 4727 2103 4803 Addunt
2128 4726 2301 4781 nostri
2324 4741 2481 4791 mss.,
2513 4725 2768 4796 adiﬁcavt‘
2795 4728 2924 4783 mihi
2951 4729 3157 4801 domos,
3185 4734 3340 4803 plan-

1744 4796 1848 4848 tari
1878 4795 2005 4849 mihi
2036 4812 2229 4850 vtneus.

1820 4865 1847 4904 ιι
1888 4867 2012 4921 Νοη
2042 4882 2213 4921 omnes
2240 4867 2547 4938 fructiferaz.
2581 4867 2638 4924 In
2670 4868 2900 4925 Hebraeo
2928 4872 3192 4939 scriptum
3235 4883 3343 4941 est,

1745 4964 1836 5019 ’πθ
1861 4942 1925 5019 ‘7:
1953 4963 2058 5044 γν.
2093 4969 2168 5015 ets
2193 4959 2278 5014 kal
2313 4960 2444 5029 peri,
2476 4960 2527 5014 id
2557 4972 2661 5027 est,
2693 4961 2898 5034 lignum
2921 4964 3089 5017 omnis
3115 4967 3341 5035 fructus,

1748 5061 1808 5137 ut
1834 5062 1986 5107 uolat
2016 5052 2241 5137 llierttn.
2268 5054 2377 5137 ‘qui
2427 5056 2761 5137 nntt_proltftt
2802 5056 2951 5121 ξύ).ον
2980 5061 3338 5137 πεῖν-καρποῦ,

1749 5125 1950 5200 lignum
1971 5140 2119 5179 omne
2141 5127 2366 5200 fructus.
2397 5126 2514 5200 sive
2528 5126 2882 5200 [ructiferum
2914 5130 3059 5200 quod
3094 5125 3349 5200 leg'ehaut

1751 5196 1803 5249 itt
1835 5195 2042 5268 Latinis
2066 5195 2347 5268 codicibus
2370 5213 2401 5250 e
2429 5195 2573 5251 LXX
2602 5195 2974 5268 luterprctum
3002 5195 3190 5256 erca
3216 5201 3348 5258 Ver-

1751 5269 1905 5323 sione
1935 5266 2220 5322 derivatis.
2263 5267 2533 5323 Maurum.

1824 5367 1891 5378 —
1923 5337 2043 5414 lp~_e
2074 5349 2252 5393 autem
2280 5340 2427 5394 Hier.
2452 5339 2619 5393 vertit
2647 5341 2819 5394 cuncti
2843 5342 3063 5414 generis.
3096 5340 3154 5396 In
3180 5342 3347 5401 Hebr.

1754 5442 1857 5509 est,
2101 5433 2152 5509 in
2176 5431 2496 5509 Gratata-civ
2518 5441 2741 5509 καρποῦ)
2791 5506 2800 5509 _
2845 5410 2857 5414 v
3268 5502 3273 5507 ,

1833 5503 1855 5577 i_
1881 5502 2002 5558 Nisi
2030 5506 2165 5560 enim
2194 5506 2246 5559 in
2264 5505 2456 5569 medio,
2481 5502 2977 5562 ethCorbeienses
2994 5502 3360 5577 manuscripti

1756 5575 1949 5633 eodem
1992 5590 2159 5631 sensu
2189 5578 2265 5629 sic
2309 5577 2513 5642 legunt,
2547 5578 2647 5631 nisi
2683 5577 2820 5631 enim
2856 5578 2909 5631 in
2941 5579 3110 5635 medio
3143 5575 3359 5637 illarum

1757 5649 2042 5720 plantetur,
2071 5658 2180 5703 etc.
2212 5646 2483 5720 Manum.

1836 5722 1849 5770 ἱ
1908 5717 2056 5775 Unus
2103 5720 2303 5787 Vatic.,
2348 5719 2542 5775 saltum
2566 5721 2995 5791 germinantium.
3043 5722 3216 5798 Ligna
3251 5724 3362 5781 sat-

1762 5802 1930 5861 tuum,
1959 5800 2066 5849 etc.
