4010 6300
651 295 791 360 θοῦν

1904 291 1961 346 t3.
2006 283 2278 351 EUSEBII
2317 286 2570 348 lllEllON
2585 283 2697 350 \‘llll
3864 291 3952 352 tua

646 417 732 462 tus
776 404 1017 467 olerum.
1071 401 1309 456 terrenls
1360 405 1416 456 et
1460 399 1527 454 de
1573 397 1854 470 tEtltlopia
1898 401 2239 456 venientibus
2267 404 2313 464 Α
2349 401 2607 473 principes
2629 409 2972 458 convenerunt
3003 401 3057 456 in
3078 401 3446 474 unum(Psal.
3479 417 3540 470 ιι,
3583 403 3656 472 2)
3693 419 3709 458 :
3743 404 3955 463 illarum-

642 494 820 563 aquis,
869 491 1148 563 irrigatur.
1200 490 1374 546 Terra
1420 505 1553 546 vero
1599 491 2071 560 repromissionis,
2127 508 2250 562 quae

644 595 936 644 montuosa
969 595 1054 643 est
1079 593 1133 641 et
1163 594 1367 653 erecta,
1400 592 1806 656 temporaneam
1853 597 1909 644 et
1952 587 2248 643 serotinam

646 682 896 754 pluviam
929 689 1210 751 exspectat
1239 696 1272 736 e
1300 681 1463 738 caelo.

719 774 980 832 Mercatus
1023 791 1141 830 sunt
1171 789 1369 842 seruos,
1399 784 1447 830 et
1476 773 1718 841 ancillas,
1763 785 1810 830 et
1840 775 2101 830 vernaculi
2133 777 2248 846 fne-

644 877 768 924 runt
799 866 947 933 mihi,
975 876 1023 924 et
1050 867 1259 939 quidem
1291 868 1548 938 possessio
1569 869 1793 924 armenti
1815 879 1862 924 et
1891 869 2060 922 ouium
2086 869 2250 922 multa

644 961 745 1033 fuit
771 960 898 1016 mihi
928 969 976 1014 ³.
1011 959 1069 1018 Si
1097 959 1354 1016 volumus
1387 959 1782 1028 Ecclesiasten,
1815 970 1872 1015 ιιι
1899 974 2062 1028 supra
2107 958 2252 1015 dixi-

642 1068 787 1118 mus,
811 1052 976 1109 etiam
1003 1066 1147 1108 nunc
1162 1051 1228 1108 ad
1247 1050 1454 1106 Christi
1479 1052 1688 1108 referre
1711 1067 2025 1122 personam,
2055 1067 2249 1122 possu-

641 1162 764 1203 mus
789 1161 986 1204 servos
1008 1145 1128 1216 ejus
1151 1146 1356 1210 dicere,
1382 1147 1470 1216 qui
1493 1145 2013 1216 habeantspiritum’
2037 1147 2250 1204 timoris

637 1242 694 1297 in
725 1242 1016 1307 servitute,
1053 1240 1459 1310 et'spiritualia
1493 1240 1664 1310 magis
1711 1239 2048 1306 desiderant.
2083 1256 2246 1311 quam

646 1341 892 1390 teneant.
935 1331 1183 1388 Ancillas
1211 1348 1342 1388 vero
1371 1347 1467 1390 eas
1512 1333 1725 1388 animas
1771 1333 2079 1402 appellare,
2128 1348 2250 1402 quae

640 1427 820 1485 adhuc
863 1425 1085 1496 corpori
1143 1435 1416 1495 terraeque
1463 1436 1595 1483 sunt
1634 1425 1857 1481 deditae.
1909 1424 2250 1482 Vernaculos

641 1535 862 1591 quoque
895 1520 1014 1576 illos
1039 1519 1132 1589 qui
1162 1526 1289 1574 sunt
1316 1517 1535 1587 quidem
1567 1518 1633 1574 de
1656 1517 1930 1583 Ecclesia,
1959 1527 2012 1572 et
2036 1532 2247 1585 servos,

641 1622 701 1672 et
723 1613 975 1678 ancillas,
1004 1612 1076 1668 de
1102 1612 1302 1682 quibus
1327 1611 1590 1677 diximus,
1616 1611 1953 1670 antecedunt
1979 1629 1991 1664 :
2017 1611 2247 1666 necdum

642 1714 824 1764 tamen
873 1705 1131 1764 libertate
1172 1704 1359 1762 donati
1401 1713 1551 1773 sunt,
1599 1720 1700 1760 nec
1753 1703 2046 1760 nobilitate
2075 1719 2104 1758 a
2139 1704 2246 1758 Do-

2355 508 2462 563 que
2495 494 2780 564 rcginltum
2809 492 2836 532 ά
2871 493 2922 549 in
2950 508 3086 564 quas
3109 493 3297 552 oculos
3329 494 3501 550 levari
3532 493 3816 552 Salvator
3858 513 3955 568 pr:-

2353 588 2530 656 cepit:
2565 587 2688 658 quia
2714 587 2830 658 jam
2858 585 3128 642 candeant
3158 585 3225 642 ad
3251 587 3574 642 metendum
3616 592 3633 657 (
3651 585 3833 643 Joan.
3879 591 3953 659 tr},

2353 679 2588 738 Possunt
2641 697 2830 752 regum
2876 680 3197 737 substantia:
3241 689 3296 736 et
3347 680 3838 754 philosophorum
3883 684 3953 739 dir:

2352 771 2630 843 dogmata,
2665 784 2720 832 et
2741 773 2992 830 scientiae
3022 773 3346 837 saeculares,
3375 789 3516 844 quas
3543 775 3958 834 Ecelesiastiess

2353 866 2436 920 vir
2467 865 2757 936 diligenter
2784 864 3127 936 intelligens,
3161 864 3534 934 apprehendit
3581 867 3883 937 sapientes
3921 872 3954 922 in

2353 959 2550 1016 astutia
2581 973 2796 1022 eorum,
2828 968 2883 1012 ct
2914 957 3096 1027 perdit
3137 957 3467 1026 sapientiam
3515 961 3897 1030 sapientium,
3919 973 3954 1015 et

2353 1049 2697 1121 prudentiam
2740 1049 3091 1120 prudentium
3136 1051 3399 1120 reprobat
3446 1050 3672 1123 (lCor.
3729 1055 3810 1125 t).
3845 1055 3953 1109 Catt-

2355 1151 2501 1198 tores
2530 1156 2745 1212 quoque
2774 1150 2829 1198 et
2878 1142 3231 1206 cantatrices,
3277 1141 3355 1195 illi
3389 1143 3475 1197 vel
3520 1143 3634 1198 illa:
3679 1156 3839 1210 sunt,
3886 1151 3954 1215 qui

2355 1234 2596 1304 psallunt
2642 1234 2863 1304 spiritu,
2900 1233 3142 1303 psallunt
3173 1243 3229 1290 et
3263 1244 3467 1290 mente.
3499 1234 3784 1296 Cantator
3825 1240 3953 1308 quasi

2351 1327 2436 1380 vir
2454 1335 2508 1380 et
2533 1327 2786 1382 robustus
2811 1335 2866 1380 et
2889 1326 3192 1398 spiritualis
3215 1326 3287 1382 de
3308 1328 3608 1385 altioribus
3636 1333 3816 1388 canit.
3839 1333 3951 1387 Can-

2354 1422 2518 1476 tatrix
2545 1438 2675 1476 vero
2725 1423 2903 1476 adhuc
2950 1424 3094 1476 circa
3127 1422 3416 1480 materiam
3461 1423 3784 1492 volutatur,
3813 1441 3950 1496 quam

2351 1513 2522 1570 (ἔικυεὶ
2551 1515 2669 1574 ὕλην
2698 1522 2930 1579 vocant;
2967 1531 3067 1572 nec
3100 1524 3279 1585 potest
3307 1531 3496 1572 vocem
3523 1532 3684 1575 suam
3713 1521 3776 1576 in
3804 1520 3948 1576 subli-

2352 1623 2437 1661 me
2480 1607 2693 1663 tollere.
2744 1606 3083 1678 Ubicumque
3129 1623 3266 1678 ergo
3307 1609 3362 1664 in
3409 1609 3715 1680 Seripturis
3767 1606 3983 1680 fenilia}

2351 1699 2548 1768 legitur
2569 1710 2623 1754 et
2649 1715 2812 1754 sexus
2841 1701 3110 1769 fragilior,
3146 1699 3213 1754 ad
3245 1703 3484 1756 materia:
3525 1703 3949 1774 intelligentiam

643 1799 816 1856 mino.
854 1797 994 1854 sum
1023 1808 1208 1858 amem
1253 1808 1311 1856 ει
1359 1798 1453 1853 am
1510 1800 1564 1854 ίη
1616 1798 1821 1853 familia
1870 1798 2240 1866 Εοειθείθειω,
2277 1783 2318 1844 Β
2351 1791 2761 1847 transferamus.
2809 1791 2964 1848 Unde
3013 1801 3069 1848 et
3109 1793 3322 1852 Pharao
3367 1809 3466 1850 non
3505 1795 3620 1851 vult
3668 1787 3983 1852 masculis

638 1891 816 1950 instar
845 1897 1004 1950 boum
1033 1902 1090 1950 et
1116 1895 1321 1960 ovium,
1353 1903 1578 1964 promer
1622 1908 1788 1963 opera
1837 1902 1894 1949 et
1921 1895 2237 1964 simplicita-

638 1992 789 2042 tem:
836 1985 927 2055 qui
965 1986 1176 2057 absque
1205 1987 1417 2042 ratione
1460 1996 1517 2043 et
1559 1988 1789 2043 scientia
1834 1987 2240 2056 Scriptnrnrum

637 2077 883 2134 laborant
909 2077 1130 2148 quidem
1161 2079 1214 2134 in
1246 2078 1519 2145 Ecclesia,
1553 2079 1649 2134 sed
1674 2079 1909 2135 necdum
1938 2080 2003 2136 ad
2035 2079 2085 2134 id
2114 2095 2241 2150 per-

634 2183 861 2232 venere,
890 2179 950 2224 ut
983 2169 1235 2226 homines
1277 2186 1398 2226 esse
1445 2181 1784 2236 mereantur,
1830 2181 1885 2226 ct
1917 2172 2144 2227 redeant
2175 2173 2242 2228 ad

635 2261 934 2333 imaginem
986 2261 1314 2318 conditoris.
1348 2262 1673 2334 Diligentius
1704 2275 1831 2320 nota
1861 2265 2008 2335 quod
2040 2265 2094 2320 in
2126 2280 2240 2321 scr-

633 2354 740 2419 vis.
772 2364 825 2410 et
850 2354 1087 2420 ancillis.
1121 2363 1177 2412 et
1199 2356 1513 2410 vernaculis
1538 2356 1830 2412 multitudo
1861 2371 1971 2412 non
1999 2357 2237 2424 additur,
2273 2368 2276 2371 '

634 2446 691 2503 in
725 2447 895 2504 bobus
920 2464 1049 2504 vero
1072 2458 1125 2503 et
1152 2448 1348 2508 ovibus
1377 2449 1600 2518 dicitur,
1637 2452 1889 2518 possessio
1936 2453 2156 2508 armenti
2192 2461 2238 2508 et

631 2541 802 2596 ovium
831 2539 857 2578 ι)
883 2539 1047 2595 multa
1078 2541 1176 2608 fuit
1196 2541 1342 2596 mihi.
1368 2541 1530 2598 Plura
1553 2543 1753 2614 quippe
1790 2544 1840 2599 in
1873 2544 2112 2604 Ecclesia
2145 2559 2233 2600 ar-

630 2645 839 2700 menta,
859 2651 1024 2704 quam
1039 2635 1292 2692 homines
1307 2653 1321 2702 ;
1339 2636 1527 2707 plures
1539 2652 1693 2706 oves,
1709 2653 1869 2709 quam
1884 2641 2052 2703 servi,
2069 2639 2241 2696 ancil-

633 2727 706 2786 las
733 2740 896 2799 atque
919 2730 1222 2786 vernaculi.
1246 2730 1385 2786 illud
1416 2746 1570 2794 vero,
1602 2732 1745 2801 quod
1776 2733 1830 2788 in
1859 2732 1963 2790 fine
1993 2733 2192 2788 dicitur
2219 2751 2232 2788 :

708 2819 878 2892 Super
908 2837 1106 2888 omnes,
1156 2824 1244 2885 qui
1280 2827 1490 2894 fuerunt
1535 2833 1655 2879 ante
1697 2840 1780 2880 me
1814 2825 1868 2879 in
1917 2825 2230 2882 Jerusalem.

633 2911 758 2970 Non
787 2913 854 2970 ad
896 2916 1160 2986 grandem
1207 2917 1435 2988 gloriam
1480 2919 1717 2988 pertinet
1748 2917 2083 2985 Salomonis,
2130 2936 2236 2975 uno

632 3015 795 3077 patre
839 3022 938 3066 suo
966 3025 1096 3080 rege
1124 3025 1182 3065 se
1215 3011 1471 3068 ditiorem
1517 3013 1708 3078 fuisse,
1744 3011 1866 3081 quia
1895 3013 1999 3068 sub
2043 3013 2228 3081 Saule,

632 3097 872 3152 necdum
904 3100 1235 3169 regnabatur
1269 3103 1324 3156 in
1361 3102 1668 3160 Jerusalem
1696 3146 1710 3169 ,
1759 3113 1816 3160 et
1862 3121 1893 3160 a
1941 3103 2230 3174 Jebuszeis,

2347 1883 2632 1948 viviﬁcari,
2677 1884 2772 1939 sed
2818 1892 3030 1939 tantum
3084 1886 3335 1952 feminas,
3362 1902 3474 1956 quat
3521 1889 3780 1944 materia:
3836 1904 3950 1945 sunt

2345 1977 2542 2033 vicina:
2571 1977 2786 2048 (Exod.
2813 1994 2829 2034 l
2856 1979 2894 2048 ).
2932 1979 3000 2036 Et
3028 1994 3060 2037 e
3080 1981 3358 2038 contrario
3387 1981 3564 2037 nullus
3586 1982 3946 2048 Sanctorum,

2343 2072 2446 2126 nisi
2498 2087 2724 2140 perraro
2770 2071 3002 2128 feminas
3052 2075 3314 2143 genuisse
3351 2085 3626 2132 n~rratur.
3680 2076 3949 2146 Solusque

2343 2161 2663 2232 Salphaath,
2697 2164 2789 2234 qui
2818 2163 2872 2221 in
2904 2165 3147 2232 peccatis
3179 2176 3427 2224 mortuus
3455 2177 3559 2232 est,
3590 2181 3795 2225 omnes
3825 2169 3949 2223 filias

2340 2258 2530 2327 genuit
2575 2256 2775 2328 (Nunt.
2809 2260 2974 2329 xxv).
3005 2259 3177 2316 Jacob
3207 2262 3354 2318 inter
3386 2262 3680 2320 duodecim
3714 2265 3950 2319 Pati-iar-

2340 2353 2491 2416 chas,
2517 2352 2680 2406 unius
2709 2353 2836 2408 filim
2875 2364 3033 2423 pater
3059 2364 3162 2420 est,
3197 2365 3255 2411 et
3283 2358 3356 2411 ob
3387 2356 3567 2426 ipsam
3614 2358 3949 2426 periclitatur

2339 2443 2501 2513 (Gen.
2537 2461 2640 2500 xxx
2660 2444 2700 2514 ).
2732 2446 2950 2500 Delicitn
2973 2461 3188 2518 quoque
3218 2447 3765 2506 filiorumhominum
3798 2467 3949 2522 super

2339 2539 2607 2607 sapientia
2639 2537 3034 2609 intelligentiae,
3064 2556 3187 2609 qua:
3211 2541 3283 2596 ad
3307 2543 3478 2598 instar
3511 2543 3758 2612 paradisi
3795 2543 3950 2600 habet

2344 2640 2366 2665 ο
2400 2630 2643 2698 pomaria
2698 2629 2873 2696 varia,
2923 2642 2978 2687 et
3027 2631 3362 2702 n‘tttltiplices
3404 2634 3743 2706 voluptates.
3784 2636 3853 2690 Et
3891 2637 3949 2691 de

2339 2723 2455 2793 ipsa
2483 2723 2802 2793 przrcipitur
2833 2743 2845 2777 :
2884 2727 3150 2783 Delectare
3190 2729 3245 2784 in
3295 2727 3540 2793 Domino,
3573 2741 3620 2785 et
3660 2732 3814 2786 dabit
3868 2734 3947 2786 tibi

2337 2817 2608 2886 petitiones
2634 2817 2807 2871 cordis
2843 2819 2918 2872 tui
2959 2819 2978 2890 (
2998 2818 3147 2874 Psal.
3176 2836 3372 2886 xxxvr,
3400 2821 3495 2891 4).
3543 2825 3608 2878 ΕΙ.
3650 2824 3704 2880 in
3740 2827 3855 2880 alio
3882 2827 3951 2880 lo-

2337 2924 2434 2966 co:
2469 2911 2716 2968 Torrente
2729 2913 3009 2984 voluptatis
3035 2922 3138 2968 ture
3162 2915 3364 2986 potabis
3388 2932 3478 2971 eos
3499 2916 3516 2986 (
3539 2915 3689 2971 Psal.
3723 2935 3951 2982 xxxvm.

2335 3007 2370 3060 2
2392 3007 2432 3077 ).
2467 3007 2600 3062 Nam
2642 3009 2714 3066 de
2745 3011 2852 3065 vini
2885 3011 3182 3078 fusoribus,
3211 3023 3266 3069 et
3311 3015 3423 3070 vini
3456 3015 3810 3072 fusitricilsus
3846 3021 3950 3089 (ad

2337 3096 2745 3158 distinctionem
2774 3101 2980 3171 quippe
3009 3119 3154 3160 nunc
3196 3106 3508 3168 mascnlini.
3551 3107 3830 3164 feminino
3865 3127 3952 3182 ge-

629 3189 722 3258 qui
774 3189 876 3260 ipsi
927 3191 1047 3247 urbi
1081 3190 1423 3259 insederant,
1459 3196 1770 3251 tenebatur.
1818 3195 1998 3252 Altius
2050 3172 2234 3266 itaque
2259 3172 2304 3234 (ἶ
2337 3207 2470 3247 nere
2501 3195 2647 3250 νοΙυὶ
2674 3194 2977 3263 deClinarc.
3009 3198 3157 3268 quod
3180 3198 3408 3258 Lamias
3439 3217 3625 3268 Serm.“
3670 3219 3786 3260 NOII
3816 3208 3953 3262 τεά-

628 3280 1002 3347 tractandum,
1025 3297 1147 3352 qua:
1176 3283 1246 3338 sit
1270 3284 1610 3340 Jerusalem:
1643 3298 1695 3341 et
1729 3288 2003 3356 quomodo
2039 3288 2231 3344 Eccle-

620 3370 840 3444 siastes,
887 3380 1014 3428 ante
1045 3388 1260 3440 omnes,
1312 3376 1404 3446 qui
1447 3391 1505 3432 se
1552 3389 1950 3448 praecesserunt
1990 3383 2230 3453 regesin

628 3462 961 3531 Jerusalem,
991 3465 1158 3521 ditior
1187 3465 1370 3524 fuerit.

704 3557 1026 3630 Congregavi
1053 3559 1179 3613 mihi
1199 3572 1491 3631 argentum,
1523 3572 1570 3619 et
1598 3580 1806 3633 aurum,
1830 3575 1880 3622 et
1922 3567 2230 3624 substantias

627 3657 810 3716 regum
835 3651 881 3696 ct
907 3643 1312 3713 provinciarum.
1364 3641 1488 3700 Feci
1524 3648 1647 3702 mihi
1687 3659 1918 3706 cantores
1957 3661 2001 3706 et
2045 3663 2226 3708 canta-

626 3734 801 3797 trices,
832 3744 880 3788 et
912 3736 1125 3790 delicias
1162 3734 1328 3810 400
1355 3738 1585 3807 ﬁliorum
1630 3740 1920 3811 hominum,
1969 3745 2228 3802 ministros

625 3825 734 3879 vini
763 3835 809 3880 et
843 3827 1126 3881 ministras.
1156 3832 1455 3902 Argentum
1485 3840 1540 3886 et
1570 3847 1762 3888 aurum
1791 3848 2011 3906 semper
2045 3838 2230 3910 Scrip-

628 3927 748 3974 tura
779 3918 964 3973 divina
1007 3934 1172 3989 super
1197 3907 1456 3978 sermone
1486 3924 1639 3992 ponit
1670 3935 1724 3982 et
1756 3941 1944 3982 sensu.
1982 3925 2138 3984 Unde
2171 3907 2230 3984 et

625 4009 682 4064 in
710 4010 1055 4082 sexagesimo
1083 4015 1318 4082 septimo
1351 4014 1583 4085 psalmo,
1615 4015 1868 4072 columba
1904 4033 2027 4090 qua:
2055 4019 2225 4078 inter-

623 4110 875 4172 pretatur
901 4102 956 4156 in
982 4103 1198 4172 spiritu,
1229 4104 1634 4164 manifestiores
1659 4119 1679 4146 ο
1707 4117 1758 4166 et
1783 4110 1922 4165 visui
1951 4111 2226 4180 expositas

619 4197 736 4251 alas
754 4196 1142 4268 deargentatas
1158 4197 1342 4266 habet,
1359 4200 1718 4257 occultiorem
1734 4217 1866 4257 vero
1890 4203 2226 4260 intrinsecus

620 4300 842 4343 sensum
894 4287 948 4342 in
981 4289 1100 4343 auri
1131 4289 1337 4359 pallore
1362 4292 1565 4362 operit.
1619 4293 1828 4364 Regum
1868 4303 2050 4350 autem
2095 4296 2227 4352 sub-

615 4381 871 4445 stantias,
904 4389 960 4435 et
989 4382 1415 4450 provinciarum,
1442 4385 1560 4444 sive
1584 4387 1894 4458 regionum,
1924 4389 1976 4444 in
1997 4390 2227 4448 creden-

621 4471 758 4528 tium
812 4478 1160 4546 congregavit
1208 4478 1552 4544 Ecclesiam;
1617 4482 1842 4546 illorum
1892 4499 2103 4556 regum,
2155 4487 2225 4544 de

2336 3283 2452 3354 pit)
2476 3285 2622 3340 aliud
2652 3289 2846 3355 multo,
2871 3305 3033 3360 quam
3062 3292 3116 3346 in
3146 3303 3395 3364 promptu
3417 3304 3525 3361 est,
3552 3295 3753 3366 Aquila
3780 3298 3952 3356 inter-

2334 3388 2608 3446 pretatur.
2657 3380 2776 3437 Non
2828 3383 2973 3436 enim
3026 3385 3299 3452 homines,
3356 3387 3503 3442 viros
3559 3385 3846 3456 videlicet,
3901 3402 3952 3446 et

2342 3467 2501 3542 401
2531 3471 2784 3535 feminas,
2818 3473 2918 3530 sed
2947 3473 2963 3513 ί
2993 3476 3337 3532 vasculorum
3371 3479 3586 3549 species
3610 3483 3948 3547 nominavit,

2334 3565 2552 3623 κυλίκιον
2595 3574 2648 3621 et
2686 3569 2885 3624 κυλίκια
2929 3585 3163 3636 vocans,
3217 3571 3365 3640 quod
3415 3572 3690 3630 Hebraice
3742 3577 3949 3633 dicitur

2335 3670 2502 3714 suos
2526 3658 2692 3731 (mia)
2713 3670 2768 3716 et
2795 3677 3036 3718 sannorn
3057 3663 3266 3735 (nmo).
3291 3664 3537 3736 Denique
3556 3667 3947 3739 Symhns.

2334 3747 2461 3802 licet
2489 3750 2714 3806 verbum
2769 3768 2876 3808 non
2913 3757 3148 3821 potuerit
3186 3756 3494 3827 exprimere
3543 3759 3614 3816 de
3645 3763 3844 3827 verbo.
3877 3767 3949 3820 ab

2333 3838 2435 3896 hac
2464 3841 2720 3909 Opinione
2762 3859 2872 3898 non
2913 3845 3071 3916 longe
3102 3857 3205 3916 est,
3279 3848 3473 3905 dicens
3521 3868 3536 3905 :
3579 3861 3604 3900 Β
3639 3851 3946 3914 Nam

2330 3936 2568 4006 species,
2621 3948 2669 3993 et
2715 3941 3093 4007 oppositiones.
3145 3945 3274 4000 Sive
3327 3943 3494 4014 igitur
3553 3961 3772 4012 urceus.
3827 3951 3944 4006 sive

2328 4028 2583 4099 scyphos,
2613 4030 2730 4084 sive
2767 4041 3034 4102 crateres,
3066 4037 3159 4105 qui
3203 4036 3257 4092 in
3311 4037 3632 4094 ministeriis
3681 4040 3941 4099 ordinan-

2329 4128 2462 4186 tur,
2515 4136 2646 4179 auro
2701 4127 3042 4196 gemmisque
3091 4128 3382 4188 distinctos
3431 4133 3786 4192 Salomone»
3843 4136 3938 4192 ha-

2328 4213 2512 4269 buisse
2543 4216 2874 4272 credendum
2925 4229 3013 4275 est
3047 4238 3059 4274 :
3093 4231 3147 4276 et
3175 4223 3320 4292 quod
3354 4238 3420 4280 ex
3472 4241 3581 4280 uno
3609 4228 3828 4299 κυλικίῳ,
3886 4230 3934 4283 id

2329 4315 2449 4374 est,
2494 4318 2727 4374 cratere,
2760 4311 2885 4366 aliis
2930 4314 3196 4377 κυλικίοις.
3230 4317 3538 4374 minoribus
3575 4318 3791 4374 scilicet
3845 4338 3937 4376 ra-

2327 4400 2507 4469 sculis,
2541 4401 2856 4460 liauriretur
2891 4422 2905 4459 :
2948 4414 3004 4463 et
3040 4421 3139 4477 per
3169 4409 3544 4468 ministrorum
3588 4426 3796 4468 manus
3842 4431 3938 4485 po-

2329 4493 2556 4548 tantium
2603 4497 2788 4550 vinum
2847 4499 3008 4554 turba
3051 4503 3378 4572 susciperet.
3435 4504 3567 4574 Quia
3604 4504 3784 4576 igitur
3837 4508 3934 4562 Ec—

615 4565 820 4636 quibus
857 4569 1142 4639 psalmista
1177 4574 1374 4628 canit:
1434 4576 1720 4631 Astiterstnt
1765 4595 1910 4650 reges
1956 4591 2124 4650 ter-rw,
2169 4561 2612 4642 etDclesiastcn
2657 4588 3089 4662 interpretamur
3142 4561 3217 4649 in.
3245 4561 3479 4654 Christ;
3519 4561 3929 4674 :etvsapientia

691 4733 718 4762 "
760 4725 908 4810 Mss...
925 4727 1101 4810 nostri
1131 4729 1353 4799 addunt,
1382 4750 1540 4806 super
1560 4750 1757 4804 omnes,
1781 4736 1868 4808 qui
1893 4740 2101 4810 [uerunt
2129 4758 2220 4795 an-

623 4809 674 4853 te
701 4814 780 4852 me
801 4800 853 4852 in
873 4797 1188 4856 Ierusalem.

689 4868 720 4909 ιι
760 4869 933 4950 [idem
954 4887 1111 4950 mss.,
1143 4875 1388 4950 etapium
1415 4876 1694 4932 multitudo
1727 4880 1828 4950 fuit
1851 4882 1998 4935 mihi.

693 4953 716 4981 ο
753 4939 818 4996 In
852 4945 1041 5017 spiritu
1070 4948 1471 5017 manifestiora,
1514 4959 1626 5006 etc.
1658 4939 1994 5017 Depravatus
2024 4951 2114 5008 hic
2143 4953 2221 5008 lo-

617 5026 718 5074 cus
748 5025 828 5070 est
852 5013 915 5094 in
942 5013 1224 5094 veteribus
1240 5013 1614 5094 editionibus,
1639 5013 2017 5094 ubi'legimus:
2051 5025 2222 5090 Prop-

617 5086 1080 5210 ;erbman;{estiora
1121 5098 1168 5145 et
1205 5089 1340 5146 uisui
1383 5086 1666 5161 expositas,
1712 5086 1840 5150 atas'
1855 5086 2222 5167 deargentatas

620 5172 684 5212 ,la
723 5166 792 5209 et.
889 5172 1101 5212 suum.

620 5174 792 5213 tranet.
835 5174 1101 5212 manum.

620 5225 713 5306 md
741 5225 1070 5297 lllarumque
1090 5229 1380 5306 regionum,
1405 5240 1509 5306 etc.
1538 5233 1705 5292 iidem
1725 5237 1864 5293 editi
1886 5249 2044 5295 antea
2068 5239 2219 5306 libri,

613 5297 827 5423 iMllarmn
855 5314 1062 5370 quoque
1100 5297 1397 5373 regionum,
1429 5305 1482 5358 in
1507 5322 1634 5376 quas
1657 5309 1830 5364 oculos
1861 5311 2080 5378 elevare,
2109 5297 2216 5366 etc:

676 5387 890 5423 Aft'l‘lAN.

676 5387 890 5425 ARTIAN.

693 5453 716 5518 ξ
759 5441 1185 5518 liursum_iident
1221 5460 1381 5518 mss.,
1415 5446 1565 5502 liabet
1587 5465 1738 5518 poma
1766 5452 1929 5506 varia.

697 5510 716 5548 '
762 5514 890 5594 Duo
922 5515 1149 5571 Palatini
1193 5526 1248 5572 et
1288 5510 1690 5594 Vatican.,_'sed
1717 5522 2064 5577 masculorum
2104 5541 2221 5594 spe-

619 5583 742 5638 cies.
775 5587 994 5664 κυλίκιον
1025 5603 1154 5642 vero
1182 5604 1372 5664 parvus
1402 5598 1485 5643 est
1511 5583 1682 5664 catis,
1708 5601 1800 5646 aut
1823 5594 2064 5664 scyphus.

689 5684 760 5694 --
789 5658 1016 5718 κυλίκιον
1060 5667 1116 5714 ct
1142 5662 1342 5718 κυλίκια
1380 5676 1587 5720 vocans.
1622 5662 1720 5716 llic
1751 5658 2102 5726 vero'Crteca
2142 5668 2223 5724 sic

623 5737 1001 5804 corrumpunt,
1046 5732 1350 5804 nominavit
1388 5733 1614 5790 κυλίκιαν
1657 5737 1742 5791 καὶ
1777 5735 1978 5804 κύλικα,
2018 5737 2222 5796 Deinde

621 5790 824 5847 addunt
853 5790 1124 5852 illcbraica
1157 5801 1322 5855 verba
1359 5805 1420 5865 ill,
1453 5790 1708 5862 contouu
1755 5790 2218 5865 secutidittit

2328 4744 2673 4826 sorelltarutn
2731 4758 2934 4826 puncta
2982 4753 3222 4826 vocalia,
3272 4757 3494 4812 schiddu
3537 4767 3596 4813 et
3636 4760 3928 4826 schiddom,

2328 4831 2450 4869 cum
2480 4818 2840 4895 llieronymns
2861 4824 3049 4895 legerit
3067 4818 3230 4882 sedda
3252 4838 3308 4884 et
3333 4828 3598 4891 Soddoth,
3626 4832 3752 4892 sive
3771 4818 3930 4888 sedda

2328 4895 2383 4941 ct
2404 4889 2649 4955 saddotlt,
2678 4889 2734 4945 ut
2761 4889 3056 4951 habet'ms.
3088 4897 3440 4956 Sorhonicns.
3495 4889 3768 4960 Maurus.

2389 4967 2426 5040 ,ε
2467 4960 2608 5042 Olim
2635 4971 2753 5016 erat
2772 4980 3153 5034 mensurarum,
3177 4986 3277 5041 pro
3304 4986 3410 5040 quo
3431 4971 3786 5034 Martianzuus
3810 4973 3928 5031 fecit

2329 5046 2528 5114 minori
2559 5049 3138 5114 numero_mensuram,
3168 5042 3303 5114 etin
3335 5043 3706 5114 llexaplOruut
3737 5049 3924 5102 cullcr-

2330 5101 2476 5187 tione
2515 5105 2892 5187 ξεττ-,θωρηωὶὴξ
2933 5110 2999 5168 ςκ1
3032 5101 3188 5167 11ι1έ111
3226 5101 3924 5187 γθιίεαηίωςίαιιιιιέύ-

2328 5175 2494 5227 terius
2515 5175 2758 5258 Palatini
2813 5179 2982 5258 prima
3027 5199 3186 5238 manu
3234 5187 3404 5242 satius
3447 5187 3622 5244 visum
3671 5175 3762 5246 est
3806 5188 3922 5258 legi,

2325 5260 2638 5331 mensarum.
2673 5247 2742 5304 Et
2772 5247 2906 5331 γε)ιό
3030 5269 3326 5331 mensarum
3355 5258 3586 5331 species,
3637 5271 3693 5319 et.
3725 5247 3926 5331 appoit’;

2326 5315 2486 5397 tiones
2531 5318 2896 5400 Symmachus
2932 5323 3088 5400 dixit,
3119 5326 3186 5380 ab
3230 5315 3464 5400 Aquila),
3500 5315 3596 5398 qui
3624 5315 3924 5400 poculorum

2324 5387 2515 5470 species
2529 5387 2826 5473 uenditauit,
2828 5409 2957 5473 humi
2984 5396 3160 5473 longe,
3187 5387 3327 5465 quod
3351 5387 3721 5473 Hie'ro'tiyn'tus
3745 5387 3920 5463 tradit.

2325 5459 2582 5546 Op‘il‘llOII'e
2604 5462 2793 5516 abfuit.
2823 5462 3046 5533 Contra,
3075 5459 3124 5546 si
3147 5459 3459 5546 mensuram,
3491 5459 3605 5538 aui,
3631 5489 3756 5544 qua:
3781 5459 3922 5546 pejor

2325 5537 2410 5585 est
2429 5529 2615 5616 lectio,
2640 5550 2952 5616 niensurnm,
2971 5529 3163 5607 species
3179 5529 3576 5616 νρτιὶδςςιίωε.
3769 5529 3924 5616 ἶόξινξ

2327 5615 2503 5684 neque
2552 5602 2635 5684 ad_
2663 5602 3333 5684 se_invicem'rcspgectmn
3376 5602 3603 5677 habent;
3638 5602 3758 5672 'nec
3800 5615 3926 5684 quid

2327 5671 2546 5728 tandem
2593 5677 2751 5732 simul
2785 5677 2987 5757 juncta:
3024 5671 3356 5757 signiﬁcent,
3398 5671 3749 5757 intelligitur.
3784 5671 3925 5742 ll'eli-

2327 5757 2464 5812 quas
2498 5759 2710 5820 quoque
2749 5755 3036 5812 contextus
3065 5752 3506 5816 emendationem
3536 5752 3680 5818 hinc,
3712 5760 3926 5829 probat.
