4010 6314
67 324 213 390 tosti

1096 315 1648 380 COMMENTARIUS
1690 317 1751 381 IN
1793 314 2332 381 ECCLESIASTEN.

3236 316 3378 379 1050

66 441 121 495 in
160 452 184 478 τι
214 449 427 498 cratere
458 440 628 501 mixto
659 437 711 497 in
741 436 1050 497 Proverbiis
1079 444 1473 505 praetereuntes
1514 435 1581 489 ad
1611 450 1671 489 se
1699 438 1745 497 Α
1777 434 1947 504 (Psal.
1975 450 2127 500 xvtn,
2158 432 2235 505 ϐ).
2263 432 2511 489 Christus
2539 433 2597 488 in
2627 432 2745 489 sole
2768 432 3379 502 posuittaberuaculum

67 544 341 590 convocat
374 553 383 585 :
416 532 629 603 Corpus
668 530 879 587 Domini
922 544 1063 585 nunc
1102 537 1373 584 craterem
1416 543 1669 597 magnum

65 624 338 685 debemus
385 624 667 693 accipere.
712 623 764 678 in
813 636 921 692 quo
959 636 1065 676 non
1107 636 1321 681 merae:
1364 621 1668 687 Divinitas,

67 724 130 771 ut
178 719 231 772 iu
265 716 582 775 emlestibus
615 715 736 780 fuit,
771 713 865 770 sed
920 722 1140 785 propter
1188 728 1286 767 nos
1338 712 1673 767 humanitate

65 809 249 865 media
286 818 586 877 temperata
638 816 739 873 est,
774 815 828 865 et
859 821 956 876 per
982 806 1289 875 Apostolm,
1344 805 1553 860 minora
1584 828 1674 858 κν·

64 901 225 969 λίκια,
259 900 495 972 scyphos
538 898 792 969 parvulos
842 908 898 953 et
954 910 1218 965 crateras,
1264 899 1319 951 in
1379 906 1492 951 toto
1542 896 1676 951 orbe

67 995 424 1053 credentibus
456 992 623 1051 eﬂ‘usa
656 991 922 1062 sapientia
956 1001 1057 1046 est.

144 1087 214 1142 Et
260 1086 626 1159 magniﬁcatus
654 1102 792 1148 sum,
829 1094 876 1138 et
904 1085 1071 1156 adjeci
1110 1083 1136 1122 ι)
1177 1084 1485 1152 sapientiam
1524 1098 1679 1153 super

68 1197 251 1236 omnes
291 1180 380 1250 qui
421 1184 634 1250 fuerunt
680 1187 798 1231 ante
827 1193 907 1231 me
941 1179 995 1231 in
1032 1176 1368 1231 Jerusalem:
1399 1175 1680 1245 etquidem

67 1273 331 1342 sapientia
356 1288 465 1325 mea
493 1270 629 1325 stetit
654 1268 801 1322 milii.
847 1268 1242 1337 Ilauttiﬁeatutn
1289 1267 1677 1333 Ecclesiasten,

68 1366 300 1422 minime
332 1365 543 1419 videtur
569 1364 797 1417 Domino
818 1363 1131 1427 convenire,
1160 1361 1263 1417 nisi
1303 1359 1447 1415 forte
1470 1361 1519 1416 ei
1552 1361 1679 1416 illud

68 1467 355 1527 aptemus:
394 1452 708 1524 Proﬁciebat
736 1454 989 1523 sapientia
1009 1462 1054 1509 et
1084 1461 1229 1506 (etate
1250 1462 1299 1505 et
1328 1453 1495 1524 gratia
1523 1451 1678 1519 (Luc.

72 1565 138 1609 ιι.
173 1549 286 1617 52).
324 1548 389 1603 Et
416 1566 427 1601 :
472 1546 692 1617 Propter
720 1546 856 1615 quod
892 1546 1043 1603 illum
1076 1545 1214 1599 Deus
1244 1546 1488 1601 exultavit
1512 1544 1680 1614 (Phil.

69 1659 137 1708 ιι,
171 1641 249 1712 9).
282 1641 433 1709 Quod
457 1652 638 1697 autem
669 1644 745 1693 ait
771 1658 781 1691 :
836 1639 938 1705 Qui
968 1639 1178 1710 fuerunt
1204 1649 1424 1693 anteme
1451 1640 1501 1692 in
1531 1637 1684 1693 leru-

72 1738 265 1801 salem,
292 1738 359 1793 de
403 1735 486 1789 his
511 1734 667 1801 dicit,
700 1733 791 1803 qui
823 1743 953 1787 ante
996 1732 1288 1789 adventum
1330 1747 1513 1795 suum,
1552 1746 1684 1785 con-

1772 541 1950 582 suum.
1983 527 2167 597 Itaque
2198 528 2288 597 qui
2331 528 2561 582 necdum
2590 527 2657 581 ad
2685 528 2821 582 solis
2865 528 3201 594 claritatem,
3237 526 3387 581 ordi-

1775 635 1921 684 nent,
1963 622 2441 690 constantiamque
2476 621 2723 691 pervenit
2773 619 2878 693 [ΑΙ.
2918 620 3284 693 pervenerit],
3331 621 3383 673 in

1776 713 1880 768 hoc
1906 712 2161 769 Christus
2187 730 2288 769 nec
2316 713 2563 769 habitare
2592 715 2811 783 poterit,
2849 730 2949 767 nec
2972 714 3273 768 abundare.

1852 805 1916 859 Et
1946 808 2147 875 respexi
2176 824 2291 877 ego,
2326 817 2379 859 ut
2402 806 2628 861 viderem
2665 808 2994 877 sapientiam,
3033 816 3082 860 et
3112 822 3310 860 errores
3337 816 3385 859 et

1778 897 2053 951 stultitiam
2080 914 2096 951 :
2133 901 2253 967 quia
2277 899 2393 969 quis
2413 908 2489 952 est
2519 898 2807 962 hominum,
2839 899 2931 968 qui
2967 898 3129 968 possit
3172 900 3248 951 ire
3276 909 3387 967 post

1778 1008 1949 1061 rrgcm
1985 989 2002 1028 ί
2045 1004 2199 1061 atque
2237 995 2483 1062 faetorem
2512 993 2704 1045 suum?
2746 989 2881 1057 Quia
2924 992 2975 1043 in
3007 990 3389 1059 superioribus

1780 1099 1951 1152 usque
1991 1083 2059 1139 ad
2082 1099 2208 1139 eum
2236 1085 2415 1139 locutu
2448 1086 2499 1137 in
2530 1100 2637 1154 quo
2665 1083 2944 1153 Scriptura
2982 1083 3050 1136 ait
3078 1099 3091 1135 :
3127 1082 3392 1152 Sapirntis

1780 1176 1918 1227 oculi
1947 1176 2002 1227 in
2026 1179 2197 1245 capite
2217 1180 2350 1247 ejus,
2380 1192 2485 1231 uno
2522 1183 2718 1231 cuncta
2748 1189 3004 1229 sermone
3032 1172 3391 1242 comprehen-

1782 1264 1991 1329 deram,
2025 1268 2219 1321 volens
2261 1282 2485 1320 sensum
2535 1268 2773 1321 breviter
2819 1266 3082 1331 indicare,
3126 1277 3178 1319 et
3221 1266 3292 1319 ob
3340 1266 3392 1320 id

1783 1372 1997 1415 rursnm
2020 1360 2320 1414 secundum
2342 1364 2632 1435 ἀναγωγήν,
2659 1361 2842 1429 aliqua
2868 1359 3031 1431 503
3057 1360 3394 1428 perstrinxe—

1783 1465 1923 1513 ram,
1955 1466 2100 1505 nunc
2125 1451 2279 1521 juxta
2310 1453 2361 1507 id
2392 1452 2539 1523 quod
2566 1466 2861 1521 coeperam,
2888 1466 3166 1521 exponere
3196 1451 3391 1505 debeo.

1786 1542 2011 1597 Multum
2043 1544 2189 1598 enim
2240 1562 2269 1597 a
2297 1546 2654 1615 Septuaginta
2690 1546 3149 1615 interpretatione
3194 1545 3247 1599 in
3295 1545 3395 1598 hoc

1785 1634 1909 1688 loco
1940 1635 2190 1690 diversus
2222 1646 2305 1690 est
2335 1652 2549 1691 sensus.
2590 1638 2725 1691 Dicit
2772 1648 2952 1692 autem
2988 1652 3067 1702 se,
3100 1645 3223 1707 post
3260 1638 3398 1691 deli-

1786 1728 1900 1781 cias
1932 1728 2350 1798 voluptatesque
2376 1730 2687 1793 damnatas,
2731 1733 3026 1785 revertisse
3072 1731 3137 1784 ad
3177 1731 3396 1799 sapien-

71 1829 451 1901 gregationem
481 1827 811 1883 Sanctorum
855 1836 909 1880 et
949 1824 1245 1879 Eeclesiam
1289 1825 1681 1893 gubernarunt.
1718 1830 1760 1889 η
1792 1817 1918 1875 tiam
1951 1819 2397 1887 perquirendam,
2433 1822 2485 1873 iu
2515 1836 2621 1891 qua
2653 1821 2773 1890 plus
2801 1823 3010 1875 erroris
3040 1821 3395 1892 stultitimquc

73 1925 139 1980 Si
190 1924 547 1993 spiritualiter
591 1921 947 1988 intelligimus
990 1919 1323 1988 Scripturas,
1383 1918 1553 1971 ditior
1602 1925 1686 1970 est

74 2016 333 2073 Christus
382 2015 639 2073 omnibus
692 2012 801 2084 [ΑΙ.
849 2013 917 2067 ab
971 2010 1333 2080 hominibus]:
1386 2010 1430 2064 si
1480 2019 1688 2064 tantum

73 2112 399 2175 carnaliter,
434 2108 628 2165 melius
660 2116 681 2144 ο
708 2105 1034 2176 intelligitur
1063 2103 1373 2173 Synagoga,
1397 2117 1557 2167 quam
1583 2102 1689 2155 Ec-

72 2204 271 2260 clesia.
308 2202 453 2255 Tulit
484 2215 613 2265 ergo
658 2198 931 2260 velamen,
954 2196 1096 2265 quod
1126 2193 1228 2250 fuit
1261 2194 1495 2262 positum
1526 2207 1693 2261 super

75 2298 301 2355 vultum
326 2293 495 2363 Moysi
523 2291 718 2363 (Exod.
755 2288 967 2360 xxxnv),
994 2298 1048 2345 et
1072 2289 1238 2356 pleno
1263 2285 1470 2345 lumine
1495 2286 1691 2341 faciem

76 2389 206 2458 ejus
248 2386 439 2441 videre
466 2401 564 2439 nos
597 2384 723 2438 fecit
750 2382 817 2453 (ll
859 2380 981 2436 Cor.
1023 2384 1128 2451 tu).
1160 2380 1332 2435 Porro
1358 2379 1579 2435 stetisse
1609 2394 1693 2434 sa-

75 2481 353 2555 pientiam
385 2479 487 2534 sibi
514 2476 563 2539 (1.
596 2478 688 2533 ille
720 2491 913 2533 sensus
938 2486 1044 2540 est,
1071 2474 1213 2543 quod
1242 2474 1407 2529 etiam
1434 2474 1485 2528 in
1527 2489 1696 2528 carne

78 2576 270 2649 posito
299 2573 400 2628 sibi
421 2570 584 2645 402
617 2569 975 2638 permanserit
1018 2567 1307 2637 sapientia.
1351 2567 1455 2632 Qui
1484 2567 1697 2635 profec-

84 2677 206 2722 tum
241 2666 405 2721 habet
438 2666 489 2719 in
532 2662 825 2731 sapientia,
869 2677 974 2715 non
1008 2660 1057 2715 ei
1109 2668 1218 2715 stat
1255 2658 1556 2727 sapientia;
1603 2658 1697 2729 qui

86 2768 273 2816 autem
303 2773 409 2813 non
442 2756 637 2823 recipit
662 2753 988 2823 profectum,
1025 2767 1123 2808 nec
1143 2765 1239 2819 per
1271 2760 1543 2805 momenta
1574 2766 1697 2807 suc-

89 2850 316 2916 crescit,
367 2848 463 2905 sed
510 2862 725 2915 semper
768 2847 823 2902 in
856 2844 1191 2915 plenitudine
1218 2853 1324 2909 est,
1373 2846 1473 2899 iste
1513 2844 1699 2901 dicere

89 2952 278 3013 potest
302 2958 311 2991 :
339 2939 405 2994 Et
426 2939 564 2993 stetit
595 2938 724 2992 mihi
747 2936 1024 3006 sapientia.

170 3031 239 3085 Et
267 3048 413 3085 omne
437 3032 576 3101 quod
604 3027 996 3100 postulaverunt
1037 3028 1172 3083 oculi
1215 3027 1338 3093 mei,
1382 3044 1483 3081 non
1512 3026 1605 3081 tuli
1634 3030 1702 3083 ab

92 3127 173 3183 eis
195 3142 213 3179 :
248 3142 337 3180 nec
371 3123 610 3195 prohibui
640 3138 727 3175 cor
755 3138 921 3174 meum
953 3120 1013 3173 ab
1038 3122 1177 3174 omni
1206 3121 1386 3174 ltetitia
1410 3135 1427 3172 :
1453 3120 1573 3189 quia
1614 3136 1701 3171 cor

92 3234 267 3271 meum
307 3218 534 3270 lassatum
564 3223 639 3268 est
680 3215 733 3266 in
776 3213 916 3267 omni
960 3210 1135 3265 labore
1162 3227 1293 3264 meo.
1342 3209 1410 3264 Et
1451 3212 1559 3267 haec
1600 3211 1699 3281 [ait
1727 3211 1771 3271 C

92 3312 269 3385 portio
297 3326 409 3369 mea
431 3325 494 3362 ea:
520 3308 659 3363 omni
682 3306 863 3361 labore
906 3322 1040 3359 meo.
1071 3306 1225 3359 Oculi
1254 3305 1450 3358 anima:
1474 3313 1529 3357 et
1554 3320 1702 3358 uten-

92 3407 170 3461 tis
204 3404 429 3457 intuitus
457 3399 978 3467 contemplationem
999 3397 1315 3452 desiderant
1334 3396 1699 3468 spiritualem,

92 3511 268 3569 quant
295 3502 548 3564 peccator
576 3493 854 3562 ignorans,
881 3490 1136 3563 prohibet
1166 3505 1194 3543 a
1219 3505 1342 3545 vera
1365 3490 1704 3559 jocnnditatc

95 3607 197 3649 cor
230 3605 409 3645 suum.
446 3587 581 3641 Huic
609 3602 739 3656 ergo
772 3601 830 3639 se
864 3583 1232 3639 Ecclesiastes
1257 3593 1427 3637 tutum
1458 3583 1624 3646 dedit,
1651 3594 1705 3638 ct

95 3686 223 3741 leve
255 3679 622 3736 tribulationis
649 3677 755 3749 [Αἰ.
785 3678 932 3731 leves
966 3674 1371 3745 tribulationes]
1397 3676 1446 3729 itt
1476 3676 1705 3741 Steculo,

99 3786 306 3833 aeterna
337 3775 507 3845 gloria
541 3770 939 3839 compensavit.
978 3768 1103 3822 Haec
1130 3772 1273 3822 enim
1310 3767 1484 3839 [tortili
1524 3776 1705 3822 nostra

98 3878 210 3932 est,
258 3868 652 3939 prmmiumque
684 3872 1030 3933 perpetuum,
1077 3863 1118 3915 si
1160 3860 1244 3915 hic
1289 3877 1385 3930 pro
1417 3862 1707 3917 virtutibus

100 3964 445 4020 laboremus.

180 4054 255 4108 Et
280 4053 484 4124 respexi
516 4067 607 4122 ego
653 4048 723 4101 ad
766 4049 937 4101 omnia
969 4063 1123 4119 opera
1164 4064 1295 4115 mea,
1328 4064 1444 4119 (μηδ
1482 4051 1710 4118 fecerant

100 4164 292 4203 manus
316 4160 461 4207 meta,
494 4156 539 4197 et
571 4144 624 4196 in
653 4140 826 4195 labore
850 4157 952 4212 quo
977 4142 1331 4194 laboraverant
1359 4142 1577 4207 faciens.
1608 4140 1708 4211 Qui

100 4257 232 4298 cum
259 4238 540 4309 diligentia
572 4244 625 4290 et
653 4235 907 4289 cautione
938 4233 1049 4303 agit
1078 4234 1355 4299 universa,
1389 4232 1503 4288 haec
1536 4242 1711 4304 potest

104 4332 317 4389 dicere.

182 4423 252 4477 Et
276 4439 387 4477 ecce
416 4421 591 4476 omnia
618 4420 841 4483 vanitas,
867 4427 912 4471 et
933 4427 955 4455 ε
985 4418 1221 4475 voluntas
1252 4418 1484 4489 spiritus.
1514 4415 1581 4469 Et
1610 4434 1713 4473 non

105 4526 189 4573 est
240 4516 559 4570 abundantia
600 4512 695 4566 sub
733 4510 860 4565 sole.
892 4510 1179 4578 Quomodo
1225 4511 1275 4562 in
1326 4509 1541 4563 eteteris
1586 4510 1714 4569 vilia

1791 1909 2079 1977 repererit,
2104 1927 2266 1978 quam
2291 1927 2433 1967 verae
2461 1921 2735 1981 certzeque
2760 1915 3080 1982 prndentim.
3108 1913 3226 1968 Non
3247 1916 3392 1968 enim

1789 2017 1952 2073 pOSse
1986 2006 2258 2060 hominem
2293 2018 2397 2059 tam
2425 2008 2628 2076 liquido
2653 2017 2707 2060 et
2739 2024 2870 2075 pure
2898 2009 3041 2062 seire
3068 2009 3395 2076 sapientiam

1790 2100 2056 2153 creatoris
2087 2108 2139 2154 et
2183 2100 2329 2167 regis
2356 2099 2464 2160 sui,
2496 2115 2657 2168 quam
2690 2098 2795 2153 scit
2842 2100 2955 2163 ille,
3006 2100 3097 2169 qui
3140 2100 3398 2155 conditor

1791 2204 1896 2249 εει.
1926 2194 2134 2263 Itaque,
2165 2203 2219 2247 et
2248 2195 2337 2247 illa
2370 2212 2486 2264 quae
2534 2195 2807 2260 novimus,
2837 2194 3050 2264 epioari
3086 2211 3185 2250 nos
3217 2197 3400 2265 potius

1794 2300 1956 2356 quam
2004 2295 2213 2351 tenere,
2248 2298 2299 2342 et
2334 2288 2609 2344 aestimare
2641 2290 2813 2360 magis
2853 2304 3017 2358 quam
3058 2291 3223 2356 scire,
3257 2290 3403 2365 quod

1793 2392 1987 2433 verum
2015 2388 2120 2433 (νει.

1867 2470 1938 2526 Et
1960 2472 2064 2527 vidi
2084 2490 2197 2544 ego,
2223 2475 2347 2545 quia
2370 2484 2444 2528 est
2467 2476 2795 2530 abundantia
2820 2478 3090 2547 sapientite
3110 2493 3265 2546 super
3287 2478 3409 2531 stul-

1797 2565 1987 2627 titiam,
2010 2566 2142 2621 sicut
2162 2554 2483 2621 abundantia
2505 2567 2639 2623 lueis
2662 2586 2815 2641 super
2841 2570 3096 2625 tenebras.
3128 2571 3298 2637 Licet,
3328 2572 3409 2626 in~

1798 2656 1937 2725 quit,
1965 2657 2136 2725 ipsam
2164 2657 2443 2711 hominum
2469 2661 2792 2729 sapientiam
2825 2664 3048 2716 mixtam
3082 2679 3271 2717 errore
3296 2679 3409 2734 pcr-

1800 2749 2055 2817 viderim,
2085 2761 2317 2811 nectam
2343 2754 2547 2823 purein
2579 2763 2796 2809 nostros
2814 2756 3027 2809 animos
3058 2756 3206 2811 illabi
3222 2772 3407 2827 posse,

1800 2857 1962 2912 quam
1987 2853 2071 2897 est
2095 2844 2149 2898 in
2166 2860 2293 2915 rege
2317 2856 2368 2899 ct
2390 2846 2677 2902 conditore
2708 2859 2927 2911 nostro;
2956 2858 3133 2903 tamen
3159 2864 3407 2919 magnam

1801 2936 1964 2990 etiam
2016 2936 2068 2990 in
2115 2953 2182 2991 eo
2215 2938 2362 3007 quod
2407 2948 2513 3005 est,
2556 2939 2925 2995 dill'erentiam
2970 2942 3115 2996 inter
3158 2941 3303 2995 illam
3356 2952 3411 2996 et

1803 3028 2094 3084 stultitiam
2123 3045 2247 3091 esse
2277 3032 2527 3101 cognovi,
2556 3042 2818 3102 quantum
2853 3042 3033 3103 potest
3063 3034 3267 3089 distare
3294 3033 3412 3090 dies

1808 3134 1839 3175 a
1870 3130 2050 3186 nocte,
2086 3122 2271 3177 lumen
2295 3140 2322 3174 a
2357 3123 2621 3179 tenebris.

1879 3214 2141 3278 Sapientis
2166 3216 2304 3269 oculi
2349 3216 2402 3269 in
2433 3217 2603 3286 capite
2629 3219 2761 3288 ejus,
2807 3226 2859 3269 et
2879 3218 3072 3271 stultus
3110 3219 3163 3271 in
3193 3217 3415 3271 tenebris

1804 3307 2058 3364 ambulat.
2083 3308 2149 3361 Et
2167 3311 2379 3379 cognovi
2406 3328 2519 3381 ego,
2543 3312 2667 3380 quia
2695 3322 2904 3365 eventus
2933 3329 3063 3366 unus
3090 3314 3284 3368 eveniet
3307 3329 3419 3367 ont-

1805 3402 1954 3456 nibus
1980 3402 2077 3457 eis.
2102 3402 2207 3469 Qui
2238 3402 2291 3459 in
2323 3402 2624 3469 perlectum
2655 3405 2833 3459 virtnn
2866 3406 3201 3473 pervenerit,
3229 3417 3282 3459 et
3306 3422 3422 3461 rne-

1805 3496 1977 3551 ruerit
2010 3508 2066 3551 ut
2098 3506 2262 3565 caput
2295 3498 2465 3567 ipsius
2486 3498 2743 3551 Christus
2773 3500 2865 3563 sit,
2897 3500 3089 3553 oculos
3115 3513 3245 3552 suos
3268 3514 3415 3552 sem-

1808 3603 1904 3657 per
1938 3587 2161 3645 babebit
2182 3589 2249 3643 ad
2278 3588 2581 3654 Christum,
2608 3600 2663 3646 et
2693 3608 2788 3646 eos
2824 3594 2879 3645 in
2909 3593 3142 3646 sublime
3173 3592 3415 3655 elevans,

1810 3699 2106 3754 numquam
2138 3684 2207 3737 de
2230 3682 2587 3738 inferioribus
2612 3685 2891 3753 cogitabit.
2924 3684 3060 3739 Cum
3096 3684 3211 3737 ha-e
3247 3700 3306 3738 se
3346 3685 3419 3738 ita

1811 3773 2071 3838 habeant,
2102 3784 2155 3828 et
2183 3773 2328 3827 inter
2350 3775 2652 3842 sapientem
2683 3786 2737 3829 et
2758 3776 2986 3829 stultum
3018 3784 3164 3830 tanta
3215 3775 3423 3829 «iisun-

1812 3866 1884 3919 tia
1917 3867 2012 3931 sit,
2055 3865 2199 3933 quod
2228 3865 2369 3921 alter
2407 3865 2541 3931 diei,
2574 3866 2718 3921 alter
2764 3866 3005 3921 tenebris
3045 3875 3415 3935 comparetur,

1812 3956 1902 4013 ille
1932 3957 2131 4013 oculos
2157 3956 2229 4013 ad
2248 3958 2450 4013 coelum
2486 3958 2653 4025 levet,
2685 3959 2787 4013 iste
2812 3958 2864 4011 in
2898 3968 3102 4014 terram
3117 3957 3419 4027 deprimat:

1814 4057 2047 4119 repente
2078 4048 2213 4103 mihi
2240 4050 2498 4119 cogitatio
2532 4051 2633 4104 ista
2663 4050 2959 4119 subrepsit,
3007 4066 3174 4120 quare
3205 4052 3424 4119 sapiens

1815 4150 1872 4199 et
1922 4142 2124 4199 stultus
2153 4144 2433 4201 communi
2480 4144 2739 4199 liniantur
2774 4144 3018 4208 interitu,
3069 4158 3167 4199 cur
3215 4143 3422 4199 eaedem

1818 4235 2010 4306 plagm,
2044 4236 2191 4291 idem
2220 4247 2468 4303 eventus,
2512 4237 2705 4293 eadem
2739 4252 2908 4302 mors,
2942 4252 3101 4307 pares
3132 4248 3427 4308 utrumque

1816 4327 2082 4397 angustias
2113 4337 2380 4397 premant.

1892 4420 1957 4475 Et
1986 4421 2097 4475 dixi
2131 4437 2223 4493 ego
2250 4422 2301 4474 in
2325 4420 2482 4475 corde
2504 4436 2634 4485 meo,
2669 4420 2803 4474 sicut
2829 4429 3041 4475 eventus
3084 4422 3254 4487 stulti,
3287 4422 3358 4477 ita
3381 4434 3427 4477 et

1820 4514 1947 4567 milii
1965 4514 2183 4578 et'eniet,
2217 4523 2263 4568 et
2296 4523 2349 4569 ut
2376 4512 2502 4581 quid
2526 4512 2733 4582 sapiens
2758 4516 2929 4583 factus
2958 4524 2983 4561 ϐ
3014 4518 3166 4568 sum?
3186 4513 3256 4569 Et
3280 4515 3428 4569 locu-

104 4622 304 4669 cuncta
333 4608 633 4680 reputavit,
664 4620 780 4675 qua:
806 4605 906 4658 sub
936 4605 1054 4659 sole
1084 4612 1230 4668 sunt,
1259 4612 1313 4657 et
1342 4617 1439 4671 pro
1468 4602 1716 4656 rolunta-
1751 4602 1797 4661 D
1825 4613 1905 4658 tus
1922 4622 2034 4657 sunt
2062 4606 2113 4657 in
2140 4605 2293 4658 corde
2306 4620 2437 4670 meo,
2462 4605 2705 4673 quoniam
2734 4605 2829 4659 hoc
2846 4622 3041 4678 quoque
3069 4607 3430 4669 vanitas.Non

107 4718 229 4763 tum
259 4705 523 4759 varietate
551 4700 792 4755 diversa.
824 4696 895 4751 Et
918 4714 1019 4751 non
1043 4706 1121 4753 est
1146 4694 1465 4748 abundantia
1494 4694 1587 4749 sub
1614 4696 1721 4768 sole

191 4895 217 4921 τι
247 4882 498 4940 Martian.
534 4879 737 4947 absque
769 4878 819 4932 in
851 4877 1236 4946 prmpositione
1265 4893 1274 4928 :
1313 4886 1428 4930 tum.
1456 4891 1595 4930 unus
1628 4876 1726 4930 Pn-

110 4957 273 5013 latin.
310 4958 492 5017 mixta,
525 4966 632 5023 pro
659 4950 841 5005 mixto.
888 4948 1309 5023 Proverbiorutu
1352 4948 1504 5001 locus
1535 4958 1618 5001 est
1650 4964 1721 5023 ix,

112 5030 182 5084 5:
217 5026 418 5083 Venite.
438 5018 685 5075 caiiierlite
710 5037 893 5090 panem
916 5035 1103 5080 meum,
1129 5029 1177 5072 et
1201 5018 1351 5077 bibite
1372 5022 1562 5082 vinuin,
1589 5018 1726 5087 quod

109 5100 301 5154 miscui
342 5094 503 5153 vobis.
553 5094 751 5159 lietque
802 5092 914 5145 lucc
960 5092 1010 5142 in
1057 5091 1247 5157 primis
1289 5090 1622 5151 λυιὶιὶιςιιιάξι,
1659 5090 1722 5142 ad

80 5172 405 5225 veritatem
443 5162 691 5231 corporis
733 5160 933 5217 Christi
983 5162 1034 5214 in
1071 5162 1407 5217 Eucharistia
1456 5162 1722 5215 emititer-

114 5242 268 5301 dam,
299 5238 592 5306 anagogica
622 5234 935 5304 Hieronymi
960 5233 1361 5306 interpretatio.

192 5311 220 5349 δ
266 5303 834 5375 γυρεῖιίδαρὶεηιῑαηις
859 5319 1026 5375 quam.
1054 5304 1194 5375 male
1221 5303 1482 5358 omiserat
1507 5303 1723 5375 Martia-

113 5398 299 5446 nmus,
331 5396 361 5434 e
388 5373 601 5433 duobus
625 5390 755 5446 mss.
792 5373 1047 5430 Palatinis
1072 5385 1125 5446 et
1147 5373 1452 5446 \licteriatta
1486 5373 1723 5427 editione

116 5444 462 5513 suﬂ‘eeimus.
488 5449 562 5502 lla
586 5459 638 5500 et
661 5445 837 5501 Grtvci
860 5447 1038 5520 plures
1063 5444 1429 5520 librilialwnt.
1450 5449 1537 5520 uati
1558 5466 1722 5520 προσ-

116 5529 273 5587 ἔθηκα
295 5524 474 5592 σοφίαν
500 5522 646 5594 παρὰ
672 5520 872 5577 πάντας
902 5515 1003 5594 :_Et
1036 5518 1203 5594 adjeci
1235 5517 1544 5594 sapientiam
1567 5515 1724 5594 super

119 5613 320 5651 omnes.
352 5586 472 5647 mox
502 5586 715 5657 quoque
747 5603 886 5647 unus
917 5586 1143 5647 Palatitt.
1177 5586 1408 5651 allatam,
1440 5602 1535 5654 pro
1560 5587 1720 5639 stetit.

116 5668 352 5725 Veteres
371 5665 502 5725 edit.
534 5662 714 5725 astitit,
750 5658 837 5719 hic.
867 5670 1029 5729 atque
1061 5658 1225 5729 inira.

197 5752 218 5778 ο
266 5738 341 5793 lla
392 5745 449 5790 et.
478 5750 608 5786 mss.
657 5732 769 5787 duo
815 5727 1062 5793 Palatini,
1096 5740 1155 5789 et
1190 5727 1469 5787 Vittth
1500 5727 1728 5791 habet“.

116 5808 483 5870 concinniore
507 5805 665 5872 longe
693 5815 879 5854 sensu.
906 5800 1447 5875 Martianteusaelive

1828 4697 1967 4749 enim
1992 4696 2085 4751 erit
2117 4698 2361 4750 memoria
2388 4696 2637 4766 sapientis
2667 4713 2783 4751 cum
2811 4700 2968 4753 stulto
2990 4700 3047 4752 in
3071 4710 3343 4765 ws'ernum,
3374 4716 3433 4755 eo

1907 4873 1937 4914 ἀ
1966 4874 2134 4954 _Porro
2155 4878 2357 4931 stetisse
2379 4880 2690 4954 sapientiam
2715 4882 2833 4954 sibi.
2860 4882 2966 4939 Ter
3004 4893 3323 4954 corruptum
3350 4895 3433 4943 est

1837 4947 1980 5001 istud
2012 4948 2417 5026 verbtttnapnd
2450 4953 2660 5026 Erastn.
2706 4964 2758 5007 et
2788 4953 3012 5026 Marian.
3038 4956 3133 5024 qui
3169 4947 3352 5026 legunt
3381 4956 3436 5013 iu

1838 5028 2009 5082 textu,
2044 5020 2302 5085 sapientia
2342 5038 2452 5074 mea
2503 5024 2669 5075 astitit
2714 5024 2875 5088 nti/ti;
2909 5036 2963 5078 et
3009 5020 3069 5078 in
3093 5020 3443 5085 Continuata-

1836 5090 2537 5167 rio.,_astitisse_sapientiam
2566 5092 2689 5161 sibi,
2740 5106 2794 5151 et
2830 5110 3254 5167 consequenter,
3301 5110 3439 5152 astat

1834 5161 1961 5213 mihi
1982 5162 2266 5228 sapientia.
2312 5163 2581 5219 Manum.

1908 5241 1930 5267 ε
1951 5233 2084 5306 'l‘res
2118 5245 2339 5306 tnss.,et
2369 5237 2606 5302 voluptas
2634 5238 2846 5306 spiritus
2871 5255 2888 5293 :
2920 5239 3086 5293 multo
3118 5249 3296 5297 autem
3324 5256 3442 5295 rec-

1832 5303 1940 5356 tius
1974 5304 2059 5355 ltic
2089 5304 2320 5358 alterum
2363 5323 2609 5362 comma:
2646 5303 2691 5363 et
2740 5327 2843 5365 non
2886 5320 2959 5366 est
3002 5311 3318 5369 abundant-ia
3346 5313 3439 5368 sub

1826 5374 1953 5439 sole,
1986 5378 2258 5443 ignorant.
3466 5438 3473 5439 ,

1909 5445 1927 5482 ί
1959 5447 2332 5527 Duir'Palatini
2368 5463 2496 5502 mss.
2520 5465 2643 5505 cum
2671 5452 2949 5527 veteribus
2980 5452 3145 5527 editis
3175 5464 3316 5527 ante,
3340 5472 3440 5527 pm

1831 5527 1982 5586 atque
2012 5534 2028 5570 :
2065 5516 2241 5572 Vatic.
2274 5529 2557 5589 utramque
2593 5539 2775 5576 \‘OCClll
2811 5525 2991 5576 verius
3019 5526 3247 5579 omittit.

1902 5589 2087 5661 έ-ρτιὶ
2115 5593 2276 5657 possit
2322 5592 2398 5643 ire
2428 5601 2542 5661 post
2590 5609 2783 5661 regem,
2811 5602 2917 5649 etc.
2952 5594 3090 5653 Male
3136 5596 3193 5655 in
3233 5596 3439 5657 eisdem

1838 5658 2000 5737 editis
2027 5676 2090 5714 ac
2120 5664 2307 5729 paucis
2330 5658 2460 5737 mss.
2487 5658 2891 5731 exemplaribus
2920 5666 3139 5737 legitur,
3168 5672 3261 5737 qui
3286 5671 3447 5737 possit

1836 5729 1913 5783 ire
1938 5740 2050 5800 post
2080 5746 2250 5801 regem
2276 5742 2393 5785 ante
2421 5729 2667 5801 factorem
2696 5739 2883 5791 suum?
2914 5729 3181 5799 uiam.

1910 5812 1933 5847 κ
1976 5802 2257 5856 Palatinus
2286 5803 2442 5865 alter,
2477 5804 2683 5871 sapiens
2709 5808 2875 5875 factus
2906 5824 3019 5862 sunt
3047 5810 3179 5880 ego?
3205 5810 3272 5867 ad
3297 5812 3448 5868 Grut-
