3998 6338
609 276 742 331 1031

604 390 742 460 quod
759 402 871 440 ecce
900 384 1075 439 diebus
1104 384 1192 456 qui
1220 384 1591 446 supervenient,
1620 383 1852 436 universa
1882 381 2062 435 cblivio
2089 398 2210 436 coo-
2239 385 2284 441 A

604 481 761 550 periei
784 493 803 531 .'
834 486 881 529 et
907 476 1167 547 quomodo
1194 476 1441 528 morietur
1466 475 1670 542 sapiens
1699 490 1816 527 cum
1841 476 2035 528 stulto?
2070 474 2206 539 Dixi,

604 574 824 643 sapiens
851 581 907 626 et
935 573 1157 637 stultus,
1186 571 1364 638 justus
1391 580 1445 625 et
1474 570 1695 639 impius,
1721 572 1914 640 :equali
1938 580 2083 625 sorte
2105 586 2212 623 mo-

608 666 843 732 rientur,
874 675 929 719 et
958 666 1142 718 omnia
1180 664 1233 718 in
1267 663 1370 718 hoc
1398 664 1603 718 saeculo
1635 662 1775 717 mala
1817 672 2015 718 eventu
2048 662 2210 717 simili

611 759 993 825 sustinebunt;
1020 758 1151 828 quid
1198 773 1332 827 ergo
1374 756 1506 812 mihi
1538 756 1789 823 prodest,
1822 758 1966 827 quod
1991 766 2209 811 secutus

608 867 727 907 sum
758 851 1104 921 sapientiam.
1127 847 1293 921 ἀοι
1317 860 1371 903 et
1394 848 1513 915 plus
1529 848 1745 903 cieteris
1769 848 2006 903 laboravi
2027 851 2049 901 ‘l
2073 846 2209 901 Rur-

613 959 733 999 sum
782 945 1028 1014 cogitans
1060 952 1115 996 et
1154 942 1441 1011 diligenter
1488 956 1697 996 mecum
1745 950 1929 995 mente
1970 950 2211 1009 pertrac-

614 1048 762 1103 tans,
792 1035 1122 1092 sententiam
1150 1050 1325 1090 meam
1352 1051 1542 1089 vanam
1567 1050 1690 1089 esse
1711 1034 2065 1103 deprehendi.
2092 1033 2207 1088 Non

607 1130 755 1186 enim
787 1129 1041 1184 similiter
1072 1128 1292 1198 sapiens
1332 1134 1388 1182 et
1436 1127 1701 1195 insipiens
1732 1126 2007 1181 habebunt
2046 1125 2102 1180 in
2131 1124 2210 1179 lu-

611 1230 736 1276 tnro
768 1221 1106 1283 memoriam,
1130 1219 1346 1288 quando
1366 1220 1766 1273 consummatio
1788 1220 1963 1274 veniet
1993 1219 2206 1273 univer-

616 1316 795 1372 sitatis
824 1332 835 1365 :
867 1324 923 1369 ct
962 1328 1303 1384 nequaquam
1350 1312 1464 1380 pari
1492 1312 1649 1367 exitu
1684 1313 2037 1377 tenebuntur,
2078 1311 2204 1382 quia

616 1408 707 1465 hic
734 1409 800 1462 ad
834 1406 1141 1478 refrigeria,
1173 1407 1263 1462 ille
1290 1415 1477 1477 perget
1506 1405 1574 1461 ad
1600 1421 1837 1476 pinnam.
1872 1405 2126 1477 Apertius
2156 1407 2207 1460 in

611 1500 717 1556 hoc
737 1501 858 1555 loco
894 1515 1117 1556 sensum
1148 1499 1477 1554 llebraicum
1504 1500 1857 1569 Septuaginta
1886 1500 2210 1567 interpretes

609 1594 1036 1660 transtulerunt,
1071 1593 1196 1647 licet
1232 1593 1519 1646 verborum
1553 1591 1801 1645 ordinem
1846 1607 1953 1645 non
1982 1592 2093 1645 sint
2124 1606 2212 1645 se-

610 1687 722 1744 cuti
752 1707 763 1741 :
796 1685 863 1740 Et
892 1697 945 1739 ut
974 1688 1096 1755 quid
1125 1687 1330 1755 sapiens
1373 1690 1538 1755 factus
1568 1702 1682 1739 sum
1708 1687 1837 1754 ego?
1870 1684 2011 1738 Tunc
2048 1686 2211 1738 abun-

611 1780 795 1833 danter
826 1777 1027 1832 locutus
1050 1795 1162 1831 sunt
1188 1778 1241 1831 in
1267 1778 1421 1831 corde
1446 1794 1581 1841 meo,
1604 1779 1847 1848 quoniam
1884 1778 2128 1847 insipiens
2148 1795 2211 1831 ea:
2242 1770 2289 1829 B

612 1872 935 1926 abundantia
965 1872 1219 1941 loquitur:
1245 1872 1490 1941 quoniam
1509 1870 1606 1923 hoc
1621 1888 1819 1941 quoque
1846 1874 2069 1935 uanitas,
2090 1874 2212 1942 quia

612 1983 713 2021 non
745 1977 818 2021 est
850 1966 1099 2019 memoria
1128 1966 1377 2034 sapientis
1417 1981 1533 2019 cum
1573 1963 1733 2017 stulto
1771 1965 1824 2017 in
1854 1977 2127 2031 cateruam,
2158 1976 2213 2019 et

608 2072 831 2115 cmtera.
875 2059 1032 2127 Quod
1077 2058 1335 2114 videlicet
1368 2060 1606 2129 priorem
1646 2061 2021 2128 opinatioiiem
2056 2075 2209 2113 suam

608 2152 836 2206 stultam
864 2166 987 2207 esse
1014 2166 1373 2214 convincens,
1401 2152 1723 2221 insipienter
1741 2168 1798 2207 sc
1824 2154 2064 2208 locutum
2089 2168 2212 2209 esse

602 2251 841 2298 testatus
866 2245 958 2309 sit,
988 2252 1047 2297 et
1070 2258 1311 2304 errasse,
1345 2244 1468 2313 quia
1498 2255 1625 2299 ante
1654 2245 1735 2299 sic
1762 2247 2016 2302 senserit.

684 2333 752 2388 Et
780 2335 918 2389 adici
946 2336 1119 2397 vitam,
1152 2336 1277 2406 quia
1298 2337 1493 2390 malum
1518 2354 1673 2405 super
1695 2356 1771 2391 me
1794 2357 1922 2411 opus
1944 2340 2081 2410 quod
2104 2344 2215 2408 fac-

608 2438 718 2484 tum
746 2440 816 2483 est
837 2428 928 2484 sub
958 2430 1089 2493 sole,
1114 2428 1238 2500 quia
1274 2430 1445 2483 omnia
1475 2431 1675 2485 vanitas
1692 2442 1739 2485 et
1766 2434 1935 2501 pastio
1962 2434 2116 2486 venti.
2156 2432 2213 2488 Si

610 2523 846 2579 mundus
875 2523 927 2579 in
979 2524 1217 2593 maligno
1266 2525 1476 2593 positus
1521 2535 1625 2591 est,
1675 2536 1731 2580 ct
1780 2526 1832 2579 in
1869 2526 2215 2583 tabernaculo

611 2615 717 2672 isto
759 2616 1059 2687 Apostolus
1097 2617 1401 2687 ingemiscit
1446 2617 1669 2673 dicens:
1719 2617 1880 2673 Miser
1917 2636 2009 2690 ego
2039 2620 2212 2685 homo,

606 2714 722 2783 quis
764 2727 844 2765 me
891 2710 1122 2765 liberabit
1170 2711 1232 2766 de
1270 2726 1482 2782 corpore
1510 2712 1690 2765 mortis
1720 2710 1878 2786 hujus
1910 2714 2088 2782 (Rom.
2120 2730 2212 2778 vu,

610 2802 749 2872 24)?
796 2810 946 2857 recte
974 2802 1100 2856 odio
1131 2803 1292 2857 habet
1325 2818 1489 2857 omne
1513 2802 1655 2872 quod
1698 2804 1800 2856 sub
1846 2805 1963 2857 sole
2012 2803 2212 2858 laetum

611 2907 715 2951 εει.
749 2896 829 2949 Ad
863 2895 1333 2962 comparationem
1367 2897 1572 2965 quippe
1601 2896 1844 2965 paradisi
1880 2904 1934 2950 et
1966 2896 2112 2951 illius
2140 2899 2216 2952 vi-

612 2998 683 3043 ta:
714 2987 1128 3050 beatitudinem,
1162 2988 1218 3043 in
1255 3006 1361 3059 qua
1403 2990 1783 3059 Spit‘itualibus
1816 2990 1990 3059 pomis
2019 2999 2073 3045 et
2102 2992 2211 3045 vir-

614 3093 787 3139 tutum
817 3083 1029 3138 deliciis
1055 3084 1370 3141 frnebamur
1401 3102 1413 3139 :
1450 3103 1591 3142 nunc
1612 3088 1765 3158 quasi
1785 3090 1835 3140 in
1863 3090 2139 3158 ergastulo
2161 3097 2216 3145 ct

610 3193 835 3235 carcere
866 3192 1057 3232 sumus
1080 3189 1134 3232 et
1159 3180 1300 3233 valle
1330 3180 1716 3251 lacrymarum,
1737 3179 1791 3235 in
1812 3181 2012 3238 sudore
2036 3183 2215 3239 vultus
2244 3160 2289 3223 (ἶ

612 3269 787 3326 ποειτί
817 3269 1172 3324 comedentes
1200 3286 1421 3339 panem.

685 3362 753 3418 Et
781 3364 919 3417 odivi
947 3380 1039 3436 ego
1061 3380 1263 3419 onmem
1284 3364 1512 3419 laborem
1536 3382 1722 3432 meum,
1751 3383 1898 3435 quem
1916 3385 2009 3439 ego
2036 3370 2213 3423 laboro

613 3456 707 3511 sub
728 3457 857 3520 sole,
885 3464 1005 3526 quia
1026 3456 1231 3511 dimitto
1254 3458 1638 3523 illum/contini,
1660 3459 1747 3528 qui
1770 3463 1975 3530 futurus
2004 3474 2076 3516 est
2100 3472 2214 3531 post

615 3565 714 3603 me.
748 3546 815 3601 Et
845 3552 959 3618 quis
988 3550 1082 3601 scit
1114 3561 1287 3603 utrum
1312 3550 1517 3617 sapiens
1556 3552 1642 3617 sit,
1677 3568 1743 3605 an
1782 3552 2008 3607 stultus?
2034 3566 2081 3609 et
2124 3556 2216 3607 do-

615 3640 896 3695 minabitur
918 3641 973 3694 in
1005 3641 1143 3694 omni
1181 3640 1356 3695 labore
1385 3659 1515 3706 meo,
1545 3661 1646 3714 quo
1678 3644 1925 3708 laboravi,
1957 3660 2001 3700 et
2032 3649 2085 3702 in
2115 3666 2216 3719 quo

612 3737 815 3805 sapiens
844 3738 1012 3805 factus
1030 3753 1142 3790 sum
1163 3738 1256 3790 sub
1276 3735 1414 3791 sole:
1444 3740 1533 3793 sed
1562 3750 1607 3792 et
1630 3742 1724 3793 hoc
1744 3741 1962 3795 vanitas.
1993 3741 2216 3798 Videtur

611 3828 830 3898 quidem
862 3829 929 3883 de
958 3828 1170 3884 divitiis
1196 3840 1250 3886 et
1282 3832 1478 3900 opibus
1507 3840 1828 3898 retractare,
1857 3836 2000 3906 quod
2024 3852 2216 3891 secun-

613 3920 739 3974 dum
788 3920 1146 3992 Evangelium
1196 3924 1480 3993 repentina
1530 3934 1709 3982 morte
1752 3930 2037 3999 subtracti,
2070 3932 2213 4003 quali

615 4015 914 4070 moriamur
945 4015 1182 4079 haerede,
1212 4019 1525 4075 nesciamus
1551 4039 1561 4073 :
1600 4032 1776 4077 utrum
1810 4025 2008 4080 stultus
2034 4042 2101 4081 an
2129 4042 2214 4083 sa-

596 4096 768 4176 piens
794 4109 887 4175 sit,
918 4110 1009 4179 qui
1056 4120 1247 4166 nOstro
1274 4124 1356 4166 est
1385 4112 1573 4169 labore
1603 4113 1884 4173 fruiturus.
1917 4120 2072 4186 Quod
2114 4121 2211 4175 Sa-

616 4198 817 4255 lomcni
846 4217 1063 4271 quoque
1093 4202 1315 4258 accidit:
1342 4219 1448 4261 non
1475 4207 1618 4261 enim
1642 4208 1874 4265 similem
1908 4213 1990 4265 sui
2024 4212 2213 4267 habuit

615 4290 785 4347 (ilium
819 4293 1085 4350 Roboam.
1118 4296 1198 4351 Ex
1229 4312 1337 4368 quo
1385 4299 1759 4369 intelligimus,
1794 4319 1861 4357 ne
1893 4304 2061 4359 lilium
2094 4307 2214 4375 qui-

612 4381 736 4437 deut
770 4387 940 4452 patris
981 4389 1299 4445 luereditatc
1347 4392 1573 4462 dignum
1606 4408 1761 4460 esse,
1811 4396 1856 4450 si
1890 4398 2089 4454 stultus
2119 4402 2207 4454 sit.

614 4475 719 4531 Sed
751 4479 883 4533 mihi
916 4480 1073 4536 altius
1098 4486 1513 4557 contemplanti,
1547 4487 1615 4543 de
1655 4489 1840 4545 labore
1858 4478 2085 4548 ‘videtur
2128 4496 2209 4551 di-

616 4606 739 4647 cum
771 4594 1083 4670 ἐσοφισάμην
1106 4600 1228 4670 ἐγὼ.

684 4662 827 4719 -——Et
860 4662 915 4718 ut
941 4662 1067 4745 quid
1096 4662 1303 4739 sapiens
1332 4670 1498 4745 {actus
1525 4688 1640 4726 sum
1661 4677 1782 4745 ego?
1809 4675 2008 4731 Eadem
2043 4687 2213 4735 temc-

612 4737 795 4817 ritate,
824 4753 930 4817 qua
957 4737 1166 4795 inultus
1186 4737 1356 4817 antea
1378 4742 1602 4817 Graecos
1628 4737 1817 4801 versus
1845 4749 2083 4817 integros
2111 4753 2209 4806 ad-

613 4808 756 4883 ditos'
788 4809 1044 4877 vidimus,
1072 4827 1215 4866 nunc
1243 4815 1534 4883 capitulum
1564 4814 1817 4873 Graecum
1844 4808 2063 4876 vetevres
2090 4825 2209 4878 edi—

615 4879 790 4961 tiones
836 4883 991 4936 nobis
1031 4879 1360 4961 obii-udum,
1394 4887 1550 4961 cujus
1599 4904 1697 4943 nec
1732 4893 1956 4961 unicum
1986 4894 2209 4961 quidem

614 4954 839 5079 Eprium]
871 4964 1093 5023 apparet
1138 4954 1191 5009 in
1249 4956 1392 5011 veris
1426 4954 1742 5030 Hieronymi
1788 4954 2207 5033 exemplaribus.

670 5037 887 5078 ΑιιτιΑΝ.

670 5037 887 5078 ΑΙΓΙῚΑΝ.

686 5101 713 5130 τι
752 5093 885 5148 Τιθς
906 5108 1040 5147 mss.
1064 5094 1304 5162 equibus
1334 5096 1612 5153 Palatinus
1643 5100 1783 5154 alter
1813 5105 2053 5160 secunda
2086 5123 2201 5162 ma-

613 5180 709 5243 nu_,
751 5163 897 5243 labor
935 5166 1047 5230 eius
1073 5174 1146 5217 est
1173 5166 1229 5218 in
1248 5170 1479 5243 iustitia,
1505 5180 1553 5223 et
1576 5173 1851 5243 sapientia,
1886 5187 1993 5230 etc.

683 5233 711 5272 δ
753 5232 967 5313 Vanitas
1003 5244 1051 5287 et
1088 5232 1317 5313 nequitia
1349 5241 1545 5313 multa.
1585 5232 1648 5294 In
1673 5232 1901 5299 llelirteo
1941 5249 2207 5313 scriptum

613 5315 699 5362 est
738 5311 845 5361 rm
1029 5320 1179 5360 veraa
1204 5308 1382 5371 rabba,
1406 5312 1548 5385 quod
1593 5323 1641 5367 et
1689 5319 1917 5385 nequitia
1942 5308 2103 5373 multa
2128 5322 2209 5375 itt-

610 5381 897 5457 terpro-tutj
931 5386 1249 5457 putesnam
1274 5381 1819 5457 et_maluntrmagnu'm
1848 5404 1867 5441 :
1899 5389 2024 5457 quia
2057 5395 2209 5445 radix

610 5447 837 5503 Hebraea
867 5453 975 5507 εει-ι
1003 5450 1184 5517 rabab,
1231 5452 1451 5506 multum
1483 5464 1538 5509 et
1574 5447 1817 5525 magnum
1850 5447 2028 5513 sonat.
2058 5460 2207 5515 MAR-

613 5534 759 5574 ΤΙΑΝ.

678 5600 702 5628 ο
726 5589 795 5644 Et
825 5591 985 5669 sudor
1007 5594 1219 5669 mortui.
1248 5594 1306 5650 Si
1328 5595 1559 5669 vanitas
1582 5606 1685 5669 est,
1712 5605 1768 5651 et
1793 5600 2037 5669 nequitia
2067 5603 2206 5656 mul-

603 5668 681 5723 ta,
712 5662 856 5736 quod
886 5665 1023 5736 alter
1060 5665 1248 5720 labore
1290 5666 1517 5720 alterius
1546 5662 1896 5736 perfruatur,
1927 5680 1985 5725 et
2035 5674 2204 5729 sudor

607 5733 839 5797 mortui,
872 5734 1080 5787 deliciae
1122 5737 1232 5789 sint
1278 5736 1509 5793 viventis
1531 5733 1560 5797 ;⁷
1590 5733 1875 5808 ᾳυαηιδω⁷
1899 5746 2201 5814 nequitiam

2234 4489 2288 4550 D

1880 268 1937 322 S.
1984 264 2254 323 EUSEBII
2296 264 2682 323 HIERONYMI

3866 270 3892 326 1
3902 270 3965 326 65;

2315 397 2441 437 cere
2471 383 2761 453 spirituali,
2787 382 2930 454 quod
2954 382 3146 439 diebus
3174 398 3239 441 ac
3255 385 3427 461 ωε
3462 384 3764 441 noctibus
3790 386 3884 439 vir
3906 404 3961 435 δι

2313 474 2469 543 piens
2502 475 2552 529 in
2602 475 2901 543 Scripturis
2948 476 3181 543 laboret,
3219 490 3274 532 et
3306 491 3627 551 componat
3677 479 3900 541 libros,
3928 494 3959 527 εξ

2314 566 2634 621 memoriam
2667 568 2750 622 sui
2795 570 3030 638 posteris
3061 569 3440 640 derelinquat,
3475 582 3538 627 et
3590 572 3958 627 nihilomins:

2314 658 2367 711 in
2419 674 2610 713 manus
2636 661 2927 714 stultorum
2961 662 3204 726 veniant,
3249 662 3342 732 qui
3378 664 3744 734 frequenter
3778 678 3955 719 secus.

2312 748 2438 803 dum
2458 752 2869 820 perversitatem
2898 753 3081 807 cordis
3112 754 3219 821 sui,
3248 755 3463 809 semina
3495 754 3641 812 inde
3670 756 3955 811 haereses

2313 844 2547 911 capiant,
2580 858 2629 898 et
2662 845 2873 901 alienos
2896 846 3113 902 labores
3132 849 3578 905 calumniantur.
3615 851 3691 907 Si
3730 851 3887 907 enim
3909 852 3955 906 de

2312 937 2685 1004 corporalibus
2733 937 2934 992 divitiis
2982 954 3127 994 nunc
3177 940 3539 997 Ecclesiastze
3601 958 3827 998 sermo
3871 954 3945 997 est.

2312 1027 2441 1096 quid
2474 1044 2704 1085 necesse
2732 1029 2833 1085 fuit
2862 1030 2928 1085 de
2957 1031 3145 1087 labore
3177 1042 3229 1087 et
3256 1034 3457 1104 opibus
3481 1034 3694 1092 dicere
3720 1054 3735 1090 :
3774 1035 3949 1093 Elii-3-

2313 1122 2591 1175 minabitur
2632 1125 2686 1177 in
2727 1126 2866 1177 omni
2913 1125 3085 1179 labore
3107 1142 3241 1190 meo,
3274 1129 3326 1181 in
3356 1145 3461 1199 quo
3492 1130 3777 1195 laboravi,
3831 1140 3876 1183 et
3910 1132 3945 1181 is

2312 1229 2411 1281 quo
2440 1214 2645 1283 sapiens
2667 1215 2836 1283 factus
2863 1234 2977 1271 sum
3010 1219 3103 1272 sub
3129 1220 3272 1273 sole?
3297 1221 3429 1287 Qua:
3470 1224 3632 1277 enim
3676 1223 3945 1293 sapienu;

2314 1321 2418 1375 est,
2458 1319 2704 1365 terrenas
2729 1311 2946 1366 divitias
2974 1314 3341 1384 congregare?

2384 1398 2454 1454 Et
2484 1416 2754 1455 conversus
2784 1421 2899 1457 sum
2928 1421 3042 1477 ego,
3076 1414 3132 1457 ut
3158 1408 3517 1462 renuntiarent
3544 1411 3711 1464 cordi
3747 1428 3870 1465 meo
3906 1412 3943 1461 is

2314 1498 2451 1551 onmi
2473 1498 2642 1551 labore
2671 1516 2801 1562 meo,
2823 1516 2923 1569 quo
2950 1500 3175 1555 laboravi
3196 1502 3289 1555 sub
3308 1505 3438 1569 sole,
3470 1505 3596 1572 quia
3645 1516 3732 1559 est
3766 1506 3938 1567 homo,

2313 1590 2395 1642 cui
2417 1590 2562 1643 labor
2594 1591 2707 1656 eius
2740 1601 2765 1629 ει
2791 1601 2866 1646 est
2888 1594 2939 1645 in
2964 1594 3242 1664 sapientia,
3271 1606 3317 1647 et
3344 1596 3577 1661 scientia,
3626 1608 3681 1651 et
3717 1601 3937 1667 virtute,

2315 1693 2361 1737 et
2382 1685 2575 1739 homini
2601 1685 2685 1753 qui
2714 1702 2814 1739 non
2847 1688 3125 1752 laboravit,
3160 1687 3238 1740 illi
3259 1688 3392 1741 dabit
3410 1700 3611 1757 partem
3645 1707 3845 1743 suam.
3889 1690 3944 1742 Et

2314 1776 2519 1846 quidem
2550 1779 2646 1830 hoc
2684 1776 2710 1816 ι)
2735 1780 2937 1832 vanitas
2964 1790 3011 1833 et
3044 1780 3267 1850 nequitia
3306 1782 3479 1835 multa.
3510 1782 3659 1846 Quid
3687 1785 3851 1835 enim
3889 1786 3943 1852 fi:

2319 1868 2512 1921 homini
2540 1869 2594 1921 in
2620 1871 2762 1923 omni
2801 1871 2979 1924 labore
3004 1888 3119 1935 suo,
3154 1882 3200 1925 et
3237 1874 3287 1926 in
3313 1873 3560 1929 voluntate
3585 1876 3775 1929 cordis
3820 1878 3937 1939 sui,
3974 1890 3975 1921 ι

2316 1975 2417 2029 qua
2446 1960 2556 2031 ipse
2577 1960 2779 2014 laborat
2808 1962 2903 2015 sub
2924 1962 3067 2016 sole?
3095 1962 3231 2029 Quia
3272 1980 3441 2018 omnes
3474 1965 3579 2018 dies
3625 1969 3747 2037 ejus
3779 1966 3937 2019 dolo-

2314 2070 2431 2106 rum
2453 2063 2498 2108 et
2527 2056 2811 2110 iracundia:
2845 2073 3211 2128 curarumque,
3248 2069 3293 2112 et
3324 2060 3531 2126 quidem
3556 2060 3611 2114 in
3649 2070 3809 2115 nocte
3838 2077 3934 2113 non

2456 2102 2495 2108 _-
2527 2102 2805 2110 “mm-..
2845 2102 3211 2128 -.-."..-....,,.-,
3248 2102 3292 2112 --
3324 2102 3531 2126 τηαν..-
3650 2102 3807 2115 ...μην
3838 2102 3931 2113 ..-η

2316 2146 2503 2199 dorntit
2530 2163 2619 2200 cor
2648 2148 2797 2217 ejus;
2828 2149 2916 2202 sed
2946 2160 2994 2202 et
3021 2147 3117 2202 hoc
3144 2150 3371 2206 uanitas.
3400 2150 3582 2220 Supra
3606 2150 3682 2205 de
3724 2152 3934 2206 incerto
3971 2102 3975 2253 ἐ

2316 2239 2557 2309 loquitur
2584 2240 2825 2305 haerede,
2858 2243 2984 2312 quia
3026 2253 3208 2297 utrum
3250 2244 3474 2308 stultus,
3508 2260 3576 2298 an
3608 2246 3834 2315 sapiens
3862 2247 3932 2299 ιε·

2314 2332 2509 2387 borum
2534 2333 2764 2387 alterius
2795 2333 3011 2389 futurus
3034 2334 3106 2391 sit
3130 2335 3408 2398 dominus,
3439 2338 3755 2407 ignoretur.
3785 2338 3928 2394 Nunc

2316 2425 2505 2480 eadem
2538 2425 2756 2495 quidem
2787 2427 3009 2497 repetit,
3043 2427 3139 2482 sed
3170 2428 3225 2482 in
3258 2428 3353 2483 illo
3392 2429 3651 2485 diversus
3680 2442 3769 2486 est
3814 2448 3929 2487 sen-

2315 2532 2427 2581 sus,
2457 2517 2605 2585 quod
2646 2518 2877 2573 etiamsi
2912 2518 3043 2586 lilio,
3070 2521 3113 2574 si
3153 2520 3484 2590 propinquo,
3519 2523 3568 2577 si
3602 2532 3741 2579 noto
3766 2526 3922 2579 alicui

2316 2610 2677 2665 subsmntiam
2707 2611 3029 2682 laboresque
3046 2614 3289 2668 dimittat
3313 2630 3327 2681 ;
3358 2615 3728 2672 nihilominus
3751 2629 3922 2674 tamen

2320 2702 2371 2756 in
2401 2704 2653 2759 eumdem
2686 2704 2952 2760 circulum
2987 2722 3074 2761 res
3122 2716 3396 2771 recurrat,
3445 2719 3504 2763 ut
3552 2710 3701 2765 alter
3746 2712 3924 2766 labore

2317 2792 2544 2849 alterius
2587 2795 2897 2864 perfruatur
2922 2838 2935 2860 ,
2969 2808 3025 2852 et
3052 2809 3075 2836 ο
3103 2798 3269 2853 sudor
3299 2802 3525 2867 mortui,
3558 2801 3781 2859 delicia:
3823 2810 3926 2860 sint

2317 2887 2574 2941 viventis.
2628 2886 2701 2944 Se
2753 2890 3124 2959 unusquisque
3162 2892 3521 2957 consideret,
3578 2903 3635 2949 et
3695 2896 3919 2962 videbit,

2317 2988 2521 3048 quanto
2551 2980 2720 3036 libros
2742 2982 2924 3037 labore
2950 2995 3266 3055 componat,
3296 2988 3575 3056 quomodo

2382 3138 2731 3250 gwpetstylum
2754 3149 2907 3193 uertat
2926 3142 2953 3181 ἀ
2976 3143 3178 3205 iterum,
3205 3160 3317 3210 quae
3333 3147 3479 3212 digna
3505 3149 3611 3214 legi
3636 3154 3757 3216 sint,

2420 3215 2470 3250 cr
2495 3216 2522 3250 υ
2549 3216 2697 3250 urus:

2420 3215 2665 3263 crtpturus
2685 3218 2697 3264 ;

2994 3268 3095 3331 (Ea:
3119 3272 3295 3322 Horat.
3327 3274 3433 3324 Sat.
3460 3274 3496 3323 ι.
3526 3292 3557 3336 ι,
3584 3279 3693 3328 Sat.
3724 3280 3830 3345 10).

2320 3400 2374 3446 et
2397 3391 2599 3447 homini
2630 3395 2719 3464 qui
2752 3412 2856 3450 non
2888 3397 3173 3462 laboravit,
3207 3401 3299 3457 det
3332 3416 3541 3472 partem
3576 3424 3759 3466 suam.
3784 3412 3913 3479 Quid

2320 3484 2487 3548 enim,
2518 3496 2577 3539 ut
2605 3498 2730 3542 ante
2751 3487 2862 3558 jam
2908 3490 3040 3555 dixi,
3070 3492 3135 3545 ad
3178 3508 3307 3562 Opes
3342 3505 3501 3552 teme
3534 3501 3809 3569 pertinent
3836 3520 3914 3559 sa-

2321 3576 2521 3645 pientia
2556 3588 2611 3632 et
2650 3582 2883 3636 scientia
2926 3593 2982 3639 et
3022 3584 3216 3652 virtus,
3240 3586 3291 3641 in
3321 3590 3522 3658 quibus
3550 3608 3610 3648 se
3643 3594 3913 3653 labar-asse

2323 3676 2547 3723 testatus
2576 3680 2680 3736 est,
2713 3688 2833 3728 cum
2876 3677 3154 3747 sapientia:
3175 3721 3189 3746 ,
3224 3681 3469 3738 scientia:
3498 3695 3665 3757 atque
3708 3691 3909 3746 virtutis

2320 3760 2411 3827 sit,
2435 3761 2648 3818 calcare
2674 3772 2909 3821 terrena.

2394 3852 2513 3908 Non
2542 3867 2614 3911 est
2638 3858 2824 3912 bonum
2851 3861 3068 3929 homini,
3101 3866 3201 3920 nisi
3231 3869 3370 3934 quod
3397 3871 3660 3940 comedat,
3686 3887 3735 3929 et
3755 3876 3901 3945 bibat,

2317 3958 2363 4001 et
2388 3951 2622 4004 ostendat
2654 3955 2845 4011 anima:
2863 3973 2971 4012 sua:
2995 3958 3183 4014 bonum
3214 3960 3380 4035 406
3402 3964 3457 4018 in
3481 3966 3665 4022 labore
3686 3987 3798 4025 suo.
3842 3972 3901 4027 Et

2318 4043 2523 4111 quidem
2546 4044 2641 4098 hoc
2668 4046 2771 4099 ridi
2799 4065 2910 4118 ego,
2934 4051 3057 4117 quia
3087 4052 3150 4107 de
3179 4071 3334 4109 manu
3360 4056 3456 4111 Dei
3487 4070 3582 4113 est.
3621 4064 3747 4129 Quis
3779 4067 3901 4119 enim

2317 4136 2563 4203 comedet,
2599 4147 2643 4191 et
2672 4139 2787 4204 quis
2819 4149 2841 4175 ι’
2873 4152 3050 4212 parcet
3078 4145 3188 4198 sine
3225 4146 3363 4201 illo?
3405 4157 3526 4219 quia
3555 4152 3745 4206 homini
3774 4158 3901 4211 bona

2311 4241 2483 4280 coram
2510 4244 2565 4281 se
2587 4228 2729 4283 dedit
2758 4233 3086 4303 sapientiam,
3112 4246 3159 4291 et
3183 4239 3475 4310 scientiam,
3501 4253 3548 4297 et
3576 4246 3797 4301 laetitiam
3818 4291 3831 4311 ,
3850 4258 3898 4304 et

2310 4322 2536 4387 peccanti
2566 4320 2673 4393 [AL
2709 4325 2987 4398 peccatori]
3018 4327 3161 4382 dedit
3184 4332 3615 4403 sollicitudinem,
3649 4350 3700 4392 ut
3724 4351 3897 4414 augeat

2311 4419 2360 4461 et
2389 4423 2662 4482 congreget
2688 4430 2801 4483 qua:
2828 4414 2845 4452 ί
2877 4418 3070 4472 dantur
3109 4421 3242 4476 bona
3274 4439 3393 4481 ante
3420 4428 3602 4497 facient
3651 4428 3770 4487 Dei.
3801 4435 3895 4488 Sed

2314 4512 2361 4557 et
2382 4502 2481 4558 hoc
2512 4508 2730 4574 vanitas,
2762 4520 2807 4564 et
2833 4515 3170 4584 praesumptio
3196 4520 3433 4588 spiritus.
3466 4522 3753 4596 Postquam
3788 4529 3893 4583 uni-

2318 4625 2472 4695 putas
2508 4619 3032 4695 sudorcs_Bernardi
3075 4626 3330 4694 viventis,
3368 4631 3629 4688 honorem
3670 4652 3787 4695 esse
3811 4640 3889 4695 Ni-

2315 4688 2453 4767 colai
2488 4690 3169 4777 nescientis;_:tut.lab0res
3196 4688 3445 4779 Joannis,
3471 4688 3887 4779 divitiasvet'gld

2314 4765 2448 4842 riam
2476 4776 2666 4842 parere
2695 4765 2945 4842 saevienti
2968 4783 3194 4842 operum
3225 4771 3516 4842 Magistro?
3541 4777 3683 4834 llanc
3701 4765 3887 4834 vaiiita-

2315 4837 2421 4910 tem
2454 4834 2554 4886 sub
2584 4834 2701 4889 sole
2732 4838 2822 4900 qui
2850 4834 3101 4899 suStinet.
3123 4834 3578 4918 ~imitesiissimatn
3609 4862 3664 4905 et
3689 4856 3885 4918 nequis-

2315 4916 2508 4955 simam
2558 4917 2909 4980 pronuntiant
2950 4924 3074 4965 cum
3118 4911 3414 4973 Salomone
3462 4928 3519 4974 et
3574 4911 3885 4980 Ecclesiaste

2316 4983 2525 5027 nostro.
2570 4975 2840 5032 Maurus.

2390 5040 2415 5077 ἀ
2450 5045 2603 5126 Saepe
2641 5047 3041 5126 stglumpertat.
3077 5053 3209 5109 Vide
3237 5072 3397 5126 supra
3433 5061 3484 5115 in
3516 5064 3663 5120 notis
3704 5070 3880 5125 nostris

2320 5112 2851 5186 lloratiauum'istud
2888 5138 3122 5179 comma.
3164 5112 3433 5186 Manium.

2393 5195 2415 5222 ε
2456 5185 2620 5241 [idem
2654 5204 2785 5270 mss.
2830 5189 3155 5274 Crittcorum
3197 5185 3398 5276 tamen,
3444 5214 3500 5258 ut
3528 5205 3756 5276 videtur,
3785 5228 3881 5264 ma-

2319 5271 2448 5347 ειμέηξ
2478 5259 2722 5346 esperti',
2772 5271 2818 5313 et
2857 5265 2973 5333 quis
3019 5280 3212 5336 pascet.
3260 5272 3318 5325 ln
3350 5259 3877 5347 Crisaeo—iriiri,

2318 5326 2586 5404 hibetuaut
2620 5333 2849 5403 φείσεται
2868 5326 3074 5404 ’ρανεέα

2346 5469 2357 5480 '
2386 5399 2594 5481 -—_-Qin's
2611 5399 3016 5481 enimcom'edet,
3043 5417 3150 5465 etc.
3180 5411 3294 5467 Non
3329 5414 3465 5471 bene
3492 5417 3547 5473 in
3570 5430 3722 5477 antea
3740 5424 3879 5480 editis

2313 5471 2400 5561 silc
2426 5471 2681 5561 legimus,
2728 5476 2855 5561 Quis
2887 5478 3021 5531 enim
3051 5485 3292 5561 comedit,
3339 5494 3386 5539 et
3428 5471 3548 5558 quis

2311 5538 2405 5613 illo
2423 5544 2511 5613 qui
2542 5542 2739 5597 homini
2758 5538 2923 5613 ibono,
2948 5563 3054 5604 etc.
3090 5538 3352 5611 Munia.

2388 5610 2413 5692 τ’
2436 5610 2621 5668 Vatic.
2656 5610 3171 5694 diroquel’alatini:
3212 5610 3327 5694 qua:
3374 5630 3565 5684 dentur
3598 5633 3727 5688 bono
3770 5648 3876 5691 ante

2309 5682 2494 5773 {aciem
2524 5700 2674 5773 suam
2705 5682 3081 5773 Pei..yeteres
3119 5682 3247 5752 editi
3280 5682 3877 5773 vitiose,iquceviiident'ur

2307 5751 2441 5807 bona
2465 5764 2585 5810 ante
2612 5758 2798 5825 faciem
2826 5759 2945 5816 Dei.
