3998 6340
91 312 228 376 ὶῦὅδ

1118 312 1662 370 COMMENTARIUS
1703 311 1767 368 IN
1812 310 2344 369 ECCLESIASTEN.

1838 180 1877 205 J

3252 325 3389 383 165$

84 440 245 482 versa
294 427 545 494 tractavi,
586 437 643 485 et
687 439 709 467 ο
758 429 897 485 nihil
938 428 1193 499 injustius
1234 445 1359 486 esse
1391 429 1685 499 perspexi,
1718 427 1906 490 ADco
1961 426 2199 493 viderit,
2263 428 2519 492 intelligit
2548 428 2653 501 [ΑΙ.
2714 429 3031 504 intelliget],
3084 437 3207 504 quia
3254 454 3392 495 vana

86 535 246 588 quam
280 520 508 575 alterius
533 521 717 577 labore
746 522 979 577 alterum
1015 524 1140 588 frui,
1177 532 1305 579 tunc
1335 524 1468 578 mihi
1512 523 1684 578 visum

86 620 172 667 est
201 614 300 669 hoc
328 615 381 667 in
412 615 575 670 rebus
605 630 725 671 esse
768 616 1155 687 iustissimum,
1186 627 1240 672 et
1281 617 1433 688 quasi
1469 616 1563 670 Dei
1592 617 1691 669 do-

88 720 241 769 num,
276 714 331 759 ut
358 720 456 761 suo
487 708 607 776 quis
639 708 830 764 labore
863 708 1162 775 frueretur,
1204 709 1398 765 bibens
1428 718 1482 763 et
1505 723 1688 764 come-

86 798 244 866 dens,
274 808 328 855 et
360 813 457 869 pro
491 808 739 871 tempore
782 800 809 839 δ
840 815 1071 872 parcens
1101 802 1296 872 cpibus
1322 800 1685 871 congregatis.

91 890 372 962 Siquidem
404 909 599 949 munus
634 894 722 949 Dei
748 904 855 961 cst,
878 896 1047 950 talem
1077 896 1195 949 viro
1223 895 1373 963 justo
1394 893 1511 948 dari
1538 908 1690 947 men-

92 990 222 1048 tem,
249 992 306 1038 ut
336 998 400 1039 ea
424 1000 545 1055 qua:
577 986 724 1040 curis
754 985 1067 1056 vigiliisque
1107 985 1388 1056 quaesivit,
1418 986 1535 1052 ipse
1559 999 1688 1039 con-

90 1083 289 1129 sumat.
322 1075 475 1130 Sicut
504 1091 535 1131 e
562 1076 858 1142 contrario,
885 1077 980 1131 ira:
1009 1078 1106 1132 Dei
1132 1087 1216 1134 est
1245 1077 1300 1131 in
1325 1086 1687 1147 peccatorem,

90 1176 150 1221 ut
181 1167 371 1222 diebus
400 1183 465 1224 ac
496 1170 746 1224 noctibus
768 1184 901 1240 opes
926 1179 1242 1241 congreget,
1275 1179 1330 1225 et
1352 1183 1689 1240 nequaquam

91 1262 171 1317 eis
200 1270 377 1327 utens,
418 1262 502 1317 his
529 1263 829 1331 relinquat,
862 1263 956 1333 qui
990 1263 1044 1318 in
1085 1273 1384 1333 conspectu
1429 1263 1521 1318 Dei
1558 1262 1689 1332 justi

88 1362 235 1409 sunt.
271 1353 379 1411 Sed
407 1355 615 1422 ethoc,
649 1355 845 1425 inquit,
876 1356 1168 1426 diligenter
1200 1357 1494 1427 inspiciens
1528 1366 1581 1412 et
1616 1357 1695 1411 vi-

89 1449 227 1505 dens
257 1448 439 1503 omnia
466 1457 645 1505 morte
675 1449 845 1513 finiri,
878 1450 1231 1504 vanissimum
1271 1449 1538 1520 judicavi.
1563 1448 1692 1504 Haec

90 1544 307 1600 interim
359 1543 657 1599 secundum
708 1542 978 1610 litteram,
1029 1559 1099 1597 ne
1142 1542 1429 1598 videamur
1477 1542 1693 1612 penitus

89 1639 394 1708 simplicem
429 1639 714 1707 prmterire
742 1651 990 1704 sensum,
1016 1646 1071 1692 et
1098 1636 1228 1692 dum
1257 1637 1571 1707 spirituales
1605 1637 1691 1691 dic

88 1729 249 1784 vitias
280 1719 584 1798 sequimur,
622 1729 871 1784 historia:
895 1738 1250 1785 contemnere
1291 1737 1690 1800 paupertatem.

1790 530 1934 582 sunt,
1965 529 2022 574 et
2059 520 2283 589 spiritus
2332 520 2760 590 praesumptione
2797 525 3124 593 composita.
3155 526 3265 581 Nec
3296 530 3395 583 mi~

1791 612 2052 676 randum,
2102 613 2244 682 quod
2294 613 2540 668 dixerit:
2594 613 2868 669 Peccatori
2899 617 3042 669 dedit
3083 619 3395 674 sollicitudi-

1791 721 1924 770 nem,
1961 713 2017 760 et
2036 715 2255 761 caatera.
2291 716 2315 753 8
2344 705 2426 761 Ad
2452 707 2603 761 illum
2634 707 2778 763 enim
2813 724 3036 765 sensum
3068 711 3137 767 de
3154 729 3260 780 quo
3289 730 3393 768 sat-

1792 810 1861 863 pe
1902 796 2154 861 tractavi,
2185 795 2289 851 hoc
2326 797 2675 852 referendum
2708 808 2829 854 est:
2874 800 3171 869 Pr0pterea
3211 802 3395 859 datam

1792 885 1902 958 [ΑΙ.
1938 886 2051 957 dat]
2090 888 2141 942 ei
2184 903 2309 944 esse
2362 890 2793 947 sollicitudinem
2838 893 2952 948 sive
3002 894 3398 951 distentionem

1794 976 1900 1049 (At.
1937 978 2341 1053 afﬂictionem],
2376 982 2503 1052 quia
2540 993 2794 1052 peccator
2819 983 3008 1051 fuerit,
3038 996 3093 1041 et
3136 1003 3245 1042 non
3273 1003 3397 1044 esse

1793 1084 2012 1125 causam
2047 1070 2393 1128 distentionis
2438 1072 2546 1145 [Αι.
2584 1075 2919 1149 afﬂictionis]
2950 1080 2999 1132 in
3034 1078 3167 1146 Deo,
3197 1081 3298 1135 sed
3342 1082 3395 1136 iu

1794 1162 1888 1217 illo
1914 1164 2002 1233 qui
2029 1175 2221 1234 sponte
2250 1182 2346 1220 sua
2378 1176 2503 1221 ante
2534 1170 2865 1238 peccaverit.

1867 1254 2020 1326 (Cap.
2053 1257 2167 1329 Ill.)
2210 1257 2463 1315 Omnibus
2485 1268 2689 1330 tempus
2727 1272 2828 1327 est,
2852 1272 2899 1316 et
2931 1273 3130 1334 tempus
3156 1268 3296 1321 onmi
3326 1268 3406 1321 rei

1794 1347 1886 1402 sub
1916 1350 2062 1404 caelo.
2093 1348 2361 1405 Incertum
2383 1361 2437 1406 ct
2462 1352 2817 1410 ﬂuctuantem
2847 1366 3044 1411 statum
3071 1360 3401 1416 conditionis

1797 1442 2046 1497 humana:
2071 1441 2124 1498 in
2151 1444 2531 1514 superioribus
2561 1447 2748 1502 docuit
2778 1467 2788 1501 :
2838 1465 2982 1504 nunc
3008 1452 3121 1505 vult
3152 1452 3282 1507 illud
3313 1469 3403 1506 os-

1798 1539 2041 1603 tendere,
2085 1539 2268 1593 omnia
2297 1539 2402 1595 sibi
2438 1542 2491 1596 in
2523 1542 2726 1597 mundo
2758 1558 2882 1598 esse
2911 1544 3206 1610 contraria,
3239 1556 3295 1601 et
3323 1550 3404 1601 ui-

1798 1630 1871 1684 hil
1905 1640 2049 1687 stare
2071 1642 2417 1703 perpetuum,
2446 1652 2637 1691 eorum
2665 1637 2969 1705 dumtaxat,
2993 1638 3113 1707 quae
3139 1640 3241 1696 sub
3264 1642 3406 1699 caelo

1795 1735 1945 1792 sunt,
1980 1736 2035 1781 et
2068 1728 2209 1781 intra
2244 1740 2474 1799 tempus,
2504 1731 2626 1801 quia
2657 1741 2870 1787 ets-tera:
2897 1734 3220 1791 substantiae
3248 1738 3411 1807 Spiri-

90 1821 229 1890 Quid
263 1824 407 1878 enim
454 1824 585 1878 boni
616 1832 722 1889 est,
756 1823 1047 1890 aut‘quale
1082 1823 1178 1878 Dei
1208 1839 1425 1890 munus,
1457 1822 1545 1878 vel
1581 1822 1695 1877 suis
1726 1822 1773 1882 B
1803 1818 2000 1882 tuales,
2033 1835 2133 1876 nec
2164 1823 2326 1885 crelo,
2360 1838 2462 1879 nec
2498 1832 2744 1893 tempore
2775 1826 3149 1882 continentur.

90 1916 287 1988 Opibus
317 1917 555 1984 inhiare,
590 1925 646 1973 et
666 1918 823 1988 quasi
853 1917 1149 1988 fugientem
1177 1930 1198 1957 ε
1234 1934 1579 1990 praecerpere
1606 1934 1701 1975 vo-

95 2011 395 2081 luptatem,
437 2012 517 2066 vel
548 2011 787 2067 alienum
821 2012 1066 2067 laborem
1102 2012 1159 2067 in
1191 2013 1439 2082 proprias
1471 2011 1701 2067 delicias

92 2114 311 2159 vertere
344 2121 358 2158 :
390 2112 446 2159 et
477 2103 582 2158 boc
619 2112 812 2173 putare
847 2104 1048 2159 donum
1082 2120 1207 2160 esse
1250 2105 1366 2171 Dei,
1411 2105 1456 2160 si
1506 2104 1702 2160 alienis

94 2195 333 2250 miseriis
360 2206 417 2249 et
448 2194 731 2249 laboribus
766 2196 1147 2264 perfruamur?
1176 2196 1383 2250 Bonum
1412 2204 1496 2251 est
1524 2196 1704 2265 itaque

95 2302 259 2343 veros
285 2287 440 2344 cibos
466 2298 523 2343 et
541 2304 725 2343 veram
754 2304 971 2345 sumere
998 2290 1301 2360 potionem,
1324 2306 1464 2361 quas
1490 2290 1559 2346 de
1582 2292 1702 2361 agni

96 2376 279 2435 Carne
299 2391 351 2433 et
379 2380 658 2451 Sanguine
676 2381 728 2435 in
751 2380 955 2437 divinis
972 2381 1357 2437 Voluminibus
1374 2382 1702 2438 invenimus.

98 2470 232 2538 Quis
246 2472 390 2527 enim
418 2474 506 2527 vel
527 2473 841 2538 comedere,
868 2474 958 2529 vel
983 2490 1107 2530 cum
1128 2490 1267 2545 opus
1295 2484 1402 2543 est,
1431 2472 1457 2512 ά
1481 2490 1706 2545 parcere

100 2572 283 2634 potest
297 2564 503 2633 absque
522 2564 669 2619 Deo?
686 2566 773 2634 qui
790 2568 1049 2635 przecepit
1074 2576 1323 2621 sanctum
1351 2567 1581 2621 canibus
1598 2582 1705 2623 non

103 2671 228 2711 esse
259 2655 582 2711 mittendum
619 2656 838 2727 (Matth.
872 2673 980 2723 vn,
1014 2658 1093 2729 6),
1125 2668 1180 2714 et
1207 2658 1391 2725 docet,
1432 2660 1707 2730 quomodo

106 2752 162 2805 in
192 2760 440 2821 tempore
466 2752 748 2805 conservis
763 2750 872 2805 sint
890 2749 1066 2805 danda
1086 2750 1289 2806 cibaria
1313 2750 1538 2823 (Matth.
1556 2768 1707 2818 xxiv,

105 2842 237 2911 45);
270 2853 323 2897 et
361 2842 515 2913 juxta
558 2843 727 2898 alium
757 2858 1004 2911 sensum,
1045 2843 1329 2898 inventum
1362 2843 1467 2898 mel
1498 2852 1705 2899 tantum

109 2943 135 2971 ε
162 2934 477 3002 comedere,
510 2945 771 3006 quantum
810 2935 1014 2992 sufficit
1039 2934 1222 3007 (Prov.
1256 2951 1387 3003 xxv,
1421 2934 1552 3007 16)?
1581 2937 1711 2992 Pul-

106 3028 243 3083 chre
270 3036 451 3082 autem
496 3027 701 3082 homini
752 3027 896 3083 bono
934 3027 1078 3083 Deus
1129 3026 1219 3082 dat
1262 3026 1608 3097 sapientiam,
1656 3038 1713 3085 et

107 3120 422 3187 scientiam,
452 3128 508 3175 et
537 3120 785 3174 laetitiam
820 3136 837 3174 :
870 3120 972 3174 nisi
1017 3120 1161 3174 enim
1207 3119 1387 3174 bonus
1426 3119 1623 3187 fuerit,
1656 3130 1711 3177 et

1875 1909 2108 1982 Tempus
2134 1914 2394 1981 pariendi,
2422 1925 2469 1969 et
2483 1925 2683 1984 tempus
2707 1918 2979 1972 moriendi.
3018 1918 3238 1991 Tempus
3262 1923 3412 1989 plan-

1804 2002 1971 2068 tandi,
2004 2012 2052 2055 et
2074 2015 2270 2075 tempus
2306 2007 2561 2061 evellendi
2599 2010 2740 2078 quod
2786 2009 3079 2078 plantatum
3124 2022 3221 2066 est.
3270 2013 3409 2069 Nulli

1801 2094 2027 2151 dubium
2057 2098 2203 2168 quod
2229 2109 2287 2154 et
2306 2109 2456 2155 ortus
2487 2110 2543 2156 et
2573 2102 2826 2156 interitus
2850 2102 3155 2169 hominum,
3185 2106 3294 2160 Deo
3314 2122 3411 2161 no—

1808 2196 1892 2242 tus
1918 2188 1989 2242 sit
2010 2188 2037 2225 ιι
2067 2200 2122 2245 et
2149 2190 2475 2261 praefinitus,
2503 2203 2557 2248 et
2587 2193 2825 2263 idipsum
2857 2211 2981 2251 esse
3022 2210 3236 2266 parere,
3267 2199 3411 2269 quod

1807 2278 2061 2348 plantare
2097 2299 2107 2333 :
2134 2282 2296 2348 mori,
2331 2292 2386 2339 et
2413 2285 2558 2354 quod
2586 2287 2887 2354 plantatum
2916 2298 3000 2342 est
3025 2291 3279 2345 evellere.
3306 2291 3413 2348 Sed

1808 2372 1932 2441 quia
1965 2373 2017 2427 in
2043 2372 2176 2428 Isaia
2210 2374 2441 2444 legimus
2468 2392 2480 2428 :
2510 2376 2556 2429 Α
2588 2378 2770 2431 timore
2793 2389 2905 2444 tuo,
2943 2377 3190 2447 Domine,
3231 2398 3413 2437 conce-

1808 2466 2003 2536 pimus,
2034 2477 2082 2521 et
2108 2469 2502 2540 parturivimus,
2544 2480 2590 2523 et
2619 2472 2915 2541 peperimus
2940 2488 2958 2525 :
2990 2472 3092 2527 hoc
3120 2474 3415 2529 dicendum

1810 2570 1926 2627 est,
1956 2561 2099 2630 quod
2131 2560 2379 2631 perfecto
2408 2564 2547 2629 viro,
2597 2574 2783 2633 partus
2813 2565 2940 2631 iste,
2982 2568 3071 2637 qni
3103 2567 3172 2623 de
3223 2570 3417 2624 timore

1812 2661 1969 2708 natus
1991 2661 2099 2719 est,
2129 2669 2253 2708 cum
2281 2653 2452 2709 Deum
2486 2670 2671 2711 amare
2714 2659 2968 2726 cceperit,
2997 2664 3247 2715 moritur.
3285 2660 3416 2716 Per-

1808 2745 1944 2815 fecta
1973 2746 2172 2817 quippe
2196 2746 2409 2801 dilectio
2436 2748 2581 2817 foras
2606 2750 2761 2803 mittit
2784 2751 3022 2806 timorem
3048 2752 3090 2823 (I
3128 2751 3290 2807 Joan.
3337 2770 3416 2817 tv,

1813 2837 1927 2907 18).
1962 2837 2177 2893 Hebraei
2208 2854 2375 2896 omne
2416 2841 2539 2905 hoc,
2570 2842 2716 2910 quod
2754 2842 2823 2898 de
2852 2845 3241 2901 contrarietate
3286 2857 3422 2903 tem-

1814 2944 2007 3000 porum
2036 2932 2303 3000 scriptum
2341 2944 2450 3001 est,
2487 2950 2660 3004 usque
2695 2936 2762 2989 ad
2796 2937 2951 2992 illum
2992 2938 3193 3007 locum,
3228 2940 3281 2994 in
3314 2957 3421 3012 quo

1814 3023 1927 3076 ait:
1959 3022 2125 3096 5,08
2165 3023 2394 3097 Tempus
2434 3026 2579 3095 belli,
2621 3039 2669 3082 et
2698 3039 2900 3099 tempus
2940 3033 3114 3099 pacis,
3155 3050 3320 3105 super
3346 3037 3424 3091 Is-

1816 3114 1931 3170 rael
1961 3116 2292 3186 intelligunt.
2327 3117 2395 3172 Ει
2416 3120 2543 3188 quia
2573 3135 2681 3176 non
2708 3137 2935 3179 necesse
2956 3135 3038 3179 est
3063 3141 3157 3194 per
3178 3128 3425 3198 singulos

110 3229 299 3270 mores
325 3229 453 3269 suos
480 3211 641 3286 ω’]
675 3212 902 3282 proprio
932 3212 1163 3268 arbitrio
1192 3210 1211 3250 τ
1239 3222 1365 3268 ante
1389 3215 1714 3280 correxerit,
1743 3213 1789 3277 ο
1822 3224 2015 3264 versus
2038 3224 2267 3278 ponere,
2301 3211 2429 3281 quid
2458 3212 2889 3283 interpretentur
2917 3227 2972 3271 et
3002 3221 3262 3286 sentiant,
3304 3237 3425 3291 per-

110 3307 465 3378 sapientiam,
497 3315 553 3361 et
588 3306 903 3373 scientiam,
942 3314 996 3361 et
1027 3305 1272 3360 laetitiam
1312 3320 1419 3359 non
1459 3318 1723 3373 meretur,

109 3401 415 3457 secundum
440 3399 574 3455 illttd
601 3397 747 3470 quod
779 3399 909 3453 alibi
940 3398 1178 3455 dicitur:
1209 3397 1473 3453 Seminate
1503 3399 1647 3453 vobis
1669 3398 1724 3452 in

102 3496 321 3568 justitia
346 3536 363 3562 ,
406 3495 721 3550 vindemiate
756 3495 812 3548 in
850 3493 1027 3564 fructu
1070 3495 1215 3558 vitat,
1250 3494 1542 3549 illuminate
1586 3494 1726 3550 vobis

114 3591 291 3645 lumen
312 3590 540 3646 scientia:
573 3588 720 3661 (Ose.
756 3606 813 3653 ι,
841 3588 909 3643 η
938 3630 954 3653 ,
980 3592 1137 3661 juxta
1166 3588 1356 3659 LXX).
1390 3568 1722 3645 Seminanda

114 3684 318 3755 quippe
345 3690 471 3736 ante
494 3681 730 3750 justitia,
755 3690 811 3737 et
839 3682 963 3736 vita:
991 3681 1198 3737 fructus
1226 3692 1313 3738 est
1341 3682 1721 3751 demetendus,

117 3789 174 3835 et
200 3786 391 3850 postea
420 3777 669 3834 scientiae
716 3777 901 3833 lumen
936 3778 1140 3847 poterit
1167 3792 1455 3848 apparere.
1501 3777 1566 3833 Ut
1593 3792 1723 3849 ergo

115 3871 259 3929 bono
281 3886 464 3927 coram
494 3886 554 3926 se
576 3869 728 3927 dedit
750 3870 895 3925 Deus
914 3870 1267 3938 sapientiam,
1293 3878 1350 3925 et
1369 3881 1566 3925 caetera
1598 3888 1613 3923 :
1646 3870 1726 3925 sic

116 3972 460 4033 peceatorem
504 3978 603 4018 suo
628 3962 855 4017 arbitrio
882 3962 1294 4033 derelinquens.
1333 3961 1466 4017 fecit
1498 3976 1727 4032 congre-

117 4072 245 4127 gare
275 4056 516 4122 divitias,
536 4067 591 4111 et
621 4054 749 4110 hinc
769 4066 825 4111 et
855 4055 984 4110 inde
1008 4070 1391 4125 perversorum
1414 4056 1724 4126 dogmatum

118 4162 388 4205 consuere
414 4146 728 4205 cervicalia.
754 4145 888 4213 Quae
910 4161 1032 4199 cum
1057 4147 1140 4201 vir
1171 4158 1393 4204 sanctus
1419 4158 1476 4204 et
1503 4149 1727 4218 placens

191 4362 263 4373 __.
290 4331 358 4386 Et
387 4338 659 4403 congreget
678 4341 807 4403 qua:
851 4325 1063 4403 dantur.
1093 4326 1193 4381 Hic
1221 4329 1382 4382 etiam
1412 4340 1727 4400 corruptam

121 4418 348 4475 prorsus
398 4397 640 4458 retinent
676 4397 833 4475 istam
866 4397 1176 4475 lectionem.
1220 4408 1267 4451 et
1298 4397 1730 4472 congregefqua:

123 4468 363 4530 ridentur
393 4475 528 4528 bona
549 4482 668 4525 ante
689 4470 875 4541 faciem
906 4468 1021 4523 Dei.
1050 4470 1323 4525 Maurus.

1826 3303 2091 3373 stringam
2137 3304 2383 3360 breviter
2431 3304 2540 3377 [ΑΙ.
2576 3307 2792 3381 leviter]
2826 3309 3079 3365 latiorem
3113 3328 3279 3383 super
3324 3314 3427 3371 hoc

1826 3396 2215 3452 dissertionem
2272 3398 2496 3453 lectoris
2557 3401 2778 3471 ingenio
2813 3402 3218 3476 derelinquens.
3263 3408 3425 3463 Tem-

1828 3506 1930 3562 pus
1978 3492 2081 3547 fuit
2122 3494 2420 3563 generandi
2471 3505 2525 3549 et
2572 3496 2849 3563 plantandi
2884 3498 3162 3566 Israelem,
3214 3512 3427 3571 tempus

1830 3583 2118 3650 moriendi,
2146 3595 2201 3639 et
2234 3585 2477 3641 ducendi
2511 3587 2562 3641 in
2592 3588 2981 3657 captivitatem.
3018 3591 3256 3663 Tempus
3284 3596 3427 3649 occi-

1830 3678 1992 3733 dendi
2018 3694 2112 3735 eos
2141 3680 2193 3733 in
2217 3678 2480 3750 Egypto,
2510 3689 2566 3735 et
2596 3688 2806 3750 tempus
2833 3683 2901 3739 de
2929 3683 3166 3756 [Egypto
3194 3686 3427 3742 liberan—

1829 3771 1907 3826 di.
1939 3771 2178 3842 Tempus
2199 3772 2519 3828 destruendi
2550 3776 2738 3844 templi
2772 3776 2875 3829 sub
2897 3776 3422 3846 Nabuchodoiiosor,

1830 3875 1885 3921 et
1912 3876 2122 3935 tempus
2148 3864 2454 3921 :edificandi
2489 3865 2591 3920 sub
2634 3866 2821 3922 Dario.
2870 3868 3106 3939 Tempus
3137 3873 3425 3944 plangendi

1829 3961 2169 4014 eversionem
2195 3960 2367 4023 urbis,
2401 3970 2455 4013 et
2485 3967 2699 4029 tempus
2739 3960 2949 4015 ridendi
2991 3972 3152 4033 atque
3190 3967 3423 4025 saltandi

1830 4052 1933 4107 sub
1970 4051 2300 4117 Zorobabel,
2344 4052 2542 4118 Esdra,
2590 4065 2647 4110 et
2677 4054 2921 4111 Neemia.
2957 4057 3191 4129 Tempus
3216 4061 3428 4133 disper-

1831 4146 1990 4217 gendi
2016 4145 2209 4213 Israel,
2250 4156 2306 4202 et
2328 4154 2543 4217 tempus
2573 4148 2624 4203 in
2651 4164 2818 4204 unum
2845 4154 3233 4224 congregandi.
3267 4156 3428 4215 Tem-

1912 4325 2430 4408 f_Pra3positionem
2461 4328 2783 4408 ante_\_l_atic.
2832 4331 3004 4387 codex
3046 4333 3278 4406 ignorat,
3321 4356 3425 4408 qua

1837 4397 2054 4468 quidem
2087 4412 2379 4465 expuncta,
2413 4408 2505 4452 aut
2535 4398 2689 4463 nihil,
2737 4410 2829 4455 aut
2874 4413 3021 4459 certe
3067 4397 3427 4468 utinus'Pe'la-

1834 4470 2051 4538 gianum
2079 4485 2324 4525 errorem
2356 4470 2445 4523 hic
2473 4470 2624 4524 locus
2676 4472 2939 4538 redoleat,
2993 4484 3225 4535 maxime
3266 4486 3310 4535 si
3359 4483 3426 4538 ad

198 4577 223 4604 τι
266 4569 443 4622 Penes
481 4540 699 4621 Alcnin.
754 4559 1041 4630 Postquam
1102 4564 1341 4615 universa
1393 4563 1630 4624 tractavi,
1680 4572 1727 4618 et
1756 4559 1807 4619 D
1833 4554 1895 4630 Si?
1922 4558 2091 4630 {9'53
2129 4540 2837 4630 §"PS°‘|_“".“_.'"E~._‘!?"l'""‘
2874 4545 3145 4630 ίξιίθυβδε·
3172 4554 3435 4610 Α¹θ⁰ί¹¹¹¹⁵

130 4638 261 4715 nihil
294 4640 347 4691 in
380 4637 531 4689 istius
569 4632 747 4715 mundi
776 4632 953 4687 labore
981 4642 1297 4715 perpetuum.
1319 4631 1576 4715 intellexi,
1608 4650 1729 4705 pos-

128 4712 469 4774 terioremque
495 4708 874 4774 generationem
913 4704 1102 4775 prioris
1144 4705 1247 4774 frui
1279 4705 1572 4771 laboribus,
1608 4704 1729 4759 tunc

126 4779 257 4834 mihi
281 4779 445 4832 visum
485 4785 578 4841 est,
613 4776 708 4829 ltoc
732 4777 787 4828 in
815 4775 988 4841 rebus,
1017 4785 1125 4831 etc.

202 4874 230 4913 b
274 4873 371 4927 llic
415 4886 628 4940 quotue
666 4885 733 4924 ex
776 4868 1094 4939 prtrjudicio
1134 4868 1433 4939 superioris
1480 4868 1729 4924 lectionis

132 4955 247 5000 tres
273 4958 406 4997 mss.
434 4958 529 5011 pro
553 4953 777 5008 tempore
792 4957 1004 5008 pascens
1030 4941 1232 5009 apibus,
1264 4948 1371 4995 etc.

206 5027 228 5054 ο
259 5013 327 5068 Et
355 5010 506 5085 quasi
540 5015 842 5085 fugientem,
884 5012 1099 5085 etc._lta
1134 5012 1319 5085 legunt
1348 5025 1479 5065 mss.
1511 5010 1732 5066 codices

134 5086 198 5149 5;
232 5081 561 5141 editt'autem
588 5081 743 5138 antea
778 5083 943 5139 libri:
976 5081 1040 5135 Et
1064 5083 1210 5149 quasi
1235 5084 1475 5136 scientem
1504 5098 1733 5150 pratsen—

138 5168 236 5211 tem
254 5173 461 5227 carpere
484 5157 827 5223 voluptatem:
864 5154 976 5222 vel,
1001 5164 1048 5207 et
1076 5154 1227 5223 quasi
1254 5154 1536 5225 fugientem
1565 5155 1733 5224 perci-

136 5245 255 5299 pere
281 5230 615 5299 voluptatem.
634 5228 901 5299 Maurum.

208 5294 581 5354 —-Vic'torius
609 5312 676 5353 ex
724 5296 992 5351 Brixianis
1037 5294 1197 5350 codd.
1249 5295 1379 5365 legit
1425 5297 1733 5364 percipere:

141 5381 298 5425 antea
330 5382 444 5425 erat
469 5369 615 5439 quasi
652 5369 893 5422 scientem
918 5379 1218 5439 prazsentem
1258 5383 1469 5435 carpere
1493 5365 1733 5439 voluptae

144 5450 272 5506 tem;
300 5457 457 5510 quam
484 5438 774 5495 lectionem
796 5450 851 5494 et
872 5438 1094 5494 retineri
1132 5451 1294 5507 posse
1317 5440 1415 5504 ait,
1444 5446 1653 5493 tantum
1685 5438 1732 5494 si

146 5513 439 5563 fuaientem.
472 5526 569 5563 oro
594 5511 852 5563 scientem.
883 5510 1112 5563 scribas.

167 5513 439 5579 'ugientem,
472 5526 569 5579 pro
594 5511 852 5575 scientem,
883 5510 1112 5565 scribas.

144 5513 439 5583 fugientem,
472 5526 569 5579 pro
594 5513 852 5575 scientem,
883 5513 1112 5565 scribas.

214 5580 490 5655 dRursum
519 5596 651 5636 mss.
683 5597 889 5655 omnes,
924 5595 1132 5652 pascere
1155 5579 1355 5655 habent
1375 5594 1734 5655 pro‘parcere,

145 5653 286 5722 quod
320 5654 419 5708 hoc
447 5654 663 5722 demum
695 5654 816 5707 loco
851 5652 1021 5706 ferme
1053 5654 1377 5708 concinnius
1407 5652 1645 5720 videtur,
1672 5667 1735 5708 ac

146 5721 400 5782 subuexae
434 5721 753 5792 espusitioni
782 5723 1161 5779 cohaerentius.

223 5805 246 5832 ε
287 5794 402 5851 Duo
428 5809 559 5850 mss.
590 5802 791 5848 tantum
817 5795 962 5850 debet
992 5794 1275 5851 comedere.

673 5888 952 5950 ΡΑτιιοι.
1000 5888 1243 5951 XXIII.

1831 4611 2160 4694 sententiam
2204 4611 2343 4664 hanc
2401 4612 2467 4665 ad
2526 4612 3135 4694 qalpﬂllqmudoclrinm
3182 4640 3424 4694 sensum,

1832 4682 1921 4750 qui
1949 4691 2072 4751 post
2101 4682 2719 4763 HICTOIIYIIIUIII‘ClaI'iUS
2746 4687 3001 4763 deﬁnitus
3035 4692 3236 4761 ubique
3261 4682 3432 4752 terra,-

1834 4767 1952 4823 rum
1992 4763 2099 4816 est,
2130 4755 2201 4805 ita
2231 4766 2293 4806 ex
2338 4755 2557 4821 ingenio
2588 4764 2855 4823 temperat
2884 4775 2898 4813 :
2945 4761 3065 4816 Nisi
3094 4755 3229 4818 enim
3266 4768 3431 4821 bontts

1833 4822 2016 4907 fuerit,
2054 4832 2101 4875 et
2132 4838 2299 4876 mores
2340 4840 2496 4907 suos,
2517 4823 2615 4907 Dei
2658 4822 2940 4900 adjuvante
2984 4834 3170 4901 gratia,
3220 4838 3430 4907 praprio

1832 4892 2048 4947 arbitrio
2076 4906 2195 4947 ante
2214 4896 2517 4959 correxerit,
2543 4905 2649 4950 etc.

1907 4964 2057 5047 ς-τΕῑ
2070 4980 2266 5047 liuores
2286 4981 2407 5018 suos
2444 4970 2654 5037 proprio
2675 4968 2921 5047 .arbitrio.
2963 4969 3216 5047 Nonnihil
3240 4990 3433 5047 sapere

1835 5036 2049 5113 videtur
2070 5035 2567 5113 Pelagiierrutjent;
2594 5038 2687 5092 sed
2705 5055 2769 5093 ex
2793 5046 3250 5113 consequentibus
3274 5035 3431 5106 facile

1834 5106 2012 5163 locum
2042 5107 2379 5162 emendabis.
2404 5107 2675 5165 Maurum.

1909 5209 1935 5247 ε
1973 5199 2188 5255 Alcuin.
2232 5214 2331 5270 pro
2383 5202 2536 5258 hisce
2567 5203 2772 5259 verbis.
2804 5205 2887 5258 Ad
2931 5206 3081 5262 illum
3126 5212 3261 5267 enim
3314 5231 3431 5270 sen-

1834 5287 1969 5352 sum,
2018 5284 2162 5336 etc.,
2194 5286 2367 5352 usque
2413 5276 2743 5352 referendum
2792 5285 2865 5331 est
2896 5292 2915 5331 :
2942 5279 3126 5352 “habet
3175 5286 3431 5352 pressiori

1834 5342 2009 5467 fierine
2036 5345 2378 5468 expositione
2414 5362 2424 5398 :
2452 5342 2592 5399 dedit
2634 5348 2770 5401 enim
2797 5365 2890 5419 pro
2914 5350 3112 5406 dimisit
3134 5342 3432 5429 intelligen-

1876 5429 1961 5467 um
1990 5430 2043 5468 es
2073 5454 2088 5468 .

1876 5429 1961 5467 um
1990 5429 2088 5469 εει.

1915 5507 1942 5546 h
1982 5509 2059 5587 Es
2110 5508 2629 5587 Alct_tino_legimus._
2658 5512 2835 5569 Antea
2860 5522 2976 5568 erat
3015 5525 3064 5570 et
3110 5518 3289 5587 ﬁnitus
3320 5538 3340 5576 :
3382 5522 3436 5579 in

1841 5583 2121 5655 veteribus
2148 5582 2397 5651 vulgatis,
2426 5590 2473 5655 e_t
2506 5584 2731 5655 agnitus.

1844 5724 1898 5781 Μ
1913 5683 1985 5694 -
2003 5652 2112 5707 Deo
2146 5662 2298 5708 notus
2314 5655 2396 5722 ﬁt.
2431 5652 2717 5721 Erasinus,
2732 5652 2847 5709 Deo
2869 5666 3023 5713 notus
3046 5660 3114 5715 sit
3135 5671 3183 5717 et
3206 5664 3433 5738 agnitus.

1899 5740 2120 5781 ARTIAN.

1899 5740 2099 5781 ARTIAN
2106 5764 2120 5779 .

2957 5896 3039 5960 33
