3998 6372
464 3694 475 3701 ,
544 3636 863 3704 displicens,
894 3632 1065 3701 magis
1093 3627 1299 3699 placuit
1324 3626 1438 3680 Deo
1467 3624 1534 3697 (ll
1557 3624 1688 3695 Reg.
1715 3622 1814 3693 Vl).
1840 3619 1867 3659 ά

572 352 713 410 ωδε
1832 339 1890 396 S.
1933 338 2197 398 EUSEBII
2227 340 2610 401 HIERONYMI
3768 354 3887 411 £035

565 484 667 537 pus
694 462 849 536 quasi
877 459 1155 532 cingulum
1187 466 1239 513 et
1288 455 1566 513 baltheum
1610 464 1635 493 ει
1684 455 2013 512 circumdari
2060 458 2174 513 Deo
2202 462 2250 522 Α
2338 458 3495 544 Pl21]}:fdi‘licgthﬁtitﬂguadrptugymnadis.

562 522 821 629 populum
850 522 1189 617 Iudaeorum,
1225 561 1279 607 et
1314 560 1531 621 tempus
1560 548 1795 605 ducendi
1834 565 1930 607 eos
1973 552 2028 605 in
2073 551 2154 605 Ba

2342 524 2365 562 ϐ
2392 522 2604 586 Εςιιιδῑ,
2632 530 2685 573 et
2714 524 2827 574 vitae
2851 522 3160 575 disconvenit
3178 526 3355 577 ordine
3384 534 3507 578 toto.

562 652 836 723 byloniam
864 647 1264 716 captivitatem,
1298 655 1351 700 et
1404 645 1477 699 ibi
1530 655 1981 714 computrescere
2023 654 2174 699 trans

562 744 901 815 Euphraten.
929 741 1074 810 Lege
1094 741 1364 816 περίζωμα
1386 737 1666 811 (lumbare)
1681 736 1933 793 Jeremiaa
1953 735 2168 809 (Jerem.

562 856 657 895 xm
684 879 698 905 ,
732 840 757 893 l
788 838 978 908 seqq.).
1006 836 1248 904 Tempus
1272 832 1554 904 quaerendi
1580 830 1705 885 illos
1735 840 1789 887 et
1810 830 2086 897 servandi,
2120 837 2174 885 et

559 942 775 1003 tempus
821 929 1105 1001 perdendi,
1152 936 1206 983 et
1262 935 1477 996 tempus
1522 924 1871 994 projiciendi.
1924 924 2168 993 Tempus

552 1027 837 1085 scindendi
874 1025 1067 1091 Israel,
1100 1032 1154 1079 et
1175 1031 1393 1092 tempus
1423 1020 1620 1076 iterum
1646 1017 1971 1075 consuendi.
2002 1017 2170 1073 Tem-

561 1139 662 1195 pus
692 1118 910 1179 tacendi
933 1118 1252 1189 Propbetas,
1294 1130 1437 1171 nunc
1470 1112 1525 1170 in
1555 1115 1871 1182 captivitate
1897 1113 2164 1179 Romana,

559 1229 615 1275 et
652 1228 866 1288 tempus
898 1213 1154 1283 loquendi
1188 1226 1305 1276 eos,
1352 1219 1477 1264 tunc
1508 1208 1728 1280 quando
1758 1209 1921 1263 etiam
1953 1207 2008 1262 in
2040 1206 2166 1263 hos-

556 1311 638 1365 tili
667 1317 809 1365 terra
842 1308 938 1362 Dei
968 1303 1348 1361 consolatione
1391 1310 1442 1357 et
1474 1301 1713 1371 alloquio
1744 1314 1851 1354 non
1880 1300 2159 1355 carebant.

553 1402 796 1471 Tempus
818 1398 1153 1463 dilectionis,
1194 1411 1299 1466 qua
1329 1408 1425 1450 eos
1454 1394 1557 1449 sub
1596 1392 1844 1463 patribus
1870 1401 1995 1446 ante
2026 1391 2163 1446 dile—

552 1496 651 1560 xit,
675 1502 731 1549 et
756 1502 968 1561 tempus
994 1490 1134 1555 odii,
1165 1489 1289 1558 quia
1323 1487 1376 1541 in
1407 1485 1687 1541 Christum
1717 1486 2016 1539 intulerunt
2049 1497 2163 1536 ma-

552 1602 676 1641 nus.
707 1584 944 1653 Tempus
976 1580 1168 1650 praelii,
1209 1578 1372 1633 modo
1418 1593 1524 1633 non
1569 1578 1852 1649 agentibus
1883 1577 1961 1631 eis
1988 1578 2163 1646 paeni-

552 1680 797 1744 tentiam,
833 1685 887 1732 et
913 1685 1126 1745 tempus
1167 1672 1319 1743 pacis
1348 1674 1399 1727 in
1433 1670 1639 1737 futuro,
1670 1670 1889 1741 quando
1920 1670 2160 1725 intrante
2265 1670 2375 1726 Lex
2406 1672 2608 1743 quippe
2640 1672 2838 1743 rigida,
2864 1673 3181 1743 inbenigna,
3213 1691 3317 1729 non
3342 1690 3597 1745 parcens,
3643 1693 3874 1748 pcccan-
3946 1670 3947 1725 ἶ

550 1768 888 1840 plenitudine
915 1766 1179 1837 gentium,
1211 1764 1388 1817 omnis
1426 1762 1595 1817 Israel
1637 1762 1819 1816 salvus
1854 1761 1977 1816 erit.
2265 1772 2370 1816 tem
2408 1763 2683 1819 interlicit.
2719 1763 2997 1835 Evangelii
3032 1765 3201 1831 gratia
3233 1768 3535 1834 miseretur,
3574 1780 3629 1824 et
3659 1771 3733 1824 ad
3763 1787 3877 1841 pue-

625 1864 847 1932 Tempus
885 1860 1176 1925 occidendi,
1199 1868 1246 1912 et
1281 1867 1479 1928 tempus
1505 1855 1750 1910 sanandi.
1782 1854 2155 1909 Etoccidendi
2189 1848 2237 1907 Β
2265 1855 2551 1909 nitentium
2592 1867 2871 1925 provocat.
2914 1857 2980 1911 Et
3023 1856 3128 1913 hoc
3169 1874 3283 1914 esse
3321 1866 3530 1929 tempus
3568 1860 3879 1919 mittendo—
3946 1848 3947 1881 ἲ

548 1966 763 2025 tempus
800 1962 883 2009 est
922 1962 975 2007 et
1022 1948 1270 2015 sanandi,
1324 1948 1420 2017 qui
1470 1948 1546 2002 ait
1595 1964 1609 2001 τ
1662 1945 1776 2019 Ego
1823 1945 2076 2011 occidam,
2109 1956 2157 1997 ct
2265 1965 2385 2003 rum
2431 1950 2694 2020 lapidum,
2722 1950 2851 2019 {sive
2898 1951 3419 2023 congregandorum,
3459 1955 3603 2024 quod
3644 1956 3873 2026 lapides

545 2064 639 2120 ego
676 2046 948 2115 viviﬁcabo
988 2042 1177 2115 (Deut.
1208 2056 1387 2102 xxxtt.
1421 2041 1531 2110 l9).
1576 2041 1745 2095 Sanat
1777 2040 1845 2095 ad
1890 2040 2157 2109 pmniten—
2262 2046 2546 2097 mittantur
2594 2044 2644 2097 in
2705 2044 2869 2115 Lege,
2925 2045 3254 2114 colligantur
3295 2046 3347 2100 in
3390 2046 3705 2116 Evangelio.
3754 2050 3875 2105 Iloc

545 2144 670 2196 tiam
699 2153 1023 2209 provocans.
1042 2136 1277 2201 Occidit,
1303 2135 1456 2205 juxta
1482 2134 1638 2189 illttm
1670 2147 1893 2189 sensum
1920 2152 1929 2187 :
1960 2131 2027 2187 In
2045 2148 2157 2186 ma-
2260 2142 2438 2188 tttrum
2467 2150 2593 2190 vere
2618 2150 2715 2189 nec
2740 2150 2808 2190 ne
2841 2136 3045 2189 dictum
3070 2136 3160 2199 sit,
3181 2151 3280 2191 suo
3310 2136 3609 2206 imputetur
3637 2143 3868 2195 auctori.

543 2229 1290 2300 tutinointerﬁciebamomnes
1315 2235 1780 2295 peccatoresterrat
1802 2221 1978 2294 (Psal.
2001 2223 2149 2293 c,8).
2329 2225 2555 2298 Tempus
2577 2228 2935 2297 amplexandi,
2972 2237 3019 2281 et
3055 2239 3252 2299 tempus
3298 2230 3449 2301 longe
3495 2232 3613 2300 ﬁeri
3661 2232 3723 2286 ab
3758 2250 3869 2287 am-

615 2324 840 2395 Tempus
868 2320 1189 2385 destruendi,
1221 2328 1267 2373 et
1295 2329 1499 2387 tempus
1526 2317 1848 2387 ludiﬁcandi.
1883 2316 1999 2371 Non
2031 2330 2152 2383 pos-
2258 2318 2432 2387 plexu.
2489 2320 2648 2374 Juxta
2701 2320 3006 2390 simplicem
3057 2321 3483 2392 intelligentiam
3550 2328 3867 2382 manifestus

543 2434 736 2476 sumus
765 2416 1040 2471 mdilicare
1070 2414 1234 2479 bona,
1261 2411 1365 2465 nisi
1404 2410 1555 2479 prius
1576 2410 2010 2465 destruxerimus
2041 2424 2153 2462 ma—
2257 2422 2341 2466 est
2389 2427 2620 2479 sensus,
2674 2414 2940 2483 Apestolo
2987 2414 3154 2488 410
3206 2417 3259 2470 in
3310 2417 3499 2472 eadem
3544 2421 3712 2476 verba
3738 2437 3866 2477 coa-

546 2515 618 2570 la.
655 2512 682 2552 ι)
715 2512 924 2567 Idcirco
956 2510 1039 2564 sic
1068 2507 1326 2563 Ieremia:
1357 2506 1583 2560 verbum
1622 2518 1650 2558 a
1693 2504 1808 2558 Deo
1836 2503 2017 2556 datum
2045 2508 2149 2565 est,
2256 2513 2488 2573 grnente
2508 2526 2516 2559 :
2538 2505 2720 2561 Nolite
2742 2508 2993 2575 fraudare
3015 2509 3083 2561 ad
3115 2510 3346 2573 invicem,
3378 2511 3481 2564 nisi
3504 2517 3640 2582 forte
3665 2529 3731 2567 ex
3753 2530 3867 2567 con-

543 2616 603 2662 ut
641 2616 765 2661 ante
806 2604 1131 2667 eradicaret,
1181 2608 1238 2655 et
1285 2597 1607 2661 sull’oderet,
1655 2605 1709 2651 et
1761 2593 2047 2666 perderet;
2099 2600 2153 2647 et
2255 2612 2412 2651 sensu
2438 2597 2507 2651 ad
2539 2607 2763 2668 tempus,
2798 2608 2853 2652 ut
2883 2602 3073 2654 vacetis
3098 2602 3323 2655 orationi
3353 2601 3395 2670 (Ι
3428 2602 3545 2658 Cor.
3582 2620 3676 2670 vn,
3708 2605 3781 2676 5),
3809 2605 3870 2658 li-

542 2710 731 2772 postea
756 2699 1054 2752 aediﬁcaret
1084 2702 1247 2762 atque
1279 2694 1557 2761 plantaret
1588 2690 1811 2761 (larem.
1848 2689 1911 2759 ι).
2256 2690 2403 2745 beris
2444 2692 2676 2745 dandam
2715 2707 2959 2762 operam,
3002 2705 3054 2749 et
3091 2706 3304 2750 rursum
3346 2697 3725 2752 continentiar.
3774 2698 3865 2753 \‘el

615 2789 781 2861 [.09
815 2787 1236 2858 Tempus/tendi,
1260 2792 1306 2837 et
1328 2791 1529 2852 tempus
1557 2779 1953 2834 ridendi.Nunc
1986 2776 2149 2832 ﬂendi
2254 2785 2399 2854 quod
2433 2795 2650 2855 tempus
2688 2788 2849 2842 fuerit
2882 2789 3251 2858 amplexandi,
3287 2791 3509 2860 quando
3537 2794 3755 2862 vigebat
3777 2792 3865 2846 illa

544 2895 758 2952 tempus
781 2891 890 2945 est,
918 2889 974 2936 et
1003 2881 1056 2933 in
1088 2878 1277 2932 futuro
1311 2877 1527 2931 ridendi
1554 2893 1566 2927 ε
1596 2874 1744 2928 Beati
1775 2873 1920 2926 enim
1947 2870 2157 2941 ﬂentes,
2254 2881 2525 2932 sententia
2558 2898 2569 2933 :
2604 2880 2855 2946 Crescite,
2888 2892 2936 2935 et
2970 2883 3418 2952 multiplicamini,
3458 2895 3506 2939 et
3538 2888 3736 2957 replete
3768 2896 3867 2941 ter-

548 2977 797 3048 quoniam
826 2975 926 3044 ipsi
952 2972 1191 3025 ridebunt
1220 2969 1379 3042 (Luc.
1410 2984 1485 3033 vr,
1524 2966 1642 3037 21).
2250 2982 2363 3021 ram
2393 2967 2549 3040 (Gen.
2577 2986 2616 3037 ι,
2642 2971 2758 3041 ‘28).
2787 2971 2855 3026 Et
2882 2979 3094 3041 tempus
3127 2974 3314 3043 procul
3343 2990 3371 3028 a
3405 2977 3692 3045 complexu
3726 2977 3863 3043 ﬁeri,

622 3066 847 3134 Tempus
879 3062 1182 3134 plangentis",
1211 3071 1257 3115 et
1292 3071 1488 3125 tempus
1515 3057 1764 3111 saltandi.
1804 3054 2009 3109 idcirco
2038 3068 2151 3109 cor-

2270 3064 2470 3132 juamlo
2501 3067 2768 3121 successit
2794 3085 2805 3119 :
2836 3066 3061 3136 Tempus
3086 3065 3110 3103 ιι
3134 3070 3187 3121 in
3214 3078 3436 3143 angusto
3461 3078 3555 3125 est.
3592 3071 3864 3143 Superest,

544 3157 897 3231 ripiunlurin
930 3154 1247 3224 Evangelia,
1273 3152 1473 3222 quibus
1504 3150 1763 3205 Dominus
1787 3150 1865 3202 ait
1892 3168 1902 3202 ἰ
1930 3148 2150 3204 Lamen-
2253 3167 2309 3211 ut
2352 3166 2398 3211 et
2436 3160 2523 3229 qui
2572 3159 2762 3215 habent
2812 3176 3018 3230 uxores,
3049 3163 3122 3215 sic
3168 3162 3273 3217 sint
3302 3166 3450 3233 quasi
3496 3181 3598 3218 non
3642 3164 3868 3220 habeant

545 3257 765 3312 tavimus
796 3251 959 3313 vobis,
994 3257 1039 3302 et
1078 3264 1183 3301 non
1222 3246 1496 3316 planxislit
1529 3259 1546 3297 :
1578 3244 1914 3309 mutavimus,
1962 3252 2009 3297 et
2050 3260 2150 3297 non
2179 3234 2225 3297 C
2257 3248 2299 3317 (l
2326 3249 2444 3303 Cor.
2482 3266 2580 3314 vn,
2610 3253 2726 3321 29).
2761 3253 2815 3308 Si
2843 3264 3021 3308 autem
3051 3254 3382 3310 voluerimus
3412 3254 3479 3311 ad
3508 3257 3703 3312 altiora
3738 3273 3871 3311 con-

552 3347 785 3405 saltastis
803 3343 957 3416 (Luc.
985 3355 1079 3405 vn,
1104 3337 1220 3410 52).
1246 3335 1620 3406 Plangendum
1648 3344 1735 3389 est
1754 3335 2150 3403 impraesentia-

2267 3345 2537 3412 scendew,
2576 3347 2880 3401 videbimus
2907 3348 3229 3418 sapientiam
3257 3351 3560 3421 amplexari
3592 3360 3869 3407 amatores

548 3460 691 3510 rum,
714 3454 734 3481 ε
765 3449 823 3495 ιιι
851 3448 1038 3510 postea
1069 3434 1270 3489 saltare
1298 3433 1582 3485 valeamus
1613 3430 1701 3484 illa
1722 3432 2151 3500 εθιιδιὶοηειίιυῆ
2253 3452 2418 3493 suos:
2456 3440 2693 3507 Honora,
2746 3443 2945 3511 quippe
2989 3443 3085 3509 ait,
3127 3456 3259 3510 eam,
3310 3452 3356 3499 et
3395 3445 3801 3515 amplexabitur
3827 3456 3871 3499 te

548 3541 717 3598 David
742 3540 964 3595 saltavit
988 3547 1113 3592 ante
1137 3550 1319 3590 arcam
1340 3532 1676 3588 Testamenti
1706 3548 1715 3583 :
1741 3540 1792 3585 et
1823 3528 2000 3586 Saulis
2029 3529 2151 3583 illim
2255 3530 2439 3605 (Prov.
2477 3547 2553 3597 tv,
2588 3535 2665 3601 8),
2707 3534 2961 3604 intraque
2993 3536 3148 3589 ulnas
3179 3550 3306 3592 suas
3338 3546 3393 3591 et
3425 3538 3701 3606 gremium
3743 3539 3872 3592 stri-

2248 3624 2459 3679 ctiorii
2507 3629 2716 3681 tenebit
2757 3629 3064 3698 complexu.
3118 3628 3312 3697 Porro,
3356 3632 3481 3699 quia
3531 3642 3640 3686 non
3691 3642 3869 3702 potest

2252 3718 2522 3773 humanus
2566 3720 2785 3775 animus
2828 3735 3047 3792 semper
3096 3722 3147 3777 in
3192 3723 3431 3778 sublime
3484 3724 3672 3790 tendi,
3707 3733 3763 3779 et
3804 3725 3871 3779 dc

2250 3813 2450 3867 divinis
2488 3824 2543 3867 et
2580 3813 2872 3870 altioribus
2915 3816 3186 3886 cogitare,
3234 3834 3332 3872 nec
3379 3817 3585 3888 juglter
3636 3833 3763 3875 csse
3818 3820 3868 3873 in

2247 3906 2714 3973 contemplatione
2746 3922 2927 3962 rerum
2966 3909 3295 3977 ctelestimn,
3328 3910 3422 3965 sed
3452 3911 3739 3966 interdum
3781 3926 3871 3966 ne-

2248 3998 2600 4053 cessitatihus
2623 4002 2868 4069 corporis
2892 4002 3211 4074 indulgere;
3238 4012 3533 4075 propterea
3559 4015 3778 4076 tempus
3792 4016 3871 4060 est

2250 4092 2599 4160 amplexandi
2627 4093 2976 4163 sapientiam,
3002 4105 3057 4151 et
3087 4112 3205 4151 eam
3238 4098 3484 4152 strictius
3521 4100 3537 4148 i
3570 4101 3869 4155 continen-

2252 4182 2328 4249 di,
2364 4192 2419 4237 et
2456 4191 2677 4253 tempus
2732 4186 3011 4243 relaxandi
3061 4200 3301 4244 mentem
3354 4191 3424 4245 ab
3470 4190 3671 4246 intuitu
3718 4207 3872 4247 cont-

2252 4277 2526 4347 plexuque
2555 4280 2858 4349 sapientia),
2900 4294 2955 4336 ut
2987 4299 3131 4337 curae
3164 4284 3438 4353 corporis,
3468 4294 3525 4340 et
3551 4285 3635 4340 bis
3665 4285 3873 4355 quibus

2253 4372 2358 4426 vita
2392 4382 2576 4427 nostra
2603 4374 2811 4446 absque
2845 4385 3070 4447 peccato
3098 4376 3330 4448 indiget,
3364 4378 3687 4433 serviamus.

2276 647 2390 702 Hoc
2418 658 2595 701 utrum
2625 654 2793 714 recte,
2824 664 2889 702 an
2913 640 3198 719 perperam
3230 649 3452 715 dixerit,
3480 652 3714 709 lecturis
3747 655 3884 711 arbi-

2277 740 2386 794 trio
2409 739 2750 810 dcrelinquo.
2782 739 2894 795 Nos
2925 741 3131 810 prioris
3161 742 3575 810 explanationis
3603 761 3886 814 sequamur

2275 834 2524 889 ordinem
2552 852 2565 887 :
2590 834 3280 907 Tempustpargcndorum
3302 846 3356 892 et
3374 842 3882 911 congregandorum

2274 929 2512 997 lapidum
2548 944 2674 985 esse
2706 929 2973 994 dicentes,
3011 930 3166 1000 juxta
3198 930 3331 986 illud
3360 932 3506 1000 quod
3541 938 3598 988 in
3642 935 3881 1007 Evange-

2273 1023 2347 1077 lio
2378 1024 2640 1093 scriptum
2673 1035 2753 1078 est
2809 1042 2819 1077 :
2856 1023 3052 1079 Polens
3092 1034 3169 1079 est
3208 1025 3351 1081 Deus
3382 1028 3446 1081 de
3487 1028 3760 1100 lapidibus
3784 1032 3881 1086 istis

2270 1116 2523 1170 suscitare
2552 1118 2692 1187 ﬁlios
2720 1116 2946 1172 Abrahte
2990 1116 3210 1189 (Matth.
3248 1134 3329 1185 ιιι,
3359 1116 3438 1192 9).
3482 1121 3645 1190 Quod
3684 1135 3881 1193 tempus

2271 1208 2439 1264 luerit
2464 1210 2683 1281 gentilis
2716 1211 2899 1280 populi
2930 1208 3303 1281 dispergendi,
3336 1221 3390 1266 et
3421 1220 3644 1284 tempus
3675 1233 3877 1272 rursum

2270 1301 2325 1357 in
2384 1301 2682 1356 Ecclesiam
2741 1301 3126 1372 congregandi.
3184 1302 3316 1374 Legi
3366 1304 3419 1359 in
3472 1308 3715 1375 quodam
3749 1308 3879 1363 libro

2266 1394 2440 1463 (juxta
2474 1394 2830 1465 Septuaginta
2857 1404 3036 1449 tamen
3063 1394 3427 1465 lnterpretes,
3462 1400 3555 1468 qui
3589 1399 3873 1454 dixerunt:

2266 1486 2495 1559 Tempus
2519 1488 2754 1543 mittendi
2784 1489 3006 1557 lapides,
3033 1497 3079 1543 et
3105 1500 3310 1559 tempus
3335 1491 3649 1565 colligendi)
3683 1498 3876 1552 severi-

2267 1587 2431 1633 tatem
2462 1579 2622 1649 Legis
2664 1581 2927 1650 antiquae,
2962 1581 3239 1651 Evangelii
3281 1580 3450 1652 gratia
3498 1594 3875 1656 temperatam.

615 3729 839 3798 Tempus
881 3723 1165 3795 spargendi
1200 3718 1422 3789 lapides,
1456 3727 1503 3771 et
1540 3727 1739 3787 tempus
1766 3713 2045 3783 colligendi
2075 3716 2151 3768 la-

546 3826 714 3895 pides.
749 3821 935 3886 Miror,
968 3816 1247 3889 quomodo
1286 3814 1367 3869 vis
1394 3813 1632 3867 disertus
1658 3820 1681 3848 ε
1707 3823 1820 3864 rem
1868 3807 2147 3862 ridiculam

544 3920 600 3974 in
629 3918 733 3972 hoc
762 3915 886 3969 loco
912 3912 1149 3969 dixerit:
1194 3910 1272 3965 De
1318 3907 1711 3970 destructione,
1764 3904 2049 3972 inquiens,
2096 3912 2150 3957 et

547 4008 909 4065 aediﬁcatione
956 4005 1242 4059 domorum
1289 4000 1605 4056 Salomonis
1640 4011 1823 4054 sermo
1852 4004 1959 4058 est.
2003 3995 2146 4065 quod

548 4103 796 4158 homines
827 4113 970 4155 nunc
1004 4098 1315 4161 destruant,
1362 4108 1506 4148 nunc
1546 4093 1853 4148 aedificent:
1894 4094 1980 4146 alii
2022 4108 2149 4149 con-

546 4206 772 4270 gregant
814 4194 1022 4264 lapides
1062 4190 1129 4245 ad
1173 4189 1399 4244 aedilicia
1452 4188 1853 4250 construenda,
1894 4187 1986 4242 alii
2029 4202 2150 4257 quae

547 4299 819 4350 exstructa
856 4297 1001 4353 sunt,
1045 4285 1352 4341 destruant,
1400 4278 1697 4335 secundum
1738 4279 1872 4334 illud
1904 4280 2155 4335 Horatia-

548 4400 679 4441 num
710 4382 728 4420 ί
764 4380 963 4452 (Epist.
996 4376 1089 4432 lib.
1125 4389 1185 4442 ιι,
1211 4390 1294 4445 ep.
1332 4371 1382 4443 l)
1417 4390 1428 4425 :

621 4530 645 4557 θ
688 4514 960 4571 Victorius
982 4527 1047 4566 ex
1066 4508 1329 4571 Mediceo,
1356 4505 1654 4568 Fesulano,
1674 4504 1806 4577 ets.
1828 4505 1993 4560 Marci
2026 4506 2150 4561 Flu-
2177 4510 2227 4569 Ι)
2254 4506 2308 4559 in
2335 4508 2531 4577 futuro.
2554 4508 2819 4564 Mantus.

549 4591 780 4649 rentinis
803 4584 1080 4641 codicibus
1106 4578 1384 4647 rescripsit
1408 4575 1786 4630 cirrumdandi.
1818 4578 2145 4647 lmpressam
2287 4649 2295 4653 _
2335 4575 2357 4614 δ
2390 4577 2556 4633 Miror
2575 4584 2833 4651 quomodo
2860 4583 2936 4635 vir
2975 4584 3221 4647 disertus,
3262 4593 3370 4640 etc.
3406 4587 3533 4653 Quis
3568 4584 3674 4639 hoc
3707 4586 3866 4641 dixe-

554 4666 842 4719 lectionem
875 4663 1094 4709 tuentur
1116 4653 1287 4704 nostri
1319 4663 1557 4728 omnes.‘
1805 4721 1815 4728 ⁵
2079 4720 2091 4728 ⁸
2255 4649 2346 4713 rit,
2369 4653 2511 4704 scire
2535 4649 2821 4728 pnnpotui
2838 4670 2852 4717 ;
2872 4655 3117 4728 quamvis
3139 4656 3375 4723 plurima
3404 4649 3646 4727 veterum
3677 4658 3866 4728 Scrip-

624 4734 653 4773 ι)
694 4729 939 4785 Vatican.
972 4735 1023 4779 et
1056 4722 1285 4776 Palatia.
1326 4721 1489 4795 alter,
1524 4719 1932 4795 destruxerimus
1982 4720 2145 4785 mala,
2250 4731 2430 4795 torum
2460 4719 2735 4777 volumina
2775 4728 2827 4779 in
2878 4719 3020 4780 hunc
3072 4719 3235 4781 linem
3271 4724 3553 4795 perlegere
3596 4719 3861 4784 curarim.

546 4801 935 4864 sicntJeremite
962 4796 1186 4868 verbum,
1211 4792 1613 4868 etc._l):etermn
1646 4802 1801 4847 antea
1833 4792 2147 4861 interpunc-
2250 4790 2440 4868 Moneo
2472 4805 2655 4868 autern
2701 4794 2981 4857 lectorem,
3036 4790 3349 4868 Hieronymi
3383 4790 3862 4854 commentarium

552 4880 717 4935 tionis
744 4875 877 4928 vitio
905 4866 1182 4923 laborabat
1214 4864 1298 4940 hic
1331 4864 1501 4917 locns.
1614 4933 1656 4940 __
1774 4931 1807 4940 Α
1876 4934 1889 4940 _
1948 4936 1957 4940 _
2251 4866 2303 4915 in
2343 4866 2483 4918 hunc
2533 4865 2879 4940 Ecclesiasta:
2908 4869 3107 4940 locum,
3144 4864 3389 4923 funditus
3429 4886 3555 4925 esse
3594 4872 3868 4940 deprava-

633 4931 662 4988 ἔ
684 4948 750 5003 Ut
772 4956 946 5017 postea
966 4938 1157 5017 saltare
1176 4935 1455 5017 valeamus,
1476 4942 1582 4987 etc.
1613 4933 1738 4988 Mss.
1767 4931 2144 5017 Cprheienses,
2250 4942 2359 5017 tum
2387 4946 2447 5017 et
2473 4937 2789 5017 subversum
2817 4940 2868 5017 in
2890 4931 3414 5017 glossam-dinaria.
3437 4931 3717 5017 Maurus}.

551 5025 743 5075 saltare
772 5003 1029 5068 soleamus
1056 5007 1204 5062 illam
1233 5005 1576 5070 saltationem,
1603 5022 1756 5075 quam
1791 5005 1958 5059 David
1984 5010 2144 5061 sullu-
2327 5003 2345 5040 ί
2379 5004 2678 5060 Secundum
2702 5007 2837 5062 illud
2880 5008 3255 5064 Horatianum.
3281 5012 3439 5068 Alius
3472 5014 3611 5069 ordo
3632 5025 3721 5067 est
3746 5030 3867 5070 ver—

555 5095 643 5146 vit.
688 5089 896 5146 Saliare
923 5082 1287 5143 saltationem,
1350 5081 1491 5130 sicut
1541 5078 1723 5132 vivere
1767 5078 1950 5131 vitam.
1996 5078 2145 5132 ΜΑιι-
2248 5091 2401 5201 Salii!“
2434 5079 2573 5146 apud
2622 5079 2796 5146 ipsum
2830 5079 3114 5137 Horatium
3163 5083 3335 5152 Epist.
3390 5084 3486 5138 lib.
3524 5101 3564 5151 ι,
3596 5088 3767 5156 epist.
3811 5091 3865 5155 1,

555 5180 674 5201 mm
2247 5161 2275 5199 3
2385 5162 2688 5201 decennalem
2722 5169 2733 5201 ἒ

2247 5161 2311 5201 au
2333 5161 2688 5204 ιιιωροιιίιιθιιι
2722 5169 2733 5203 2

2247 5180 2311 5201 au
2333 5180 2688 5204 ινιωιυιιιιιῠιιι
2722 5193 2733 5203 ο

552 5180 907 5285 “findunt”
937 5225 993 5279 iu
1022 5217 1253 5278 Erasmi,
1284 5226 1339 5271 et
1367 5216 1590 5271 Victorii
1621 5217 1955 5274 editionihus
1988 5221 2137 5289 glos-
2342 5225 2478 5282 Quod
2507 5228 2665 5285 petiit,
2696 5232 2889 5289 spernit
2920 5246 2929 5281 :
2957 5233 3139 5294 repetit
3159 5232 3293 5342 quod
3318 5246 3479 5295 nuper
3501 5237 3706 5285 ornisu:

552 5300 854 5342 ροιηειίαιιιΛ
879 5316 890 5342 ε
912 5296 1031 5342 auia
1057 5292 1210 5342 auiin
1228 5290 1461 5342 m'tesetttt'
1482 5290 1673 5342 δαισαιο
1688 5307 1782 5342 sua
1806 5292 2005 5342 nlanait
2026 5308 2145 5342 ορε-
2346 5286 2553 5342 ίΕδιυει.
2577 5296 2629 5337 et
2649 5294 2760 5339 vitae
2780 5293 3156 5342 dlSCOIlVL‘ItilOI'
3194 5297 3273 5342 ine
3301 5302 3401 5342 toto
3427 5312 3439 5342 :

548 5300 854 5362 εθηωίδιυιι
879 5316 890 5349 ε
912 5296 1031 5369 quia
1057 5290 1461 5369 quiinpt'tesettti
1482 5290 1673 5369 διειρωιο
1688 5307 1782 5369 sua
1805 5286 2145 5369 plangit—pes-

2343 5286 2561 5369 t/ﬁiluftl,
2577 5286 2760 5369 sintita:
2780 5286 3273 5369 discont'cuit_0i't_line
3290 5286 3439 5369 toto;

916 5346 1094 5436 potius
1114 5364 1168 5415 in
1198 5346 1371 5428 futuro
1394 5374 1409 5413 :
1431 5361 1571 5429 quod
1598 5346 1817 5431 penitus
1838 5346 1965 5417 mssa.
1990 5346 2140 5432 ig'noo
2343 5346 2521 5406 Dim“.
2550 5351 2767 5412 ίυάίθοθίι
2798 5364 2954 5404 mum
2978 5356 3210 5418 quadram
3229 5360 3534 5474 Nam?“

549 5456 690 5503 rant.
1513 5503 1521 5512 .
1717 5505 1723 5511 .
1758 5502 1770 5514 .
1852 5502 1863 5514 .

622 5507 1091 5587 _Magisplacuit
1120 5503 1247 5557 Deo.
1277 5502 1331 5587 in
1356 5502 1970 5587 veteribused_tttop|_lius
1984 5503 2137 5587 adul-

543 5590 777 5644 ιυτίηιιιῃ
798 5574 1251 5639 ’πιάὶιιῐειιῐιθιιιιιιιι
1285 5574 1527 5637 invenio,
1574 5574 1718 5640 qllud
1752 5574 1973 5627 minimi!
2018 5576 2137 5630 ¹ουο

538 5668 826 5728 congruat.
880 5650 1034 5728 U‘nde
1077 5648 1329 5728 conjicitr
1362 5645 1592 5728 positum
1633 5644 1809 5728 luisse
1850 5645 1916 5699 ab
1957 5645 2137 5727 aliquo

538 5713 877 5794 (πεδ’,ιξριοτο
918 5713 1196 5797 imperito,
1243 5717 1331 5785 qui
1372 5713 1782 5798 pretiosissimis
1832 5713 2137 5798 margaritis

541 5784 855 5862 Hieronymi
899 5784 1055 5862 suum
1090 5784 1287 5862 vitrum
1319 5784 1599 5862 adjecerit,
1630 5784 2007 5862 nempeaquia
2048 5789 2136 5856 qui

534 5865 589 5915 in
608 5854 849 5932 prasinus"
879 5856 1068 5913 atecqu
1102 5870 1197 5910 sua
1226 5854 1429 5925 plangit
1466 5862 1696 5923 peccata,
1746 5854 1931 5911 ridebit
1964 5854 2134 5928 potius

2321 5504 2508 5585 {Tres
2539 5520 2667 5559 msa.
2705 5506 2961 5585 Exstruit.
2998 5502 3064 5563 Et
3085 5507 3225 5578 apud
3253 5510 3557 5585 Horatium,
3587 5512 3683 5581 qui
3715 5520 3877 5585 prior

2247 5574 2330 5652 hic
2356 5576 2609 5652 laudatur
2640 5594 2862 5652 vagus:
2895 5581 3071 5636 altero
3092 5574 3365 5652 posterior
3387 5592 3497 5638 est.

2316 5644 2341 5682 ¹¹
2376 5646 2675 5727 Victorius,
2709 5647 2933 5720 Tempus
2964 5644 3109 5706 nunc.
3136 5654 3188 5707 in
3236 5664 3494 5723 angusto:
3527 5655 3659 5712 olim
3718 5674 3877 5727 erat,

2246 5714 2466 5793 Tempus
2492 5714 2709 5793 quodin
2736 5714 2977 5793 angusto,
3008 5734 3115 5778 etc.

2320 5790 2334 5866 ξ
2367 5788 2715 5871 ἓιπτιὶειιιωυδ
2745 5788 2970 5871 vitiose,
2991 5795 3241 5871 strictiori
3263 5806 3431 5871 tenere
3462 5801 3793 5871 contplexu.

2317 5858 2329 5907 ι
2365 5858 2480 5913 Duo
2509 5874 2669 5927 mss.,
2700 5864 2928 5920 strictius
2948 5858 3365 5938 constringendi.
