3998 6348
148 336 170 392 Ι
182 333 287 393 031

1148 325 1690 389 COMMENTARIUS
1729 324 1796 382 ΙΝ
1835 322 2377 385 ΕεοιεειΑετιιΝ.

3307 322 3443 387 1038

218 452 436 520 Tempus
459 451 776 523 acquirendi,
805 461 854 508 et
881 462 1082 524 teMpus
1103 453 1374 525 perdendi.
1391 453 1617 523 Tempus
1646 464 1736 504 cu-
1770 448 1822 510 Α
1847 462 1977 518 ergo
2009 463 2070 504 se
2098 463 2244 504 nunc
2275 454 2428 520 putet
2466 459 2592 504 esse
2612 449 2877 503 "securum
2904 463 2915 500 :
2951 447 3004 502 in
3037 455 3284 518 tempore
3315 450 3448 506 belli

146 545 421 613 stodiendi,
457 553 502 599 et
529 555 726 617 tempus
753 547 1089 620 proﬁciendi.
1123 547 1236 604 Sub
1267 546 1500 602 diversis
1532 560 1744 600 sermo-

146 639 328 704 nibus,
358 639 499 694 idem
534 654 701 704 nunc,
739 639 833 710 qui
865 652 1031 711 supra
1057 649 1112 696 et
1143 639 1303 705 infra,
1331 653 1524 694 sensus
1553 646 1658 703 est,
1689 638 1742 691 in

147 747 214 788 eo
237 730 380 801 quod
403 730 511 786 ait:
539 729 764 803 Tempus
791 731 1111 798 destruendi,
1137 742 1186 788 et
1207 743 1405 802 tempus
1426 730 1743 799 mdiﬂcandi.

146 821 224 878 Ac
250 821 446 878 deinde
479 840 491 875 :
525 821 749 890 Tempus
782 823 1078 890 scindendi,
1116 834 1162 878 et
1199 833 1399 892 tempus
1438 819 1742 876 conscendi.

147 913 433 984 Quomodo
460 924 485 952 ο
507 915 655 970 enim
684 915 973 988 Synagoga
1001 916 1330 982 destruitur,
1359 925 1418 972 ut
1450 917 1751 973 aedificetur

147 1005 411 1074 Ecclesia,
442 1016 498 1061 et
525 1022 553 1060 a
582 1006 725 1077 Lege
757 1009 816 1062 iit
837 1009 1054 1072 scissio,
1089 1017 1146 1063 ut
1174 1009 1464 1079 Evangelia
1488 1024 1752 1064 consuan-

147 1107 253 1165 tur,
281 1099 427 1170 quod
454 1099 1044 1172 Evngclistm'singuli
1076 1110 1482 1171 perpetrarunt,
1515 1102 1584 1157 de
1612 1102 1754 1173 Lege

148 1200 203 1249 et
233 1192 521 1262 PrOphetis
549 1195 821 1249 adventus
848 1193 1114 1249 Dominici
1148 1195 1453 1249 testimonia
1481 1209 1752 1249 consueu-

149 1293 232 1340 tes
266 1302 279 1338 :
314 1286 387 1340 ita
445 1295 502 1341 et
545 1294 761 1358 tempus
820 1286 923 1342 fuit
970 1287 1250 1358 querendi
1306 1297 1363 1344 et
1407 1288 1752 1344 custodiendi

147 1375 332 1444 Israel,
376 1389 588 1450 tempus
639 1379 899 1450 perdendi
950 1389 1006 1436 et
1052 1381 1376 1451 projiciendi
1425 1382 1600 1437 illum.
1655 1383 1753 1439 Vel

147 1482 304 1528 certe
326 1480 539 1543 tempus
560 1473 842 1544 quaerendi
867 1474 1120 1544 pupulum
1147 1488 1214 1530 ex
1240 1475 1518 1546 gentibus,
1544 1484 1598 1530 et
1620 1484 1751 1531 temo

149 1578 252 1634 pus
302 1565 565 1635 perdendi
605 1565 862 1635 pupulum
903 1565 1238 1622 ludaeorum.
1282 1567 1525 1638 Tempus
1575 1578 1757 1624 custo-

149 1658 334 1714 diendi
364 1659 650 1714 credentes
677 1673 745 1715 ex
772 1659 1108 1727 nationibus,
1142 1670 1194 1716 et
1226 1671 1440 1732 tempus
1464 1660 1754 1731 objiciendi

149 1754 466 1811 incredulos
492 1769 556 1809 ex
589 1753 779 1810 lsrael.

220 1844 445 1918 Tempus
483 1845 708 1911 tacendi,
745 1853 794 1900 et
822 1855 1020 1916 tempus
1067 1845 1331 1917 loquendi.
1365 1845 1752 1918 Pythagoricos
1782 1834 1832 1895 Β

148 1954 295 2006 reor,
314 1951 544 2010 quorum
559 1937 852 2008 disciplina
865 1951 945 1993 est
969 1949 1153 1995 tacere
1175 1955 1274 2008 per
1293 1937 1749 2009 quinquennium,

145 2043 204 2089 et
234 2042 419 2103 postea
451 2032 696 2087 eruditos
745 2031 912 2098 loqui,
949 2031 1077 2086 hinc
1109 2033 1377 2102 originem
1403 2033 1483 2086 sui
1519 2033 1754 2088 traxisse

143 2123 379 2180 decreti.
404 2123 689 2178 Discamm
715 2123 896 2191 itaque
915 2133 966 2176 et
993 2121 1153 2194 ιιι
1175 2137 1272 2177 nos
1297 2122 1448 2193 prius
1469 2138 1575 2176 non
1605 2123 1753 2192 loqui

143 2228 200 2271 ιιι
234 2229 422 2287 postea
455 2216 520 2270 ad
574 2215 906 2286 loquendum
952 2231 1046 2270 ora
1098 2231 1432 2271 rescremus.
1483 2217 1754 2272 Sileamus

141 2320 305 2366 certo
329 2319 598 2380 tempore,
623 2319 675 2364 et
692 2308 758 2364 ad
781 2309 1141 2379 praeceptoris
1163 2310 1378 2380 eloquia
1400 2309 1754 2379 pendeatuus.

144 2409 296 2464 Nihil
352 2409 506 2463 nobis
539 2407 786 2462 videatur
827 2414 1036 2462 rectum
1079 2422 1224 2470 esse,
1261 2407 1365 2461 nisi
1401 2406 1543 2476 quod
1593 2407 1760 2461 disci-

142 2519 297 2568 mus,
332 2512 390 2556 ut
417 2510 537 2572 post
564 2501 798 2555 multum
827 2501 1130 2565 silentium,
1156 2501 1225 2555 de
1251 2500 1534 2568 discipulis
1557 2499 1762 2553 cilicia-

142 2613 272 2655 mur
301 2597 571 2666 magistri.
612 2594 765 2650 Nunc
792 2610 920 2650 vero
964 2609 1062 2663 pro
1093 2595 1420 2648 szeculorum
1451 2592 1478 2632 δ
1512 2591 1762 2663 quotidie

143 2691 202 2746 in
238 2690 396 2760 pejus
421 2689 721 2744 labentium
746 2687 902 2752 \‘iliO,
932 2685 1195 2741 docemus
1218 2685 1271 2748 in
1305 2681 1590 2752 Ecclesiis,
1617 2682 1764 2754 quod

145 2783 456 2839 nescimus.
484 2782 548 2836 Et
571 2782 615 2835 si
644 2779 1042 2849 compositione
1067 2779 1482 2843 verborumne!
1505 2778 1762 2833 instinctu

145 2876 390 2943 diaboli,
424 2874 519 2945 qui
557 2874 735 2929 fautor
765 2887 1013 2928 errorum
1064 2880 1166 2939 est,
1201 2872 1426 2942 plausus
1457 2870 1640 2942 populi
1669 2886 1766 2926 ex-

144 2971 554 3036 citaverimus,
615 2979 806 3025 contra
867 2968 1260 3023 conscientiam
1321 2977 1562 3023 nostram
1620 2966 1765 3024 scire

147 3082 257 3122 nos
299 3065 653 3131 arbitramur,
707 3066 774 3120 de
809 3079 916 3134 quo
962 3065 1084 3121 aliis
1113 3064 1386 3133 potuimus
1411 3059 1763 3131 persuadere.

150 3171 174 3199 ο
211 3161 426 3215 Omnes
448 3169 596 3215 artes
628 3161 835 3232 absque
889 3163 1116 3218 doctore
1172 3175 1278 3214 non
1325 3159 1617 3214 discimus:
1650 3157 1767 3212 sola

147 3253 277 3308 haec
313 3259 421 3308 tam
450 3251 575 3309 vilis
598 3261 652 3309 et
683 3252 857 3310 facilis
883 3261 989 3321 est,
1019 3263 1076 3308 ut
1107 3267 1215 3308 non
1249 3249 1492 3322 indigeat
1519 3265 1768 3320 praecep-

147 3355 278 3400 tore
289 3383 304 3398 .

228 3437 461 3508 Tempus
478 3437 710 3505 amandi,
735 3447 782 3491 et
805 3445 1003 3510 tempus
1029 3423 1258 3490 odiendi.
1281 3435 1520 3506 Tempus
1548 3433 1768 3489 amandi

145 3540 282 3602 post
317 3530 517 3596 Deum,
549 3530 773 3598 liberos,
803 3546 1048 3598 uxorem,
1082 3530 1441 3603 prepinquos,
1474 3537 1527 3584 et
1555 3538 1768 3599 tempus

143 3622 381 3680 odiendi
407 3639 500 3679 eos
524 3625 578 3679 in
613 3626 892 3696 martyrio,
919 3639 1042 3680 cum
1076 3641 1171 3695 pro
1198 3623 1398 3680 Christi
1422 3624 1770 3681 confessione

143 3717 370 3789 rigidos
405 3717 574 3787 pietas
623 3731 899 3790 oppugnat
943 3719 1187 3775 inimica.
1230 3718 1329 3775 Vel
1363 3727 1515 3775 certe
1555 3727 1770 3790 tempus

142 3809 382 3864 amandi
413 3807 634 3880 Legem,
667 3821 720 3866 et
751 3826 814 3867 ea
844 3827 964 3883 quae
993 3827 1022 3866 a
1052 3811 1195 3884 Lege
1225 3811 1442 3868 fuerant
1473 3813 1764 3883 imperata,

143 3901 662 3972 circumcisionem,
697 3904 924 3969 hostias,
957 3905 1306 3974 sabbathum,
1339 3907 1684 3972 neomenias,
1717 3911 1773 3959 et

143 4005 381 4066 tempus
401 3994 620 4051 odiendi
651 4012 736 4062 ea,
766 3995 1045 4068 Evangelii
1072 4002 1245 4068 gratia
1265 3999 1609 4054 succedente.
1643 3996 1770 4051 Nec-

143 4099 261 4146 non
302 4096 362 4143 et
390 4087 494 4144 hoc
521 4088 627 4143 dici
659 4097 860 4158 potest,
891 4090 1152 4157 quoniam
1184 4105 1327 4144 nunc
1368 4105 1463 4159 per
1491 4089 1770 4158 speculum

144 4183 424 4239 videmus
465 4181 516 4236 in
548 4183 838 4251 aenigmate
864 4179 926 4251 (l
953 4179 1077 4236 Cor.
1105 4197 1221 4247 xm,
1254 4184 1377 4250 t2),
1408 4190 1622 4253 tempus
1649 4197 1772 4239 esse

145 4275 468 4348 praesentia
497 4273 778 4345 diligendi,
816 4282 871 4328 et
904 4273 956 4327 iu
987 4272 1226 4328 futurum
1259 4273 1472 4347 tempus
1497 4277 1771 4342 adveniet,

148 4369 394 4441 quando
439 4376 732 4423 cernentes
778 4364 917 4420 facie
962 4364 1029 4420 ad
1081 4363 1278 4422 faciem
1308 4364 1359 4432 δ,
1392 4377 1446 4422 ει
1473 4368 1524 4423 in
1577 4367 1775 4424 melius

149 4462 547 4536 proﬁcientes,
602 4458 932 4529 incipiemus
968 4457 1174 4525 odisse,
1225 4468 1281 4515 et
1307 4459 1589 4529 chpicere
1627 4460 1774 4533 quod

149 4554 501 4612 amavimus.

232 4648 479 4717 Tempus
497 4642 635 4711 belli,
659 4651 706 4698 et
733 4653 929 4714 tentpus
950 4647 1110 4719 pacis.
1137 4646 1403 4716 Quamdiu
1429 4646 1481 4702 in
1512 4649 1769 4718 prmscnti

147 4742 380 4801 sacculo
404 4754 615 4804 smnus,
652 4750 862 4810 tempus
891 4751 975 4797 est
1004 4741 1161 4796 belli:
1194 4757 1316 4797 cum
1344 4754 1526 4798 autem
1573 4744 1776 4815 migra-

149 4839 421 4896 verimus
451 4832 518 4888 de
547 4834 649 4890 hoc
693 4834 918 4903 sarculo,
951 4837 1101 4906 pacis
1150 4846 1362 4907 tempus
1394 4837 1669 4895 adveniet.
1720 4839 1779 4898 In

151 4948 300 5006 pace
329 4925 492 4986 enim
517 4928 667 4983 locus
695 4938 780 4983 est
802 4927 922 4994 Dei,
947 4939 997 4984 et
1025 4929 1216 4984 civitas
1235 4941 1424 4986 nostra
1449 4931 1778 5002 Jerusalem,

152 5028 226 5085 de
258 5038 406 5098 pace
437 5021 630 5077 sortita
658 5031 744 5076 est
767 5020 1090 5078 vocabulum
1125 5023 1145 5095 (
1169 5021 1262 5077 Ps.
1298 5038 1458 5094 Lxxv,
1487 5025 1579 5096 5).
1610 5025 1783 5084 Nemo

237 5222 264 5249 ει
298 5209 495 5282 Penes
522 5205 768 5282 Aleum“
795 5214 843 5260 et
893 5207 1114 5277 alligant
1156 5207 1433 5264 scissiones
1462 5209 1701 5282 Legales,
1731 5221 1788 5267 ut

157 5279 461 5350 ΕυαηΩεΜ
483 5277 656 5348 gloria
683 5287 981 5350 consuatuﬁr.

235 5355 265 5394 b
299 5349 478 5426 Nam:
517 5365 750 5426 veropro
779 5349 1114 5426 seculorum.
1136 5350 1503 5426 Cocheienses
1531 5369 1661 5426 mss.
1692 5372 1788 5426 pro

160 5424 490 5485 scholarum
516 5420 744 5490 quotidie
867 5423 1014 5492 pejus
1041 5421 1363 5489 labentium;
1392 5433 1447 5478 et
1489 5425 1628 5480 infra
1659 5420 1791 5497 {qui

161 5502 349 5570 [actor
379 5508 620 5570 errorum
650 5503 744 5570 est.
771 5491 1042 5570 Margiani.

246 5581 268 5607 ο
299 5563 519 5622 Recole
541 5563 824 5631 epistolam
845 5564 933 5621 εδ.
952 5564 1019 5618 ad
1042 5564 1328 5619 Paulinum
1349 5581 1378 5620 a
1401 5583 1550 5621 num.
1585 5567 1618 5622 6
1646 5568 1712 5623 ad
1727 5568 1784 5624 8.

238 5671 314 5681 ——
329 5637 536 5708 Unmes
561 5644 705 5708 artes
727 5633 922 5708 absque
937 5635 1168 5691 doctore.
1187 5635 1330 5691 Idem
1353 5641 1710 5708 conqueritur
1733 5641 1786 5694 in

163 5711 435 5784 Epistula
468 5705 866 5784 adPtIII‘iliillltl,
892 5705 961 5760 de
989 5708 1172 5784 studio
1201 5705 1511 5784 divinarum
1540 5711 1788 5784 Scriptu-

163 5776 362 5842 ra'rum
406 5796 418 5830 :
473 5776 630 5846 cujus
669 5777 880 5831 initium
912 5787 1026 5842 est,
1082 5777 1272 5836 Frater
1318 5781 1638 5852 Ambrosius,
1664 5776 1788 5839 ἐιε.

165 5857 460 5913 Maurum.

1798 4607 1856 4670 Β

1851 550 1872 577 θ
1905 541 2298 612 accingendum
2341 551 2444 608 est,
2491 549 2546 597 et
2582 555 2731 595 arma
2769 541 3077 610 tractanda,
3109 549 3169 596 ut
3209 543 3447 599 \ictores

1847 631 2118 705 quondam
2153 634 2559 706 requiescamus
2580 634 2635 688 in
2668 647 2818 705 pace.

1923 731 2052 798 Qum
2073 729 2393 784 abundantia
2421 739 2495 784 est
2521 731 2751 801 facienti,
2776 731 2829 784 in
2858 731 3042 800 quibus
3078 732 3192 800 ipse
3222 733 3442 788 laborat.

1857 821 1982 875 Vidi
2011 823 2422 891 occupationem,
2463 837 2616 892 quam
2657 821 2796 875 dedit
2825 819 2965 875 Deus
2995 821 3120 892 ﬁliis
3156 821 3445 895 hominum,

1852 923 1906 968 ut
1928 924 2242 984 occupentur
2264 916 2316 969 in
2339 930 2419 969 ea.
2449 913 2699 970 Universa
2722 917 2845 987 fecit
2868 917 3001 972 bona
3023 918 3079 972 in
3101 927 3331 991 tempore
3351 935 3449 974 suo

1853 1015 1901 1061 et
1926 1007 2132 1078 quidem
2157 1009 2406 1063 naculum
2436 1007 2576 1062 dedit
2598 1010 2652 1062 in
2677 1010 2841 1063 corda
2871 1025 3073 1077 eorum,
3107 1024 3165 1066 ut
3193 1029 3294 1067 non
3320 1015 3453 1068 inve-

1856 1103 1960 1155 niat
1987 1101 2139 1156 homo
2156 1117 2289 1170 opus
2307 1101 2446 1173 quod
2469 1102 2588 1175 fecit
2606 1099 2749 1156 Deus
2772 1103 2835 1157 ab
2852 1104 2999 1158 initio
3014 1119 3176 1176 usque
3194 1107 3246 1160 in
3272 1108 3446 1174 finem.

1855 1194 1970 1248 Non
2006 1210 2092 1250 me
2139 1195 2274 1266 fugit
2301 1195 2427 1266 quid
2471 1207 2499 1247 a
2530 1196 2805 1266 plerisque
2836 1199 2888 1252 In
2930 1197 3034 1254 hoc
3078 1199 3200 1256 loco
3244 1200 3448 1255 dictum

1857 1289 1946 1356 sit,
1979 1287 2141 1361 5,12
2169 1289 2310 1358 quod
2363 1297 2652 1360 propterea
2703 1290 2844 1346 Deus
2875 1292 2928 1345 iu
2962 1294 3217 1362 praesenti
3247 1296 3451 1352 sacculo

1857 1383 2023 1438 etiam
2057 1395 2435 1454 perversorum
2468 1382 2782 1454 dogmatum
2815 1385 3089 1454 magistris
3117 1390 3460 1444 concesserit

1859 1476 2296 1545 occupationem,
2330 1491 2400 1531 ne
2436 1489 2589 1531 mens
2619 1475 2860 1530 hominis
2891 1477 3064 1532 otiosa
3093 1486 3454 1548 torpesceret,

1860 1580 1913 1624 et
1947 1569 2051 1625 hoc
2072 1585 2196 1625 esse
2222 1569 2447 1636 bonum,
2477 1570 2621 1642 quod
2652 1569 2781 1626 fecit
2807 1570 2952 1627 Deus
2978 1571 3032 1626 in
3058 1581 3310 1643 tempore
3333 1589 3456 1640 suo,

1861 1675 1914 1722 et
1938 1663 2291 1721 nihilominus
2322 1666 2548 1736 nequire
2569 1681 2671 1722 eos
2699 1677 2948 1721 naturam
2979 1677 3034 1723 et
3061 1681 3244 1723 rerum
3278 1669 3459 1724 scien-

1864 1760 1992 1816 tiam
2023 1760 2511 1831 comprehendere.
2549 1760 2680 1816 Mihi
2712 1774 2844 1816 vero
2875 1759 2943 1814 ab
2971 1757 3222 1826 Hebraeo,
3254 1763 3345 1832 qui
3374 1777 3462 1818 me

1859 1854 1914 1908 in
1939 1851 2233 1923 Scripturis
2255 1853 2516 1918 erudivit,
2541 1853 2613 1907 ita
2639 1851 2955 1922 expositum
2979 1860 3090 1908 est:
3116 1853 3250 1908 Cum
3275 1854 3461 1910 omnia

1857 1959 1960 2002 suo
2006 1945 2257 2000 labantur
2306 1953 2578 2016 tempore,
2613 1951 2667 1999 et
2699 1945 2771 1999 sit
2803 1953 3015 2014 tempus
3064 1946 3378 2000 destruendi
3406 1955 3464 2002 et
3537 1956 3547 1963 '

1857 2039 2186 2107 mdilicaudi,
2213 2037 2402 2105 ﬂendi,
2439 2048 2600 2110 atque
2630 2038 2868 2106 ridendi,
2913 2039 3154 2105 tacendi,
3185 2048 3347 2110 atque
3378 2041 3460 2094 lo-

1857 2133 2082 2204 quendi,
2113 2141 2162 2188 et
2209 2141 2408 2188 caetera
2440 2146 2560 2202 quae
2585 2131 2729 2187 dicta
2757 2131 2824 2186 de
2865 2140 3113 2202 tempore
3144 2139 3292 2198 sunt,
3333 2130 3464 2200 quid

1859 2224 2057 2280 frustra
2085 2237 2350 2280 conamur
2377 2233 2432 2281 et
2469 2224 2768 2290 tendimus,
2802 2235 2854 2278 et
2882 2225 3061 2279 brevis
3098 2225 3220 2278 vitae
3246 2224 3466 2280 labores

1862 2327 2116 2388 putamus
2138 2333 2262 2373 esse
2285 2318 2618 2389 perpetuos?
2641 2318 2748 2372 Nec
2775 2319 3018 2373 contenti
3051 2331 3241 2373 sumus
3271 2334 3468 2374 secun-

1861 2407 1989 2464 dum
2017 2410 2392 2480 Evangelium,
2423 2409 2630 2463 malitia
2650 2409 2756 2464 diei
2782 2429 2792 2463 :
2815 2409 3061 2480 nihilque
3092 2411 3144 2464 in
3166 2412 3464 2466 crastinum
3519 2439 3530 2446 κ

1862 2503 2165 2574 Cogitemus
2195 2499 2472 2574 (Matt/1.).
2505 2501 2648 2570 Quid
2677 2501 2824 2558 enim
2855 2517 3146 2574 possumus
3185 2503 3386 2559 habere
3417 2506 3472 2559 in

1865 2595 1971 2651 hoc
1997 2596 2202 2650 sacculo
2223 2595 2461 2666 amplius
2493 2595 2816 2663 laborando,
2853 2598 2908 2651 in
2931 2612 3040 2668 quo
3067 2597 3118 2652 id
3143 2607 3350 2652 tantum
3376 2597 3472 2652 hu-

1866 2688 2102 2744 minibus
2124 2703 2152 2740 a
2183 2688 2294 2743 Deo
2319 2687 2504 2742 datum
2538 2697 2639 2755 est,
2677 2695 2733 2742 ιιι
2761 2690 2900 2744 alius
2932 2690 3033 2744 alia
3065 2691 3329 2746 sectando
3362 2691 3459 2745 ha-

1866 2781 2040 2845 beret,
2068 2780 2120 2834 in
2151 2781 2350 2850 quibus
2371 2779 2600 2847 erudiri,
2625 2791 2679 2836 et
2702 2795 2968 2836 exercere
2989 2798 3048 2837 se
3077 2785 3302 2852 posset?
3327 2784 3472 2839 Deus

1866 2875 2012 2929 enim
2047 2889 2212 2929 omne
2242 2871 2385 2943 quod
2441 2872 2598 2938 fecit,
2635 2874 2836 2929 bonum
2865 2884 2968 2940 est,
3022 2875 3118 2930 sed
3162 2877 3360 2929 bonum
3416 2878 3472 2931 in

1869 2978 2116 3038 tempore
2143 2981 2262 3022 suo.
2289 2968 2497 3022 Bonum
2515 2977 2597 3022 est
2623 2968 2847 3038 vigilare
2873 2975 3040 3037 atque
3069 2969 3345 3023 dormire:
3371 2984 3473 3023 nec

1872 3067 2052 3114 tamen
2076 3072 2300 3129 semper
2331 3057 2555 3129 vigilare
2582 3067 2675 3112 aut
2699 3058 2941 3113 dormire
2973 3059 3174 3114 bonum
3206 3068 3310 3125 est,
3345 3060 3470 3130 quia

1873 3151 2110 3207 vicissim
2139 3151 2292 3221 juxta
2320 3151 2737 3221 dispositionem
2774 3151 2871 3205 Dei
2903 3149 3106 3206 bonum
3147 3162 3230 3207 est
3273 3169 3472 3207 unum-

1793 3213 1841 3279 ρ
1872 3213 2157 3317 quodque,
2177 3261 2299 3301 cum
2330 3213 2468 3315 Opus
2489 3251 2592 3299 est.
2625 3243 2782 3300 Dedit
2807 3259 3023 3316 quoque
3047 3246 3186 3302 Deus
3209 3246 3470 3301 lfltlndlllll

1869 3339 1936 3395 ad
1964 3339 2374 3394 inhabitandum
2401 3337 2730 3402 hominibus,
2761 3345 2816 3391 ut
2843 3339 3088 3393 fruantur
3111 3340 3473 3395 varietatibus

1872 3441 2201 3504 temporum.
2231 3444 2285 3489 et
2310 3447 2416 3488 non
2448 3442 2699 3502 quaerant
2725 3433 2794 3487 de
2823 3437 3004 3487 causis
3035 3448 3217 3488 rerum
3252 3446 3474 3490 natura-

1873 3525 2003 3583 lium
2034 3526 2311 3598 quomodo
2341 3534 2522 3582 creata
2553 3525 2664 3579 sint
2688 3526 2870 3580 omnia
2899 3544 2910 3578 :
2959 3539 3127 3596 quare
3159 3525 3260 3580 hoc
3287 3528 3373 3580 vel
3406 3526 3476 3580 il-

1875 3620 1965 3674 lud
1998 3620 2066 3673 ab
2107 3619 2263 3674 initio
2295 3619 2480 3672 mundi
2521 3631 2692 3688 usque
2734 3616 2800 3671 ad
2835 3617 3360 3672 consummationem
3394 3616 3472 3672 fe-

1875 3712 2009 3768 cerit
2042 3727 2313 3777 crescere,
2347 3725 2589 3776 manere,
2622 3710 2838 3764 mutari.

1942 3805 2168 3878 Cognovi
2196 3805 2320 3876 quia
2347 3819 2452 3858 non
2489 3813 2562 3859 est
2601 3803 2814 3869 bonum,
2851 3804 2956 3857 nisi
2995 3804 3184 3870 (tutari,
3215 3811 3262 3859 et
3295 3805 3470 3874 facere

1873 3899 2060 3952 bonum
2089 3900 2140 3952 in
2172 3900 2273 3950 vita
2302 3914 2415 3951 sua.
2444 3895 2510 3951 Et
2533 3895 2742 3966 quidem
2762 3897 2927 3949 omnis
2959 3897 3113 3949 homo
3137 3897 3224 3966 qui
3253 3893 3270 3932 τ
3302 3913 3472 3952 come-

1874 3993 1971 4059 dit,
2004 4002 2050 4048 et
2078 3992 2224 4059 bibit,
2260 4001 2307 4047 et
2330 3991 2555 4047 ostendit
2586 3993 2777 4045 bonum
2812 3991 2864 4043 in
2900 3991 3039 4044 omni
3071 3990 3246 4044 labore
3269 4005 3385 4057 suo,
3410 4010 3474 4045 ea:

1875 4087 2010 4141 dono
2049 4087 2146 4140 Dei
2193 4096 2286 4140 est.
2335 4086 2634 4156 Propterea
2667 4085 2895 4140 colonus
2935 4095 2990 4139 et
3040 4085 3238 4153 hospes
3287 4086 3472 4140 mundi

1877 4180 2042 4234 homo
2059 4179 2219 4234 datus
2237 4187 2340 4244 est,
2363 4189 2420 4233 ut
2449 4179 2599 4235 brevi
2631 4179 2754 4231 vitm
2771 4190 2884 4231 sum
2904 4176 3112 4231 fruatur
3129 4185 3393 4247 tempore,
3420 4187 3475 4234 et

1876 4289 1973 4346 Spe
1995 4275 2311 4345 prolixioris
2330 4277 2508 4330 aetatis
2541 4273 2806 4335 abscissa,
2831 4279 3027 4326 cuncta
3051 4286 3174 4341 qua:
3208 4273 3469 4340 possidet,

1876 4368 2028 4437 quasi
2053 4368 2117 4421 ad
2137 4367 2241 4422 alia
2268 4367 2610 4438 profecturus
2636 4365 2887 4433 aspiciat,
2918 4370 2973 4417 et
2997 4364 3139 4434 quod
3164 4363 3273 4437 [AL
3300 4381 3474 4437 quau-

1877 4461 2014 4535 tum]
2044 4470 2221 4533 potest
2253 4463 2389 4518 bene
2434 4460 2596 4514 faciat
2627 4458 2679 4512 in
2709 4460 2817 4512 vita
2865 4472 2996 4512 sua:
3031 4474 3130 4516 nec
3173 4459 3373 4518 frustra
3403 4464 3475 4520 ob

1878 4556 2288 4627 congregandas
2309 4568 2461 4625 opes,
2489 4551 2912 4622 cogitationibus
2935 4561 3271 4624 torqueatur.
3290 4558 3476 4630 Neque

1884 4665 1943 4705 se
1973 4660 2123 4717 putet
2152 4651 2272 4718 plus
2299 4646 2364 4702 de
2395 4659 2495 4700 suo
2531 4645 2718 4700 labore
2745 4643 2953 4700 lucrari
2996 4661 3176 4716 posse,
3209 4666 3373 4720 quam
3398 4652 3480 4705 ci-

1887 4745 2013 4798 bum
2041 4751 2096 4797 et
2127 4751 2333 4813 potum,
2385 4748 2440 4794 ct
2467 4739 2512 4794 si
2543 4737 2673 4809 quid
2719 4738 2786 4793 de
2837 4740 3033 4809 opibus
3063 4742 3176 4796 suis
3226 4743 3278 4795 in
3323 4744 3480 4798 bonis

1883 4829 2140 4905 operibus
2181 4830 2525 4902 expenderit,
2574 4827 2679 4885 hoc
2729 4829 2907 4885 solum
2945 4823 3148 4886 donum
3188 4827 3350 4904 413
3386 4834 3481 4890 Dei

1885 4939 1991 4986 est.
2023 4929 2101 4981 lix
2129 4926 2348 4996 quibus,
2383 4939 2512 4987 non,
2547 4930 2607 4976 ut
2633 4921 2856 4991 quidam
2889 4925 3186 4988 aestimant,
3215 4928 3282 4978 ad
3317 4926 3482 4980 luxu-

1885 5027 2019 5080 riam
2040 5030 2094 5078 et
2115 5018 2358 5086 delicias,
2380 5025 2435 5075 et
2456 5017 2520 5073 ad
2544 5017 3001 5088 desperationem,
3021 5017 3321 5075 secundum
3351 5021 3485 5078 illud

1963 5210 1991 5247 α
2021 5207 2184 5263 Addit
2215 5206 2389 5261 Vatic.
2411 5205 2746 5269 intuebimur,
2780 5219 2879 5275 pro
2902 5220 3012 5275 quo
3044 5204 3318 5262 Palatinus
3345 5211 3487 5266 alter

1892 5283 2165 5336 intuemur.
2217 5278 2336 5350 Mox
2378 5293 2478 5348 pro
2517 5279 2846 5346 incipiemus.
2889 5288 2944 5350 et
2993 5278 3130 5343 quod
3177 5282 3487 5350 amavimus,

1895 5348 2353 5423 quemadmodum
2388 5365 2518 5404 mss.
2563 5348 3186 5423 oumesgprteferunt,“
3215 5348 3491 5410 Vicmrius

1896 5420 2111 5494 quoque
2133 5438 2198 5476 ex
2219 5420 2551 5494 Florentinis
2570 5420 2971 5494 exeniplaribus
2996 5420 3325 5482 restituerat.
3353 5424 3491 5480 Mar.

1899 5491 2036 5551 t'ian.
2068 5494 2292 5548 retinuit
2315 5493 2619 5561 incipimus,
2651 5501 2706 5547 et
2734 5491 2874 5557 quod
2904 5507 3041 5544 rtunc
3070 5509 3323 5547 amantus.

1977 5576 1998 5602 θ
2028 5564 2303 5619 Palatinus
2329 5565 2486 5627 alter,
2539 5568 2592 5618 in
2629 5573 2857 5630 tempore
2885 5561 3009 5616 belli
3046 5563 3138 5616 tibi
3190 5568 3494 5622 certandum

1901 5647 1997 5693 est.
2030 5638 2316 5701 Alcuinus,
2368 5637 2452 5690 ubi
2500 5635 2799 5690 certandum
2824 5644 2919 5687 est.
2945 5631 3080 5688 Tum
3131 5650 3252 5689 cum
3298 5639 3493 5696 eodem

1901 5710 2150 5764 Palatino
2186 5707 2496 5772 Vaticanus,
2528 5717 2573 5759 et
2601 5705 2897 5776 Apostolica
2925 5721 3072 5758 arma
3101 5711 3392 5764 tractanda.

1978 5779 1996 5818 ί
2035 5781 2178 5835 Idem
2206 5778 2437 5832 Palatlu.
2463 5775 2713 5841 comedet,
2739 5786 2784 5830 et
2811 5775 3036 5844 bibetye.‘
3055 5781 3292 5834 ostendet
3311 5785 3497 5840 animle

1900 5868 2006 5906 sua!
2039 5851 2249 5915 bonum,
2277 5856 2380 5905 etc.
