4010 6328
547 308 686 368 1059

1798 292 1860 350 S.
1904 290 2178 351 EUSEBII
2217 291 2609 353 lllERONYMl

3714 295 3863 357 lOlO

541 422 722 476 Isaiae:
760 418 1135 471 Manducemus
1165 422 1210 465 et
1252 413 1502 475 bibamus,
1542 424 1658 462 cras
1688 407 1825 461 enim
1865 409 2144 461 moriemur
2171 412 2225 474 Α
2250 409 2326 461 cie
2348 412 2467 481 ejus
2493 408 2612 476 (Ps.
2643 424 2832 475 xxxut,
2864 411 2974 481 l7).
3001 408 3198 465 Vultus
3214 411 3412 482 quippe
3436 410 3656 468 Domini
3685 427 3854 483 super

542 512 702 585 (Isai.
735 525 879 575 xxu,
924 508 1039 575 5i),
1097 506 1269 559 instar
1297 500 1611 558 animalium
1642 514 2006 570 provocamur
2041 498 2147 571 [ΑΙ.

532 598 950 675 provocamur];
999 597 1093 653 sed
1137 596 1436 652 secundum
1468 593 1796 664 Apostolum
1822 608 1841 646 :
1889 591 2153 649 Habentes

535 698 724 749 victum
754 703 804 748 et
843 694 1105 755 vestitum,
1149 688 1231 743 his
1257 689 1485 743 contenti
1517 703 1691 741 sumus
1721 686 1763 757 (ι
1796 685 1929 739 Tim.
1962 700 2035 750 v1,
2067 683 2148 754 8),

532 796 594 843 ut
616 786 725 860 [Αι.
761 783 838 857 et]
871 783 1140 853 quidquid
1169 796 1330 852 supra
1363 780 1569 835 habere
1593 792 1907 849 possumus,
1942 777 1996 831 in
2021 792 2154 845 pau-

532 879 761 949 peribus
797 874 1107 931 nutriendis
1134 882 1190 930 et
1219 873 1495 944 egentium
1525 870 1817 941 largitione
1858 881 2153 923 consuma-

533 986 685 1027 mus.
732 969 927 1034 Porro,
961 969 1082 1038 quia
1117 981 1249 1021 caro
1302 964 1521 1020 Domini
1562 977 1727 1019 verus
1757 969 1843 1016 est
1885 961 2064 1027 cibus,
2096 968 2149 1015 et

534 1064 757 1134 sanguis
803 1062 924 1133 ejus
962 1074 1129 1116 verus
1170 1069 1255 1115 est
1299 1068 1481 1127 potus,
1526 1057 1682 1126 juxta
1714 1058 2010 1128 ἀναγωγήν,
2046 1051 2149 1107 hoc

532 1160 710 1214 solum
740 1156 1007 1211 habemus
1038 1156 1090 1209 in
1137 1152 1397 1224 praesenti
1449 1150 1652 1205 szeculo
1684 1150 1916 1213 bonum,
1946 1149 1991 1203 si
2026 1160 2147 1202 ves-

532 1266 724 1307 camur
750 1264 916 1304 carne
942 1248 1084 1317 ejus,
1128 1255 1183 1301 et
1206 1259 1403 1300 cruore
1446 1253 1718 1312 putemur,
1748 1255 1855 1295 non
1886 1240 2061 1294 solum
2092 1240 2145 1293 in

532 1342 796 1417 mysterio
844 1338 1249 1413 (Eucharistia),
1296 1338 1392 1392 sed
1439 1337 1604 1392 etiam
1635 1336 1687 1389 in
1733 1334 2144 1404 Scripturarum

529 1440 789 1496 lectione.
824 1436 999 1492 Verus
1049 1435 1194 1490 enim
1226 1432 1384 1487 cibus
1422 1439 1479 1486 et
1508 1439 1689 1501 potus,
1724 1429 1816 1499 qui
1873 1444 1939 1483 ex
1972 1425 2144 1482 verbo

529 1534 629 1588 Dei
659 1531 914 1596 sumitur,
968 1528 1197 1585 scientia
1246 1526 1657 1596 Scripturarum
1701 1530 1805 1577 est.
1843 1520 1954 1575 Nec
1996 1527 2148 1589 putet

529 1624 731 1693 aliquis
776 1621 908 1677 illud
940 1637 968 1675 a
1008 1620 1229 1674 Balaam
1263 1616 1685 1687 praphetatum:
1720 1613 1841 1667 Non
1872 1613 1968 1666 erit
1998 1611 2148 1666 labor

530 1716 722 1783 Jacob,
764 1731 925 1785 neque
952 1713 1104 1767 dolor
1131 1713 1186 1765 in
1226 1708 1619 1779 lsrael(Num.
1656 1722 1812 1770 xxm,
1842 1703 1975 1776 ‘25).
2009 1704 2146 1759 Huic

2254 499 2525 556 facientes
2575 502 2734 555 mala.

2327 591 2468 658 Quid
2486 603 2562 647 est
2590 595 2727 663 quod
2754 595 2898 666 fuit?
2923 604 2948 643 8
2978 597 3153 667 ipsum
3180 598 3321 667 quod
3348 608 3423 652 est
3446 606 3495 654 et
3519 614 3639 670 qua:
3679 603 3857 669 futura

2251 694 2393 747 sunt,
2409 688 2526 757 jam
2556 690 2770 755 fuerunt
2797 704 2817 742 :
2846 698 2895 741 et
2934 685 3076 743 Deus
3102 700 3299 760 qureret
3327 708 3448 746 eum
3476 692 3567 759 qui
3612 709 3857 763 persecu-

2254 776 2444 830 tionem
2471 779 2688 846 patitur.
2723 778 2825 835 Vel
2857 783 3158 850 praeterita,
3191 784 3278 837 vel
3304 786 3622 853 praesentia,
3652 786 3741 841 vel
3772 786 3857 840 fu-

2252 879 2370 926 tura
2399 872 2513 942 ipsa
2537 882 2592 928 et
2625 872 2866 935 luerunt.
2899 886 2957 930 et
2987 886 3206 943 sunt,et
3236 888 3399 933 erunt
3421 878 3707 946 universa,
3734 895 3854 952 qua:

2250 964 2551 1018 cernimus.
2583 964 2673 1021 Sol
2705 968 2798 1036 qui
2828 982 2972 1022 nunc
2995 969 3266 1034 oritur,et
3288 981 3581 1041 antequam
3606 987 3856 1029 essemus

2250 1071 2350 1110 nos
2373 1058 2424 1111 in
2450 1058 2678 1125 mundo,
2738 1059 2855 1125 fuit,
2890 1072 2942 1115 et
2975 1072 3265 1133 postquam
3320 1064 3526 1120 mortui
3566 1065 3851 1132 fuerimus,

2249 1151 2490 1206 oriturus
2521 1164 2626 1208 εει.
2660 1153 2846 1210 Solem
2877 1166 3060 1212 autem
3115 1159 3542 1225 nominavimus,
3572 1170 3632 1215 ut
3658 1177 3725 1217 ex
3752 1162 3857 1217 hoc

2249 1243 2619 1317 intelligamus
2656 1257 2712 1303 et
2760 1260 2961 1306 caztera
3014 1265 3138 1307 esse
3188 1253 3402 1320 eadem,
3447 1270 3568 1324 qua:
3606 1255 3851 1312 luerunt.

2249 1336 2405 1404 Quod
2438 1341 2482 1395 si
2513 1341 2799 1397 videantur
2830 1358 2929 1412 per
2953 1342 3325 1400 conditionem
3392 1347 3587 1401 mortis
3645 1348 3848 1416 perire,

2256 1449 2363 1488 non
2394 1444 2643 1505 pereunt,
2670 1436 2793 1507 quia
2822 1452 3041 1492 rursum
3080 1437 3322 1494 rediviva
3379 1452 3763 1508 succrescunt,
3794 1453 3849 1498 et

2248 1526 2389 1581 nihil
2424 1529 2475 1581 in
2516 1537 2839 1598 perpetuum
2897 1530 3105 1598 interit,
3132 1530 3229 1587 sed
3266 1533 3593 1601 renascitur,
3620 1536 3852 1604 etquasi

2248 1634 2370 1675 cum
2400 1620 2641 1690 quodam
2690 1620 2881 1677 l‘enore
2907 1623 3209 1678 reviviscit.
3245 1624 3360 1680 Hoc
3389 1634 3473 1680 est
3502 1627 3645 1680 enim
3705 1625 3853 1695 quod

2251 1712 2328 1767 ait
2360 1732 2370 1765 :
2399 1712 2469 1767 Et
2500 1712 2635 1767 Deus
2657 1724 2852 1784 quwret
2881 1731 3018 1781 eum,
3046 1715 3134 1785 qui
3183 1717 3576 1783 persecutionem
3606 1718 3851 1785 patitur;

528 1811 866 1868 contrarium
901 1822 1043 1871 esse,
1073 1805 1217 1875 quod
1251 1802 1493 1859 muneris
1525 1802 1621 1856 Dei
1655 1815 1777 1857 esse
1809 1800 2010 1854 dicitur
2037 1815 2049 1852 :
2082 1797 2138 1853 Si

2253 1806 2390 1875 quod
2420 1805 2608 1861 Graece
2651 1809 2846 1861 melius
2886 1807 3091 1862 dicitur
3136 1812 3225 1864 καὶ
3258 1809 3281 1864 ὁ
3308 1811 3427 1870 Θεὸς
3455 1814 3663 1874 ζητήσει
3697 1807 3724 1844 ιι
3754 1810 3850 1865 τὸν

530 1906 648 1975 quis
674 1905 903 1957 comedat
922 1911 967 1955 et
996 1900 1155 1966 bibat,
1180 1908 1225 1953 et
1257 1897 1497 1952 ostendat
1517 1896 1709 1950 bonum
1732 1895 1784 1947 in
1808 1893 1946 1947 omni
1970 1892 2143 1946 labore

528 2016 644 2054 suo.
679 1998 858 2052 Multae
889 1996 1093 2067 quippe
1125 1994 1513 2049 tribulationes
1542 1991 1835 2062 iustorum.
1869 1989 1937 2043 Et
1961 1987 2031 2044 de
2060 1988 2143 2042 his

528 2093 825 2165 Apostolus
853 2091 1123 2162 queritur,
1167 2089 1222 2143 in
1250 2087 1443 2143 labore
1474 2095 1531 2142 et
1554 2095 1579 2123 ⁸
1604 2086 1795 2141 dolore
1822 2083 2053 2139 sudasse
2083 2098 2144 2138 se
2182 2110 2185 2113 λ

529 2184 833 2257 dicens(ll
860 2181 983 2239 Cor.
1024 2183 1122 2252 ιι).
1171 2179 1278 2237 Sed
1323 2194 1444 2235 cum
1490 2177 1673 2233 dehis
1716 2190 1815 2231 nos
1857 2176 1909 2230 in
1958 2174 2144 2228 futuro

528 2282 796 2339 Dominus
822 2278 1138 2334 liberaverit
1164 2294 1176 2329 :
1212 2274 1337 2329 Non
1368 2274 1465 2328 erit
1495 2273 1642 2327 labor
1680 2273 1734 2325 in
1763 2269 1948 2335 Jucob,
1982 2284 2144 2339 neque

532 2375 685 2429 dolor
723 2373 777 2427 in
825 2370 1013 2425 Israel.
1067 2369 1132 2424 Et
1161 2366 1437 2439 quomodo
1480 2365 1614 2421 illud
1668 2364 1939 2433 legimus:
1992 2360 2144 2415 Beati

528 2468 736 2537 ﬂentes,
765 2464 1013 2536 quoniam
1038 2462 1141 2531 ipsi
1171 2461 1413 2515 ridebunt
1441 2457 1597 2519 (Luc.
1629 2472 1719 2524 v1,
1745 2454 1843 2526 21)
1870 2472 1883 2507 :
1917 2464 1972 2508 et
1998 2453 2139 2508 risus

529 2569 718 2615 noster
747 2556 851 2612 Job
878 2554 1263 2626 prophetautis
1289 2550 1453 2606 verba
1485 2546 1787 2603 sectabitur
1811 2564 1823 2600 :
1863 2545 2140 2599 Veracium

528 2668 586 2706 os
613 2648 937 2722 replebiturb
957 2646 1150 2718 gaudio
1182 2644 1331 2716 (Job.
1355 2658 1465 2707 vm,
1500 2640 1597 2711 21)
1624 2657 1640 2705 ;
1673 2640 1755 2695 sic
1782 2652 1929 2693 nunc
1951 2637 2139 2692 labore

529 2755 721 2802 nostro
765 2744 995 2798 fruimur
1026 2743 1077 2797 in
1111 2739 1269 2796 bonis
1298 2738 1578 2807 operibus,
1630 2749 1728 2803 per
1755 2748 1917 2803 quem
1967 2746 2135 2787 coan-

530 2845 813 2906 gustamur
834 2843 889 2889 et
915 2833 1236 2903 premimur,
1262 2840 1318 2884 ut
1340 2840 1530 2900 p05tea
1559 2825 1814 2880 laborare
1834 2838 2134 2879 cessemus.

608 2927 837 3000 Cognoui
857 2928 980 2997 quia
1007 2927 1180 2978 omnia
1210 2939 1324 2993 qua:
1355 2924 1472 2992 fecit
1500 2920 1658 2982 Deus,
1716 2920 1831 2988 ipsa
1882 2927 2032 2971 erunt
2077 2917 2130 2971 in

532 3028 807 3079 wternum.
854 3033 1012 3086 super
1058 3015 1155 3070 illa
1206 3032 1309 3069 non
1349 3025 1515 3085 potest
1559 3012 1708 3079 addi,
1743 3020 1789 3065 et
1817 3011 1878 3065 ab
1904 3011 2011 3065 illis
2034 3028 2137 3066 non

534 3122 703 3185 potest
729 3110 930 3183 auferri
960 3126 977 3164 :
1009 3120 1055 3163 et
1087 3109 1228 3165 Deus
1256 3109 1399 3180 fecit,
1432 3118 1487 3161 ut
1534 3108 1747 3161 timeant
1786 3122 1819 3160 a
1841 3105 1975 3176 facie
1997 3109 2133 3177 ejus.

531 3176 678 3264 l‘iihil
712 3176 877 3263 est'in
911 3204 1117 3260 mundo
1144 3176 1289 3275 quod
1319 3219 1516 3258 novum
1548 3203 1639 3258 sit.
1667 3202 1810 3259 Solis
1839 3176 2054 3269 cursus,
2079 3209 2134 3257 et
2160 3176 2208 3239 (ἶ

528 3302 676 3358 lunas.
704 3302 873 3364 vices,
906 3308 961 3354 et
986 3308 1170 3365 terra},
1194 3297 1560 3368 arborumque
1587 3298 1825 3363 siccitas,
1851 3296 1935 3352 vel
1960 3296 2132 3362 viror,

529 3410 654 3451 cum
709 3393 830 3462 ipso
872 3390 1076 3447 mundo
1137 3398 1257 3445 nata
1319 3401 1451 3444 sunt
1497 3400 1663 3461 atque
1693 3402 1715 3427 θ
1747 3400 2029 3445 concreta.
2063 3389 2132 3444 Et

528 3484 739 3543 idcirco
765 3484 913 3539 Deus
942 3490 1090 3538 certa
1118 3483 1332 3537 ratione
1358 3490 1556 3537 cuneta
1606 3480 1918 3536 moderatus
1947 3489 2053 3549 est,
2082 3490 2137 3536 et

524 3579 693 3649 jussit
726 3577 981 3632 humanis
1013 3575 1201 3632 usibus
1232 3576 1507 3631 elementa
1539 3575 1771 3643 servire,
1804 3584 1861 3630 ut
1887 3575 2138 3630 homines

529 3671 651 3727 lucc
705 3670 1000 3736 videntes,
1056 3668 1363 3740 intelligant
1409 3684 1535 3725 esse
1587 3669 1982 3740 providentiam
2025 3667 2135 3740 [ΑΙ.

528 3761 939 3834 prudentiam],
964 3770 1021 3816 et
1053 3761 1283 3818 timeant
1303 3776 1334 3816 a
1367 3761 1508 3816 facie
1538 3761 1655 3828 Dei,
1680 3761 1808 3817 dum
1850 3777 1917 3817 ex
1948 3777 2133 3817 rerum

532 3852 559 3893 δ
589 3855 924 3928 mqualitate,
956 3868 1146 3918 cursu,
1172 3854 1387 3920 ordine,
1414 3863 1580 3925 atque
1609 3856 1916 3911 constantia
1936 3856 2140 3911 intelli-

530 3957 668 4020 gunt
694 3957 1025 4003 creatorem.
1081 3945 1247 4019 414
1284 3946 1581 4002 Invisibilia
1608 3949 1745 4003 enim
1774 3948 1871 4003 Dei
1901 3959 1924 3985 °
1956 3964 2048 4020 per
2077 3965 2140 4003 ea

527 4059 645 4114 qute
671 4042 811 4112 facta
830 4050 979 4106 sunt,
1036 4042 1299 4095 intellecta
1354 4042 2137 4113 conspiciuntur:sempiterna

529 4152 735 4205 quoque
781 4136 944 4189 virtus
973 4138 1089 4206 ejus
1122 4142 1170 4187 et
1195 4134 1445 4189 diuinitas
1476 4135 1657 4207 (Rom.
1683 4151 1722 4198 ι,
1751 4135 1868 4206 20).
1905 4135 2060 4204 Quod
2092 4136 2135 4190 si

531 4231 898 4296 voluerimus,
931 4229 1103 4299 priori
1137 4243 1308 4285 sensu
1340 4230 1519 4295 linito,
1549 4230 1707 4301 quasi
1737 4246 1768 4286 a
1798 4232 1977 4302 capite
1991 4232 2135 4303 lege-

530 4339 595 4378 re
630 4341 639 4374 :
676 4322 745 4375 Et
771 4320 917 4375 Deus
948 4321 1090 4389 fecit,
1120 4330 1175 4375 ut
1197 4321 1412 4377 timeant
1441 4340 1473 4375 a
1495 4325 1630 4394 facie
1657 4324 1790 4395 ejus,
1826 4322 1913 4378 hic
1939 4338 2136 4379 sensus

527 4423 658 4471 est:
696 4414 844 4468 Deus
894 4414 1081 4468 omnia
1117 4412 1267 4481 fecit,
1305 4422 1368 4469 ut
1414 4416 1644 4470 timeant
1673 4415 1924 4471 homines
1952 4416 2020 4471 ab
2043 4431 2131 4482 eo,

532 4504 679 4577 quod
734 4504 902 4559 semel
954 4504 1098 4559 Deus
1144 4505 1483 4576 disposuit,‘
1518 4507 1571 4562 in
1618 4506 1765 4561 aliud
1824 4505 2132 4563 declinare.

2247 1896 2572 1971 διωκόμενον,
2608 1898 2658 1953 id
2688 1910 2793 1965 est,
2835 1900 2980 1970 quod
3016 1901 3299 1969 praeteriit,
3355 1901 3494 1969 quod
3546 1902 3846 1970 expulsum

2247 2000 2355 2055 est,
2381 1990 2524 2059 quod
2558 2006 2678 2045 esse
2707 1993 2962 2048 cessavit.
2996 1992 3053 2048 Si
3104 2002 3285 2047 autem
3325 1993 3466 2048 istud
3515 1994 3581 2048 de
3621 1994 3845 2049 cunctis

2243 2097 2366 2151 quae
2391 2083 2442 2136 in
2475 2083 2681 2138 mundo
2733 2094 2885 2150 sunt,
2919 2084 3143 2150 dicitur,
3169 2085 3238 2139 de
3262 2084 3483 2140 homine
3508 2084 3653 2140 nulla
3680 2085 3846 2141 dubi-

2247 2176 2377 2230 tatio
2399 2185 2506 2241 est,
2526 2177 2656 2245 quin
2674 2186 2921 2232 mortuus
2948 2187 3283 2233 renascatur.
3313 2176 3373 2233 Si
3406 2178 3494 2233 cui
3524 2188 3703 2232 autem
3727 2178 3844 2248 pla-

2243 2279 2332 2323 cet
2359 2270 2517 2340 quasi
2541 2273 2763 2341 proprio
2794 2271 2977 2341 legere
3025 2272 3296 2342 principio
3326 2289 3336 2322 :
3367 2269 3435 2324 Et
3486 2270 3627 2326 Deus
3655 2280 3846 2342 qureret

2243 2379 2359 2416 eum
2381 2365 2471 2435 qui
2498 2365 2908 2435 persecutionem
2936 2366 3156 2435 patitur,
3188 2373 3371 2420 utatur
3401 2364 3507 2420 hoc
3529 2366 3848 2421 testimonio

2242 2458 2296 2511 in
2346 2461 2727 2528 persecutione
2767 2459 3081 2530 gentilium,
3144 2460 3210 2514 ad
3240 2459 3640 2515 consolandum
3693 2474 3842 2525 eum,

2241 2551 2331 2620 qui
2365 2551 2417 2605 in
2446 2554 2710 2623 martyrio
2760 2561 3095 2622 perseverat.
3153 2552 3219 2606 Et
3268 2553 3396 2622 quia
3449 2566 3645 2607 omnes
3689 2551 3844 2622 juxta

2239 2643 2563 2710 Apostolum
2595 2644 2662 2715 (ll
2687 2643 2824 2698 Tim.
2862 2644 2969 2715 ιιι),
3000 2646 3091 2713 qui
3125 2644 3212 2713 pie
3239 2643 3636 2700 voluntvivere
3662 2644 3715 2698 in
3739 2643 3844 2698 hoc

2240 2734 2462 2799 saeculo,
2494 2737 2935 2805 persecutionem
2964 2738 3269 2808 patiuntur,
3296 2735 3569 2793 ihabeant
3595 2736 3845 2792 consola-

2241 2826 2468 2892 tionem,
2505 2828 2629 2898 quia
2662 2830 2809 2884 Deus
2835 2830 3029 2899 quaerit
3055 2830 3493 2899 persecutionem
3521 2831 3841 2901 patientem,

2239 2918 2381 2974 sicut
2404 2920 2637 2990 requirit
2667 2920 2991 2992 sanguinem
3020 2921 3387 2987 interfecti,et
3414 2922 3564 2977 venit
3594 2936 3846 2991 quaerere

2238 3012 2384 3084 quod
2410 3014 2677 3083 perierat,
2711 3023 2765 3069 et
2794 3024 3072 3071 errantem
3096 3012 3253 3071 ovem
3297 3015 3311 3066 ἱ
3356 3016 3473 3072 suis
3500 3015 3742 3072 humeris
3773 3014 3844 3068 ad

2237 3123 2456 3179 gregem
2481 3110 2786 3178 reportavit
2814 3109 2971 3181 (Luc.
3004 3126 3118 3177 xu,
3148 3109 3261 3182 xv).

2310 3199 2377 3254 Et
2407 3201 2580 3255 adhuc
2600 3202 2707 3255 uidi
2742 3202 2837 3255 sub
2864 3200 2973 3257 sole
3012 3200 3183 3257 locum
3200 3202 3403 3274 judicii
3430 3218 3449 3255 :
3476 3202 3542 3256 ibi
3569 3202 3845 3274 impietas;

2239 3302 2285 3347 et
2309 3293 2483 3347 locum
2532 3294 2757 3364 justitice
2786 3312 2805 3347 :
2838 3294 2909 3348 ibi
2949 3295 3218 3365 iniquitas.
3257 3293 3421 3366 515
3459 3293 3582 3348 Dixi
3607 3310 3702 3366 ego
3728 3293 3843 3366 [AL

2239 3386 2414 3459 ergo],
2437 3388 2491 3440 in
2510 3388 2663 3441 corde
2690 3403 2838 3442 meo:
2861 3386 3071 3442 Iustum
3091 3398 3137 3441 ct
3169 3387 3650 3459 impiumjudicabit
3673 3385 3843 3442 Deus:

2238 3482 2359 3551 quia
2398 3494 2600 3552 tempus
2626 3483 2765 3537 omni
2795 3484 3057 3538 voluntati
3112 3500 3267 3553 super
3298 3499 3450 3537 omne
3494 3487 3692 3554 factum
3744 3482 3841 3537 ibi.

2239 3573 2558 3631 Manifestus
2586 3587 2669 3633 est
2707 3592 2924 3647 sensus,
2975 3578 3071 3633 sed
3131 3578 3319 3634 nubilo
3364 3578 3841 3647 interpretationis

2241 3666 2567 3723 obvolvitur.
2597 3669 2715 3725 Sub
2744 3671 2881 3737 sole,
2908 3671 3105 3741 inquit,
3139 3672 3246 3727 isto
3291 3673 3581 3728 veritatem
3614 3682 3670 3728 et
3695 3672 3843 3742 judi-

2238 3761 2381 3818 cium
2402 3762 2682 3833 requisivi,
2714 3771 2772 3819 et
2792 3764 2905 3819 vidi
2925 3764 3091 3820 etiam
3120 3766 3265 3821 inter
3288 3765 3531 3836 judicum
3562 3766 3681 3835 ipsa
3711 3763 3842 3821 sub-

2238 3853 2414 3922 sellia,
2444 3870 2551 3910 non
2566 3853 2850 3910 veritatem
2873 3856 3078 3925 valere,
3107 3857 3204 3914 sed
3229 3873 3478 3914 munera.
3502 3859 3629 3914 Sive
3649 3858 3834 3914 aliter:

2237 3948 2547 4004 Arbitratus
2569 3964 2687 4005 sum
2710 3949 2915 4020 aliquid
2939 3950 3173 4021 iustitiae
3224 3951 3279 4007 in
3322 3953 3579 4021 praesenti
3634 3952 3839 4008 sazculo

2237 4039 2375 4112 geri,
2407 4050 2464 4096 et
2488 4040 2576 4096 vel
2605 4042 2756 4111 pium
2786 4057 2887 4112 pro
2924 4057 3023 4099 suo
3055 4059 3197 4099 nunc
3229 4045 3426 4099 merito
3449 4045 3721 4114 recipere,
3752 4043 3839 4099 vel

2238 4132 2464 4202 impium
2499 4147 2597 4203 pro
2626 4148 2728 4189 suo
2773 4135 2986 4192 scelere
3016 4137 3196 4206 puniri
3231 4154 3245 4189 :
3285 4148 3341 4192 et
3368 4152 3399 4191 e
3427 4138 3707 4193 contrario
3754 4151 3841 4193 re-

2238 4227 2381 4298 peri,
2431 4244 2593 4297 quam
2647 4228 2926 4298 putabam.
2987 4229 3111 4285 Vidi
3165 4229 3313 4286 enim
3353 4239 3409 4286 et
3432 4230 3639 4302 justum
3668 4231 3837 4285 multa

2237 4321 2381 4375 mala
2411 4319 2499 4375 hic
2530 4321 2764 4391 perpeti,
2789 4329 2845 4377 et
2874 4321 3105 4393 impium
3166 4336 3402 4391 regnare
3445 4337 3544 4393 pro
3597 4321 3838 4377 scelere.

2234 4412 2430 4469 Postea
2464 4427 2594 4469 vero
2617 4428 2739 4469 cum
2769 4412 2938 4470 corde
2966 4428 3091 4470 meo
3115 4414 3436 4486 colloquens
3469 4422 3524 4469 et
3550 4423 3839 4485 reputans,

2234 4508 2504 4575 intellexi,
2532 4524 2639 4564 non
2670 4521 2768 4579 per
2790 4516 2977 4578 partes
2998 4508 3167 4563 Deum
3182 4518 3236 4565 et
3262 4523 3361 4577 per
3382 4507 3619 4578 singulos
3642 4504 3671 4545 ¹ι
3691 4523 3841 4565 nunc

530 4596 772 4655 Pulchre
798 4605 981 4653 autem
1006 4600 1352 4668 temperavit,
1384 4599 1575 4656 dicens
1608 4620 1619 4653 :
1658 4598 1724 4655 Ut
1744 4600 1955 4655 timeant
1987 4618 2018 4654 a
2047 4604 2129 4671 fa-
2151 4587 2206 4649 Ι)
2227 4600 2495 4672 judicare,
2528 4599 2626 4657 sed
2659 4600 2714 4655 in
2746 4600 2987 4656 futurum
3022 4610 3237 4672 tempus
3263 4614 3547 4657 reservare
3567 4598 3838 4668 judicium

605 4775 627 4798 ιι
671 4761 777 4817 Pro
806 4758 861 4812 in
889 4757 1089 4822 dolore,
1121 4756 1399 4813 Palatinus
1426 4757 1564 4813 alter
1586 4758 1640 4812 in
1686 4758 2015 4813 abstinentia.

598 4834 627 4870 ιι
670 4831 945 4886 Victorius
972 4844 1071 4899 pro
1099 4829 1315 4900 gaudio,
1374 4830 1563 4897 reponi
1599 4829 1711 4883 vult
1743 4831 1874 4895 risu,
1903 4841 2013 4883 tum
2057 4845 2124 4885 ex

528 4906 722 4963 Graeco
753 4910 928 4974 textu,
959 4900 1009 4954 in
1039 4916 1149 4974 quo
1170 4912 1253 4956 est
1284 4902 1660 4974 yﬂm'roqitum
1689 4916 1754 4955 ex
1780 4900 2126 4974 eo,quo_d__de

526 4979 662 5041 risu,
721 4989 827 5028 non
870 4972 940 5028 de
983 4971 1197 5042 gaudio,
1249 4971 1434 5044 sermo
1482 4972 1798 5044 Hieronymi
1843 4974 1933 5026 sit.
1976 4971 2125 5028 Nihil

522 5064 661 5105 vero
680 5053 870 5099 contra
895 5059 1027 5098 mss.
1062 5042 1651 5102 lidemimmutandum
1680 5042 1787 5098 est.

602 5131 624 5158 ο
670 5118 921 5173 Vatican.
945 5125 1098 5183 atque
1126 5122 1420 5174 concreata,
1443 5112 1559 5168 fere
1590 5126 1642 5167 ut
1672 5115 1889 5169 Alcuin.
1925 5123 2120 5169 creata.

597 5188 625 5227 εἴ
666 5188 814 5243 Idem
844 5184 1092 5240 Vatican.
1126 5199 1189 5237 ea:
1210 5200 1379 5237 rerum
1405 5184 1674 5253 qualitate,
1707 5202 1881 5252 cursu,
1914 5186 2118 5251 ordine,

524 5261 838 5335 aqualitate,
872 5264 919 5309 et
943 5255 1265 5320 constantia;
1291 5256 1377 5309 cui
1406 5270 1475 5310 ex
1509 5266 1661 5326 parte
1683 5259 1926 5313 concinit
1969 5257 2125 5311 Pala-

525 5336 703 5390 tinus.

604 5415 627 5443 ο
655 5399 945 5458 lnuisibilia
971 5400 1107 5453 enim
1124 5395 1241 5452 Dei.
1276 5396 1626 5470 Manuscripti
1656 5398 2021 5456 Corheienses
2047 5402 2128 5456 sic

524 5478 731 5544 legunt,
772 5472 1054 5544 invisibilia
1081 5471 1217 5525 enim
1256 5486 1289 5521 a
1315 5482 1556 5544 creatura
1595 5472 1777 5544 mundi
1806 5488 1894 5538 per
1922 5488 1982 5525 ea
2009 5488 2126 5541 qua:

524 5541 667 5609 facta
693 5555 835 5607 sunt,
854 5542 1115 5598 intellecta
1143 5542 1556 5609 conspiciuntur.
1602 5541 1870 5597 MARTIAN.

523 5608 535 5618 ’
602 5618 617 5656 ί
660 5618 797 5674 Cum
828 5616 1056 5671 Erasmo
1086 5624 1141 5669 et
1162 5608 1403 5669 Victorio
1436 5611 1608 5667 Vatic.
1646 5628 1749 5668 ms.
1776 5629 1869 5666 nec
1892 5614 1947 5666 in
1977 5612 2125 5667 aliud

530 5690 811 5743 declinare.

526 5786 601 5797 -—
627 5758 693 5809 In
721 5757 867 5809 aliud
914 5756 1196 5810 declinare.
1243 5755 1406 5811 Falso
1445 5756 1588 5825 apud
1630 5756 1846 5812 Erasm.
1906 5765 1962 5813 et
2014 5754 2123 5811 Ma-

515 5826 660 5879 tian.
696 5825 944 5892 legimus,
969 5840 1059 5879 nec
1079 5828 1133 5879 in
1157 5826 1302 5881 aliud
1326 5825 1611 5884 declinare.
1646 5828 1919 5885 Maurum.

2306 4769 2330 4805 ε
2370 4759 2523 4815 Unus
2554 4759 2856 4823 Palatinus,
2890 4774 3014 4815 cum
3042 4759 3207 4816 editis
3235 4769 3361 4815 ante
3394 4759 3646 4815 Martian.
3679 4760 3838 4817 libris

2237 4831 2411 4900 ipsum
2448 4844 2542 4895 est,
2577 4831 2715 4900 quod
2744 4832 2861 4885 erit.

2302 4901 2561 4974 ——lpsum
2577 4904 2716 4975 quod
2737 4912 2829 4956 est.
2856 4901 2954 4957 Hic
2977 4917 3193 4974 quoque
3214 4912 3474 4974 corrupte
3499 4902 3717 4975 legitur,
3749 4903 3836 4973 ip-

2232 4990 2346 5027 sum
2377 4985 2450 5027 est
2477 4974 2614 5042 quod
2645 4976 2763 5028 erit.
2793 4976 3069 5031 Manum.

2310 5041 2333 5120 '_‘
2372 5041 2565 5120 ρξευηὶ
2594 5060 2794 5120 genere
2824 5047 3056 5120 Palatin.
3111 5048 3168 5104 τὸ
3198 5044 3529 5120 διωκόμενοντ

2310 5114 2325 5150 ί
2374 5114 2651 5171 Hactenus
2676 5116 2878 5186 vulgati
2907 5118 3111 5177 habent.
3131 5114 3644 5175 c0ntradicentihus
3663 5131 3832 5179 mss.;

2232 5185 2365 5242 olim
2380 5202 2609 5311 ‘quoque
2642 5203 2743 5254 pro
2768 5185 2823 5242 in
2850 5190 2946 5243 hoc
2972 5190 3181 5252 steculo,
3216 5198 3338 5243 erat
3364 5190 3417 5243 in
3449 5188 3684 5243 Christo.

2300 5288 2370 5298 --
2427 5258 2571 5311 olunt
2594 5260 2762 5311 vivere
2785 5260 2839 5311 in
2872 5262 2966 5311 hoc
2991 5260 3203 5311 sarculo.
3232 5259 3291 5311 In
3313 5260 3529 5311 cunctis
3552 5275 3684 5311 exen

2300 5258 2571 5312 ——Volunt
2594 5260 2762 5314 vivere
2785 5260 2839 5314 in
2872 5262 2966 5314 hoc
2991 5260 3203 5315 sarculo.
3232 5259 3291 5314 In
3313 5260 3529 5315 cunctis
3552 5261 3839 5330 exempla-

2226 5329 2378 5384 ribus
2413 5346 2544 5383 mss.
2578 5331 2681 5385 hoc
2734 5331 2897 5387 modo
2932 5334 3198 5400 scriptum
3240 5338 3361 5397 est;
3403 5333 3457 5387 in
3490 5332 3656 5387 editis
3699 5329 3838 5389 vero

2228 5410 2384 5455 antea
2417 5400 2595 5468 libris,
2627 5403 2682 5456 in
2710 5400 2937 5457 Christo.
2962 5404 3227 5457 MARTIAN.

2308 5474 2320 5520 i
2363 5472 2427 5524 Et
2475 5484 2730 5526 errantem
2775 5490 2937 5528 ovem.
2963 5474 3323 5530 Sorbonicum
3367 5474 3617 5528 codicem
3651 5474 3838 5530 secuti

2231 5556 2444 5607 sumus,
2474 5542 2562 5596 alii
2604 5545 2808 5613 legunt,
2844 5553 3066 5599 erratum
3108 5559 3283 5608 ovem;
3324 5545 3459 5600 editi
3504 5545 3725 5601 Erasm.
3778 5559 3839 5601 et

2233 5614 2459 5669 Marian.
2484 5629 2749 5668 erroneam
2777 5631 2940 5670 ovem.
2966 5616 3234 5671 Maurum.

2302 5684 2329 5723 ιε
2369 5682 2698 5757 Adverbium
2723 5703 2878 5752 nunc,
2923 5701 3052 5742 mss.
3096 5687 3268 5741 nostri
3302 5685 3558 5757 ignorant
3592 5706 3603 5739 :
3636 5688 3837 5744 Alcui-

2227 5769 2331 5812 nus
2363 5769 2459 5826 pro
2486 5770 2554 5809 eo
2584 5756 2718 5825 legit
2741 5772 2963 5826 semper.
