3998 6310
150 274 289 337 10ιὶ

1163 270 1705 331 COMMENTARIUS
1746 272 1813 328 IN
1857 267 2399 331 ECCLESIASTEN.

3318 281 3457 338 1042

148 401 210 447 ιιι
231 405 424 448 omnes
457 391 660 460 pariter
684 390 1019 461 judicentur,
1061 398 1119 447 et
1160 388 1459 445 secundum
1490 388 1742 443 volunta—
1766 398 1818 458 Α
1844 388 2126 445 videretur
2153 389 2404 456 dissolvi,
2429 389 2575 445 aliud
2606 391 2917 459 reservari;
2956 399 3139 449 tamen
3169 409 3281 450 non
3314 396 3456 451 mul-

150 493 263 540 tem
292 495 347 541 et
376 499 544 555 opera
575 499 669 540 sua
706 486 776 541 ibi
808 484 1099 554 recipiant.
1136 483 1248 540 Hoc
1291 491 1377 539 est
1415 482 1563 540 enim
1595 481 1742 551 quod

150 576 229 631 ait
263 595 273 629 :
306 574 376 630 Et
403 586 605 645 tempus
646 576 788 630 amni
821 575 1093 642 voluntati,
1117 585 1164 631 et
1187 592 1345 645 super
1372 590 1521 629 omne
1548 580 1747 645 factum
1778 634 1785 637 _

144 668 242 735 ibi,
272 669 325 724 id
353 678 458 737 est,
486 671 539 724 in
557 669 783 740 judicio,
814 670 1034 741 quando
1057 670 1326 725 Dominus
1347 670 1571 739 cmperit
1595 668 1745 739 judi-

146 778 300 829 care,
335 772 463 821 tunc
495 764 677 820 futura
703 773 788 821 est
812 765 1038 831 veritas,
1059 764 1481 835 nuncinjustitia
1497 764 1746 819 domina-

147 864 237 911 tur
262 856 315 910 in
350 856 571 910 mundo.
605 856 737 911 Tale
762 856 890 925 quid
931 867 987 913 et
1011 858 1063 911 in
1097 856 1397 926 Sapientia,
1445 871 1565 926 quae
1598 855 1693 909 ﬁlii
1718 864 1743 891 α

144 946 346 1002 Sirach
378 948 716 1014 inscribitur,
740 949 974 1019 legimus
1011 968 1022 1003 :
1050 948 1133 1003 Ne
1155 948 1372 1014 dixeris,
1403 950 1530 1019 quid
1556 947 1744 1003 esthoc

144 1049 241 1094 aut
282 1040 405 1111 quid
445 1053 521 1097 est
548 1042 729 1097 istud?
755 1043 929 1098 omnia
975 1042 1111 1097 enim
1155 1052 1382 1114 tempore
1425 1059 1520 1097 suo
1574 1044 1746 1114 requi-

145 1143 349 1188 rentur.

216 1225 343 1282 Dixi
368 1245 465 1301 ego
496 1231 549 1283 in
579 1230 734 1284 corde
758 1246 871 1285 meo
894 1229 959 1284 de
986 1230 1192 1301 loquela
1213 1230 1445 1298 ﬁliorum
1492 1229 1741 1298 hominis,

140 1319 267 1391 quia
291 1330 501 1391 separat
548 1322 668 1377 illos
696 1322 857 1388 Deus,
886 1334 934 1377 et
954 1332 1007 1377 ut
1033 1324 1343 1388 ostenderet,
1385 1324 1506 1393 quia
1528 1324 1631 1391 ipsi
1652 1326 1744 1394 ju-

140 1426 319 1473 menta
348 1414 375 1453 δ
399 1424 523 1470 sunt
548 1416 667 1479 sibi,
689 1418 815 1487 quia
836 1426 1046 1471 eventus
1094 1416 1325 1485 ﬁliorum
1375 1416 1663 1482 hominum,
1696 1427 1743 1470 et

135 1516 352 1561 eventus
380 1508 596 1576 pecoris,
619 1517 827 1563 eventus
874 1525 1005 1563 unus
1039 1519 1059 1547 ε
1086 1509 1177 1562 eis.
1214 1508 1363 1564 Sicut
1392 1525 1529 1564 mors
1558 1508 1741 1582 hujus,

134 1598 215 1651 ita
239 1608 287 1653 et
314 1614 449 1653 mors
469 1598 636 1663 illius,
663 1609 710 1653 et
739 1595 954 1669 spiritus
980 1616 1114 1655 unus
1142 1602 1397 1667 omnibus,
1442 1611 1491 1656 et
1518 1601 1742 1672 amplius

132 1686 338 1743 homini
363 1705 395 1741 a
422 1704 607 1756 pecore
647 1689 780 1743 nihil
802 1700 906 1757 est,
928 1692 1053 1761 quia
1091 1694 1265 1745 omnia
1288 1693 1509 1746 vanitas.
1548 1692 1738 1746 Omnia

1852 493 1963 540 tum
1994 484 2261 541 intererat
2312 484 2489 554 perire
2524 498 2646 539 cum
2676 499 2930 556 corpore,
2956 485 3042 541 vel
3073 486 3271 542 inferni
3299 497 3454 545 tene-

1850 576 1963 632 bris
1990 576 2244 632 detineri.

1916 669 2281 725 Recurramus
2303 668 2371 723 ad
2402 668 2634 740 singula,
2664 676 2721 724 et
2745 669 3078 725 commatico
3106 684 3309 741 genere
3358 670 3449 726 di-

1847 764 2031 829 cendi,
2056 764 2207 831 juxta
2230 762 2476 817 ordinem
2505 778 2663 817 suum
2694 762 2946 818 breviter
2973 763 3304 819 disseramus
3336 763 3446 837 [ΑΙ.

1847 856 2247 928 dissolvamus].
2279 855 2405 911 Dixi
2428 871 2523 925 ego
2551 856 2607 910 in
2626 856 2783 910 corde
2814 873 2926 910 meo
2957 856 3021 910 de
3056 856 3262 926 eloquio
3310 858 3448 926 filio-

1847 968 1963 1005 rum
1987 951 2234 1016 hominis,
2262 960 2316 1004 ut
2343 951 2548 1021 eligeret
2566 966 2651 1004 eos
2676 947 2840 1004 Deus.
2869 949 2983 1005 Hoc
3013 950 3214 1016 Solum,
3246 950 3445 1020 inquit,

1846 1043 1989 1097 inter
2015 1034 2266 1097 homines
2292 1051 2346 1097 et
2366 1042 2614 1111 juinenta
2648 1042 2791 1097 Deus
2815 1057 2941 1097 esse
2970 1041 3165 1110 voluit,
3195 1042 3320 1113 quia
3348 1056 3449 1097 nos

1786 1200 1789 1203 ἢ
1845 1133 2137 1204 loquimur,
2161 1134 2252 1188 illa
2281 1140 2410 1189 sunt
2458 1142 2633 1196 muta,
2670 1147 2769 1189 nos
2796 1134 3136 1189 voluntatem
3186 1148 3447 1190 sermone

1847 1228 2195 1300 proferimus,
2216 1228 2307 1283 illa
2340 1237 2559 1298 torpent
2587 1228 2827 1284 silentio.
2858 1228 3065 1284 Etcum
3085 1238 3296 1285 tantum
3325 1244 3445 1285 ser-

1847 1336 2008 1376 mone
2035 1320 2353 1376 diﬁ‘eramus
2384 1336 2413 1375 a
2443 1321 2656 1388 bestiis,
2688 1332 2868 1377 tamen
2911 1321 3219 1377 ostenditur
3260 1323 3445 1389 nobis,

1845 1413 1991 1484 quod
2014 1414 2168 1484 juxta
2203 1416 2457 1485 corporis
2480 1414 2827 1484 fragilitatem
2854 1428 3053 1483 pecora
3077 1429 3290 1470 sumus.
3326 1414 3445 1469 Sic-

1846 1517 1905 1562 ut
1954 1508 2261 1578 jumentum
2294 1506 2549 1574 moritur,
2580 1508 2651 1561 ita
2677 1506 3189 1573 moriturethomo,
3217 1515 3273 1563 et
3294 1523 3434 1562 unus

1844 1598 2096 1654 omnibus
2120 1597 2280 1654 ﬂatus
2310 1607 2416 1664 est,
2451 1608 2504 1654 et
2530 1613 2627 1654 aer
2655 1598 2760 1654 iste
2783 1612 2892 1668 quo
2920 1598 3141 1652 alimur.
3166 1598 3279 1653 Hoc
3298 1599 3445 1653 enim

1843 1690 1921 1744 ait
1953 1707 1964 1742 :
1996 1688 2062 1743 Et
2116 1691 2333 1759 spiritus
2387 1706 2522 1743 unus
2553 1690 2814 1754 omnibus,
2844 1697 2893 1743 et
2917 1690 3144 1759 amplius
3192 1690 3386 1743 homini
3414 1708 3447 1743 α

132 1780 338 1835 vadunt
363 1783 430 1835 ad
462 1781 634 1837 locum
665 1800 848 1849 unum,
877 1787 1052 1838 omnia
1079 1787 1215 1855 facta
1234 1794 1355 1839 sunt
1382 1785 1446 1839 de
1487 1781 1669 1848 humo,
1694 1794 1741 1839 et
1770 1793 1819 1853 B
1846 1799 2030 1854 pecore
2065 1783 2200 1837 nihil
2237 1796 2334 1837 est.
2386 1782 2542 1851 Quod
2574 1797 2643 1836 ne
2678 1790 2996 1852 putaremus
3047 1781 3153 1836 dici
3183 1782 3346 1837 etiam
3378 1780 3450 1837 de

132 1874 313 1928 omnia
334 1884 651 1929 revertentur
680 1878 748 1930 ad
776 1877 1008 1931 humum.
1036 1875 1063 1912 ά
1091 1875 1159 1929 Et
1206 1878 1323 1945 quis
1360 1878 1478 1945 scit,
1520 1879 1737 1948 spiritus

128 1966 369 2036 ﬁliorum
394 1970 641 2035 hominis,
673 1971 718 2022 si
742 1970 985 2023 ascendat
1010 1970 1118 2039 ipse
1144 1986 1375 2036 sursum,
1421 1981 1468 2024 et
1518 1971 1736 2042 spiritus

126 2061 357 2129 pecoris,
388 2061 435 2113 si
452 2060 730 2115 descendat
750 2061 861 2130 ipse
882 2062 1123 2115 deorsum
1152 2062 1204 2115 in
1226 2072 1434 2115 terram.
1487 2062 1608 2117 Non
1636 2063 1738 2117 mi-

132 2150 370 2205 randum
400 2159 505 2217 est,
536 2152 589 2206 in
616 2151 871 2221 praesenti
900 2155 1006 2206 vita
1036 2154 1185 2207 inter
1210 2153 1417 2223 justum
1435 2165 1489 2209 et
1510 2155 1735 2222 impium

126 2244 342 2297 nullam
368 2259 492 2300 esse
520 2243 864 2311 distantiam,
901 2259 1002 2299 nec
1032 2244 1237 2315 aliquid
1266 2245 1451 2301 valere
1480 2247 1732 2315 virtutes,

123 2335 228 2389 sed
264 2336 479 2391 incerto
505 2346 705 2392 eventu
732 2338 912 2390 omnia
941 2335 1201 2402 volutari,
1232 2351 1354 2392 cmn
1393 2339 1557 2393 etiam
1591 2341 1736 2395 inter

123 2428 380 2499 pecudes
406 2440 463 2485 et
487 2430 789 2498 hominem,
819 2429 1119 2485 secundum
1148 2433 1397 2503 corporis
1418 2434 1682 2489 vilitatem
1709 2444 1731 2470 ε

124 2521 268 2577 nihil
296 2521 516 2578 differre
546 2523 818 2591 videatur,
842 2536 900 2581 et
930 2528 1005 2583 sit
1041 2529 1231 2583 eadem
1265 2527 1522 2583 nascendi
1546 2526 1738 2582 condi-

128 2614 232 2680 tio,
263 2628 388 2668 sors
418 2628 522 2668 una
547 2616 816 2671 moriendi
847 2636 857 2670 :
892 2618 1151 2674 similiter
1177 2617 1343 2689 416
1372 2618 1735 2688 procedamus

124 2706 195 2763 ad
231 2708 433 2771 lucem,
463 2722 620 2777 atque
658 2707 1027 2765 dissolvamur
1050 2711 1105 2767 in
1130 2714 1435 2780 pulverem.
1467 2710 1521 2765 Si
1549 2721 1733 2765 autem

127 2799 357 2854 videtur
404 2799 521 2856 haec
550 2815 676 2856 esse
706 2802 991 2870 distantia,
1023 2803 1168 2873 quod
1219 2805 1444 2874 spiritus
1499 2803 1735 2859 hominis

125 2892 397 2949 ascendat
446 2894 501 2948 in
548 2895 778 2958 caelum,
813 2904 869 2951 et
920 2897 1146 2968 Spiritus
1189 2899 1404 2969 pecoris
1437 2898 1737 2955 descendat

128 2988 186 3043 in
250 2998 481 3055 terram,
539 3004 646 3059 quo
705 2990 847 3045 istud
879 3001 1031 3046 certo
1073 3000 1298 3048 auctore
1341 2994 1736 3065 cognovimus?

128 3083 270 3150 Quis
294 3091 474 3152 potest
504 3096 684 3146 nosse,
714 3091 895 3139 utrum
949 3100 1141 3140 verum
1163 3101 1230 3140 an
1261 3086 1454 3142 falsum
1487 3089 1560 3142 sit
1587 3087 1733 3158 quod

1840 1877 2045 1943 anima,
2082 1875 2267 1930 intulit
2301 1895 2310 1929 :
2347 1875 2539 1930 Omnia
2588 1878 2728 1945 facta
2748 1883 2867 1928 sunt
2897 1876 2961 1928 de
2991 1885 3150 1941 terra,
3192 1885 3240 1928 et
3269 1890 3444 1928 rever-

1841 1982 2009 2029 tentur
2030 1975 2083 2026 in
2116 1983 2329 2027 terram.
2363 1970 2442 2025 De
2473 1981 2615 2025 terra
2650 1978 2831 2025 autem
2862 1967 3166 2045 nihil’aliud
3188 1968 3296 2023 nisi
3314 1982 3443 2023 cor-

1842 2082 1941 2137 pus
1995 2062 2199 2119 factum
2253 2072 2357 2119 est.
2414 2061 2481 2115 Et
2529 2062 2810 2130 signanter
2838 2060 2906 2115 de
2936 2074 3169 2129 corpore
3196 2059 3441 2114 dicitur:

1839 2157 2000 2212 Terra
2027 2174 2099 2219 es,
2133 2165 2179 2211 et
2204 2158 2255 2209 in
2288 2164 2475 2208 terram
2518 2154 2785 2207 reverteris
2813 2151 2968 2222 (Gen.
3014 2167 3096 2218 tu,
3143 2149 3257 2223 Η).
3286 2152 3443 2220 Quod

1839 2260 2020 2305 autem
2044 2249 2260 2304 videtur
2280 2262 2405 2302 esse
2427 2245 2842 2315 blasphemum:
2874 2244 3002 2311 Quis
3025 2244 3310 2316 cognoscit,
3334 2246 3445 2313 spi-

1839 2347 1971 2398 ritus
1995 2344 2229 2413 ﬁliorum
2250 2342 2541 2407 hominum,
2566 2339 3047 2411 siﬁ17asceiidat
3073 2341 3183 2410 ipse
3210 2356 3442 2408 sursum,

1838 2445 1886 2491 et
1914 2436 2130 2505 spiritus
2146 2432 2395 2505 jumenti,
2421 2433 2467 2487 si
2505 2431 2784 2486 descendat
2809 2432 2921 2499 ipse
2950 2414 3193 2485 deorsum
3233 2431 3289 2485 in
3336 2441 3443 2485 ter-

1838 2530 1979 2584 ram?
2002 2544 2107 2582 non
2125 2529 2266 2582 inter
2286 2526 2528 2596 pecudes
2546 2525 2899 2581 ethominem
2922 2527 3221 2581 secundum
3239 2527 3439 2582 anima:

1838 2623 2164 2695 dignitatem
2197 2620 2334 2676 nihil
2365 2622 2636 2675 interesse
2666 2617 2973 2684 contendit,
3007 2619 3105 2674 sed
3132 2618 3446 2689 adjiciendo

1838 2717 1974 2788 quis,
2022 2714 2403 2769 difﬁcultatem
2452 2714 2533 2768 rei
2578 2711 2753 2766 voluit
2796 2711 3194 2766 demonstrare.
3238 2710 3445 2767 Prono-

1846 2825 1970 2865 tnen
1999 2810 2145 2865 enim
2172 2808 2287 2878 quis
2313 2807 2365 2862 in
2393 2806 2699 2875 Scripturis
2720 2807 2925 2861 sanctis
2966 2822 3075 2860 non
3118 2820 3217 2876 pro
3242 2805 3449 2877 impos-

1840 2901 2016 2967 sibiti,
2069 2899 2167 2955 sed
2221 2914 2319 2969 pro
2354 2888 2561 2953 difﬁcili
2615 2912 2832 2967 semper
2886 2898 3167 2968 accipitur.
3227 2894 3297 2953 Ut
3344 2897 3440 2953 ibi:

1839 2994 2238 3050 Generationem
2283 2997 2393 3065 ejus
2413 2992 2527 3063 quis
2554 2992 2823 3046 enarrabit
2857 2989 2992 3065 (Isa.
3018 3006 3136 3053 LIII,
3168 2990 3262 3062 8)?
3291 2990 3358 3045 Et
3387 2991 3443 3045 in

1841 3088 2050 3159 psalmo
2078 3097 2273 3159 quarto
2302 3086 2517 3142 decimo
2546 3104 2557 3140 :
2587 3084 2833 3149 Domine,
2854 3086 2970 3155 quis
3004 3084 3256 3139 habitabit
3282 3084 3335 3139 in
3365 3095 3447 3140 ta-

126 3177 418 3248 speratur?
448 3174 563 3231 Hoc
583 3183 767 3232 autem
798 3176 953 3245 dicit,
983 3193 1089 3233 non
1118 3179 1262 3249 quod
1292 3180 1531 3235 animam
1586 3189 1737 3250 putet
1764 3180 1808 3241 C
1841 3184 2116 3238 bernaculo
2144 3193 2255 3249 tuo,
2287 3195 2332 3237 et
2358 3184 2415 3236 in
2438 3192 2609 3236 monte
2654 3190 2831 3235 sancto
2859 3189 2945 3233 tuo
2973 3177 3149 3253 (Psal.
3184 3194 3297 3245 xtv,
3356 3179 3440 3253 1),

127 3270 318 3341 perire
347 3284 469 3323 cum
487 3283 740 3338 corpore,
771 3270 853 3325 vel
881 3286 1044 3324 unum
1064 3270 1259 3326 bestiis
1282 3283 1334 3326 ct
1361 3271 1572 3326 homini
1589 3288 1733 3342 prae-

130 3363 317 3434 parari
348 3362 553 3429 locum,
584 3362 681 3416 sed
726 3364 871 3433 quod
899 3371 1025 3418 ante
1047 3362 1341 3419 adventum
1373 3364 1579 3419 Christi
1610 3380 1732 3420 om-

134 3457 223 3510 nia
266 3454 283 3492 ί
316 3454 384 3509 ad
412 3454 616 3510 inferos
661 3455 865 3525 pariter
917 3455 1273 3512 ducerentur.
1299 3456 1456 3513 Unde
1487 3467 1541 3513 et
1564 3457 1736 3513 Jacoh

131 3549 200 3603 ad
220 3547 427 3603 inferos
448 3548 838 3604 descensurum
856 3565 915 3605 se
936 3551 1068 3606 dicit
1089 3549 1245 3623 (Gen.
1269 3568 1473 3618 xxxvii,
1501 3554 1730 3626 etxuv).

131 3639 201 3694 Et
230 3638 338 3693 Job
381 3639 502 3709 pios
526 3650 581 3695 et
604 3641 799 3710 impios
831 3642 885 3697 in
915 3642 1130 3698 inferno
1178 3645 1427 3715 queritur
1472 3646 1733 3701 retentari

130 3729 280 3802 (Job.
336 3747 412 3786 vlt
440 3741 489 3786 et
515 3734 675 3803 xvtt).
731 3734 797 3788 Et
822 3733 1209 3805 Evangelium,
1255 3737 1425 3791 chaos
1472 3753 1731 3805 magnum

128 3824 516 3895 interpositmn
538 3826 682 3897 apud
711 3825 937 3893 inferos,
967 3837 1021 3882 et
1052 3829 1324 3883 Abraham
1354 3845 1478 3885 cum
1504 3829 1731 3895 Lazaro,

128 3937 179 3979 et
215 3925 441 3978 divitem
476 3923 531 3978 in
570 3924 851 3992 suppliciis
903 3940 1025 3979 esse
1058 3934 1291 3980 testatur
1316 3926 1471 3997 (Luc.
1496 3923 1631 3995 xu).
1665 3925 1733 3980 Et

130 4025 654 4086 revera,antequam
677 4013 982 4070 ﬂammeam
1028 4017 1173 4071 illam
1211 4028 1406 4085 rotam,
1442 4029 1496 4074 et
1520 4021 1733 4089 igneam

129 4109 489 4178 romphaiam,
513 4116 567 4162 et
596 4106 830 4176 paradisi
858 4106 1005 4160 fores
1050 4105 1301 4163 Christus
1347 4125 1468 4164 cum
1519 4113 1734 4166 latrone

128 4212 430 4269 reseraret,
455 4202 641 4256 clausa
669 4209 827 4254 erant
858 4200 1131 4265 C(Blestia,
1155 4214 1209 4255 et
1236 4204 1489 4271 spiritum
1517 4206 1735 4273 pecoris

130 4292 477 4364 hominisque
504 4290 733 4361 aequalis
756 4289 937 4344 vilitas
961 4290 1293 4344 coarctabat.
1326 4292 1397 4347 Et
1426 4294 1550 4348 licet
1585 4294 1731 4349 aliud

203 4519 229 4547 λ
272 4509 630 4567 Ιὶεειίιυῑιηιις
691 4521 879 4561 vocem
912 4507 1010 4576 ﬁlii
1037 4521 1105 4561 ex
1136 4503 1337 4559 nostris
1369 4520 1499 4561 mss.
1558 4516 1720 4577 atque
1748 4516 1800 4575 ι)

129 4581 292 4637 editis
320 4592 447 4636 ante
479 4579 877 4641 Martianteum,
905 4579 994 4647 qui
1022 4579 1166 4630 illam
1194 4578 1475 4643 omiserat,
1509 4577 1680 4631 libris.

200 4653 410 4717 —Quw
451 4650 636 4705 Sit-ach
682 4651 992 4703 inscribitur.
1031 4647 1174 4702 Editi
1218 4647 1337 4701 libri
1365 4664 1479 4717 quae
1507 4648 1607 4718 ﬁlii
1638 4650 1725 4703 Si-

129 4724 253 4776 rach
280 4723 597 4782 inscribitur,
629 4721 722 4775 sed
751 4721 924 4775 inulto
953 4720 1136 4774 verius
1168 4720 1219 4773 in
1254 4734 1384 4772 mss.
1415 4721 1722 4783 codicibus,

132 4811 248 4861 quia
280 4791 467 4850 Sirach
493 4794 807 4846 inscribitur.
837 4792 972 4845 Nam
1003 4790 1147 4859 apud
1186 4790 1541 4859 Septuaginta
1588 4792 1728 4845 liber

134 4860 506 4937 Ecclesiastici
555 4864 869 4937 inscribitur
906 4865 1055 4937 Σοφίᾳ
1092 4866 1310 4937 Σείραχ,
1346 4862 1600 4937 sapientia
1616 4860 1725 4937 _Si-

132 4936 275 4989 rach.
320 4936 491 5006 Syrus
523 4946 706 4989 tamen
735 4930 1015 5003 lnterprés
1045 4930 1354 5006 hat-c'bahet
1387 4930 1581 4985 {Liber
1600 4930 1729 5006 Jesu

139 5008 233 5073 ﬁlii
258 5002 518 5063 Siniconis
550 5006 741 5070 Astra;
772 5002 1010 5076 idemque
1048 5002 1179 5057 liber
1218 5013 1431 5058 vocatur
1470 5005 1734 5072 sapientia

136 5076 230 5145 ﬁlii
253 5080 426 5132 Asiro.
458 5078 721 5132 Murrum.

208 5147 232 5221 ξ)
277 5149 448 5221 Vatic.
468 5153 709 5221 jumenta
737 5147 814 5200 bis
861 5158 1001 5221 sunt.
1031 5147 1172 5221 Olim
1205 5154 1340 5211 erat,
1370 5154 1428 5198 ut
1470 5146 1732 5213 ostendat,

138 5219 256 5286 quia
281 5220 380 5292 i_psi
405 5218 644 5292 juinenta
669 5228 806 5277 sunt.
840 5218 946 5292 sive
972 5220 1116 5292 quia,
1158 5230 1265 5271 etc.

210 5289 349 5343 —Et
374 5288 427 5344 ut
441 5293 741 5351 ostenderet,
760 5290 881 5359 quia
906 5290 1029 5357 ipsi.
1056 5288 1485 5357 Corruptissime
1510 5288 1598 5342 hic
1619 5298 1736 5343 tex-

143 5368 227 5413 tus
255 5362 449 5431 legitur
479 5363 530 5415 in
574 5361 739 5415 editis
785 5371 945 5415 antea
991 5361 1140 5415 libris
1176 5360 1243 5412 ad
1284 5359 1429 5431 hunc
1462 5359 1682 5413 modum
1717 5377 1730 5413 :

143 5431 260 5499 quia
284 5430 492 5499 separat
522 5432 643 5486 illos
668 5431 826 5494 Deus,
852 5440 906 5484 ut
938 5431 1196 5494 ostendat,
1221 5430 1343 5499 quia
1369 5431 1471 5498 ipsi
1496 5434 1737 5502 jumenta

145 5512 262 5554 sunt
292 5518 310 5555 :
332 5504 435 5557 sive
461 5504 580 5564 quia
611 5513 839 5567 eventus,
870 5512 978 5557 etc.
1005 5503 1271 5557 Maurus.

219 5584 239 5608 ο
288 5572 431 5629 Idem
468 5573 643 5627 Vatic.
670 5588 789 5627 cuin
815 5573 1065 5629 Palatino
1094 5571 1329 5627 secunda
1373 5587 1559 5639 manu,
1590 5588 1740 5629 even-

153 5650 232 5694 tus
258 5660 390 5698 unus
413 5645 655 5699 omnibus
678 5645 769 5698 eis.

150 5776 179 5836 le
220 5716 261 5839 (ιι
286 5713 363 5773 Ita
392 5716 521 5773 Mss.
557 5716 622 5769 ad
656 5714 915 5771 Graecum
940 5720 1030 5771 Καὶ
1055 5719 1154 5776 τίς.
1182 5715 1355 5771 Antea
1387 5717 1579 5773 vocula
1592 5716 1747 5774 etde-

183 5797 237 5839 ra
270 5819 280 5837 .

183 5797 280 5839 PaL

1840 3285 1896 3332 et
1924 3286 2146 3342 caetera,
2177 3290 2298 3345 qua:
2327 3282 2651 3345 sequuntur.
2680 3273 2749 3327 Et
2774 3272 2828 3327 in
2854 3271 3113 3337 Ieremia,
3156 3272 3290 3327 licet
3318 3280 3342 3317 κ
3386 3271 3443 3327 in

1841 3369 2071 3425 Hebraeo
2094 3371 2253 3425 aliter
2283 3369 2354 3423 sit
2384 3386 2397 3422 ε
2422 3366 2494 3421 Et
2521 3365 2673 3421 homo
2696 3374 2798 3430 est,
2816 3365 2995 3433 etquis
3021 3374 3294 3437 cognoscet
3322 3381 3440 3419 eum

1837 3461 2056 3535 (Jerem.
2088 3476 2222 3524 xvu,
2256 3459 2350 3530 9)?
2382 3458 2527 3514 lnter
2555 3455 2988 3525 hominesigitur
3014 3466 3071 3510 et
3091 3456 3293 3510 bestias
3324 3456 3442 3511 haec

1840 3557 1954 3612 sola
1986 3562 2072 3609 est
2099 3553 2431 3619 differentia,
2462 3550 2607 3622 quod
2656 3550 2881 3618 spiritus
2912 3546 3155 3601 hominis
3192 3546 3443 3602 ascendit

1845 3652 1896 3705 in
1924 3649 2144 3714 caelum,
2173 3656 2228 3703 et
2254 3647 2481 3717 spiritus
2504 3645 2737 3716 jumenti
2790 3640 3076 3697 descendit
3116 3641 3169 3696 in
3212 3649 3439 3709 terram,

1843 3753 2047 3799 etcum
2088 3755 2257 3796 carne
2309 3735 2745 3793 dissolviturzsi
2807 3744 2988 3790 tamen
3042 3735 3202 3805 hujus
3248 3735 3327 3789 rei
3362 3735 3446 3790 vir

1840 3836 2036 3905 aliquis
2064 3831 2489 3889 Ecclesiasticus
2515 3839 2571 3885 et
2597 3827 2907 3897 disciplinis
2947 3827 3267 3882 ctelestibus
3310 3841 3443 3882 eru-

1843 3928 2010 3989 ditus.
2030 3933 2086 3980 et
2114 3926 2268 3995 quasi
2295 3923 2473 3977 dubiae
2504 3922 2583 3977 rei
2612 3930 2793 3976 certus
2815 3927 3056 3973 assertor
3083 3918 3175 3973 sit.
3202 3917 3329 3973 llaac
3355 3918 3444 3974 in-

1844 4020 2005 4074 terim
2033 4021 2187 4087 juxta
2210 4018 2471 4072 litteram.

1914 4111 2190 4178 Quantum
2211 4118 2392 4164 autem
2425 4108 2492 4161 ad
2521 4106 2859 4178 spiritualem
2885 4102 3292 4173 intelligentiam
3318 4119 3442 4174 per-

1843 4204 1978 4259 tinet
2003 4222 2014 4256 :
2043 4202 2301 4268 Quoniam
2327 4200 2558 4254 homines
2582 4240 2598 4267 ,
2623 4209 2670 4253 et
2683 4200 2925 4267 jumenta
2937 4194 3109 4249 salvos
3141 4195 3293 4266 faciet
3323 4195 3436 4252 Do-

1844 4293 2198 4367 minus(Psal.
2223 4309 2402 4360 xxxv,
2436 4294 2527 4362 7);
2558 4301 2612 4347 et
2644 4292 2695 4345 in
2726 4290 2833 4344 alio
2856 4290 3017 4344 loco:
3054 4287 3120 4344 Ut
3141 4292 3441 4362 jumentum

1904 4518 1927 4545 θ
1963 4509 2258 4564 Secundum
2301 4505 2531 4573 corporis
2570 4504 2841 4559 vilitatem.
2866 4500 3129 4558 Mendose
3166 4500 3300 4557 item
3349 4501 3436 4558 le-

1831 4590 1994 4651 gunt,
2024 4581 2304 4634 secundum
2340 4578 2574 4644 corporis
2609 4574 2915 4651 qualitatem
2952 4593 2964 4627 :
2995 4588 3117 4629 cum
3151 4588 3218 4651 ex
3249 4573 3436 4651 verbis

1831 4644 2579 4723 coitsequentihusappareat
2609 4644 3000 4718 Hieronymum
3028 4646 3283 4716 posuisse
3322 4644 3443 4698 vili-

1834 4729 1990 4773 tatem
2017 4737 2127 4775 non
2162 4719 2485 4790 qualitatem.
2512 4719 2785 4790 Mauri/tn.

1910 4790 1928 4828 ί
1971 4785 2625 4845 (Ζοιιιέιν’(ὶοπιιηειιιειιῑοε
2655 4790 2707 4842 in
2733 4788 2873 4843 Osee
2900 4802 3021 4855 cap.
3058 4786 3145 4840 15.
3170 4785 3433 4855 Sanctum

1832 4877 2048 4932 quoque
2081 4861 2441 4932 Augustinum
2465 4860 2534 4915 de
2556 4859 2769 4932 Genes.
2792 4859 2857 4932 ad
2879 4853 3051 4910 litJL.
3074 4858 3208 4932 8._c.
3237 4859 3291 4932 ἦ.
3320 4853 3436 4932 {Vo-

1835 4925 1931 4998 bis,
1962 4925 2141 5001 inquit
2169 4925 2494 4986 Tertullian.
2529 4932 2625 4984 lib.
2652 4929 2725 5001 de
2744 4928 3093 5001 Animaucap.
3128 4925 3218 4982 51.
3251 4927 3432 5001 inferi,

1842 4996 1945 5057 non
1975 4996 2118 5057 nuda
2139 5003 2413 5067 cavositas,
2462 5018 2553 5055 nec
2598 4996 2881 5054 snbdivalis
2910 4997 3293 5067 aliquagmundi
3320 5013 3435 5050 sen-

1843 5076 1952 5129 tina
1973 5076 2257 5129 crrduntur
2284 5090 2301 5124 :
2332 5065 2422 5127 sed
2448 5074 2501 5127 in
2529 5075 2669 5143 fossa
2701 5080 2866 5134 terra},
2903 5080 2951 5124 et
2977 5065 3031 5123 in
3056 5065 3163 5143 alto
3187 5069 3422 5133 vastitas,

1840 5157 1886 5199 et
1917 5148 2119 5217 inipsis
2145 5145 2424 5200 visceribus
2446 5139 2554 5217 ejus
2584 5139 3219 5217 obstrusa__profunditas.

1914 5228 1939 5265 ες
1966 5213 2106 5271 Licet
2126 5218 2179 5270 in
2204 5217 2427 5271 Hebra'o
2455 5213 2608 5268 aliter
2632 5216 2719 5268 sit.
2746 5214 2800 5266 In
2816 5213 3147 5267 Hebrseoest
3164 5219 3267 5270 mn
3292 5218 3454 5273 mm,

1843 5304 2064 5343 veanusc
2093 5288 2185 5348 hu.
2219 5299 2265 5343 et
2300 5286 2631 5341 incrustabile
2665 5287 2860 5353 ipsum,
2890 5284 3007 5338 sive
3032 5293 3087 5337 et
3116 5284 3328 5336 anxium
3356 5286 3440 5345 ip-

1842 5378 1976 5424 sum,
2012 5360 2064 5414 id
2092 5372 2196 5423 est,
2218 5375 2305 5413 cor
2331 5361 2577 5413 omnium.
2602 5357 2956 5423 Septuaginta
2986 5364 3167 5409 autem
3199 5368 3297 5422 pro
3315 5361 3439 5412 tvm

1843 5449 2023 5496 anusc,
2046 5432 2301 5499 legebant
2325 5447 2466 5494 enos,
2483 5428 2625 5499 quod
2650 5427 2912 5481 hominem
2940 5426 3233 5496 signiﬁcat,
3265 5427 3435 5492 unde,

1849 5502 1913 5557 Et
1940 5504 2095 5559 homo~
2122 5513 2219 5557 est.
2252 5502 2517 5557 Maurum.

1916 5604 1987 5617 —
2016 5574 2215 5629 Fraudi
2251 5575 2463 5629 luerunt
2488 5580 2595 5631 τοῖς
2621 5567 2763 5624 LXX
2791 5569 2994 5623 eaedem
3024 5569 3075 5622 in
3096 5568 3325 5622 Hebraeo
3346 5566 3438 5620 lit-

1846 5656 2010 5711 terae,
2070 5647 2264 5717 quibus
2308 5652 2364 5699 et
2410 5645 2596 5707 homo,
2654 5650 2711 5696 et
2752 5639 3036 5695 incurabile
3080 5640 3207 5710 quid
3260 5638 3435 5695 deno-

1842 5727 2007 5774 tatur.
