4010 6308
583 272 722 325 “HS

576 401 721 446 sum,
775 383 976 449 inquit,
1024 379 1166 446 apud
1203 387 1278 440 te,
1328 386 1374 429 et
1405 392 1498 446 ego
1546 392 1741 446 semper
1784 384 1947 428 tecum
1992 371 2168 442 (Psal.
2201 373 2252 431 Α

576 490 756 533 Lxxn,
790 471 919 542 23):
953 480 1006 523 et
1038 472 1090 522 in
1115 469 1370 524 omnibus
1395 467 1676 537 prophetis
1698 468 1978 532 homines,
2004 474 2058 519 et
2082 479 2174 534 pe-

575 582 702 620 cora
751 566 804 618 in
835 563 1133 618 Jerusalem
1180 561 1438 616 salvanda
1488 559 1595 630 [ΑΙ.
1631 557 1855 630 salvata]
1887 559 2170 624 dicuntur,

575 671 626 713 et
663 657 872 725 impleri
911 665 1108 711 terram
1143 663 1169 693 ι
1201 653 1648 723 repromissionis
1678 653 1968 722 pecoribus
1997 663 2044 706 et
2080 666 2171 704 ar-

576 753 807 814 mentis;
838 751 958 821 quis
996 750 1101 803 scit
1131 791 1142 812 ,
1176 756 1357 802 utrum
1388 757 1611 801 sanctus
1637 789 1650 811 ,
1683 746 1774 815 qui
1805 746 2042 799 hominis
2079 760 2174 814 ap-

574 844 874 914 pellatione
898 843 1095 909 dignus
1116 853 1228 907 est,
1260 839 1516 894 aScendat
1548 842 1600 894 in
1638 841 1837 895 cmlum
1861 880 1875 902 ,
1905 849 1957 894 et
1991 848 2172 892 utrum

577 945 868 1007 peccator,
899 936 990 1005 qui
1011 936 1316 1004 jumentum
1350 943 1574 985 vocatur
1603 973 1616 996 ,
1648 931 1947 985 descendat
1980 932 2031 984 in
2066 940 2177 985 ter—

576 1026 741 1081 ram?
775 1024 917 1079 Fieri
947 1025 1088 1078 enim
1123 1031 1300 1092 potest
1342 1037 1442 1092 pro
1489 1023 1700 1076 incerto
1724 1023 1847 1075 vita;
1892 1021 2086 1092 hujus,
2115 1031 2176 1076 et

582 1120 793 1174 lubrico
821 1126 998 1184 statu,
1032 1126 1090 1172 ut
1111 1127 1167 1172 et
1194 1117 1376 1183 justus
1397 1117 1690 1182 concidat,
1712 1126 1769 1172 et
1806 1130 2059 1186 peccator
2082 1134 2175 1173 ex-

581 1222 786 1283 surgat,
825 1221 880 1268 et
911 1227 1318 1280 nonnumquam
1346 1212 1567 1277 evenit,
1595 1220 1652 1264 ut
1683 1211 2088 1277 rationabilior,
2121 1221 2177 1267 et

577 1304 822 1358 eruditus
861 1304 913 1357 in
961 1303 1258 1371 Scripturis
1284 1343 1297 1366 ,
1344 1300 1369 1340 ιι
1412 1301 1463 1356 id
1506 1311 1622 1366 est,
1674 1301 1879 1369 homo,
1920 1317 2024 1355 non
2070 1303 2177 1356 cir-

580 1406 896 1465 cumspecte
917 1439 930 1461 ,
963 1404 1020 1450 et
1042 1404 1102 1449 ut
1130 1394 1352 1448 scientia
1385 1408 1481 1448 sua
1515 1393 1735 1462 dignum
1763 1401 1880 1459 est,
1915 1394 2093 1460 vivat,
2123 1403 2178 1449 et

576 1489 875 1543 deducatur
902 1487 966 1541 ad
1010 1486 1256 1551 inferos,
1287 1496 1343 1541 et
1383 1486 1685 1556 simplicior
1734 1489 1967 1556 quisque
2010 1496 2178 1556 atque

579 1583 837 1637 rnsticior
861 1623 874 1647 ,
898 1583 986 1649 qui
1014 1580 1322 1649 jumentum
1342 1578 1580 1634 hominis
1600 1582 2014 1647 comparatione
2029 1579 2178 1633 dica-

579 1686 668 1728 tur
695 1716 708 1738 ,
741 1673 934 1728 melius
967 1673 1106 1726 vivat
1133 1715 1146 1738 ,
1181 1683 1236 1728 et
1264 1672 1528 1742 martyrio
1558 1684 1891 1737 coronetur,
1926 1687 1989 1727 ac
2021 1688 2179 1743 para—

581 1765 686 1819 disi
721 1767 789 1818 sit
815 1766 1063 1819 colonus.

656 1858 725 1912 Et
752 1859 882 1923 vidi,
913 1861 1034 1928 quia
1049 1876 1149 1913 non
1169 1868 1242 1912 est
1257 1859 1446 1912 bonum
1466 1900 1479 1923 ,
1504 1858 1607 1912 nisi
1630 1857 1769 1928 quod
1797 1858 2000 1912 (tutetur
2025 1859 2180 1913 homo

581 1956 636 2008 in
661 1969 814 2024 apere
840 1970 966 2016 suo,
1000 1955 1122 2025 quia
1146 1955 1252 2007 haec
1283 1961 1357 2006 est
1387 1969 1509 2024 pars
1525 1954 1661 2022 ejus.
1697 1952 1823 2018 Quis
1844 1953 1978 2006 enim
2005 1952 2179 2005 addu-

585 2065 661 2107 cet
699 2071 811 2107 eum
831 2097 845 2120 ,
875 2064 930 2108 ut
956 2056 1124 2108 videat
1149 2057 1204 2108 id
1225 2098 1238 2120 ,
1266 2056 1406 2127 quod
1451 2059 1687 2126 futurum
1733 2068 1806 2110 cst
1835 2067 1949 2125 post
1975 2058 2184 2130 ipsum?

585 2144 750 2218 418
778 2146 881 2201 Pro
907 2148 1134 2219 ecquod
1179 2163 1278 2202 nos
1310 2148 1591 2218 posuimus
1618 2166 1628 2201 :
1668 2147 1734 2203 Ut
1769 2151 1936 2203 rideat
1965 2150 2018 2202 id
2046 2149 2184 2219 quod

586 2240 821 2314 futurum
865 2251 940 2292 est
982 2249 1093 2307 post
1125 2241 1334 2311 ipsum,
1384 2239 1626 2310 apertius
1677 2240 2064 2308 interpretatus
2101 2250 2185 2295 est

583 2330 946 2402 Symmachus
970 2378 984 2400 ,
1021 2333 1250 2388 dicens:
1280 2332 1348 2387 Ut
1371 2333 1541 2387 videat
1567 2349 1628 2386 ea
1661 2344 1684 2371 ο
1713 2349 1830 2404 qua!
1863 2338 2041 2404 futura
2068 2344 2186 2388 sunt

587 2433 700 2494 post
749 2425 877 2477 lucc.
914 2424 1054 2478 Nihil
1100 2434 1184 2479 est
1225 2440 1354 2495 ergo
1385 2425 1588 2479 bonum
1637 2425 1688 2479 in
1721 2427 1829 2479 vita
1886 2423 1986 2478 ista
2017 2467 2030 2489 ,
2081 2424 2184 2478 nisi

584 2517 726 2585 quod
756 2518 970 2572 laetatur
999 2517 1162 2572 homo
1201 2519 1250 2571 in
1287 2533 1452 2587 Opere
1487 2533 1586 2572 suo
1607 2560 1619 2581 ,
1652 2517 1856 2571 faciens
1889 2519 2188 2587 eleemosy-

588 2625 746 2675 nam,
790 2619 848 2664 et
897 2609 1105 2664 futuros
1140 2611 1241 2664 sibi
1277 2612 1562 2665 thesauros
1601 2612 1654 2663 in
1706 2625 1874 2678 regno
1920 2609 2186 2663 ccelorum

589 2719 926 2774 praeparans.
961 2703 1110 2757 lianc
1137 2704 1312 2757 solam
1353 2702 1616 2756 habemus
1661 2703 1996 2769 portionem,
2029 2715 2189 2770 quam

593 2812 696 2850 nec
736 2799 819 2848 tur
857 2811 959 2850 nec
1007 2799 1141 2850 latro
1166 2798 1345 2861 valet,
1398 2811 1497 2850 nec
1553 2807 1816 2864 tyrannus
1844 2794 2057 2848 auferre
2083 2835 2096 2857 ,
2136 2803 2192 2847 et

588 2901 708 2949 qua:
738 2900 834 2938 nos
864 2894 985 2954 post
1011 2895 1238 2940 mortem
1266 2895 1542 2955 sequatur.
1567 2884 1678 2939 Nec
1700 2884 1844 2938 enim
1875 2897 2188 2953 possumus,

594 2993 718 3030 eum
749 2979 863 3029 huic
897 2979 1003 3031 vita
1037 2978 1196 3031 luerit
1222 2979 1486 3032 dissoluta
1515 3020 1529 3044 ,
1567 2993 1784 3032 rursum
1812 2977 2014 3030 nostris
2042 2976 2192 3030 labo-

595 3068 745 3120 ribus
773 3067 978 3137 perfrui
1005 3111 1019 3133 ,
1052 3078 1146 3123 aut
1174 3070 1348 3134 seire,
1391 3085 1512 3138 quze
1539 3069 1718 3123 futura
1757 3069 1869 3122 sint
1901 3069 1954 3122 in
1991 3068 2193 3122 mundo

1839 258 1897 313 S.
1942 253 2213 312 EUSEBII
2254 251 2553 310 ιιιειιοιιι
2565 253 2634 308 Ill

3743 247 3884 305 ιυιι

2350 370 2508 443 (Cap.
2535 370 2649 440 IV).
2679 368 2744 422 Et
2771 387 3046 424 conversus
3080 379 3103 408 ο
3133 387 3246 422 sum
3270 387 3391 441 ego,
3418 377 3466 424 et
3483 369 3588 422 ridi
3612 367 3881 422 universes

2273 464 2563 518 calumnias
2590 505 2606 530 ,
2651 479 2767 534 qua!
2797 465 2926 533 ﬁunt
2957 463 3051 516 sub
3080 464 3189 518 sole
3216 506 3230 526 ,
3273 474 3320 516 et
3349 478 3466 517 ecce
3514 462 3773 532 locrylsae
3802 478 3883 514 eo-

2273 574 2391 611 rum
2415 601 2427 614 .
2459 558 2548 627 qui
2577 558 2890 609 calumniam
2917 557 3200 621 sustinent,
3225 565 3273 608 et
3302 571 3405 609 non
3429 565 3506 609 est
3523 555 3618 626 qui
3646 552 3884 607 console-

2276 661 2361 704 tur
2385 668 2488 715 eos,
2521 661 2567 704 et
2589 652 2644 703 in
2674 633 2906 702 manibus
2932 648 3361 703 calumniantium
3384 665 3469 702 eos
3497 647 3763 717 fortitudo
3793 663 3814 700 :
3835 657 3883 700 et

2277 761 2377 798 non
2410 753 2485 796 est
2516 745 2586 796 eis
2611 742 3078 797 consolator.Post
3117 744 3254 796 hanc
3280 742 3681 810 cogitationem
3709 740 3728 776 τ
3760 740 3882 794 illuc

2279 846 2516 890 mentem
2551 850 2726 889 meam
2774 834 3072 903 oculosque
3102 834 3381 900 converti,
3414 841 3474 886 ut
3508 831 3760 886 viderem
3791 846 3881 886 ca-

2281 928 2671 991 Iumniaturcs,
2702 936 2757 979 et
2787 925 3115 979 calumniam
3139 925 3501 978 sustinentes.
3539 924 3608 976 Et
3633 938 3766 977 ecce
3797 922 3878 990 hi,

2279 1023 2372 1092 qui
2416 1021 2613 1090 injuste
2642 1035 2669 1072 a
2701 1019 3101 1090 potentioribus
3129 1020 3551 1087 opprimuntur,
3593 1014 3881 1086 lacrymis,

2279 1131 2414 1187 quas
2445 1115 2618 1168 solum
2650 1113 2850 1167 habere
2883 1112 2934 1165 in
2974 1112 3374 1167 calamitatibus
3417 1111 3579 1174 licet,
3624 1113 3702 1166 rei
3745 1109 3880 1164 imi-

2280 1209 2424 1261 diam
2457 1213 2826 1274 protestantes
2851 1245 2865 1269 ,
2895 1203 3304 1257 consolatorem
3333 1217 3444 1256 non
3487 1213 3701 1272 queunt
3729 1215 3878 1271 repe-

2281 1301 2409 1355 rire.
2445 1309 2469 1348 δ
2506 1300 2567 1352 Et
2599 1313 2708 1368 quo
2741 1298 2915 1366 major
2957 1297 3180 1350 miseria
3227 1296 3332 1359 sit,
3375 1305 3431 1350 et
3472 1295 3881 1352 inconsolabilis

2279 1393 2466 1457 dolor,
2509 1391 2937 1445 calumniatores
2966 1390 3152 1442 vident
3198 1389 3252 1442 in
3283 1388 3398 1444 suis
3439 1386 3463 1424 δ
3495 1388 3882 1457 iniquitatibus

2282 1487 2559 1542 fortiores.
2593 1487 2659 1541 Et
2689 1489 2804 1539 haec
2836 1494 2920 1538 est
2957 1499 3117 1538 causa
3137 1524 3152 1550 ,
3183 1483 3327 1552 quod
3355 1500 3465 1536 non
3503 1483 3726 1538 valeant
3754 1498 3884 1537 cost-

2281 1581 2468 1635 solari.
2499 1581 2718 1635 Plenius
2759 1578 2903 1633 hunc
2932 1580 3107 1632 locum
3144 1579 3197 1632 in
3231 1579 3440 1646 psalmo
3464 1579 3883 1649 septuagesimo

2281 1672 2524 1727 secundo
2557 1671 2746 1736 David,
2775 1680 2830 1726 et
2856 1672 3121 1726 Jeremias
3151 1672 3203 1724 in
3237 1685 3336 1724 suo
3371 1671 3646 1725 volumine
3671 1682 3684 1708 ι
3716 1686 3882 1727 exse-

2214 1764 2260 1824 B
2286 1774 2548 1834 quuntur.

2355 1857 2520 1930 419
2540 1856 2606 1910 Et
2633 1858 2842 1912 laudavi
2863 1874 2956 1928 ego
2982 1867 3211 1910 ntortuos
3233 1899 3247 1923 ,
3271 1858 3354 1928 qui
3373 1861 3480 1930 jam
3510 1858 3701 1910 mortui
3721 1867 3880 1925 sunt,

2284 1971 2439 2022 super
2467 1957 2684 2008 viventes
2713 1955 3019 2023 quicumque
3062 1953 3166 2020 ipsi
3203 1953 3377 2006 vivunt
3416 1967 3568 2021 usque
3613 1967 3773 2004 nunc.
3813 1949 3884 2006 Et

2286 2051 2467 2103 melior
2493 2065 2647 2116 super
2680 2049 2770 2101 hos
2806 2048 2938 2100 duos
2959 2089 2972 2112 ,
3006 2049 3095 2116 qui
3143 2047 3372 2099 nondum
3417 2057 3567 2099 natus
3593 2054 3702 2110 est,
3735 2045 3827 2113 qui
3863 2045 3876 2094 ι

2284 2143 2516 2196 nondum
2548 2142 2675 2194 vidit
2704 2157 2836 2211 opus
2866 2139 3093 2205 malum,
3127 2139 3268 2210 quod
3297 2146 3489 2208 [actum
3521 2147 3596 2191 est
3620 2137 3714 2190 sub
3753 2136 3882 2190 sole.

2287 2235 2368 2289 Ad
2393 2234 2851 2304 comparationem
2884 2233 3255 2292 miseriarum,
3291 2246 3414 2300 quze
3448 2230 3500 2284 in
3530 2231 3637 2284 hoc
3684 2229 3886 2282 SlBClIIO

2288 2327 2545 2380 mortales
2568 2335 2848 2395 premunt,
2871 2324 3151 2378 feliciores
3167 2323 3405 2392 judicavi
3429 2331 3704 2386 mortuos,
3727 2335 3886 2390 quam

2289 2420 2529 2474 viventes
2550 2460 2564 2484 ,
2593 2417 2887 2472 secundum
2925 2415 3060 2470 illud
3088 2415 3188 2469 Job
3216 2415 3283 2468 de
3317 2412 3504 2468 inferis
3528 2413 3886 2482 disputantis.

2292 2511 2375 2566 lbi
2398 2513 2754 2582 requievernnt
2778 2511 2908 2564 lassi
2938 2523 3155 2577 corpore
3184 2549 3199 2573 ,
3227 2523 3340 2560 cum
3367 2507 3446 2561 Itis
3475 2509 3566 2577 qui
3593 2505 3751 2560 vincti
3780 2505 3892 2574 [ue-

2291 2617 2429 2670 rant,
2457 2610 2572 2678 jam
2594 2603 2758 2658 securi
2780 2645 2795 2667 ,
2821 2619 2923 2654 non
2945 2603 3212 2655 audientes
3258 2615 3430 2653 uocem
3479 2599 3741 2654 exactoris
3770 2596 3888 2665 (Job

2292 2711 2348 2748 ιιι
2379 2737 2390 2757 ,
2421 2693 2485 2749 17
2517 2706 2562 2748 et
2590 2694 2702 2763 l8).
2737 2693 2928 2747 Melior
2949 2701 3135 2746 autem
3161 2702 3247 2745 est
3280 2692 3364 2744 his
3395 2691 3642 2752 duobus.
3671 2691 3889 2744 vivente

2292 2790 2547 2844 videlicet
2585 2799 2638 2843 et
2664 2789 2959 2851 defuncto,
3001 2789 3092 2856 qui
3135 2787 3368 2841 necdum
3409 2797 3570 2840 natus
3596 2794 3704 2840 est.
3737 2785 3892 2839 Alius

2291 2884 2436 2938 enim
2483 2883 2660 2936 adhuc
2690 2882 2826 2936 mala
2862 2882 3093 2951 patitur,
3127 2880 3269 2933 alius
3302 2881 3457 2949 quasi
3505 2879 3574 2934 de
3612 2879 3892 2949 naufragio

2295 2974 2471 3030 nudus
2515 2975 2708 3028 evasit.
2746 2975 2914 3027 Porro
2938 2975 3029 3042 qui
3059 2975 3292 3026 necdum
3323 2985 3484 3026 natus
3503 2982 3613 3035 est,
3644 2973 3700 3026 in
3731 2988 3802 3027 eo
3818 2972 3895 3026 fe-

2296 3065 2456 3135 licior
2473 3075 2555 3119 est
2575 3107 2587 3129 ,
2616 3065 2760 3135 quod
2789 3066 3020 3119 necdum
3053 3065 3194 3118 mala
3251 3065 3438 3119 mundi
3466 3074 3732 3134 expertus
3783 3076 3891 3120 est.

597 3169 802 3225 postea.
838 3159 1011 3214 Aliter
1038 3160 1350 3230 :Superiori
1377 3177 1561 3216 errore
1604 3163 1886 3226 turbatus,
1915 3162 2058 3230 quod
2090 3176 2190 3231 pu-
2215 3142 2261 3205 (Ζ
2299 3161 2320 3200 ιι
2358 3164 2470 3216 lloc
2495 3173 2676 3216 autem
2705 3162 2868 3226 dicit,
2900 3177 3005 3214 non
3039 3159 3181 3230 quod
3205 3160 3299 3230 qui
3322 3158 3555 3214 necdum
3592 3170 3751 3214 natus
3779 3171 3892 3225 est,

596 3264 764 3306 tarem
800 3254 941 3306 inter
980 3254 1228 3305 homines
1257 3266 1309 3307 et
1360 3255 1560 3308 besuas
1603 3253 1732 3307 nihil
1778 3255 2076 3320 interesse,
2135 3256 2187 3309 in

596 3348 733 3400 hanc
762 3349 1086 3400 sententiam
1124 3361 1282 3415 prava
1311 3347 1569 3414 opinione
1599 3346 1623 3388 ἀ
1655 3347 1923 3402 deductus
1946 3363 2095 3413 sunt,
2131 3359 2192 3403 ut

597 3441 728 3494 nihil
763 3441 907 3494 aliud
943 3441 1068 3494 boni
1118 3441 1392 3503 dicerem,
1441 3441 1542 3494 nisi
1586 3453 1910 3508 prazscntem
1960 3456 2192 3510 carpere

594 3536 945 3603 voluptatem.
981 3533 1166 3602 Neque
1198 3533 1344 3587 enim
1371 3550 1491 3586 cum
1517 3534 1687 3586 semel
1720 3548 1819 3587 nos
1845 3533 2193 3588 dissolvisset

594 3628 876 3692 interitus,
934 3642 1095 3696 posse
1128 3627 1214 3680 bis
1247 3627 1478 3694 perfrui,
1511 3643 1539 3680 a
1574 3627 1770 3696 quibus
1809 3627 2192 3683 recederemus

591 3723 807 3791 ingrati.
843 3722 945 3774 Alii
969 3721 1039 3776 de
1067 3721 1169 3775 hoc
1191 3721 1335 3791 quod
1359 3721 1465 3774 ait:
1491 3720 1619 3788 Quis
1643 3721 1778 3773 enim
1805 3720 2027 3774 adducet
2049 3738 2186 3787 eum,

590 3824 646 3866 ut
669 3816 834 3866 rideat
852 3829 914 3866 ea
939 3855 952 3876 ,
983 3829 1096 3883 qua:
1112 3824 1230 3866 sunt
1259 3817 1438 3884 futura
1467 3822 1585 3884 post
1608 3829 1663 3866 se
1683 3854 1696 3872 ,
1730 3813 1796 3866 ad
1838 3814 1984 3866 illam
2019 3815 2184 3870 intel-

595 3905 875 3974 ligentiam
926 3905 1265 3969 retulerunt,
1299 3913 1356 3958 ut
1384 3904 1631 3959 dicerent
1661 3922 1673 3959 :
1706 3903 1891 3959 Melius
1919 3919 2044 3960 esse
2075 3907 2189 3962 suis

597 3998 871 4052 hominem
893 3997 1169 4052 laboribus
1212 3997 1444 4067 perfrui;
1474 3998 1598 4067 quia
1628 3997 1731 4052 hoc
1759 3998 1934 4053 solum
1966 3999 2032 4053 de
2061 4001 2190 4054 sub-

590 4092 788 4144 stantia
821 4105 915 4144 sua
937 4099 1123 4160 posset
1142 4087 1527 4145 auferre.Cum
1549 4105 1695 4146 mors
1722 4093 1952 4162 venerit,
1976 4093 2190 4148 nescire

593 4185 736 4254 quali
770 4185 842 4238 sit
872 4185 1087 4238 luerede
1116 4185 1446 4250 moriturus,
1478 4193 1663 4241 utrum
1691 4185 1886 4257 dignus
1911 4229 1927 4255 ,
1960 4204 2026 4241 an
2052 4187 2192 4243 indl-

587 4295 729 4348 gnus
747 4319 760 4343 ,
794 4279 907 4335 suis
924 4280 1122 4350 opibus
1141 4279 1478 4350 perfruatur.

2296 3267 2420 3312 ante
2450 3256 2520 3310 sit
2551 3269 2714 3326 quam
2771 3265 3058 3318 nascatur,
3090 3262 3142 3307 et
3185 3253 3238 3306 in
3267 3267 3332 3307 eo
3365 3251 3579 3306 felicior
3627 3253 3736 3320 sit,
3769 3254 3892 3321 quia

2296 3348 2528 3404 necdum
2573 3361 2808 3416 corpore
2832 3355 3195 3416 pra-gravatus
3218 3355 3301 3399 est
3334 3343 3462 3398 :scd
3480 3343 3623 3414 quod
3654 3341 3670 3381 ι
3701 3345 3894 3398 melius

2295 3444 2366 3496 sit
2408 3443 2636 3496 omnino
2665 3457 2772 3494 non
2813 3455 2968 3505 esse,
3005 3454 3106 3492 nec
3139 3454 3362 3494 sensum
3395 3437 3599 3492 habere
3639 3438 3894 3492 substan-

2298 3536 2414 3599 tiae,
2436 3549 2600 3603 quam
2635 3531 2929 3586 infeliciter
2956 3530 3037 3583 vel
3070 3544 3231 3595 esse,
3253 3529 3339 3584 vel
3369 3530 3574 3583 vivere.
3609 3528 3892 3595 Quomodo

2297 3636 2352 3682 et
2379 3628 2446 3680 de
2467 3625 2602 3679 Juda
2638 3624 2896 3679 Dominus
2931 3625 3198 3694 loquitur,
3245 3623 3426 3678 futura
3470 3621 3589 3691 ejus
3622 3631 3890 3677 tormenta

2299 3716 2610 3786 signiﬁcans
2644 3730 2659 3769 :
2695 3714 2887 3768 Melius
2911 3725 3021 3769 erat
3048 3730 3151 3768 non
3173 3715 3316 3768 nasci
3339 3715 3534 3767 homini
3552 3714 3634 3767 illi
3670 3713 3886 3785 (Matth.

2300 3827 2444 3876 χχιιι,
2474 3810 2567 3881 24)
2597 3827 2610 3864 :
2648 3807 2794 3880 quod
2824 3809 3017 3862 melius
3044 3809 3092 3863 ei
3135 3807 3301 3862 luerit
3329 3808 3557 3861 omnino
3587 3821 3697 3860 non
3735 3822 3887 3874 esse,

2295 3923 2456 3977 quant
2485 3915 2718 3960 teternos
2747 3903 3023 3957 cruciatus
3051 3900 3289 3972 perpeti.
3333 3899 3440 3954 Alii
3471 3917 3604 3954 vero
3631 3900 3780 3954 hunc
3809 3901 3888 3954 lo-

2294 4019 2417 4059 cum
2448 4004 2518 4056 ita
2548 4001 2890 4070 intelligunt:
2925 3998 3187 4052 Meliores
3211 4010 3333 4051 esse
3359 3994 3610 4050 dicentes
3637 4011 3764 4062 eos,
3793 3994 3888 4064 qui

2298 4096 2491 4152 mortui
2541 4103 2695 4158 sunt,
2729 4093 2797 4147 ab
2828 4092 2915 4146 bis
2944 4092 3033 4160 qtti
3081 4091 3295 4155 vivunt,
3351 4091 3478 4144 licet
3521 4098 3647 4143 ante
3687 4087 3887 4142 fuerint

2295 4201 2636 4262 peccatores.
2671 4186 2929 4242 Viventes
2955 4185 3101 4239 enim
3131 4182 3307 4237 adhuc
3345 4198 3470 4236 esse
3498 4183 3550 4236 in
3582 4183 3796 4252 ιιι-ωηο,
3830 4191 3887 4235 et

2297 4281 2448 4354 quasi
2471 4280 2689 4336 clausos
2717 4275 2966 4348 corporis
2993 4275 3268 4346 ergastulo
3300 4277 3594 4339 retentari;
3627 4273 3714 4341 qui
3747 4286 3887 4328 vero

663 4420 688 4487 fl
736 4412 964 4487 Palatio.
995 4414 1164 4480 alter,
1197 4429 1327 4470 voce
1376 4417 1822 4487 repromissionis,
1871 4426 2137 4487 expuncto
2163 4459 2177 4483 ,
2207 4419 2259 4479 D
2286 4417 2474 4473 dolore
2499 4427 2718 4486 propter
2748 4416 3058 4485 iniquorum
3090 4414 3418 4484 potentiam.
3456 4415 3721 4470 ΜΑιιτιΑιι.

585 4481 867 4555 substituit
891 4487 1129 4538 secunda
1155 4502 1316 4540 manu
1342 4481 1780 4555 pronominibus.

663 4553 689 4592 δ
719 4554 863 4608 Idem
897 4555 1130 4608 Palatio.
1161 4567 1219 4608 ut
1243 4567 1316 4610 est
1339 4553 1514 4610 homo.
1617 4573 1625 4580 '

661 4635 684 4664 α
718 4623 951 4680 Rursum
981 4627 1119 4680 idem
1151 4642 1253 4684 ms.
1291 4627 1361 4683 Ut
1393 4630 1556 4682 rideat
1585 4641 1737 4685 antea
1759 4673 1771 4695 ,
1801 4645 1917 4701 qua
1951 4641 2069 4684 sunt
2100 4635 2182 4704 fu-

586 4707 704 4768 tura
737 4713 756 4750 :
787 4711 1097 4768 perperam.
1274 4755 1282 4764 ,

654 4767 681 4806 ἀ
706 4767 1148 4844 BenesAlcuinL
1159 4786 1315 4838 prava
1335 4773 1576 4844 Opinione
1596 4776 1833 4830 seductus
1855 4790 1994 4828 sum.

660 4851 682 4877 ί·
704 4841 1069 4918 Martianteus.
1102 4839 1172 4895 Et
1201 4839 1473 4918 conuersus
1517 4861 1632 4918 ego,
1665 4845 1795 4909 ridi,
1825 4845 2181 4918 renuentibus

585 4914 966 4988 tum_n_ostris,
1006 4922 1118 4968 tum
1149 4915 1344 4988 quibus
1379 4917 1467 4988 ille
1509 4914 1644 4988 usus
1681 4927 1767 4971 est
1805 4931 1935 4972 mss.
1968 4928 2024 4972 et
2056 4917 2181 4972 Flo-

583 4982 812 5054 rentinis
844 4998 1094 5054 quoque,
1123 4982 1260 5054 quos
1291 4987 1474 5040 laudat
1507 4987 1796 5042 Victorius.

653 5053 796 5107 —Et
823 5053 1098 5108 conuersus
1127 5053 1241 5109 sum
1256 5071 1372 5124 ego.
1398 5057 1454 5110 lu
1487 5068 1644 5112 antea
1678 5059 1840 5113 editis
1870 5059 2026 5114 libris
2052 5074 2179 5114 cor-

585 5137 743 5195 ruptc
786 5126 1047 5202 legimus,
1081 5124 1148 5178 Et
1190 5129 1416 5180 converti
1465 5143 1580 5200 ego,
1613 5139 1746 5202 etc,
1771 5144 1868 5202 pro
1899 5147 2178 5184 conversus

581 5215 696 5252 sunt
725 5211 840 5265 ego,
864 5198 1006 5250 sicut
1036 5197 1224 5266 legunt
1250 5213 1442 5252 omnes
1477 5197 1608 5253 mss.
1644 5197 1913 5256 Maurus.

659 5266 678 5304 ί
730 5266 1059 5341 Adverbium
1111 5269 1277 5341 illuc,
1311 5270 1455 5341 quod
1487 5269 1834 5327 Marti-auarus
1883 5274 2176 5341 omiserat,

581 5356 645 5396 es
679 5339 884 5390 nostris
918 5353 1050 5392 mss.
1077 5347 1134 5394 et
1163 5339 1386 5395 Victorii
1411 5342 1650 5399 editione
1689 5343 2024 5399 suﬂecimus.

653 5419 678 5455 ιι
710 5407 926 5462 Alcuin.
962 5406 1031 5462 Et
1068 5414 1207 5481 quod
1238 5411 1491 5468 malorum
1515 5416 1857 5468 miserrimum
1896 5418 1989 5481 sit,
2021 5427 2069 5469 et
2091 5418 2176 5470 iu-

581 5481 912 5536 consolabilis
943 5481 1112 5535 dolor.

653 5552 679 5589 ιι
710 5549 1122 5606 Caluumiatures
1176 5554 1346 5607 uident
1394 5556 1446 5609 in
1475 5557 1603 5609 suis.
1648 5555 1773 5610 Mss.
1809 5553 2177 5612 Corbeienses

581 5620 980 5694 calumniatores
1013 5623 1250 5678 ridentur
1279 5627 1333 5678 in
1369 5628 1474 5680 suis
1510 5624 1874 5694 iniquitatibus
1909 5626 2170 5691 fortiores.

585 5690 648 5743 Et
692 5694 800 5744 hazc
842 5702 913 5742 est
945 5709 1124 5765 causa,
1168 5713 1269 5765 qua
1310 5713 1411 5749 non
1462 5690 1657 5750 valeant
1697 5690 1980 5748 consolari.
2009 5696 2177 5762 Quasi

591 5767 952 5831 Hieronymus
997 5764 1113 5834 ipse
1153 5764 1472 5840 loqueretur
1525 5770 1627 5822 ista
1684 5768 1749 5822 de
1799 5767 2194 5833 inconsolabili.

2367 4491 2382 4528 ί
2420 4489 2649 4543 Palatini
2679 4488 2788 4543 duo
2815 4502 2947 4540 mss.
2979 4487 3276 4551 exquirunt.

2361 4561 2373 4610 ι
2412 4560 2547 4614 Tres
2581 4575 2613 4614 e
2639 4559 2838 4629 nostris
2870 4572 3001 4612 mss.
3029 4559 3114 4627 qui
3145 4574 3247 4611 non
3273 4558 3398 4611 vidit
3429 4574 3558 4629 opus
3588 4572 3607 4611 :
3637 4557 3880 4626 pressius

2284 4630 2476 4686 Graeco
2502 4633 2591 4684 οὐκ
2621 4627 2744 4686 εἶδε.

2356 4701 2382 4740 ιι
2415 4703 2564 4757 llanc
2593 4704 2884 4770 pericopen
2909 4699 2981 4754 ita
3005 4699 3164 4754 ell’ert
3185 4740 3202 4766 ,
3226 4701 3349 4756 sive
3375 4700 3612 4769 explicat
3644 4699 3838 4755 Alcnin
3867 4717 3880 4753 :

2289 4772 2400 4827 Hoc
2443 4784 2614 4828 autem
2656 4774 2780 4826 dicit
2806 4812 2820 4832 ,
2851 4788 2953 4826 non
2977 4773 3100 4842 quia
3123 4774 3312 4827 minus
3341 4773 3443 4826 sint
3465 4771 3732 4826 hominum
3751 4814 3764 4832 .
3800 4788 3882 4826 se-

2283 4846 2510 4899 cundum
2576 4844 2920 4915 quorumdam
2976 4858 3234 4906 errorem,
3305 4855 3582 4912 antequam
3634 4853 3877 4896 nascatur

2282 4915 2437 4970 homo
2463 4919 2513 4970 in
2538 4917 2732 4970 "tundo
2759 4955 2773 4979 ,
2801 4915 2892 4968 sed
2921 4916 3044 4987 quia
3064 4916 3248 4968 melius
3262 4917 3358 4979 sit,
3393 4917 3605 4968 omnino
3631 4931 3733 4968 non
3755 4930 3878 4968 esse.

2283 4987 2482 5048 Porro,
2517 4987 2662 5054 quod
2695 4987 3036 5041 Martianaeus
3067 4993 3258 5054 putat.
3291 4987 3714 5056 liieronyutiana
3755 5001 3879 5056 seu:

2285 5059 2696 5127 tcntiajugulari
2731 5062 2941 5125 ineptas
2980 5057 3431 5111 scholasticorum
3456 5055 3770 5126 opiniones,
3794 5055 3880 5126 qui

2284 5130 2502 5185 tradunt
2523 5138 2787 5198 praestare
2809 5128 3014 5182 homini
3048 5127 3415 5183 infelicissimo
3440 5130 3682 5182 existere
3699 5141 3880 5196 ,quam

2283 5204 2504 5256 omnino
2537 5216 2638 5253 non
2667 5216 2814 5262 esse,
2837 5209 3034 5267 prmter
3061 5198 3415 5268 philosophos
3448 5199 3742 5268 plerosque
3771 5214 3881 5256 um-

2283 5288 2410 5333 nes.
2443 5274 2502 5329 S.
2537 5271 2872 5341 Augustinus
2915 5270 3033 5338 ipse
3070 5271 3339 5339 improbat
3371 5271 3466 5324 lib.
3496 5285 3554 5324 ιιι
3600 5271 3671 5323 de
3712 5270 3881 5323 libero

2283 5346 2524 5399 Arbitrio
2549 5386 2562 5406 ,
2592 5354 2648 5398 et
2675 5352 2797 5413 post
2817 5358 2940 5395 eum
2970 5341 3027 5396 S.
3069 5341 3306 5395 Thomas
3329 5343 3364 5394 l.
3394 5356 3430 5394 ιι
3459 5353 3657 5410 qumst.
3688 5341 3746 5409 8,
3779 5350 3879 5394 art.

2283 5416 2487 5470 iad3.

2362 5489 2374 5522 ¹
2407 5485 2514 5539 Sed
2563 5485 2700 5554 quod
2747 5484 2929 5536 melius
2963 5484 3047 5536 sit.
3085 5483 3181 5539 llic
3229 5486 3378 5536 locus
3418 5484 3630 5553 jugulat
3665 5485 3884 5554 ineptas

2281 5556 2744 5611 ScholastiCorum
2776 5555 3067 5624 opiniones
3105 5566 3160 5610 et
3199 5557 3465 5624 argutias.
3494 5557 3704 5622 quibus
3744 5555 3884 5624 apud

2283 5628 2568 5696 imperitos
2599 5637 2868 5679 conantur
2896 5627 3155 5694 probare,
3191 5628 3386 5682 melius
3412 5640 3538 5680 esse
3563 5627 3776 5682 homini
3799 5629 3883 5681 itt-

2282 5698 2598 5754 lelicissime
2642 5696 2909 5752 exsistere
2939 5706 2998 5752 et
3047 5697 3262 5766 vivere,
3290 5712 3453 5768 quam
3497 5700 3733 5756 omnino
3783 5714 3886 5756 non

2283 5785 2426 5825 esse.
2462 5769 2734 5824 ΜΑιιτιΑΝ.
