4010 6318
135 266 277 324 1043

1171 270 1718 334 COMMENTARIUS
1760 275 1827 334 ΙΝ
1869 277 2407 340 ECCLESIASTEN.

3312 291 3456 350 10-ιὸ

133 398 370 442 mortem
401 387 677 454 obierint,
708 387 819 458 jam
865 401 990 443 esse
1018 370 1244 442 Securos
1273 430 1286 452 ,
1321 394 1378 442 et
1402 401 1631 457 peccare
1659 389 1754 444 de-
1782 399 1824 451 Α
1859 393 2001 448 docet
2031 411 2213 450 manus
2241 412 2382 451 neas
2405 396 2475 450 ad
2505 397 2745 469 prndium
2776 399 2950 471 (Psol.
2984 417 3172 472 exuti,
3207 405 3285 476 l).
3311 404 3461 461 Stul-

135 479 296 534 sisse.
318 478 480 534 Sicut
506 488 562 533 et
591 480 832 534 Joannes
857 521 872 544 ,
911 495 1018 550 quo
1045 479 1219 549 major
1243 492 1349 536 non
1385 478 1486 536 fuit
1517 479 1569 532 in
1601 478 1744 535 natis

136 571 434 626 mulierum
469 569 686 638 (Matth.
716 570 803 642 tt).
830 581 858 610 ι
889 572 1067 626 minor
1107 579 1192 626 est
1219 584 1320 635 eo,
1355 571 1449 639 qui
1485 570 1744 626 minimus

137 673 220 717 est
255 664 309 717 in
334 676 504 732 regno
533 662 834 729 coelorum,
866 672 924 717 et
952 663 1203 732 corporis
1244 677 1416 720 onere
1446 660 1740 729 liberatus,

135 755 312 810 nescit
341 771 464 810 cum
499 756 766 822 Apostolo
793 753 980 810 dicere
1015 772 1027 808 :
1062 753 1228 808 Miser
1268 770 1363 826 ego
1410 751 1599 820 homo,
1629 754 1743 824 quis

135 863 216 899 me
258 847 496 900 liberabit
531 847 596 899 de
623 861 840 914 corpore
865 847 1049 900 mortis
1076 847 1235 917 Itujus
1264 843 1441 917 (Rom.
1478 860 1549 900 vn
1569 886 1584 910 ,
1618 843 1745 916 ll)?

135 938 417 994 Meliorem
451 946 634 994 autem
668 938 755 994 his
780 938 999 994 duobus
1036 953 1158 994 esse
1186 952 1344 1003 eum,
1380 939 1472 1007 qui
1512 937 1744 992 necdum

134 1042 294 1086 natus
322 1040 437 1096 est,
471 1047 573 1086 nec
596 1031 729 1086 vidit
763 1032 932 1097 mala,
957 1031 1157 1101 quibus
1179 1031 1232 1085 in
1260 1031 1464 1086 mundo
1493 1030 1745 1086 homines

132 1125 540 1196 deprimuntur.
576 1127 802 1181 Animas
839 1128 988 1181 enim
1023 1137 1273 1191 nostras,
1296 1125 1323 1164 δ
1349 1138 1642 1194 antequam
1675 1125 1744 1180 ad

133 1233 365 1289 corpora
400 1222 504 1275 ista
544 1219 917 1286 descendant,
950 1221 1155 1274 versari
1199 1218 1343 1290 apud
1393 1234 1655 1289 superos,
1688 1228 1743 1274 et

134 1312 342 1366 tamdiu
367 1311 568 1368 beatas
594 1326 750 1376 esse,
785 1311 1044 1381 quamdiu
1082 1312 1291 1367 cmlesti
1315 1311 1624 1367 Jerusalem
1644 1351 1659 1376 .
1688 1321 1744 1367 et

132 1402 307 1458 choro
339 1413 631 1459 teneantur
658 1404 944 1473 Angelico.

207 1494 374 1567 520
397 1494 468 1550 Et
504 1495 610 1550 vidi
637 1504 736 1566 ego
757 1496 1054 1550 universum
1079 1494 1336 1561 laborem,
1367 1505 1416 1549 et
1444 1494 1598 1550 simul
1627 1510 1742 1548 om-

133 1604 255 1640 nem
285 1590 527 1643 virtutem
550 1589 718 1659 operis
743 1605 755 1639 :
781 1590 902 1658 quia
914 1586 1178 1643 wmulatio
1200 1599 1222 1626 ο
1242 1587 1338 1642 uiri
1353 1603 1384 1642 a
1409 1585 1580 1642 sodali
1603 1589 1742 1659 ejus;

132 1691 181 1734 et
211 1681 421 1750 quidem
449 1681 762 1734 hocranitas
783 1690 832 1733 et
855 1680 1194 1751 prwsumptio
1225 1680 1458 1752 spiritus.
1480 1676 1742 1734 Converti

1852 493 1942 538 tus
1972 485 2140 555 igitur
2165 489 2490 558 complexus
2538 500 2620 544 est
2653 507 2848 545 manus
2882 509 3039 562 suas,
3076 498 3126 551 id
3171 507 3251 553 est
3281 541 3297 567 ,
3329 513 3461 554 con-

1855 579 2054 645 traxit,
2077 588 2133 636 et
2157 583 2456 638 extendere
2475 584 2674 650 noluit,
2694 587 2840 642 unde
2865 603 2970 644 non
2989 591 3226 648 comedit
3252 592 3465 648 labores

1852 683 2110 725 manuum
2138 686 2361 728 suarum
2393 673 2553 747 421
2603 691 2740 746 quos
2786 694 2887 735 nec
2919 679 3112 748 habet;
3143 683 3238 739 sed
3266 697 3460 739 carnes

1846 774 1977 816 suas
2007 804 2022 829 ,
2077 763 2268 819 vivens
2315 766 2469 836 juxta
2520 768 2845 839 sapientiam
2892 773 3114 842 carnis,
3162 786 3217 832 et
3275 777 3459 832 carnis

1849 854 2110 924 operibus
2135 859 2432 914 vescitans.

1919 947 2109 1003 Melior
2131 961 2205 1006 est
2229 954 2418 1024 plenus
2449 956 2678 1026 pugillus
2709 974 2823 1012 cum
2865 962 3063 1030 requie,
3105 979 3258 1031 quam
3287 965 3431 1034 pleni
3441 996 3457 1006 -

1850 1041 1975 1094 tudo
2006 1058 2253 1097 manuum
2285 1046 2478 1100 laboris
2519 1058 2566 1102 et
2607 1052 3020 1122 prmumptionis
3068 1055 3303 1123 spiritus.
3347 1056 3459 1112 Me-

1848 1134 1955 1191 lius
1986 1147 2074 1193 est
2105 1140 2380 1195 modicum
2411 1141 2612 1197 habere
2637 1144 2866 1212 justum,
2899 1161 3059 1216 quam
3087 1147 3304 1204 divitias
3334 1165 3458 1219 pec-

1845 1237 2091 1283 catorum
2126 1233 2345 1287 multas.
2386 1233 2450 1289 Et
2490 1235 2544 1289 in
2579 1236 2893 1292 Proverbiis
2928 1257 2939 1291 :
2977 1239 3169 1294 Melior
3196 1251 3269 1295 est
3298 1259 3457 1312 parva

1846 1324 2080 1391 acceptio
2109 1340 2225 1378 cum
2259 1328 2496 1398 justitia,
2528 1345 2682 1400 quam
2721 1329 2888 1384 multa
2913 1333 3174 1402 genimina
3205 1350 3324 1388 cum
3359 1337 3459 1389 ini-

1845 1413 2044 1482 quitate
2084 1413 2267 1485 (Prov.
2323 1433 2442 1484 xvt,
2491 1420 2568 1491 8).
2617 1422 2912 1492 Eleganter
2951 1424 3164 1494 justitia
3215 1428 3456 1495 requiem

1849 1507 2034 1575 habet,
2069 1511 2332 1581 iniquitas
2377 1515 2640 1570 laborem.
2677 1515 2744 1572 Et
2772 1517 2897 1587 quia
2931 1518 3227 1588 singularis
3270 1535 3463 1576 nume-

1847 1616 1940 1657 rus
1961 1603 2014 1657 in
2046 1604 2191 1658 bono
2218 1619 2435 1675 semper
2462 1607 2750 1677 accipitur,
2785 1609 2991 1680 duplex
3030 1611 3084 1666 in
3112 1611 3259 1666 malo
3292 1630 3301 1664 :
3332 1627 3458 1682 pro-

1849 1706 2034 1765 pterea
2066 1711 2206 1752 unus
2237 1699 2476 1770 pugillus
2507 1700 2670 1756 habet
2709 1703 2977 1772 requiem,
3009 1711 3064 1757 et
3101 1701 3225 1758 dure
3262 1719 3456 1761 manus

133 1789 220 1828 me
242 1790 438 1830 rursus
460 1774 524 1828 ad
548 1775 674 1839 alia,
697 1782 753 1829 et
781 1774 1124 1829 vidiomnem
1149 1772 1526 1828 fortitudinem
1551 1781 1609 1827 et
1626 1771 1744 1842 glo-
1778 1801 1820 1861 Β
1849 1788 2042 1857 ιεδοτβ
2071 1799 2199 1844 sum
2227 1791 2422 1860 plena.

138 1869 277 1924 riam
331 1869 738 1936 laborantium,
786 1878 840 1923 et
872 1867 1210 1938 deprehendi
1264 1867 1466 1921 bonum
1517 1867 1746 1920 alterius

133 1979 256 2020 esse
303 1965 534 2020 alterius
566 1965 805 2027 malum,
853 1963 981 2018 dum
1025 1962 1241 2016 invidus
1271 1959 1446 2015 aliena
1487 1959 1745 2014 felicitate

133 2065 421 2127 torquetur
441 2098 457 2124 ,
487 2069 541 2114 et
567 2068 714 2128 patet
740 2057 953 2112 insidiis
981 2057 1275 2126 gloriosus.
1308 2054 1446 2120 Quid
1469 2053 1618 2110 enim
1649 2068 1742 2107 va-

133 2150 279 2212 nius,
307 2149 434 2218 quid
466 2148 491 2185 ά
526 2149 861 2214 instabilius,
903 2155 959 2203 et
975 2149 1055 2202 sic
1083 2146 1269 2212 nihili,
1300 2162 1458 2216 quam
1492 2145 1746 2200 homines

133 2257 246 2295 non
278 2257 408 2296 snas
426 2239 557 2296 ﬂere
586 2242 870 2306 miserias,
903 2241 989 2295 vel
1023 2241 1239 2310 propria
1265 2240 1452 2310 lugere
1483 2246 1703 2308 peccata
1727 2277 1744 2302 ,

138 2332 237 2388 sed
265 2333 590 2389 melioribus
635 2332 924 2388 invidere?

211 2426 420 2480 Stultus
443 2425 742 2497 complexus
769 2436 841 2480 est
857 2442 1044 2482 manus
1057 2442 1178 2480 suas
1207 2467 1218 2489 ,
1244 2435 1292 2479 et
1321 2423 1540 2480 comedit
1567 2439 1748 2480 carnes

141 2533 260 2572 suas
289 2516 476 2586 (Prov.
508 2518 680 2588 xxiv).
715 2519 813 2573 llic
845 2531 929 2574 est
957 2520 1047 2589 qui
1085 2531 1140 2574 et
1178 2520 1230 2574 in
1262 2518 1576 2574 Proverbiis
1598 2519 1748 2588 piger

145 2611 516 2676 describitur,
563 2611 856 2667 continens
885 2612 1137 2667 manibus
1170 2621 1360 2680 pectus
1403 2625 1586 2665 suum.
1612 2608 1743 2674 Cui,

146 2714 416 2773 tamquam
447 2703 588 2758 citus
613 2718 840 2770 cursor,
879 2705 1029 2759 venit
1054 2704 1234 2774 inopia
1256 2745 1270 2768 ,
1302 2712 1354 2758 et
1385 2704 1476 2772 qui
1525 2709 1747 2772 propter

147 2798 364 2852 nimiam
412 2795 611 2852 famem
643 2795 1022 2868 (hyperbolice
1053 2804 1240 2852 autem
1281 2797 1488 2850 dictum
1513 2793 1625 2866 sit)
1653 2809 1746 2850 co-

149 2888 313 2943 medit
339 2903 538 2944 carnes
580 2903 729 2942 suas.
760 2889 861 2955 Qui
893 2888 1088 2944 melius
1123 2897 1276 2958 putat
1304 2903 1430 2943 esse
1455 2903 1618 2942 unum
1649 2902 1747 2956 pu-

147 2980 325 3050 gillum
345 2979 412 3032 ha
426 2978 552 3034 bere
568 2977 723 3034 farris
740 3021 753 3046 ,
779 2989 834 3034 et
858 2980 1092 3036 otiosum
1116 2988 1526 3048 torpentemque
1543 2978 1742 3042 vivere,

148 3088 302 3143 quam
331 3072 677 3130 laborantem
723 3087 941 3128 manum
968 3081 1257 3144 utramque
1283 3072 1587 3144 complere.
1622 3070 1730 3124 To-

1922 1883 1989 1936 Et
2016 1899 2293 1938 conuersus
2321 1901 2435 1938 sum
2477 1902 2594 1957 ego,
2637 1896 2684 1940 et
2720 1886 2829 1940 ridi
2865 1889 3139 1942 vanitatem
3185 1891 3278 1945 sub
3323 1891 3453 1948 sole.

1849 1969 1944 2026 Est
1983 1989 2140 2041 unus,
2182 1984 2229 2027 et
2276 1991 2378 2028 non
2419 1984 2498 2030 est
2526 1977 2806 2043 secundus,
2846 1985 2894 2031 et
2944 1979 3153 2048 quidem
3199 1982 3362 2051 ﬁlius,
3410 1995 3457 2037 et

1849 2065 2012 2134 frater
2040 2083 2142 2120 non
2170 2077 2244 2121 est
2270 2068 2318 2121 ei
2345 2077 2433 2122 :et
2461 2083 2563 2122 non
2595 2079 2670 2122 est
2702 2069 2821 2138 ﬁnis
2847 2072 2988 2124 omni
3015 2071 3178 2125 labori
3206 2077 3342 2144 ejus.
3384 2072 3456 2127 Et

1849 2157 2058 2227 quidem
2089 2160 2269 2214 oculus
2298 2165 2409 2228 ejus
2468 2175 2572 2214 non
2627 2162 2853 2214 satiatur
2885 2161 2992 2232 [ΑΙ.
3025 2163 3320 2236 satiabitur]
3374 2165 3457 2218 di-

1851 2248 1985 2300 vitiis
2010 2264 2028 2300 :
2056 2257 2102 2300 et
2131 2249 2212 2301 cui
2239 2264 2330 2320 ego
2361 2249 2562 2317 laboro,
2591 2261 2640 2304 et
2677 2249 2873 2320 fraudo
2901 2251 3008 2322 [ΑΙ.
3037 2254 3316 2326 fraudabo]
3342 2257 3457 2310 ani-

1851 2357 1985 2396 mum
2017 2359 2182 2395 meam
2226 2359 2258 2396 a
2285 2343 2529 2399 bonitate.
2561 2345 2666 2400 Sed
2697 2355 2746 2400 et
2772 2347 2870 2400 hoc
2885 2349 3108 2413 vanitas,
3134 2359 3181 2403 et
3209 2351 3454 2408 distentio

1852 2437 2072 2505 pessima
2111 2449 2207 2492 est.
2250 2439 2562 2494 Conversus
2602 2454 2720 2495 sum
2768 2440 2836 2495 ad
2875 2440 3034 2508 alios,
3078 2453 3134 2498 et
3175 2444 3286 2498 vidi
3335 2461 3452 2511 eos,

1849 2533 1970 2602 plus
1995 2548 2154 2603 quam
2185 2549 2411 2589 necesse
2446 2545 2553 2600 est,
2583 2535 2853 2602 laborare,
2888 2551 3223 2608 congregare
3247 2554 3346 2609 per
3374 2539 3455 2594 fas

1849 2634 1903 2679 et
1926 2625 2079 2679 nefas
2099 2641 2250 2696 opes,
2274 2634 2330 2681 et
2367 2642 2472 2681 non
2501 2627 2575 2680 uti
2610 2629 2978 2698 congregatis,
3006 2629 3210 2686 habere
3240 2632 3452 2698 omnia,

1850 2717 2113 2772 incubare
2140 2717 2368 2783 divitiis,
2409 2734 2630 2775 servare
2660 2721 2840 2788 alteri,
2883 2730 2939 2774 et
2979 2737 3080 2777 suo
3111 2722 3298 2778 labore
3344 2739 3452 2778 non

1851 2809 2051 2880 perfrui
2085 2830 2097 2864 :
2130 2812 2366 2867 maxime
2400 2826 2522 2866 cum
2570 2827 2672 2867 nec
2722 2812 2914 2877 filium,
2949 2828 3050 2869 nec
3089 2813 3312 2870 fratrem
3355 2818 3453 2869 lia-

1848 2903 2032 2971 beant,
2063 2919 2164 2958 nec
2199 2904 2559 2973 propinquum
2601 2915 2653 2958 ut
2679 2905 2931 2960 videatur
2959 2906 3082 2976 pius
3116 2905 3135 2944 ί
3169 2907 3326 2962 labor
3355 2923 3453 2964 ne-

1848 2996 2104 3050 cessariis
2125 3008 2459 3051 reservatus.
2485 2995 2629 3052 Nihil
2659 2997 2840 3067 itaque
2883 3012 3006 3053 esse
3033 2999 3226 3054 vanius
3250 3000 3452 3071 depre~

1852 3087 2036 3153 bendi,
2069 3102 2228 3157 quam
2260 3104 2384 3144 eum
2415 3089 2722 3156 hominem,
2755 3091 2847 3160 qui
2879 3089 3097 3146 divitias
3127 3104 3446 3165 congregat,

149 3175 254 3220 tutn
294 3176 480 3220 autem
510 3164 654 3236 quod
670 3165 920 3229 disserit,
974 3165 1076 3220 hoc
1109 3175 1230 3230 est,
1278 3174 1334 3218 ut
1377 3163 1658 3228 ostendat,
1691 3171 1746 3218 ct
1773 3189 1815 3251 ρ
1852 3181 1939 3234 cui
1970 3196 2062 3236 eas
2096 3181 2385 3252 relinquat,
2414 3183 2694 3252 ignorans.
2729 3183 2883 3250 Quod
2906 3183 3124 3254 quidem
3158 3163 3448 3256 possumus

146 3274 264 3314 cum
296 3261 385 3330 qui
416 3258 658 3326 laborat,
689 3269 742 3313 et
787 3257 949 3314 habet
975 3259 1210 3329 aliquid,
1243 3259 1294 3314 in
1327 3257 1528 3316 mundo
1557 3267 1741 3326 patere

148 3353 388 3420 invidiae,
429 3364 484 3408 et
509 3369 702 3408 rursus
727 3369 850 3408 eum
876 3354 966 3425 qui
996 3355 1177 3409 vivere
1199 3354 1310 3409 vult
1345 3355 1555 3422 quietus
1574 3394 1588 3420 ,
1617 3352 1739 3408 ino-

149 3447 232 3516 pia
282 3447 551 3517 opprimi,
585 3455 640 3502 et
669 3448 819 3510 esse}
839 3460 1132 3519 utrumque
1178 3446 1571 3513 miserabilem,
1611 3447 1739 3501 dum

147 3541 281 3596 alius
313 3551 542 3610 propter
591 3555 724 3611 opes
761 3541 1132 3610 periclitatur,
1183 3541 1322 3596 alius
1354 3550 1574 3610 promer
1618 3541 1740 3596 ino-

148 3635 284 3704 piam
311 3646 561 3707 egesuite
587 3636 893 3690 conﬁcitur.
929 3634 1024 3690 Vel
1047 3645 1197 3691 certe
1227 3637 1332 3690 sic.
1371 3645 1392 3672 θ
1413 3635 1516 3702 Qui
1549 3635 1740 3692 alienat

147 3728 385 3785 felicitati
433 3730 673 3793 invidet,
707 3741 759 3784 et
785 3730 938 3800 quasi
971 3730 1192 3799 Spiritus
1231 3730 1413 3786 furore
1457 3741 1739 3800 raptatur,

146 3831 197 3877 et
236 3823 500 3879 invidiam
549 3823 600 3877 in
635 3822 812 3878 sinum
856 3839 1012 3877 suum
1051 3823 1351 3892 receperit,
1385 3823 1742 3892 nutrieritque

146 3931 256 3970 eam
289 3917 344 3971 in
370 3928 600 3988 pectore
627 3935 640 3971 :
671 3919 773 3971 iste
803 3916 1043 3970 comedit
1064 3917 1295 3970 animam
1321 3927 1470 3968 suam
1498 3955 1510 3976 ,
1545 3924 1593 3968 et
1622 3928 1742 3968 car-
1777 3963 1783 3972 .

148 4013 239 4064 nes
262 4026 408 4066 suas.
447 4009 661 4080 Quanto
684 4011 825 4064 enim
856 4025 1009 4076 eum,
1042 4010 1125 4064 cui
1170 4009 1405 4071 invidet,
1441 4007 1738 4062 feliciorem

148 4103 366 4171 viderit,
391 4113 551 4158 tanto
579 4095 694 4173 ipse
715 4105 947 4173 amplius
972 4102 1306 4157 contabescit
1331 4113 1383 4156 et
1407 4101 1615 4170 deperit
1644 4141 1659 4166 ,
1687 4109 1742 4154 ct

149 4201 402 4267 paulatim
426 4199 548 4252 zelo
577 4209 628 4252 et
661 4198 832 4254 livore
863 4196 1109 4251 distillat.
1146 4197 1320 4256 Aliter
1351 4213 1364 4248 :
1398 4195 1583 4254 Manus
1614 4209 1738 4250 cre-

151 4290 242 4346 bro
274 4309 368 4362 pro
397 4293 668 4360 operibus
712 4292 1095 4360 accipiuntur,
1128 4290 1270 4343 sicut
1317 4288 1387 4342 ibi
1441 4305 1453 4339 :
1519 4286 1742 4339 Verbum

155 4382 351 4438 Domini
382 4384 530 4458 quod
560 4387 750 4458 factum
776 4394 848 4436 est
880 4385 934 4436 iu
961 4399 1117 4435 manu
1152 4382 1327 4454 Aggari
1360 4379 1564 4452 (Αρθωί
1590 4395 1633 4442 t,
1661 4381 1736 4450 1),

152 4477 256 4534 sive
279 4481 421 4536 illius
443 4521 458 4547 ,
483 4483 565 4535 vel
589 4479 746 4549 hujus
765 4479 1046 4549 propheta:
1068 4518 1084 4541 ,
1108 4476 1251 4547 quod
1280 4476 1400 4532 talia
1426 4491 1588 4546 opera
1620 4491 1742 4546 ges-

1851 3274 2154 3330 serundum
2183 3277 2528 3346 superiorem
2564 3277 3070 3346 interpretationem
3093 3280 3227 3334 etde
3257 3279 3340 3334 bis
3372 3281 3452 3335 in-

1850 3367 2119 3437 telligere,
2178 3367 2270 3438 qui
2317 3367 2488 3423 libros
2532 3369 2911 3435 conscribunt,
2948 3380 3000 3424 et
3023 3386 3122 3425 eos
3150 3369 3448 3427 fastidiosis

1849 3460 2148 3514 lectoribus
2176 3461 2587 3531 derelinquunt.
2623 3461 2857 3527 Quidam
2888 3461 3032 3516 hunc
3063 3461 3240 3516 locum
3282 3465 3352 3518 ab
3378 3479 3448 3520 eo

1847 3555 1988 3626 quod
2022 3555 2096 3609 ait
2128 3574 2138 3608 :
2169 3553 2263 3609 Est
2296 3573 2452 3621 imus,
2476 3565 2524 3609 et
2553 3571 2657 3609 non
2687 3565 2760 3609 est
2805 3556 3082 3620 secundus,
3115 3570 3279 3624 super
3324 3555 3446 3628 Sal-

1851 3658 2039 3702 \atore
2067 3647 2514 3716 interpretantur,
2547 3647 2692 3718 quod
2720 3646 2871 3701 solus
2893 3655 2952 3702 et
2977 3647 3187 3717 absque
3217 3648 3328 3702 ullo
3354 3662 3448 3702 co-

1848 3741 1980 3794 mite
2008 3738 2074 3793 ad
2110 3739 2427 3794 salvandum
2457 3738 2718 3794 mundum
2750 3737 3125 3796 descenderit.
3159 3739 3230 3796 Et
3255 3754 3444 3809 quam-

1846 3847 2006 3901 quam
2055 3831 2208 3885 multi
2243 3832 2335 3885 lilii
2380 3831 2472 3886 Dei
2519 3832 2649 3898 sint,
2681 3841 2736 3886 et
2763 3831 2966 3887 fratres
3001 3832 3121 3902 ejus
3148 3832 3445 3901 adoptione

1847 3923 2100 3978 dicantur
2133 3940 2144 3975 :
2173 3930 2357 3977 tamen
2392 3923 2575 3978 nullus
2606 3923 2802 3994 dignus
2833 3924 3126 3989 exstiterit,
3161 3923 3250 3995 qui
3274 3925 3446 3980 inboc

1846 4015 1894 4070 ei
1928 4015 2456 4086 operejungeretur.
2490 4015 2657 4085 Cujus
2686 4015 2886 4076 laboris
2912 4032 3017 4072 non
3041 4025 3124 4070 est
3147 4015 3290 4084 linis,
3320 4032 3446 4086 por.

1854 4109 2023 4162 tantis
2081 4120 2263 4162 nostra
2311 4110 2436 4164 vitia
2489 4119 2650 4180 atque
2681 4119 2923 4179 peccata,
2950 4120 3004 4162 et
3031 4125 3127 4180 pro
3162 4109 3320 4165 nobis
3348 4111 3446 4166 do-

1847 4197 2046 4253 lentis:
2081 4209 2134 4253 et
2156 4201 2346 4254 oculus
2375 4201 2493 4270 ejus
2525 4216 2632 4253 non
2683 4200 2974 4255 satiabitur
3021 4201 3253 4266 divitiis,
3303 4215 3449 4259 sent-

1850 4307 1944 4362 per
1975 4302 2213 4348 nostram
2244 4294 2516 4363 cupientis
2543 4292 2797 4356 salutem,
2822 4300 2876 4358 et
2901 4303 3102 4362 quanto
3133 4293 3255 4363 plus
3280 4292 3443 4367 ‘22

1849 4401 2081 4457 peccare
2123 4402 2284 4457 quem
2315 4387 2533 4453 viderit,
2568 4393 2718 4439 tanto
2759 4387 2934 4455 magis
2965 4385 3033 4441 ad
3066 4387 3445 4458 ptenitentiam

1857 4478 2222 4534 cohortanlis.

150 4576 314 4643 set-it,
364 4587 427 4632 ut
481 4575 678 4645 dignus
728 4576 1018 4640 existeret,
1071 4574 1124 4626 in
1163 4570 1322 4642 cujus
1374 4585 1542 4639 opere
1587 4571 1744 4625 ﬁeret
1771 4583 1821 4642 ι)
1920 4570 1946 4608 b
1987 4569 2231 4624 Melior-es
2258 4569 2380 4634 duo,
2409 4584 2561 4640 quam
2581 4585 2735 4635 unus,
2783 4569 2964 4638 quibus
2990 4581 3066 4625 est
3094 4589 3286 4630 merces
3307 4574 3442 4638 bona

150 4680 324 4724 sermo
375 4669 616 4723 Domini.
650 4667 784 4722 Huic
813 4668 1065 4738 congruit
1111 4671 1168 4720 et
1196 4663 1325 4718 illud
1374 4663 1538 4717 David
1591 4662 1745 4729 :Qui

224 4859 248 4888 ⁸
278 4851 610 4916 Vaticanus,
662 4858 717 4906 et
754 4847 990 4904 Palatia.
1037 4850 1204 4914 alter,
1237 4847 1479 4900 minimus
1525 4856 1600 4900 est
1644 4863 1738 4916 eo,

157 4924 241 4994 qui
263 4924 431 4978 minor
457 4933 530 4977 est
557 4924 812 4994 iniregno,
849 4930 954 4994 etc.

222 4993 249 5032 ι’
280 4995 380 5062 Qui
414 4999 531 5049 haec
560 4988 793 5048 etiutiret
814 5034 827 5054 ,
860 4991 1120 5062 Origenes
1146 4988 1278 5062 fuit,
1307 4989 1461 5060 cujus
1493 5004 1742 5062 saepenu-

161 5032 326 5136 nter:
324 5082 564 5124 errorem
598 5032 1520 5136 lliertmvmusartjellit.Yidequm
1556 5032 1746 5136 primis

163 5134 327 5203 Epist.
374 5136 477 5194 124
506 5137 570 5189 ad
619 5131 836 5190 Avrtum
864 5175 878 5198 ,
932 5143 986 5188 et
1029 5131 1315 5203 Tlteopltili
1347 5175 1360 5196 ,
1389 5149 1522 5204 quas
1555 5131 1744 5188 Latine

161 5206 382 5260 reddidit
415 5210 473 5263 ὃ.
503 5208 722 5266 doctor.
757 5206 1048 5260 Paschales
1082 5205 1308 5258 litteras.
1339 5205 1606 5259 (laetorum
1636 5213 1746 5257 tres

164 5291 191 5328 e
220 5281 411 5331 nostris
442 5295 574 5333 mss.
607 5295 794 5333 vocem
826 5288 1021 5340 nostra,
1045 5278 1311 5346 ignorant.

232 5349 515 5402 —Animas
549 5351 684 5405 enim
706 5359 908 5401 nostras
939 5344 1229 5417 atttequnm.
1259 5344 1424 5412 Cave,
1452 5346 1643 5408 lector,
1678 5361 1745 5401 ne

169 5416 306 5473 hunc
346 5434 586 5477 errorem
638 5420 884 5474 ascrtbas
931 5416 1286 5486 HierOnymo,
1319 5419 1407 5488 qui
1443 5432 1564 5471 eum
1599 5428 1742 5470 stre-

170 5505 268 5544 nue
295 5490 591 5546 confutavit
621 5492 675 5546 in
722 5490 949 5559 epistola
999 5489 1064 5542 ad
1107 5488 1347 5542 Avitum.
1379 5489 1748 5558 Ut'igenianus

170 5560 450 5626 igiturliste
479 5560 918 5618 Commentarius
938 5569 1040 5622 est,
1058 5571 1112 5613 ut
1138 5560 1588 5614 manifestissime
1603 5575 1750 5612 com-

167 5633 418 5697 probatur
455 5650 517 5690 ex
545 5633 920 5704 superioribus
963 5632 1164 5695 verbis,
1195 5630 1298 5684 Alii
1339 5647 1456 5685 vero
1497 5628 1637 5696 hunc
1669 5631 1740 5682 lo-

160 5717 271 5754 cum
284 5704 362 5777 ita
390 5704 710 5777 intelligunt,
729 5716 844 5777 etc.
871 5704 1138 5759 Maurum.

232 5784 251 5810 ο
284 5773 535 5833 blartian.
564 5772 846 5831 'wmulatio
893 5777 1030 5839 viro,
1068 5772 1566 5844 contradicentibus
1620 5785 1750 5828 mss.

1849 4663 1903 4716 in
1936 4663 2108 4718 labore
2136 4678 2232 4716 suo
2263 4677 2281 4714 :
2315 4661 2464 4731 quia,
2487 4661 2531 4716 si
2552 4661 2794 4716 ceciderit
2822 4679 2979 4729 unus,
3031 4665 3188 4736 eriget
3232 4666 3445 4736 partici-

1846 4858 2007 4918 atque
2037 4849 2199 4903 editis
2230 4847 2412 4918 libris,
2447 4848 2672 4918 ipsoque
2696 4857 2866 4906 textu.

1919 4917 1942 4955 ἀ
1985 4919 2102 4974 Duo
2131 4935 2264 4974 mss.
2291 4917 2416 4988 quid
2447 4917 2608 4973 instar
2632 4922 2878 5042 slpiritus,
2912 4932 2961 4976 et
2988 4923 3085 4987 sic,
3119 4932 3226 4979 etc.

1925 5002 1946 5025 ε’
1989 4990 2084 5042 Vel
2129 5001 2261 5042 certe
2311 4991 2383 5042 sic
2415 5008 2432 5042 :
2465 4989 2566 5042 Oui
2611 5007 2640 5042 α
2666 4991 2815 5042 ientc.
2844 4993 3014 5042 Aliter
3056 4993 3218 5042 leani

1925 5002 1946 5025 ε’
1989 4990 2084 5064 Vel
2129 5001 2261 5064 certe
2311 4991 2383 5064 sic
2410 5008 2432 5064 _:
2465 4989 2566 5056 Qui
2604 4989 2815 5064 alienis.
2844 4993 3014 5048 Allter
3055 4993 3178 5064 lego
3206 4996 3257 5048 in
3304 5008 3439 5050 mss.

1849 5063 2257 5132 exemplaribus
2297 5062 2742 5121 Corbeiensibus.
2776 5079 2895 5130 qua:
2952 5064 3031 5118 sic
3081 5062 3285 5120 habent
3320 5082 3332 5117 :
3363 5068 3441 5122 vel

1849 5146 1980 5188 certe
2006 5136 2050 5188 si
2077 5136 2165 5198 qui
2184 5133 2366 5187 alienis
2393 5132 2631 5203 felicitati
2654 5133 2866 5194 invidet.
2888 5145 2998 5189 etc.
3020 5134 3126 5190 Sed
3160 5135 3444 5196 retinenda

1849 5207 2066 5274 antiqua
2111 5205 2272 5259 lectio
2315 5205 2591 5259 editorum
2622 5205 2908 5270 librorum,
2940 5215 2994 5261 et
3025 5208 3254 5264 aliorum
3291 5207 3444 5262 codi-

1851 5292 1970 5331 cum
2002 5292 2133 5331 mss.
2181 5274 2268 5328 Vel
2296 5287 2428 5330 certe
2449 5279 2522 5330 sic
2549 5294 2566 5330 :
2597 5278 2708 5342 (ui,
2739 5286 2848 5333 etc.
2881 5277 3153 5334 MARTIAN.

1927 5347 1944 5383 ί
1983 5346 2049 5400 Ut
2102 5347 2334 5400 videatur
2388 5349 2503 5400 nius
2550 5294 2716 5400 labor.
2759 5359 2865 5400 etc.
2911 5349 3076 5400 Editi.
3108 5359 3153 5400 ut

1927 5347 1944 5383 ί
1983 5346 2049 5402 Ut
2102 5347 2334 5424 videatur
2385 5349 2503 5415 pius
2550 5346 2865 5424 labor,__elc.
2909 5349 3076 5414 Editi,
3108 5358 3162 5403 ut
3210 5349 3444 5424 vidrgtfur

1850 5417 1995 5472 labor
2021 5418 2340 5473 necessarius
2368 5422 2690 5472 reservantis.
2720 5419 2996 5484 Maurus.

1922 5521 1990 5529 —
2016 5491 2163 5546 Unus
2190 5489 2503 5557 Vaticanus,
2533 5505 2654 5546 cum
2678 5490 2806 5544 olim
2829 5491 3012 5558 editis,
3038 5489 3184 5547 labor
3209 5507 3445 5546 necessa-

1850 5562 1961 5636 rius
1982 5563 2306 5636 reservantis.
2329 5562 2557 5616 Leviora
2581 5562 2824 5630 quaedam
2852 5576 2949 5616 nos
2972 5579 3136 5636 supra
3179 5570 3341 5636 atque
3365 5563 3446 5619 in-

1856 5634 1934 5687 fra
1957 5635 2336 5690 enteudamus.
2710 5684 2715 5688 _

1930 5715 1954 5751 κ
1997 5704 2140 5761 ldetn
2169 5704 2413 5759 V’atican.
2452 5702 2640 5758 Melius
2660 5713 2733 5758 est
2757 5702 2883 5773 duo,
2908 5720 3081 5776 quam,
3110 5715 3218 5765 etc.
