3998 6332
538 258 675 313 1047

1804 250 1859 305 S.
1908 244 2181 304 I'ZUSEBII
2223 244 2605 301 HIERONYMI

3746 241 3905 300 1048

532 369 648 424 pem
672 369 836 407 suum.
871 350 939 405 Et
960 367 1033 404 va’
1058 351 1167 414 uni,
1198 365 1314 402 cum
1349 347 1609 412 ceciderit,
1643 358 1815 403 etnon
1842 358 1917 401 est
1946 362 2128 400 secun-
2160 346 2205 405 Α
2234 342 2350 399 Νοη
2382 344 2524 413 quod
2558 344 2724 399 solius
2764 326 2968 401 Christi
3022 345 3285 401 adversus
3341 343 3642 399 diabolum
3700 344 3897 399 virtus

528 447 647 508 dus,
678 445 768 513 qui
796 442 962 513 erigat
987 457 1124 496 eum.
1162 440 1229 495 Et
1251 440 1485 509 quidem,
1510 441 1554 493 si
1582 440 1846 495 dormiant
1871 438 1981 512 [AL
2008 440 2130 493 dor-

531 536 758 607 mierint]
786 536 911 599 duo,
945 536 1097 590 etiam
1121 536 1264 589 calor
1288 536 1383 589 erit
1409 534 1551 600 illis;
1601 544 1646 588 et
1685 550 1823 588 unus
1873 532 2130 604 quomodo

533 628 772 695 caleﬁet?
802 627 869 681 Et
898 629 941 682 si
972 628 1244 682 invaluerit
1274 644 1430 696 super
1452 644 1567 680 eum
1594 643 1752 691 unus,
1776 626 1877 680 duo
1926 624 2131 681 stabunt

532 723 773 777 adversus
804 738 920 775 eum
941 764 955 787 ,
987 732 1033 775 et
1060 721 1326 791 funiculus
1380 721 1573 791 triplex
1620 738 1726 775 non
1755 729 1780 758 ει
1805 721 1905 775 cito
1937 720 2132 789 rumpi-

532 825 632 867 tur.
670 814 800 869 Post
821 814 1217 870 sollicitudines
1240 824 1295 870 et
1323 814 1578 869 miserias
1602 813 1628 852 δ
1663 816 1717 868 in
1749 814 1946 883 quibus
1965 825 1986 852 ο
2011 828 2134 868 cor-

531 915 722 976 reptus
772 915 858 960 est
906 907 1019 971 ille,
1052 907 1141 977 qui
1175 906 1229 961 in
1261 906 1458 975 Opibus
1486 906 1876 977 conquirendis
1926 907 2133 978 absque

536 1010 691 1056 certo
750 1000 968 1055 hrcrede
1002 1015 1062 1056 se
1088 1001 1299 1055 cruciat
1325 1016 1339 1065 ;
1373 1016 1517 1055 nunc
1548 1001 1613 1055 ad
1644 1001 1988 1057 sodalitatem
2017 1016 2131 1056 ser-

537 1108 625 1146 mo
657 1092 957 1146 conlerlur.
987 1091 1051 1146 Et
1073 1092 1439 1162 dicitur,quid
1466 1092 1598 1148 boni
1618 1093 2129 1149 habeatamicorum

536 1187 984 1253 contubernium,
1045 1196 1099 1241 et
1141 1187 1191 1239 in
1246 1201 1535 1241 commune
1580 1186 1857 1253 solatium,
1924 1188 2050 1257 quia
2080 1198 2137 1243 et

536 1280 763 1336 alterius
811 1280 965 1333 ruina
1000 1280 1224 1333 alterius
1272 1280 1476 1334 auxilio
1528 1281 1859 1343 sublevetur.
1896 1290 2136 1336 etcuras

536 1375 893 1437 domesticas,
938 1374 1109 1443 ipsius
1156 1388 1375 1443 quoque
1428 1374 1603 1429 noctis
1638 1376 1881 1445 requiem
1935 1375 2134 1430 melius

534 1468 719 1538 exigat
750 1467 862 1526 ille.
884 1466 974 1536 qui
1009 1466 1170 1519 ﬁdttm
1202 1467 1435 1521 amicum
1470 1466 1658 1533 habet,
1693 1482 1852 1537 quam
1884 1468 1974 1538 qui
2006 1467 2138 1521 solis

535 1561 732 1630 opibus
762 1560 980 1613 incubat
1009 1560 1317 1627 acquisitis.
1344 1556 1368 1594 ἀ
1398 1559 1553 1627 Quod
1573 1569 1629 1615 et
1657 1564 1701 1615 si
1732 1560 2008 1615 robustior
2036 1561 2135 1615 ini-

536 1654 706 1707 micns
736 1653 856 1719 quis
884 1662 1073 1705 contra
1110 1666 1277 1704 unum
1332 1651 1663 1717 surrexerit,
1697 1651 2137 1708 imbecillitatem

2237 437 2451 492 inﬁrma
2478 438 2571 506 sit,
2591 437 2753 511 423
2778 440 2872 495 sed
2902 439 3043 509 quod
3074 439 3304 494 liberum
3332 437 3549 494 homini
3569 435 3894 506 relinqua-

2239 539 2324 584 tur
2352 530 2659 597 arbitrium,
2689 542 2742 586 et
2764 531 3133 587 annitentibus
3152 530 3333 595 nobis,
3360 531 3483 600 ipse
3512 529 3565 583 in
3600 529 3893 599 praelian-

2236 621 2306 676 do
2332 621 2525 677 fortior
2557 622 2667 677 ﬁat.
2693 623 2848 689 Quod
2872 624 2916 678 si
2962 623 3125 679 etiam
3181 622 3366 687 Pater,
3426 631 3483 677 et
3538 621 3771 687 Filius,
3836 634 3890 678 et

2235 714 2473 783 Spiritus
2503 715 2734 771 Sanctus
2756 716 3107 781 advenerim,
3135 730 3241 769 non
3275 716 3390 769 cito
3419 715 3723 785 rumpitur
3765 712 3885 786 [ΑΙ.

2239 808 2542 880 rumpetur]
2585 809 2597 858 i
2634 809 2734 863 ista
2790 808 3073 863 sodalitas.
3135 807 3292 876 Quod
3345 816 3532 862 autem
3585 822 3716 863 non
3775 810 3889 861 cito

2237 901 2533 971 rumpitur,
2562 909 2744 956 tamen
2799 900 3087 972 aliquando
3116 912 3421 969 rumpetur.
3478 899 3550 954 Et
3601 901 3668 954 in
3738 898 3889 955 Juda

2239 996 2379 1051 enim
2436 994 2691 1065 apostolo
2740 995 2839 1049 fuit
2896 995 3091 1066 triplex
3122 995 3223 1049 iste
3250 994 3534 1050 funiculus
3562 1012 3573 1046 :
3603 994 3718 1049 sed
3751 996 3884 1063 quia

2240 1098 2362 1158 post
2411 1090 2706 1144 buccellam
2751 1090 2999 1146 introivit
3027 1090 3079 1143 in
3104 1105 3227 1144 eum
3279 1089 3539 1155 Satanas,
3573 1088 3881 1144 funiculus

2240 1180 2340 1236 iste
2368 1181 2622 1253 diruptus
2647 1192 2751 1238 est.
2777 1182 2947 1238 Porro
2968 1182 3111 1254 quod
3128 1186 3379 1253 superius
3399 1186 3474 1237 ait
3510 1200 3520 1237 :
3554 1181 3624 1238 Et
3651 1185 3879 1254 quidem

2239 1278 2283 1332 si
2310 1277 2572 1331 dormiant
2624 1278 2749 1343 duo,
2804 1279 2961 1331 etiam
2990 1277 3135 1331 calor
3167 1279 3262 1332 erit
3289 1276 3399 1331 illis
3428 1295 3448 1333 :
3482 1287 3531 1331 et
3562 1294 3719 1331 unus
3748 1294 3878 1346 quo-

2240 1371 2393 1423 modo
2423 1369 2625 1439 caleﬁet
2643 1370 2668 1423 ?
2689 1370 2759 1426 de
2782 1370 2981 1425 Elisaro
3005 1386 3282 1426 sumamus
3330 1372 3689 1441 exemplum,
3721 1371 3876 1441 quod

2242 1462 2357 1531 ipse
2386 1461 2719 1516 contraxerit
2738 1476 2797 1515 se
2822 1475 2943 1515 cum
2972 1476 3163 1531 puero,
3197 1471 3254 1517 et
3273 1462 3584 1527 dormierit,
3609 1470 3669 1518 et
3695 1462 3872 1517 calc-

2243 1552 2433 1609 fecerit
2485 1554 2867 1625 corpusculum
2898 1556 3041 1623 ejus,
3076 1566 3132 1610 et
3153 1556 3224 1609 ita
3254 1554 3615 1612 \‘iviﬁcaverit
3670 1571 3879 1611 resur-

2242 1656 2460 1718 gentem
2486 1646 2576 1717 (ιν
2607 1648 2737 1720 Reg.
2768 1648 2864 1717 tv).
2914 1647 3024 1702 Nisi
3053 1650 3215 1719 igitur
3269 1649 3508 1705 Christus
3549 1650 3874 1705 nobiscum

533 1744 762 1799 alterius
784 1745 941 1798 amici
972 1744 1169 1799 solatio
1209 1747 1527 1799 sustentari.
1566 1746 1634 1800 Et
1663 1756 1868 1815 quanto
1895 1746 2001 1802 duo
2030 1763 2138 1802 uno
2171 1747 2218 1807 B
2246 1740 2552 1809 dormierit,
2584 1748 2639 1795 et
2668 1741 2719 1795 in
2752 1754 2929 1796 morte
2960 1743 3309 1813 requieverit.
3348 1744 3577 1798 calorem
3609 1753 3873 1797 mter-nae

538 1836 816 1902 diﬂ'erant,
848 1837 891 1892 si
914 1851 1097 1891 amore
1128 1838 1408 1907 conjuncti
1440 1838 1569 1901 sint,
1607 1847 1755 1893 tanto
1782 1841 1942 1894 etiam
1974 1841 2135 1896 trium

532 1931 951 1987 contubernium
986 1930 1105 1999 plus
1144 1932 1343 1986 valere.
1398 1931 1609 1986 Etenim
1642 1948 1767 1988 vera
1794 1932 2057 1999 cbaritas,
2086 1944 2143 1989 et

540 2040 568 2077 a
598 2024 747 2077 nullo
775 2022 950 2079 livore
972 2023 1197 2089 violata,
1219 2032 1425 2094 quanto
1440 2035 1666 2095 augetur
1697 2041 1953 2095 numero,
1990 2034 2140 2081 tanto

542 2127 751 2172 crescet
777 2125 833 2172 et
866 2117 1082 2173 robore.
1125 2117 1192 2172 Et
1226 2119 1342 2173 lucc
1368 2119 1587 2173 interim
1628 2120 1956 2191 simpliciter
1996 2120 2141 2176 dicta

542 2211 672 2265 sint.

611 2303 903 2368 Caeterum,
959 2303 1084 2373 quia
1136 2303 1189 2357 itt
1244 2303 1513 2372 superiori
1560 2304 1681 2359 loco
1710 2319 1874 2375 super
1924 2306 2145 2361 Christo

537 2398 895 2469 quommdam
930 2397 1352 2468 intelligentiam
1384 2400 1697 2467 posuimus,
1724 2402 1889 2455 etiam
1933 2403 2144 2470 reliqua

539 2492 730 2547 eodem
760 2491 955 2547 ordine
985 2490 1306 2546 diSserenda
1334 2501 1484 2545 sunt.
1536 2492 1731 2547 Melius
1759 2503 1847 2549 est
1876 2494 2013 2550 duos
2047 2511 2143 2564 pa-

542 2584 677 2639 riter
702 2598 844 2648 esSe,
876 2599 1038 2655 quam
1072 2598 1262 2639 unttm.
1298 2582 1493 2638 Melius
1521 2594 1604 2638 est
1632 2584 1773 2639 enint
1807 2585 2145 2641 habitantem

544 2677 595 2731 in
623 2693 683 2733 se
708 2679 911 2733 habere
959 2678 1270 2745 Christum,
1324 2693 1483 2747 quam
1529 2678 1706 2733 solum
1733 2688 1756 2715 θ
1789 2678 2059 2745 habitare,
2090 2689 2148 2743 et

540 2780 728 2841 patere
753 2771 968 2826 insidiis
998 2771 1360 2826 adversantis.
1396 2772 1607 2825 Merces
1624 2772 1827 2841 quippe
1849 2774 2147 2827 contuber-

546 2862 620 2915 ttii
650 2861 830 2915 statim
865 2863 916 2915 in
944 2862 1063 2930 ipsa
1105 2862 1384 2917 societatis
1426 2862 1662 2918 utilitate
1706 2874 2063 2918 monstratur.
2089 2864 2149 2921 Si

545 2953 688 3007 enim
719 2952 978 3007 ceciderit
1007 2970 1166 3020 unus,
1201 2956 1360 3024 erigit
1386 2953 1495 3026 [ΑΙ.
1520 2954 1718 3026 eriget]
1747 2953 1998 3011 Christus
2029 2971 2150 3026 par-

548 3045 766 3113 ticipem
804 3043 821 3080 ῖ
856 3060 1032 3099 suum.
1092 3046 1187 3100 Vae
1220 3055 1242 3093 Β
1272 3046 1474 3117 quippe
1520 3048 1593 3110 ei,
1639 3046 1753 3117 qui,
1801 3062 1923 3101 cum
1956 3048 2146 3115 ruerit,

2242 1832 2369 1886 vitat
2392 1834 2642 1902 accipere
2674 1847 2781 1887 non
2814 1834 3080 1889 valemus.

2316 1924 2507 1981 Melior
2536 1935 2608 1978 est
2640 1942 2766 1994 puer
2795 1943 2994 1997 pauper
3014 1938 3061 1980 et
3091 1930 3322 1999 sapiens,
3346 1946 3493 2000 quant
3539 1949 3635 1987 rex
3685 1952 3871 1991 senex.

2244 2029 2289 2072 et
2319 2020 2525 2087 stultus,
2558 2020 2649 2091 qui
2682 2017 2707 2055 ι
2740 2024 2897 2073 nescit
2927 2022 3197 2091 providere
3252 2025 3305 2078 in
3354 2036 3643 2093 posterum.
3708 2030 3874 2098 Quo-

2245 2114 2388 2166 niam
2411 2113 2475 2167 de
2496 2113 2649 2168 domo
2704 2115 2994 2169 vinctorum
3042 2116 3302 2187 egreditur
3354 2117 3409 2170 in
3437 2134 3615 2192 regem
3651 2119 3700 2189 ι,
3736 2124 3870 2192 quia

2244 2210 2405 2264 etiam
2431 2210 2485 2262 in
2515 2226 2674 2280 regno
2703 2211 2818 2281 ejus
2853 2219 3005 2264 natus
3032 2220 3108 2265 est
3133 2228 3354 2281 pauper.
3410 2211 3532 2267 Vidi
3587 2216 3871 2272 universos

2247 2303 2484 2369 viventes,
2514 2303 2603 2372 qui
2627 2302 2897 2357 ambulant
2926 2304 3018 2357 sub
3046 2304 3153 2359 sole
3183 2321 3297 2358 cum
3324 2304 3666 2363 adolescente
3686 2326 3871 2365 secun-

2248 2397 2338 2464 do,
2368 2399 2453 2468 qui
2480 2408 2755 2469 consurget
2784 2415 2876 2468 pro
2906 2400 3021 2454 illo.
3056 2398 3179 2453 Non
3208 2410 3283 2454 est
3312 2402 3435 2469 finis
3464 2405 3611 2458 omni
3642 2409 3866 2476 populo,

2249 2493 2523 2560 uniuersis,
2573 2494 2663 2563 qui
2692 2496 2901 2563 fuerunt
2932 2504 3050 2547 ante
3076 2493 3215 2548 illos.
3265 2493 3333 2548 Et
3357 2496 3569 2565 quidem
3596 2500 3872 2555 novissimi

2251 2602 2353 2640 non
2384 2586 2698 2640 lwtabuntur
2722 2587 2775 2639 in
2799 2604 2858 2640 eo
2898 2603 2917 2642 :
2945 2588 3035 2641 sed
3067 2597 3112 2641 et
3144 2589 3237 2642 Itoc
3265 2592 3487 2657 vanitas,
3526 2600 3575 2646 et
3607 2610 3871 2665 presum-

2252 2684 2360 2753 ptio
2387 2684 2623 2755 spiritus.
2658 2683 3021 2756 Symmachus
3052 2686 3197 2742 hunc
3229 2687 3403 2743 locum
3436 2689 3508 2743 ita
3534 2693 3822 2749 transtulit
3854 2714 3864 2748 :

2255 2775 2445 2831 Melior
2473 2786 2551 2831 est
2573 2794 2769 2847 pauper
2796 2794 2914 2832 cum
2934 2780 3207 2849 sapientia,
3240 2796 3359 2851 rege
3376 2798 3497 2837 sene
3509 2792 3561 2837 et
3586 2785 3869 2855 insipiente

2251 2871 2337 2938 qui
2358 2871 2517 2924 nescit
2546 2886 2832 2942 praecavere
2861 2872 3284 2927 vicissitudinem.
3310 2872 3454 2926 Alter
3466 2876 3601 2929 enim
3622 2878 3733 2931 erit
3757 2877 3864 2949 [ΑΙ.

2251 2962 2429 3033 exivit]
2452 2965 2514 3016 de
2538 2980 2741 3018 carcere
2770 2964 2838 3016 ad
2863 2963 3186 3036 regnandum
3211 2980 3230 3018 :
3255 2966 3388 3020 alter
3407 2981 3549 3036 vero,
3582 2985 3705 3022 cum
3734 2980 3864 3024 esset

2254 3072 2349 3109 rex
2387 3066 2556 3119 natus,
2581 3065 2887 3127 paupertate
2934 3072 3211 3125 Oppressus
3241 3068 3335 3111 est.
3393 3058 3518 3113 Vidi
3574 3077 3758 3115 omnes
3785 3066 3863 3116 ei-

542 3135 817 3189 Christum
848 3135 900 3188 in
928 3149 985 3189 se
1009 3152 1114 3190 non
1140 3136 1306 3191 habet
1340 3138 1665 3208 erigentem.
1722 3140 1876 3205 Quod
1905 3141 1953 3194 si
1983 3140 2146 3195 etiam
2178 3134 2223 3197 C
2255 3157 2447 3215 ventes,
2481 3149 2570 3217 qui
2590 3148 2900 3218 gradiuntur
2921 3150 3013 3202 sub
3040 3150 3146 3203 sole
3191 3149 3355 3223 424
3392 3168 3505 3206 cum
3533 3152 3865 3211 adolescente

544 3229 835 3282 dormierit
863 3243 1025 3291 unus,
1058 3228 1159 3282 hoc
1192 3238 1296 3295 est,
1327 3232 1370 3281 si
1401 3238 1575 3286 morte
1607 3231 1773 3286 fuerit
1819 3231 2141 3299 dissolutus,

549 3330 605 3374 et
632 3333 817 3374 secum
865 3319 1145 3373 Christum
1171 3318 1489 3386 habuerit“,
1520 3323 1833 3387 calefactus.
1867 3335 1921 3380 et
1968 3326 2148 3380 viviti-

550 3423 705 3470 catus
740 3411 756 3449 ί
791 3413 952 3468 citius
983 3414 1279 3469 reviviscit.
1317 3416 1381 3469 Et
1408 3415 1451 3469 si
1470 3415 1728 3472 adversus
1753 3416 2029 3473 hominem
2062 3434 2151 3475 ro-

551 3508 763 3565 bustior
791 3510 842 3563 in
861 3508 1222 3579 expugnando
1245 3509 1494 3564 diabolus
1508 3510 1760 3577 astiterit,
1776 3514 1942 3567 stabit
1960 3513 2146 3583 homo,

551 3601 715 3656 stabit
742 3610 795 3657 et
818 3601 1064 3656 Christus
1093 3617 1189 3671 pro
1226 3600 1447 3657 homine
1502 3617 1624 3665 suo,
1670 3619 1768 3673 pro
1822 3604 1993 3659 sodali
2024 3622 2145 3661 suo.

624 3718 944 3773 -—-Meliores
971 3718 1073 3770 duo
1101 3734 1257 3788 quant
1277 3734 1435 3771 unus.
1464 3717 1614 3772 Unus
1656 3733 1758 3772 ms.
1792 3716 2146 3777 Corheiensis

555 3807 586 3845 e
610 3790 831 3861 regione
861 3790 1044 3858 posuit
1074 3792 1133 3861 in
1149 3792 1393 3855 margine
1426 3788 1570 3854 libri,
1600 3788 1841 3843 Meliores
1864 3801 1981 3844 sunt
2008 3794 2146 3848 duo:

556 3860 902 3917 Colliertinus
924 3870 1104 3915 autem
1126 3860 1178 3914 in
1205 3874 1435 3922 corpore
1461 3861 1853 3915 translationis.
1872 3862 2145 3919 Maurum.

628 3943 655 3969 ιι
694 3933 871 3987 Nostri
917 3947 1130 3997 omnes,
1173 3942 1225 3985 et
1271 3930 1470 4002 quibus
1500 3931 1615 3997 ipse
1645 3948 1776 3986 usus
1819 3942 1903 3986 est
1927 3935 2150 3989 Martia-

559 4019 730 4071 meus,
782 4018 916 4058 mss.
968 4003 1122 4071 libri,
1166 4019 1268 4057 non
1308 4002 1460 4073 facile
1496 4013 1787 4073 rumpetur,
1828 4005 1899 4057 al.
1949 4008 2148 4075 rumpi-

557 4085 661 4129 tur.

628 4145 654 4183 ι)
687 4144 813 4199 Post
841 4145 1236 4213 sollicitudines,
1264 4156 1372 4200 etc.
1414 4143 1606 4202 Plures
1646 4162 1778 4203 mss.
1815 4146 2148 4202 Postsolitu-

559 4218 693 4271 dinis
717 4220 968 4281 miserias,
1004 4227 1109 4271 etc.
1144 4217 1413 4271 Murum.

635 4300 657 4326 ο
698 4287 829 4342 Cum
860 4288 1032 4359 Vatit'.
1056 4303 1188 4343 mss.
1213 4288 1429 4341 Alcuin.
1458 4297 1623 4359 atque
1653 4287 1786 4344 editi
1816 4291 2148 4346 vetustiores

562 4368 838 4427 corruptus
869 4368 940 4413 est
969 4358 1075 4423 ille,
1126 4370 1233 4413 etc.

634 4427 660 4464 ιι
702 4429 778 4481 lia
800 4443 925 4500 mss.
953 4431 1123 4484 nestri
1151 4445 1362 4491 omnes.
1395 4431 1608 4485 Alcuio.
1630 4440 1685 4485 et
1710 4428 1981 4486 Victorius
2008 4448 2145 4500 prte-

565 4498 783 4563 ferttnt;
818 4499 1063 4552 Martian.
1120 4510 1323 4565 tamen,
1376 4501 1517 4565 Quid
1540 4504 1584 4555 si
1612 4501 1892 4568 robustior,
1929 4498 2062 4570 etc.,
2090 4517 2144 4559 et

563 4584 688 4625 mox
718 4584 904 4623 vocem
951 4587 1108 4623 unum
1140 4574 1505 4637 praetermisit.

638 4650 662 4677 θ
706 4639 939 4713 Verbum
968 4640 1217 4703 habitare.
1243 4655 1403 4712 atque
1423 4652 1478 4697 et
1500 4642 1834 4712 particulam,
1866 4658 1987 4713 quat
2011 4645 2143 4699 huc-

565 4724 723 4767 teuus
757 4712 1006 4778 deerant,
1039 4727 1069 4767 e
1099 4712 1269 4768 tribus
1320 4728 1451 4768 mss.
1508 4713 1770 4769 Vaticano
1803 4727 1855 4768 et
1886 4712 2147 4771 Palatinis

560 4782 893 4839 suﬂ‘eeimus.

639 4855 657 4893 τ
697 4854 843 4909 Unus
873 4856 1033 4926 eriget
1061 4856 1364 4928 participem
1393 4874 1567 4912 suum.
1592 4857 1860 4927 Corrupte
1904 4858 1957 4912 in
1986 4860 2151 4915 editis

562 4929 826 5002 scriptum
858 4937 962 5002 est,
989 4929 1145 4997 eriget
1180 4932 1439 5002 particeps
1475 4930 1860 5002 sociant-suum
1888 4947 1899 4983 :
1926 4932 2051 4999 quia
2084 4946 2151 4985 ex

560 4998 967 5070 Commentario
1007 5002 1295 5067 perspicue
1325 4998 1628 5055 ostenditur
1662 4998 2049 5070 Hieronymum
2075 5004 2153 5055 le-

561 5070 729 5194 gisse,
764 5069 924 5139 eriget
952 5070 1257 5139 participem
1284 5087 1451 5124 suum.
1490 5070 1623 5124 Vide
1650 5069 2049 5138 expositionem
2082 5073 2156 5128 al-

585 5142 857 5194 etzoricatn
888 5140 958 5193 de
974 5142 1337 5194 contubernio
1365 5139 1595 5194 Christi.
1618 5141 1888 5194 Maurum.

585 5142 857 5209 egoricam
888 5140 958 5193 de
974 5142 1337 5194 contubernio
1365 5139 1595 5195 Christi.
1618 5141 1888 5197 MARTIAN.

639 5220 664 5258 tt
705 5210 809 5263 Pro
835 5210 904 5275 ei,
938 5224 1068 5263 mss.
1105 5213 1192 5263 uni
1208 5210 1428 5265 habent.

636 5279 666 5317 ιι
696 5280 765 5333 Et
794 5295 965 5334 secum
994 5278 1254 5334 Christum
1282 5281 1533 5337 habuerit.
1567 5283 1680 5337 Duo
1749 5284 1969 5341 codices
2016 5285 2153 5341 Cor-

563 5352 816 5425 beienses
848 5351 1041 5425 eodem
1082 5367 1245 5407 sensu
1269 5354 1478 5425 legunt,
1503 5365 1549 5409 et
1572 5355 1830 5410 Christum
1868 5359 2150 5412 secundum

566 5422 827 5477 habuerit.
855 5422 1131 5478 Murrus.

644 5493 661 5531 ί
707 5492 880 5548 Voces
910 5504 957 5548 et
985 5495 1292 5563 viviﬁcatur.
1318 5496 1579 5551 Alcuiuus
1601 5511 1709 5551 non
1736 5509 1981 5553 noverat.
2016 5499 2146 5553 Mss.

562 5565 997 5636 verowreuiviscet
1030 5568 1081 5618 in
1104 5565 1287 5621 futuro
1317 5568 1521 5636 legunt.

626 5636 655 5695 Ii
700 5635 763 5686 Et
796 5634 1059 5702 funiculus
1087 5637 1277 5704 triplex
1301 5634 1402 5691 non
1442 5639 1545 5691 cito
1577 5637 1856 5707 rumpitur.
1903 5636 2151 5704 Quatuor

560 5706 893 5777 exemplaria
938 5720 1071 5777 mss.
1104 5708 1299 5774 quibus
1344 5718 1491 5772 utor,
1523 5706 1847 5777 constanter
1886 5714 2147 5777 retinent,

600 5782 667 5820 on
697 5771 851 5836 facile
870 5771 1147 5842 rumpitur,
1182 5780 1269 5832 vel
1299 5771 1585 5847 rumpatur.
1611 5775 1763 5833 Nulla
1790 5782 1969 5837 tamen
1994 5771 2150 5838 dubi;

2175 4574 2228 4632 D

2250 3240 2495 3305 secundo,
2514 3248 2555 3276 ω
2574 3241 2899 3310 quisurrerit
2924 3256 3017 3309 pro
3037 3258 3116 3295 eo.
3144 3239 3395 3311 Inﬁnitus
3421 3246 3589 3299 omnis
3611 3247 3857 3318 populus,

2250 3332 2339 3402 qui
2377 3335 2477 3400 fuit
2530 3344 2649 3385 ante
2674 3343 2945 3403 utrumque
2974 3351 2992 3388 :
3020 3345 3067 3389 et
3096 3338 3288 3405 posteri
3336 3334 3437 3391 non
3470 3337 3785 3395 lwtabuntur
3809 3343 3862 3396 in

2252 3442 2330 3481 eo.
2369 3426 2476 3481 Sed
2504 3427 2670 3481 ethoc
2704 3445 2834 3481 aura
2864 3438 2911 3481 et
2945 3431 3114 3499 pastio
3168 3432 3321 3485 venti.
3369 3431 3631 3488 Hebraeus
3682 3450 3856 3503 meus,

2254 3520 2410 3586 cujus
2439 3533 2584 3588 smpe
2609 3519 2746 3575 facio
2779 3522 3129 3589 utentionem,
3176 3537 3298 3578 cum
3340 3523 3717 3581 Ecclesiasten
3748 3542 3857 3581 mea

2257 3626 2379 3667 cum
2439 3612 2662 3683 legeret,
2724 3613 2840 3668 haec
2884 3622 2911 3650 ἰ
2957 3614 3293 3686 Baraciham,
3346 3632 3506 3687 quem
3560 3634 3730 3673 unum
3773 3619 3856 3675 vel

2260 3726 2627 3801 tatio_sube_s_t,
2659 3726 2788 3794 quin
2820 3727 3105 3801 legendum
3148 3729 3219 3801 sit
3272 3731 3394 3796 cito,
3428 3738 3483 3783 et
3515 3746 3627 3785 non
3660 3732 3813 3801 facile
3834 3751 3856 3798 ,-

2256 3811 2379 3851 cum
2410 3797 2526 3865 ipse
2558 3798 2920 3870 Hieronymus
2950 3800 3001 3853 itt
3022 3814 3121 3853 suo
3143 3800 3553 3855 Commentario
3586 3797 3671 3856 bis
3694 3797 3852 3870 legat,

2258 3884 2360 3921 non
2399 3870 2501 3922 cito
2537 3870 2816 3938 rumpitur.
2845 3868 3114 3925 Caeterum
3150 3871 3203 3925 in
3236 3886 3337 3925 ms.
3368 3870 3698 3927 Colbertino
3720 3868 3848 3929 diuos

2259 3940 2558 3994 versiculos
2610 3951 3017 4011 consequentes
3059 3944 3284 4009 reperi,
3328 3943 3525 4009 quibus
3561 3944 3851 3999 Monachus

2259 4013 2348 4081 qui
2370 4011 2568 4066 librum
2591 4010 2904 4083 descripsit,
2924 4013 2992 4068 de
3010 4014 3295 4069 sodalitate
3315 4014 3531 4069 videtur
3552 4020 3806 4088 conqueri
3834 4036 3846 4071 :

2322 4136 2607 4199 Praspositis
2633 4142 2817 4197 vinum,
2848 4151 2937 4189 nos
2960 4140 3285 4199 degustamus
3307 4149 3503 4191 acetum
3532 4156 3544 4190 :

2321 4198 2610 4261 Praepositis
2633 4200 2840 4265 triplex,
2869 4203 3012 4251 nobis
3034 4198 3088 4252 fit
3112 4206 3269 4265 portio
3292 4203 3525 4321 sintpliix.

3496 4281 3681 4321 ARTMN

2330 4388 2353 4425 '-'
2395 4389 2522 4444 Mss.
2549 4390 2636 4460 qui
2659 4389 2888 4462 nescipit,
2914 4388 3020 4458 hic,
3051 4398 3214 4459 atque
3247 4390 3387 4445 inl'ra
3429 4406 3494 4446 ex
3522 4390 3845 4462 Symmacho

2258 4458 2418 4528 idque
2443 4458 2642 4513 rectius
2664 4460 2729 4513 ad
2765 4459 3053 4514 Hebraeum
3098 4458 3305 4515 textum
3337 4473 3391 4516 et
3415 4458 3681 4517 Gra‘c'om.
3726 4463 3843 4517 Mox

2260 4528 2567 4604 Vaticanus,
2603 4540 2656 4585 et
2681 4531 2911 4604 Palatio.
2935 4532 3093 4593 alter.
3121 4532 3175 4585 in
3198 4548 3389 4604 regem,
3424 4544 3479 4585 ut
3509 4536 3841 4603 regnet,quia

2254 4600 2620 4677 etc.‘Vet_eres
2645 4602 2773 4656 editi
2822 4604 3104 4677 dumtaxat
3133 4614 3185 4656 ut
3213 4600 3413 4677 regnet,
3449 4600 3623 4674 proin
3650 4600 3835 4677 regem,

2254 4670 2653 4739 praeferebant:
2682 4684 2845 4742 atque
2910 4673 3176 4729 Hebraice
3225 4670 3463 4744 quideut'
3496 4670 3728 4731 tantum"
3769 4670 3845 4733 est

2252 4748 2409 4847 πνοιὴ
2435 4783 2449 4830 ;
2476 4766 2667 4823 Grtece
2694 4774 2786 4824 τοῦ
2832 4769 3135 4840 βασιλεῦσαι
3162 4786 3171 4821 :
3201 4769 3432 4840 proinde
3459 4770 3693 4825 alterum
3723 4770 3845 4826 alte-

2255 4860 2369 4913 rius
2396 4859 2662 4921 glossema
2706 4870 2808 4914 est.

2336 4928 2662 5003 1Egreditur
2716 4932 2769 4983 in
2814 4946 3005 5003 regem.
3042 4932 3117 4987 Ita
3148 4932 3356 5003 glegunt
3409 4946 3543 4988 mss.
3596 4932 3839 4999 codices;

2258 5000 2572 5073 cditi_vero,
2605 5010 2660 5053 ut
2689 5000 2887 5073 regnet.
2917 5002 3190 5058 Maurum.

2333 5081 2372 5108 ιη
2406 5071 2578 5156 vatic.
2608 5071 3005 5156 quisurrexcrit
3027 5090 3123 5156 pro
3149 5090 3230 5128 eo.
3261 5073 3397 5128 Tum
3426 5074 3845 5156 Infinituspopu—

2256 5142 2360 5209 lus,
2388 5145 2494 5215 qui,
2525 5153 2631 5199 etc.
2662 5144 2866 5211 alisque
2896 5142 3085 5211 omnis,
3135 5160 3256 5215 qua:
3304 5161 3407 5201 vox
3439 5142 3575 5202 etin
3611 5142 3843 5203 Palatino

2256 5214 2491 5285 secunda
2523 5230 2680 5285 manu
2721 5217 3061 5285 expungitur.

2327 5293 2353 5320 η
2383 5283 2524 5358 Hac
2564 5283 3153 5358 Baracibamflttsignis
3187 5299 3272 5342 est
3309 5288 3413 5343 iste
3445 5289 3602 5345 locus
3634 5298 3845 5358 propter

2256 5371 2453 5411 nomen
2482 5354 2789 5431 Baracciba,
2815 5358 2931 5411 sive
2959 5354 3528 5431 Baracltiba,celebris
3564 5354 3841 5431 cujusdam

2254 5428 2499 5494 magistri
2537 5428 3014 5503 llebrieorum,_de
3045 5431 3314 5503 quonihil
3357 5428 3647 5487 memoriae
3674 5434 3844 5503 prodi-

2257 5510 2367 5574 tum
2400 5507 2483 5553 est
2503 5500 2644 5574 apud
2670 5498 3094 5574 Tltalmudistas,
3128 5501 3249 5574 sive
3264 5504 3403 5574 apud
3432 5498 3737 5574 scriptores
3756 5505 3843 5559 Ju-

2254 5572 2523 5645 dteorum.
2554 5571 2745 5645 Itaque
2786 5570 3104 5639 prudentem
3131 5570 3565 5645 studiosumque
3585 5580 3837 5631 lectorem

2254 5642 2617 5718 monebimus,
2639 5640 2846 5695 nullum
2873 5657 2999 5718 esse
3026 5643 3325 5718 exemplar;
3351 5640 3535 5718 msfin
3566 5661 3677 5716 quo
3705 5650 3841 5718 legas

2252 5721 2348 5788 tur,
2362 5711 2760 5788 jtt_xta__l_3rasnt.
2788 5712 3121 5788 et‘Marian”
3145 5713 3256 5788 haec
3280 5711 3642 5788 Baruchegni;
3673 5711 3840 5773 scduin

2252 5780 2465 5838 euti'ctis
2518 5783 2647 5837 illud
2699 5780 2899 5838 nomen
2948 5780 3212 5856 abripiunt
3243 5784 3349 5857 legi
3393 5788 3482 5845 vel
3512 5780 3837 5856 Barac/tiam,
