4010 6306
58 289 197 345 illi!)

1091 280 1639 340 COMMENTARIUS
1682 282 1748 339 IN
1790 284 2325 343 ECCLESIASTEN.

3218 283 3359 339 1050

51 405 284 459 maxime
313 403 670 469 admirantur,
722 414 888 471 super
916 401 1170 471 prmsenti
1204 400 1321 456 loco
1352 400 1643 456 tradidisse
1672 414 1721 473 Α
1748 402 1815 458 ad
1849 418 2073 472 regnum
2114 403 2263 459 exire
2309 401 2375 457 de
2430 415 2680 470 carcere,
2723 411 2777 457 et
2805 401 3047 473 seipsum
3071 400 3139 458 de
3171 402 3357 471 iniqua

51 505 279 552 testatus
306 505 409 551 est.
438 495 629 551 Melior
658 505 738 550 est
761 494 992 549 interior
1008 492 1193 561 homo,
1224 494 1315 563 qui
1347 502 1651 563 postquar-

50 597 157 643 tum
192 587 461 641 decimum
496 586 799 655 pubertatis
847 601 1053 639 annum
1104 586 1158 640 iii
1189 587 1346 641 nobis
1378 587 1645 654 exoritur,

50 684 321 739 exteriore
348 682 589 749 homine,
645 681 735 751 qui
760 680 827 735 de
847 682 1037 735 matris
1066 680 1190 733 alvo
1224 689 1379 735 natus
1429 689 1533 745 est,
1556 678 1647 750 qui

50 776 222 831 nescit
262 776 522 829 recedere
548 788 578 827 a
605 773 761 841 vitio,
791 784 844 827 et
868 773 959 844 qui
1005 772 1073 828 de
1109 772 1273 827 domo
1320 774 1642 839 vinctorum,

46 868 112 923 de
138 879 295 922 utero
324 866 575 922 videlicet
602 876 871 934 materno,
901 865 968 920 ad
999 868 1100 919 Iioc
1138 867 1327 933 exivit,
1356 876 1417 919 ut
1447 880 1647 935 regna-

46 971 124 1014 ret
156 958 274 1031 [ΑΙ.
308 957 533 1030 regnet]
566 958 620 1013 iu
669 957 841 1012 vitiis.
886 958 987 1026 Qui
1044 957 1207 1014 etiam
1234 967 1259 994 α
1292 958 1343 1011 in
1376 967 1649 1026 potestate

46 1065 141 1104 sua
171 1064 376 1120 pauper
423 1049 651 1105 effectus
688 1060 794 1118 est,
830 1051 970 1105 mala
1019 1051 1203 1105 omnia
1250 1049 1637 1120 perpetrando.

44 1143 162 1199 Vidi
196 1159 312 1211 eos,
336 1146 427 1215 qui
459 1144 512 1198 in
545 1144 728 1214 priore
752 1143 976 1200 homine
1008 1145 1282 1213 vixerunt,
1316 1156 1370 1200 et
1399 1159 1642 1206 cum.se-

42 1238 219 1292 cttndo
250 1237 470 1293 homine
502 1247 690 1307 postea
732 1239 931 1293 versati
964 1250 1109 1307 sunt,
1138 1253 1206 1293 eo
1241 1238 1518 1304 videlicet,
1551 1237 1641 1308 qui

42 1345 138 1399 pro
164 1332 349 1400 priore
372 1332 661 1387 decessore
681 1343 977 1403 generatus
1006 1343 1089 1387 est
1114 1350 1125 1384 ε
1152 1332 1504 1402 intellexique
1526 1349 1644 1387 om-

41 1437 139 1475 nes
172 1423 224 1476 in
250 1422 471 1478 homine
496 1424 679 1491 priore
702 1439 979 1494 peccasse,
1014 1434 1327 1495 antequam,
1346 1422 1373 1461 δ
1397 1424 1641 1479 secundo

40 1526 322 1582 nascente,
342 1517 446 1571 duo
471 1518 723 1573 homines
752 1520 965 1574 fierent.
999 1518 1132 1586 Quia
1165 1534 1299 1575 vero
1317 1520 1383 1574 ad
1412 1519 1637 1574 meliora

39 1610 317 1674 conversi,
349 1619 405 1663 et
438 1620 558 1677 post
584 1609 625 1663 Υ
652 1621 672 1649 ο
704 1612 942 1666 litteram
976 1610 1448 1682 philosophorum,
1498 1612 1632 1665 sini-

40 1711 156 1756 stro
190 1704 406 1757 tramite
437 1704 727 1771 derelicto,
760 1703 825 1759 ad
857 1705 1110 1760 dextrum
1140 1706 1349 1774 apicem
1403 1713 1637 1759 conten-

1754 496 2016 565 deiuceps
2040 506 2313 565 potestate
2344 511 2439 551 sua
2474 511 2757 551 corruere.
2793 495 2990 550 Evenit
3019 494 3164 550 enim
3192 495 3360 549 inter-

1752 586 1964 642 dumut
1988 588 2039 641 hi
2058 591 2148 657 qui
2175 589 2276 643 sub
2296 588 2709 644 adolescentulo
2723 588 2976 659 sapiente
2993 587 3215 653 fuerint,
3232 586 3358 641 abs-

1750 696 1853 751 que
1870 695 2105 736 niairore
2128 682 2239 736 sint
2260 700 2269 733 :
2294 682 2368 735 ita
2392 688 2572 736 tamen
2599 690 2655 735 ut
2676 681 2776 736 sub
2789 694 2919 736 sene
2936 696 3063 750 rege
3078 691 3205 735 ante
3229 693 3355 735 ver-

1748 773 1851 827 sati
1882 772 2011 827 sint.
2045 772 2148 839 Qui
2170 772 2316 827 enim
2347 780 2529 841 postea
2554 774 2661 827 nati
2685 781 2832 837 sunt,
2860 772 2983 841 quia
3030 772 3167 826 mala
3209 784 3359 840 prte-

1749 867 1908 921 terita
1933 867 2267 935 nescierunt,
2303 882 2401 922 nec
2447 866 2917 922 adolescentulum
2963 866 3186 920 laudare
3220 880 3351 934 pos-

1747 969 1896 1023 sunt,
1923 960 2013 1030 qui
2040 967 2225 1031 postea
2268 960 2632 1027 consurrexit,
2668 960 2888 1015 abducti
2944 959 3203 1030 opinione
3229 972 3354 1029 per-

1748 1066 1909 1106 versa
1929 1060 1984 1107 et
2006 1052 2211 1121 impetu
2234 1052 2456 1123 spiritus
2501 1051 2861 1107 adversantis.
2878 1071 2897 1104 ι

1816 1146 2155 1201 Laodicenus
2183 1146 2459 1215 lnterpres
2495 1144 2513 1183 ί
2546 1161 2636 1201 res
2658 1160 2885 1215 magnas
2908 1144 3063 1199 brevi
3087 1157 3348 1199 sermone

1745 1243 2054 1311 exprimere
2101 1242 2463 1306 contendens,
2498 1255 2649 1295 more
2693 1240 2797 1295 sibi
2848 1240 3010 1294 solito
3046 1240 3211 1293 etiam
3263 1235 3352 1291 hic

1742 1335 1959 1389 locutus
1990 1344 2110 1389 est:
2171 1352 2189 1385 ι
2224 1336 2297 1387 De
2327 1333 2793 1396 commutatione,
2844 1331 3123 1402 inquiens,
3176 1328 3353 1383 bono-

1744 1443 1863 1482 rum
1894 1426 1945 1479 in
1978 1426 2118 1480 mala
2151 1440 2295 1480 nunc
2329 1425 2678 1481 Ecclesiasuc
2721 1439 2906 1479 sermo
2938 1432 3055 1487 est,
3089 1422 3355 1492 insipien-

1744 1528 1851 1575 tem
1884 1519 2159 1573 hominem
2201 1520 2455 1573 conantis
2500 1520 2843 1586 exprimere,
2892 1516 2984 1585 qui
3017 1516 3193 1570 lutura
3238 1530 3346 1571 non

1740 1611 2009 1681 cogitans,
2042 1610 2408 1680 praesentibus
2432 1621 2482 1662 et
2508 1608 2733 1663 caducis
2755 1608 2909 1679 quasi
2943 1608 3156 1677 magnis
3180 1616 3348 1678 atque

1740 1705 2019 1775 perpetuis
2044 1704 2375 1760 delectatur.
2410 1705 2475 1758 Et
2519 1712 2642 1771 post
2668 1701 2889 1758 diversa
2934 1712 2985 1771 Β,
3015 1716 3137 1773 qua:
3167 1701 3350 1758 solent

38 1795 257 1859 derunt,
288 1804 343 1851 et
373 1796 694 1861 secundum,
729 1797 779 1851 id
812 1809 915 1867 est,
950 1798 1309 1852 novissimum
1359 1797 1633 1852 hominem
1668 1811 1712 1871 Β
1744 1799 2053 1853 hominibus
2081 1798 2330 1853 accidere
2356 1799 2406 1851 in
2441 1796 2552 1851 vita
2582 1812 2703 1862 sua,
2739 1806 2908 1864 atque
2933 1794 3158 1860 mutari,
3188 1790 3346 1864 quasi

37 1895 162 1941 sunt
186 1888 383 1957 secuti,
410 1904 516 1943 non
548 1889 875 1944 laetabuntur
922 1889 974 1944 in
1006 1904 1093 1958 eo,
1129 1891 1179 1945 id
1209 1900 1313 1957 est,
1347 1895 1399 1944 in
1428 1890 1633 1959 priore.

42 1979 146 2034 Hos
174 1981 314 2035 deos
336 1982 583 2038 homines
598 1984 958 2052 etApostolus
985 1994 1323 2039 contestatur
1354 1984 1419 2056 (ll
1451 1984 1635 2041 Thess.

38 2074 119 2140 it.)
146 2085 199 2127 et
230 2074 513 2129 Levitictts
541 2091 649 2129 non
678 2085 819 2130 tacet
852 2094 862 2129 :
904 2075 1093 2145 Homo,
1127 2080 1279 2130 homo
1297 2079 1340 2131 si
1364 2075 1390 2113 ιι
1412 2078 1636 2132 voluerit

40 2164 166 2219 illud
216 2165 304 2220 vel
344 2165 476 2220 illud
520 2167 708 2233 (Levii.
744 2170 897 2235 xvii).
946 2168 1037 2223 Vir
1073 2178 1295 2225 sanctus
1340 2171 1637 2243 Gregorius

37 2257 188 2313 Ponti
212 2259 543 2331 Episcopus,
568 2260 819 2331 Origenis
850 2262 1060 2318 auditor
1082 2265 1131 2317 in
1157 2264 1483 2333 Metaphrasi
1531 2265 1637 2319 Ec-

40 2353 324 2421 clesiastes,
352 2356 420 2408 ita
450 2356 593 2411 hunc
613 2358 787 2409 locum
814 2356 1080 2413 intellexit
1108 2376 1117 2409 :
1156 2377 1175 2410 ι
1208 2359 1319 2430 Ego
1348 2375 1478 2414 vero
1504 2375 1640 2429 pm!-

41 2448 149 2501 lero
175 2447 644 2502 adolescentulum
696 2464 991 2519 pauperem
1038 2454 1485 2522 etcsapieuteiii,
1527 2452 1641 2523 regi

43 2542 152 2595 seni
176 2550 228 2596 ct
256 2544 447 2609 stulto,
474 2544 560 2597 cui
595 2558 888 2614 numquam
916 2542 1080 2618 425
1107 2546 1258 2601 venit
1283 2548 1334 2601 in
1370 2559 1638 2615 mentem,

44 2635 178 2705 quod
208 2636 471 2706 possibile
500 2637 591 2704 sit,
624 2652 951 2708 quemquam
974 2641 1043 2693 de
1068 2638 1170 2707 his,
1205 2655 1342 2711 quos
1371 2641 1637 2703 vinxerat.

44 2797 122 2852 vel
150 2797 509 2862 Baracliivam,
538 2808 630 2853 aut
652 2797 1043 2853 Baracchibam.
1072 2800 1490 2856 Vetustissimus
1516 2816 1635 2857 om-

48 2871 187 2942 nium
234 2870 403 2924 codex
447 2870 614 2925 Corb.
647 2871 821 2940 prima
857 2887 1015 2925 manu
1061 2874 1321 2942 scriptum
1368 2874 1634 2928 retinebat

48 2938 399 3012 Baraehibam,
430 2942 575 3011 quod
620 2938 941 2997 emendator
982 2938 1267 3012 imperitus
1306 2947 1535 3000 mutavit
1578 2946 1629 2998 iii

49 3010 362 3083 Barachi’am.
386 3014 723 3083 Sorbonicus
756 3014 885 3083 legit
910 3010 1288 3082 Baraeliivaiii;
1310 3017 1404 3070 δρᾶ
1436 3017 1630 3070 melius

49 3081 383 3154 Colbcrtinus
421 3082 796 3137 Baracchibam
823 3081 1029 3154 posuit.
1074 3088 1205 3153 Quis
1244 3081 1424 3141 autem
1468 3087 1629 3142 fuerit

52 3153 144 3208 iste
183 3154 490 3214 Baracciba.
524 3171 687 3223 quem
721 3153 883 3210 unum
926 3157 1136 3212 Hebrtui
1185 3162 1416 3213 maxime
1464 3161 1629 3212 miru-

49 3234 223 3296 t'entttr
253 3237 411 3281 aetate
466 3219 818 3296 lliertiiiytni,
848 3230 972 3282 nolo
1018 3229 1299 3295 divinii'e;
1339 3246 1404 3283 iie
1453 3238 1631 3283 t-ititiis
1661 3219 1706 3281 C

50 3295 271 3371 ineptias
310 3300 446 3371 torte
504 3295 798 3367 proponam
846 3298 913 3371 de
946 3299 1333 3368 lilio,qii.intas
1367 3300 1434 3355 de
1474 3312 1631 3371 patre

46 3367 159 3435 ejus
212 3369 369 3421 Altiba
406 3372 709 3441 proposuit
750 3370 944 3423 vindex
994 3387 1237 3440 uuperus
1275 3367 1635 3441 Antiquitatis

53 3448 368 3507 temporum.
400 3440 674 3495 Maurus.

112 3540 181 3549 —
203 3510 259 3565 In
291 3526 420 3567 mss.
448 3511 836 3579 Baracchiban,
862 3521 955 3568 aut
984 3513 1369 3568 Baracubirau.
1400 3513 1495 3567 Est
1535 3531 1632 3568 att-

53 3590 148 3635 tem
174 3583 254 3637 hic
287 3584 445 3652 longe
507 3586 823 3638 mitissimus
871 3584 1081 3649 Akibas,
1115 3601 1210 3639 seu
1234 3584 1536 3649 Barakibas,
1568 3587 1634 3641 de

50 3666 146 3720 quo
200 3665 301 3708 tant
337 3664 392 3709 et
418 3653 653 3725 grandia
682 3656 922 3710 etmulta
965 3658 1275 3711 Judaeorum
1329 3657 1636 3725 Scriptores

54 3728 331 3781 commenti
354 3737 511 3792 sunt,
544 3738 599 3779 ut
623 3728 780 3796 plane
802 3729 871 3781 sit
912 3730 1132 3792 mirum,
1168 3727 1301 3781 nihil
1332 3729 1399 3782 de
1424 3730 1513 3782 illo
1544 3744 1633 3783 re-

50 3797 177 3848 scire
198 3796 598 3869 Martiatiaetim,
631 3798 720 3866 qui
748 3813 813 3853 ne
837 3807 1039 3853 temere
1062 3800 1187 3869 quid
1215 3800 1506 3854 lectoribus
1535 3800 1635 3854 im-

55 3877 227 3941 ponat,
250 3885 306 3923 se
333 3871 405 3923 ait
430 3886 457 3941 τι
502 3868 800 3941 divinando
830 3868 1127 3925 abstinere.
1162 3870 1334 3924 Tanta
1366 3887 1494 3923 vero
1519 3872 1635 3941 ejus

55 3935 147 4016 luit
176 3941 408 4016 nominis
428 3940 494 4016 la
510 3956 615 4016 ma,
651 3940 1099 4016 llllflltlllztl‘ténltlr
1133 3943 1369 4016 llellt‘a‘l,
1413 3935 1635 4014 Moysen

52 4010 211 4081 ipsum
241 4011 305 4065 ad
336 4011 676 4066 audiendum
696 4010 906 4066 Akilian
929 4014 1385 4073 descenilissc.ac
1408 4010 1638 4081 respon-

51 4078 183 4153 disse
217 4082 609 4153 interroganti;
644 4092 699 4136 et
745 4082 913 4138 Ralilii
964 4086 1239 4139 Abraham
1278 4078 1631 4139 Zachut'lili.

53 4148 317 4226 Succliasin
357 4148 538 4218 dicat,
596 4156 1047 4222 quemadmodum
1106 4158 1340 4222 priorem
1372 4171 1399 4207 ιι
1426 4157 1633 4226 Moyse,

54 4220 117 4295 ita
155 4224 361 4281 Oralem
409 4220 624 4295 Legem
676 4226 982 4281 universam
1032 4220 1637 4295 Altibiiacceptaiu're-

56 4291 192 4347 ferri.
216 4296 322 4351 Sed
348 4309 401 4353 et
425 4291 731 4352 Cliristiani
783 4309 1035 4351 auctores
1084 4299 1213 4352 satis
1240 4291 1634 4353 eum’luculen-

59 4371 133 4417 ter
159 4378 477 4438 memorant.
507 4370 571 4423 S.
610 4368 941 4438 Epiphanius
990 4369 1194 4421 Haeres.
1226 4368 1293 4421 15
1318 4370 1459 4422 inter
1496 4386 1634 4438 qua-

66 4442 177 4489 tuor
204 4436 544 4495 Jutlaicarum
584 4437 957 4493 Traditiooum
1000 4439 1188 4493 Patres
1229 4436 1635 4505 recenset,’vo-

58 4516 237 4576 eatque
284 4509 586 4566 διδάσκαλον
625 4512 792 4566 αὐτῶν
836 4510 1036 4567 ’Λκιϐἀν
1074 4510 1209 4566 οὕτω
1262 4510 1564 4581 καλούμενον
1600 4512 1630 4570 ἧ

62 4582 347 4655 dependere.
384 4581 700 4655 Magistrum
731 4598 905 4655 eorum
936 4582 1409 4655 (scLJuda’oruiit)
1434 4582 1633 4655 .dkibaii

63 4651 127 4721 ita
157 4651 490 4721 appella'iim,
519 4668 609 4705 seu
652 4651 959 4706 Barakt'bait.
1018 4653 1387 4719 Eumdemquc
1430 4652 1634 4707 HJ'I‘CS.

60 4717 124 4772 55
151 4717 664 4787 γὸςιιιῬαϐϐιακιϐἀ,
694 4723 852 4777 Rabbi
878 4723 1060 4777 Akiba.
1096 4723 1211 4791 Ipse
1242 4717 1408 4777 etiam
1444 4723 1637 4778 Hiero—

63 4804 245 4863 nymus
273 4809 395 4848 eum
421 4810 567 4862 saepe
592 4795 793 4863 laudat,
818 4807 871 4849 et
905 4800 953 4847 in
999 4796 1234 4863 Epistola
1267 4795 1485 4863 quidem
1533 4796 1631 4850 ﬁt

61 4866 120 4911 ad
149 4862 411 4931 Algasiaui
443 4874 635 4933 quaast.
671 4866 756 4920 10.
783 4862 1095 4927 Barakibas,
1122 4862 1295 4935 inquit
1316 4881 1384 4919 ex
1421 4865 1638 4921 Hebrie-

61 4944 169 5010 _rttn_i
198 4950 377 5010 sensu,
411 4947 455 4989 et
485 4938 724 5010 Simeon,
754 4949 801 4992 et
828 4935 1002 4991 Helle!
1028 4937 1260 5010 magistri
1283 4940 1467 5010 nostri,
1501 4945 1632 5001 etc.;

62 5002 111 5055 in
143 5002 346 5078 Isaiam”
370 5022 500 5059 vero
556 5008 650 5062 lib.
683 5024 761 5072 ιιι,
800 5024 919 5078 cap.
944 5010 1012 5062 8:
1048 5002 1263 5068 Ak'ibaii,
1314 5002 1637 5074 simpliciter

64 5086 271 5148 vocans,
314 5076 495 5130 Samai
534 5088 580 5131 et
622 5078 805 5145 Hillel,
858 5076 1126 5148 exquibus
1157 5080 1256 5131 orti
1282 5088 1403 5132 sunt
1434 5078 1632 5135 Scriba:

64 5152 104 5195 et
142 5144 665 5222 P_liarisiei,quorum
691 5152 915 5215 suscepit
957 5144 1192 5203 Scholam
1218 5148 1427 5216 Altibus,
1480 5167 1631 5222 quem

64 5217 354 5292 magistrum
397 5220 597 5292 Aquilae
640 5222 887 5292 proselyti
931 5230 1224 5289 autumant,
1259 5232 1365 5276 etc.
1419 5217 1502 5277 Ex
1527 5236 1634 5292 quo

64 5290 213 5340 etiam
234 5288 486 5357 colligere
534 5288 679 5357 licet,
723 5288 972 5346 ﬂoruisse
1016 5294 1165 5346 illum
1208 5293 1353 5346 circa
1411 5288 1635 5347 Adriani

65 5361 316 5433 tempora.
363 5360 513 5433 Vide,
558 5378 690 5433 Aqua:
736 5364 792 5417 in
834 5364 1105 5417 laudatum
1158 5365 1331 5417 locum
1362 5363 1535 5433 Epist.
1568 5364 1636 5417 ad

68 5426 351 5495 Algasiam,
388 5443 440 5484 et
466 5426 518 5483 in
546 5426 919 5491 Commentar.
950 5435 1002 5489 in
1038 5435 1223 5490 Isaiam
1247 5426 1588 5490 aiiuotamus.

136 5507 159 5532 υ
199 5500 534 5576 Martianieus
589 5503 872 5559 Erasmuin
926 5514 1165 5571 secutus,
1210 5508 1263 5559 in
1315 5508 1634 5576 posteritate.

68 5564 236 5647 Νιρεῖτί
266 5579 441 5647 autem
479 5589 608 5647 mss.
634 5586 883 5645 potestate
910 5596 922 5629 :
948 5588 1109 5647 atque
1142 5564 1276 5630 lianc
1315 5564 1505 5631 'veram
1559 5580 1638 5632 le-

68 5642 315 5705 ctionem,
345 5642 517 5719 inquit
564 5642 858 5713 Victorius,
904 5642 1141 5703 Βτίιίιιιιιί
1189 5663 1400 5719 quoque
1425 5648 1642 5703 codices

71 5721 419 5777 reservarunt.
477 5714 711 5781 Exponit
738 5722 882 5774 enim
906 5721 993 5773 illa
1041 5714 1224 5785 verba,
1248 5714 1371 5787 quia
1402 5729 1449 5772 et
1479 5721 1530 5772 in
1558 5735 1641 5773 re.

72 5793 165 5836 auo
186 5795 271 5833 tuo
300 5792 445 5838 natus
486 5795 560 5840 est
602 5802 813 5859 panper.
868 5787 1055 5861 Reguo
1082 5804 1261 5848 autem
1286 5792 1456 5860 magis
1487 5804 1641 5859 pOte-

1740 1893 2046 1962 generalem
2077 1890 2242 1946 infert
2286 1890 2352 1945 de
2399 1899 2578 1944 morte
2608 1890 2968 1954 sententiam,
3009 1887 3153 1958 quod
3183 1888 3346 1941 innu-

1744 1986 2025 2040 merabilis
2072 1984 2364 2040 multitudo
2409 1984 2666 2048 intereat,
2700 1993 2755 2037 et
2799 1983 3059 2051 paulatim
3090 1996 3351 2035 consum-

1740 2087 1919 2134 matur
1941 2087 1996 2132 et
2024 2088 2287 2143 transeat,
2323 2092 2648 2147 unoquoque
2696 2077 2748 2130 in
2772 2092 2871 2129 suo
2913 2076 3035 2130 loco
3064 2076 3230 2129 alium
3256 2090 3347 2130 re-

1737 2174 2037 2242 linquente,
2071 2182 2127 2227 et
2154 2188 2369 2227 rursum
2404 2172 2599 2235 alium,
2640 2184 2964 2225 successore
3004 2168 3291 2223 moriente.
3317 2186 3337 2220 ι

1813 2267 2077 2337 Origenes
2120 2277 2174 2320 et
2220 2265 2535 2319 Victorinus
2587 2279 2694 2319 non
2726 2263 2956 2317 multum
3004 2262 3151 2316 inter
3176 2274 3234 2314 se
3266 2260 3352 2314 di-

1744 2374 1895 2414 versa
1926 2365 2236 2413 senserunt.
2271 2357 2397 2413 Post
2425 2357 2739 2427 generalem
2769 2355 2913 2409 enim
2944 2354 3091 2409 illam
3122 2360 3345 2408 senten-

1745 2452 1897 2517 tiain,
1924 2467 2042 2521 quae
2066 2451 2316 2505 omnibus
2342 2459 2514 2520 patet:
2540 2449 2687 2519 quod
2720 2449 2913 2503 melior
2941 2448 3011 2502 sit
3029 2447 3347 2504 adolescen-

1747 2546 1891 2601 tulus
1910 2561 2113 2616 pauper
2135 2555 2190 2600 et
2216 2546 2457 2614 sapiens,
2484 2560 2645 2614 quam
2667 2559 2757 2597 rex
2783 2557 2955 2598 senex
2976 2552 3029 2597 et
3052 2542 3342 2611 insipiens,

1747 2638 1978 2711 etquod
2026 2637 2339 2709 frequenter
2372 2638 2594 2702 evenit,
2646 2646 2702 2689 ut
2735 2635 2825 2690 ille
2872 2649 2970 2705 per
3017 2635 3343 2705 sapientiam

1744 2803 1918 2867 Statis,
1948 2817 2108 2872 quam
2139 2801 2481 2871 posteritatis
2513 2816 2616 2854 vox
2648 2800 2923 2872 convenit.
2958 2799 3188 2855 Interior
3207 2816 3342 2868 quo-

1742 2889 1845 2942 que
1866 2875 2224 2942 expositionis
2248 2874 2305 2924 S.
2339 2872 2588 2933 Gregorii
2620 2871 3079 2942 Neocaesariensis
3112 2879 3343 2925 contex-

1743 2941 1828 2999 tus
1852 2941 2322 3014 sic’reponendum
2356 2944 2564 3011 prohat.
2583 2942 2722 2997 Olim
2748 2943 3011 2997 Alcuinus
3033 2941 3105 2995 ita
3135 2942 3341 3011 legerat

1741 3030 1835 3071 seti
1870 3026 2171 3071 mutaverat
2213 3031 2280 3070 ex
2314 3016 2528 3084 ingenio
2558 3031 2568 3066 :
2602 3016 2691 3084 qui
2714 3023 2762 3067 et
2785 3015 2836 3066 in
2864 3024 3055 3066 natura
3082 3029 3176 3065 sua
3204 3029 3337 3084 pau-

1740 3104 1830 3155 per
1860 3090 2029 3157 factus
2057 3097 2149 3145 est.
2182 3103 2284 3139 non
2331 3083 2518 3141 habens
2574 3083 2918 3157 sapientiam,
2982 3084 3122 3137 mala
3165 3083 3341 3136 omnia

1738 3156 2039 3225 deferendo.
2078 3156 2223 3218 Vidi,
2257 3166 2367 3212 etc.

1810 3228 1835 3265 δ
1878 3228 2138 3283 Alcuintis
2169 3236 2464 3296 exaggerat
2504 3228 2568 3281 ad
2602 3228 2745 3281 hunc
2775 3226 2994 3281 modum
3025 3244 3035 3280 :
3066 3235 3339 3295 antequam

1737 3299 1960 3353 secundo
1977 3308 2239 3371 nascente,
2252 3310 2481 3371 tempore
2495 3300 2722 3371 legitimo
2739 3302 2841 3352 duo
2864 3298 3095 3351 homines
3122 3299 3335 3371 fuerint.

1738 3371 1881 3425 Alter
1909 3371 2156 3437 carnalis,
2190 3370 2324 3423 alter
2355 3369 2666 3435 spiritualis.
2703 3371 2804 3437 Qui
2838 3386 2956 3421 vero
2985 3372 3053 3421 ad
3097 3370 3333 3436 meliora,

1736 3452 1841 3497 etc.
1874 3442 1988 3496 Non
2018 3453 2099 3496 est
2124 3456 2307 3508 porro,
2339 3441 2482 3510 quod
2525 3456 2793 3505 moneam,
2824 3441 2862 3494 Υ
2896 3441 3135 3493 litteram
3170 3441 3337 3496 fuisse

1737 3512 1988 3581 Antiquis
2020 3514 2143 3567 bivii
2168 3514 2233 3567 ad
2264 3522 2519 3578 virtutes,
2540 3524 2631 3566 aut
2660 3514 2725 3566 ad
2757 3514 2885 3565 vitia
2932 3510 3261 3581 symlioliini.

1811 3596 1831 3621 ο
1864 3580 1931 3637 Et
1962 3595 2074 3656 post
2098 3596 2134 3640 Υ
2155 3586 2528 3647 titteram,etc.
2557 3584 2825 3656 Omittunt
2853 3580 2981 3656 mss.
3006 3580 3248 3656 litteram
3275 3580 3333 3656 Υ2

1738 3654 1866 3711 licet
1910 3651 2207 3723 aliquando
2258 3657 2457 3721 scripta
2488 3655 2787 3717 videretur,
2822 3662 2881 3706 ut
2920 3652 3077 3705 facile
3120 3651 3335 3721 probari

1740 3738 1917 3794 potest
1939 3744 2004 3781 ex
2031 3728 2261 3780 lectione
2293 3728 2683 3794 exemplarium
2730 3724 3171 3782 Corbeiensiuin.
3197 3733 3245 3775 et
3281 3724 3336 3794 lii

1737 3793 1849 3868 post
1869 3799 2091 3852 litteram
2108 3793 2721 3866 Philosophoruiii.Natii
2744 3793 3333 3868 exscriptoi'esantiqui

1739 3866 1844 3923 non
1876 3870 2241 3937 intelligentes
2270 3884 2527 3923 arcanum
2558 3868 2809 3923 elementi
2852 3866 3011 3935 hujus
3058 3876 3338 3937 mutarunt

1737 3957 1769 4009 y
1800 3942 1851 3995 in
1882 3942 1953 3993 lii.
1990 3935 2127 3995 Hinc
2172 3941 2579 4006 in'suprailictis
2612 3956 2744 3993 mss.
2775 3948 2823 3991 et
2843 3937 2896 3989 lii
2937 3945 3047 4007 post
3088 3935 3332 4009 litteram,

1742 4008 1837 4079 pro
1859 4021 1904 4064 et
1931 4023 2043 4084 pos!
2072 4029 2104 4084 y
2136 4014 2388 4084 litteram.
2414 4013 2667 4076 Ejusdem
2693 4012 2886 4064 litterae
2908 4026 2940 4077 ξι
2975 4008 3225 4061 meminit
3255 4008 3336 4059 in-

1741 4084 1818 4136 fra
1854 4084 1903 4136 iii
1932 4082 2094 4150 rapui
2127 4100 2156 4137 x
2184 4082 2548 4137 Ecclesiaste.
2578 4084 2848 4135 Maurum.

1810 4152 1835 4190 ι¹
1868 4148 2063 4213 llomo,
2090 4158 2239 4206 homo
2268 4156 2309 4207 si
2340 4156 2571 4206 voluerit.
2602 4154 2740 4206 Alibi
2765 4148 3087 4221 legitntts,si
3117 4148 3334 4221 voluerit

1740 4225 1872 4278 illud
1904 4228 1980 4277 vel
2008 4224 2163 4278 illud.
2205 4228 2269 4277 Et
2312 4236 2433 4291 post
2482 4238 2645 4293 pauca
2700 4218 2937 4293 OrigEiiis
2968 4220 3198 4293 atyittor.
3224 4218 3332 4293 Sed

1741 4296 2028 4349 manifesto
2050 4300 2182 4350 satis
2204 4312 2426 4359 errore;
2457 4291 2577 4362 quis
2609 4294 2753 4347 enim
2780 4291 2985 4347 nesi-iat
3006 4291 3331 4356 Gregorium

1742 4367 1895 4421 Ponti
1920 4367 2232 4434 episcopum
2253 4366 2557 4421 auditorem
2582 4364 2773 4432 fuisse,
2800 4365 2850 4418 id
2875 4374 2977 4430 est,
3005 4362 3331 4433 discipulum

1739 4436 2019 4507 Origenis?
2047 4438 2315 4493 Maurum.

1811 4503 1881 4549 ἐ-
1907 4512 2019 4563 Ι)ιιο
2049 4509 2305 4571 Palatini,
2332 4515 2385 4561 et
2414 4504 2585 4560 V'atic.
2626 4507 2670 4558 si
2695 4507 2885 4559 vovei'it
2908 4505 3042 4558 illud
3064 4504 3141 4557 vel
3170 4503 3323 4558 illud.

1818 4591 1839 4616 ο
1878 4580 1985 4651 Ego
2008 4598 2124 4634 vero
2169 4582 2389 4651 prwfero
2428 4576 2888 4651 adolescentulum,
2920 4585 3025 4632 etc.
3075 4578 3335 4651 Erasinus

1748 4663 1801 4705 et
1834 4649 2104 4705 Marianus
2132 4649 2273 4703 hunc
2302 4650 2480 4702 locum
2522 4664 2742 4716 prorsiis
2768 4650 3123 4716 depravatum
3146 4649 3334 4701 edide-

1750 4731 1895 4783 runt,
1927 4726 2109 4789 legunt
2141 4720 2310 4785 enim,
2344 4717 2456 4790 Ego
2490 4736 2605 4772 vero
2630 4720 2861 4789 intelligo
2890 4719 3333 4790 adolescentulum

1748 4809 2022 4862 pauperem
2050 4803 2097 4844 et
2128 4789 2577 4862 sapieiiteiii,_rege
2606 4807 2724 4843 sene
2764 4793 3027 4844 meliorem
3060 4800 3105 4842 et
3147 4789 3331 4862 stulto.

1748 4860 1875 4917 Huic
1897 4878 2003 4917 non
2035 4874 2119 4915 est
2170 4865 2380 4915 locutus
2428 4860 2721 4928 Gregorius
2748 4862 3209 4924 Thauiiiaturgus,
3238 4860 3333 4912 sed

1746 4944 1804 4987 tit
1830 4950 1929 5004 ego
1959 4934 2432 5004 restitui,adjutiis
2471 4941 2727 5004 cootcxtu
2771 4932 2962 5004 Graeco
3005 4928 3335 5004 sanctissimi

1750 5000 1889 5073 Viri:
1916 5014 1971 5059 et
2011 5020 2140 5058 mss.
2175 5000 2386 5057 Latinis
2429 5006 2648 5074 optima-
2678 5002 2847 5056 Νοιω.
2896 5002 2953 5055 Ιιι
3004 5000 3197 5074 Graecii
3229 5010 3332 5071 est,

1742 5076 1870 5154 Ἀρτγώ
1898 5078 1953 5154 iiii
1981 5080 2253 5154 προκρίνω,
2291 5076 2341 5129 id
2372 5073 2476 5144 est,
2508 5091 2602 5145 ego
2630 5089 2745 5127 vero
2778 5077 3031 5145 aiitefero,
3064 5073 3181 5126 sive
3202 5088 3339 5142 prir-

1737 5150 1871 5220 [ei'o.
1891 5150 2165 5220 ηΜΑιιίιπιΑΝ.

1809 5219 2032 5343 —ll]ous
2063 5219 2293 5273 Palatia.
2326 5228 2372 5272 et
2401 5219 2682 5289 sapientem
2706 5217 2968 5271 meliorem
2997 5216 3105 5271 seni
3129 5223 3177 5269 et
3203 5216 3334 5285 regi,

1813 5302 1893 5343 ειη
1921 5302 1991 5343 to.

1740 5301 1783 5344 et
1813 5301 1991 5345 stulto.

1818 5362 2177 5417 fLaodieeiius
2216 5360 2481 5430 Iiiterpres
2501 5404 2514 5425 .
2557 5370 2661 5416 etc.
2695 5360 3031 5429 Apollinaris
3060 5367 3162 5424 est,
3192 5357 3336 5413 Lao-

1742 5434 1967 5489 dicenus
2011 5436 2181 5506 Syriae
2212 5435 2525 5502 episcOpns,
2557 5436 2645 5506 qui
2681 5436 2733 5485 iu
2768 5442 2984 5506 sanctas
3022 5430 3333 5506 Scripturas

1743 5502 2161 5561 innumerabilia
2194 5508 2415 5570 scripsit
2439 5505 2733 5559 volumina.
2760 5503 2999 5556 Consule
3022 5502 3339 5570 Cataltigum

1745 5577 2078 5646 Scriptorum
2115 5577 2647 5632 Ecclesiasticoruui.
2672 5574 2938 5628 Mxnmx.

1819 5659 1843 5696 ις
1868 5640 1935 5703 Ει
1966 5662 2077 5721 post
2104 5650 2323 5721 diversa,
2350 5659 2455 5701 etc.
2486 5648 2843 5702 Corhcieiises
2873 5658 3030 5712 inss.,
3048 5640 3113 5696 Et
3144 5658 3234 5713 per
3259 5641 3342 5696 die

1750 5737 1893 5775 versa
1916 5720 2048 5789 quat,
2084 5728 2193 5777 etc.
2224 5720 2491 5775 Murrum.
