4010 6306
611 250 742 305 Ιοῐίί

609 474 705 526 pro
744 457 1087 511 dotninatore
1134 470 1416 525 perverso,
1475 464 1533 509 et
1574 471 1666 510 rex
1722 455 1984 525 insipiens
2018 454 2210 525 perdat

608 550 921 620 imperium,
955 549 1102 619 quod
1147 549 1405 604 tenebat:
1440 564 1606 620 super
1633 548 1850 604 Chrile
1881 557 1937 603 et
1989 548 2209 603 diabolo

534 644 537 645 ⁷
610 644 757 697 hunc
789 643 961 696 locum
1012 643 1355 711 interpretati
1405 652 1551 708 sunt,
1584 641 1727 712 quod
1753 658 1979 711 puerum
2011 657 2211 711 paupe-

612 750 729 790 rem
758 735 1158 803 etsapientetu,
1192 734 1471 789 Chrisutm
1516 734 1708 789 velint.
1755 734 2021 801 Puerum,
2052 735 2210 804 juxta

621 826 756 883 illud
790 845 802 880 :
839 826 1092 899 Magnum
1122 826 1213 882 tibi
1240 837 1310 880 est
1344 828 1513 881 uocari
1544 837 1589 880 te
1616 844 1830 896 puerum
1854 843 2021 883 meum
2073 826 2207 899 (lsa.

612 936 763 987 χιιι,
793 919 871 991 6).
908 920 1208 990 Pauperem
1270 934 1423 986 vero,
1473 920 1595 989 quia
1645 936 1847 990 pauper
1892 922 2062 975 factus
2103 930 2205 987 est,

616 1032 737 1072 cum
765 1016 923 1071 dives
954 1025 1099 1071 esset
1130 1014 1198 1085 (ll
1232 1014 1353 1068 Cor.
1380 1030 1494 1079 vm,
1528 1014 1606 1083 9).
1645 1013 1713 1068 Et
1738 1014 2058 1082 sapientem,
2088 1015 2214 1084 quia

616 1108 915 1181 proﬁciebat
944 1116 1095 1163 (etate
1122 1118 1169 1161 et
1213 1107 1470 1177 sapientia
1499 1116 1546 1159 et
1596 1107 1765 1177 gratia
1808 1105 1948 1176 apud
1979 1104 2144 1159 Deum
2167 1115 2215 1159 et

619 1206 850 1260 homines
882 1203 1033 1276 (Luc.
1065 1219 1124 1269 tt,
1150 1203 1268 1272 52).
1306 1201 1412 1257 Iste
1445 1211 1600 1257 natus
1629 1212 1712 1256 est
1743 1201 1795 1256 in
1852 1215 2019 1268 regno
2042 1200 2213 1255 senis.

619 1298 689 1353 Et
714 1298 914 1353 idcirco
939 1297 1070 1353 dicit
1103 1317 1115 1351 :
1150 1298 1210 1353 Si
1227 1306 1356 1352 esset
1379 1296 1444 1350 de
1462 1296 1559 1350 hoc
1583 1296 1999 1368 mundoregnunt
2025 1310 2216 1359 meum,

622 1393 847 1447 ministri
870 1393 1046 1462 utique
1075 1393 1173 1446 mei
1204 1400 1456 1445 certarent
1490 1398 1582 1459 pro
1612 1406 1709 1457 me,
1747 1399 1800 1442 ut
1849 1405 1949 1443 non
1988 1387 2221 1442 traderer

621 1484 823 1539 Judceis
855 1500 872 1537 .'
902 1482 1059 1538 Nune
1103 1494 1272 1536 autem
1307 1500 1409 1537 non
1438 1492 1515 1537 est
1566 1483 1628 1536 de
1658 1482 1755 1536 hoc
1783 1481 1977 1535 mundo
2003 1497 2217 1552 regnum

624 1594 794 1633 nicum
832 1572 1010 1649 (Joan.
1042 1592 1193 1641 thll,
1224 1575 1340 1647 56).
1378 1576 1432 1630 lu
1488 1576 1633 1630 illius
1658 1577 1841 1644 itaque
1881 1574 2031 1629 stulti
2069 1573 2221 1628 senis

618 1688 814 1743 regno,
842 1672 931 1741 qui
983 1670 1223 1727 ostendit
1267 1670 1315 1725 ei
1340 1670 1519 1725 omnia
1543 1684 1711 1739 regna
1738 1667 1903 1740 426
1927 1665 2133 1731 mundi;
2168 1672 2223 1719 et

1852 243 1908 298 S.
1953 241 2222 299 EUSEBII
2262 241 2644 301 HIERONYMI

608 382 763 422 Suam
822 365 985 421 etiam
1040 363 1109 425 de
1166 378 1388 417 carcere
1428 362 1571 431 regis
1620 360 1926 431 egrediens,
1977 360 2287 430 imperetA

3789 251 3816 307 1
3827 250 3918 307 θὸξ

2385 358 2539 430 (Cap.
2589 359 2680 431 V.)
2729 360 2858 416 Noli
2886 366 3132 432 festinare
3168 366 3222 419 in
3253 381 3341 418 ore
3368 374 3477 431 tuo,
3524 376 3573 420 et
3621 384 3713 422 cor
3774 378 3913 424 tum

2311 467 2412 509 non
2480 453 2679 523 festinet
2724 454 2791 506 ad
2833 465 2854 493 ε
2911 456 3283 526 proferendum
3370 459 3581 513 verbum
3643 461 3699 514 in
3775 479 3915 515 cons-

2313 555 2460 613 pectu
2510 544 2805 615 Dei,,quia
2852 547 2991 603 Deus
3041 551 3094 603 in
3130 550 3278 615 cazlo,
3344 562 3391 605 et
3416 560 3471 605 tu
3512 570 3671 624 super
3705 564 3917 612 terrast.

2316 638 2536 709 Propter
2569 639 2663 691 hoc
2691 640 2792 693 sint
2821 641 2971 694 verba
3000 652 3087 696 tua
3140 660 3328 713 pauca,
3384 645 3504 716 quia
3561 649 3729 702 ueniet
3786 666 3918 703 sont-

2313 730 2455 782 niunt
2483 730 2536 783 in
2557 730 2887 787 multitudine
2918 734 3310 802 sollicitudinis,
3343 746 3389 789 et
3413 752 3509 792 vos:
3539 739 3845 807 insipientis
3874 743 3918 795 in

2314 821 2745 890 multiplicatione
2782 840 3094 881 sermonum.
3150 827 3404 896 Plerique
3446 830 3795 886 arbitrantur
3824 833 3920 887 ltoc

2317 913 2367 969 in
2402 916 2655 983 prtesenti
2687 916 2806 969 loco
2825 918 3068 987 praecipi,
3091 934 3157 972 ne
3184 934 3370 973 coram
3389 919 3500 974 Deo
3530 920 3691 977 facile
3714 924 3920 994 aliquid

2317 1009 2724 1077 promittamus,
2775 1019 2831 1065 et
2874 1012 2993 1065 sine
3055 1012 3497 1070 consideratione
3529 1015 3696 1088 427
3727 1021 3921 1074 virium

2318 1116 2608 1155 voveamus
2658 1116 2719 1156 ea
2751 1118 2870 1172 quae
2923 1104 3145 1173 explere
3196 1122 3304 1161 non
3353 1122 3662 1177 possumus.
3697 1110 3909 1168 Adesse

2318 1197 2517 1265 quippe
2570 1208 2893 1264 praesentem
2930 1198 3121 1262 Deum,
3168 1212 3219 1254 et
3246 1200 3374 1256 licet
3401 1202 3493 1258 ille
3537 1204 3589 1257 iu
3621 1206 3794 1268 caelo.
3828 1223 3924 1262 nos

2319 1305 2440 1345 esse
2470 1290 2747 1346 videamur
2776 1292 2825 1346 in
2852 1302 2990 1346 terra
3015 1312 3025 1346 :
3047 1303 3226 1348 tamen
3256 1295 3607 1367 attdire,qua:'
3630 1299 3924 1368 loquimur,

2322 1392 2378 1439 et
2413 1384 2780 1453 insipientiam
2833 1395 3078 1440 nostram
3138 1388 3292 1458 argui
3354 1404 3420 1444 ex
3470 1392 3924 1461 multiplicatione

2323 1490 2659 1530 sermonum.
2690 1478 2795 1531 Alii
2826 1494 2955 1533 vero
2986 1481 3185 1535 melius
3218 1482 3613 1553 intelligentes,
3650 1486 3763 1543 hoc
3795 1504 3923 1557 prm-

2324 1568 2431 1637 cipi
2453 1568 2745 1632 afﬁrmant,
2775 1586 2841 1625 ne
2866 1578 2959 1625 aut
2991 1571 3312 1641 loquentes,
3346 1585 3440 1630 aut
3468 1575 3780 1647 cogitantes
3811 1579 3922 1647 plus

2325 1661 2392 1716 de
2419 1662 2528 1716 Deo
2551 1678 2711 1731 quam
2742 1678 3050 1731 possumus,
3098 1667 3411 1733 apinetnur;
3437 1668 3530 1721 sed
3553 1669 3806 1724 sciamus
3831 1674 3923 1723 im-

625 1768 860 1838 gluriam
906 1764 1045 1833 eius,
1097 1776 1254 1819 natus
1287 1773 1371 1819 est
1412 1765 1650 1834 optimus
1685 1780 1840 1833 puer,
1874 1771 1931 1817 et
1961 1761 2028 1815 de
2056 1762 2219 1814 domo
2254 1756 2297 1814 B
2332 1756 2683 1812 becillitatem
2718 1766 2985 1819 nostram,
3009 1758 3176 1826 quod,
3220 1771 3470 1829 quatttum
3512 1761 3686 1816 distat
3717 1765 3926 1819 emittm

626 1858 1053 1922 vinculatorum,
1086 1855 1155 1911 de
1187 1856 1383 1925 quibus
1411 1856 1680 1911 Jeretnias
1709 1856 1762 1910 in
1790 1852 2223 1909 Latuentatioui-

636 1951 737 2006 bus
761 1952 1019 2020 loquitur,
1049 1951 1236 2004 dicens
1268 1968 1279 2002 :
1316 1949 1382 2003 Ut
1413 1950 1703 2003 Itumiliaret
1731 1950 1825 2002 sub
1872 1945 2084 2015 pedibus
2115 1945 2226 2014 ejus

629 2061 802 2099 omnes
842 2044 1032 2097 vinctos
1078 2052 1227 2097 terra’
1280 2041 1498 2112 (Tltrea.
1552 2057 1633 2105 ttl,
1683 2040 1773 2109 δι)
1807 2082 1820 2105 ,
1856 2038 2119 2109 processit
2159 2036 2224 2093 ad

635 2152 888 2209 regnum,
921 2146 975 2192 et
998 2136 1130 2191 abiit
1156 2136 1207 2190 in
1232 2136 1506 2205 regionem
1553 2135 1919 2205 longinquam,
1952 2142 2006 2186 et
2034 2139 2225 2185 contra

628 2245 749 2295 eos,
802 2228 897 2299 qui
923 2243 1086 2299 super
1131 2244 1193 2284 se
1239 2244 1361 2283 etim
1410 2244 1641 2297 regnare
1666 2227 1944 2291 nolebant,
1976 2233 2100 2296 post
2128 2224 2227 2279 ali-

626 2332 887 2394 quantum
914 2320 1175 2389 temporis
1200 2336 1290 2374 rex
1326 2334 1575 2374 reversus
1603 2330 1706 2375 est.
1743 2319 1996 2387 Prmsago
2047 2318 2227 2385 itaque

629 2416 824 2485 spiritu
855 2413 989 2468 vidit
1033 2411 1387 2467 Ecclesiastes
1415 2428 1604 2468 omnes
1650 2414 1918 2479 viventes,
1970 2410 2059 2481 qui
2104 2423 2228 2479 pos-

628 2518 754 2563 sunt
779 2506 1146 2561 adolescentis
1178 2506 1468 2575 participes
1500 2521 1641 2570 esse,
1663 2506 1895 2561 dicentis
1924 2524 1937 2559 :
1971 2503 2086 2574 Ego
2113 2519 2228 2558 sum

629 2600 945 2671 uita(.loan.
980 2615 1089 2665 xlv,
1117 2599 1196 2669 6),
1229 2608 1285 2653 et
1340 2608 1524 2655 vetere
1582 2600 1752 2655 stulto
1810 2616 1933 2670 rege
1976 2600 2224 2667 dimisso,

629 2695 905 2752 Christum
935 2695 1111 2765 sequi.
1146 2694 1429 2764 Simulque
1459 2694 1567 2748 duo
1609 2710 1675 2748 ex
1728 2695 1889 2748 Israel
1927 2694 2109 2762 populi
2148 2692 2225 2745 si-

631 2789 985 2859 gnllicantur.
1023 2786 1181 2841 Prior
1207 2787 1447 2855 quiante
1469 2786 1759 2841 adventum
1792 2786 2006 2840 Domini
2040 2784 2225 2848 fuerit,

633 2892 688 2938 et
714 2882 981 2952 posterior
1024 2880 1117 2950 qui
1146 2878 1539 2935 Anticltristum
1571 2895 1665 2950 pro
1697 2878 1916 2934 Christo
1940 2888 2226 2947 susceptuo

637 2991 730 3032 rus
752 2988 835 3032 est
868 2995 881 3031 :
915 2976 1057 3047 quod
1095 2978 1243 3046 prior
1266 2994 1371 3033 non
1405 2977 1620 3047 penitus
1662 2974 1998 3044 sitabjectus
2028 2974 2227 3045 (prima

635 3070 835 3139 quippe
873 3069 1119 3123 Ecclesia
1153 3084 1217 3123 ex
1265 3068 1493 3133 Judmis,
1521 3078 1574 3123 et
1595 3066 1867 3136 Apostolis
1898 3075 2231 3135 congregata

2327 1866 2355 1904 a
2391 1861 2554 1915 terra,
2583 1859 2789 1906 tantum
2828 1860 3012 1906 nostra
3043 1852 3339 1922 opinatioa
3368 1865 3549 1909 natura
3580 1856 3733 1911 illius
3760 1872 3930 1929 sepa-

2329 1956 2481 2001 retur
2513 1964 2525 1999 :
2553 1957 2609 2001 et
2636 1945 2837 2000 ideirco
2868 1946 3073 2001 debere
3102 1946 3271 2001 verba
3306 1957 3486 2002 nostra
3517 1963 3639 2003 esse
3668 1951 3926 2007 modera-

2330 2049 2401 2094 ta.
2435 2040 2589 2094 Sicut
2615 2039 2761 2093 enim
2800 2040 2890 2109 qui
2944 2040 3003 2093 in‘
3042 2039 3228 2096 multis
3267 2041 3692 2110 cogitationibus
3725 2054 3837 2106 est,
3867 2061 3923 2098 ea

2329 2132 2559 2188 somniat
2591 2132 2928 2200 frequenter,
2965 2132 3032 2188 de
3064 2134 3263 2203 quibus
3291 2136 3495 2205 cogitat
3530 2154 3543 2188 :
3577 2136 3649 2189 ita
3683 2137 3775 2205 qtti
3814 2138 3922 2205 plu-

2331 2241 2386 2279 ra
2428 2226 2750 2280 volucritde
2774 2226 3057 2279 divinitate
3080 2226 3375 2291 disserere,
3405 2227 3596 2282 incidit
3649 2228 3702 2283 in
3753 2231 3927 2284 stulti-

2333 2318 2479 2372 tiam.
2513 2318 2610 2373 Vel
2659 2328 2811 2374 certe
2859 2320 2939 2373 sic
2967 2338 2978 2373 :
3012 2318 3190 2373 Verba
3224 2329 3411 2374 nostra
3446 2336 3615 2386 pauca
3651 2320 3778 2378 ideo
3808 2337 3925 2377 esse

2330 2414 2552 2480 debere,
2601 2413 2742 2484 qttod
2777 2415 2938 2467 etiam
2983 2429 3046 2469 ea
3090 2431 3209 2484 quae
3240 2429 3403 2471 nosse
3447 2430 3548 2471 nos
3574 2417 3925 2481 arbitramur,

2333 2520 2428 2575 per
2449 2506 2727 2575 speculum
2758 2506 3001 2560 videmus
3030 2516 3083 2561 et
3104 2506 3158 2561 in
3184 2508 3495 2578 aenigmate,
3523 2519 3581 2564 et
3611 2510 3755 2564 velut
3785 2525 3927 2564 sunt-

2332 2598 2477 2653 nium
2540 2599 3099 2669 comprehendimus,
3154 2601 3296 2669 quod
3357 2612 3541 2656 tenere
3620 2617 3720 2657 nos
3782 2604 3929 2657 testi-

2332 2707 2559 2745 ntamus.
2616 2693 2860 2763 Cumque
2909 2695 3057 2762 plura
3094 2694 3175 2764 (ut
3204 2694 3379 2747 visum
3414 2694 3571 2749 nobis
3605 2694 3794 2765 luerit)
3847 2696 3924 2749 di-

2332 2786 2612 2851 xerimus,
2656 2786 2818 2840 finem
2886 2786 3267 2856 diSputationis
3322 2795 3525 2841 nostrae
3579 2802 3702 2842 esse
3755 2789 3929 2842 stulti-

2331 2880 2479 2933 tiam.
2508 2879 2585 2933 Ex
2638 2878 2973 2950 multiloqttio
3025 2879 3166 2935 enim
3224 2894 3320 2934 nos
3370 2894 3472 2934 non
3507 2878 3746 2951 effugere
3801 2895 3927 2951 pec-

2332 2982 2535 3027 calum.

2404 3066 2532 3121 Cant
2556 3076 2724 3121 uotum
2755 3068 2935 3137 feceris
2964 3066 3073 3121 Deo
3096 3064 3145 3135 ἀ,
3181 3084 3241 3122 ne
3267 3068 3487 3122 moreris
3528 3068 3749 3121 reddere
3774 3067 3927 3131 illud,

629 3161 739 3232 est)
767 3170 822 3214 et
876 3160 926 3214 in
959 3161 1063 3215 line
1088 3160 1286 3225 Judaei,
1321 3161 1409 3229 qui
1464 3159 1852 3213 Anticltristutn
1888 3173 1982 3229 pro
2008 3157 2225 3213 CltriSto
2256 3150 2301 3212 C
2333 3162 2453 3232 quia
2502 3178 2605 3215 non
2650 3172 2722 3214 est
2766 3162 3001 3215 voluntas
3054 3162 3103 3214 in
3150 3161 3526 3231 insipientibus.
3584 3160 3933 3230 Quwcumque

636 3253 944 3322 suscepturi
976 3259 1122 3316 sunt,
1152 3268 1255 3306 non
1290 3252 1538 3307 lzetcntur
1567 3254 1616 3307 in
1636 3250 1869 3307 Christo.

707 3343 917 3398 Custodi
945 3343 1122 3415 pedem
1154 3354 1329 3407 tuum,
1360 3359 1477 3397 cum
1524 3343 1668 3397 uadis
1710 3344 1763 3397 in
1790 3344 2000 3397 domum
2030 3340 2151 3409 Dei,
2184 3352 2231 3397 et

637 3439 1012 3509 apprOpinqun,
1044 3445 1100 3491 ut
1127 3435 1333 3489 audias.
1375 3434 1577 3489 Donum
1600 3437 1737 3489 enim
1769 3436 2119 3507 insipientium
2150 3450 2231 3488 sa-

636 3531 892 3601 cri/icium
919 3538 969 3595 a;
998 3531 1118 3600 quia
1147 3530 1400 3596 nesciunt,
1434 3527 1569 3595 quod
1598 3527 1821 3598 faciunt,
1855 3526 2065 3583 malum.
2092 3526 2236 3581 Prte-

638 3635 793 3694 cepta
826 3624 914 3676 dat
949 3624 1091 3689 vitaz,
1124 3633 1177 3677 et
1207 3640 1312 3677 non
1355 3623 1465 3676 vult
1510 3636 1608 3679 nos
1647 3622 1921 3678 oll‘eudere
1944 3631 2137 3678 euntes
2164 3621 2231 3677 ad

639 3714 962 3771 Ecclesiam.
993 3714 1107 3770 Non
1141 3718 1284 3770 enim
1333 3716 1540 3785 ingredi
1585 3716 1803 3770 domtttn
1839 3716 1954 3783 Dei,
1989 3716 2083 3770 sed
2113 3718 2231 3772 sine

642 3806 945 3863 offensione
996 3808 1225 3878 ingredi,
1261 3808 1434 3864 laudis
1485 3818 1587 3865 est.
1626 3810 1684 3864 Et
1720 3812 1765 3865 si
1815 3819 1959 3865 esset
1991 3811 2231 3865 omnium

639 3901 666 3939 ι)
694 3903 783 3973 qui
813 3916 938 3958 sunt
968 3904 1020 3958 in
1065 3904 1305 3959 Ecclesia
1338 3903 1455 3971 Dei,
1486 3904 1675 3960 audire
1714 3919 2046 3971 sermonem,
2077 3920 2235 3961 num-

636 4009 797 4063 quam
826 3995 1148 4061 addidisset,
1168 3999 1550 4069 appropinqua,
1575 4006 1631 4051 ut
1651 3996 1839 4051 audias
1866 3997 2063 4069 (Exod.
2088 4014 2230 4053 xxw.

639 4084 675 4138 2
708 4095 754 4137 et
776 4084 963 4159 seqq.).
992 4087 1232 4158 Denique
1288 4088 1499 4159 Moysi-5
1529 4090 1680 4143 solus
1726 4105 1893 4159 prope
1942 4090 2236 4145 accedebat

643 4179 710 4234 ad
739 4181 1064 4236 audiendum
1092 4182 1257 4235 Deum
1292 4183 1507 4237 :cazteri
1536 4182 1797 4239 accedere
1819 4200 1924 4255 non
1955 4184 2231 4239 valebant.

641 4272 797 4338 Quod
825 4274 976 4329 stulti
1027 4275 1332 4331 nescientes
1381 4276 1683 4331 remedium
1716 4292 1840 4333 esse
1872 4279 2101 4347 peccati,
2133 4292 2237 4332 a38-

639 4362 836 4417 timant
865 4364 1141 4421 oblatione
1166 4382 1452 4421 numerum
1478 4369 1585 4422 Deo
1616 4368 1931 4425 satisfacere
1959 4384 2018 4425 se
2045 4385 2231 4442 posse,

641 4464 696 4509 et
723 4456 972 4524 ignorant
1004 4458 1106 4513 ltoc
1154 4474 1369 4531 quoque
1417 4462 1619 4517 malum
1663 4477 1802 4528 esse,
1851 4472 2015 4535 atque
2047 4477 2236 4533 pecca-

2338 3257 2593 3321 euetueris,
2624 3256 2799 3309 redde.
2836 3254 3025 3309 Melius
3053 3265 3123 3310 est
3143 3271 3243 3307 non
3289 3270 3483 3319 vovere,
3529 3270 3685 3323 quam
3736 3270 3931 3319 vovere,

2335 3358 2379 3402 et
2409 3366 2511 3402 non
2541 3347 2773 3401 reddere.
2818 3348 3062 3416 Simplex
3093 3346 3450 3416 intelligentia
3483 3346 3933 3415 interpretatione

2336 3458 2441 3497 non
2469 3441 2691 3511 indiget.
2747 3440 2938 3494 Melius
2966 3450 3049 3493 est
3078 3454 3184 3493 n0u
3220 3440 3560 3510 promittere,
3597 3455 3762 3511 quam
3803 3454 3931 3509 pro-

2336 3535 2500 3591 missa
2528 3548 2634 3589 non
2688 3530 2888 3601 facere,
2918 3532 3041 3602 quia
3065 3531 3387 3601 displiceant
3416 3531 3553 3601 Deo,
3585 3541 3640 3586 et
3671 3533 3821 3587 inter
3855 3532 3933 3588 iu-

2337 3628 2599 3696 sipientes
2621 3636 3028 3696 computentur,
3065 3627 3154 3696 qui
3188 3637 3309 3680 vota
3350 3642 3455 3679 non
3480 3626 3755 3694 expleant.
3781 3625 3932 3692 Quod

2338 3730 2518 3773 autem
2548 3720 2617 3771 ait
2654 3737 2664 3770 :
2696 3716 2819 3771 Non
2854 3727 2925 3772 est
2972 3717 3207 3771 voluntas
3248 3717 3299 3770 in
3326 3716 3685 3787 insipientibus
3732 3718 3933 3770 subau-

2336 3811 2501 3879 ditur,
2538 3809 2657 3876 Dei,
2681 3813 2829 3878 juxta
2858 3811 2987 3864 illud
3016 3810 3264 3882 Apustoli
3299 3809 3339 3880 (l
3370 3808 3493 3864 Cor.
3538 3824 3655 3877 XVI,
3694 3810 3791 3879 22)
3824 3824 3838 3868 ;
3874 3809 3935 3864 Et

2338 3908 2515 3976 utique
2562 3905 2789 3973 nonfuit
2843 3904 3103 3974 voluntas,
3153 3916 3205 3959 ut
3250 3922 3382 3959 nunc
3438 3906 3663 3960 uenirem
3711 3907 3780 3960 ad
3828 3922 3930 3959 vos.

2338 4000 2489 4067 Quod
2516 4000 2558 4053 si
2596 4000 2843 4053 volumus
2876 4010 2927 4052 et
2969 4000 3241 4053 curiosius
3274 3997 3478 4067 aliquid
3506 3997 3711 4067 dicere,
3746 3999 3932 4069 prioci-

2340 4094 2483 4163 pitur
2513 4091 2844 4161 Christiano,
2897 4101 2957 4147 ut
2988 4091 3148 4147 ﬁdem
3182 4106 3346 4161 Opere
3378 4091 3673 4162 compleat,
3728 4100 3783 4144 et
3824 4104 3928 4145 non

2339 4186 2410 4241 sit
2442 4186 2634 4240 similis
2663 4185 2995 4253 Jttdteorum,
3021 4186 3110 4255 qui
3153 4184 3486 4255 spondentes
3533 4193 3696 4253 atque
3742 4184 3929 4238 dicen.

2342 4292 2421 4336 tes
2454 4298 2465 4333 :
2503 4280 2691 4333 Omnia
2716 4296 3047 4352 quwcumque
3077 4278 3331 4333 Dominus
3378 4278 3637 4347 prwcepit,
3674 4276 3933 4346 facienti"

2339 4372 2803 4446 (Exod.xxtv,3),
2836 4371 3197 4425 atluravcrunt
3237 4370 3401 4425 idola.
3456 4370 3518 4423 Et
3566 4376 3685 4437 post
3744 4370 3933 4423 verbe-

2342 4475 2489 4521 ratos
2520 4478 2729 4528 servos,
2764 4471 2818 4519 et
2851 4462 3122 4532 lapidibus
3152 4476 3471 4533 oppressos,
3525 4460 3827 4517 novissime
3849 4461 3921 4531 ip-

642 4555 783 4611 tutn,
838 4562 942 4602 non
976 4549 1283 4606 ubedientia
1312 4560 1370 4607 et
1390 4554 1650 4623 operibus
1689 4554 1865 4621 bouis,
1900 4554 1995 4610 sed
2051 4555 2230 4623 donis,
2262 4546 2314 4607 D
2341 4573 2459 4614 sum
2485 4574 2695 4629 quoque
2724 4557 3127 4628 patrisfamilias
3155 4556 3325 4610 lilium
3350 4553 3783 4610 trucidaverunt.
3826 4555 3928 4609 ilo-

638 4651 694 4696 et
727 4640 961 4696 victimis
983 4645 1272 4701 emendare
1301 4649 1460 4711 velle,
1494 4648 1632 4719 quod
1660 4648 1908 4706 fecerint.
1940 4650 2078 4706 lluic
2102 4665 2232 4705 con-

637 4736 779 4806 gruit
808 4734 941 4791 illud
964 4738 1107 4809 qttod
1140 4724 1266 4794 alibi
1307 4739 1541 4797 dicitur:
1579 4740 1935 4799 Obedientiam
1968 4760 2123 4817 super
2147 4760 2228 4799 sa-

636 4833 886 4903 criﬁcium
908 4833 950 4906 (Ι
981 4836 1407 4909 Reg.xv,21).Et
1431 4857 1444 4894 :
1464 4837 1877 4894 Misericordiam
1900 4841 2036 4907 uolo,
2053 4852 2103 4895 et
2131 4856 2233 4894 non

638 4930 950 4999 sacriﬁcium
975 4931 1132 5004 (Osee
1163 4948 1231 5000 rt,
1258 4932 1339 5003 6).

712 5075 739 5103 ⁸
768 5065 974 5122 Donum
996 5069 1130 5120 enim
1156 5068 1507 5137 insipientium
1537 5070 1874 5135 sacriﬁcium.
1910 5068 2061 5123 Nunc
2091 5083 2225 5125 cono

637 5148 843 5192 textum
875 5138 1195 5192 Subvertuut
1238 5150 1448 5193 veteres
1488 5140 1758 5195 editiones
1810 5141 1900 5193 ubi
1948 5142 2231 5195 contrario

640 5224 805 5282 sensu
841 5208 1068 5279 legimus
1097 5227 1107 5261 :
1140 5211 1311 5278 Super
1347 5212 1540 5264 donum
1580 5213 1713 5263 enim
1754 5212 2111 5282 insipientium
2142 5230 2230 5266 sa-

642 5281 897 5352 crificium
926 5291 1069 5332 tuum
1099 5297 1117 5333 :
1142 5285 1284 5352 quia,
1319 5293 1427 5335 etc.
1453 5282 1719 5337 Maurum.

712 5351 738 5390 ι’
763 5351 1183 5423 Rttrsumiiitlem
1211 5367 1364 5415 utss.,
1408 5366 1453 5406 et
1481 5354 1523 5406 si
1554 5366 1683 5408 esset
1718 5355 1949 5407 omnium
1988 5354 2228 5423 offensio,

641 5425 726 5493 qui
746 5432 861 5476 sunt
886 5424 936 5475 in
962 5422 1213 5484 Ecclesia,
1245 5434 1351 5478 etc.
1388 5425 1562 5479 Penes
1612 5426 1846 5489 Alcuiu.,
1886 5428 1929 5480 si
1960 5422 2088 5481 esset
2119 5422 2233 5479 om;

641 5497 785 5549 nium
812 5496 993 5549 audire
1035 5511 1339 5563 sermonem,
1365 5506 1409 5550 et
1436 5496 1611 5549 divina
1639 5498 1905 5566 mysteria,
1931 5514 2233 5569 numquam,

640 5574 746 5621 etc.

735 5649 755 5675 ε
783 5638 1030 5714 Βεειίιιιο
1072 5655 1135 5694 ex
1165 5640 1339 5696 Vatic.
1376 5648 1429 5694 et
1470 5638 1700 5714 Palatia.
1736 5640 1932 5714 altera,
1967 5643 2036 5697 ad
2066 5643 2242 5714 profe-

665 5709 879 5761 rendum
907 5727 1215 5770 sermonem.
1250 5723 1380 5775 ete.,
1408 5711 1864 5781 quemadmodum
1889 5723 1943 5768 et
1980 5709 2093 5782 ipse
2124 5716 2240 5768 llie-

664 5790 921 5845 ronymus
973 5782 1023 5834 in
1069 5798 1162 5836 sua
1202 5784 1646 5854 interpretatione
1695 5786 1854 5839 vertit
1904 5800 1972 5842 ex
2020 5786 2245 5841 Hebraeo

2342 4655 2447 4709 lius
2505 4664 2754 4721 estergo
2800 4652 3088 4720 ancipitem
3137 4650 3227 4705 ditt
3279 4646 3534 4705 librare'
3578 4650 3926 4711 sententiam,

2338 4764 2498 4821 quam
2529 4747 2581 4803 in
2606 4746 2782 4803 verbis
2820 4745 3064 4812 facilem,
3098 4745 3147 4799 itt
3190 4742 3356 4817 428
3400 4758 3568 4815 apere
3621 4757 3744 4797 esse
3797 4740 3931 4795 διαὶ.

2338 4844 2519 4899 cilem.
2554 4843 2755 4899 Servus
2788 4842 2933 4898 enim
2965 4842 3053 4912 qttl
3078 4842 3180 4895 scit
3223 4841 3554 4894 voluntatem
3588 4835 3796 4890 Domini
3823 4834 3929 4897 sui,

2338 4948 2394 4993 et
2432 4953 2537 4991 non
2573 4946 2596 4984 ε
2629 4935 2781 4992 faciat
2812 4950 2953 5001 eam,
2988 4933 3259 5004 vapulabit
3293 4933 3479 4987 multis
3506 4929 3661 5003 (Luc.
3697 4944 3792 4995 sn,
3819 4926 3929 4995 47).

2338 5053 2565 5128 κηηπθ.
2613 5068 2953 5123 Martiano-us
2987 5082 3116 5121 vero
3163 5066 3231 5120 ad
3281 5066 3678 5133 perferendum,
3737 5073 3796 5118 ttt
3850 5066 3924 5117 vi-

2334 5144 2493 5211 detur
2512 5156 2577 5194 ex
2610 5141 2799 5193 Gra'co
2820 5145 2913 5195 τοῦ
2937 5141 3186 5211 ἐξενέγκαι
3217 5138 3441 5206 legerat.
3850 5152 3861 5162 ·

2407 5209 2432 5249 ί¹
2456 5210 2585 5264 Cum
2615 5222 2785 5264 votum
2816 5212 2995 5278 feceris
3028 5209 3154 5263 Deo.
3185 5211 3239 5261 In
3281 5211 3462 5268 editis,
3493 5224 3607 5261 eum
3646 5217 3817 5261 uotum
3850 5224 3929 5259 ro-

2337 5283 2627 5338 oeris..Sed
2654 5297 2841 5350 parum
2873 5283 3116 5343 interest,
3151 5295 3250 5335 nec
3284 5288 3367 5334 est
3394 5280 3504 5333 ulla
3537 5280 3588 5332 in
3618 5294 3783 5333 sensu
3826 5294 3936 5333 mu-

2342 5357 2493 5409 tatiu.
2521 5354 2789 5408 Murrus.

2415 5436 2437 5463 θ
2460 5425 2818 5488 blartiattzeus,
2854 5434 3015 5490 atque
3046 5424 3139 5477 alii
3168 5422 3319 5487 editi,
3349 5432 3518 5477 votum
3553 5423 3711 5475 vovis.

2428 5496 2446 5535 ί
2476 5498 2758 5564 Ancipitem
2790 5496 2879 5550 diu
2902 5496 3109 5561 librare,
3135 5503 3240 5547 etc.
3270 5498 3440 5549 Antea
3467 5494 3775 5562 legebatur,
3803 5493 3939 5544 anci-

2352 5570 2507 5641 pitem
2542 5569 2633 5620 diu
2686 5568 2967 5621 deliberare
3018 5568 3345 5618 sententiam.
3396 5565 3752 5641 ‘Exetnplaria
3802 5579 3934 5617 mss.

2350 5636 2520 5695 secuti
2560 5654 2769 5701 sumus,
2804 5656 2922 5698 qum
2960 5647 3277 5692 constanter
3308 5638 3544 5690 retinent
3593 5636 3786 5691 librare
3816 5652 3933 5688 sen-

2356 5713 2585 5776 tentiam,
2611 5726 2714 5763 non
2744 5708 3025 5763 deliberare
3051 5710 3374 5761 sententiam.
3406 5707 3677 5762 MABTIAN.

2430 5791 2452 5825 8
2480 5780 2628 5837 Unus
2654 5780 2828 5837 Vatic.
2864 5789 2909 5831 et
2942 5796 3042 5833 non
3070 5781 3214 5847 fecit,
3256 5778 3521 5848 vapulabit
3552 5779 3720 5851 plagis
3749 5778 3944 5834 multis.
