4010 6352
107 309 129 364 1
140 310 241 364 035

1131 307 1674 381 sumussumus
1713 310 1778 368 ut
1821 269 2359 370 EtLCLESl-ASTEN.

3247 308 3392 372 ωδι

177 429 289 482 Non
317 429 404 482 des
433 444 488 486 as
513 438 677 494 lunai,
713 437 763 480 ut
802 443 1008 497 precare
1040 437 1066 466 ³
1088 428 1254 494 facias
1291 443 1496 482 carnem
1527 437 1688 488 tuam.
1722 442 1764 498 Α
1799 445 1861 484 ea
1893 438 2205 494 contemne,
2252 443 2374 499 qua:
2418 427 2615 486 somnii
2643 436 2786 488 sunt.
2822 427 2887 482 Et
2913 427 3088 488 solum
3135 427 3301 492 Deum
3326 428 3390 492 ti-

106 523 167 577 l'Jt
190 538 250 578 ne
275 522 466 576 dixeris
507 523 560 578 in
581 530 850 593 conspectu
884 520 1074 591 angeli,
1095 520 1214 590 quia
1237 519 1532 590 ignorantia
1562 529 1636 574 est
1664 537 1684 585 ;

102 633 162 672 ne
183 617 432 672 irascatur
458 614 600 672 Deus
628 632 780 688 super
811 631 980 670 vocem
1004 626 1161 683 tuam,
1193 625 1240 670 et
1271 615 1534 688 disperdat
1563 632 1686 686 apo-

104 726 158 762 ra
184 724 421 761 manuum
456 716 679 761 tuarum.
715 708 975 762 Hebrmus
1023 709 1092 761 ita
1146 710 1314 762 sensit
1344 725 1356 760 :
1392 707 1546 774 Quod
1574 723 1683 764 non

104 811 249 869 potes
301 801 504 866 facere,
545 817 614 857 ne
655 801 961 870 promittas.
1015 799 1129 856 Non
1163 800 1309 856 enim
1343 800 1396 856 in
1453 811 1683 857 ventum

103 893 235 948 dicta
262 900 562 962 transeunt,
595 892 691 948 sed
720 908 750 947 a
787 893 1042 961 praesenti
1093 893 1314 962 angelo,
1346 893 1436 963 qui
1471 891 1682 949 unicui-

99 1002 198 1057 que
242 986 482 1042 adlneret
523 1000 728 1054 comes,
777 987 959 1041 statim
995 987 1342 1056 perleruntur
1387 987 1452 1042 ad
1503 987 1682 1041 Domi-

99 1095 240 1136 num.
269 1079 331 1134 Et
354 1088 408 1134 tit
440 1079 530 1149 qui
560 1089 714 1147 putas
734 1080 982 1149 ignorare
1013 1079 1203 1146 Deum,
1235 1080 1376 1150 quod
1410 1079 1683 1146 pollicitus

98 1187 176 1239 es,
209 1186 468 1243 provocas
497 1188 620 1228 eum
644 1172 709 1237 ad
732 1172 1090 1241 iracundiam,
1117 1183 1174 1227 ut
1195 1174 1376 1228 omnia
1399 1189 1563 1242 opera
1594 1181 1682 1228 tua

98 1267 440 1337 dissipentur.
458 1266 566 1322 Sed
596 1267 737 1322 ineo
763 1266 906 1336 quod
930 1267 1002 1321 ait
1030 1284 1042 1320 :
1074 1265 1100 1304 δ
1137 1265 1204 1321 Ut
1233 1283 1334 1320 non
1366 1283 1579 1334 peccare
1601 1270 1683 1336 fa-

99 1362 197 1416 cias
222 1377 425 1416 carnem
452 1374 610 1428 tuam,
639 1359 762 1415 Non
792 1361 1082 1430 diligenter
1114 1362 1442 1430 eventilans,
1486 1363 1558 1416 ita
1597 1361 1683 1418 iu-

95 1455 323 1521 tellexit,
378 1456 530 1526 quasi
561 1456 788 1512 dixisset
821 1473 833 1508 :
865 1455 982 1514 Non
1041 1455 1138 1512 des
1166 1471 1228 1511 os
1254 1465 1424 1524 tuum,
1455 1467 1513 1512 ut
1569 1474 1678 1514 non

97 1555 120 1585 ε
153 1561 361 1615 pecces.
406 1546 570 1603 Nobis
592 1563 720 1602 vero
748 1548 886 1603 alter
914 1563 1108 1603 sensus
1140 1547 1354 1604 videtur
1377 1593 1391 1616 ,
1418 1549 1562 1620 quod
1593 1565 1680 1606 ar-

91 1647 330 1706 guantur
346 1637 421 1705 bi,
437 1636 461 1674 ἀ
478 1639 795 1709 ιιυίξίιθνὶιίο
819 1639 1004 1697 carnis
1024 1650 1327 1710 queruntur
1352 1653 1402 1696 et
1429 1641 1602 1706 aiunt,
1620 1657 1679 1698 se

94 1731 336 1800 corporis
351 1733 674 1788 necessitate
693 1732 1006 1801 compulsos
1031 1748 1092 1786 ea
1113 1731 1315 1794 facere.
1333 1749 1454 1803 quin
1481 1736 1675 1803 nolint,

1791 522 2084 595 nimi.”
2103 523 2204 588 Qui
2242 521 2388 580 enim
2413 522 2642 580 somniis
2689 521 3006 590 crediderit,
3057 521 3390 582 vanitatibus

1787 629 1849 676 se
1870 624 1924 670 et
1951 613 2167 684 ineptiis
2191 615 2387 678 tradet.
2423 615 2600 672 Aliter
2631 633 2642 668 :
2669 613 2804 681 Quia
2838 614 2949 672 dixi
2993 624 3159 686 atque
3187 628 3393 685 praece-

1789 709 1842 778 pi
1874 725 1886 762 :
1917 705 2038 772 Non
2070 708 2160 765 des
2188 725 2244 764 os
2275 718 2442 774 tuum,
2476 719 2532 766 ut
2556 725 2771 779 peccare
2795 709 2960 780 facias
2983 726 3193 764 carnem
3222 717 3385 779 suam,

1789 812 1844 858 et
1881 817 2095 872 qumras
2148 801 2324 868 varias
2373 803 2756 862 excnSationes
2790 819 2802 855 :
2839 802 2942 858 hoc
2990 818 3135 858 nunc
3188 803 3385 872 infero,

1789 896 2046 964 quoniam
2072 893 2126 950 in
2151 908 2345 948 somno
2374 897 2495 956 vita:
2523 895 2677 954 istius
2704 936 2717 959 ,
2757 903 2813 948 et
2841 894 2895 950 in
2919 896 3156 964 itnagine
3184 895 3391 956 umbrte

1788 987 1947 1044 nubis
1978 986 2020 1055 τ,
2047 1002 2146 1056 qua
2174 988 2437 1050 vivimus,
2465 987 2632 1046 multa
2662 1001 2950 1057 possumus
2972 987 3240 1050 inVenire,
3269 1001 3391 1055 qua

1789 1079 1944 1134 nobis
1969 1079 2284 1136 verisimilia
2335 1062 2646 1144 videantur,
2677 1089 2732 1133 et
2766 1090 2948 1134 nostra
2977 1092 3238 1136 excusare
3263 1091 3392 1147 pee-

1786 1185 1929 1228 eata.
1965 1173 2256 1242 Prognen-ea
2277 1171 2566 1240 admoneo,
2601 1183 2656 1229 ut
2677 1173 2728 1228 id
2761 1173 2937 1228 solum
2961 1187 3177 1237 caveas,
3205 1185 3274 1227 ne
3295 1186 3393 1242 pu-

1790 1276 1870 1322 tes
1896 1267 2180 1322 absentem
2211 1266 2518 1332 Deutn,sed
2549 1282 2672 1322 eum
2711 1267 2923 1330 linteas,
2976 1275 3033 1320 et
3061 1265 3203 1320 scias
3253 1279 3389 1324 cun-

1785 1359 1889 1413 etis
1929 1359 2185 1427 operibus
2234 1361 2339 1416 tuis
2373 1361 2567 1415 adesse
2623 1367 2945 1428 praesentem
2989 1369 3193 1425 :teque
3229 1357 3386 1416 liberi

1785 1451 1994 1507 arbitrii
2025 1452 2303 1506 conditum
2339 1468 2459 1510 .non
2506 1453 2647 1522 cogi,
2689 1452 2784 1508 sed
2827 1451 2973 1507 velle
3011 1451 3154 1523 quod
3181 1451 3383 1512 iacias.

1859 1545 1920 1598 Si
1947 1545 2265 1600 calumniam
2294 1547 2564 1616 pauperis,
2597 1555 2623 1596 8
2655 1555 2700 1600 et
2721 1546 2965 1617 rapinam
2979 1544 3198 1618 judisii,
3228 1554 3278 1602 et
3307 1547 3387 1606 in-

1775 1639 2015 1710 justitias
2044 1638 2233 1692 videris
2275 1639 2327 1694 in
2355 1639 2590 1710 regione,
2621 1655 2688 1694 ne
2720 1640 2924 1696 mireris
2955 1654 3108 1708 super
3143 1639 3347 1710 negatio
3372 1654 3392 1693 :

1783 1731 1905 1802 quia
1931 1732 2166 1788 excelsus
2204 1749 2360 1804 super
2389 1734 2649 1802 excelsum
2671 1733 2922 1800 custodit,
2957 1743 3007 1786 et
3032 1733 3283 1790 excelsior
3313 1741 3390 1790 est

90 1824 382 1878 secundum
408 1824 534 1882 illud
555 1825 803 1896 Apostoli
821 1823 1354 1896 (llom.vn,l5):Non
1373 1827 1675 1896 enim,guod
1708 1839 1755 1901 Β
1783 1842 1933 1896 super
1957 1824 2096 1890 illas,
2126 1826 2415 1894 etantplius
2443 1834 2594 1880 terra
2615 1825 2668 1881 in
2692 1825 2930 1886 omnibus
2958 1834 3030 1880 est
3060 1841 3152 1880 rex
3177 1826 3230 1880 in
3251 1841 3378 1896 agro

90 1918 220 1982 volo,
244 1917 339 1972 hoc
357 1936 477 1990 ago,
501 1919 591 1974 sed
635 1921 774 1990 quod
809 1920 950 1984 nolo,
981 1929 1034 1974 et
1063 1929 1280 1974 cetera.
1312 1919 1432 1974 Noli
1475 1921 1676 1990 itaque,

87 2011 179 2076 ait,
208 2025 374 2066 vanas
403 2013 781 2067 excusationes
805 2026 1069 2080 quaerere,
1096 2023 1151 2067 et
1171 2013 1301 2067 dare
1334 2013 1677 2069 occasionem

85 2103 232 2156 carni
265 2112 374 2160 tum
394 2105 462 2158 ad
488 2103 846 2173 peccandum,
877 2113 930 2158 et
957 2103 1142 2159 dicere
1168 2120 1180 2157 :
1210 2102 1330 2160 Non
1361 2119 1462 2174 ego
1492 2120 1674 2174 pecco,

88 2199 172 2252 sed
199 2199 343 2268 quod
376 2200 584 2252 habitat
619 2201 670 2254 in
695 2214 859 2253 carne
883 2215 999 2253 mea
1027 2208 1328 2268 peccaturo.
1360 2199 1603 2271 Denique
1625 2203 1680 2257 in

87 2303 146 2343 eo
174 2290 301 2344 loco
323 2290 413 2346 ubi
437 2291 508 2344 ait
543 2308 555 2343 :
593 2289 881 2346 Nedixcris
902 2306 1079 2344 coram
1127 2291 1333 2362 angelo,
1385 2293 1508 2361 quia
1535 2293 1680 2365 igno-

86 2385 246 2438 rantia
275 2393 400 2438 est:
429 2383 622 2455 Aquila
673 2384 1041 2453 interpretans
1079 2385 1304 2440 verbum
1357 2385 1677 2443 Hebraicum

85 2491 300 2542 SEGAGA,
336 2485 359 2514 θ
399 2491 497 2545 pro
526 2478 841 2549 ignorantia,
873 2479 1116 2533 ἀκούσιον
1142 2478 1439 2540 transtulit,
1476 2478 1531 2532 id
1562 2488 1676 2546 est,

88 2587 180 2624 non
208 2578 570 2641 spontaneum.
608 2570 663 2626 Si
693 2571 865 2635 enim,
901 2571 1094 2640 inquit,
1131 2571 1232 2626 ltoc
1258 2570 1480 2639 dixeris,
1510 2571 1678 2627 Deum

89 2678 348 2731 provocas
381 2663 540 2733 quasi
567 2674 851 2720 auctorem
882 2663 1010 2718 mali
1035 2676 1199 2733 atque
1224 2665 1455 2733 peccati,
1487 2676 1540 2718 ut
1573 2665 1682 2718 ira-

93 2761 191 2817 tus,
217 2753 260 2807 si
291 2753 419 2822 quid
443 2752 647 2808 videris
681 2753 808 2808 belli
845 2753 1068 2820 habere,
1097 2754 1307 2810 auferat
1337 2754 1402 2809 de
1432 2756 1679 2811 ttiauibus

94 2845 211 2900 tuis.
241 2845 336 2900 Vel
365 2855 517 2903 certe
542 2846 673 2902 talia
702 2847 1061 2913 sentientem,
1092 2847 1268 2900 tradat
1303 2849 1354 2903 in
1385 2849 1676 2917 reprobum

93 2955 326 3006 sensum,
357 2949 414 2994 ut
441 2940 607 2995 iacias
629 2956 690 2996 ea
724 2957 843 3010 quae
873 2957 978 2996 non
1008 2941 1354 2996 com'eniunt.

160 3034 287 3097 Quia
311 3034 364 3088 in
393 3031 732 3088 multitudine
751 3035 1074 3088 somniorum
1097 3043 1142 3086 et
1157 3037 1429 3103 vanitates,
1465 3044 1511 3088 et
1531 3035 1679 3091 verba

92 3113 319 3196 plurima.
350 3127 458 3183 Sed
481 3127 652 3183 Deum
674 3129 814 3183 time.
849 3128 918 3183 Et
965 3127 1110 3183 hunc
1140 3128 1316 3182 locum
1363 3129 1430 3182 ita
1467 3129 1676 3184 Hebrtei

1784 1919 1945 1974 culto.
1976 1917 2181 1974 Christi
2236 1919 2414 1975 tonics
2442 1928 2698 1975 contexta
2747 1919 2987 1988 desuper
3015 1917 3220 1991 (Joan.
3266 1934 3380 1986 xix,

1782 2011 1910 2068 Luc.
1961 2028 2053 2070 vnt
2077 2012 2117 2082 ),
2173 2028 2274 2068 nec
2321 2028 2349 2066 a
2383 2010 2828 2081 crucifigentibus
2869 2009 3044 2066 scindi
3080 2011 3254 2078 potuit
3285 2029 3296 2064 :
3330 2021 3387 2074 et

1782 2121 1906 2160 eum
1934 2121 1962 2159 a
1996 2120 2104 2173 quo
2134 2104 2387 2158 Salvator
2415 2104 2682 2159 dtl'IDOIIla
2711 2102 2970 2172 eiecerat,
2999 2102 3382 2171 Apostolorum

1785 2199 2032 2252 indutum
2061 2196 2408 2252 vestimentis
2437 2196 2588 2250 abire
2619 2193 2899 2264 praecepit.
2935 2192 3125 2263 Itaque
3177 2205 3233 2252 et
3282 2207 3382 2250 nos

1785 2293 2022 2346 nitamur
2049 2290 2398 2345 Ecclesiasten
2426 2291 2597 2346 nostri
2621 2290 2944 2346 vestimenta
2970 2303 3077 2342 non
3105 2287 3381 2355 scindere,

1784 2400 1886 2442 nec
1920 2400 2016 2455 pro
2049 2385 2328 2442 voluntate
2375 2393 2561 2440 nostra
2593 2369 2970 2452 opinationum
3002 2397 3210 2452 pannos
3261 2382 3384 2444 hinc

1784 2477 1911 2532 inde
1978 2491 2288 2541 consueta.
2339 2476 2435 2538 sed
2500 2492 2665 2534 unum
2725 2475 3111 2544 disputationis
3163 2489 3383 2532 servare

1785 2579 2012 2634 textum,
2037 2582 2092 2626 et
2111 2571 2364 2628 eumdem
2388 2585 2634 2636 sensum,
2655 2571 2972 2628 etordinetn
2997 2573 3172 2641 sequi.
3200 2569 3376 2640 Supra

1783 2664 2042 2720 dixerat:
2093 2663 2177 2722 Ne
2227 2665 2421 2722 dixeris
2454 2666 2507 2718 in
2563 2673 2843 2735 conspectu
2883 2665 3078 2736 angeli,
3134 2664 3381 2734 quoniam

1783 2759 2077 2829 ignorantia
2105 2768 2202 2824 est,
2236 2776 2297 2814 ne
2318 2761 2575 2814 irascatur
2603 2756 2744 2814 Deus
2794 2776 2951 2829 super
2994 2775 3165 2814 vocem
3212 2769 3378 2827 tuam,

1783 2863 1835 2906 et
1873 2853 2081 2922 reliqua
2113 2870 2123 2905 :
2156 2860 2210 2906 et
2239 2851 2500 2907 adversus
2521 2867 2616 2908 eos
2644 2853 2821 2907 fuerat
2852 2853 3088 2919 locutus,
3146 2857 3236 2922 qui
3289 2869 3384 2910 ne-

1783 2953 1974 3015 garent
2007 2945 2349 3013 providentia
2384 2960 2471 3000 res
2502 2947 2771 3000 humanas
2825 2947 2956 3015 regi.
2991 2947 3125 3011 Quin
3161 2945 3325 3015 igitur
3353 2943 3381 2982 ιι

1783 3037 2044 3090 adversus
2101 3035 2202 3091 hoc
2264 3047 2594 3107 pra-ceptum
2665 3037 3049 3092 suboriebatur
3099 3039 3370 3108 qua'stio,

1783 3147 1954 3201 quare
1982 3132 2111 3203 justi
2145 3133 2475 3187 calumniam
2509 3134 2867 3200 sustinerent,
2895 3142 2944 3188 et
2977 3148 3147 3203 quare
3190 3133 3380 3198 iniqua

93 3218 413 3274 edisserunl.
446 3219 560 3274 Nec
588 3221 868 3289 superiora
899 3221 1084 3287 iacias,
1109 3220 1176 3274 de
1207 3221 1405 3290 quibus
1427 3220 1538 3289 jam
1568 3221 1681 3276 dic-
1707 3231 1752 3292 (ζ
1789 3224 1918 3278 [iant
1945 3226 1996 3278 in
2031 3235 2146 3280 toto
2173 3225 2308 3281 orbe
2351 3226 2574 3294 judicia,
2625 3236 2680 3281 et
2734 3239 2841 3280 non
2876 3235 2960 3280 est
3008 3225 3153 3280 ultor
3199 3224 3378 3292 Deus;

93 3321 194 3366 tum
211 3323 308 3378 est,
343 3329 408 3369 ne
441 3313 603 3369 facile
631 3315 854 3368 somniis
881 3314 1094 3370 credas.
1125 3316 1262 3370 Cum
1293 3317 1436 3370 enim
1468 3317 1680 3370 diversa

90 3406 280 3461 videris
307 3422 400 3477 per
432 3417 760 3462 nocturnam
783 3408 1047 3478 quietem,
1077 3417 1132 3462 et
1168 3408 1333 3462 variis
1364 3408 1543 3464 anima
1569 3410 1682 3464 l'ue-

91 3500 155 3552 rit
184 3502 449 3571 exagitata
488 3502 810 3569 terroribus,
867 3501 979 3556 sive
1028 3503 1246 3558 incitata
1275 3493 1580 3573 promissis,
1623 3513 1677 3558 tu

158 3624 180 3650 α
207 3615 321 3670 Duo
362 3616 620 3680 Palatini,
646 3627 702 3674 et
746 3616 989 3672 Vatican.
1035 3627 1088 3676 ut
1126 3632 1336 3688 peccare
1368 3619 1549 3688 faciat,
1597 3618 1684 3674 hic

92 3696 243 3810 atq‘qe
268 3687 401 3746 infra
431 3706 446 3743 :
475 3701 529 3744 ct
562 3689 720 3758 paulo
771 3697 892 3758 post
913 3698 959 3742 et
1002 3705 1064 3744 ne
1091 3687 1328 3759 dissipet,
1371 3687 1472 3757 pro
1497 3700 1540 3746 et
1569 3689 1678 3744 dis-

93 3774 169 3810 ΜΤ
211 3769 280 3810 (Π.

91 3769 280 3824 perdat.

157 3828 180 3866 ι)
213 3830 329 3885 Non
355 3831 444 3887 des
479 3849 537 3885 os
565 3841 729 3896 tuum,
756 3841 809 3886 ut
835 3847 937 3886 non
964 3846 1160 3900 pecces.
1191 3830 1288 3885 llic
1318 3831 1466 3885 lot-us
1497 3846 1561 3887 ex
1585 3831 1680 3888 ab-

92 3906 250 3956 sentia
283 3903 571 3971 particulae
600 3905 844 3973 negantis
871 3919 980 3957 non
1013 3910 1190 3970 potest
1219 3901 1450 3973 intelligi
1483 3905 1532 3956 in
1577 3920 1676 3958 an-

93 3979 167 4043 tea
199 3974 353 4036 editis
383 3975 544 4028 libris
577 3992 588 4027 :
621 3972 796 4043 neque
841 3989 968 4028 vero
1012 3973 1194 4032 dicere
1239 3972 1408 4042 potuit
1451 3974 1670 4030 llieron.

91 4041 360 4125 llebrzeutn
385 4061 556 4125 suum
592 4041 982 4125 praeceptorem
1012 4061 1132 4125 non.
1151 4041 1444 4125 diligenter
1465 4048 1674 4125 eventi-

92 4113 221 4169 lasse
259 4116 400 4183 quod
440 4113 672 4183 dicitur,
707 4115 751 4168 si
777 4113 852 4170 ita
896 4116 1161 4170 intellexit
1193 4113 1342 4185 qtiasi
1395 4119 1666 4171 Ecclesia.-

92 4192 194 4239 stcs
221 4186 447 4243 dixisset
485 4206 501 4242 :
539 4186 662 4244 Non
693 4190 782 4243 des
810 4204 866 4242 as
893 4197 1057 4254 tuum,
1085 4198 1138 4240 ut
1160 4204 1355 4256 pecces.
1382 4187 1513 4242 Nam
1531 4189 1674 4244 idem

92 4267 185 4330 est,
212 4268 260 4312 ut
290 4277 490 4326 pecces,
519 4273 590 4330 ac,
609 4267 664 4324 ut
683 4274 894 4330 peccare
917 4257 1077 4326 facias
1109 4275 1315 4314 carnem
1344 4269 1502 4314 tuam.
1530 4259 1585 4316 lu
1612 4275 1676 4316 eo

95 4326 244 4395 igitur
277 4332 474 4385 minori
504 4326 781 4398 diligentia
814 4337 1127 4384 contextum
1174 4345 1388 4386 sacrum
1416 4332 1678 4386 eventila-

93 4402 161 4454 vit
203 4401 484 4470 Hebro-us,
524 4401 665 4474 quod
709 4402 974 4472 putaverit
1014 4400 1333 4470 particulam
1373 4403 1675 4470 negativam

93 4477 161 4587 ξκῆ
185 4495 252 4578 to,
275 4497 332 4587 id.
352 4508 466 4587 est,
493 4513 612 4556 non.
644 4510 956 4565 expressam
983 4508 1135 4587 esse,
1159 4496 1246 4550 vel
1265 4493 1676 4587 subintelligen-
1705 4525 1754 4587 ο

93 4566 206 4618 dam
239 4569 288 4622 in
319 4569 420 4626 hoc
455 4571 600 4634 loco,
629 4578 685 4622 ut
727 4583 828 4620 non
874 4569 1224 4636 pecces.Qu:e
1264 4565 1426 4620 lectio
1469 4565 1673 4634 optime

93 4641 370 4708 resttodet
401 4637 844 4708 interpretationi
882 4638 1151 4707 superiori
1184 4636 1426 4704 eiusdem
1459 4637 1670 4694 Hebrtci

92 4705 330 4777 dicentis,
388 4710 544 4778 Quod
557 4705 687 4764 'non
716 4720 858 4779 potes
897 4705 1085 4780 facere.
1121 4725 1184 4762 ne
1220 4709 1511 4779 promittas.
1560 4710 1672 4765 lloc

91 4789 170 4850 est
195 4784 336 4837 enitn
358 4783 564 4848 dicere,
593 4781 670 4836 Ne
695 4782 790 4837 des
821 4797 883 4836 os
908 4791 1058 4835 tuum
1081 4781 1146 4834 ad
1179 4782 1444 4850 promissa
1470 4788 1674 4836 temere

93 4848 349 4917 iacienda,
379 4864 436 4908 ut
461 4856 606 4924 quod
633 4869 740 4908 non
774 4862 926 4920 potes
958 4848 1261 4924 promittas,
1293 4864 1454 4924 atque
1481 4866 1672 4920 pecces

94 4936 193 4976 non
223 4923 498 4994 implendo
525 4939 650 4994 (tua:
693 4923 1012 4994 promisisti.
1041 4923 1308 4994 Legamus
1338 4923 1520 4994 itaque
1547 4939 1670 4978 eum

94 5007 218 5066 ipss.
249 4997 618 5061 codicibus,ut
648 5013 748 5049 non
778 5011 984 5066 pecces;
1010 4997 1132 5060 quia
1163 4996 1262 5048 hoc
1286 4995 1447 5050 modo
1477 5010 1672 5050 sensus

94 5062 296 5120 Hebraei
321 5067 554 5136 liquidus
584 5062 831 5135 apparet.
865 5065 1129 5120 ΜΑιιτιΑΝ.

160 5137 503 5193 —-Hactenns
529 5137 839 5206 contrario,
875 5138 1225 5207 absurdoque
1266 5152 1428 5192 sensu
1467 5137 1673 5203 absque

94 5209 318 5276 negandi
345 5210 605 5278 particula
627 5207 884 5268 obtinuit.
924 5217 981 5262 ut
1024 5224 1234 5276 peccare
1284 5210 1466 5274 facias.
1529 5209 1671 5264 Con-

95 5287 194 5330 stat
219 5295 347 5334 vero
377 5281 428 5334 in
459 5279 579 5352 _ltoc
608 5290 754 5334 textu
778 5280 1069 5352 Hebraeum,
1094 5281 1409 5352 Hieronymi
1436 5297 1672 5352 praecep-

96 5355 258 5403 torem
300 5366 424 5414 μου,
457 5349 626 5417 ipsam
657 5351 996 5420 particulam,
1037 5349 1313 5421 diligenter
1352 5349 1668 5420 eventilasse,

98 5420 308 5476 minime
330 5437 480 5487 vero,
529 5433 585 5488 ut
629 5421 831 5492 vulgati
857 5420 1239 5492 praeferebant,
1283 5423 1412 5476 illttd
1436 5438 1668 5487 cturnus,

96 5501 149 5542 ut
191 5507 399 5560 peccare
430 5493 629 5560 facias,
681 5504 790 5559 etc,
819 5509 924 5548 non
969 5493 1256 5561 diligenter
1301 5496 1667 5548 eventilasse.‘

98 5570 155 5612 ut
193 5564 316 5630 quid
355 5567 504 5618 enim
536 5567 680 5632 quod
720 5565 1136 5633 nondiligenter
1182 5573 1423 5620 notatum
1463 5565 1531 5618 ab
1571 5564 1671 5619 ali-

100 5646 198 5705 quo
221 5634 448 5705 est,quis
475 5638 711 5704 proferat
731 5636 798 5689 ad
821 5639 1208 5692 eruditionem.
1236 5635 1345 5689 Nos
1376 5636 1673 5690 mss.Pala—

102 5702 944 5770 tiniduo,etvatiexestitueodtn
971 5709 1218 5765 lectionis
1244 5709 1664 5765 adnumuerunt.

173 5783 192 5809 θ
219 5777 719 5854 llic_ve_ro_negandi
771 5783 1086 5854 particulam
1129 5799 1270 5838 unus
1311 5784 1488 5839 Vatic.
1523 5785 1670 5854 igno-

103 5858 206 5914 rat,
236 5857 287 5902 et
318 5851 590 5907 Palatinus
628 5853 766 5908 alter
812 5853 1086 5926 expungit.
1130 5854 1328 5913 COnl‘er
1379 5851 1670 5914 Martianaai

1787 3337 1932 3374 nunc
1965 3319 2128 3376 infert
2158 3329 2214 3374 et
2241 3321 2424 3387 solvit,
2457 3320 2602 3390 quod
2633 3319 2839 3389 opponi
2871 3329 3106 3390 poterat.
3146 3319 3332 3374 dicens
3364 3338 3378 3375 :

1784 3413 1840 3467 Si
1884 3412 2083 3467 videris
2112 3413 2442 3467 calmnniam
2479 3413 2753 3482 pauperis,
2786 3412 2874 3482 qui
2902 3412 3096 3466 beatus
3121 3412 3171 3465 in
3205 3411 3384 3465 EVan-

1784 3504 1931 3574 gelio
1963 3505 2308 3574 pnedicatur,
2337 3515 2395 3560 et
2435 3520 2522 3560 res
2559 3503 2574 3543 ί
2631 3505 2680 3559 vi
2707 3505 2850 3574 geri,
2899 3519 3006 3558 non
3043 3503 3279 3573 justitia,
3315 3519 3382 3558 ne

1787 3620 2216 3680 annotalimretn.

1858 3687 1882 3725 ’λ
1921 3689 2022 3756 Qui
2052 3691 2115 3744 de
2140 3692 2263 3745 vitio
2285 3692 2454 3745 carnis
2477 3703 2784 3759 queruntur.
2808 3689 3154 3749 Colbertinns
3174 3689 3375 3756 codex,

1785 3763 1874 3831 qui
1924 3761 2090 3816 Deum
2135 3764 2304 3818 carnis
2347 3774 2653 3830 queruntur.
2679 3764 3072 3828 Corbeienses,
3105 3761 3189 3830 qui
3231 3763 3294 3814 de
3332 3763 3380 3815 vi

1785 3833 1956 3887 carnis
1986 3844 2290 3903 queruntur.
2328 3834 2598 3891 Maurus.

1861 3913 1882 3940 ο
1925 3903 2150 3960 Verbum
2175 3904 2492 3960 Hebraicum
2520 3907 2750 3978 Segaga.
2775 3905 3236 3978 Apiidlirasmutu
3259 3918 3380 3957 cor-

1783 3985 2000 4046 ruptum
2043 3987 2126 4032 est
2163 3992 2386 4046 prorsus
2435 3988 2489 4033 et
2532 3976 2794 4034 mutatum
2849 3976 3138 4031 Hebraeum
3180 3987 3377 4032 nomen

1778 4076 1927 4127 matr:
1951 4084 2142 4140 segaga
2161 4110 2174 4134 ,
2207 4085 2302 4138 pro
2331 4086 2522 4141 segaga
2553 4072 2698 4125 enim
2725 4069 2852 4139 legit
2875 4079 3021 4127 7-331!
3045 4083 3257 4126 senuna.
3282 4067 3380 4121 du-

1781 4161 1903 4229 pch
1934 4161 2212 4234 Nun,pr0
2240 4163 2438 4234 duplici
2471 4163 2708 4228 Gltitnel;
2751 4161 2843 4216 sed
2877 4160 3020 4214 haud
3052 4159 3376 4234 duliievitio

1783 4233 2198 4304 typograpltico.
2232 4231 2596 4291 Corbeicuses
2629 4250 2759 4289 llISS.
2789 4234 2973 4304 legunt
2995 4246 3202 4302 segaga.
3224 4231 3371 4286 Man-

1779 4318 1926 4356 ’I'IAN.

1861 4373 2070 4460 flii-in.
2104 4375 2330 4460 imagine
2352 4376 2555 4460 umer
2594 4376 2762 4460 nubis.
2794 4373 2996 4430 Eadem
3037 4373 3372 4460 exemplaria

1785 4443 1873 4532 lli‘ic
1925 4445 2086 4529 aliud.
2129 4443 2403 4530 retinent,
2427 4453 2745 4532 sequentem
2793 4460 2986 4530 nempe
3037 4443 3326 4532 lecti'ouem
3354 4489 3368 4502 .

1785 4516 2041 4590 Quoniam
2067 4519 2122 4572 in
2152 4535 2335 4590 somno
2357 4521 2472 4572 vitae
2500 4516 2672 4590 istius,
2705 4527 2754 4572 et
2795 4517 3038 4590 imagine,
3066 4518 3246 4572 umbra
3274 4534 3374 4572 nu-

1781 4586 1938 4656 bcque
1960 4590 2196 4656 vivimus,
2230 4589 2412 4655 multa,
2442 4600 2547 4644 etc.
2585 4588 2850 4644 MABTIAN.

1849 4667 1872 4705 Β
1905 4658 1972 4712 Et
1995 4662 2237 4731 rapinam
2267 4660 2479 4732 judicii.
2518 4659 2658 4714 Editi
2691 4673 2846 4716 antea
2888 4661 3044 4730 libri,
3080 4674 3127 4717 et
3160 4663 3371 4716 ruinam

1763 4751 1992 4822 judicii;
2021 4753 2119 4814 sed
2141 4751 2301 4818 (also,
2326 4767 2446 4812 nam
2473 4753 2525 4808 in
2550 4754 2776 4810 Hebraeo
2799 4754 3027 4825 legimus
3053 4764 3248 4820 tam
3263 4736 3373 4817 51:1

1774 4844 1983 4919 veneni
2023 4843 2278 4919 ntisplsat;
2310 4853 2359 4897 et
2410 4846 2651 4919 rapinam
2698 4847 2926 4919 judicii,
2975 4850 3125 4917 iuxta
3187 4849 3368 4902 ontttia

1773 4914 2104 4988 exemplaria
2125 4914 2438 4988 Hieronymi
2473 4914 2604 4972 mss.
2631 4914 2857 4974 et'LXX
2886 4914 3244 4987 Interpretari,
3279 4919 3370 4988 qui

1774 4985 2192 5067 transtulerunt,
2225 4985 2570 5064 καὶᾶρπαγήν
2601 4989 2877 5067 κρίματος,
2933 4999 2978 5043 et
3027 4985 3372 5057 direptionem

1764 5056 1978 5128 judicii.
2012 5056 2280 5116 ΜΑιιτιΑη.

1845 5158 1914 5210 —;—
1946 5127 2127 5218 Vatic.
2181 5137 2226 5182 et
2249 5130 2514 5218 .rapinam
2541 5131 2756 5218 jnd'icii,
2781 5143 2827 5216 et
2845 5134 3075 5218 riustitice
3095 5132 3282 5187 videris
3318 5133 3372 5218 i‘n

1772 5200 1983 5269 regione
2013 5215 2031 5252 :
2055 5211 2104 5254 et
2138 5201 2298 5268 paulo
2329 5212 2450 5267 post
2475 5200 2596 5257 cuin
2629 5200 2889 5261 Palatinis
2933 5205 3167 5271 duobus,
3201 5201 3374 5258 excolo

1775 5287 1862 5325 sus
1891 5287 2048 5345 super
2075 5271 2338 5326 excelsum
2367 5275 2618 5341 custodit,
2650 5285 2698 5330 et
2743 5276 3053 5331 excelsiores
3083 5291 3235 5345 super
3261 5290 3370 5329 eos.

1847 5341 2056 5406 —Quia
2076 5345 2306 5417 excelsus
2334 5360 2487 5417 super
2520 5349 2779 5401 excelsum
2809 5349 3052 5403 sustodil.
3078 5341 3376 5402 Cor-beien-

1775 5429 1863 5468 scs
1886 5428 2041 5479 mss.,
2078 5415 2215 5478 Quia
2254 5415 2509 5484 excelsus,
2545 5435 2701 5486 super
2729 5422 3006 5479 easelsurn.
3036 5429 3086 5474 et
3122 5417 3376 5478 excelsior

1774 5496 1850 5610 ﬁt
1876 5501 2030 5552 super
2051 5495 2227 5552 eos,et
2255 5487 2481 5556 amplius
2524 5501 2674 5545 teme
2715 5502 2787 5544 est
2821 5508 2913 5546 rex
2947 5491 3001 5544 in
3037 5507 3162 5560 agro
3208 5491 3371 5545 culto.

1829 5571 2042 5610 annm.

1829 5571 2042 5610 ARTIAN.

1848 5626 2065 5704 Elidem
2092 5638 2204 5685 tres
2230 5645 2364 5685 mss.
2387 5633 2552 5698 :Quia
2580 5633 2737 5702 igitur
2759 5633 3006 5686 adversus
3030 5632 3139 5704 (ΑΙ.
3169 5632 3375 5687 addunt

1773 5700 1901 5780 eos)
1924 5701 2020 5755 hoc
2056 5716 2366 5775 prtt’ceptum
2387 5700 2768 5770 subornantur,
2808 5716 2854 5759 et
2876 5700 3047 5780 quare
3070 5705 3229 5780 justi,
3261 5713 3368 5758 etc.

1862 5776 1872 5813 ί
1925 5783 1998 5836 lta
2030 5780 2390 5834 emcndamus
2420 5795 2524 5848 ope
2566 5782 2728 5849 trium
2779 5793 2912 5832 mss.
2938 5779 2991 5832 in
3023 5776 3220 5849 quibus
3265 5793 3374 5833 uno

1786 5853 1957 5909 verbo
1987 5863 2070 5908 est
2101 5851 2284 5923 vigcri,
2315 5864 2414 5920 pro
2444 5847 2551 5922 quo
2582 5847 2808 5928 iecimus
2835 5847 3052 5909 duobus
3103 5849 3284 5909 verbis
3332 5853 3380 5927 vi
