4010 6316
530 255 670 312 1055

1778 251 1834 306 S.
1880 246 2155 307 EUSEBII
2196 245 2574 304 IIIERONYMI

3778 244 3899 301 πῶς

443 342 451 352 ’
529 369 768 434 mireris,
816 374 871 422 et
923 367 1017 422 tibi
1064 381 1264 422 novum
1292 364 1519 436 'aliqnid
1555 379 1678 421 esse
1706 362 1980 419 videatur.
2014 361 2123 417 Ex-
2150 361 2205 423 Α
2230 369 2379 415 tanto
2426 361 2608 430 plures
2645 358 2930 416 ministros
2959 360 3199 428 habebit,
3254 361 3344 433 qui
3392 376 3535 434 opes
3565 362 3898 419 devores:

527 460 709 515 celsus
735 458 937 529 quippe
965 472 1135 529 super
1156 456 1404 512 excelsos
1433 456 1551 513 haec
1581 456 1810 526 respicit
1837 455 2000 523 Deus,
2029 454 2124 525 qui

526 552 749 624 angelos
806 565 935 606 suos
988 566 1154 619 super
1200 550 1411 620 iudices
1460 559 1516 605 et
1568 565 1722 621 reges
1774 560 1933 605 terra:
1983 562 2124 619 prae-

528 645 749 717 posuit,
811 654 837 682 α
885 645 977 716 qui
1031 653 1259 715 possunt
1308 644 1494 715 utique
1550 644 1845 714 prohibere
1902 640 2121 713 injusti-

529 738 657 795 tiam
690 780 705 804 ,
758 748 813 793 et
870 740 1045 808 magis
1106 738 1160 792 in
1222 746 1365 793 terra
1416 738 1598 793 valere
1629 777 1647 804 ,
1693 752 1855 807 quam
1914 737 2122 804 quaevis

528 830 810 889 hominum
860 840 1179 901 potestates.
1210 832 1317 889 Sed
1348 829 1513 903 430
1555 832 1811 902 quoniam
1843 837 2032 886 servat
2065 828 2119 883 in

527 923 635 980 fine
658 926 948 992 judicium,
988 936 1042 981 et
1070 924 1125 979 in
1150 924 1625 979 consummatione
1666 922 1880 988 mundi,
1905 920 2123 990 quando

526 1032 651 1073 cum
683 1027 891 1072 matura
922 1030 1082 1087 seges
1114 1014 1296 1081 fuerit,
1329 1026 1381 1070 et
1405 1028 1682 1070 messores
1710 1014 1982 1073 venerint.
2004 1012 2121 1082 jus-

526 1123 689 1164 surus
710 1119 814 1174 est,
851 1118 909 1164 ut
934 1120 1218 1178 separetur
1245 1106 1509 1173 triticum,
1542 1116 1600 1161 et
1641 1105 1825 1161 lolium
1877 1105 2124 1159 tradatur

526 1199 814 1256 incendio:
848 1200 973 1255 ideo
1000 1215 1144 1255 nunc
1166 1209 1454 1270 exspectat
1476 1207 1532 1255 et
1553 1196 1735 1254 dill'ert
1762 1198 2120 1265 sententiam,

525 1296 786 1367 quamdiu
808 1310 939 1367 ager
969 1295 1154 1349 mundi
1189 1294 1352 1348 istius
1372 1292 1399 1331 δ
1428 1293 1731 1349 excolatur.
1756 1292 1911 1361 Quod
1940 1301 2121 1348 autem

527 1405 655 1459 ager
701 1390 1091 1461 interpretetur
1136 1388 1395 1451 mundus,
1444 1389 1716 1443 Dominus
1763 1389 1817 1442 in
1862 1386 2120 1457 parabola

528 1484 861 1541 zizaniorum
892 1492 947 1538 et
975 1484 1141 1538 tritici
1169 1482 1424 1553 exposuit
1452 1482 1471 1545 (
1496 1480 1691 1537 Matth.
1719 1497 1814 1536 xm
1836 1480 1879 1552 ).

601 1575 703 1641 Qui
733 1575 903 1648 diligit
933 1583 1226 1648 argentum,
1258 1591 1362 1629 non
1388 1573 1681 1642 implebitur
1700 1582 1941 1646 argento,
1966 1583 2013 1627 et
2034 1575 2121 1643 qui

522 1675 696 1745 diligit
716 1674 945 1737 divitias,
986 1689 1086 1726 non
1112 1673 1317 1739 fruetur
1343 1674 1439 1728 eis.
1474 1671 1579 1725 Sed
1606 1681 1651 1726 et
1678 1670 1776 1724 hoc
1804 1671 2025 1725 vanitas.
2052 1668 2119 1724 In

2226 462 2599 524 congregatas.
2632 451 2730 506 Ille
2750 461 2936 507 autem
2969 451 3151 508 videat
3183 464 3417 521 tantum,
3452 458 3631 527 quod
3682 454 3897 515 habet.

2226 555 2281 602 et
2341 547 2461 616 plus
2504 559 2664 617 quam
2713 544 2871 602 unius
2917 546 3154 603 hominis
3205 548 3391 605 cibum
3443 564 3701 622 capere
3797 562 3899 603 nos

2228 639 2420 709 possit.

2298 729 2480 785 Dulcis
2511 748 2723 786 somnus
2773 737 3034 804 aperanti,
3083 733 3187 788 sive
3232 735 3536 807 paululum,
3584 737 3745 791 sive
3782 734 3905 805 plus

2225 826 2523 878 comederit.
2564 824 2633 880 Et
2658 827 2906 880 saturitas
2934 826 3105 880 divitis
3132 844 3235 881 non
3281 828 3405 881 sinit
3433 844 3557 883 eum
3579 830 3901 884 dormire.

2226 918 2420 973 Adhuc
2448 918 2518 974 de
2542 918 2710 974 divite
2760 927 2813 973 et
2863 934 3028 974 avaro
3058 934 3239 973 sermo
3262 927 3371 987 est,
3397 929 3454 975 et
3473 928 3907 992 comparatur

2224 1014 2491 1084 operanti,
2545 1021 2602 1067 et
2646 1012 2852 1081 absque
2908 1012 3279 1068 sollicitudine
3325 1012 3692 1080 dormienti,

2224 1199 2405 1269 operis
2438 1207 2494 1253 et
2533 1198 2733 1252 sudore
2776 1198 3079 1267 qttalemvis
3107 1198 3289 1253 cibum
3332 1200 3568 1271 digerat,
3600 1211 3679 1256 et
3724 1202 3902 1255 dulci

2222 1306 2416 1347 somno
2446 1293 2775 1361 perfruatur.
2846 1292 3002 1348 Dives
3046 1308 3179 1348 vero
3235 1293 3513 1350 distentus
3567 1296 3897 1367 dapidus,

2222 1398 2277 1441 et
2320 1385 2739 1455 cogitationibus
2782 1382 2944 1456 431
2992 1385 3045 1438 in
3091 1385 3311 1440 diversa
3362 1386 3684 1455 laceratus,
3748 1389 3899 1442 dor--

2224 1480 2359 1533 mire
2389 1493 2495 1533 non
2539 1478 2735 1544 valeat,
2782 1477 3128 1532 redundante
3172 1479 3417 1548 crapula,
3454 1489 3478 1527 ε
3509 1491 3568 1535 et
3612 1482 3897 1535 incocto

2222 1572 2344 1627 cibo
2394 1572 2446 1626 in
2494 1570 2761 1625 stomachi
2807 1569 3072 1641 angustiis
3116 1580 3402 1627 aestuante.
3451 1570 3666 1639 Porro,
3742 1573 3891 1642 quia

2224 1678 2467 1728 somnus,
2499 1674 2553 1719 et
2583 1664 2892 1717 communis
2921 1662 2990 1719 de
3024 1661 3124 1717 hac
3147 1662 3251 1717 vita
3284 1666 3461 1719 exitus
3485 1664 3890 1735 appellatur,

522 1766 855 1820 multitudine
874 1766 1007 1819 enim
1038 1764 1289 1819 bonorum
1316 1763 1468 1817 multi
1489 1772 1641 1827 sunt,
1673 1774 1695 1801 ο
1737 1764 1824 1833 qui
1844 1763 2119 1817 comedunt
2150 1751 2198 1811 B
2224 1755 2419 1810 melior
2466 1755 2571 1809 erit
2616 1755 2837 1823 requies
2877 1754 2996 1823 ejus
3031 1755 3120 1823 qui
3151 1763 3410 1823 operatur
3439 1755 3491 1808 in
3526 1756 3880 1823 praesenti,

523 1873 606 1921 ea,
638 1868 686 1911 et
714 1873 827 1923 quis
856 1866 927 1910 est
954 1858 1206 1928 fortitudo
1236 1857 1442 1912 habenti
1460 1856 1579 1925 illa,
1601 1858 1780 1911 nisiut
1804 1857 1973 1911 videat
2000 1872 2122 1910 ocu-

524 1948 591 2004 lis
618 1950 772 2004 suis?
803 1949 1139 2020 Ubicumque
1167 1959 1455 2021 argentum
1513 1952 1788 2019 ponimus,
1821 1950 2120 2005 secundum

524 2040 699 2097 Graici
750 2040 1021 2096 sermonis
1082 2041 1518 2112 ambiguitatem,
1552 2051 1734 2111 potest
1777 2052 1833 2096 et
1887 2048 2119 2112 pecunia

523 2134 807 2189 transferri
859 2152 872 2189 :
930 2136 1172 2212 ἀργύριον
1220 2136 1421 2206 quippe
1472 2143 1761 2203 utrumque
1826 2135 2118 2205 significat.

525 2225 698 2281 Porro
735 2225 949 2281 Tullius
978 2229 1307 2297 pecuniosos
1327 2228 1573 2298 primitus
1600 2244 1697 2284 eos
1722 2228 1899 2284 dictos
1929 2228 2117 2295 refert,

522 2322 791 2391 quiplura
838 2318 1215 2375 habuissentd
1271 2322 1504 2391 peculia.
1553 2322 1603 2375 id
1657 2330 1759 2387 est,
1792 2336 2007 2392 pecora.
2042 2321 2120 2375 lla

524 2414 673 2468 enim
704 2428 767 2467 ea
794 2411 1095 2484 antiquitus
1117 2414 1480 2483 appellabant.
1514 2413 1782 2469 Paulatim
1810 2424 1992 2470 autem
2026 2430 2123 2485 per

524 2506 869 2571 abusionem.
906 2523 1105 2563 nomen
1128 2509 1192 2562 ad
1216 2508 1359 2562 aliud
1384 2508 1700 2563 devolutum
1751 2516 1858 2563 est.
1912 2511 2121 2561 Avarus

525 2599 691 2669 igitur
719 2600 1074 2663 describitur.
1103 2602 1247 2671 quod
1274 2616 1568 2671 numquam
1594 2603 1791 2672 opibus
1813 2603 2119 2670 expleatur,

522 2704 579 2751 et
619 2704 825 2765 quanto
873 2694 995 2765 plus
1041 2694 1313 2761 habuerit,
1348 2705 1495 2750 tanto
1545 2696 1671 2765 plus
1700 2696 1902 2763 cupiat.
1938 2693 2121 2750 Flacci

519 2804 739 2856 quoque
788 2798 811 2825 ε
863 2803 1027 2859 super
1085 2789 1190 2842 hoc
1240 2789 1613 2844 conctirdante
1664 2788 1935 2843 sententia
1970 2830 1985 2852 ,
2028 2788 2119 2858 qtti

521 2882 597 2934 ait
632 2880 649 2949 (
682 2880 868 2936 Horat.
897 2882 935 2937 Ι.
964 2897 1002 2947 ι,
1038 2880 1349 2952 Epistolar.,
1385 2882 1536 2953 epist.
1562 2882 1620 2947 2,
1652 2881 1719 2933 ad
1741 2879 2009 2951 Lelium):

960 3019 1171 3083 Semper
1197 3033 1371 3071 avarus
1397 3026 1535 3084 eget.

523 3156 579 3202 et
608 3146 803 3203 nobilis
837 3147 855 3186 ί
892 3148 1160 3217 historici,
1208 3150 1353 3221 quod
1403 3150 1651 3215 avaritia,
1685 3164 1863 3219 neque
1914 3151 2115 3220 inopia,
2149 3139 2195 3204 C
2226 3150 2360 3203 Cum
2398 3150 2683 3219 superiore
2728 3149 2897 3218 junge
2949 3149 3093 3217 quod
3149 3148 3438 3219 sequitur:
3492 3147 3859 3205 Ecclesiaste

522 3257 704 3312 neque
717 3243 868 3311 copia
886 3242 1181 3298 minuatur.
1202 3243 1348 3299 Nihil
1364 3259 1519 3315 ergo.
1537 3244 1711 3314 inquit
1729 3244 2115 3311 Ecclesiastes,

524 3343 751 3405 prosunt
780 3334 983 3389 divitia:
1012 3336 1335 3403 possidenti.
1373 3338 1474 3390 nisi
1514 3337 1619 3391 hoc
1661 3336 1837 3391 snlum
1859 3347 1915 3391 ut
1938 3336 2118 3390 videat

523 3443 644 3499 qua:
677 3427 945 3497 possidet.
978 3427 1196 3495 Quanto
1223 3430 1366 3484 enim
1399 3429 1572 3499 major
1598 3428 1763 3483 fuerit
1786 3428 2114 3495 substantia,

522 3567 649 3637 geri.
688 3563 957 3637 Hactenus
984 3578 1120 3618 vero
1148 3564 1343 3630 inutili,
1406 3564 1650 3635 falsoque
1703 3578 1864 3619 sensu
1917 3565 2115 3621 lectum

524 3646 608 3692 est
646 3652 755 3688 uno
783 3638 952 3691 verbo
973 3638 1160 3705 vigere.

600 3716 624 3744 ⁸
661 3708 829 3776 Super
851 3709 1056 3779 judices
1086 3717 1136 3761 et
1164 3724 1310 3780 reges
1340 3718 1489 3780 terrm
1517 3708 1821 3780 praeposuit.
1837 3708 2044 3780 Deerat
2067 3710 2118 3762 in

530 3779 632 3834 hac
672 3795 802 3832 voce
835 3778 1145 3847 pt-aipositio
1172 3778 1292 3849 quin
1319 3779 1485 3833 alium
1515 3793 1733 3834 sensum
1766 3778 1965 3844 efﬁcit;
1996 3782 2120 3849 quia

526 3865 781 3919 magnum
822 3850 1108 3905 intercedit
1141 3850 1433 3905 discrimen
1474 3852 1616 3904 inter
1658 3851 1917 3919 Angelos,
1955 3853 2123 3917 posuit

525 3937 692 3991 super
720 3937 874 3989 reges
899 3932 1080 3985 terrae,
1102 3934 1153 3977 et
1190 3924 1427 3993 Angelos
1454 3928 1737 3992 praeposuit
1774 3936 1939 3991 super
1967 3937 2121 3992 reges

527 4002 708 4048 terrae.
742 3994 1009 4049 Murrum.

598 4062 624 4101 ι)
666 4063 801 4137 Tres
832 4081 991 4137 ntss.,
1022 4081 1144 4137 ager
1184 4065 1363 4120 mundi
1401 4068 1553 4119 istius
1583 4064 1786 4137 plenius
1826 4064 2115 4119 excolatur.

601 4148 622 4174 ε
669 4136 819 4191 Unus
854 4136 1065 4201 Vatic.,
1093 4137 1180 4204 qui
1208 4139 1479 4191 comedunt
1509 4153 1572 4190 ea:
1586 4136 1685 4190 eis.

597 4206 622 4242 ά
658 4206 931 4263 Hactenus
962 4209 1157 4279 lectum
1182 4216 1287 4268 est.
1310 4210 1400 4279 qui
1426 4210 1580 4277 plura
1612 4206 1850 4261 habuisse
1880 4206 2116 4274 peculiar,

524 4278 580 4333 id
607 4286 702 4340 est,
748 4296 949 4348 pecora,
1011 4278 1368 4350 designantur,
1420 4278 1924 4334 contradicentibus
1982 4292 2112 4332 mss.

528 4350 753 4421 nostris,
798 4353 850 4405 in
881 4366 1112 4421 quorum
1159 4352 1308 4406 nullo
1349 4360 1683 4421 postremum
1740 4350 1839 4421 hoc
1890 4350 2115 4403 verbum

527 4419 753 4514 legitt'tr:
794 4419 968 4502 quove
1000 4433 1308 4504 expuncto,
1342 4419 2074 4514 substitut‘qque'lmbuittgnl
2096 4460 2112 4484 ο
2143 4453 2198 4514 D
2223 4424 2476 4514 angulslfis
2498 4419 2765 4514 mtuant:-

528 4506 627 4561 pro
658 4490 915 4557 habuisse,
941 4494 1260 4547 concinnius
1283 4504 1573 4549 cootextus
1598 4492 1739 4547 ﬂuit.
1760 4490 1929 4545 Porro
1953 4492 2115 4544 iidem

530 4575 661 4635 mss.
691 4566 869 4633 pecuia
890 4564 1093 4633 legunt,
1118 4580 1214 4632 pro
1231 4566 1451 4635 peculia.
1479 4563 1613 4619 Vide
1638 4572 1819 4617 autem
1847 4562 2116 4616 Nonnittm

528 4649 557 4687 τι
584 4632 895 4687 Martiaumo
926 4632 1223 4689 laudatum.

599 4703 843 4759 -—Porro
887 4704 1092 4759 Tullius
1119 4708 1440 4775 pecuniosos,
1476 4716 1583 4761 etc.
1618 4705 2041 4761 Pecnniosornm
2066 4713 2121 4758 et

529 4776 862 4846 locupletum
890 4778 1303 4845 proprietatem,
1333 4779 1508 4848 inquit
1545 4777 1772 4844 Nonius,
1807 4776 2017 4847 aperuit
2047 4775 2117 4829 M.

528 4848 738 4904 Tullius
769 4851 835 4903 de
864 4850 1180 4915 Senecmte,
1206 4866 1235 4903 a
1268 4864 1461 4918 pecore
1487 4851 1832 4919 pecuniosos,
1859 4862 1911 4902 et
1941 4863 1967 4898 a
2000 4861 2121 4914 pos-

529 4922 867 4975 sessionibus
898 4924 1141 4976 locorum
1174 4922 1473 4991 locupletes
1501 4922 1809 4991 appellatos
1839 4932 2116 4982 asset-eus,

530 4993 809 5062 multaque
851 4995 1059 5048 ditioue
1103 4994 1285 5046 avium
1331 5006 1383 5046 et
1414 4995 1613 5059 boum,
1658 4992 1799 5062 quod
1849 5000 1975 5043 tunc
2004 4999 2122 5042 erat

530 5077 619 5117 res
650 5064 702 5118 in
737 5079 935 5133 peciirc
966 5073 1022 5119 ct
1048 5064 1290 5118 locorum
1319 5062 1776 5132 possessionibus.
1802 5077 1867 5114 ex
1898 5076 2007 5129 quo
2032 5075 2123 5129 pe-

526 5136 764 5194 cuniosi.
799 5146 851 5189 et
886 5136 1187 5204 locupletes
1215 5135 1567 5189 vocabantur.
1594 5133 1869 5187 ΜΑιιτιΑΝ.

606 5216 628 5241 ε
664 5204 843 5258 Flacci
873 5201 1074 5273 quoque
1128 5220 1284 5275 super
1335 5205 1453 5271 hoc,
1483 5217 1590 5260 etc.
1624 5204 1875 5275 Flaccus,
1928 5201 1977 5275 id
2015 5210 2121 5264 est,

530 5275 788 5330 Horatius
840 5271 1207 5343 Epistolarum
1262 5276 1351 5329 lih.
1390 5292 1425 5341 l,
1457 5276 1615 5345 epist.
1651 5274 1706 5343 '2,
1738 5275 1806 5328 ad
1840 5271 2071 5328 Lollium
2105 5290 2119 5324 :

591 5370 787 5432 Sperne
811 5367 1115 5429 voluptates,
1142 5372 1286 5432 nocet
1312 5378 1473 5431 empta
1496 5368 1667 5417 dolore
1690 5364 1932 5432 voluptas.

590 5428 804 5492 Semper
830 5428 1005 5492 avarus
1030 5428 1165 5492 eget.
1193 5428 1407 5479 Certum'
1430 5439 1541 5479 voto
1566 5435 1683 5491 pete
1708 5428 1872 5477 tinem.

594 5491 792 5541 Invidus
808 5490 1015 5540 alterius
1038 5490 1190 5540 rebus
1220 5496 1482 5541 macrescit
1492 5492 1696 5609 hoipiniis.

1546 5565 1742 5606 ARTIAN

529 5619 583 5715 ί
606 5632 625 5670 ι
669 5631 959 5715 Sallustius
990 5628 1235 5715 inﬁgatil.
1270 5633 1517 5715 capuli.
1548 5630 1685 5684 Vide
1724 5643 1845 5697 qua:
1895 5638 2125 5684 annota-

534 5701 1483 5828 Πῗιὲι.ποεὶΐιιὶῗιἰἓὶῗῖἆνὲὶῖηέειῗιὲιιι
1511 5769 1739 5839 replicat
1760 5770 1815 5824 in
1832 5768 2121 5841 Epitaphio

2222 1856 2277 1901 et
2316 1844 2613 1901 secundum
2641 1846 2785 1900 vires
2833 1860 2960 1901 suas
2990 1846 3042 1899 in
3077 1846 3230 1900 bonis
3278 1844 3530 1914 operibus
3580 1860 3889 1901 converw

2221 1952 2393 2007 satur,
2442 1957 2602 2012 quam
2641 1956 2827 1997 eorum
2881 1941 3104 2006 divitiae,
3133 1941 3201 1995 de
3233 1941 3424 2011 quibus
3458 1940 3769 1995 scribitur
3804 1961 3817 1994 :
3849 1940 3879 1978 ⁸

2232 2033 2321 2089 Va:
2345 2035 2482 2087 vobis
2513 2034 2775 2100 divitibus,
2799 2035 2921 2105 quia
2969 2034 3234 2105 recepistis
3275 2033 3705 2087 consolationem
3752 2051 3883 2088 res»

2222 2134 2353 2179 tram
2386 2125 2405 2198 (
2430 2125 2557 2179 Luc.
2586 2142 2656 2191 v1,
2687 2125 2759 2180 24
2784 2125 2825 2195 ).

2294 2218 2389 2273 Est
2441 2220 2658 2294 languor
2683 2221 2952 2287 pessimus,
2983 2236 3133 2290 quem
3178 2218 3284 2273 vidi
3312 2220 3405 2273 sub
3448 2218 3579 2281 sole.
3614 2219 3876 2273 divitias

2223 2314 2476 2367 custodiri
2505 2331 2536 2366 a
2559 2312 2769 2366 domino
2796 2314 2847 2366 in
2870 2314 3065 2366 malum
3090 2314 3225 2385 ejus.
3262 2314 3278 2349 ι
3315 2311 3384 2365 Et
3418 2312 3700 2381 perierunt
3760 2314 3862 2366 di-

2222 2404 2363 2459 vitia:
2394 2403 2500 2459 illte
2539 2405 2593 2457 in
2632 2404 2940 2459 distentione
2961 2406 3206 2475 pessima.
3240 2402 3309 2457 Et
3332 2405 3509 2475 genuit
3537 2404 3755 2473 filium,
3810 2416 3868 2460 et

2223 2514 2325 2551 non
2355 2506 2426 2551 est
2480 2499 2532 2551 in
2564 2500 2799 2552 manibus
2836 2500 2952 2569 ejus
2982 2498 3285 2569 quidquam.
3323 2498 3336 2548 i
3374 2498 3523 2554 Sicut
3553 2500 3728 2553 exivit
3793 2499 3865 2551 de

2224 2598 2370 2643 utero
2396 2592 2577 2645 matris
2607 2608 2735 2657 suaz,
2777 2594 2946 2645 nudus
2972 2601 3274 2659 revertetur,
3301 2602 3355 2645 ut
3378 2590 3580 2658 venit",
3616 2601 3668 2647 et
3697 2591 3859 2646 nihil

2225 2686 2366 2739 tollet
2395 2685 2585 2740 laboris
2629 2686 2730 2751 sui,
2762 2695 2818 2739 ut
2847 2685 3003 2739 vadat
3046 2687 3100 2739 in
3142 2685 3380 2739 manibus
3428 2686 3562 2755 ejus.
3626 2686 3760 2740 Sed
3810 2696 3863 2739 et

2225 2778 2321 2830 hoc
2362 2776 2584 2849 languor
2614 2780 2888 2848 pessimus,
2914 2780 3037 2846 quia
3080 2778 3212 2832 sicut
3242 2778 3397 2844 venit,
3446 2779 3519 2832 sic
3563 2788 3611 2831 et
3661 2777 3859 2831 vadit.

2229 2870 2369 2937 Quid
2399 2886 2521 2942 ergo
2551 2870 2753 2924 habebit
2778 2871 3027 2943 amplius,
3056 2871 3181 2939 quia
3212 2869 3467 2924 laboravit
3497 2870 3554 2923 in
3578 2880 3816 2923 ventum
3835 2869 3861 2923 Ρ

2229 2961 2295 3015 Et
2326 2962 2561 3017 omnibus
2592 2964 2771 3017 diebus
2804 2965 2913 3017 suis
2936 2965 2989 3017 in
3023 2963 3244 3017 tenebris
3284 2962 3536 3025 comedet,
3571 2972 3620 3016 et
3670 2964 3735 3017 in
3772 2964 3861 3016 in-

2229 3055 2527 3127 dignatione
2553 3054 2801 3127 plurima,
2833 3066 2879 3109 et
2901 3056 2954 3109 iu
2995 3056 3319 3125 infirmitate,
3347 3064 3396 3108 et
3425 3056 3479 3108 in
3527 3055 3855 3109 iracundia.

2229 3150 2360 3203 Cum
2398 3150 2683 3219 superiore
2728 3149 2897 3218 junge
2949 3149 3093 3217 quod
3149 3148 3394 3219 sequitur
3426 3165 3438 3201 :
3492 3147 3859 3205 Ecclesiaste

2229 3242 2450 3297 divitem
2481 3241 2847 3306 descriliente,
2878 3242 2971 3312 qui
3002 3257 3102 3297 nec
3130 3241 3245 3312 ipse
3272 3243 3440 3312 possit
3476 3242 3591 3297 suis
3617 3241 3855 3298 divitiis

2229 3336 2452 3406 perfrui,
2483 3346 2537 3391 et
2566 3336 2762 3391 crebro
2786 3347 3011 3407 propter
3056 3352 3146 3391 eas
3177 3339 3231 3391 in
3279 3337 3573 3393 discrimen
3617 3344 3849 3406 veniat,

2229 3445 2323 3485 nec
2354 3430 2577 3495 litcredi,
2601 3430 2744 3500 quod
2772 3429 3143 3501 congregavit,
3176 3429 3476 3501 relinquat;
3505 3431 3604 3486 sed
3625 3443 3687 3487 et
3712 3433 3850 3504 ipse

3781 1028 3903 1069 81W:

2224 1024 2491 1084 operantt,
2545 1024 2602 1067 et
2646 1024 2852 1081 absque
2908 1024 3279 1068 souicituutne
3325 1024 3692 1080 dormienti,
3781 1028 3903 1069 eive

2224 1121 2439 1176 parum,
2477 1104 2593 1161 sive
2630 1106 2859 1159 multum
2915 1104 3240 1172 comederit,
3288 1107 3433 1176 quod
3493 1108 3590 1163 ille
3670 1106 3901 1163 labore

2224 1199 2405 1269 operis
2438 1207 2494 1253 et
2533 1198 2733 1252 sudore
2776 1198 3079 1267 qttalemvis
3107 1198 3289 1253 cibum
3332 1200 3568 1271 digerat,
3600 1211 3679 1256 et
3724 1202 3902 1255 dulci

2224 1306 2416 1347 somno
2446 1293 2775 1361 perfruatur.
2846 1292 3002 1348 Dives
3046 1308 3179 1348 vero
3235 1293 3513 1350 distentus
3567 1296 3897 1367 dapidus,

2224 1398 2277 1441 et
2320 1385 2739 1455 cogitationibus
2782 1382 2944 1456 431
2992 1385 3045 1438 in
3091 1385 3311 1440 diversa
3362 1386 3684 1455 laceratus,
3748 1389 3899 1442 dor--

2224 1480 2359 1533 mire
2389 1493 2495 1533 non
2539 1478 2735 1544 valeat,
2782 1477 3128 1532 redundante
3172 1479 3417 1548 crapula,
3454 1489 3478 1527 ε
3509 1491 3568 1535 et
3612 1482 3897 1535 incocto

2224 1572 2344 1627 cibo
2394 1572 2446 1626 in
2494 1570 2761 1625 stomachi
2807 1569 3072 1627 angustiis
3116 1580 3402 1627 testuante.
3451 1570 3666 1627 Porro-
3742 1573 3891 1627 auia

2226 2961 2295 3015 Et
2326 2962 2561 3017 omnibus
2592 2964 2771 3017 diebus
2804 2965 2913 3017 suis
2936 2965 2989 3017 in
3023 2963 3244 3017 tenebris
3284 2962 3536 3025 comedet,
3571 2972 3620 3016 et
3670 2964 3735 3017 in
3772 2964 3861 3016 in-

2225 3055 2527 3127 dignatione
2553 3054 2801 3127 plurima,
2833 3066 2879 3109 et
2901 3056 2954 3109 iu
2995 3056 3319 3125 infirmitate,
3347 3064 3396 3108 et
3425 3056 3479 3108 in
3527 3055 3855 3109 iracundia.

2226 3242 2450 3297 divitem
2481 3241 2847 3306 descriliente,
2878 3242 2971 3312 qui
3002 3257 3102 3297 nec
3130 3241 3245 3312 ipse
3272 3243 3440 3312 possit
3476 3242 3591 3297 suis
3617 3241 3855 3298 divitiis

2226 3336 2452 3406 perfrui,
2483 3346 2537 3391 et
2566 3336 2762 3391 crebro
2786 3347 3011 3407 propter
3056 3352 3146 3391 eas
3177 3339 3231 3391 in
3279 3337 3573 3393 discrimen
3617 3344 3849 3406 veniat,

2222 3445 2323 3485 nec
2354 3430 2577 3495 litcredi,
2601 3430 2744 3500 quod
2772 3429 3143 3501 congregavit,
3176 3429 3476 3501 relinquat;
3505 3431 3604 3486 sed
3625 3443 3687 3487 et
3712 3433 3850 3504 ipse

2225 3566 2407 3640 Panlm
2441 3568 2651 3631 matris,
2684 3568 2872 3623 dicens
2904 3587 2917 3623 :
2948 3568 3033 3624 Ne
3052 3572 3426 3625 consuetudine
3453 3570 3570 3640 plus
3596 3570 3849 3625 habendi

2226 3638 2471 3707 prteberet
2500 3640 2668 3693 locum
2699 3642 2947 3705 avaritiae,
2979 3658 3096 3709 quae
3141 3644 3303 3696 nullis
3348 3638 3584 3710 expletur
3610 3646 3841 3710 opibus,

2228 3720 2281 3784 et
2303 3721 2494 3779 quanta
2517 3713 2741 3781 antplins
2770 3712 3029 3771 habuerit.
3058 3715 3174 3784 plus
3200 3712 3437 3783 requirit,
3471 3723 3519 3768 et
3549 3731 3719 3782 neque
3745 3732 3844 3767 co-

2229 3782 2334 3851 pia,
2369 3799 2527 3851 neque
2576 3786 2754 3846 inania
2800 3782 3072 3839 minuitur.
3101 3782 3275 3840 Verba
3314 3796 3441 3840 sunt
3466 3784 3714 3840 Sallustii
3764 3787 3841 3840 de

2228 3854 2909 3925 conjuratiooeitlatilina»,
2942 3870 3060 3925 pag.
3107 3857 3140 3911 8
3167 3866 3223 3911 et
3250 3860 3305 3919 9,
3336 3858 3423 3911 tibi
3458 3856 3657 3911 nobilis
3703 3858 3838 3912 His-

2232 3924 2434 3998 torians
2461 3924 2536 3978 ait
2562 3942 2574 3977 :
2606 3923 2746 3979 Huic
2776 3929 2894 3995 quia
2926 3923 3071 3980 bona:
3105 3939 3239 3983 artes
3267 3929 3469 3991 desunt,
3506 3930 3643 3981 dolis
3665 3941 3837 3998 atque

2232 3996 2455 4064 fallaciis
2498 3999 2787 4061 contendit,
2821 3999 3038 4052 avaritia
3084 4000 3319 4065 pecunia:
3359 4001 3589 4052 studium
3644 3996 3831 4063 habet,

2228 4082 2383 4132 quant
2406 4084 2551 4120 nemo
2582 4068 2787 4137 sapiens
2814 4070 3121 4135 concupivit.
3156 4069 3224 4123 Et
3251 4073 3394 4137 quasi
3434 4072 3639 4123 venenis
3668 4072 3831 4125 malis

2230 4137 2446 4213 imbuta,
2477 4155 2663 4213 corpus
2693 4142 3021 4213 animumque
3060 4142 3254 4194 virilem
3288 4139 3551 4213 effeminat
3576 4157 3595 4193 :
3616 4158 3833 4213 semper

2227 4208 2455 4283 inﬁnita,
2497 4208 2808 4283 insatiabilis
2858 4208 2954 4277 est,
2998 4228 3155 4283 neque
3200 4212 3372 4281 capia,
3421 4225 3583 4280 neque
3634 4208 3830 4281 inopia

2224 4280 2493 4335 minuitur.
2523 4281 2791 4335 MARTIAN.

2299 4360 2323 4395 κ
2355 4350 2529 4406 Vatic.
2557 4353 3053 4423 duoquegPalatini,
3081 4364 3127 4407 et
3151 4355 3369 4407 incoctas
3399 4350 3537 4406 cibos
3555 4353 3828 4408 stomachi

2294 4480 2321 4569 l3
2356 4492 2517 4569 [idem
2550 4510 2683 4549 mss.
2716 4494 2808 4569 Va:
2834 4497 3227 4569 vobis,ditvites,
3257 4498 3398 4566 quia.
3442 4505 3550 4551 elc.

2304 4564 2316 4599 ί
2365 4564 2564 4640 Verba,
2592 4578 2641 4640 et
2670 4567 3178 4640 perieruntdivitite,
3231 4564 3297 4640 in,
3336 4568 3509 4623 Vatic.
3564 4581 3675 4622 non
3718 4568 3820 4623 Ita-

2225 4635 2441 4689 bentur.
2475 4637 2633 4693 Levia
2666 4635 2911 4704 qumdam
2944 4638 3079 4691 infra
3107 4639 3485 4694 emendamus.

2300 4706 2313 4755 ἱ
2355 4706 2519 4762 Addit
2550 4708 2794 4762 Vatican.
2830 4726 2841 4761 :
2877 4707 2945 4761 Et
2974 4726 3089 4775 qua:
3118 4719 3189 4762 est
3221 4711 3468 4777 fortitudo
3516 4709 3721 4763 habenti
3752 4708 3817 4762 il-

2226 4779 2327 4842 las,
2384 4781 2483 4833 nisi
2519 4787 2574 4832 ut
2614 4780 2777 4831 videat
2819 4781 2984 4851 oculis
3021 4783 3149 4833 suis.
3204 4782 3338 4835 Tum
3387 4796 3617 4851 egressus
3659 4782 3816 4851 legit,
3942 4788 4010 4851 fit

2227 4864 2327 4918 pro
2358 4850 2535 4913 exivit,
2558 4850 3015 4918 quemadmodum
3043 4862 3097 4906 et
3127 4850 3564 4908 Palatinusalter
3585 4850 3654 4904 ad
3689 4850 3818 4906 libri

2224 4935 2376 4974 oram
2409 4924 2639 4975 rennuit.

2299 4990 2325 5029 ¹ί
2358 4986 2544 5045 Nudus
2576 5002 2873 5055 revertetur,
2906 5004 2961 5046 ut
2998 4994 3151 5047 venit.
3180 4994 3407 5061 Quanta:
3430 5003 3485 5049 et
3512 5009 3672 5064 quam
3708 4991 3818 5049 fre-
3936 4986 3953 5064 Ι
3972 4986 4010 5037 ii

2226 5073 2456 5189 quentes
2508 5066 2617 5115 sint
2668 5064 3088 5132 depravationes
3139 5078 3194 5121 et
3250 5065 3551 5120 Contextns
3592 5068 3732 5119 sacri
3759 5074 3815 5119 et
3938 5064 4010 5189 liis

2274 5134 2752 5188 ommentariorum
2789 5133 3102 5189 llieronvmi
3146 5138 3195 5189 in
3227 5146 3385 5189 antea
3428 5137 3591 5189 editis
3634 5136 3810 5189 libris.

2274 5134 2752 5206 ommentariorum
2789 5134 3102 5206 Hieronymi
3146 5138 3195 5189 in
3227 5146 3385 5190 antea
3428 5137 3591 5189 editis
3634 5136 3810 5198 libris,

2228 5205 2384 5259 facile
2406 5204 2718 5277 pervidebis
2751 5221 2816 5259 ex
2848 5204 3007 5260 Notis
3027 5207 3509 5277 Consequentibus.
3546 5206 3677 5260 Nam
3713 5206 3814 5259 hoc

2230 5277 2350 5332 loco
2392 5276 2619 5341 primum
2670 5278 2743 5328 ita
2794 5278 3012 5345 legunt:
3051 5276 3242 5332 Nudus
3271 5287 3553 5332 revertetur
3584 5293 3603 5330 :
3635 5290 3688 5330 ut
3727 5294 3814 5331 eas

2228 5348 2358 5402 sicut
2380 5346 2538 5412 venit,
2570 5356 2617 5399 et
2653 5346 2783 5399 nihil
2811 5348 2996 5417 accipit
3028 5349 3091 5401 de
3126 5349 3300 5402 labore
3325 5365 3448 5412 suo,
3482 5358 3539 5402 ut
3566 5359 3735 5402 teneat
3760 5350 3810 5402 in

2229 5434 2384 5471 manu
2412 5418 2593 5489 ipsius.
2626 5417 2733 5471 Sed
2759 5428 2808 5471 et
2838 5425 2933 5470 hoc
2960 5420 3155 5472 vanitas
3184 5430 3231 5473 et
3258 5419 3482 5489 languor
3518 5422 3774 5486 pessimus
3797 5436 3815 5475 :

2228 5490 2359 5561 sicut
2406 5488 2541 5541 enim
2570 5489 2777 5561 advenit
2798 5528 2811 5548 .
2842 5490 2914 5541 ita
2930 5499 2987 5561 et
3012 5492 3157 5543 abiit.
3194 5492 3321 5555 Quae
3347 5488 3677 5561 abundantia
3703 5494 3814 5561 ejus

2264 5562 2315 5614 ui
2344 5560 2397 5613 in
2425 5570 2626 5629 ventum
2649 5560 2888 5629 laborat?
2920 5559 2981 5610 Et
3009 5563 3213 5629 quidem
3240 5560 3475 5613 omnibus
3499 5562 3683 5615 diebus
3709 5559 3815 5615 suis

2228 5627 2282 5689 in
2321 5627 2539 5684 tenebris
2576 5628 2818 5702 comedit,
2846 5639 2896 5702 et
2945 5627 3089 5682 luctu
3124 5641 3175 5685 et
3219 5631 3499 5686 iracundia
3545 5633 3738 5702 multa,
3768 5643 3815 5687 et

2226 5704 2493 5771 languore,
2519 5708 2567 5751 et
2592 5698 2815 5751 insania.
2845 5696 3113 5753 Murrum.
