4010 6310
61 278 205 339 1057

1098 286 1646 349 COMMENTARIUS
1683 289 1751 347 IN
1793 292 2326 355 ECCLESIASTEN.

3226 292 3368 351 1058

60 400 115 451 et
146 392 291 451 ﬁlius
320 394 465 465 ejus,
499 395 641 451 sicut
690 407 952 454 venerunt
984 400 1136 467 nudi,
1177 403 1252 458 ita
1298 405 1431 460 nudi
1480 420 1667 461 rever-
1693 410 1743 469 A
1775 419 1975 478 tamen,
2006 412 2179 465 donec
2206 408 2457 465 Christus
2484 406 2869 464 manifestelur
2888 406 2999 463 vita
3030 414 3239 472 nostra,
3268 422 3367 464 nec

60 492 251 541 tantur
306 488 357 541 in
407 496 630 556 terram,
684 500 735 545 et
768 492 898 547 nihil
955 508 1050 549 eos
1100 510 1325 551 suorum
1374 498 1665 553 comitetur

60 577 334 633 laborum.
365 579 557 637 Nonne
588 583 731 638 enim
760 584 991 654 languor
1018 597 1102 641 est
1125 589 1415 657 pessimus,
1462 604 1561 659 pro
1588 589 1667 644 di-

60 670 211 725 vitiis
237 674 569 742 cogitatione
626 676 891 745 torqueri,
925 684 982 731 et
1039 678 1309 747 perituras
1356 694 1509 749 opes,
1565 694 1667 736 nec

58 780 198 836 quas
223 766 507 821 nobiscum
541 782 833 837 possumus
859 770 1076 826 auferre
1106 773 1427 837 morientes,
1461 774 1513 828 in
1542 773 1667 827 tris-

62 858 207 921 titia,
237 857 291 913 in
320 858 551 929 gemitu,
604 860 658 915 in
692 861 1095 931 indignatione,
1152 865 1203 918 in
1250 865 1460 933 litibus,
1508 880 1666 921 casso

61 952 253 1009 labore
300 956 672 1024 conquirere?
712 958 777 1012 Et
830 958 947 1015 haec
999 961 1298 1017 secundum
1356 963 1662 1033 simplicem

60 1061 307 1103 sensum.
334 1046 607 1105 Caeterum
639 1060 697 1106 ut
716 1051 880 1107 altius
902 1055 1201 1123 clevemur,
1234 1057 1303 1112 de
1327 1058 1665 1127 philosophis

59 1142 196 1196 mihi
224 1143 459 1209 videtur,
486 1144 574 1200 vel
630 1144 906 1201 haereticis
962 1147 1165 1213 dicere,
1212 1151 1303 1219 qui
1334 1157 1667 1220 congregant

57 1236 278 1293 divitias
308 1238 619 1309 dogtnatum
638 1240 691 1294 in
718 1240 924 1294 malum
952 1256 1135 1307 suum,
1156 1251 1211 1296 et
1230 1257 1329 1297 nec
1352 1251 1664 1311 repertores

57 1331 349 1387 utilitatem
403 1340 633 1402 possunt
660 1332 898 1404 aliquam
930 1336 1214 1405 consequi,
1268 1351 1367 1391 nec
1423 1343 1660 1392 sectato-

52 1425 214 1481 ribus
258 1427 370 1481 suis
417 1425 656 1482 l‘ructum
715 1428 1026 1499 relinquere
1081 1440 1422 1499 perpetuum.
1471 1430 1578 1486 Sed
1609 1438 1664 1485 et

54 1516 191 1587 ipsi,
225 1529 280 1573 et
318 1518 568 1591 discipuli
611 1531 961 1576 revertuntur
990 1522 1044 1577 in
1076 1530 1302 1588 terram,
1346 1532 1401 1576 et
1430 1522 1664 1591 perdunt

52 1608 290 1664 divitias
309 1610 451 1665 abeo
465 1611 553 1681 qui
568 1611 711 1666 dixit
730 1630 743 1665 :
766 1611 991 1667 Perdam
1006 1614 1313 1685 sapientiam
1326 1613 1657 1683 sapientium,

51 1710 106 1754 et
148 1702 473 1771 prudentiam
495 1705 827 1773 prudentium
857 1714 883 1741 ⁸
903 1705 1187 1775 reprobabo
1216 1706 1233 1776 (
1262 1707 1278 1759 Ι
1304 1705 1426 1759 Cor.
1458 1721 1498 1767 ι,
1525 1705 1590 1761 19
1615 1707 1657 1776 ).

1768 502 1894 558 dum
1934 504 2089 571 plene
2118 504 2317 557 bonum
2360 513 2462 557 est.
2496 502 2562 557 Et
2591 502 2711 555 ideo
2760 516 2866 555 non
2902 502 3125 555 multntn
3179 515 3367 555 rectir-

1767 594 1989 650 dabitur
2032 596 2175 650 Deus
2222 596 2431 649 dierum
2460 594 2587 650 vitae
2624 603 2847 648 nostra).
2892 592 3201 648 Notandum
3233 606 3369 661 quo-

1767 702 1896 756 que,
1920 686 2065 757 quod
2096 688 2181 742 hic
2206 688 2570 762 περισπασμός
2599 688 2652 739 in
2683 685 2897 741 meliori
2924 693 3078 755 parte
3105 684 3370 753 accipitur

1766 793 1867 849 pro
1888 779 2250 848 occupatione
2277 778 2579 848 spiritualis
2608 792 2861 846 veraeque
2894 777 3119 831 laetitiae.

1839 870 2006 943 (Cap.
2044 871 2132 926 Vl.
2164 874 2183 941 )
2214 870 2309 927 Est
2332 870 2549 938 malum,
2584 870 2723 939 quod
2744 870 2849 923 vidi
2893 869 2986 922 sub
3014 869 3141 931 sole,
3171 878 3218 922 et
3258 869 3365 938 fre-

1766 979 1926 1033 quens
1961 964 2101 1033 apud
2146 964 2398 1017 homines.
2453 962 2546 1015 Vir
2574 963 2657 1015 cui
2696 961 2836 1015 dedit
2861 958 3025 1032 533
3050 955 3192 1013 Deus
3235 960 3366 1011 divi-

1767 1057 1884 1122 tias,
1940 1064 1989 1109 et
2032 1057 2389 1121 substantiam,
2427 1063 2474 1109 et
2504 1054 2741 1125 gloriam,
2772 1064 2821 1107 et
2843 1052 2975 1106 nihil
2999 1053 3139 1105 deest
3181 1054 3369 1106 animm

1765 1151 1877 1222 ejus
1902 1168 1965 1205 ex
1986 1151 2241 1218 omnibus,
2259 1167 2375 1222 qua:
2403 1150 2732 1217 desideravit,
2766 1158 2811 1203 et
2853 1165 2957 1202 non
2989 1148 3131 1201 dedit
3155 1148 3201 1201 ei
3225 1145 3367 1201 Deus

1767 1252 2085 1312 potestatem,
2120 1254 2176 1297 ut
2200 1245 2537 1297 manducaret
2576 1260 2642 1298 ex
2688 1260 2767 1310 eo,
2812 1243 2902 1296 sed
2929 1242 3005 1294 vir
3036 1241 3236 1294 alienus
3275 1255 3364 1293 co-

1766 1336 1925 1389 medit
1952 1336 2104 1389 illud.
2140 1334 2269 1391 Haec
2296 1336 2495 1389 vanitas
2521 1344 2615 1400 est,
2648 1346 2695 1389 et
2724 1335 2946 1405 languor
2992 1333 3267 1404 pessimus.
3301 1331 3365 1387 Si

1765 1429 2001 1497 genuerit
2033 1430 2108 1480 vir
2134 1438 2337 1482 centum
2362 1438 2406 1493 ο,
2429 1439 2477 1482 et
2498 1431 2648 1482 annis
2676 1429 2853 1481 multis
2880 1428 3084 1489 vixerit,
3112 1437 3159 1480 et
3191 1425 3367 1495 plures

1767 1524 1961 1592 fuerint
1987 1522 2095 1576 dies
2126 1540 2385 1577 annorum
2409 1523 2544 1593 ejus,
2570 1531 2615 1575 et
2636 1523 2813 1576 anima
2839 1522 2950 1590 ejus
2977 1538 3078 1574 non
3102 1518 3369 1590 repleatur

1766 1614 1933 1679 bonis,
1952 1630 2045 1668 nec
2056 1615 2355 1686 sepulcrum
2370 1616 2528 1687 fuerit
2544 1614 2623 1669 illi
2635 1616 2744 1669 dixi
2761 1615 2943 1671 melius
2956 1614 3019 1668 ab
3033 1630 3092 1667 eo
3106 1629 3216 1668 esse
3226 1612 3369 1666 abor-

1764 1711 1943 1760 tivum.
1967 1706 1992 1759 Ι
2003 1725 2034 1761 η
2060 1709 2664 1778 vanitatequippevenit,
2690 1717 2739 1761 et
2756 1708 2810 1761 in
2833 1708 3052 1761 tenebris
3068 1705 3293 1773 vadit,et
3316 1707 3368 1761 in

54 1794 207 1851 Vere
228 1798 451 1868 quippe,
478 1803 619 1855 sicut
643 1802 849 1871 egressi
881 1812 1006 1856 sunt
1032 1800 1101 1856 de
1132 1810 1287 1856 utero
1317 1801 1505 1856 matris
1522 1814 1655 1866 suae,
1689 1801 1738 1861 B
1765 1801 1985 1855 tenebris
2018 1818 2201 1858 nomen
2228 1806 2343 1876 ejus
2367 1802 2729 1858 abscondetur.
2754 1800 2824 1856 Et
2846 1802 3056 1874 quidem
3083 1804 3245 1857 solem
3267 1819 3370 1855 non

50 1888 130 1944 de
160 1905 411 1958 perversa
443 1891 702 1947 videlicet
750 1892 1018 1957 Ecclesia,
1052 1891 1080 1930 δ
1111 1892 1338 1962 ejusque
1358 1893 1659 1960 contraria,

48 1980 130 2035 de
156 1998 258 2051 qua
292 1984 558 2052 scriptum
588 1992 673 2037 est
705 2002 716 2037 :
753 1984 882 2051 Qute
916 1994 1088 2039 autem
1131 2002 1335 2039 sursum
1392 1995 1467 2039 est
1506 1982 1662 2038 Jeru-

44 2074 239 2140 salem,
270 2073 436 2147 432
465 2075 626 2130 libera
666 2086 761 2141 est,
804 2094 919 2143 qua:
954 2087 1025 2131 est
1079 2087 1241 2132 mater
1267 2078 1495 2132 omnium
1546 2094 1662 2131 nos-

44 2176 193 2221 trum
226 2180 247 2205 ο
280 2168 503 2240 (Galat.
534 2184 609 2233 tv,
642 2168 772 2238 26),
806 2170 885 2225 sic
914 2170 1047 2224 nudi
1077 2170 1275 2225 vadent
1310 2172 1361 2224 in
1414 2182 1660 2236 ventum,

40 2271 103 2317 et
132 2261 189 2315 in
218 2258 449 2314 nihilum
490 2260 822 2316 laborantes.
872 2261 976 2329 Qui
1006 2260 1327 2332 defecerunt
1356 2269 1664 2317 scrutantes

40 2352 325 2409 scrutinio
370 2351 553 2422 (Psal.
587 2368 737 2418 Lsttt,
774 2353 866 2423 7),
900 2362 955 2408 et
1008 2354 1257 2408 feruntur
1309 2355 1455 2408 omni
1501 2363 1663 2408 vento

38 2444 345 2512 dortrinm,
392 2460 492 2500 nec
544 2444 750 2501 habent
792 2446 1005 2513 lucem,
1053 2446 1149 2501 sed
1199 2446 1254 2501 in
1306 2446 1545 2502 tenebris
1566 2462 1661 2501 sua

46 2539 351 2595 comedunt
380 2548 747 2595 sacramenta.
803 2539 1035 2610 Semper
1065 2540 1117 2594 in
1147 2539 1487 2605 inﬁrmitate,
1519 2556 1661 2595 sem-

47 2648 159 2703 per
181 2634 233 2687 in
281 2634 557 2688 iracundia
611 2643 757 2698 sunt,
803 2634 1243 2691 thesaurizantes
1272 2636 1376 2691 sibi
1419 2636 1556 2691 iram
1603 2637 1658 2691 in

47 2724 148 2779 die
177 2724 291 2790 irre,
324 2739 423 2779 nec
453 2724 720 2780 habentes
759 2726 1056 2795 prOpitium
1087 2726 1279 2781 Deum.

130 2817 265 2873 Ecce
287 2819 427 2889 quod
456 2820 561 2872 vidi
609 2836 701 2891 ego
730 2820 943 2884 bonum,
973 2820 1111 2891 quod
1141 2830 1215 2875 est
1260 2823 1539 2892 optimum,
1572 2839 1660 2877 co-

42 2912 274 2977 medere,
305 2923 354 2967 et
384 2914 577 2980 bibere,
607 2924 659 2968 et
687 2931 897 2969 cernere
914 2916 1305 2987 jucunditatem
1326 2917 1379 2970 in
1407 2918 1549 2971 omni
1578 2918 1656 2971 la-

42 3006 173 3060 bore
202 3022 318 3069 suo,
341 3023 441 3078 quo
469 3006 722 3061 laboravit
746 3006 839 3063 sub
877 3008 1004 3076 sole,
1054 3024 1266 3063 numero
1296 3010 1499 3063 dierum
1543 3012 1658 3065 vita:

42 3113 183 3161 sure,
215 3114 341 3166 quos
387 3098 529 3152 dedit
558 3098 604 3153 ei
631 3098 793 3167 Deus,
824 3099 935 3153 ha’c
986 3100 1178 3172 quippe
1229 3109 1301 3155 est
1353 3117 1473 3171 pars
1520 3101 1650 3169 ejus.

1763 1896 1914 1959 vidit,
1945 1912 2035 1949 nec
2059 1898 2315 1968 cognovit,
2340 1900 2541 1968 requies
2570 1897 2691 1953 huic
2721 1900 2885 1969 magis
2908 1914 3065 1968 quam
3092 1898 3195 1952 illi.
3228 1896 3297 1951 Et
3324 1898 3371 1951 si

1763 1989 1944 2042 vixerit
1973 1990 2114 2044 mille
2154 2006 2317 2045 annos
2347 1991 2601 2059 duplices,
2644 2000 2693 2044 et
2741 1990 3019 2043 bonitatem
3065 2006 3168 2043 non
3216 1990 3368 2054 vidit,

1761 2097 1931 2134 nonne
1962 2081 2031 2133 ad
2074 2080 2247 2135 locum
2276 2099 2437 2136 unum
2480 2084 2653 2136 omnia
2702 2091 2981 2151 praperant
3024 2083 3048 2134 ?
3095 2079 3369 2134 Describit

1762 2188 1984 2229 avarum
2008 2175 2257 2240 (II\II.8III,
2287 2185 2341 2229 et
2369 2174 2473 2229 hoc
2504 2176 2709 2229 malum
2736 2173 2994 2242 frequens
3026 2188 3148 2227 esse
3178 2172 3231 2226 in
3267 2173 3364 2223 lio-

1763 2264 2004 2320 minibus
2042 2266 2259 2332 asserit,
2290 2264 2433 2333 quod
2476 2266 2614 2319 nihil
2653 2279 2866 2331 eorum,
2909 2279 3029 2335 quae
3078 2264 3131 2317 in
3164 2261 3367 2317 mundo

1763 2367 2024 2427 putantur
2051 2358 2213 2421 bona,
2245 2358 2294 2412 ei
2334 2358 2497 2423 desit,
2553 2369 2610 2414 et
2655 2357 3006 2413 nihilominus
3048 2356 3366 2411 Stultissitua

1762 2451 2026 2520 parcitate
2070 2467 2129 2505 se
2157 2451 2383 2513 cruciet,
2456 2450 2579 2504 aliis
2646 2449 2956 2505 devoranda
3000 2465 3365 2506 conservans.

1760 2543 1985 2600 Necnon
2016 2554 2073 2599 et
2118 2544 2253 2599 illud
2307 2542 2666 2616 hyperbolice
2716 2543 2927 2613 adjicit,
2951 2543 3095 2614 quod
3128 2542 3291 2598 etiam
3321 2542 3369 2599 si

1760 2649 1980 2692 centum
2008 2638 2211 2692 liberos
2236 2636 2624 2707 procreaverit,
2655 2645 2711 2691 et
2742 2652 2874 2701 non,
2900 2634 3170 2703 utAdam,
3198 2650 3367 2706 prope

1759 2730 1933 2796 mille,
1964 2729 2062 2785 sed
2090 2730 2303 2785 duobus
2331 2729 2572 2784 millibus
2626 2728 2825 2785 vixerit
2875 2729 3055 2794 annis,
3090 2738 3145 2783 et
3172 2728 3359 2784 anima

1760 2822 1880 2892 ejus
1909 2822 2205 2891 cupiditate
2236 2830 2292 2876 et
2327 2822 2557 2875 avaritia
2598 2820 2951 2877 contabescat
2995 2841 3006 2875 :
3062 2820 3233 2877 multo
3272 2820 3370 2876 de-

1759 2914 1977 2969 terioris
2004 2913 2332 2969 conditionis
2376 2913 2448 2968 sit
2478 2913 2745 2980 abortivo,
2778 2914 2870 2985 qui
2902 2913 3085 2968 statim
3116 2922 3173 2968 ut
3201 2922 3363 2968 natus

1758 3007 1993 3072 videtur,
2026 3006 2253 3061 interiit.
2276 3004 2370 3061 Ille
2399 3005 2543 3061 enim
2575 3020 2675 3061 nec
2704 3005 2841 3060 mala
2877 3006 3032 3072 vidit,
3058 3021 3157 3061 nec
3182 3005 3318 3059 bona
3348 3022 3359 3059 :

1759 3099 1861 3154 iste
1892 3114 2039 3163 vero,
2069 3113 2193 3154 cum
2217 3098 2355 3154 bona
2390 3097 2721 3169 possederit,
2760 3113 2979 3169 semper
3025 3098 3263 3153 triStitiis
3308 3106 3363 3153 et

41 3190 160 3247 Sed
190 3202 238 3246 et
286 3194 452 3247 omnis
479 3192 633 3248 homo
652 3234 665 3257 ,
699 3194 784 3246 cui
833 3193 975 3247 dedit
1001 3192 1142 3248 Deus
1163 3195 1394 3259 divitias,
1425 3205 1474 3249 et
1507 3196 1654 3248 subs-
1680 3188 1726 3252 C
1756 3193 2081 3264 cogitatione
2105 3194 2381 3249 cruciatus
2410 3202 2497 3247 est
2528 3209 2541 3247 :
2570 3193 2852 3262 magisque
2884 3193 3126 3263 requiem
3158 3192 3358 3248 habeat

39 3285 290 3351 tantiam,
316 3288 663 3359 concessitque
685 3288 749 3352 ei,
774 3296 827 3341 ut
860 3296 1143 3341 vesceretur
1164 3304 1227 3341 ea:
1248 3288 1340 3353 eis,
1363 3298 1411 3341 et
1451 3289 1650 3344 tolleret

39 3387 252 3448 partem
290 3394 457 3445 suam,
489 3390 534 3433 et
561 3380 829 3434 uetaretur
855 3380 919 3433 de
945 3378 1121 3434 labore
1148 3396 1265 3445 suo,
1294 3378 1393 3434 hoc
1430 3378 1528 3434 Dei
1557 3382 1651 3435 do-

38 3490 174 3527 num
223 3482 318 3527 est.
353 3472 473 3528 Non
519 3476 654 3529 enim
680 3476 898 3529 multum
926 3474 1282 3529 recordabitur
1310 3476 1509 3529 dierum
1535 3476 1650 3531 vita:

39 3584 177 3635 sure,
212 3568 335 3639 quia
360 3566 499 3624 Deus
529 3580 779 3641 oeccupat
809 3571 865 3625 in
896 3570 1081 3625 lwtitia
1109 3586 1199 3623 cor
1220 3572 1355 3641 ejus.
1389 3570 1469 3624 Ad
1498 3586 1651 3625 com-

40 3663 389 3733 parationem
419 3664 562 3735 ejus,
587 3665 676 3733 qui
703 3666 906 3735 opibus
935 3666 1051 3719 suis
1104 3665 1157 3719 in
1198 3679 1451 3720 curarum
1496 3674 1650 3720 tene-

40 3756 163 3813 bris
211 3759 475 3824 vescitur,
524 3768 579 3813 et
620 3774 743 3813 cum
794 3758 987 3830 grandi
1037 3759 1160 3813 vita:
1203 3758 1367 3814 taedio
1409 3760 1646 3829 peritura

45 3860 383 3919 comportat,
414 3850 697 3906 meliorem
728 3850 862 3906 dicit
909 3865 1031 3907 esse
1088 3866 1237 3916 eum,
1270 3851 1361 3921 qui
1413 3866 1647 3919 praesen-

42 3945 193 3998 tibus
241 3943 464 3999 fruitur.
508 3944 608 3999 Hic
638 3944 783 4000 enim
830 3944 918 3999 vel
963 3958 1127 4014 parva
1170 3943 1421 4015 voluptas
1472 3952 1554 3998 est
1593 3944 1645 3998 in

41 4035 305 4090 fruendo:
332 4034 408 4090 ibi
429 4050 560 4091 vero
586 4035 1015 4091 sollicitudinum
1041 4034 1419 4091 tantummodo
1439 4035 1650 4106 magni—

37 4127 200 4181 tudo.
234 4126 301 4181 Et
332 4127 511 4183 reddit
558 4142 786 4194 causas,
822 4143 989 4197 quare
1017 4128 1110 4182 Dei
1140 4126 1344 4183 donum
1376 4128 1448 4182 sit
1471 4125 1497 4164 ιι
1538 4127 1644 4183 l'rui

35 4232 206 4289 posse
252 4218 477 4275 divitiis.
526 4219 815 4289 Quoniam,
867 4236 972 4274 non
1014 4221 1237 4275 multum
1282 4221 1637 4275 recordabitur

36 4313 247 4367 dierum
284 4315 405 4369 vita:
431 4331 562 4369 sum.
594 4317 804 4371 Avocat
828 4315 1027 4386 quippe
1054 4330 1177 4370 eum
1202 4313 1348 4369 Deus
1376 4315 1430 4369 in
1457 4314 1643 4369 laetitia

34 4408 229 4464 cordis
272 4411 394 4465 sui:
442 4425 551 4465 non
606 4410 713 4465 erit
762 4410 816 4463 in
868 4408 1111 4475 tristitia,
1152 4421 1259 4463 non
1312 4397 1643 4478 cogitatione

34 4502 352 4571 vexabitur,
411 4504 678 4560 abductus
728 4504 915 4559 ltetitia
948 4512 1005 4559 et
1048 4502 1326 4572 voluptate
1366 4502 1637 4571 praesenti.

1754 3286 2055 3353 abortivus,
2107 3302 2269 3357 quam
2318 3301 2517 3339 avarus
2564 3286 2656 3341 ille
2696 3286 3008 3358 Iongmvus:
3068 3296 3123 3342 et
3174 3295 3355 3343 tamen

1752 3379 1914 3433 ambo
1934 3379 2131 3449 aequali
2150 3378 2255 3433 [ine
2283 3376 2301 3416 τ
2328 3378 2633 3449 rapiantur,
2657 3379 2784 3433 dum
2809 3388 2865 3435 et
2887 3379 2973 3433 hic
2994 3387 3050 3434 et
3069 3380 3159 3435 ille
3183 3390 3359 3435 morte

1751 3472 1917 3526 simili
1943 3472 2357 3527 subtrahuntur.
2391 3472 2580 3527 Potest
2609 3472 2711 3528 hoc
2736 3484 2790 3527 et
2817 3472 2885 3526 de
2934 3471 3107 3527 Israel
3152 3474 3353 3542 accipi,

1752 3565 1897 3635 quod
1924 3565 2140 3621 dederit
2168 3565 2247 3619 illi
2287 3566 2430 3621 Deus
2474 3564 2700 3636 Legem,
2729 3576 2784 3621 et
2839 3563 3167 3635 PrOphetas,
3217 3563 3355 3619 Tes-

1749 3666 2069 3718 tamentum.
2103 3666 2158 3712 et
2206 3657 2708 3727 repromissionem,
2760 3656 3045 3713 Salvatore
3088 3654 3348 3711 dicente:

1754 3748 1891 3816 Quia
1920 3751 2187 3819 auferetur
2214 3767 2247 3803 a
2288 3751 2427 3805 vobis
2471 3766 2688 3822 regnum
2725 3749 2847 3815 Dei,
2895 3759 2940 3805 et
2982 3749 3188 3804 dabitur
3214 3747 3354 3819 genti

1750 3841 1963 3909 facienti
1992 3844 2190 3913 fructus
2212 3846 2326 3914 ejus
2364 3840 2563 3909 (Matt.
2597 3857 2723 3906 ut,
2764 3840 2889 3911 45).
2944 3851 2968 3888 8
3000 3841 3126 3895 llaec
3168 3840 3351 3896 omnia

1749 3933 1819 3988 ad
1846 3935 2082 3989 alienum
2106 3944 2160 3990 et
2181 3936 2532 4006 peregrinum
2562 3935 2629 3989 de
2652 3934 2903 4005 gentibus
2952 3932 3216 3987 translata
3241 3931 3353 3988 sint

1747 4026 2028 4095 populum,
2062 4034 2118 4081 et
2145 4026 2463 4081 videautilli
2494 4026 2633 4081 bona
2665 4040 2788 4089 sua,
2832 4033 2887 4080 et
2917 4040 3025 4079 non
3070 4025 3343 4078 fruantur.

1747 4118 2025 4188 Multoque
2053 4133 2151 4172 nos
2198 4119 2527 4174 conditionis
2568 4134 2691 4175 esse
2740 4116 3007 4183 melioris,
3052 4116 3146 4187 qui
3191 4112 3347 4185 quasi

1747 4212 2005 4278 abortivi,
2037 4221 2091 4267 et
2118 4212 2322 4266 novelli
2352 4213 2675 4282 putabantur
2694 4210 2762 4266 ab
2784 4212 2888 4277 eis,
2908 4209 3002 4278 qui
3033 4208 3136 4263 sibi
3167 4208 3221 4263 in
3245 4222 3347 4262 an-

1750 4307 1997 4377 tiquitate
2024 4304 2430 4375 applaudebant
2453 4306 2522 4361 de
2554 4305 2800 4373 patribus
2838 4302 3134 4373 gloriantes
3181 4309 3348 4371 atque

1746 4399 1995 4456 dicentes
2021 4418 2032 4452 :
2058 4397 2216 4453 Pater
2242 4409 2413 4454 noster
2438 4406 2512 4452 est
2538 4395 2797 4451 Abraham
2829 4393 3023 4468 (Joan.
3049 4409 3166 4461 vut,
3199 4392 3303 4465 59)
3331 4412 3343 4448 ;

1746 4504 1801 4551 et
1825 4505 2003 4552 tamen
2051 4494 2119 4551 ad
2152 4510 2316 4551 unum
2346 4494 2523 4549 locum
2566 4499 2621 4547 et
2652 4505 2749 4546 uos
2787 4500 2842 4545 et
2871 4490 2994 4545 illos
3024 4503 3344 4560 pr0perarc,

34 4595 147 4651 Sed
181 4596 376 4653 melius
400 4604 487 4653 est
510 4597 665 4668 juxta
695 4596 1020 4667 Apostolum
1053 4597 1070 4666 (
1096 4596 1118 4651 Ι
1146 4594 1268 4650 Cor.
1306 4610 1363 4659 χ,
1399 4595 1488 4664 3),
1522 4592 1634 4663 spi-
1664 4589 1718 4651 D
1744 4589 1796 4644 id
1842 4598 1953 4656 est,
1993 4589 2060 4644 ad
2084 4588 2347 4660 judicium
2378 4585 2494 4641 Dei.
2517 4582 2673 4653 Quod
2713 4592 2895 4639 autem
2928 4582 2979 4637 in
3012 4580 3193 4637 medio
3220 4579 3296 4635 ait
3327 4599 3339 4634 :

38 4688 296 4743 ritualem
326 4703 506 4744 escam
545 4698 601 4745 et
628 4689 970 4760 spiritualem
1006 4698 1189 4757 potum
1215 4701 1246 4740 a
1295 4686 1407 4740 Deo
1454 4684 1639 4740 datum

40 4780 300 4853 intelligi,
374 4791 429 4838 et
460 4781 657 4838 videre
701 4782 1005 4837 bonitatem
1047 4780 1101 4835 in
1132 4779 1276 4835 omni
1301 4778 1490 4834 labore
1520 4792 1641 4844 suo,

37 4876 165 4946 quia
199 4876 409 4946 ingenti
432 4875 619 4931 labore
640 4885 692 4931 et
717 4875 897 4931 studio
926 4888 1053 4930 vera
1082 4888 1372 4944 possumus
1400 4884 1646 4930 contem-

36 4971 180 5040 plari
212 4970 375 5025 bona.
424 4970 491 5025 Et
552 4970 671 5026 haec
719 4979 805 5026 est
854 4984 981 5041 pars
1031 4979 1241 5035 nostra,
1272 4977 1335 5023 ut
1373 4970 1426 5023 in
1455 4976 1645 5024 nostro

38 5060 223 5117 studio
272 5070 329 5117 et
367 5061 555 5119 labore
603 5064 875 5119 laetemur.
908 5061 1063 5130 Quod
1113 5061 1241 5119 licet
1288 5061 1491 5118 bonum
1547 5062 1639 5128 sit,

110 5251 134 5277 ει
171 5238 520 5295 Prudentiam
571 5243 905 5301 prudentium
950 5244 1255 5311 reprobabo.
1306 5243 1402 5298 Hic
1454 5253 1636 5299 autem

38 5311 251 5385 addunt
278 5312 467 5367 isthtec
493 5312 879 5385 :Ubisapiens,
907 5315 994 5368 ubi
1025 5315 1214 5385 scriba,
1249 5316 1334 5368 ubi
1362 5316 1640 5380 inquisitor

40 5384 202 5456 hujus
240 5385 460 5456 saeculi?
488 5384 676 5439 Nonne
714 5384 933 5439 stultam
964 5388 1086 5453 fecit
1134 5384 1276 5439 Deus
1329 5387 1638 5456 sapientiam

40 5454 203 5564 hujus
225 5454 429 5521 mundi,
461 5466 508 5509 et
530 5458 751 5525 reliqua.
785 5458 1053 5511 ΜΑιιτιΑΝ.

171 5526 312 5564 ΙιΙοηι
343 5524 494 5564 Valit-
572 5544 690 5564 num
716 5530 937 5564 rnnln’tn
969 5537 1040 5564 an!

168 5526 313 5599 Idem
343 5524 541 5590 Vatic.,
571 5524 690 5599 qua:
715 5530 938 5581 contrita
968 5537 1040 5581 est
1081 5528 1144 5581 ab
1171 5543 1253 5599 ea,
1284 5528 1347 5599 tle
1375 5544 1498 5598 qua,
1527 5536 1632 5583 etc.

116 5606 135 5635 ο
169 5598 300 5662 Quae
324 5608 396 5652 est
416 5597 590 5653 mater
606 5601 835 5653 omnium
862 5608 1113 5653 nostrum.
1136 5597 1311 5654 Simili
1330 5597 1637 5654 temeritate

43 5667 364 5724 addiderunt
391 5680 513 5737 post
540 5680 793 5733 nostrum,
826 5676 1147 5737 scripturam
1179 5680 1498 5739 sequentem
1528 5669 1637 5725 :Et

43 5740 107 5792 de
135 5758 239 5810 qua
264 5739 507 5795 scribitur
530 5758 548 5795 :
568 5740 769 5795 balare
795 5740 989 5795 sterilis
1016 5759 1131 5812 qua:
1157 5758 1258 5795 non
1283 5742 1446 5810 paris,
1466 5758 1637 5794 erum-

49 5826 111 5877 pe
135 5824 183 5865 et
222 5813 391 5866 clama
424 5827 542 5881 qua:
567 5830 671 5866 non
692 5812 942 5882 parturis,
974 5814 1093 5881 quia
1122 5812 1275 5869 multi
1301 5812 1400 5880 filii
1425 5812 1637 5869 deserta:

1744 4682 1813 4736 Et
1860 4681 2070 4751 quidem
2098 4681 2393 4753 sepulcrum
2421 4695 2523 4733 non
2571 4678 2672 4750 fuit
2717 4677 2765 4732 ei
2798 4693 2819 4744 ;
2858 4677 2974 4732 sive
3025 4676 3129 4731 hoc
3180 4670 3347 4746 434

1741 4775 2032 4845 signiﬁcat,
2065 4775 2208 4843 quod
2234 4772 2391 4828 dives
2424 4772 2512 4827 ille
2541 4770 2613 4825 de
2641 4786 2739 4826 sua
2767 4777 2945 4826 morte
2969 4782 3077 4823 non
3114 4774 3339 4836 cogitet,

1744 4878 1799 4926 et
1829 4884 1950 4924 cum
1982 4868 2163 4922 omnia
2196 4864 2492 4938 possideat,
2527 4864 2691 4919 etiam
2740 4864 2795 4917 in
2840 4860 3219 4918 eXstructione
3258 4870 3347 4911 se-

1744 4960 1923 5034 pulcri
1953 4973 2154 5015 avarus
2178 4961 2289 5023 sit;
2314 4958 2430 5013 sive
2454 4954 2597 5028 quod
2620 4969 2766 5024 sa:pe
2795 4960 3017 5024 propter
3044 4950 3179 5005 istas
3206 4946 3346 5003 divi-

1745 5058 1850 5112 tias
1896 5053 2110 5109 occisus
2171 5050 2405 5117 insidiis,
2474 5047 2783 5118 insepultus
2830 5044 3159 5116 abjiciatur;
3210 5042 3347 5109 sive,

1744 5243 1929 5315 magis,
1958 5258 2113 5313 quam
2134 5241 2247 5305 eius
2271 5254 2386 5307 qua:
2414 5237 2566 5292 habet
2598 5237 2786 5292 virum.
2816 5233 2906 5291 Sic
2950 5233 3079 5288 nudi
3121 5230 3341 5297 vadunt,

1744 5314 1854 5368 etc.
1891 5314 2162 5368 Manum.

1814 5381 1842 5420 ἀ
1874 5383 2114 5439 Verbum
2166 5382 2290 5453 frui,
2343 5378 2625 5436 sufﬁciunt
2670 5389 2901 5451 quatuor
2960 5391 3097 5432 mss.
3147 5373 3347 5446 quibus

1742 5456 1969 5511 utimur.

1815 5540 1839 5566 ε
1884 5528 2001 5582 Duo
2033 5526 2258 5582 Palatini
2290 5525 2497 5581 addunt
2524 5522 2713 5600 liberos
2755 5538 2775 5575 :
2809 5519 2982 5600 Vatic.
3016 5518 3179 5600 ﬁlios.

1818 5600 1836 5638 τ
1867 5600 1958 5655 Sic
1991 5600 2193 5656 habent
2218 5610 2454 5669 quatuor
2476 5596 2814 5671 mss._A_nt_ea
2842 5598 2960 5644 erat
2984 5596 3297 5671 rppiuntur.

1817 5678 1847 5720 8
1884 5671 2051 5727 Addit
2089 5658 2291 5726 Victo'r.
2324 5681 2374 5724 et
2408 5671 2498 5735 qui
2537 5664 2780 5720 ceciderit
2808 5677 2971 5735 super
3006 5658 3242 5735 lapidem
3278 5659 3350 5713 is-

1743 5751 1852 5797 tum
1884 5743 2281 5815 confringatur;
2307 5731 2466 5810 super
2493 5752 2643 5807 quem
2675 5750 2795 5789 vero
2826 5731 3076 5787 ceciderit
3121 5738 3351 5787 conteret

1745 5829 1858 5869 eum
1867 5851 1880 5866 .
