4010 6314
612 285 755 356 lose

1866 281 1922 348 s.
1966 285 2238 349 unseen
2279 273 2664 349 illERONYMi

3805 272 3948 343 iam

611 414 755 486 quod
785 410 981 467 melius
1012 406 1176 480 puto,
1229 406 1364 463 nihil
1395 415 1421 445 α
1449 406 1575 463 boni
1627 405 1882 464 facinoris
1927 409 2122 480 egerit,
2153 423 2221 465 ex
2251 407 2296 470 Α
2399 410 2538 476 Quid
2571 419 2668 472 est,
2715 406 2854 478 quod
2875 409 3113 485 futurum
3139 415 3214 463 est
3246 424 3263 461 :
3287 411 3401 480 jam
3427 415 3673 462 vocatum
3717 415 3801 462 est
3854 423 3951 459 no-

610 519 717 572 quo
738 502 843 557 sibi
871 511 1037 572 queat
1062 497 1204 571 apud
1237 509 1486 569 p05teros
1513 502 1832 556 memoriam
1877 517 2214 572 comparare,

613 602 808 652 etnon
839 595 1004 650 vitam
1054 593 1275 648 silentio
1314 592 1570 658 transire,
1615 593 1763 649 velut
1802 595 2068 664 pecudes,
2100 610 2220 650 cum

613 685 865 742 habuerit
914 684 1226 751 materiam,
1294 697 1397 756 per
1443 699 1608 756 quam
1663 688 1903 757 potuerit
1953 695 2221 758 apparere

617 780 761 852 quod
808 779 1029 836 vixerit.

689 873 872 930 Omnis
917 873 1063 930 labor
1112 875 1332 932 hominis
1363 878 1417 934 in
1439 893 1526 933 ore
1552 877 1740 946 ipsius,
1767 887 1815 933 et
1843 876 2049 949 quidem
2103 877 2223 930 ani-

619 966 748 1024 mab
779 979 882 1023 non
929 961 1254 1042 implebitur.
1299 971 1438 1038 Quid
1466 972 1599 1026 enim
1631 976 1708 1026 est
1745 969 1973 1040 amplius
2004 969 2228 1038 sapienti

619 1071 652 1114 a
678 1058 859 1127 stulto,
888 1059 1016 1131 quid
1058 1062 1296 1133 pauperi,
1347 1061 1450 1115 nisi
1477 1061 1630 1128 scire,
1673 1069 1728 1114 ut
1755 1058 1909 1114 vadat
1931 1067 2106 1113 contra
2150 1058 2226 1113 vi-

621 1149 764 1208 tam?
808 1149 982 1209 Omne
1032 1154 1174 1226 qnod
1207 1153 1458 1210 laborant
1481 1149 1733 1208 homines
1772 1151 1823 1206 in
1853 1147 1958 1206 huc
1990 1150 2221 1217 mundo,

619 1261 714 1301 ore
738 1247 1084 1303 consumitur
1111 1289 1125 1312 ,
1151 1255 1205 1302 et
1227 1247 1472 1302 attritum
1506 1245 1758 1302 dentibus
1786 1246 1962 1302 ventri
1996 1244 2226 1299 traditur

619 1339 1001 1413 digerendum.
1029 1335 1272 1414 Cumque
1303 1340 1580 1412 paululum
1613 1338 1793 1411 gulam
1838 1337 2222 1406 delectaverit,

621 1433 829 1490 tamdiu
860 1433 1078 1491 videtur
1110 1435 1349 1491 tribucre
1387 1435 1761 1505 voluptatem,
1795 1432 2053 1502 quamdiu
2101 1440 2225 1502 gnt-

622 1537 740 1584 ture
765 1530 1094 1584 continetur.
1125 1529 1261 1584 Cum
1287 1541 1416 1584 vero
1447 1527 1502 1583 in
1539 1527 1718 1582 alvum
1744 1525 2042 1592 transierit,
2082 1523 2227 1580 desia

623 1623 706 1677 nil
733 1622 875 1678 inter
905 1623 1059 1678 cibos
1102 1636 1224 1678 esse
1254 1621 1533 1678 distantia.
1585 1620 1650 1675 Et
1681 1628 1799 1692 post
1849 1619 1964 1675 haec
2000 1619 2178 1676 omnia
2208 1663 2223 1688 ,

624 1727 730 1771 non
762 1714 1017 1787 impletur
1047 1715 1224 1770 anima
1268 1712 1609 1771 comedenlis
1642 1729 1652 1767 :
1687 1711 1802 1766 sive
1843 1711 1984 1789 quod
2011 1726 2221 1768 rursum

2323 521 2437 558 men
2469 506 2604 576 ejus,
2635 507 2685 557 et
2717 501 2994 573 cognitum,
3022 493 3146 572 quia
3189 500 3344 556 homo
3373 510 3470 571 est,
3503 511 3550 556 et
3601 518 3706 556 non
3751 504 3950 572 poterit

2315 596 2548 669 judic’ari
2581 610 2695 648 cum
2727 594 2946 665 fortiore
2972 609 3045 648 se.
3071 593 3274 664 Aperte
3303 594 3372 650 de
3401 593 3713 651 Salvatoris
3740 593 3950 664 praedi-

2325 697 2479 744 catur
2510 685 2774 755 adventu,
2818 685 2958 757 quod
2988 686 3080 758 qui
3135 687 3343 741 luimus
3391 694 3495 753 est,
3540 693 3847 758 antequam
3896 687 3950 742 in

2326 793 2553 852 corpore
2592 789 2942 848 cerneretur,
2978 780 3089 851 jam
3135 787 3389 836 vacatum
3417 779 3574 835 estin
3626 779 3953 851 Scripturis

2328 883 2523 932 nomen
2565 876 2707 947 ejus,
2733 886 2786 931 et
2834 874 3109 946 cognitum
3141 872 3426 944 pr0phetis
3449 875 3505 929 ct
3533 876 3740 930 sanctis
3796 875 3902 928 Dei
3940 887 3951 926 :

2327 967 2449 1039 quia
2475 967 2637 1023 homo
2661 967 2751 1037 sit,
2784 973 2839 1021 ct
2865 966 3021 1036 juxta
3052 963 3155 1022 hoc
3175 967 3317 1038 quod
3347 966 3508 1021 homo
3536 973 3641 1036 est,
3677 974 3791 1021 non
3820 981 3956 1036 pns-

2328 1061 2400 1114 sit
2443 1073 2503 1115 se
2542 1057 2796 1114 conferre
2825 1073 2947 1114 cum
2997 1054 3182 1127 Patre,
3211 1067 3263 1114 et
3291 1059 3342 1112 in
3391 1057 3695 1129 Evangeiio
3737 1057 3905 1114 dicat
3939 1076 3950 1110 :
4008 1089 4010 1129 ί

2329 1145 2488 1208 Pater
2509 1157 2597 1224 qui
2640 1163 2721 1207 me
2742 1153 2901 1219 misit,
2928 1151 3099 1221 major
3135 1165 3212 1204 me
3259 1159 3337 1206 est
3374 1145 3568 1222 (Joan.
3603 1145 3747 1218 XIV,
3797 1151 3879 1207 28
3908 1151 3949 1219 ).

2329 1245 2485 1303 Unde
2502 1256 2554 1301 et
2573 1247 2624 1300 in
2650 1244 3116 1317 consequentibus
3137 1245 3478 1316 praecipitur,
3506 1259 3572 1300 ne
3597 1245 3738 1300 ultra
3770 1259 3952 1313 quam

2329 1340 2398 1395 de
2426 1354 2490 1395 eo
2515 1338 2673 1395 nobis
2698 1341 2958 1409 scriptum
2986 1345 3091 1404 est,
3118 1339 3494 1407 requiramus,
3520 1353 3589 1394 ne
3611 1337 3746 1394 velit
3771 1338 3955 1394 homo

2331 1433 2447 1504 plus
2475 1434 2634 1500 scire,
2661 1448 2820 1503 quam
2841 1431 3118 1504 Scriptura
3158 1442 3359 1488 testata
3389 1443 3490 1490 est.
3521 1431 3656 1488 Cum
3687 1435 3842 1488 enim
3877 1432 3954 1487 de

2331 1539 2477 1584 statu
2503 1537 2694 1585 nostro
2726 1530 3063 1599 ignoremus,
3096 1537 3150 1585 et
3180 1529 3290 1583 vita
3315 1541 3498 1584 nostra
3541 1529 3694 1599 quasi
3740 1527 3950 1583 umbra

2333 1630 2696 1694 pertranseat,
2739 1629 2793 1676 ct
2821 1620 3001 1677 futura
3033 1619 3240 1677 incerta
3273 1622 3401 1688 sint,
3435 1637 3540 1676 non
3573 1621 3735 1676 nobis
3762 1635 3949 1688 estpe-

2331 1716 2427 1780 dit,
2457 1715 2954 1793 utmajora_,quam
2999 1727 3312 1786 possumus,
3369 1715 3740 1785 inquiramus.
3789 1713 3952 1769 Non-

620 1807 916 1876 desideret,
951 1806 1094 1881 quod
1124 1808 1385 1877 comedit,
1421 1819 1475 1867 et
1507 1818 1614 1866 tam
1645 1810 1862 1882 sapiens
1891 1820 2052 1882 qnam
2095 1808 2232 1865 stul-
2263 1797 2312 1858 B
2339 1807 2472 1862 nulli
2502 1806 2634 1862 illud
2663 1806 2716 1861 in
2751 1806 2853 1862 hoc
2882 1808 3003 1862 loco
3044 1807 3340 1878 signiﬁcari
3381 1817 3588 1877 putant,
3618 1806 3773 1876 quod
3817 1823 3949 1861 om-

621 1911 708 1958 tns
747 1903 953 1974 ahSque
994 1901 1116 1957 cibo
1169 1914 1402 1974 nequeat
1447 1903 1664 1971 vivere,
1722 1911 1776 1959 et
1829 1917 2038 1976 pauper
2093 1899 2226 1957 nihil

619 1991 766 2049 aliud
805 1997 1033 2065 qumrat,
1065 1993 1166 2048 nisi
1199 1991 1475 2065 quomodo
1508 1993 1626 2067 [AL
1659 1991 1827 2068 quod]
1862 1994 2032 2066 possit
2070 2009 2231 2066 orga-

622 2099 750 2142 num
779 2087 862 2142 sui
895 2085 1212 2157 corpusculi
1237 2096 1568 2152 sustentare,
1604 2103 1708 2144 nec
1742 2088 1968 2144 interire
2006 2085 2184 2143 inedia
2214 2106 2224 2141 ε

621 2178 736 2234 sive
781 2179 924 2248 quod
972 2177 1174 2234 nullam
1223 2178 1517 2235 utilitatem
1565 2180 1745 2234 anima
1795 2193 1858 2236 ex
1926 2178 2229 2235 refectione

623 2271 932 2341 corpusculi
959 2270 1160 2339 capiat,
1193 2275 1248 2326 et
1275 2269 1432 2326 cibus
1463 2277 1567 2326 tam
1593 2272 1822 2341 sapienti
1875 2287 2034 2342 quam
2064 2268 2231 2325 stulto

619 2361 925 2418 communis
944 2365 1014 2418 sit
1035 2405 1050 2427 ,
1083 2372 1138 2418 et
1170 2361 1300 2418 illuc
1331 2365 1490 2420 vadat
1519 2375 1749 2435 panper,
1780 2363 1868 2418 ubi
1927 2379 2061 2434 opes
2108 2377 2230 2420 esse

623 2459 996 2528 perspexerit.
1033 2455 1225 2513 Melius
1253 2465 1337 2513 est
1364 2467 1544 2512 autem
1599 2459 1702 2514 hoc
1753 2457 1985 2530 intelligi
2011 2458 2077 2514 de
2127 2460 2230 2514 Ec-

620 2549 926 2606 clesiastico
953 2551 1092 2616 viro,
1129 2550 1220 2620 qui
1253 2551 1305 2604 in
1334 2549 1638 2620 Scriptnris
1680 2549 2002 2606 cmlestibus
2046 2549 2234 2605 crudi--

621 2651 730 2708 tus,
765 2655 985 2699 omnem
1035 2643 1276 2698 laborem
1326 2641 1492 2697 habet
1544 2640 1599 2697 in
1655 2655 1752 2698 ore
1780 2655 1903 2710 suo,
1953 2651 2007 2697 et
2049 2642 2231 2696 anima

614 2737 734 2807 ejus
761 2753 866 2792 non
897 2735 1177 2809 impletur,
1211 2735 1340 2792 dum
1369 2747 1584 2806 semper
1612 2737 1764 2806 cupit
1790 2735 2028 2793 discere.
2058 2738 2120 2792 Et
2179 2737 2230 2792 in

623 2845 690 2883 eo
722 2830 843 2900 plus
889 2830 1056 2886 habet
1082 2831 1324 2901 sapiens,
1381 2839 1544 2900 quam
1594 2830 2055 2901 insipiens:quia
2108 2845 2232 2886 cum

625 2939 924 2995 pauperem
955 2937 1079 2979 esse
1128 2939 1188 2982 se
1227 2928 1428 2979 sentiat
1461 2924 1791 2997 (pauperem
1819 2932 1997 2980 autem
2041 2926 2190 2980 illum
2216 2968 2232 2994 ,

629 3016 721 3086 qui
764 3014 818 3069 in
869 3015 1166 3085 Evangeiio
1206 3016 1402 3074 beatus
1453 3013 1690 3088 dicitur)
1733 3026 1992 3087 properat
2047 3017 2113 3072 ad
2166 3034 2232 3074 ea

629 3105 1169 3174 comprehendenda,
1195 3122 1316 3178 quae
1346 3109 1472 3162 vitae
1502 3117 1650 3176 sunt,
1684 3117 1742 3163 et
1763 3108 2006 3163 ambulat
2027 3120 2231 3165 arctam
2262 3109 2268 3112 ’

2333 1903 2505 1969 nium,
2536 1901 2627 1972 qui
2678 1899 2844 1956 futuri
2878 1909 3029 1970 sunt,
3063 1907 3115 1957 et
3158 1913 3180 1941 ο
3230 1899 3499 1956 hominum
3533 1913 3774 1971 corpore
3838 1901 3951 1958 cir-

2331 1994 2647 2064 cumdandi,
2675 1994 2786 2065 jam
2815 1991 2954 2050 Dens
2993 1995 3322 2051 vocabulum
3357 1995 3562 2050 noverit
3599 2012 3610 2047 :
3645 2007 3753 2050 nec
3807 2012 3950 2064 pos-

2332 2086 2403 2141 sit
2432 2085 2595 2142 homo
2629 2087 2963 2156 restiondere
2989 2096 3172 2143 contra
3225 2088 3490 2144 artiﬁcem
3529 2097 3707 2158 suum,
3755 2101 3940 2158 quare

2332 2179 2402 2234 ita
2451 2179 2534 2234 vel
2564 2179 2635 2234 ita
2665 2177 2836 2235 factus
2865 2180 2956 2234 sit.
3000 2179 3215 2247 Quanto
3252 2179 3396 2235 enim
3431 2181 3664 2251 amplius
3705 2181 3950 2249 qutcsie-

2333 2272 2525 2338 rimus,
2575 2279 2724 2328 tanto
2781 2272 2950 2344 magis
2985 2273 3203 2329 ostendi
3251 2273 3543 2328 vanitatem
3589 2282 3836 2328 nostram
3893 2277 3952 2328 et

2333 2365 2497 2421 Verba
2527 2365 2802 2436 snperllua
2831 2385 2842 2420 :
2879 2372 2932 2420 et
2957 2381 3064 2420 non
3099 2382 3160 2422 ex
3197 2365 3544 2436 prtescientia
3579 2365 3676 2419 Dei
3707 2364 3950 2420 liberum

2336 2459 2450 2513 tolli
2484 2458 2791 2526 arbitrium,
2815 2457 2910 2514 sed
2951 2471 3143 2513 causas
3202 2465 3328 2513 ante
3363 2458 3699 2527 precedere,
3773 2469 3952 2527 quare

2339 2552 2758 2622 unumquodque
2780 2551 2860 2605 sic
2887 2550 3089 2605 factum
3121 2551 3212 2606 sit.

2411 2641 2546 2706 Quia
2571 2651 2689 2697 sunt
2719 2643 2868 2698 verba
2902 2641 2921 2681 ί
2955 2644 3123 2697 multa
3167 2641 3577 2712 multiplicantia
3629 2644 3945 2697 vanitatem.

2339 2734 2478 2800 Quid
2502 2746 2578 2789 est
2608 2736 2834 2808 amplius
2868 2746 2891 2783 ε
2921 2737 3162 2790 homini?
3196 2735 3324 2802 Quis
3351 2738 3487 2790 enint
3534 2735 3777 2806 cognouit
3816 2734 3949 2807 quid

2334 2831 2401 2884 sit
2433 2831 2619 2884 bonum
2649 2831 2846 2885 homini
2874 2832 2928 2885 in
2956 2832 3082 2898 vita,
3116 2843 3325 2885 numero
3353 2831 3561 2884 dierum
3588 2831 3706 2884 vita:
3740 2830 3948 2883 uanita-

2335 2925 2401 2978 tis
2429 2927 2578 2996 ejus?
2606 2937 2651 2980 et
2682 2927 2836 2997 faciet
2857 2923 2882 2961 ν’
2906 2942 2989 2979 eos
3018 2927 3165 2996 quasi
3191 2925 3448 2993 umbram,
3484 2923 3606 2993 quia
3635 2927 3756 2993 quis
3779 2921 3952 2996 5,36

2335 3018 2661 3071 annuntiabit
2692 3017 2910 3085 homini,
2943 3019 3070 3088 quid
3099 3020 3163 3072 sit
3197 3023 3310 3088 post
3336 3029 3451 3072 eum
3480 3016 3574 3071 sub
3602 3017 3752 3071 sole?
3773 3018 3939 3082 Cum,

2337 3110 2534 3180 inquit,
2570 3111 2783 3181 ignoret
2806 3111 2969 3165 homo
2995 3111 3062 3166 de
3107 3117 3251 3165 statu
3302 3123 3426 3175 suo,
3474 3116 3528 3166 et
3577 3123 3952 3180 quaecumque

633 3208 690 3254 et
714 3208 1003 3270 angustam
1032 3198 1198 3266 viam,
1231 3214 1350 3270 quae
1375 3199 1528 3255 ducit
1548 3200 1614 3256 ad
1639 3201 1827 3265 vitam,
1847 3210 1900 3255 et
1926 3216 2130 3272 pauper
2151 3210 2235 3258 est
2263 3191 2308 3257 C
2342 3201 2558 3257 videtur
2584 3201 2735 3258 scire
2761 3209 2815 3258 et
2837 3217 3088 3270 eernere,
3118 3212 3224 3258 non
3257 3213 3315 3258 ut
3342 3217 3402 3259 se
3432 3203 3506 3257 rei
3534 3200 3949 3267 habetveritas,

630 3307 660 3347 a
689 3292 847 3347 malis
875 3291 1157 3362 operibus,
1185 3299 1242 3363 et
1288 3293 1395 3351 scit
1421 3293 1508 3349 ubi
1557 3292 1806 3349 Christus
1843 3294 1933 3364 qui
1965 3294 2071 3349 vita
2121 3303 2234 3363 est,

627 3393 1019 3442 commoretur.

700 3475 889 3532 Melior
932 3485 1006 3532 est
1029 3487 1265 3548 aspectus
1289 3477 1557 3531 oculorum
1584 3493 1738 3550 super
1777 3480 2127 3536 ambulantem
2183 3483 2238 3536 in

628 3572 826 3626 aninta.
858 3571 965 3628 Sed
987 3579 1037 3625 et
1061 3571 1157 3625 hoc
1186 3573 1386 3626 vanitas
1404 3581 1450 3624 et
1478 3573 1811 3643 praesumptio
1825 3575 2062 3641 spiritus.
2091 3575 2238 3630 Dilu-

621 3663 746 3720 cidc
769 3662 871 3717 hoc
892 3663 1287 3732 interpretatus
1313 3671 1398 3718 est
1426 3662 1810 3735 Symmachus,
1845 3663 2036 3721 dicens
2067 3685 2080 3720 ε
2129 3666 2240 3721 Me-

629 3757 731 3812 lius
761 3765 836 3810 est
866 3756 1156 3826 providere,
1178 3767 1332 3827 quam
1366 3757 1654 3821 ambulare,
1689 3769 1743 3811 ut
1769 3756 1924 3823 libet;
1971 3757 2133 3831 435
2186 3755 2238 3814 id

634 3859 739 3918 est,
761 3852 955 3908 melius
976 3861 1056 3907 est
1073 3850 1221 3922 juxta
1250 3866 1470 3906 sensum
1498 3860 1698 3907 cuncta
1723 3865 1905 3923 agere,
1929 3854 2020 3922 qui
2043 3854 2239 3909 anima:

635 3953 720 4000 est
749 3945 962 4011 oculus,
989 3959 1151 4016 quam
1179 3943 1524 4000 voluntatem
1551 3945 1732 4000 cordis
1758 3955 1780 3984 ο
1811 3945 1989 4015 sequi.
2026 3946 2139 4001 lloc
2158 3952 2242 4001 est

634 4039 780 4096 enim
811 4037 1092 4094 ambulare
1137 4039 1190 4094 in
1239 4039 1442 4105 anima,
1497 4039 1638 4093 sicut
1684 4037 1940 4095 Ezechiel
1987 4040 2064 4094 ait
2096 4059 2106 4093 :
2138 4037 2241 4106 Qui

635 4134 903 4188 ambulant
932 4133 987 4187 in
1005 4132 1274 4187 voluntate
1300 4130 1474 4185 cordis
1524 4132 1607 4184 sui
1639 4129 1855 4203 (Ezech.
1886 4147 1945 4199 ii,
1993 4131 2114 4203 21).
2138 4130 2239 4187 Vel

635 4235 784 4282 certe
809 4224 1106 4295 superbum
1140 4231 1196 4279 et
1243 4222 1347 4277 sibi
1389 4221 1694 4292 placentem
1719 4224 1918 4294 arguit,
1963 4231 2018 4278 et
2047 4223 2240 4279 melio-

636 4332 753 4372 rem
783 4316 916 4373 dicit
945 4329 1066 4371 esse
1094 4329 1239 4379 eum,
1272 4313 1363 4386 qui
1386 4323 1584 4370 cuncta
1616 4315 1937 4384 provideat,
1966 4330 2126 4386 quam
2174 4315 2240 4370 il-

640 4409 775 4477 lum,
827 4410 914 4463 cui
945 4407 1079 4463 nihil
1129 4407 1327 4478 placet,
1377 4406 1480 4461 nisi
1513 4407 1664 4478 quod
1704 4405 1823 4477 ipse
1869 4406 2063 4464 fecerit
2089 4423 2102 4461 :
2133 4415 2241 4479 quo

2342 3297 2436 3353 sed
2479 3313 2576 3368 per
2623 3298 2927 3368 speculum,
2957 3298 3274 3352 etumbram
3305 3307 3359 3352 et
3401 3297 3689 3368 imaginem
3723 3295 3946 3365 videat,

2346 3405 2446 3446 nec
2468 3391 2644 3446 futura
2668 3401 2984 3461 Cognoscat,
3011 3400 3063 3446 et
3105 3389 3155 3444 in
3183 3390 3526 3460 multiloquio
3569 3399 3677 3444 non
3720 3387 3953 3460 eﬂ'ugiat

2345 3492 2661 3554 peccatum;
2706 3483 2985 3538 silentium
3029 3494 3194 3554 ponat
3215 3485 3294 3540 ori
3325 3499 3445 3550 suo,
3477 3492 3532 3538 ct
3576 3484 3768 3539 credat
3817 3497 3949 3539 eum

2341 3575 2556 3631 venisse
2599 3576 2691 3645 qui
2736 3577 2973 3645 scriptus
3021 3584 3124 3646 est,
3181 3572 3477 3647 quomodo,
3511 3584 3564 3632 et
3591 3585 3855 3648 quantos,
3891 3583 3950 3633 et

2343 3669 2522 3740 qualis
2551 3671 2788 3735 venerit,
2825 3684 2930 3724 non
2963 3670 3267 3740 requirens.

2415 3761 2434 3835 (
2461 3761 2596 3833 Cap.
2631 3761 2735 3816 ιιι.
2769 3761 2787 3835 )
2813 3763 3019 3818 Bonum
3042 3771 3114 3817 cst
3146 3777 3328 3817 nomen
3351 3777 3507 3832 super
3526 3764 3699 3817 oleum
3715 3762 3910 3817 bonum
3932 3803 3947 3828 ,

2319 3865 2390 3924 _et
2420 3856 2528 3911 dies
2558 3857 2740 3911 mortis
2772 3872 2923 3928 super
2949 3855 3088 3910 diem
3117 3856 3403 3910 nativitatis
3445 3855 3577 3925 ejus.
3613 3853 3943 3920 Considera,

2344 3949 2539 4020 inquit,
2582 3965 2614 4002 ο
2644 3951 2830 4016 Ιιοιιιυ,
2854 3948 2972 4004 dies
2997 3959 3117 4004 tuos
3147 3945 3372 4015 breves,
3405 3955 3461 4004 et
3489 3948 3611 4015 quia
3654 3950 3764 4004 cito
3793 3958 3942 4016 esse,

2343 4041 2515 4096 Soluta
2538 4055 2725 4108 carne,
2759 4042 3042 4097 cessabis:
3081 4039 3165 4096 fac
3205 4039 3300 4096 tibi
3353 4040 3556 4095 famam
3609 4040 3940 4111 longiorem,

2343 4143 2399 4189 ut
2429 4134 2702 4205 quomodo
2735 4143 3068 4207 unguentum
3103 4149 3265 4191 nares
3284 4132 3450 4190 odore
3478 4133 3735 4201 deiectat,
3763 4133 3846 4189 sic
3875 4131 3944 4188 ad

2347 4226 2361 4264 ί
2427 4239 2573 4284 tuum
2622 4229 2944 4284 vocabulum
3011 4239 3209 4286 cuneta
3257 4227 3546 4300 posteritas
3597 4223 3941 4280 delectetur.

2341 4321 2496 4388 Quod
2517 4322 2800 4392 perspicue
2821 4315 3940 4393 interpretatnsestSymmachus,dicens:

2344 4398 2534 4469 Metius
2560 4425 2636 4470 est
2658 4429 2843 4470 nomen
2873 4415 3081 4481 bonum,
3102 4431 3258 4484 quam
3286 4423 3598 4487 unguentum
3612 4411 3740 4466 bene
3768 4411 3936 4467 olens.

641 4503 776 4558 nihil
804 4511 889 4559 est
920 4501 1184 4571 deterius,
1212 4509 1269 4556 et
1311 4502 1460 4556 omni
1492 4511 1661 4558 vento
1713 4501 1948 4557 inanius.
1998 4502 2237 4559 Rursum
2343 4509 2628 4580 Siquidem
2660 4511 2828 4567 nimis
2854 4519 2936 4566 est
2961 4509 3314 4566 Hebraeorum
3344 4517 3680 4580 unguentum
3705 4507 3934 4572 bonum,

637 4606 690 4653 et
723 4597 809 4651 hic
834 4595 1284 4666 praesumptionem
1315 4593 1549 4664 spiritus,
1590 4594 1782 4666 Aquila
1821 4601 1878 4651 et
1899 4595 2234 4664 'l‘heodotio,
2266 4583 2320 4650 Ι)
2343 4602 2522 4659 oleum
2558 4613 2897 4675 nuncupare.
2937 4603 3092 4671 Quod
3125 4614 3306 4659 autem
3357 4602 3469 4658 ait:
3504 4599 3567 4656 Et
3595 4601 3710 4655 dies
3757 4600 3938 4654 mortis

641 4688 1098 4762 pastionemventi,
1131 4687 1472 4758 interpretati
1503 4695 1632 4744 sunt
1663 4707 1675 4743 :
1714 4687 2070 4762 Symmachus
2103 4705 2236 4749 vero

641 4784 979 4856 afﬂictionem
1006 4779 1240 4852 spiritus.
1284 4775 1456 4836 Porro
1482 4781 1763 4838 sciendum
1795 4793 1897 4852 est,
1923 4784 2068 4855 quod
2091 4786 2234 4856 apud

640 4876 925 4940 Hebraeos,
951 4885 1005 4929 et
1025 4871 1252 4944 spiritus
1281 4879 1334 4928 et
1357 4883 1550 4930 ventus
1577 4873 1833 4932 similiter
1869 4877 2229 4948 appellentur,

639 4970 691 5028 id
721 4980 825 5040 est,
859 4967 1014 5025 Runs
1046 4961 1096 5021 ἀ.

714 5090 738 5117 ιι
766 5079 926 5157 [ιριιά
954 5078 1180 5157 Alcuin.‘
1223 5075 1357 5157 nihil
1384 5077 1570 5157 bonum
1613 5078 2019 5157 honoriﬁcumve
2039 5081 2234 5157 egerit,

634 5163 743 5224 etc.
779 5149 983 5224 Victor.
1005 5191 1020 5214 ,
1041 5149 1180 5224 nihil
1213 5150 1337 5217 [acti
1363 5159 1410 5201 et
1441 5149 1653 5224 honoris
1683 5153 1865 5224 egerit,
1898 5165 2006 5209 etc.

705 5223 736 5263 δ
775 5223 931 5289 Mss,
966 5221 1140 5293 anima
1162 5224 1276 5293 ejus
1321 5236 1425 5273 non
1448 5221 1766 5292 implebitu'r,
1802 5234 1907 5280 etc.

710 5305 732 5366 ς
772 5294 970 5355 Vatic.,
996 5291 1308 5366 voluntatem
1338 5293 1508 5346 cordis
1523 5291 1612 5348 sui
1639 5297 1801 5366 sequi.

702 5363 730 5404 ἀ
759 5366 827 5419 Id
854 5373 952 5440 est,
977 5379 1137 5440 unus.
1173 5362 1229 5417 In
1279 5362 1714 5440 omnibusimss.
1747 5367 2030 5440 codicibus
2059 5368 2231 5440 scrip-

633 5448 746 5496 tum
773 5439 946 5507 reperi
973 5435 1130 5490 Ruha
1152 5451 1274 5490 cum
1298 5433 1331 5486 h
1363 5436 1412 5489 in
1447 5439 1657 5502 medio;
1687 5439 1939 5508 quamvis
1985 5442 2109 5494 alibi
2146 5433 2226 5495 le-

630 5520 788 5581 gatur
843 5517 1042 5563 nomen
1095 5508 1384 5581 Hebraeum
1410 5515 1528 5573 rm,
1566 5509 1686 5581 sine
1719 5509 1826 5562 ulla
1859 5509 2214 5578 aspiratione,

626 5579 742 5651 rua,
778 5590 833 5638 et
859 5590 968 5636 non
1000 5581 1149 5632 ruha.
1182 5579 1288 5635 Sed
1338 5593 1500 5651 nemp
1545 5588 1632 5651 est
1661 5580 1943 5634 hominum
1982 5581 2226 5638 erudito-

623 5649 742 5708 rum
768 5655 860 5727 qui
883 5661 1041 5722 neget
1075 5662 1365 5722 utrumque
1389 5658 1447 5704 et
1470 5649 1576 5723 legi
1603 5660 1659 5706 et
1681 5651 1846 5707 scribi
1877 5652 2223 5721 posseJisa-

622 5733 675 5777 τι
685 5739 770 5780 ΔΝ.

694 5801 717 5828 ε
760 5794 925 5862 Ma'gis
956 5793 1195 5847 arrideat
1230 5794 1475 5851 Vaticani
1516 5795 1700 5863 lectio,
1744 5805 1789 5850 et
1840 5794 2063 5852 hominis
2106 5814 2218 5853 cer-

2343 4711 2498 4774 super
2519 4697 2656 4752 diem
2695 4699 2978 4753 nativitatis
3003 4699 3137 4769 ejus,
3188 4697 3270 4753 vel
3315 4699 3416 4752 hoc
3445 4695 3707 4759 ostendit,
3741 4694 3934 4750 melius

2345 4803 2468 4845 esse
2501 4789 2658 4845 exire
2681 4791 2748 4845 de
2772 4789 2995 4857 sacculo,
3023 4799 3076 4847 et
3125 4805 3314 4847 carere
3354 4787 3797 4845 tribulationibus
3846 4795 3934 4842 at-

2343 4899 2449 4955 que
2472 4883 2678 4939 incerto
2701 4883 2824 4938 vita:
2848 4891 3013 4951 statu,
3041 4897 3199 4956 quam
3231 4884 3628 4956 ingredientem
3648 4880 3930 4946 mundum,

2346 4973 2460 5029 hate
2482 4975 2662 5030 omnia
2687 4976 2983 5033 sustinere.
3021 4976 3118 5034 Vel
3141 4986 3290 5034 certe
3312 4977 3462 5050 quod
3488 4980 3542 5034 in
3569 4983 3770 5043 marte,
3803 4988 3940 5046 qua«

2337 5104 2461 5164 pore
2482 5083 2827 5164 circumdati,
2842 5091 2959 5164 jam
2983 5089 3142 5158 Deus,
3172 5103 3279 5148 etc.
3306 5103 3332 5126 τ’

2364 5191 2372 5197 -
2414 5158 2431 5196 τ
2482 5159 2596 5212 Vox
2628 5158 2871 5216 multa'in
2903 5163 3079 5219 tribus
3100 5181 3130 5219 e
3156 5167 3357 5220 nostris
3383 5181 3516 5221 mss.
3565 5167 3928 5222 desideratur.

2408 5239 2432 5276 8
2461 5230 2599 5306 Quid
2627 5242 2712 5306 est
2730 5233 2956 5306 amplius
2977 5235 3217 5290 homini?
3241 5237 3461 5291 Initium
3487 5237 3578 5294 hic
3600 5245 3682 5293 est
3705 5239 3928 5306 capituli

2335 5303 2550 5374 septimi
2586 5303 2635 5356 in
2670 5303 2895 5374 Vulgata
2921 5305 3110 5361 Latina
3139 5324 3153 5360 :
3180 5310 3276 5363 sed
3322 5319 3540 5364 veteres
3582 5309 3720 5365 alias
3763 5303 3930 5364 aectrti

2305 5439 2308 5442 Ι
2334 5383 2462 5428 sunt
2487 5373 2783 5429 divisiones
2809 5375 3110 5431 Contentus
3141 5380 3301 5442 sacri,
3337 5389 3393 5433 ut
3423 5395 3487 5434 ex
3522 5379 3625 5436 hoc
3669 5382 3790 5435 loco
3819 5396 3930 5435 ma-

2334 5444 2993 5522 nifestissimeprobatur.
3023 5450 3257 5522 tionsnle
3291 5451 3683 5522 Proiegnmena
3718 5467 3746 5505 a
3775 5452 3930 5508 nobis

2332 5514 2590 5594 edita_in_
2640 5514 2884 5594 liivinarn
2918 5519 3312 5594 Bibliothecam
3355 5514 3532 5578 sancti
3583 5521 3920 5594 Hieronymi,

2331 5587 2423 5664 ubi
2465 5587 2539 5664 de
2579 5587 2888 5657 hujusmodi
2918 5591 3171 5658 capitulis
3219 5593 3538 5660 plenissime
3587 5587 3926 5664 disputatum

2331 5661 2433 5712 est.
2465 5657 2734 5714 Munna.

2400 5724 2426 5765 ¹¹
2467 5727 2704 5782 Paiatin.
2736 5729 2898 5791 alter,
2927 5741 2987 5782 ea
3008 5743 3027 5781 :
3065 5727 3242 5786 Vatlc.
3269 5773 3281 5794 ,
3310 5747 3419 5786 ens.

2407 5797 2421 5834 ί
2468 5797 2707 5864 Aleum,
2755 5800 2829 5852 sie
2851 5801 2918 5850 ad
2945 5808 3088 5852 tutum
3121 5814 3303 5856 nomen
3328 5814 3516 5860 cuncta
3546 5811 3849 5877 posteritas.
