3998 6320
687 249 832 311 1065

1908 250 1965 309 8.
2008 251 2283 312 EUSEBII
2323 254 2702 315 llIERONYMl
2944 288 2949 293 ·
3912 268 3965 331 iii

685 380 809 422 nem
832 363 1187 419 considerare
1216 361 1457 432 negotii,
1500 378 1661 432 quam
1686 364 2039 436 principium,
2065 378 2090 405 ἰ
2114 378 2168 423 et
2192 384 2290 437 pa-
2317 370 2367 432 Α
2466 370 2616 426 Βοηα
2636 382 2707 428 est
2738 376 2990 443 sapientia
3011 392 3129 431 cum
3150 379 3505 445 Iacereditate,
3535 391 3589 437 et
3618 386 3856 457 amplius
3877 391 3965 442 [sua

684 458 910 511 ticntem
945 470 1089 519 esse,
1120 471 1281 525 quam
1310 455 1662 523 impatientia:
1697 457 1880 512 furore
1909 462 2139 531 raptari.
2172 462 2291 516 Dis-

683 548 861 603 cimus
883 547 1049 620 539
1074 564 1292 618 quoque
1324 565 1391 603 ex
1421 548 1523 604 hac
1573 554 1905 608 sententiola
1929 594 1942 618 ,
1994 554 2195 610 nullam
2236 557 2288 611 in

682 638 1001 695 hominibus
1031 654 1154 695 esse
1181 640 1507 710 sapientiam
1528 683 1541 707 ,
1597 658 1720 697 cum
1753 645 1953 699 melius
1977 646 2051 701 sit
2083 654 2285 714 tacere,

680 750 841 805 quam
874 733 1123 805 proloqui
1150 749 1165 798 ;
1215 742 1271 790 et
1293 734 1420 804 quia
1445 751 1572 791 cum
1604 736 1750 792 ﬁnita
1776 737 2166 807 fueritoratio,
2200 742 2287 796 in-

683 835 765 885 tra
795 831 1149 897 semetipsum
1186 830 1453 899 recogitat
1476 830 1694 886 auditor
1715 873 1731 898 ,
1784 832 1911 901 quid
1943 834 2012 887 sit
2039 833 2240 888 dictum
2270 854 2283 890 :

681 938 808 979 cum
833 931 1013 978 autem
1041 923 1370 991 cmperimus
1401 922 1573 993 loqui,
1607 924 1838 979 necdum
1870 924 1999 996 quid
2033 925 2285 981 utilitatis

682 1015 915 1084 accepit.

756 1109 947 1165 Melior
970 1120 1043 1167 est
1069 1112 1276 1184 patiens
1304 1129 1466 1183 super
1495 1114 1758 1167 excelsum
1784 1113 1994 1185 spiritu.
2029 1113 2164 1181 Quia
2194 1130 2282 1169 su-

681 1204 865 1274 perius
893 1204 1028 1260 iram
1054 1217 1425 1273 concesserat,
1445 1205 1635 1263 dicens
1659 1222 1672 1260 :
1699 1206 1891 1261 Melior
1914 1218 1987 1261 est
2004 1208 2103 1271 ira,
2127 1223 2280 1277 quam

680 1301 837 1365 risus,
874 1317 941 1357 ne
972 1311 1287 1371 putaremus
1312 1304 1447 1357 iram
1472 1343 1489 1370 ,
1536 1317 1657 1373 qua:
1689 1302 1741 1357 in
1772 1302 2026 1372 passione
2062 1310 2145 1357 est
2167 1301 2281 1355 lau-

679 1392 825 1459 dari,
879 1409 1022 1449 nunc
1052 1395 1299 1464 prtecipit
1327 1394 1353 1433 δ
1380 1398 1514 1450 iram
1543 1397 1763 1465 penitus
1799 1410 1923 1451 esse
1955 1394 2274 1451 tollendam.

676 1486 755 1543 lbi
780 1486 923 1542 enim
961 1503 1059 1555 pro
1082 1487 1435 1557 correptione
1465 1490 1517 1543 in
1548 1498 1860 1558 peccantes,
1890 1498 1946 1543 et
1971 1488 2278 1544 eruditione

678 1582 734 1637 in
765 1581 1009 1638 minores
1039 1582 1175 1637 iram
1207 1584 1427 1653 posuit:
1471 1583 1561 1640 hic
1585 1599 1716 1639 vero
1759 1583 2151 1652 impatientiam
2185 1598 2275 1638 re-

674 1674 946 1731 l'raenavit.
996 1674 1265 1731 Patientia
1303 1684 1486 1733 autem
1535 1693 1639 1731 non
1668 1676 1845 1731 solum
1887 1677 1938 1731 in
1968 1677 2271 1747 angustiis,

677 1768 773 1825 sed
804 1776 861 1825 et
903 1771 957 1824 in
1005 1769 1311 1825 latioribus
1352 1770 1660 1826 necessaria
1688 1779 1806 1836 est,
1865 1786 1933 1825 ne
1964 1770 2083 1840 plus
2111 1786 2269 1840 quam
2302 1772 2350 1833 Β
2378 1765 2599 1833 viﬁcabt't
2626 1767 2892 1823 habentem
2919 1787 2990 1824 se.
3017 1772 3072 1826 ln
3104 1788 3193 1840 eo,
3231 1775 3409 1846 inquit,
3441 1779 3619 1847 major
3633 1791 3729 1835 est
3751 1765 3965 1888 sapietl

677 1862 936 1888 ηΑηιΙΑΑΑι
1027 1864 1332 1888 ..--Ιι...-.....
1415 1861 1643 1888 ι’ζλιιι..-
1687 1863 1817 1888 mihi
1855 1874 1876 1888 ι-
1917 1872 1965 1888 Α.
2000 1864 2085 1888 ..ηε
2131 1879 2270 1888 -......
2382 1858 2449 1888 lin
2484 1858 2682 1888 A:..:n::.
2765 1864 2905 1888 ..ι-,ιλ
2937 1865 3136 1888 ..Ι.-..---
3172 1868 3291 1888 --Ιν-
3328 1870 3486 1888 ,μεινη
3563 1874 3575 1884 ο
3622 1874 3674 1888 ιη
3766 1886 3775 1888 _

673 1862 984 1930 condecet,
1024 1864 1352 1918 exaltentur.
1415 1861 1643 1918 Videtur
1687 1863 1819 1917 mihi
1855 1874 1877 1901 ε
1913 1872 1969 1919 et
1996 1864 2088 1933 qui
2130 1879 2271 1919 nunc

671 1958 930 2013 excelsus
985 1958 1296 2027 appellatur
1326 1957 1519 2028 spiritu
1566 1957 1618 2011 in
1653 1956 1980 2026 Evangelio,
2045 1958 2270 2026 pauperi

664 2050 859 2122 spiritu
884 2067 1011 2108 esse
1038 2052 1476 2121 contrarius,qui
1502 2061 1558 2106 et
1587 2052 1638 2104 in
1660 2050 1997 2107 beatitudine
2026 2053 2265 2121 ponitur.

740 2146 827 2201 Ne
846 2148 1058 2217 festines
1084 2148 1140 2201 in
1161 2147 1351 2215 spiritu
1376 2155 1467 2200 tuo
1487 2186 1502 2213 ,
1545 2154 1600 2199 ut
1630 2147 1875 2200 irascaris
1899 2188 1914 2212 ,
1958 2147 2081 2217 quia
2111 2147 2191 2201 ira
2216 2148 2268 2200 in

662 2242 785 2297 sinu
813 2243 1091 2295 stultorum
1120 2241 1416 2311 requiescit.
1439 2240 1555 2294 Non
1583 2240 1730 2311 quod
1762 2242 2027 2297 concedat
2061 2240 2266 2296 tardius

660 2335 1034 2398 irascendum,
1061 2333 1265 2389 idcirco
1288 2348 1432 2389 nunc
1458 2333 1625 2388 dicit:
1659 2332 1742 2386 Ne
1772 2335 1982 2401 festines
2000 2335 2055 2389 in
2075 2334 2263 2405 spiritu

658 2438 747 2484 tuo
793 2430 984 2494 irasci;
1038 2426 1135 2484 sed
1164 2426 1311 2498 quod
1336 2424 1362 2464 ἀ
1392 2442 1519 2483 cum
1559 2427 1747 2483 furens
1792 2438 1847 2483 et
1878 2444 2071 2484 recens
2100 2427 2265 2485 fuerit

661 2525 766 2590 ira,
797 2524 967 2581 dilata
996 2522 1211 2579 facilius
1240 2522 1487 2587 sedetur,
1512 2533 1567 2577 et
1589 2523 1762 2592 possit
1788 2523 2013 2578 auferri.
2042 2522 2107 2577 Et
2135 2523 2259 2591 quia

658 2618 740 2674 ira
768 2633 986 2689 semper
1036 2617 1225 2687 juncta
1274 2616 1547 2686 superbia:
1576 2625 1681 2682 est,
1741 2615 2062 2671 desiderans
2095 2615 2257 2671 ultio-

656 2728 781 2769 nem
801 2753 815 2777 ,
873 2711 1159 2767 meliorem
1190 2724 1356 2778 supra
1387 2710 1682 2779 patientem
1712 2708 1852 2762 dixit
1886 2724 2033 2772 esse,
2090 2723 2255 2779 quam

652 2819 776 2860 eum
798 2804 887 2872 qui
918 2804 1167 2859 excelsus
1206 2813 1291 2858 est
1322 2801 1518 2873 spiritu
1547 2843 1563 2869 ,
1616 2810 1672 2856 et
1701 2816 1845 2856 nunc
1873 2803 2088 2871 signum
2120 2800 2257 2856 insi-

658 2896 880 2967 pientia:
917 2896 1104 2951 dedit:
1154 2900 1281 2967 quia
1309 2896 1557 2967 quamvis
1598 2895 1797 2965 aliquis
1830 2903 2026 2964 potens
2067 2895 2255 2950 existi-

657 3002 841 3047 metur
870 3002 923 3046 et
952 2992 1169 3060 sapiens
1196 3032 1210 3056 ,
1269 2993 1312 3046 si
1341 2990 1633 3046 iracundus
1661 2990 1753 3056 sit,
1783 2989 2046 3061 insipiens
2072 2989 2253 3059 argui-

655 3093 776 3139 tur:
810 3080 904 3137 Ira
927 3085 1118 3154 quippe
1142 3086 1198 3138 in
1226 3086 1344 3138 sinu
1373 3084 1654 3138 stultorum
1682 3083 1976 3154 requiescit.

2396 462 2531 517 tibus
2556 465 2737 532 solem,
2757 468 2878 535 quia
2898 470 3153 537 quomodo
3183 473 3375 528 umbra
3398 477 3741 545 sapientia,
3772 480 3847 532 sic
3867 489 3965 533 mi:

2394 561 2595 629 argenti
2617 577 2636 615 :
2665 563 2871 633 etquod
2897 565 3013 635 plus
3036 578 3141 634 est,
3190 570 3415 625 scientia
3440 574 3758 641 sapientia
3782 578 3957 646 viri/ire

2394 654 2659 709 habentem
2681 673 2754 711 se.
2788 658 3003 729 Majoris
3025 670 3110 716 est
3146 663 3340 731 gloria:
3370 668 3627 736 sapiens
3654 684 3793 725 cum
3820 671 3956 726 diri;-

2391 762 2552 816 quam
2584 756 2794 804 tantum
2822 751 3062 820 sapiens.
3108 754 3213 808 Alii
3245 757 3399 811 enim
3428 759 3746 829 sapientia
3780 762 3951 834 indiget

2391 837 2482 892 alii
2514 841 2708 910 opibus
2730 882 2745 907 ,
2774 852 2829 897 et
2858 844 2949 911 qui
2979 846 3201 914 sapiens
3227 856 3312 902 est
3342 889 3358 915 ,
3391 860 3450 905 et
3484 867 3612 907 non
3646 853 3841 919 dives,
3862 866 3957 925 pote

2389 930 2611 999 quidem
2660 932 2859 989 docere
2887 935 3034 1006 quod
3062 936 3266 993 bonum
3294 950 3402 1005 est,
3454 942 3564 998 sed
3600 945 3887 1001 interdum
3912 966 3953 1000 re

2388 1031 2565 1092 potest
2610 1036 2875 1096 prtestare
2905 1029 3049 1096 quod
3081 1031 3304 1101 petitur.
3362 1034 3436 1088 Et
3468 1035 3707 1094 idcirco
3755 1040 3861 1095 ait:
3888 1042 3965 1108 (tu?

2386 1116 2528 1172 sicut
2553 1119 2743 1174 umbra
2775 1122 3086 1192 sapientiai,
3139 1125 3212 1179 ita
3244 1127 3442 1183 umbra
3472 1134 3784 1201 pecunia,
3840 1135 3884 1189 id
3906 1140 3965 1195 ei

2382 1211 2657 1279 quomodo
2690 1216 2923 1284 protegit
2954 1217 3220 1287 sapientia
3246 1264 3261 1288 ,
3317 1222 3399 1276 sic
3428 1222 3739 1282 interdum
3787 1228 3965 1297 prole;

2383 1311 2438 1357 et
2483 1306 2733 1372 pecunia.
2785 1305 2854 1361 Et
2887 1323 2954 1361 ne
2997 1308 3277 1366 videretur
3324 1316 3627 1385 sapientiae
3668 1320 3943 1377 detraxisse

2382 1394 2509 1449 dum
2538 1413 2656 1451 eam
2690 1396 2916 1455 fortuito
2943 1401 3086 1456 bono
3118 1405 3356 1475 subjecit
3384 1409 3524 1476 (non
3555 1412 3717 1467 enim
3748 1417 3806 1468 in
3831 1428 3965 1479 nostr,

2382 1497 2651 1555 pctestate
2673 1499 2756 1545 est
2785 1490 2988 1547 habere
3014 1492 3264 1562 divitias,
3295 1513 3435 1567 quas
3466 1501 3667 1571 injusti
3700 1520 3858 1575 saepe
3884 1522 3952 1575 pe

2382 1581 2686 1653 possident)
2729 1593 3020 1653 propterea
3073 1588 3338 1656 majorem
3378 1607 3499 1648 esse
3531 1596 3879 1665 sapientiam
3904 1600 3953 1651 ds

2380 1684 2668 1739 monstrat,
2701 1675 2927 1731 dicens:
2972 1678 3040 1732 Et
3088 1682 3318 1752 amplius
3342 1686 3555 1739 scientia
3600 1692 3900 1758 sapientia
3924 1712 3954 1742 [μ

2380 1858 2452 1912 tia
2483 1858 2707 1925 divitiis,
2762 1864 2906 1931 quod
2934 1865 3140 1936 absque
3171 1868 3295 1924 ullis
3321 1870 3499 1941 opibus
3525 1874 3785 1932 viviﬁcat
3829 1894 3947 1934 eun

2375 1951 2463 2021 qui
2488 1965 2547 2005 se
2570 1952 2840 2009 habuerit.

2443 2043 2673 2111 Quidam
2699 2048 2844 2103 hunc
2865 2048 3041 2105 locum
3070 2054 3138 2107 ita
3165 2054 3599 2126 interpretantur
3623 2078 3639 2113 :
3662 2060 3949 2119 llzeredits-

2375 2146 2507 2202 tem,
2542 2140 2833 2209 inquiunt,
2890 2159 2990 2213 pro
3014 2150 3443 2205 conversatione
3478 2152 3622 2207 bona
3655 2157 3866 2223 posuit,
3892 2172 3947 2223 [et

2370 2244 2531 2299 quam
2584 2231 2828 2289 hmredes
2878 2250 3067 2293 sumus
3096 2238 3215 2307 Dei,
3278 2250 3335 2296 et
3377 2242 3719 2301 coha-redes
3761 2247 3945 2303 Christi.

2372 2322 2497 2378 Vult
2523 2324 2690 2394 igitur
2721 2326 3087 2386 Ecclesiastes
3113 2331 3331 2399 docere,
3361 2348 3575 2403 quanto
3605 2338 3941 2401 differentiis,

2367 2420 2456 2487 qui
2479 2420 2649 2474 solem
2673 2433 2953 2478 merentur
2969 2412 3155 2481 videre
3176 2426 3429 2496 justitiae,
3447 2438 3507 2484 et
3539 2433 3764 2488 habent
3779 2438 3942 2503 sapies

2368 2509 2493 2564 tiam
2524 2526 2649 2567 cum
2680 2517 3103 2573 conversatione
3131 2518 3295 2586 bona,
3324 2521 3508 2578 abhis
3537 2525 3646 2594 qui
3671 2527 3941 2598 absquesa-

2365 2608 2591 2676 pientia,
2648 2611 2774 2664 vitae
2817 2618 3025 2666 tantum
3056 2654 3069 2678 ,
3121 2624 3178 2669 et
3232 2619 3692 2675 conversationis
3747 2624 3939 2677 studius

2361 2698 2804 2755 commodarunt.
2839 2702 2991 2769 Quod
3024 2704 3241 2775 quidem
3282 2718 3338 2763 et
3368 2708 3568 2766 Daniel
3597 2716 3868 2781 08tendit,
3888 2716 3939 2769 di-

2359 2804 2489 2846 cens
2516 2808 2528 2843 :
2557 2790 2912 2865 Intelligentes
2939 2814 3201 2853 sermones
3224 2816 3362 2856 meos
3382 2803 3700 2873 fulgebunt,
3747 2819 3803 2860 ut
3836 2808 3938 2860 tum.

2360 2883 2509 2937 naria
2536 2885 2649 2939 caeli
2672 2883 2836 2953 (Dan.
2871 2904 2969 2955 ιιι,
2998 2891 3077 2957 5).
3112 2890 3236 2947 Sive
3267 2902 3326 2947 ut
3351 2892 3678 2952 Theodotio
3712 2900 3937 2971 interpre-

2359 2985 2501 3032 tatus
2527 2988 2648 3033 est:
2680 2980 2846 3048 Quasi
2870 2983 3117 3050 splendor
3142 2984 3479 3054 firmamenti.
3528 2988 3642 3056 Qui
3695 3008 3824 3047 vero
3850 2994 3937 3062 {ect-

2355 3073 2457 3126 rint
2480 3088 2735 3129 sermones
2762 3092 2925 3143 meos,
2956 3078 3107 3149 quasi
3126 3079 3289 3134 stellae
3310 3080 3445 3135 caeli.
3473 3080 3765 3141 Umbram
3794 3097 3937 3143 autem

728 3177 813 3234 Ne
843 3178 1035 3233 dixeris
1057 3194 1075 3231 :
1100 3180 1226 3249 quid
1248 3180 1444 3248 factum
1466 3189 1577 3233 est:
1606 3180 1729 3249 quia
1752 3177 1860 3231 dies
1882 3178 2079 3247 priam
2106 3186 2248 3233 εναηι
2279 3164 2323 3227 C
2355 3166 2589 3237 argenti,
2624 3169 2739 3223 sive
2768 3169 3032 3240 pecuniae,
3065 3171 3213 3228 illam
3241 3173 3542 3229 secundum
3570 3179 3859 3253 ἀναγωγήν
3878 3179 3939 3233 de-

652 3274 926 3339 meliores,
974 3289 1131 3340 quam
1158 3274 1244 3327 isti
1269 3291 1289 3340 ,°
1339 3289 1441 3327 non
1470 3274 1607 3327 enim
1634 3275 1895 3342 sapienter
1920 3273 2251 3343 interrogasti

653 3366 717 3421 de
743 3367 861 3422 hoc.
904 3364 984 3421 Ne
1014 3374 1167 3420 vetus
1200 3365 1460 3419 saeculum
1496 3367 1750 3434 praesenti
1781 3365 2042 3436 praeferas
2067 3408 2083 3430 ,
2124 3366 2249 3435 quia

652 3474 792 3515 unus
842 3459 1124 3529 utriusque
1174 3466 1259 3513 est
1298 3457 1551 3513 conditor
1578 3457 1744 3513 Deus.
1790 3457 2033 3513 Virtutes
2076 3458 2248 3513 bonos

648 3552 767 3608 dies
792 3552 998 3607 viventi
1030 3552 1256 3618 faciunt,
1278 3551 1429 3615 vitia,
1464 3550 1659 3605 malos.
1685 3550 1765 3605 Ne
1793 3550 1943 3605 dicas
1973 3565 2106 3621 ergo
2134 3564 2248 3605 me-

651 3646 819 3701 liores
855 3644 1025 3700 fuisse
1068 3644 1186 3699 dies
1211 3644 1315 3700 sub
1342 3643 1549 3716 Moyse,
1596 3654 1650 3699 et
1676 3644 1779 3699 sub
1807 3642 2049 3710 Christo,
2080 3658 2242 3714 quam

647 3738 811 3794 modo
833 3748 984 3793 sunt.
1023 3736 1158 3792 Nam
1188 3746 1243 3792 et
1268 3736 1363 3792 illo
1387 3746 1633 3807 tempore
1666 3737 1850 3806 plures
1896 3735 2118 3790 fuerunt
2164 3737 2245 3790 in-

644 3831 877 3898 creduli,
905 3840 961 3887 et
988 3829 1111 3886 dies
1134 3844 1327 3885 eorum
1368 3830 1495 3885 mali
1520 3828 1823 3895 facti‘sunt,
1875 3838 1930 3885 et
1961 3844 2105 3884 nunc
2126 3844 2244 3884 cre-

644 3923 842 3980 dentes
891 3922 1045 3978 multi
1094 3922 1467 3993 reperiuntur,
1509 3922 1578 3978 tle
1604 3924 1801 3993 quibus
1849 3923 1926 3976 ait
1954 3921 2239 3977 Salvator:

643 4017 910 4075 Beatiores
933 4018 1022 4088 qui
1051 4034 1155 4072 non
1184 4017 1444 4084 uiderunt;
1492 4026 1540 4072 et
1571 4016 1900 4073 crediderunt
1930 4015 2112 4089 (Joan.
2144 4032 2238 4084 xx,

638 4112 757 4184 29).
786 4114 991 4169 Aliter:
1022 4112 1114 4170 Sic
1140 4111 1310 4168 debes
1336 4112 1525 4168 vivere
1544 4153 1558 4178 ,
1608 4120 1667 4166 ut
1698 4126 1917 4182 semper
1941 4120 2241 4181 prazsentes

639 4205 758 4261 dies
786 4206 1042 4261 meliores
1070 4205 1167 4260 tibi
1199 4204 1328 4272 sint,
1353 4220 1515 4275 quam
1540 4206 1826 4275 prmteriti,
1862 4219 1930 4259 ne
1957 4218 2080 4259 cum
2111 4220 2240 4273 pau-

640 4299 792 4355 latim
821 4301 1140 4356 decrescere
1157 4300 1410 4369 cmperis,
1437 4300 1648 4357 dicatur
1667 4300 1759 4354 tibi
1779 4319 1792 4355 :
1809 4298 1975 4372 m
1988 4298 2239 4354 Curreba-

638 4392 702 4447 tis
733 4394 881 4457 bene,
926 4394 1040 4463 quis
1066 4409 1153 4447 uos
1182 4393 1445 4465 impedivit
1492 4392 1695 4445 veritati
1718 4408 1821 4453 non
1852 4391 2058 4445 obedire
2088 4390 2232 4463 (Gal.

638 4498 693 4551 ν,
718 4484 811 4554 7)?
839 4484 907 4539 Et
934 4485 1165 4538 iterum:
1193 4484 1219 4537 1
1229 4485 1511 4552 ncipientes
1534 4484 1749 4554 spiritu,
1780 4498 1916 4537 nunc
1938 4499 2093 4537 carne
2113 4500 2233 4537 con-

2356 3259 2548 3315 bemus
2578 3265 2827 3333 accipere
2852 3306 2867 3331 ,
2920 3263 2988 3319 de
3014 3279 3117 3335 qua
3153 3264 3352 3322 talenta
3376 3276 3433 3321 et
3466 3265 3484 3303 ί
3517 3270 3692 3325 min-.e
3728 3272 3783 3326 in
3819 3288 3939 3343 parr

2354 3351 2491 3407 bolis
2530 3354 2804 3425 Evangelii
2851 3356 3186 3427 colliguntur
3214 3358 3434 3431 (Matth.
3473 3376 3620 3427 xxv,
3656 3362 3801 3421 Luc.
3826 3382 3933 3420 xm

2351 3445 2591 3520 υιαι
2624 3464 2747 3504 cum
2786 3448 3049 3505 fuerimus
3078 3452 3179 3507 sub
3202 3454 3395 3507 umbra
3428 3455 3755 3525 sapientiae,
3789 3474 3844 3516 et
3868 3462 3933 3514 sui

2351 3540 2541 3595 umbra
2574 3541 2700 3596 talis
2725 3542 2937 3613 argenti
2964 3561 2978 3597 :
3022 3542 3127 3597 Per
3156 3545 3293 3599 diem
3316 3546 3397 3600 sol
3428 3563 3533 3601 non
3560 3560 3688 3603 urat
3722 3570 3841 3621 nos,
3874 3569 3934 3604 nt-

2347 3650 2446 3705 que
2472 3635 2599 3687 luna
2623 3652 2713 3707 per
2741 3647 2941 3691 noctem
2973 3637 3148 3709 (Psal.
3172 3640 3332 3709 cxx).
3369 3640 3477 3696 Sed
3503 3651 3562 3697 et
3594 3645 3705 3701 hoc
3730 3648 3840 3702 dici
3870 3664 3935 3717 po-

2347 3733 2472 3793 test,
2516 3728 2638 3797 quia
2671 3728 2863 3784 umbra
2894 3740 2981 3785 est
3019 3730 3131 3785 vita
3165 3744 3349 3788 nosua
3399 3748 3568 3805 super
3601 3747 3847 3795 terram:
3881 3739 3926 3793 Et

2344 3822 2556 3893 spiritus
2578 3826 2753 3878 rullus
2784 3826 2947 3879 nostri
2993 3825 3227 3882 Christus
3273 3826 3529 3884 Dominus
3570 3835 3663 3886 cui
3693 3836 3931 3889 diximus;
3960 3822 3961 3871 ἶ

2347 3913 2412 3968 In
2440 3916 2620 3971 umbra
2664 3920 2778 3989 ejus
2821 3919 3046 3973 vivemus
3096 3921 3149 3973 in
3178 3921 3412 3991 gentibus
3466 3922 3697 3994 (Thren.
3735 3943 3812 3995 tv,
3840 3929 3929 3997 21η.

2342 4013 2533 4069 Omnis
2581 4026 2765 4069 nostra
2816 4015 2868 4070 in
2903 4016 3001 4071 hac
3036 4026 3180 4071 terra
3210 4019 3478 4087 protectio
3530 4021 3713 4078 instar
3748 4026 3930 4080 umbra:

2342 4115 2447 4171 est,
2502 4107 2616 4162 sive
2650 4108 2954 4177 sapientia),
3005 4110 3123 4165 sive
3153 4109 3453 4179 supradicti
3497 4117 3739 4184 argenti.
3774 4117 3929 4171 donet

2340 4199 2546 4268 aspiret
2595 4199 2739 4267 dies,
2778 4210 2833 4255 et
2881 4210 3239 4258 amoveantur
3277 4204 3511 4260 umbras.
3570 4206 3927 4276 Symmachus

2340 4307 2493 4348 more
2520 4308 2621 4349 suo
2649 4294 2818 4349 etiam
2851 4294 2903 4350 in
2957 4297 3059 4349 hoc
3086 4295 3209 4351 loco
3238 4298 3578 4353 manifestius
3605 4299 3932 4370 interprets-

2339 4394 2427 4443 tus
2449 4396 2550 4451 est,
2582 4388 2768 4443 dicens
2794 4405 2808 4441 :
2839 4388 3110 4455 Quomodo
3145 4392 3364 4463 protegit
3395 4392 3661 4462 sapientia,
3692 4391 3929 4447 similim

2341 4482 2560 4553 protegit
2588 4482 2828 4551 pecunia.
2861 4481 3108 4551 Sequens
3154 4491 3339 4537 autem
3379 4483 3687 4539 versiculus
3722 4490 3924 4558 perSpi-

636 4576 972 4632 summamini
1020 4575 1183 4646 (lbid.
1217 4592 1297 4639 ιιι,
1325 4577 1404 4645 3).
1438 4576 1643 4632 Aliter:
1696 4574 1773 4630 Ne
1812 4574 1964 4629 dicas
2006 4576 2229 4630 meliora
2260 4560 2314 4622 D
2338 4589 2438 4631 cue
2465 4575 2531 4629 ad
2562 4575 2799 4630 studium
2831 4576 3079 4630 scientia:
3099 4575 3443 4632 cohortatur.

632 4678 881 4740 tempora
912 4677 936 4705 °
967 4668 1099 4723 olim
1150 4667 1342 4740 Moysi,
1383 4682 1545 4736 quam
1601 4682 1743 4722 nunc
1767 4666 2008 4734 Christi,
2068 4667 2227 4739 Legis

626 4764 818 4832 fuisse,
848 4778 1009 4835 quam
1039 4760 1266 4819 Gratiae.
1299 4762 1356 4819 Si
1385 4762 1530 4818 enim
1559 4761 1663 4818 hoc
1687 4760 1925 4817 volueris
1953 4777 2225 4832 quaerere,

628 4859 1005 4930 imprudenter
1053 4857 1219 4925 facis,
1278 4874 1385 4913 non
1443 4857 1677 4923 videns,
1737 4866 1998 4927 quantum
2057 4857 2224 4913 distet

626 4948 982 5021 Evangelium
1011 4966 1039 5004 a
1069 4950 1242 5007 veteri
1267 4948 1645 5007 Testamento.

699 5074 725 5138 ει
759 5064 927 5129 Quam
950 5068 1284 5138 principium,
1343 5075 1389 5119 et
1426 5066 1704 5134 patientem
1740 5082 1869 5121 esse.
1910 5066 2040 5121 Mss.
2065 5064 2223 5138 iCor-

624 5134 877 5192 beienses
902 5154 915 5189 :
950 5134 1017 5190 Et
1056 5134 1341 5206 sapientem
1372 5152 1502 5203 esse,
1533 5153 1687 5205 quam
1709 5139 2021 5205 insipientia:
2046 5137 2223 5207 furore

620 5207 843 5278 raptari.
884 5209 948 5262 Et
980 5219 1102 5277 post
1144 5222 1314 5277 pauca
1348 5226 1362 5262 :
1409 5208 1629 5263 Nullam
1678 5212 1729 5263 in
1780 5209 2073 5264 hominibus
2114 5226 2223 5263 esse

621 5280 947 5350 patientiam.
964 5278 1117 5347 Quod
1142 5292 1431 5350 utrumque
1457 5280 1824 5336 certissimum
1847 5294 1950 5350 est,
1970 5282 2116 5336 nulla
2140 5290 2225 5335 est

622 5349 938 5424 enimapud
964 5352 1212 5408 homines
1252 5349 1426 5423 neque
1470 5352 1751 5424 patientia,
1784 5368 1961 5422 neque
1998 5353 2217 5423 sapien-

620 5419 692 5475 tia
704 5463 717 5475 .
750 5420 1015 5478 Maurum.

692 5490 719 5530 δ
744 5493 918 5565 Penes
942 5495 1153 5551 Alcuin.
1190 5495 1325 5548 iram
1350 5496 1599 5565 patientia
1624 5512 1735 5549 esse
1764 5494 2066 5565 tollendam.

692 5574 713 5601 ε
746 5563 865 5618 Duo
893 5567 1054 5623 codd.
1099 5566 1333 5622 Palatin.
1352 5563 1419 5622 et
1448 5566 1619 5621 Vatic.
1652 5565 1857 5619 videtur
1895 5564 2017 5618 mihi
2048 5564 2095 5618 ei
2122 5566 2211 5634 qui

618 5650 780 5691 nunc.
812 5644 919 5691 etc.

684 5702 713 5739 δ
745 5676 859 5777 Duo
890 5723 1049 5777 mss.,
1078 5708 1350 5777 quodcum
1372 5706 1602 5777 fureris:
1630 5724 1754 5763 mox
1786 5706 2058 5761 Palatinus
2087 5720 2208 5761 cum

609 5770 743 5825 olim
769 5773 932 5831 editis
985 5770 1193 5843 facilius
1230 5770 1464 5835 sedatam
1508 5780 1672 5852 possit
1696 5778 1924 5849 auferre.
1960 5777 2204 5834 Vatican.

2414 4666 2545 4721 Vide
2601 4682 2758 4739 opera
2806 4666 2943 4731 Dei,
2985 4669 3232 4738 quoniam
3281 4669 3397 4739 quis
3447 4672 3638 4739 poterit
3686 4674 3923 4728 adornari:

2329 4779 2481 4834 quem
2497 4760 2633 4815 Deus
2653 4770 2678 4809 8
2700 4759 2949 4831 pervertit
2973 4762 3084 4817 ?Et
3114 4762 3169 4817 in
3198 4766 3301 4819 hoc
3323 4764 3449 4820 loco
3472 4765 3546 4821 ita
3577 4765 3924 4841 Symmachus

2327 4854 2602 4911 transtulit
2632 4873 2643 4908 :
2680 4853 2835 4909 Disce
2858 4872 3016 4927 Opera
3058 4854 3177 4920 Dei,
3201 4858 3325 4927 quia
3360 4875 3511 4913 nemo
3542 4867 3734 4929 poterit
3774 4863 3920 4917 corri-

2320 4963 2457 5017 gere,
2481 4947 2619 5017 quod
2650 4945 2740 5001 ille
2764 4947 3048 5015 imminuit,
3084 4947 3140 5004 id
3163 4958 3272 5015 est,
3296 4948 3541 5007 sufficiat
3566 4952 3679 5025 [Αι.
3711 4951 3921 5023 sufﬁcit]

2333 5065 2560 5136 sedatior
2586 5066 2777 5136 possit,
2804 5071 2913 5119 etc.

2408 5134 2660 5217 {Vaticq
2710 5146 2939 5217 tempora
2968 5137 3123 5217 olim,
3159 5154 3323 5217 quam
3348 5158 3521 5207 nunc;
3553 5142 3759 5215 Moysi,
3787 5161 3921 5217 quam

2334 5206 2554 5282 Christi,
2582 5218 2688 5282 etc.
2710 5206 2909 5272 Palat.,
2934 5209 3061 5282 alim
3088 5206 3189 5264 sub
3211 5210 3415 5282 Moyse,
3440 5229 3628 5282 quam,
3650 5206 3767 5271 Etc'.

2408 5276 2426 5315 ί
2463 5277 2723 5349 ιζθὴιιὶιιη
2756 5288 2805 5333 et
2826 5296 2991 5333 omna:
3016 5281 3070 5333 in
3094 5276 3379 5349 parabolis.

2403 5347 2542 5428 —-F_It
2564 5349 2716 5428 mina:
2735 5349 2789 5428 in
2806 5350 3074 5428 parabolis
3085 5347 3363 5428 ﬁt'angelii
3384 5356 3736 5428 colliguntur.
3761 5359 3919 5415 Minui

2330 5420 2728 5495 bcnelegimus
2757 5423 2810 5495 in
2838 5432 2995 5476 antea
3012 5420 3363 5493 editislibris,
3380 5428 3434 5481 in
3461 5420 3737 5495 parabolis
3763 5429 3918 5487 Eran-

2318 5493 2441 5562 gelii
2473 5492 2735 5563 leguntur.
2764 5490 3036 5547 Maurum.

2393 5572 2419 5611 ε
2448 5563 2528 5646 ita
2576 5572 2633 5618 et
2660 5579 2793 5646 :nss.
2847 5572 2913 5646 et
2951 5563 3179 5646 vulgati,
3203 5574 3256 5621 et
3300 5567 3657 5646 Martianteus
3704 5574 3829 5646 ipse
3854 5589 3919 5629 se

2317 5635 2512 5718 eundis
2558 5636 2706 5691 curis
2761 5635 3053 5705 restituit,
3098 5651 3221 5693 cum
3275 5650 3438 5696 antea
3464 5641 3705 5713 legisset
3729 5635 3919 5718 ’ρεταο

2320 5708 2457 5761 terit.
