4010 6316
59 261 219 324 ’1069

1120 254 1659 320 COMMENTARIUS
1696 257 1762 318 ΙΝ
1802 259 2339 326 ECGLESIASTEN.

3229 280 3367 340 £010

153 375 422 447 Sapientia
455 377 768 450 cottfortabit
803 364 1085 450 sapientem
1111 386 1160 443 ι,
1196 393 1351 446 super
1379 376 1551 433 decem
1579 393 1672 449 ρο·
1697 378 1748 441 Α
1777 397 1884 437 non
1905 384 2114 452 audire,
2147 401 2251 441 nec
2271 387 2546 444 cttriosam
2579 402 2768 447 aurem
2799 405 3103 463 apponere,
3137 396 3270 468 quid
3305 398 3374 455 de

87 477 316 525 testatem
358 469 625 538 habentes,
663 471 752 541 qni
776 477 894 524 sunt
922 470 976 523 in
1023 469 1419 540 ciuitatuquia
1459 486 1562 524 non
1601 480 1678 525 est

79 563 234 617 homo
246 565 428 633 justus
453 565 507 618 in
537 572 699 629 terra,
719 563 808 634 qui
839 563 997 634 faciat
1025 562 1239 631 bonum,
1261 572 1308 620 et
1337 579 1440 617 non
1474 574 1668 634 peccet.

77 654 376 725 Propterea
423 655 687 724 sapientia
735 653 1009 712 confortat
1054 655 1283 722 justum,
1337 662 1391 710 et
1434 655 1675 709 omnium

76 746 381 818 principum
429 747 669 804 civitatis
716 761 882 816 super
933 762 1056 801 eum
1117 745 1340 802 excedit
1387 747 1675 812 auxilium,

78 837 203 908 quia
235 838 483 906 quamvis
528 835 726 908 aliquis
752 835 1056 910 justus'sit,
1091 846 1270 894 tamen
1315 837 1443 893 dum
1488 838 1542 893 in
1578 838 1679 893 hac

77 945 236 986 carne
282 939 364 986 est
424 931 778 997 constitutus,
842 930 1127 1001 subjectus
1175 940 1261 986 est
1313 931 1460 988 vitiis
1515 938 1680 1001 atque

76 1024 332 1097 peccatis,
365 1033 420 1080 et
443 1024 652 1095 majore
684 1024 941 1095 praesidio
973 1025 1196 1096 indiget.
1229 1025 1404 1081 Aliter
1433 1043 1448 1081 :
1477 1025 1675 1080 Decem

74 1115 167 1188 qui
192 1123 512 1186 potestatem
544 1117 774 1182 habent,
801 1128 855 1174 et
887 1117 941 1173 in
975 1116 1114 1173 urbe
1136 1118 1464 1184 consistunt,
1492 1117 1670 1188 angeli

74 1217 217 1271 Sunt,
249 1207 341 1278 qui
381 1207 445 1262 ad
478 1206 776 1280 perfectum
818 1223 1106 1264 numerum
1157 1223 1467 1278 pervenere
1509 1207 1673 1262 dena-

74 1301 236 1370 rium,
285 1310 340 1357 et
379 1302 710 1360 auxiliantur
766 1302 1004 1357 humano
1047 1300 1254 1372 generi.
1304 1300 1411 1356 Sed
1458 1299 1501 1355 si
1552 1301 1677 1371 quis

70 1395 383 1456 consideret
411 1397 593 1452 omnia
640 1395 865 1463 auxilia,
917 1395 1093 1466 majus
1142 1405 1227 1451 est
1273 1395 1536 1451 auxilium
1586 1407 1676 1451 sa-

71 1489 315 1562 pientite,
343 1489 392 1544 id
413 1497 515 1556 est,
545 1488 756 1548 Domini
783 1489 951 1543 nostri
976 1489 1106 1546 Jesu
1124 1488 1350 1543 Christi.
1380 1488 1674 1557 Postquam

72 1579 218 1636 enim
248 1580 499 1636 dixerunt
529 1581 705 1650 angeli
741 1597 754 1634 :
787 1578 1094 1636 Curarimus
1119 1578 1459 1656 Babylonem,
1489 1590 1538 1634 et
1568 1595 1671 1634 non

73 1681 145 1728 est
177 1681 381 1740 curata,
405 1672 756 1744 relinquamus
789 1689 924 1741 eam,
960 1681 1005 1727 et
1043 1672 1189 1727 abeat
1228 1673 1582 1744 unusquisque
1612 1671 1665 1726 in

1779 489 1839 531 se
1890 476 2142 546 loquatur
2173 477 2445 536 absente:
2489 481 2535 536 si
2590 482 2734 537 enim
2768 484 2870 540 hoc
2909 485 3122 554 fecerit,
3153 503 3375 558 semper

1779 566 1834 622 in
1869 569 2230 625 tribulatione
2267 571 2397 638 erit,
2423 581 2478 628 et
2505 572 2572 628 ad
2617 575 3053 632 mussitationem
3085 582 3232 634 servi
3267 582 3376 635 ira-

1779 659 1976 716 cundia
2008 665 2476 730 commovebitur;
2508 664 2587 722 sic
2617 675 2674 722 et
2703 668 2972 740 sapientis
3000 669 3239 726 hominis
3267 680 3375 737 est,

1777 750 2103 818 sapientiam
2134 754 2388 820 prtcviam
2412 755 2590 824 sequi,
2621 767 2673 812 et
2700 773 2869 814 vanos
2897 776 3004 816 non
3027 762 3377 819 considerare

1781 857 2055 900 rumores.
2090 844 2197 902 Sed
2230 855 2284 902 et
2315 846 2424 902 alio
2453 849 2708 918 exemplo
2756 849 2918 906 docet
2981 855 3206 922 penitus
3267 871 3375 911 non

1781 935 2085 994 curandum
2113 937 2262 1009 justo
2307 938 2538 1007 homini,
2583 941 2713 1011 quid
2760 939 3011 999 homines
3061 944 3376 1013 loquantur,

1780 1030 1969 1088 dicens
1997 1048 2009 1085 :
2042 1030 2331 1098 Quomodo
2362 1032 2513 1090 novit
2539 1036 2877 1093 conscientia
2908 1044 3018 1098 tua,
3047 1036 3191 1108 quod
3225 1049 3279 1091 tu
3308 1038 3377 1094 de

1779 1123 1966 1179 multis
2009 1124 2223 1182 locutus
2267 1140 2350 1190 es,
2383 1133 2439 1181 et
2471 1141 2616 1198 saepe
2665 1127 2786 1183 aliis
2833 1127 3122 1184 detraxisti
3157 1131 3274 1185 :sic
3321 1143 3377 1186 et

1781 1213 1904 1271 aliis
1932 1214 2099 1270 debes
2131 1216 2419 1286 ignoscere
2445 1218 2886 1275 detrahentibus.
2919 1220 2986 1274 Et
3009 1222 3166 1277 simul
3195 1222 3375 1288 docet,

1781 1321 1891 1360 non
1914 1304 2076 1362 facile
2097 1307 2478 1377 jutlicandum,
2502 1320 2555 1366 et
2582 1320 2604 1349 θ
2629 1310 2848 1366 habenti
2879 1312 3088 1370 trabem
3116 1314 3167 1368 in
3195 1317 3377 1380 oculo,

1778 1396 1847 1454 de
1879 1396 2084 1454 festuca
2107 1399 2341 1456 alterius
2365 1417 2472 1457 non
2501 1403 2857 1472 loquendum.

1853 1491 2043 1545 Omnia
2090 1492 2198 1547 ha’c
2227 1495 2418 1547 tentari
2459 1495 2512 1547 in
2546 1495 2827 1561 sapientia,
2877 1505 2926 1548 et
2977 1493 3088 1551 dixi
3112 1497 3379 1564 :Sapiens

1777 1587 2003 1657 efﬁciar,
2051 1596 2095 1642 et
2127 1587 2242 1658 ipsa
2273 1589 2484 1660 longius
2533 1589 2673 1659 {acta
2696 1599 2770 1646 est
2810 1608 2841 1644 a
2882 1607 2982 1658 me,
3016 1593 3178 1664 magis
3221 1610 3378 1664 quam

1777 1689 1888 1736 erat
1921 1700 1940 1736 :
1968 1689 2014 1736 et
2036 1681 2144 1736 alta
2175 1683 2528 1753 profunditas,
2557 1684 2672 1754 quis
2694 1683 2914 1740 inveniet
2942 1686 3098 1740 eam?
3127 1687 3266 1742 Dicit
3288 1703 3371 1752 se,

73 1772 262 1820 terram
305 1781 448 1818 suam
492 1762 722 1836 (Jerem.
756 1781 829 1832 u,
859 1764 953 1834 8),
983 1773 1113 1820 tunc
1145 1766 1403 1834 magister
1434 1763 1675 1820 medico-
1705 1784 1754 1846 Β
1783 1782 1842 1830 ιιι
1894 1773 2208 1846 Regnorum
2257 1790 2475 1846 quoque
2517 1783 2786 1832 testantur
2832 1777 2956 1833 libri
2985 1777 3085 1851 (ΙΙΙ
3118 1779 3246 1848 Reg.
3295 1797 3376 1844 tu.

72 1872 190 1918 rum
223 1857 341 1928 ipse
373 1857 683 1924 descendit,
731 1868 786 1914 et
817 1873 1103 1929 respersos
1135 1873 1233 1913 nos
1282 1859 1570 1930 sanguine,
1620 1868 1675 1912 et

73 1960 416 2023 peccatorum
467 1952 752 2006 madentes
800 1966 996 2006 cruore
1024 1951 1116 2022 qui
1165 1965 1378 2006 omnem
1420 1950 1677 2005 substan-

71 2042 197 2098 tiam
228 2054 476 2098 nostram
517 2041 957 2113 expenderamns
996 2043 1050 2097 in
1080 2042 1346 2108 medicos,
1380 2053 1522 2098 tactu
1556 2043 1678 2100 lim-

71 2135 203 2192 brize
252 2153 366 2191 suze
396 2137 604 2191 sanavit
636 2134 808 2206 (Luc.
840 2134 993 2207 vui).
1049 2136 1275 2192 Sanavit
1302 2147 1483 2191 autem
1515 2136 1566 2190 in
1599 2135 1676 2191 ci-

73 2229 269 2295 vitate,
321 2227 428 2284 hoc
476 2237 578 2296 est,
626 2229 682 2283 in
731 2228 934 2283 mundo
977 2229 1105 2298 isto,
1163 2239 1217 2284 el
1265 2227 1293 2267 δ
1345 2229 1677 2286 confortavit

71 2323 403 2392 sapientem,
419 2325 551 2389 sive,
572 2324 999 2395 utSeptuaginta
1016 2325 1438 2389 transtulerunt,
1453 2323 1672 2390 adiuvit.

72 2414 226 2470 Omni
277 2416 424 2472 enim
459 2417 548 2488 qui
583 2416 768 2482 habet,
815 2417 1032 2471 dabitur
1062 2417 1135 2482 ei,
1181 2425 1238 2472 et
1267 2416 1560 2488 adjicielur
1602 2415 1672 2469 ei.

70 2507 201 2575 Quia
233 2519 417 2563 autem
455 2509 688 2579 indiguit
722 2510 888 2563 homo
943 2511 1154 2578 positus
1204 2510 1256 2562 in
1308 2511 1568 2576 peccatis,
1621 2517 1678 2564 et

74 2595 266 2653 infixus
317 2601 374 2654 in
428 2600 560 2654 limo
604 2599 880 2669 profundi,
933 2603 1142 2670 majore
1173 2602 1412 2666 auxilio;
1472 2601 1676 2656 idcirco

75 2694 218 2745 venit
261 2692 378 2762 ipsa
412 2691 712 2762 Sapientia.
761 2692 940 2747 Aliter
969 2711 981 2747 :
1009 2695 1186 2763 Supra
1229 2693 1464 2758 dixerat,
1494 2702 1546 2747 et
1579 2691 1676 2746 do-

76 2783 310 2838 mesticis
355 2793 415 2839 et
457 2784 655 2839 alienis
713 2783 851 2840 bene
898 2800 1019 2840 esse
1070 2782 1403 2840 faciendum.
1458 2784 1678 2838 Poterat

77 2871 184 2946 [ΑΙ.
216 2875 466 2950 Poterit]
495 2893 625 2947 ergo
664 2877 864 2951 aliquis
901 2877 1235 2947 respondere
1266 2896 1278 2932 :
1314 2877 1371 2934 Si
1418 2877 1674 2933 omnibus

75 2963 398 3025 benefacere
443 2970 696 3036 voluero,
747 2987 855 3026 non
901 2971 1078 3027 habeo
1124 2971 1266 3027 unde
1313 2972 1528 3026 faciam.
1563 2971 1674 3026 Nec

74 3069 250 3130 potest
291 3065 482 3134 justus
534 3072 715 3118 tantas
773 3065 981 3122 habere
1029 3065 1273 3130 divitias,
1324 3081 1447 3136 qua:
1498 3066 1675 3121 solent

71 3154 236 3224 magis
267 3157 658 3225 peccatoribus
701 3157 1020 3222 abundare;
1058 3165 1345 3230 prOpterea
1379 3173 1523 3212 nunc
1562 3158 1666 3213 ait:
1696 3192 1745 3256 ο

71 3244 212 3314 Quos
258 3263 367 3304 non
409 3261 564 3319 p0tes
598 3260 620 3288 ο
645 3265 726 3316 re,
767 3250 1006 3305 consilio
1050 3249 1270 3320 adjuva,
1301 3250 1500 3305 solatio
1529 3249 1669 3305 fove.

70 3338 198 3396 Plus
242 3346 394 3398 enim
455 3353 633 3414 potest
679 3344 732 3398 in
764 3344 1013 3414 angustia
1071 3346 1367 3399 constituto
1414 3355 1674 3415 praestare

66 3434 352 3503 sapientia,
415 3451 573 3506 quam
615 3436 877 3507 qumlihet
938 3438 1186 3491 tnaximte
1238 3446 1555 3507 pmestates.
1607 3438 1673 3491 Et

63 3521 164 3580 hoc
193 3526 364 3596 ipsum
429 3542 549 3584 cum
585 3530 873 3599 prudentia
929 3529 1116 3584 facito.
1170 3529 1408 3586 Grandis
1462 3532 1668 3602 quippe

61 3613 191 3673 libra
209 3619 386 3691 justiti
411 3636 457 3676 te
488 3632 591 3686 est,
626 3633 676 3678 et
701 3623 810 3689 cui,
842 3631 896 3678 et
918 3633 1204 3694 quantum,
1227 3619 1673 3696 Metquam-

61 3708 167 3777 diu,
199 3722 256 3769 et
275 3716 447 3787 quale
473 3716 562 3772 vel
596 3716 647 3771 in
675 3732 754 3783 re,
794 3717 883 3772 vel
914 3717 966 3771 in
993 3717 1224 3773 consilio
1256 3719 1518 3774 tribuere.

137 3799 200 3858 Et
222 3809 439 3878 quidem
468 3809 523 3862 in
551 3826 726 3864 omnes
754 3826 1037 3876 sermones,
1069 3827 1198 3884 quos
1220 3807 1246 3847 ά
1275 3809 1572 3882 loquentur,
1607 3829 1670 3868 ne

66 3899 266 3964 dederis
295 3920 386 3959 cor
417 3913 569 3960 tuum
589 3921 607 3958 :
627 3905 750 3975 quia
776 3921 876 3958 non
908 3904 1090 3958 audies
1117 3920 1317 3970 servum
1343 3915 1486 3960 tuum
1509 3904 1668 3961 ntale-

65 3993 314 4050 dicentem
364 3999 486 4055 tibi.
516 3996 728 4052 Etenim
756 4001 1048 4070 frequenter
1093 3999 1187 4052 scit
1216 4014 1307 4053 cor
1337 3985 1501 4062 tuum,
1545 4000 1667 4071 quia

64 4097 108 4141 et
149 4099 203 4144 tu
249 4078 577 4148 maledixisti
627 4092 768 4147 aliis.
821 4092 929 4148 Fac
959 4109 1078 4162 qua:
1118 4099 1389 4163 prtecepta
1439 4100 1585 4158 sunt,
1617 4100 1672 4148 et

64 4183 346 4251 sapientia:
393 4185 608 4242 auxilio
657 4185 1017 4253 confortatus,
1068 4187 1152 4242 vel
1188 4187 1255 4242 ad
1285 4187 1447 4252 bona,
1482 4187 1567 4242 vel
1599 4187 1665 4241 ad

61 4271 198 4332 mala
251 4295 511 4352 praepara
542 4295 638 4335 cor
669 4289 843 4348 tuum,
894 4289 948 4336 et
977 4297 1084 4336 non
1119 4295 1302 4344 cures,
1351 4281 1480 4351 quid
1512 4279 1581 4336 de
1615 4290 1665 4335 te

63 4367 350 4438 loquantur
383 4372 618 4438 inimici,
663 4373 840 4444 qualis
883 4373 1017 4428 foris
1051 4371 1235 4442 opinio
1255 4372 1344 4427 sit.
1379 4371 1666 4440 Quomodo

61 4463 201 4518 cnim
253 4467 551 4536 prudentis
601 4466 702 4521 viri
749 4475 856 4530 est,
907 4473 1341 4522 murmurantem
1401 4463 1661 4520 famulum

132 4609 157 4636 ⁸
187 4600 463 4682 sapientia
501 4601 1137 4682 con[ortdbit_sapiettletrt.
1157 4598 1294 4682 dies.
1314 4597 1521 4682 aliquot
1543 4614 1666 4654 con-
1693 4601 1748 4666 Ι)

62 4669 290 4738 Ῑονιαυῦῐ,
319 4679 373 4728 in
401 4677 702 4741 praeterito.
719 4673 824 4727 Sed
849 4669 1130 4728 retinenda
1157 4672 1313 4726 lectio
1335 4672 1520 4734 futuri,
1545 4688 1668 4725 con-

63 4742 292 4808 [τωρωι.
321 4749 450 4816 quia
487 4748 568 4802 sic
597 4747 796 4816 legitur
835 4745 886 4798 in
921 4745 1151 4799 Hebraeo
1186 4743 1352 4797 lonte.
1389 4741 1662 4797 MARTIAN.

133 4833 158 4871 ι)
187 4835 389 4903 Vatic.,
420 4835 734 4908 confortabit
764 4851 1033 4908 {moxque
1061 4851 1181 4908 cum
1213 4833 1482 4900 Palatino,
1510 4835 1665 4907 adju-

59 4911 162 4980 vat,
220 4922 320 4980 pro
371 4906 607 4980 adjuvit.
649 4906 790 4962 LXX
842 4921 1047 4974 autem,
1095 4907 1532 4980 ﬁonbﬁau._qttttd
1575 4906 1660 4962 est

61 4977 351 5100 qdjuvabit,
393 4977 453 5036 in
506 4979 786 5036 hodiernis
832 4981 1026 5034 saltem
1069 4977 1474 5049 exemplaribus
1518 4992 1658 5048 pra:-

87 5061 263 5100 erant.

87 5061 263 5105 erunt.

138 5127 160 5156 ο
201 5119 351 5176 Idem
383 5121 588 5189 Vatic.,
642 5138 768 5189 quos
791 5138 892 5175 non
919 5129 1060 5190 potes
1089 5135 1264 5190 regere
1299 5120 1538 5184 consilia,
1572 5119 1664 5174 ad.

56 5191 183 5264 juua
228 5194 444 5248 solatio.
494 5193 724 5248 l’alatin.
758 5196 911 5259 alter,
951 5209 1078 5264 quos
1123 5209 1222 5246 non
1257 5203 1399 5264 potes
1443 5191 1665 5246 consilio

64 5264 330 5333 adjuvare,
364 5266 554 5318 solatio
594 5269 726 5336 fatue,
756 5272 862 5320 etc.

133 5360 201 5407 τε
233 5336 374 5400 Quos
416 5353 518 5407 non
551 5334 694 5407 potes
737 5353 812 5398 re,
855 5345 959 5407 etc.
995 5334 1159 5396 Editl,
1190 5351 1317 5406 quas
1371 5350 1472 5407 non
1510 5343 1652 5407 potes

69 5403 264 5472 apibus,
299 5400 516 5460 consilio
542 5400 754 5478 adjuva,
785 5415 889 5461 etc.
915 5406 1077 5461 Iidem
1108 5400 1266 5467 intra,
1294 5422 1421 5476 quos
1443 5400 1653 5478 laqueti-7

68 5481 150 5544 tur
172 5478 338 5544 impii,
368 5495 433 5531 ne
448 5477 654 5533 dederis
682 5496 737 5532 os
767 5490 931 5542 tuum,
964 5490 1018 5530 ut
1045 5495 1147 5532 non
1169 5477 1379 5540 audias,
1403 5483 1508 5530 etc.
1543 5477 1651 5533 Sed

71 5541 190 5619 haec
205 5541 394 5619 omnia
429 5549 691 5619 mendose
713 5541 981 5619 leguntur.
1273 5549 1542 5603 Murum.

141 5613 168 5693 (ἦ
204 5617 319 5693 Duo
344 5617 600 5688 Palatini,
629 5633 683 5678 et
715 5613 909 5693 \’ati_c.,
941 5637 1068 5693 quos
1098 5620 1654 5693 loquentur‘impiiltu

71 5683 288 5754 dederis,
335 5693 560 5763 _etc.__l§t.
586 5683 688 5754 ’ρει
714 5683 1220 5763 ψιὶόείῐι’ἀσιϐεές,
1261 5691 1429 5762 impii,
1465 5683 1516 5745 in
1547 5689 1655 5746 Βο-

70 5769 228 5815 mano
253 5761 368 5817 cod.
401 5759 571 5825 LXX.

1783 1875 1828 1920 et
1864 1871 1973 1936 tv),
2007 1867 2152 1922 ultra
2186 1883 2381 1924 omnes
2415 1867 2669 1926 homines
2715 1871 2978 1940 quaesisse
3021 1873 3375 1940 sapientiam,

1782 1969 1834 2014 ct
1878 1966 2124 2015 tentasse
2163 1960 2232 2016 ad
2280 1960 2442 2015 linem
2478 1959 2621 2016 illius
2673 1963 2982 2030 pervenire,
3029 1962 3126 2017 sed
3176 1974 3381 2033 quanto

1784 2051 1906 2119 plus
1933 2051 2234 2120 qumsierit,
2267 2060 2418 2108 tanto
2448 2052 2625 2105 minus
2656 2051 2950 2122 reperisse,
2981 2060 3035 2106 et
3065 2051 3119 2106 in
3146 2052 3378 2108 mediam

1781 2141 2090 2198 demersum
2123 2143 2437 2216 caliginem,
2485 2142 2728 2199 tenebris
2775 2145 3097 2215 ignorantiae
3139 2145 3376 2201 circnm-

1782 2232 1988 2288 datum.
2019 2233 2195 2290 Aliter
2228 2252 2240 2288 :
2275 2231 2294 2271 τ
2328 2233 2420 2290 Vir
2458 2236 2550 2305 qui
2594 2235 2838 2289 eruditus
2870 2237 3103 2291 lueritin
3137 2237 3379 2307 Scriptu-

1782 2326 1880 2393 ris,
1914 2338 2124 2399 quanto
2174 2327 2294 2397 plus
2325 2328 2469 2383 scire
2513 2327 2766 2397 cmperit,
2798 2336 2951 2383 tanto
2979 2330 3024 2384 ei
3057 2331 3108 2384 in
3137 2330 3218 2384 his
3246 2347 3380 2402 quo-

1782 2417 1909 2473 tidie
1953 2419 2125 2474 oritur
2155 2419 2331 2490 major
2356 2419 2683 2475 obscuritas.
2734 2418 2906 2476 Aliter
2939 2440 2950 2474 :
2980 2423 3381 2494 Contemplatio

1782 2513 2065 2582 sapientiae
2097 2515 2150 2570 in
2186 2515 2285 2569 hac
2331 2515 2436 2568 vita
2470 2515 2521 2570 in
2553 2514 2780 2583 speculo
2824 2514 3036 2569 videtur
3064 2527 3116 2570 et
3148 2515 3201 2570 in
3237 2517 3375 2572 ima-

1779 2607 1905 2679 gine
1950 2622 2121 2660 :cum
2176 2621 2308 2676 ergo
2361 2608 2738 2678 recogitavero
2791 2607 2843 2661 in
2893 2607 3076 2662 futuro
3123 2607 3259 2664 facie
3311 2610 3377 2664 ad

1780 2696 1974 2754 faciem
2024 2698 2142 2767 ejus
2189 2699 2437 2752 notitiam
2485 2699 2862 2766 revelandam,
2905 2708 3032 2756 tunc
3073 2701 3276 2772 liquido
3296 2719 3381 2759 re-

1777 2805 2102 2864 cognoscam
2134 2792 2294 2861 longe
2323 2806 2410 2846 me
2443 2807 2584 2848 nunc
2611 2792 2679 2848 ab
2709 2792 2828 2864 ejus
2860 2795 3049 2848 notitia
3087 2794 3377 2852 dissidere.

1849 2882 2074 2939 Cit'cut'vi
2101 2899 2192 2954 ego
2221 2891 2268 2938 et
2299 2899 2386 2937 cor
2413 2900 2600 2949 meum,
2632 2894 2656 2930 Β
2682 2893 2733 2935 ut
2763 2883 2970 2950 scirent,
3004 2893 3052 2939 et
3084 2885 3380 2940 considera-

1777 2992 1904 3042 rent,
1937 2983 1983 3030 et
2010 2990 2292 3046 quazrerem
2337 2975 2667 3044 sapientiam,
2711 2984 2760 3032 et
2802 2977 3077 3042 rationem,
3108 2986 3153 3030 et
3185 2987 3239 3030 ut
3286 2993 3369 3031 co-

1777 3083 2068 3142 gnoscerem
2118 3066 2433 3135 impietatem
2476 3065 2639 3139 447
2678 3069 2822 3122 stulti
2872 3076 2919 3121 et
2970 3069 3375 3140 imprudentium

1777 3175 2023 3216 errorem.
2051 3157 2114 3212 Et
2141 3155 2166 3194 ⁸³
2189 3157 2390 3212 inuenio
2423 3174 2513 3231 ego
2545 3158 2856 3216 anteriorem
2883 3170 3045 3214 morte
3088 3163 3372 3226 mulierem,

1778 3269 1895 3328 qua:
1923 3261 1996 3306 est
2041 3249 2276 3323 laqueus,
2319 3261 2365 3304 et
2405 3267 2607 3321 sugente
2653 3268 2742 3304 cor
2772 3255 2902 3326 ejus,
2942 3254 3146 3307 vincula
3193 3271 3373 3309 manus

1776 3350 1912 3416 eius.
1944 3345 2121 3401 Bonus
2145 3361 2320 3399 coram
2351 3341 2462 3398 Deo
2490 3353 2698 3400 eruetur
2727 3345 2788 3398 ab
2822 3363 2900 3409 ea,
2934 3356 3172 3416 peccator
3200 3351 3373 3418 capie-

1775 3447 1862 3494 tur
1905 3440 1957 3493 in
1988 3439 2106 3492 illa.
2150 3435 2256 3491 Pro
2303 3451 2369 3489 eo
2422 3437 2564 3508 quod
2614 3437 2970 3509 Septuaginta
3028 3451 3369 3509 posuerunt:

1778 3534 2000 3588 Circuivi
2027 3549 2118 3604 ego
2131 3540 2175 3585 et
2199 3547 2288 3586 cor
2314 3547 2504 3598 meum,
2533 3541 2587 3586 ut
2608 3548 2985 3604 coynoscerent,
3014 3533 3374 3604 Symmachus

1779 3629 2170 3697 interpretatus
2200 3634 2307 3691 cst,
2336 3625 2525 3680 dicens
2559 3642 2571 3678 :
2606 3624 2926 3680 Pertransiui
2956 3626 3194 3682 universa
3221 3644 3371 3684 sensu

1780 3736 1912 3786 meo,
1960 3719 2111 3783 scire,
2146 3725 2192 3771 et
2230 3715 2243 3752 ί
2285 3715 2501 3782 discere,
2551 3725 2599 3770 et
2647 3717 2976 3788 investigare.
3034 3718 3169 3786 Quia
3212 3717 3374 3788 igitur

1776 3827 1938 3882 supra
1972 3809 2333 3866 Ecclesiastes
2385 3809 2620 3873 dixerat,
2672 3810 2858 3864 omnia
2914 3825 2972 3865 se
3007 3810 3058 3864 in
3105 3811 3371 3882 sapientia

1777 3912 2138 3974 pertentasse,
2172 3910 2227 3958 et
2267 3909 2470 3971 quanto
2504 3902 2624 3971 plus
2666 3917 2786 3956 eam
2837 3903 3172 3972 requisierit,
3222 3913 3374 3961 tanto

1777 3995 1926 4052 illam
1957 3996 2172 4066 longius
2207 3992 2500 4064 refugisse;
2538 4008 2678 4048 nunc
2702 3993 2779 4047 ait
2811 3996 2976 4047 etiam
3011 3992 3157 4048 aliud
3184 3995 3236 4049 itt
3273 4010 3370 4050 sua

1772 4102 1833 4146 se
1859 4092 1872 4136 t
1907 4088 2170 4159 quaesisse
2201 4085 2490 4154 sapientia,
2521 4083 2664 4158 quod
2697 4081 2750 4138 in
2777 4084 2941 4139 rebus
2974 4082 3227 4138 humanis
3257 4101 3370 4142 nta-

1770 4181 1879 4237 lutn
1913 4179 2162 4234 universa
2205 4176 2493 4234 antecedat
2536 4179 2696 4241 mala,
2727 4187 2784 4232 et
2813 4191 2934 4247 quae
2963 4193 3053 4232 res
3086 4180 3140 4232 in
3175 4179 3370 4250 impie-

1771 4284 1904 4342 tate,
1936 4273 2188 4341 stultitia,
2220 4288 2436 4338 errore,
2467 4272 2723 4327 vecordia
2768 4281 2949 4327 teneat
2977 4272 3365 4345 principatum,

1767 4368 1836 4425 Et
1862 4367 1994 4423 dicit
2023 4381 2084 4422 se
2115 4367 2357 4420 omnium
2394 4364 2660 4419 malorum
2690 4373 2853 4434 caput
2885 4365 3170 4421 mulierem
3203 4384 3364 4438 repe-

1763 4461 1903 4517 risse
1934 4477 1946 4514 :
1978 4458 2105 4530 quia
2147 4467 2202 4515 et
2241 4473 2339 4529 per
2390 4457 2538 4511 illam
2589 4471 2738 4512 mors
2789 4457 2841 4513 ln
2873 4457 3061 4518 orbem
3098 4470 3363 4519 terrarum

1847 4607 1869 4633 ο
1911 4594 1990 4650 ita
2044 4593 2246 4649 Victor.
2304 4593 2562 4647 restituit.
2615 4593 2957 4652 Martianatus
3008 4607 3186 4656 tamen
3238 4617 3359 4658 cum

1777 4665 2004 4724 Erasmo
2036 4663 2263 4719 retinnit
2292 4661 2578 4719 habentem.

1853 4737 1870 4776 ΐ
1912 4738 2070 4806 Apud
2099 4731 2527 4811 A_cuin.,_Aliter
2556 4745 2752 4811 autem,
2781 4740 2868 4809 qui
2901 4740 3132 4796 eruditus
3174 4744 3357 4811 fuerit,

1773 4826 1805 4882 ε
1831 4809 2143 4882 (ιιιονηφειτὶ
2171 4821 2303 4860 is.
2339 4807 2439 4882 hoc
2466 4825 2574 4860 uno
2598 4807 2880 4876 abluduut,
2908 4813 3050 4882 quod
3080 4807 3245 4879 Alias,
3273 4807 3354 4870 vel

1742 4943 1744 4946 ,
1773 4873 1921 4937 Alius
1951 4879 2169 4943 habent,
2197 4893 2294 4948 pro
2317 4873 2504 4932 Aliter.

1844 4963 1870 5001 ε
1915 4949 2115 5022 Vatia,
2162 4962 2209 5002 ct
2240 4966 2329 5003 cor
2374 4965 2540 5003 nteant
2569 4950 2708 5015 dedi,
2754 4960 2807 5004 ut
2848 4953 3051 5018 scirem,
3111 4962 3242 5022 etc.,
3269 4971 3357 5012 re-

1772 5032 1969 5083 nuente
2003 5021 2298 5088 Scriptura:
2327 5030 2496 5076 textu.
2621 5078 2624 5082 ,

1842 5127 1914 5137 __
1942 5092 2160 5149 Cit-cuitu
2183 5108 2275 5165 ego
2299 5101 2348 5146 et
2374 5108 2462 5145 cor
2489 5094 2675 5147 meum.
2707 5093 2979 5162 Corrupto
3007 5096 3056 5149 in
3090 5096 3248 5150 editis
3273 5099 3354 5153 le-

1769 5178 1924 5239 gunt,
1952 5165 2175 5222 Circuivi
2207 5182 2296 5239 ego
2327 5180 2417 5218 cor
2437 5181 2622 5230 meum,
2655 5166 2774 5222 sine
2802 5168 3067 5239 particula
3098 5169 3357 5238 conjunc‘

1773 5236 1876 5296 iiva
1909 5253 2069 5308 quatn
2124 5236 2359 5291 retinent
2386 5251 2579 5291 omnes
2608 5253 2742 5292 mss.
2792 5253 2854 5293 ac
2906 5238 3026 5293 fons
3069 5236 3350 5306 Hebraeus,

1756 5314 1872 5392 νεῖ-η
1899 5338 1990 5389 me
2012 5329 2100 5382 ani
2126 5327 2326 5394 uelibbi,
2380 5327 2430 5384 id
2455 5337 2559 5396 est,
2593 5345 2685 5402 ego
2716 5339 2760 5385 et
2792 5346 2879 5384 cor
2907 5346 3095 5402 meum.

2970 5401 3239 5464 Mantua.
3309 5454 3314 5458 .

1831 5469 1857 5509 ιι
1899 5469 2033 5529 Tres
2060 5485 2218 5540 mss.,
2262 5481 2311 5526 et
2362 5472 2529 5526 inveni
2577 5488 2670 5544 ego
2705 5488 2722 5526 :
2754 5483 2808 5526 et
2841 5487 2986 5538 mox,
3032 5490 3223 5544 sageua
3253 5491 3352 5547 pro

1754 5557 2182 5674 ³Μξηίξείιειιὶυυες
2211 5615 2349 5672 alter
2369 5631 2493 5673 eum
2525 5612 2728 5680 Vatic.,
2756 5623 2803 5672 et
2829 5611 3128 5686 disserere:

1839 5691 1852 5738 l
1905 5685 2080 5748 Penes
2104 5687 2414 5752 Alcuinnm,
2444 5685 2498 5742 in
2524 5687 2896 5754 suainvenisse
2940 5685 3192 5756 sapientia
3232 5710 3346 5747 ηια-

1764 5757 1891 5825 lum,
1926 5759 2061 5825 quod
2093 5761 2143 5811 in
2171 5758 2319 5816 rebus
2341 5759 2578 5812 Immanis
2603 5757 2772 5813 omnia
2803 5758 3022 5816 uinceret
3050 5762 3210 5830 mala,
3239 5775 3346 5822 etc.
