3998 6348
4 288 48 347 ί
63 296 208 362 075
1104 304 1654 365 COMMENTARIUS

1791 305 2326 366 ECCLESIASTEN.
3234 310 3371 370 1074

4 418 177 487 ejus
201 436 223 472 :
251 426 303 474 et
346 421 497 491 fortis
539 421 724 491 faciem
758 436 905 476 suam
946 420 1303 476 commutabit.
1346 420 1521 492 Supra
1560 420 1662 477 do-
1690 424 1745 486 Α
1768 422 2015 492 quoniam
2044 437 2193 476 omne
2218 420 2356 486 quod
2384 420 2619 479 voluerit.
2640 421 2816 492 faciet.
2852 418 3003 475 Sicut
3025 421 3214 475 dixerit
3241 424 3369 492 (Al.

5 523 256 566 cuerat
290 511 514 569 diﬂicile
539 518 739 568 ltonuut
772 513 1047 571 humioem
1081 515 1337 581 inveniri,
1368 525 1421 569 et
1448 516 1671 569 venien-
1772 514 1933 587 dicet)
1966 532 2077 580 rex,
2110 527 2414 588 potestatvm
2440 516 2631 568 habens
2669 530 2689 568 :
2716 530 2763 566 et
2791 515 2910 583 quis
2942 516 3078 568 dicet
3116 515 3186 579 ei,
3235 516 3373 582 Quid

10 610 173 659 tetu
196 619 393 661 centra
428 615 453 642 ἰ
486 607 709 662 eliserat
736 608 1091 678 qua’stionem
1118 626 1131 661 :
1164 626 1191 660 ιι
1232 610 1339 663 Deo
1375 609 1547 661 Itonos
1573 608 1671 661 lto-
1773 610 1954 681 facis?
1987 609 2212 663 Videtur
2243 610 2461 677 quidem
2498 607 2978 677 pra-ciperejtuta
3013 608 3373 673 Apostolum,

9 699 252 753 mines
279 700 559 764 Cttltdlltts,
584 701 679 755 sed
708 715 902 771 sponte
925 717 1021 756 sua
1050 701 1119 755 ad
1147 711 1365 771 peccata
1392 702 1666 768 delapsos.
1770 705 1988 773 regibus
2014 716 2063 758 et
2090 704 2453 773 p--testati|tns
2473 702 2799 771 obsequium
2826 702 2931 761 (Ad
2957 700 3153 767 Titum,
3180 716 3260 759 ιιι,
3295 700 3373 771 l),

7 787 221 847 Nunc
251 793 377 862 quid
410 794 539 848 boui
570 792 775 847 homini
809 792 1025 849 dederit
1057 794 1200 849 Deus
1228 835 1241 858 ,
1274 793 1429 863 quasi
1466 793 1669 863 gloriu-
1772 797 2005 852 maxime
2038 798 2397 867 Septuaginta
2431 796 2827 863 Interpretiltus
2865 794 3187 863 impetatth
3218 798 3380 848 modo

7 882 285 941 hundus
316 900 601 941 cntum-rat
628 929 643 951 ,
675 888 997 958 sapientiam
1031 887 1245 942 scilicet
1266 928 1281 951 ,
1310 897 1476 955 atque
1509 886 1673 938 tatio-
1770 891 2077 947 dicentibus
2107 910 2119 944 :
2153 891 2225 945 Os
2278 893 2412 960 regis
2458 889 2661 944 custodi
2685 906 2703 952 ς
2724 890 2819 944 sed
2852 904 2956 959 ego
2989 900 3119 955 puto
3166 888 3237 943 de
3281 888 3375 944 illo

10 990 187 1031 nem
223 987 280 1032 et
322 978 747 1049 providentiam,
777 980 995 1033 occulta
1028 978 1121 1032 Dei
1174 992 1338 1032 nosse
1369 978 1626 1047 mysteria
1655 1018 1669 1041 ,
1773 998 1900 1054 rego
1925 1000 2070 1038 nunc
2097 984 2224 1043 dici,
2258 983 2325 1038 de
2349 998 2461 1052 quo
2498 983 2663 1036 ῡηνξιι
2693 984 2769 1035 ait
2797 999 2810 1035 :
2836 981 3081 1045 Domine,
3111 982 3165 1035 in
3195 984 3382 1035 virtute

15 1067 88 1123 in
138 1086 353 1125 arcana
386 1072 506 1141 ejus
543 1087 709 1126 sensu
750 1071 928 1126 cordis
968 1073 1193 1126 intrare.
1225 1070 1459 1140 Utilique
1490 1078 1668 1124 autem

17 1163 113 1218 de
171 1179 242 1219 se
276 1165 557 1236 loquitur,
588 1166 731 1235 quod
783 1182 943 1221 nemo
994 1171 1063 1220 ita
1111 1164 1268 1220 luerit
1317 1166 1576 1235 sapiens,
1614 1175 1673 1218 ut

17 1255 209 1325 ipse,
235 1267 291 1311 et
321 1258 504 1313 nullus
522 1257 603 1313 sic
632 1258 818 1313 scierit
839 1256 867 1295 ι’
892 1256 913 1330 [
934 1258 1018 1312 ΑΙ.
1052 1255 1239 1329 sciret]
1273 1259 1668 1327 proltlematum

19 1348 399 1418 solutiones,
425 1362 481 1406 et
508 1351 777 1422 sapientia
809 1352 929 1420 ejus
957 1370 985 1404 ει
1016 1362 1215 1406 cuncto
1239 1351 1453 1404 laudata
1482 1351 1551 1404 sit
1576 1366 1672 1419 po-

22 1443 226 1513 pulo.
259 1461 382 1516 qua:
412 1462 519 1500 non
551 1447 726 1499 solum
761 1446 1094 1499 intrinsecus
1127 1445 1341 1499 latuerit
1367 1458 1381 1508 ;
1412 1444 1507 1496 sed
1540 1444 1667 1498 etin

16 1538 356 1605 superﬁcie
380 1544 629 1608 cotporis
656 1544 711 1592 et
734 1538 959 1607 speculo
985 1541 1169 1591 vultus
1205 1535 1469 1600 eluxerit,
1500 1535 1668 1589 ultra-

15 1645 157 1699 que
186 1646 386 1686 omnes
412 1630 662 1685 homines
694 1630 1041 1700 prudentiam
1072 1630 1272 1683 mentis
1315 1628 1368 1682 iu
1404 1628 1541 1681 facie
1572 1642 1667 1682 sua

20 1724 330 1794 pinxerit.
360 1724 719 1794 Septuaginta
768 1738 866 1792 pro
904 1737 973 1778 eo
1003 1722 1147 1792 quod
1196 1739 1293 1775 nos
1341 1723 1665 1791 posuimus:

1772 1087 1862 1131 tua
1881 1077 2141 1132 [celabitur
2167 1094 2258 1131 rex
2283 1076 2456 1147 (Psal.
2486 1093 2578 1140 xx,
2609 1075 2684 1147 l).
2716 1076 2783 1130 Et
2813 1076 2865 1129 iu
2895 1078 3002 1129 alio
3028 1075 3171 1139 loco,
3199 1089 3256 1130 ut
3283 1077 3382 1130 ινα-

1775 1172 1872 1224 tris
1899 1182 1948 1223 et
1984 1170 2102 1225 Ρίιίι
2132 1186 2539 1236 nnumregnum
2567 1170 2835 1239 sigoiliCet
2859 1168 2967 1241 [ΑΙ.
2988 1166 3376 1239 signiﬁcetur],

1771 1258 2059 1329 Scriptura
2104 1268 2505 1314 conuuemorat
2536 1278 2547 1311 :
2582 1258 3032 1332 Deus,judicium
3073 1271 3219 1313 tuum
3270 1261 3381 1333 rtgi

1771 1352 1840 1405 da
1865 1393 1879 1414 ,
1909 1364 1955 1405 et
1975 1351 2240 1420 justitiam
2295 1363 2436 1405 tuam
2482 1351 2596 1421 [ilio
2624 1352 2762 1421 regis
2802 1352 2820 1419 (
2872 1350 3017 1405 Psal.
3067 1366 3193 1406 LXXI
3221 1392 3235 1416 ,
3276 1356 3295 1404 l
3327 1353 3368 1420 ).

1770 1444 1889 1501 Non
1922 1447 2070 1499 enim
2100 1446 2316 1514 judicut
2358 1445 2519 1500 Pater
2549 1460 2900 1514 quemquam,
2932 1444 3027 1497 sed
3058 1444 3384 1512 omnejudi-

1770 1539 1915 1593 cium
1947 1537 2091 1592 dedit
2126 1536 2267 1592 Filio
2298 1534 2480 1609 (Joan.
2511 1552 2565 1600 v,
2594 1536 2707 1605 2‘2).
2731 1536 2833 1602 Qui
2868 1552 2957 1589 rex
2993 1534 3165 1589 Filius
3188 1533 3282 1589 Dei
3317 1545 3367 1605 Β,

1772 1629 1948 1685 Patris
2002 1630 2145 1697 regis
2182 1639 2269 1683 est
2302 1629 2492 1683 Filius.
2550 1627 2720 1696 llujns
2767 1636 2947 1696 itaque
2977 1623 3095 1697 [ΑΙ.
3151 1623 3374 1697 utique]

1769 1723 2123 1778 custodienda
2154 1732 2424 1791 prmccpta
2454 1730 2603 1783 stitit,
2626 1719 2789 1792 451
2816 1721 2975 1786 ltojus
3003 1720 3258 1774 Voluntas
3286 1737 3379 1787 pa-

24 1816 189 1882 Quis
227 1818 303 1871 ita
326 1827 379 1871 ut
406 1819 636 1889 sapiens.
672 1819 1067 1872 transtulerunt
1096 1834 1109 1871 :
1143 1816 1272 1883 Quis
1299 1817 1435 1870 novit
1458 1814 1667 1885 sapien-
1698 1821 1744 1880 Β
1772 1820 1981 1874 tranda.
2018 1820 2080 1873 Et
2119 1818 2221 1872 ltoc
2252 1830 2359 1881 εει,
2388 1816 2531 1884 quod
2564 1818 2616 1870 in
2663 1816 2848 1869 Τιιιιιειε
2890 1814 3031 1869 liliro
3071 1815 3334 1870 scribitur
3364 1832 3377 1869 :

20 1923 108 1967 tes
149 1922 207 1965 ο.
248 1911 313 1967 Et
345 1929 445 1981 pro
485 1929 552 1969 eu
581 1911 749 1986 550
773 1912 917 1983 quod
951 1927 1051 1967 nos
1080 1912 1319 1965 diximus
1362 1928 1373 1962 :
1408 1907 1476 1962 Et
1514 1910 1665 1977 [ortis

20 2007 247 2078 faciem
291 2022 440 2060 suam
487 2007 823 2061 commutobit
846 2047 862 2071 ,
898 2012 1200 2075 posuerunt
1233 2022 1245 2057 :
1282 2002 1349 2056 Et
1390 2004 1665 2075 impudens

16 2101 196 2153 cultu
232 2116 332 2153 suo
358 2100 587 2155 odietnr.
624 2102 688 2155 Et
720 2114 909 2155 revera
939 2114 1062 2153 cum
1096 2098 1251 2152 m'ulti
1283 2098 1425 2163 sint,
1458 2097 1549 2166 qui
1577 2112 1667 2150 sa-

17 2195 322 2265 pientiam
369 2196 796 2263 repromittant,
827 2193 1055 2247 dilticile
1093 2192 1393 2254 invenitur,
1427 2191 1516 2261 qui
1557 2189 1668 2243 dis-

18 2300 299 2340 cernere
316 2297 480 2354 queat
506 2281 531 2321 ἀ
552 2300 739 2338 verum
765 2284 1069 2353 sapientem
1099 2285 1166 2336 ali
1197 2284 1281 2337 liis
1302 2284 1392 2353 qui
1417 2282 1668 2337 videntur

21 2394 173 2434 esse
217 2380 525 2447 Sapientes.
556 2377 621 2431 Et
648 2392 770 2431 cum
811 2378 919 2431 sint
957 2376 1203 2446 pluritni,
1232 2382 1321 2447 qui
1353 2375 1667 2445 Scriptura-

20 2485 167 2529 rum
196 2468 422 2524 occulta
452 2480 474 2505 ε
496 2470 683 2524 dicant
712 2484 873 2539 posse
902 2484 961 2524 se
985 2470 1223 2533 solvere,
1257 2483 1419 2523 rarus
1444 2478 1551 2532 est,
1577 2466 1667 2536 qui

25 2580 245 2619 veram
286 2565 525 2617 inveniat
561 2563 921 2620 solutionem.
952 2564 1105 2632 Quod
1147 2572 1329 2618 autem
1378 2565 1664 2631 sequitur:

27 2655 342 2726 Sapientia
364 2656 586 2709 hominis
606 2654 1140 2711 illuminabitvultam
1170 2660 1306 2729 ejus,
1331 2666 1378 2710 et
1406 2656 1669 2726 improbus

34 2753 189 2823 [acie
221 2767 322 2804 sua
353 2752 589 2817 odietur,
622 2754 692 2805 ita
727 2767 1017 2820 possumus
1044 2751 1344 2820 explanare.
1373 2792 1388 2815 ,
1423 2764 1479 2803 ut
1512 2750 1663 2805 Pauli

32 2846 227 2899 verba
282 2860 577 2911 ponamus:
608 2844 721 2897 Nos
739 2856 909 2898 autem
940 2861 1113 2898 omnes
1142 2845 1369 2899 revelata
1392 2846 1527 2915 facie
1551 2848 1667 2916 glo-

34 2940 183 2992 riam
218 2934 437 2991 Domini
462 2941 866 3011 contemplantes
893 2937 961 3009 (ll
995 2941 1121 2993 Cor.
1154 2954 1232 3003 ιιι,
1264 2938 1388 3008 18);
1422 2954 1477 2993 et
1520 2938 1667 2992 Psal-

36 3035 186 3087 niist
209 3053 239 3075 ο·
275 3034 559 3085 canentis:
601 3033 879 3103 Signatum
906 3041 982 3086 est
1010 3049 1165 3104 super
1190 3049 1281 3086 nos
1311 3032 1668 3086 lumenvnltus

40 3122 151 3188 tui,
191 3119 423 3176 Domine
448 3122 624 3193 (Psal.
658 3138 738 3188 tv,
764 3126 839 3193 7).
876 3123 1212 3193 Sapientiam
1242 3135 1423 3180 autem
1456 3126 1541 3181 hic
1571 3128 1669 3180 lio-

1771 1911 2079 1983 Mysterium
2108 1912 2243 1982 regis
2272 1911 2588 1965 abscondere
2614 1911 2803 1964 bonum
2830 1920 2904 1963 est
2938 1909 2957 1981 (
3003 1908 3129 1963 Tob.
3165 1926 3260 1977 ιιι,
3294 1911 3377 1981 7).

1770 2003 1835 2059 Et
1867 2006 2137 2073 prmi-ipue
2156 2015 2362 2065 monet,
2389 2018 2458 2058 ne
2484 2012 2805 2068 tractetttns,
2825 2018 2993 2069 quare
3020 2003 3158 2057 Deus
3182 2019 3380 2056 Illlttlll-

1768 2096 2024 2165 quodque
2060 2098 2381 2163 prmceperit
2407 2136 2421 2155 ,
2454 2093 2551 2147 sed
2594 2093 2975 2161 quodcumque
3020 2094 3215 2147 viderit
3256 2108 3379 2149 esse

1770 2189 2112 2248 mandatum,
2145 2186 2246 2239 ltoe
2272 2187 2353 2253 pia
2381 2202 2537 2239 mens
2559 2184 2795 2237 hominis
2826 2182 3058 2249 implere
3081 2184 3303 2239 festinet
3326 2181 3377 2242 ιι.

1769 2278 1833 2334 Et
1860 2283 1910 2333 ιιι
1939 2281 2055 2349 lege
2099 2277 2310 2331 Domini
2335 2276 2436 2330 erit
2470 2279 2722 2330 voluntas
2757 2276 2875 2344 ejus
2902 2276 3056 2340 .Qnia
3087 2290 3220 2330 vero
3246 2277 3379 2344 Sep-

1772 2372 2014 2441 tnaginta
2047 2372 2208 2426 aliter
2241 2370 2658 2433 transtulerunt,
2695 2369 2947 2423 dicentes
2981 2386 2995 2424 :
3029 2368 3097 2421 Et
3135 2371 3200 2422 de
3217 2385 3378 2438 jura-

1770 2476 1942 2517 niento
1969 2476 2015 2517 et
2046 2462 2111 2518 de
2140 2462 2284 2517 verba
2320 2461 2415 2516 Dei
2443 2480 2507 2516 ne
2534 2466 2749 2530 festines
2773 2480 2805 2515 a
2831 2462 2968 2533 fat-ie
2998 2460 3013 2499 ί
3049 2464 3166 2531 ejus
3200 2465 3383 2516 ambu-

1770 2555 1884 2609 lare
1920 2572 1932 2607 :
1971 2554 2254 2609 sciendum
2287 2554 2661 2622 juramentttm
2700 2554 2789 2607 Dei
2832 2558 2883 2608 tu
2914 2553 3119 2607 divinis
3151 2554 3386 2608 volumi-

1772 2646 1931 2701 niltus
1957 2662 2082 2702 esse
2112 2649 2507 2716 conscriptum.
2541 2647 2653 2701 lloc
2684 2649 2865 2713 itaque
2892 2646 3382 2716 jttramentum,de

1769 2741 1867 2796 Dei
1898 2743 2065 2797 verbo
2097 2758 2318 2797 sacrum
2360 2752 2415 2796 et
2466 2756 2724 2796 arcanum
2752 2756 2900 2808 ,non
2948 2742 3213 2797 di-Iiemus
3257 2744 3385 2812 qui-

1770 2836 2109 2907 buscumque
2139 2851 2365 2890 narrare
2393 2878 2407 2899 ,
2440 2846 2493 2890 et
2534 2841 2783 2906 proterve
2815 2836 2866 2887 in
2898 2836 3134 2889 medium
3163 2875 3179 2898 ,
3209 2847 3259 2888 et
3291 2837 3384 2887 ci-

1770 2936 1878 2982 tam
1908 2929 1975 2981 de
2024 2943 2092 2983 eo
2125 2928 2265 2982 ferre
2311 2928 2647 2982 sententiam
2684 2927 2729 2983 l.
2768 2926 2949 2991 Neque
2972 2967 2986 2990 ,
3021 2936 3076 2979 ut
3118 2924 3334 2996 Moyses
3359 2964 3376 2991 ,

1769 3020 2002 3075 festines
2053 3020 2239 3074 videre
2270 3019 2465 3074 faciem
2502 3020 2621 3084 Dei,
2643 3019 2738 3073 sed
2774 3018 2982 3073 tamdiu
3016 3021 3250 3081 sustine,
3279 3017 3383 3071 do-

1772 3130 1873 3169 nec
1899 3115 2016 3180 ipse
2041 3123 2405 3183 pertransi-at,
2436 3124 2489 3167 et
2512 3122 2717 3166 tantum
2742 3115 2865 3180 ejus
2890 3114 3196 3179 posteriora
3221 3124 3381 3163 cons-

37 3216 226 3271 ntiuis
270 3231 382 3270 non
414 3217 576 3271 aliam
618 3218 755 3271 dicit
800 3219 1008 3286 alisque
1056 3221 1324 3287 sapientia
1371 3220 1485 3274 Dei.
1536 3220 1667 3288 Quae

1784 3210 1971 3279 pit-ias.
2006 3209 2228 3263 Necnon
2278 3218 2331 3263 et
2364 3209 2496 3262 illud
2539 3208 2683 3276 quod
2731 3208 2981 3276 sequitur
3016 3223 3028 3259 :
3063 3203 3148 3259 Ne
3194 3215 3295 3259 stes
3330 3206 3383 3258 in

40 3324 178 3364 cum
216 3308 497 3378 sapientia
531 3311 621 3364 liei
657 3310 725 3363 ρίι
749 3350 765 3375 ,
795 3309 944 3379 jnxm
975 3312 1401 3380 possibilitatem
1449 3314 1667 3382 capaci-

44 3402 192 3455 tatis
252 3398 495 3453 ltoutinis
525 3401 646 3469 ejus
690 3417 814 3457 esse
854 3401 1071 3472 iucipit',
1106 3405 1281 3473 quise
1321 3405 1520 3459 habere
1555 3422 1670 3459 me-

42 3490 259 3547 ruerit.
286 3489 479 3545 Omnis
506 3492 799 3547 Ita-reticus
826 3504 879 3547 ct
904 3492 1097 3547 falsum
1123 3494 1318 3564 dogma
1343 3494 1666 3563 defundens,

45 3584 371 3652 impudenti
399 3585 547 3638 vultu
566 3597 667 3640 est.
694 3586 933 3655 Denique
960 3584 979 3623 τ
1004 3587 1247 3642 Marcion
1270 3600 1324 3643 et
1349 3587 1668 3645 Valentinus

47 3675 317 3731 melioris
346 3691 407 3731 se
437 3676 629 3731 dicunt
658 3690 866 3732 naturre
897 3693 1039 3737 esse.
1084 3696 1245 3751 quam
1283 3682 1534 3735 Conditor
1561 3692 1661 3735 est.

49 3767 119 3823 Et
148 3770 258 3823 hoc
292 3780 477 3839 posset
510 3770 690 3840 aliqua
723 3788 788 3826 ex
839 3784 992 3841 parte
1022 3772 1172 3837 ferri,
1208 3774 1253 3829 si
1289 3790 1440 3844 spem
1472 3791 1531 3829 se
1564 3774 1665 3829 Ιιιι-

51 3861 141 3932 jus
174 3864 258 3916 rei
319 3861 522 3918 habere
548 3864 984 3932 contenderent,
1012 3876 1195 3921 etnon
1224 3864 1332 3935 jam
1385 3867 1670 3935 possidere

56 3966 348 4010 naturam.

131 4048 252 4122 Ego
289 4066 350 4103 os
391 4052 527 4121 regis
557 4052 823 4116 custodio,
855 4064 902 4105 et
934 4053 1191 4122 loquelam
1215 4054 1506 4117 juramenti
1548 4052 1669 4111 Dei.

62 4139 145 4195 Ne
174 4145 393 4215 festines
414 4161 445 4195 a
472 4146 607 4214 [acie
628 4146 740 4216 ejus
770 4144 931 4211 abire,
964 4153 1011 4196 et
1039 4161 1100 4197 ne
1123 4155 1223 4198 stes
1250 4146 1300 4199 in
1329 4150 1478 4201 rerbo
1509 4150 1665 4216 malo,

62 4335 285 4384 veteres
316 4328 727 4384 distinctionem
751 4326 1125 4395 Capitulorum
1157 4327 1227 4379 ab
1257 4342 1319 4379 ea
1354 4344 1474 4398 qua!
1514 4344 1662 4383 nunc

62 4412 220 4453 usum
250 4402 469 4455 obtinet
500 4402 553 4455 in
582 4400 757 4453 sacris
789 4399 1173 4452 Vttlllllllllllltls.
1282 4398 1551 4453 MARTIAN.

140 4482 164 4505 η
197 4474 360 4538 Apud
401 4472 591 4525 Ali-uin
625 4472 943 4524 :venientem
976 4477 1159 4523 contra
1189 4470 1413 4525 eluserat
1436 4472 1663 4541 questio-

64 4556 207 4601 nem;
242 4560 384 4596 nunc
406 4545 530 4608 quid
559 4542 691 4594 bono
721 4542 932 4605 honuni,
956 4553 1063 4594 etc.

137 4611 164 4648 ι)
191 4611 264 4667 Et
294 4615 471 4666 nullus
497 4615 569 4666 sic
594 4614 781 4666 scierit.
819 4612 961 4667 Edni
1006 4626 1105 4680 pro
1135 4611 1327 4675 scierit,
1375 4612 1564 4682 legunt
1588 4612 1667 4681 fe-

68 4684 234 4747 cerit;
274 4685 424 4753 quod
467 4701 571 4736 nou
613 4694 867 4751 congruit
905 4684 1026 4738 loco
1060 4686 1339 4754 priesenti,
1373 4696 1427 4735 ut
1463 4684 1669 4753 perspi-

67 4767 228 4809 cuum
266 4766 401 4825 puto
425 4772 547 4809 esse
573 4757 791 4812 lectori.
1292 4754 1565 4810 ΜΑιιτιΑΝ.

143 4836 163 4861 ε
200 4826 333 4891 Quis
362 4831 504 4881 novit
541 4828 814 4900 sapientes.
866 4825 1156 4900 superﬂue
1205 4842 1369 4882 voces
1411 4830 1674 4900 plurimas

72 4893 297 4967 Cra-eas
328 4913 393 4952 ac
424 4893 610 4954 \et'sns
642 4904 882 4967 integros
908 4896 1049 4953 LXX
1081 4893 1441 4965 interpretum
1464 4898 1673 4951 addunt

73 4965 337 5022 Ertt~mus
365 4983 415 5024 et
453 4971 726 5025 Marianos
756 4965 807 5024 in
844 4970 945 5023 ltoc
970 4968 1408 5029 Commentario,
1442 4983 1675 5037 quorum

72 5039 577 5097 additamentorum
612 5042 699 5095 hic
744 5040 1373 5095 admmtuissesultii-iat.
1402 5040 1670 5094 Maurum.

145 5108 169 5145 ἀ
207 5111 279 5164 Ita
328 5116 594 5167 iictorius
625 5130 693 5165 ex
732 5113 1059 5167 Florentinis
1084 5155 1097 5177 ,
1136 5111 1675 5177 Brixiattis,1{0tlta-

77 5178 271 5249 nisque
300 5185 585 5239 codicibus
611 5201 783 5237 verum
817 5226 833 5247 ,
866 5199 965 5251 pro
992 5184 1156 5236 virum
1183 5183 1439 5237 restituit.

154 5258 175 5285 θ
220 5252 428 5308 Vitiose
469 5256 723 5310 Martiali.
769 5256 1011 5309 dicantur
1037 5270 1185 5326 posse
1224 5270 1277 5307 se
1303 5254 1537 5307 solvere:
1565 5266 1670 5307 non

82 5330 265 5395 autem
290 5330 436 5382 male
455 5338 673 5381 veteres
700 5328 831 5381 editi
859 5327 1063 5395 absque
1091 5342 1143 5379 se
1171 5326 1388 5380 vocula.

158 5390 174 5428 ί
212 5391 452 5452 Marcion
479 5409 526 5452 et
558 5396 890 5463 Valentinus,
932 5390 1041 5450 etc.
1073 5397 1431 5449 Conditorem
1464 5394 1683 5449 univer-

84 5460 264 5538 sitatis
310 5469 514 5523 malum
548 5460 895 5538 principium.
934 5481 989 5521 et
1027 5470 1195 5523 Deum
1228 5468 1431 5522 malum
1461 5468 1684 5520 dicebat

88 5530 345 5596 Marcion.
393 5556 514 5593 cum
549 5530 806 5606 suum}...
850 5540 1057 5607 ju~tnm
1093 5555 1154 5593 ac
1191 5550 1438 5591 sanetum
1468 5538 1683 5607 prorla-

94 5615 269 5682 tumlti.
297 5609 771 5679 impudentissima
797 5610 1155 5677 lilas‘pliemia.
1175 5608 1473 5664 Veritatem
1502 5613 1682 5682 carnis

97 5675 148 5752 in
190 5675 410 5752 Christo
464 5698 528 5736 ac
578 5698 869 5752 corporum
920 5675 1378 5736 resurrectionem
1436 5681 1686 5752 negaliat,

100 5742 239 5815 Sicttt
266 5761 320 5802 et
346 5742 693 5807 Valentinus:
717 5754 959 5810 Consule
988 5755 1059 5809 de
1105 5754 1197 5809 his
1229 5742 1525 5815 Irettamtttt,
1554 5742 1692 5808 Ter;

105 5813 386 5877 Nlianum
416 5832 473 5879 et
501 5824 885 5894 Epipltanium.
1310 5813 1583 5879 ΜΑιιτιᾸιι.

1702 4745 1758 4807 D

1772 3304 1923 3357 verba
1968 3305 2103 3358 malo
2128 3347 2143 3370 ,
2174 3314 2230 3359 et
2272 3316 2475 3359 cratera
2500 3343 2517 3369 ,
2541 3318 2708 3372 super
2740 3320 2807 3357 eo
2844 3302 3213 3371 intelligamus
3238 3342 3255 3366 ,
3288 3300 3383 3371 qui

1772 3396 2046 3451 hrcreseos
2080 3414 2270 3453 errore
2303 3407 2618 3461 pra-Ventus
2655 3405 2739 3453 est
2776 3414 2788 3449 :
2825 3396 2908 3449 vel
2940 3410 3107 3462 super
3138 3395 3251 3458 illo,
3284 3394 3379 3462 qui

1773 3506 1895 3545 cum
1922 3489 2180 3545 Ecclesize
2206 3491 2365 3545 (idem
2399 3491 2618 3555 habeat,
2641 3500 2820 3543 tamen
2844 3498 3086 3558 peccatis
3114 3498 3373 3557 vincitur,

1774 3593 1833 3639 ut
1862 3586 1935 3639 sit
1975 3585 2235 3639 infidelis.
2280 3584 2357 3640 Nc
2400 3599 2721 3653 perseveres
2757 3583 2810 3637 in
2860 3582 3201 3636 detractione
3226 3620 3243 3643 ,
3278 3594 3379 3635 nec

1770 3678 1826 3733 in
1862 3680 2224 3749 turpiluquio,
2258 3680 2392 3733 luxu
2420 3678 2529 3751 [ΑΙ.
2559 3676 2816 3747 luxnria].
2850 3678 3100 3738 avaritia,
3133 3673 3378 3729 libidine.

1774 3770 1927 3837 Quod
1967 3773 2010 3824 si
2046 3772 2519 3842 perseveraveris,
2550 3786 2647 3824 rex
2686 3768 2944 3821 vitiorum
2972 3776 3135 3837 atque
3168 3766 3379 3838 peccati

1772 3864 2021 3918 diabolus
2066 3864 2391 3934 operabitnr
2442 3862 2811 3934 perditionem
2858 3862 2914 3917 in
2968 3872 3065 3929 te,
3114 3872 3168 3915 et
3218 3860 3381 3917 faciet

1776 3960 2161 4030 quodcumque
2190 3958 2446 4012 volui-rit.

1849 4056 1951 4121 Qui
1972 4054 2199 4108 custodit
2231 4054 2560 4121 ntandatum,
2592 4070 2696 4108 non
2727 4059 3000 4123 cognoscet
3030 4050 3240 4105 verbum
3267 4067 3380 4106 ma-

1776 4151 1883 4204 lum
1916 4159 2007 4203 :et
2051 4157 2251 4219 tempus
2274 4189 2287 4213 ,
2322 4158 2369 4202 et
2387 4149 2656 4222 judicium
2694 4146 2953 4219 cognoscit
2984 4160 3073 4199 cor
3112 4146 3386 4216 sapientis.

1842 4339 1868 4378 ε
1898 4328 1999 4396 Qui
2024 4346 2120 4383 rex
2152 4328 2321 4385 Filius
2357 4330 2472 4394 Dei,
2501 4340 2607 4385 etc.
2642 4330 2899 4402 lnmantea
2942 4328 3103 4384 editis
3142 4329 3228 4402 sic
3252 4331 3382 4402 legi-

1772 4418 1892 4473 mus
1944 4418 1958 4456 :
2020 4402 2122 4469 Qui
2164 4418 2255 4473 rea;
2308 4403 2449 4470 ﬁlius
2491 4402 2665 4473 Deus,
2700 4400 2867 4453 Patris
2908 4403 3043 4473 regis
3080 4412 3155 4455 est
3183 4399 3377 4459 Filius.

1777 4471 1953 4550 Hujus
2001 4474 2173 4550 itaque
2207 4472 2336 4550 [filii
2366 4472 2701 4525 custodienda
2748 4471 3173 4550 prtecepiasunt,
3224 4473 3380 4550 hujus

1773 4546 2029 4597 valuman’
2059 4544 2363 4613 parendum,
2408 4557 2515 4597 etc.
2990 4545 3264 4601 Μιιιιτιλιι.

1850 4612 1877 4689 il
1906 4617 2019 4667 Duo
2053 4612 2187 4668 in...
2220 4615 2434 4684 implere
2480 4614 2717 4683 festinet,
2752 4622 2797 4668 et
2825 4616 2890 4668 sit
2932 4616 2987 4669 in
3013 4619 3124 4689 lege
3167 4619 3381 4674 Domini

1778 4688 2016 4758 volumus
2038 4691 2172 4758 ejus.

1861 4754 1875 4791 ί
1910 4754 1978 4808 Et
2006 4754 2413 4828 tte-iuramento,
2446 4767 2559 4812 etc.
2589 4758 2701 4812 Hoc
2731 4759 2859 4810 item
2893 4758 3016 4813 loco
3044 4772 3241 4828 pra'ter
3264 4776 3386 4814 ver-

1784 4828 2016 4881 siCttlom
2044 4826 2296 4880 Gracum
2331 4831 2609 4895 superﬂue
2634 4830 2933 4896 adjectum,
2966 4826 3176 4884 tt-utmt
3219 4832 3385 4885 etiam

1779 4900 2103 4951 Contcxtum
2132 4914 2345 4970 sat-rum
2388 4897 2527 4953 LXX
2569 4901 2960 4965 Interpretnm,
2988 4902 3233 4970 legentes
3264 4920 3276 4953 :
3312 4900 3390 4956 De

1780 4973 1930 5022 verba
1969 4971 2262 5040 juramenti
2297 4967 2391 5021 Dii
2429 4986 2493 5023 ne
2538 4971 2767 5039 festines,
2810 4980 2918 5023 etc.
2974 4967 3108 5025 Cum
3160 4974 3394 5027 manule-

1780 5041 2023 5114 stissime
2055 5043 2466 5114 t'omprttliutttq
2491 5058 2558 5096 ex
2604 5040 3018 5114 Cotutttetttario
3063 5042 3381 5114 Hieronymi

1781 5111 1941 5165 aliter
1972 5126 2133 5175 quam
2163 5114 2306 5179 apud
2333 5110 2473 5166 LXX
2507 5115 2878 5180 conscriptum
2909 5110 3076 5167 fuisse
3106 5115 3155 5167 in
3188 5110 3393 5170 divinis

1788 5182 2193 5257 Voluminilms,
2217 5185 2423 5237 scilicet
2440 5186 2853 5257 ,_dejuramento
2879 5183 3124 5257 Dei,rsive
3145 5186 3211 5238 de
3239 5185 3392 5257 verba

1777 5255 2062 5326 jurantenli
2092 5251 2221 5318 Dei;
2268 5272 2397 5329 non,
2438 5255 2503 5309 de
2522 5251 2917 5329 j'nrnmettlohel
2971 5256 3036 5310 de
3074 5257 3224 5310 verba
3273 5256 3395 5324 Dei,

1787 5329 2250 5389 quemadmodum
2308 5324 2588 5395 legebatur
2646 5330 2696 5380 in
2758 5324 2902 5380 LXX
2974 5330 3394 5383 'l‘raoslatorum

1789 5397 2048 5451 editione.
2078 5396 2337 5464 Quisquis
2362 5400 2528 5468 igitur
2561 5400 2649 5452 ltie
2680 5413 2919 5452 animum
2960 5399 3276 5459 attenderit,
3303 5413 3396 5453 \e-

1790 5483 1905 5522 ratu
1936 5482 2061 5521 esse
2091 5468 2378 5524 lcetiuuem
2403 5472 2650 5523 omnium
2684 5484 2815 5523 mss.
2836 5470 3085 5524 codicum
3109 5470 3393 5526 nobiscum

1793 5550 2067 5609 agnoscet.
3006 5542 3276 5595 MARTIAN.

1863 5640 1931 5651 ——
1948 5610 2168 5673 Omnes,
2192 5611 2388 5680 quibus
2408 5613 2607 5667 utimur
2625 5626 2760 5665 mss.
2777 5628 2807 5662 α
2827 5610 2958 5678 facie
2976 5608 3073 5666 Dei
3100 5610 3389 5667 ambulare.

1876 5684 1890 5731 l
1931 5680 2006 5735 De
2032 5698 2091 5734 eo
2122 5683 2260 5751 ferre
2280 5687 2613 5736 sententiam.
2652 5684 2864 5751 Aliqum
2897 5699 3071 5746 ιτιιυιιιι
3098 5686 3227 5736 latin
3266 5699 3398 5737 mss.

1799 5752 1980 5823 legunt
2012 5755 2205 5821 referre
2224 5759 2566 5819 sententiam;
2589 5753 2849 5810 EraStnus
2873 5764 2929 5810 et
2950 5752 3251 5825 Marianos,
3281 5770 3402 5825 pro-

1804 5825 1936 5894 [τηε
1962 5825 2286 5881 sententiam.
3012 5824 3284 5882 ΜΑιιτιΑιη.
