3998 6346
618 322 754 379 1075

1852 308 1912 367 Β.
1956 308 2235 369 EUSEBII
2272 308 2650 367 lllERONYMl

3827 308 3943 362 i076

613 430 914 487 Notandum
946 426 1112 497 quod,
1142 441 1244 479 non
1275 434 1545 497 cognoscet
1576 424 1782 477 uerbum
1812 423 2024 491 malum,
2049 424 2201 495 posi-
2231 423 2285 483 Α
2308 437 2429 493 quae
2480 421 2879 493 praeterierint,
2914 423 3051 476 seire
3083 436 3397 490 possumus,
3436 436 3549 479 nec
3582 435 3651 477 ea
3691 436 3830 493 qua:
3878 423 3944 476 fu-

612 534 722 576 tum
748 528 832 572 est
863 532 963 587 pro
1003 530 1069 571 eo
1107 515 1252 586 quod
1281 525 1399 579 est,
1434 528 1533 569 non
1568 518 1824 584 patietur,
1856 526 1948 570 aut
1974 531 2077 569 non
2108 516 2207 569 erit

608 617 659 669 in
686 610 1064 684 eo.Siquidem
1112 609 1267 665 etde
1316 610 1602 666 Salvatore
1641 613 1723 666 sic
1767 611 2028 680 scriptum
2072 618 2201 665 est:

613 707 717 775 Qui
746 721 845 758 non
878 707 1090 757 noverat
1123 710 1409 771 peccatum,
1442 709 1467 738 α
1499 719 1593 773 pro
1623 702 1765 756 nobis
1792 712 2057 771 peccatum
2087 703 2207 773 fecit

612 801 629 871 (
659 798 703 853 ll
748 795 871 850 Cor.
904 812 957 862 ν,
995 797 1057 850 ιη
1079 794 1120 865 ).
1149 795 1254 849 Pro
1278 793 1429 847 verba
1461 806 1679 864 quoque
1710 793 2071 865 Symmachus
2101 810 2209 847 rem

609 891 1008 957 interpretatus
1051 896 1156 953 est,
1203 885 1427 939 dicens:
1456 884 1557 948 Qui
1584 888 1608 923 δ
1638 884 1938 938 custodierit
1985 886 2207 938 manda-

612 994 737 1041 tum,
765 999 866 1036 non
889 980 1184 1051 experietur
1204 993 1310 1031 rem
1334 979 1544 1031 malum.
1564 976 1832 1043 Praecepit
1860 987 2037 1031 autem
2066 976 2207 1047 regis

611 1077 900 1147 imperium
933 1068 1392 1133 conservandum,
1417 1080 1471 1124 et
1499 1068 1643 1123 scire
1674 1068 1825 1138 quid,
1852 1076 1907 1123 et
1937 1083 2125 1138 quare,
2153 1077 2208 1124 et

614 1186 720 1241 quo
746 1179 989 1237 tempore
1011 1165 1220 1237 jubeat.

685 1265 822 1331 Quia
851 1263 991 1316 omni
1029 1260 1231 1331 negatio
1261 1266 1334 1313 est
1374 1267 1573 1327 tempus
1604 1268 1652 1311 et
1672 1257 1959 1328 judicium.
1991 1257 2207 1329 Afﬂictio

612 1361 802 1428 quippe
828 1353 1052 1409 hominis
1082 1352 1246 1405 multa
1277 1366 1431 1423 super
1457 1367 1596 1417 enin,
1625 1351 1748 1414 quia
1776 1352 1935 1404 nescit
1961 1353 2097 1420 quod
2124 1352 2207 1421 fu-

611 1464 784 1509 turum
810 1460 884 1505 est
913 1466 931 1515 ;
962 1449 1094 1502 sicut
1123 1448 1257 1500 enim
1288 1446 1408 1509 erit,
1440 1445 1554 1514 quis
1582 1444 1907 1498 annuntiabit
1939 1446 1983 1498 ei
2007 1448 2030 1498 γ
2058 1445 2208 1501 Licet

608 1548 823 1601 diversa
856 1539 1115 1597 eveniant
1140 1581 1153 1605 ,
1180 1544 1238 1593 et
1267 1553 1374 1591 non
1411 1538 1582 1607 possit
1612 1538 1796 1607 justus
1826 1539 1969 1593 scire
1998 1538 2125 1609 quid
2156 1541 2206 1595 ei

609 1638 852 1692 futurum
882 1634 973 1697 sit,
1005 1646 1104 1687 nec
1128 1630 1469 1700 singularum
1494 1628 1656 1702 452
1681 1644 1866 1684 rerum
1898 1644 2091 1686 causas
2120 1647 2207 1686 ra-

612 1732 899 1798 tionesque
920 1736 1257 1795 cognoscere
1278 1721 1469 1793 (neino
1494 1725 1638 1775 enim
1668 1731 1755 1777 est
1784 1722 2040 1777 conscius
2067 1722 2208 1776 rutu-

2310 524 2426 570 tura
2456 515 2586 578 sint,
2622 515 2691 568 ita
2723 522 2779 568 ut
2804 520 2929 567 sunt
2958 514 3155 582 futura,
3185 528 3560 585 cognoscere.

2386 604 2503 661 Non
2525 615 2599 660 est
2631 608 2782 660 homo
2806 615 3106 676 potestatem
3132 607 3320 661 habens
3345 609 3401 661 in
3428 608 3727 676 spiritum,
3755 615 3819 660 ut
3836 624 3942 675 pro-

2307 699 2475 754 hibeat
2498 700 2754 765 spiritum,
2788 709 2835 752 et
2868 714 2967 751 non
2999 708 3070 751 est
3097 708 3274 770 potens
3302 700 3360 753 in
3393 702 3482 753 die
3506 699 3737 761 mortis,
3769 708 3823 753 et
3854 716 3942 754 nos

2307 803 2381 847 est
2402 793 2604 847 emissio
2631 792 2681 844 in
2712 790 2846 845 bello
2867 834 2880 855 ,
2913 799 2957 843 et
2988 806 3088 844 non
3121 791 3341 844 salrabit
3368 792 3622 863 impietas
3660 792 3940 845 habentem

2308 901 2380 939 se.
2406 885 2523 939 Non
2555 893 2640 939 est
2675 884 2726 938 in
2755 892 3026 954 potestate
3057 885 3237 938 anima
3271 896 3459 940 nostra
3490 927 3505 949 ,
3539 900 3613 939 ne
3649 884 3942 939 auferatur

2310 992 2337 1030 a
2372 977 2528 1031 nobis
2552 1018 2564 1041 ,
2613 986 2667 1031 et
2700 976 3024 1045 egrediente
3054 975 3120 1029 ad
3160 976 3449 1045 imperium
3487 984 3512 1022 Β
3547 976 3792 1031 Domini
3842 977 3942 1045 spi«

2309 1072 2437 1134 ritu,
2470 1070 2603 1125 nihil
2639 1070 2859 1139 prodest
2897 1083 2990 1123 ora
3013 1069 3369 1130 concludere,
3393 1079 3446 1124 et
3482 1070 3666 1122 vitam
3698 1069 3941 1125 retinere

2310 1164 2625 1235 fugientem.
2654 1162 2900 1231 Cumque
2926 1161 3181 1215 interitus
3208 1202 3222 1225 ,
3262 1161 3520 1215 inimicus
3560 1161 3699 1215 vita:
3734 1171 3938 1215 nostra:

2309 1267 2363 1310 ct
2380 1256 2552 1309 hostis
2576 1254 2882 1319 advenerit,
2909 1254 3157 1308 inducias
3180 1254 3437 1323 accipere
3462 1268 3573 1307 non
3602 1269 3936 1325 possumus.

2309 1347 2420 1402 Nec
2446 1360 2604 1416 reges
2633 1346 2905 1415 quondam
2927 1346 2979 1400 in
2996 1345 3220 1411 saeculo,
3244 1348 3494 1402 etomnia
3515 1357 3717 1401 nostra
3740 1347 3935 1418 impie-

2312 1447 2417 1493 tate
2433 1446 2733 1503 vastantes,
2756 1437 2945 1493 obvias
2969 1438 3128 1492 morti
3152 1436 3355 1493 inferre
3370 1437 3479 1510 [ΑΙ.
3505 1439 3681 1510 ferre]
3698 1454 3930 1493 manus:

2311 1533 2405 1587 sed
2438 1533 2488 1586 in
2521 1532 2761 1586 cinerem
2807 1544 3123 1601 terramque
3168 1530 3611 1586 solvetnur.blon
3658 1539 3755 1587 est
3806 1546 3930 1601 ergo

2313 1624 2624 1695 lugendum,
2661 1624 2705 1679 si
2746 1624 2925 1678 futura
2949 1624 3090 1677 scire
3117 1638 3229 1677 non
3261 1638 3564 1693 possumus,
3595 1635 3651 1679 ct
3679 1640 3849 1696 saepe
3871 1624 3931 1679 ab

2313 1719 2512 1785 iniquis
2543 1717 2946 1788 potentioribus
2967 1717 2992 1753 ιι
3018 1720 3404 1787 opprimamnr,
3424 1732 3543 1771 cum
3571 1728 3774 1774 morte
3814 1736 3929 1773 om.

614 1828 847 1888 mrum),
880 1830 1061 1874 tamen
1095 1820 1197 1872 scit
1229 1832 1258 1870 a
1292 1817 1402 1870 Deo
1417 1823 1613 1871 cuncta
1638 1816 1689 1869 in
1711 1815 2198 1871 utilitatemliomi~
2234 1814 2284 1874 B
2313 1810 2399 1864 nia
2432 1808 2723 1876 ﬁniantur,
2746 1818 2802 1864 et
2828 1808 3098 1877 superbus
3128 1819 3183 1863 et
3211 1818 3416 1879 potens,
3443 1809 3529 1877 qtti
3567 1818 3788 1865 cuncta
3830 1825 3928 1880 po-

616 1934 743 1971 llUlIl
776 1916 913 1979 llcri,
938 1922 991 1967 et
1020 1927 1125 1966 non
1156 1912 1366 1980 absque
1388 1910 1509 1979 ejus
1532 1910 1820 1966 voluntate
1840 1910 2078 1981 diSponi.
2113 1912 2208 1966 Est

611 2011 754 2067 enim
780 2022 977 2077 magna
1007 2004 1230 2059 afﬂictio
1261 2005 1479 2075 generis
1507 2004 1730 2059 humatti
1757 2046 1772 2073 ,
1800 2004 1925 2074 quia
1959 2012 2016 2060 ut
2043 2005 2208 2061 Poeta

612 2104 685 2158 ait
715 2101 959 2177 (.Eneid.
993 2116 1057 2164 x,
1089 2097 1216 2168 50l)
1244 2115 1267 2154 ε

686 2240 880 2295 Nescia
908 2255 1051 2295 mens
1080 2234 1347 2290 hominum
1381 2245 1401 2272 ο
1433 2234 1529 2306 fati
1558 2234 1811 2303 sortisque
1826 2238 2040 2305 futurw,

615 2374 763 2429 aliud
809 2381 1028 2442 sperat,
1075 2369 1332 2440 aliudque
1372 2368 1557 2423 evenit
1591 2385 1604 2422 :
1637 2370 1704 2424 de
1746 2369 1923 2423 altero
1956 2370 2079 2425 loco
2117 2354 2213 2425 ex;-

616 2478 827 2539 spectat
859 2467 1097 2527 hostem,
1117 2473 1172 2518 et
1193 2463 1420 2518 alterius
1437 2462 1628 2531 jaculo
1652 2464 1998 2517 vulneratur.
2021 2463 2121 2517 Pro
2145 2479 2213 2519 eo

616 2573 797 2615 autem
829 2556 969 2629 quod
1014 2557 1373 2625 Septuaginta
1414 2554 1748 2624 Interpreles
1802 2563 1858 2609 et
1907 2554 2214 2610 Theodotio

614 2653 871 2707 dixerunt
897 2668 909 2704 :
944 2651 1081 2716 Quia
1108 2650 1326 2702 scientia
1354 2646 1576 2701 hominis
1607 2649 1769 2701 multa
1798 2664 1954 2718 super
1980 2664 2093 2702 eum
2119 2693 2132 2716 ,
2160 2649 2213 2703 in

619 2744 851 2798 Hebraeo
891 2741 1145 2794 malitiam
1193 2738 1359 2794 habet
1386 2780 1399 2803 ,
1438 2754 1544 2793 non
1578 2741 1845 2793 scientiam
1886 2756 1905 2792 :
1955 2740 2049 2794 sed
2091 2740 2216 2809 quia

620 2851 716 2891 aes
740 2845 796 2890 et
836 2834 862 2873 ἀ
908 2848 1122 2889 ωιετη
1180 2835 1376 2887 litteras
1430 2833 1710 2886 Hebraicze
1738 2874 1749 2893 .
1776 2842 2006 2901 excepto
2048 2848 2216 2902 parvo

560 2946 563 2949 ·
620 2929 773 2994 apice
799 2966 813 2989 ,
845 2925 1056 2979 similes
1108 2932 1269 2989 sunt,
1327 2940 1424 2993 pro
1471 2938 1645 2977 nuru
1677 2923 1693 2991 (
1727 2926 1843 2981 l'l‘ii'l
1891 2922 1929 2993 ),
1965 2922 2216 2990 legerunt

622 3029 643 3053 υ
677 3020 1034 3086 ottnnm‘ﬁ),
1067 3016 1117 3070 id
1146 3026 1247 3080 est,
1281 3031 1379 3085 pro
1402 3017 1622 3077 malitia,
1646 3018 1936 3069 scientiam.
1964 3016 2076 3070 lloc
2102 3033 2215 3071 tne-

618 3110 724 3162 Iius
773 3107 911 3161 sciet
955 3110 1049 3176 qui
1099 3108 1345 3177 ejusdem
1394 3107 1590 3176 lingua:
1644 3106 1895 3161 habuerit
1942 3108 2212 3161 notitiam.

2318 1902 2533 1972 palatus
2558 1910 2662 1968 est,
2696 1916 2803 1955 non
2836 1903 3019 1955 valeat
3041 1903 3277 1956 animam
3320 1917 3465 1957 suam
3494 1904 3773 1969 retinere,
3797 1919 3926 1959 cum

2316 1995 2732 2065 rapitur.Aliter
2759 1995 3049 2065 :Spiritus,
3074 1997 3164 2066 qui
3192 1997 3447 2053 universa
3467 1998 3791 2066 dispensat,
3824 2017 3923 2055 non

2316 2088 2670 2160 potestﬁ53
2690 2103 2717 2140 a
2736 2103 3011 2157 quoquam
3041 2089 3323 2143 hominum
3354 2088 3662 2159 prohiberi,
3691 2101 3753 2144 et
3784 2091 3920 2161 leges

2316 2181 2570 2251 accipere
2599 2180 2875 2248 Spirandi.
2906 2179 2982 2234 De
3014 2195 3121 2250 quo
3152 2192 3206 2233 et
3235 2192 3397 2249 supra
3431 2180 3638 2237 dictum
3668 2191 3763 2236 est
3794 2199 3809 2236 :
3842 2181 3923 2236 6i-

2316 2290 2438 2328 rans
2465 2274 2688 2347 girando
2718 2272 2857 2326 radit
2887 2273 3119 2342 spiritus.
3146 2272 3205 2327 ln
3237 2271 3326 2326 die
3357 2275 3549 2327 mortis
3594 2290 3708 2328 non
3741 2288 3922 2329 sumus

2317 2382 2567 2441 pOIentes
2602 2388 2612 2425 :
2648 2370 2700 2425 in
2745 2370 2834 2426 die
2866 2371 3012 2425 enim
3056 2372 3183 2424 vitae
3216 2369 3374 2423 facile
3401 2369 3612 2423 vitatur
3644 2367 3923 2423 inimicus.

2317 2468 2582 2523 Similiter
2620 2467 2712 2536 qui
2743 2467 2795 2520 in
2828 2466 2972 2521 bello
3003 2474 3084 2519 est
3107 2506 3121 2531 ,
3152 2474 3207 2519 et
3234 2479 3340 2519 non
3378 2463 3542 2517 habet
3574 2462 3676 2518 Dei
3712 2478 3928 2531 pacem,

2318 2573 2437 2628 qua:
2464 2568 2686 2629 superat
2716 2573 2934 2612 omnem
2973 2571 3194 2611 sensum
3218 2600 3232 2621 ,
3257 2568 3365 2609 non
3406 2554 3631 2609 habebit
3669 2556 3929 2609 emissio-

2319 2665 2468 2715 nem,
2494 2650 2563 2704 de
2588 2664 2690 2719 qua
2716 2650 2785 2703 ad
2811 2663 3065 2718 sponsam
3089 2647 3291 2701 dicitur
3322 2664 3333 2701 :
3360 2643 3687 2700 Emissiones
3714 2656 3825 2700 line
3849 2662 3932 2705 ps-

2320 2746 2524 2800 radisns
2556 2762 2671 2799 cum
2702 2745 2875 2815 fructu
2907 2758 3174 2813 pomorum
3204 2740 3385 2813 (Cant.
3422 2744 3529 2805 tr).
3565 2738 3637 2793 Et
3662 2741 3803 2810 quia
3839 2742 3931 2793 im-

2322 2839 2493 2909 pietas
2526 2852 2633 2893 non
2674 2837 2906 2890 salvabit
2945 2836 3241 2889 habentem
3275 2849 3334 2888 se
3360 2873 3373 2899 ,
3410 2834 3587 2903 pietas
3630 2846 3662 2886 e
3706 2835 3934 2904 regione

2319 2930 2577 2985 salvahit.
2607 2928 2788 2983 Potest
2812 2929 3063 2997 impietas
3094 2926 3345 2987 diabolus
3368 2924 3662 2995 appellari,
3682 2936 3743 2978 et
3766 2926 3933 2994 pietas

2326 3024 2586 3077 Dominus
2618 3031 2807 3077 noster
2839 3022 2997 3077 .lesus
3027 3021 3306 3075 Christus.

2394 3116 2585 3169 Omnia
2618 3114 2726 3169 haec
2763 3115 2900 3179 vidi,
2935 3126 2980 3166 et
3027 3113 3146 3166 dedi
3174 3128 3261 3165 cor
3284 3126 3453 3165 meum
3482 3112 3537 3164 in
3560 3125 3725 3163 omne
3761 3127 3930 3179 apris,

623 3202 759 3256 Illud
790 3214 1010 3271 quoque
1042 3202 1183 3268 quod
1216 3201 1267 3253 ill
1299 3202 1406 3253 line
1440 3200 1631 3253 horum
1659 3213 1913 3252 versuum
1947 3200 2212 3268 scriptum
2243 3202 2289 3266 Ο
2321 3210 2459 3282 quod
2496 3214 2692 3280 factum
2730 3217 2803 3261 est
2835 3209 2929 3262 sub
2956 3206 3085 3272 sole,
3117 3216 3166 3260 et
3201 3206 3497 3259 dominatu;
3542 3212 3621 3257 οδε
3652 3206 3816 3257 hmo
3842 3209 3929 3255 ho.

619 3305 699 3349 est
736 3312 746 3345 :
784 3293 919 3359 Quia
962 3292 1122 3345 nescit
1152 3287 1168 3325 ί
1202 3290 1339 3358 quod
1386 3294 1577 3359 factum
1605 3291 1712 3353 sit;
1743 3300 1788 3342 et
1826 3291 1950 3359 quid
1982 3291 2215 3359 futurum

621 3390 687 3440 sit
729 3394 841 3455 post
873 3399 988 3437 eum
1012 3382 1155 3452 ,qnis
1188 3380 1516 3433 annuntiabit
1541 3383 1589 3434 ei
1628 3384 1651 3434 Ρ
1690 3382 1756 3435 de
1787 3384 1952 3437 verbo
1980 3384 2047 3436 ad
2089 3398 2214 3439 vcr-

621 3482 747 3535 liunt
782 3493 922 3532 nunc
951 3488 1016 3531 ex
1047 3489 1305 3529 sermone
1337 3474 1565 3529 Hebraeo
1585 3475 1983 3539 transtulimus,
2003 3484 2063 3529 ut
2090 3491 2215 3533 esse

619 3591 839 3632 sensum
883 3574 1113 3629 alterum
1164 3574 1517 3632 noverimus,
1549 3570 1691 3640 quod
1739 3572 1951 3626 scilicet
2001 3586 2101 3629 nec
2150 3591 2213 3631 ea

690 3830 713 3857 ιι
748 3817 995 3873 Martiali.
1033 3812 1183 3890 addit
1224 3811 1391 3890 Deus,
1419 3828 1592 3890 quam
1627 3831 1815 3890 vocem
1853 3834 2031 3890 neque
2070 3839 2201 3881 mss.

614 3892 783 3963 nostri
810 3929 824 3953 ,
860 3898 1033 3954 neque
1070 3884 1208 3963 alios
1245 3883 1377 3963 editi
1419 3883 1540 3937 libri
1576 3885 1778 3943 habent
1819 3908 1828 3942 :
1876 3883 2055 3963 nepte
2089 3904 2208 3950 tan—

615 3970 739 4017 dem
765 3961 881 4028 ipse
902 3959 1146 4026 agnoscit
1176 3954 1477 4023 Scriptum
1509 3965 1705 4011 textus.

686 4060 754 4073 ...
788 4031 891 4096 Qui
934 4045 1037 4081 non
1089 4037 1295 4083 noverat
1336 4034 1621 4095 peccatum.
1667 4030 2034 4091 Corbeionses
2074 4051 2207 4093 mss.

616 4106 846 4175 codices
884 4118 896 4153 :
953 4097 1055 4164 Qui
1098 4113 1217 4175 cunt
1266 4112 1369 4175 non
1408 4100 1725 4169 cognovisset
1756 4115 2042 4175 peccatum.
2073 4106 2213 4167 Deus

614 4194 706 4247 pro
730 4173 873 4226 nobis
902 4177 1165 4247 peccatum
1189 4164 1329 4247 fecit.
1437 4164 1490 4247 -_
1756 4164 1766 4175 ’
1833 4164 2103 4233 tumis.

691 4247 716 4284 ι)
751 4248 876 4296 Mss.
902 4238 1010 4303 Qui
1040 4238 1262 4292 custodit
1289 4239 1613 4305 mandatum,
1631 4258 1738 4302 etc,

690 4328 714 4355 ε
747 4314 937 4369 Nescia
966 4326 1106 4365 mens
1152 4308 1442 4369 hominum.
1474 4321 1579 4364 etc.
1616 4318 1768 4371 nunc
1806 4333 2022 4373 versum
2072 4318 2210 4374 falso

618 4403 684 4442 ex
738 4401 750 4438 t
800 4384 1066 4459 (Eneidns
1113 4383 1306 4459 recitat
1351 4383 1674 4459 _Amhrosins
1732 4389 2062 4459 Calcpinus,
2115 4392 2209 4459 qui

620 4466 783 4512 causa
826 4453 956 4511 mihi
997 4450 1097 4505 fuit
1136 4460 1197 4504 ut
1235 4452 1319 4505 bis
1347 4451 1619 4521 integrum
1660 4474 1676 4511 t
1714 4450 1912 4512 librum
1943 4450 2208 4515 Azitieid'os

618 4543 775 4581 casso
822 4524 1017 4597 labore
1056 4522 1409 4597 perlegerent.
1459 4524 1567 4581 Alii
1615 4529 1928 4597 Scriptores
1972 4534 2207 4586 rei-itam

617 4600 836 4668 quidem
861 4593 1111 4668 eumdem
1144 4595 1508 4658 versiculum;
1550 4600 1643 4652 sed
1670 4593 1779 4654 non
1818 4613 2039 4656 monent
2064 4602 2205 4659 unde

2324 3303 2470 3368 mini,
2499 3310 2553 3354 ut
2573 3300 2828 3371 afﬂigeret
2855 3315 2992 3353 eum.
3028 3298 3089 3353 Et
3115 3308 3236 3351 tunc
3260 3296 3365 3350 vidi
3389 3296 3573 3367 impios
3594 3294 3864 3363 sepultos,
3889 3306 3932 3349 et

2326 3403 2567 3449 venerunt
2595 3434 2608 3456 ,
2660 3404 2708 3446 et
2753 3394 2817 3446 dc
2861 3392 2973 3445 loco
3010 3399 3190 3444 sancto
3238 3392 3430 3460 egressi
3461 3398 3579 3441 sunt
3603 3429 3618 3451 ,
3652 3398 3700 3441 et
3737 3390 3929 3441 laudati

2322 3497 2439 3541 sunt
2466 3485 2519 3539 in
2549 3484 2769 3549 civitate,
2794 3484 2919 3555 quia
2946 3484 3021 3536 sic
3044 3489 3311 3553 fecerunt:
3331 3480 3423 3534 sed
3451 3492 3499 3533 et
3527 3480 3624 3533 hoc
3647 3482 3861 3535 uanitas
3887 3481 3923 3535 ί.

2326 3578 2463 3643 Quia
2511 3579 2648 3631 enim
2697 3594 2798 3632 non
2851 3587 2923 3631 est
2980 3576 3316 3631 contradictio
3368 3574 3679 3646 facientibus
3733 3576 3926 3629 malum

2310 3823 2485 3885 amitti
2507 3836 2598 3887 n7:
2616 3824 2665 3879 Ιίὶ
2697 3840 2899 3881 enennu
2920 3824 3083 3897 jodea
3112 3840 3195 3897 ma
3216 3821 3494 3897 schejihje,
3520 3821 3629 3897 hoc
3663 3833 3775 3892 est,
3802 3828 3923 3897 quia

2312 3914 2417 3948 non
2450 3898 2558 3962 ipse
2592 3898 2758 3949 sciens
2793 3897 2920 3967 quid
2946 3895 3085 3966 quod
3106 3895 3342 3967 futurum
3367 3905 3465 3947 cst.
3502 3895 3657 3966 Cogit
3688 3912 3789 3967 nos
3816 3895 3915 3949 ita-

2314 3983 2421 4035 que
2469 3966 3083 4038 llierOnynii'przesens
3130 3966 3487 4038 observatio,
3547 3974 3606 4038 ut
3670 3966 3920 4023 dicamus

2316 4039 2493 4106 ipsqu
2524 4037 2721 4108 legisse
2752 4040 2804 4091 in
2834 4039 3113 4106 praeterito
3135 4037 3278 4108 quod
3312 4052 3457 4091 nune
3484 4039 3537 4089 in
3569 4037 3760 4092 futuro
3790 4039 3918 4107 legi-

2318 4117 2403 4163 tur
2431 4151 2445 4173 ,
2498 4108 2549 4163 id
2585 4106 2677 4164 est
2705 4109 2901 4177 legisse
2940 4117 3094 4167 mnta
3129 4106 3376 4179 schehaja
3403 4148 3417 4173 ,
3473 4110 3612 4177 quod
3651 4110 3772 4179 fuit,
3806 4106 3919 4165 sive

2318 4180 2456 4248 quod
2496 4180 2688 4249 factum
2735 4188 2841 4243 est,
2875 4194 2971 4248 pro
3016 4178 3280 4233 hodierno
3314 4178 3550 4233 Helira-o
3574 4188 3743 4236 manu
3768 4180 3919 4233 selte-

2311 4249 2469 4321 jihje.
2502 4252 2642 4321 quod
2687 4252 2802 4314 erit,
2839 4251 2952 4321 sive
2981 4250 3118 4321 quod
3163 4251 3398 4319 futurum
3435 4258 3530 4302 est.
3579 4250 3918 4321 Hieronymo

2318 4318 2539 4390 quoque
2570 4331 2839 4375 consonat
2860 4318 3028 4390 Syrtis
3058 4318 3350 4387 interpres,
3386 4320 3569 4375 dicens
3606 4333 3619 4371 :
3645 4318 3917 4382 Quoniam

2318 4393 2522 4461 ignorat
2569 4392 2695 4462 quid
2743 4394 2989 4454 evenerit,
3039 4402 3087 4445 et
3113 4394 3240 4462 quid
3282 4404 3571 4445 eventurum
3619 4391 3685 4441 sit
3715 4393 3761 4441 ei
3796 4402 3914 4462 post

2314 4464 2505 4534 ipsum,
2528 4466 2642 4533 quis
2674 4464 2863 4517 indicet
2886 4464 3004 4516 illi?
3028 4462 3181 4531 Legit
3205 4478 3333 4532 ergo
3361 4464 3525 4533 Syrus
3553 4471 3685 4534 rem
3708 4462 3908 4526 dahae,

2313 4530 2452 4603 quod
2478 4530 2602 4605 fuit,
2632 4535 2686 4588 in
2720 4537 3035 4607 prmterito;
3068 4530 3120 4589 et
3150 4530 3457 4607 non—wnd
3492 4530 3731 4595 dinehue,
3774 4535 3909 4607 quod

2313 4606 2548 4673 futurum
2592 4615 2688 4659 est.
2740 4606 2817 4659 Ex
2870 4605 2953 4659 his
2984 4619 3148 4674 porro
3197 4604 3369 4675 liquet
3417 4604 3804 4675 llieronynuini
3856 4607 3905 4658 in

622 4662 873 4744 sumptus
915 4670 1008 4744 sit.
1060 4662 1173 4744 E_go
1204 4676 1385 4717 autem
1439 4668 1849 4744 perhumaniter
1872 4690 1907 4744 7a
1939 4672 2004 4727 R.
2045 4673 2205 4729 Patro
2233 4665 2285 4727 D
2311 4662 2571 4731 contextu
2620 4691 2778 4731 sacro
2808 4662 3092 4744 coaptat-ise
3133 4691 3192 4731 se
3232 4662 3637 4730 c'nusuetndini'
3660 4673 3800 4729 LXX
3830 4675 3907 4730 ln-

622 4733 879 4794 Contnn're
910 4734 1041 4790 Sac.
1081 4733 1209 4787 lesu
1249 4739 1633 4806 praemonitus,
1676 4743 1911 4797 Maronis
1943 4759 2065 4799 esse
2092 4760 2217 4800 ver-

620 4828 741 4886 snut
770 4811 839 4864 ab
866 4809 1198 4886 llierouyiuo
1222 4812 1513 4886 recitatum
1541 4815 1839 4886 comperio,
1874 4827 2041 4886 atque
2071 4817 2213 4872 libro

620 4882 834 4939 decimo
864 4879 1127 4937 Euetdus
1150 4882 1416 4950 scriptum
1448 4880 1556 4953 legi
1582 4879 1683 4939 501
1711 4902 1725 4938 :

743 4996 851 5108 gito
886 5007 1015 5045 nunc
1037 4994 1233 5045 Turnus
1253 5003 1368 5045 ovat
1390 4998 1561 5057 spolio,
1588 4998 1874 5108 fudetque
1899 5004 2097 5065 potitus.

789 5061 911 5108 rscia
930 5072 1071 5108 mens
1091 5058 1340 5106 hominum
1366 5060 1466 5108 fati.
1493 5068 1595 5108 sort
1631 5078 1742 5108 “(me
1770 5067 1966 5108 [ιιιιιιοιρ-

789 5061 911 5109 rscia
930 5072 1071 5111 mens
1091 5058 1466 5127 honituuurlitti,
1493 5058 1742 5127 sortisque
1770 5058 1966 5126 futuras,

743 5121 805 5185 Et
826 5132 1027 5170 servar.-
1050 5122 1264 5182 modum,
1287 5120 1440 5169 rebus
1466 5120 1934 5185 sublata'serundis.

739 5184 907 5253 'i‘urtto
926 5190 1120 5253 tempus
1138 5185 1255 5253 erit,
1283 5194 1461 5246 magno
1478 5198 1586 5253 cuiu
1609 5192 1856 5250 Optaverit
1881 5195 2119 5253 emptum,

742 5245 984 5295 Intactum
1004 5243 1243 5305 Pallanta,
1278 5243 1387 5295 cur:
1507 5243 1746 5300 Hausisti.

613 5452 631 5505 ι
662 5376 712 5503 ὑί
743 5377 800 5433 ιη
834 5391 968 5433 mss.
996 5375 1141 5448 quod
1168 5376 1371 5448 passim
1401 5378 1534 5436 alibi
1565 5386 1927 5445 observamus
1949 5426 1963 5451 ,
1991 5393 2076 5440 est
2108 5385 2211 5439 De-

634 5468 659 5505 e
702 5469 739 5504 ι.

634 5468 679 5506 ει
686 5468 739 5504 Ιι.

686 5532 707 5558 ί·
733 5519 990 5602 μςιτιίαιι.
1038 5519 1209 5587 Dath,
1249 5535 1349 5591 pro
1388 5519 1563 5575 Daath
1593 5564 1608 5588 ,
1642 5523 1785 5592 quod
1829 5539 1961 5578 mss.
2010 5540 2201 5583 omnes

615 5596 1076 5733 fn‘tutiiescit
1114 5662 1252 5731 quod
1274 5666 1470 5733 factum
1517 5664 1604 5720 sit.
1653 5662 1811 5718 Nulla
1843 5675 1927 5719 est
1970 5666 2024 5720 in
2050 5667 2198 5724 LXX

609 5730 1231 5804 lnterpretnbusmentio
1259 5730 1441 5793 rerum
1495 5737 1917 5804 pratteritarum,
1960 5739 2053 5793 sed
2103 5756 2197 5796 ne-

605 5816 710 5872 que
743 5804 793 5852 iii
830 5802 1055 5859 Hebraeo
1096 5804 1382 5864 hodierno.
1432 5802 1520 5863 ubi
1569 5808 1796 5881 legimus
1821 5818 1946 5873 ιιι-τ’
1974 5818 2113 5869 ηενρ
2142 5820 2193 5873 ’D

2320 4758 2647 4817 terpretum;
2673 4749 2725 4801 in
2754 4748 3163 4802 Comiuentario
3193 4758 3371 4802 autem
3404 4747 3475 4802 de
3505 4746 3674 4801 verbo
3698 4748 3762 4798 ad
3791 4761 3905 4800 vcr-

2319 4818 2446 4872 btttn
2468 4834 2537 4873 ex
2567 4819 2796 4874 llebrmn
2824 4833 3080 4874 sermone
3117 4819 3469 4873 transtulisse
3516 4820 3660 4887 quod
3703 4818 3902 4886 legebat

2318 4890 2371 4943 in
2419 4891 2531 4943 suis
2584 4891 3019 4957 exemplaribus,
3076 4900 3175 4944 aut
3224 4891 3275 4944 in
3324 4889 3585 4957 Hesaplts
3630 4889 3899 4957 Origenis.

2318 4959 2503 5031 Neque
2542 4977 2673 5016 vero
2710 4963 2871 5015 aliter
2915 4961 3130 5030 legebat
3178 4976 3301 5015 cum
3342 4960 3625 5029 Vulgatam
3667 4969 3900 5014 n0stram

2322 5044 2508 5103 postea
2563 5033 2716 5088 nobis
2746 5032 2919 5087 edidit
2952 5048 2983 5087 e
3024 5033 3334 5103 purissimis
3370 5031 3584 5085 Helirzei
3641 5033 3903 5087 sermonis

2320 5102 2603 5175 fontibus;
2652 5104 2781 5157 dicit
2810 5106 2954 5159 enim
2983 5121 2995 5157 :
3028 5102 3166 5171 Quia
3205 5105 3410 5175 ignorat
3430 5103 3712 5173 prieten'ta,
3747 5113 3793 5154 et
3817 5106 3899 5171 [u-

2318 5182 2435 5227 tura
2466 5174 2613 5228 nullo
2633 5176 2764 5228 scire
2796 5186 2957 5242 potest
2978 5176 3183 5229 nuntio.
3229 5174 3237 5175 ί
3528 5175 3797 5228 Mantum.

2387 5274 2457 5286 -—
2496 5246 2671 5299 Probe
2701 5256 2944 5300 notatum
2980 5257 3063 5300 est
3088 5245 3402 5300 Martianazo
3428 5288 3441 5310 ,
3472 5246 3523 5297 in
3556 5246 3783 5298 llebrmo
3810 5244 3897 5297 ha-

2314 5314 2431 5372 beri
2448 5320 2633 5378 manu,
2658 5317 2795 5387 quod
2827 5320 3060 5385 futurum
3080 5325 3175 5380 est,
3205 5331 3305 5384 pro
3329 5333 3435 5385 quo
3464 5316 3686 5371 llieron.
3718 5316 3901 5386 legerit

2314 5387 2366 5443 in
2400 5405 2500 5441 suo
2530 5388 2833 5454 exemplari
2858 5392 3027 5452 mmo,
3057 5387 3194 5453 qttod
3216 5391 3414 5457 factum
3443 5396 3536 5441 est.

2383 5469 2409 5507 ε
2453 5458 2521 5513 Ει
2569 5459 2856 5531 egredienti:
2902 5462 2971 5513 ad
3008 5456 3295 5527 imperium.
3335 5459 3498 5531 Juxta
3547 5456 3725 5512 editos
3758 5467 3897 5531 ante

2309 5544 2408 5585 nos
2440 5519 2620 5601 libros,
2639 5530 2723 5583 hic
2758 5532 3038 5601 legendum
3073 5519 3235 5601 foret,
3264 5540 3310 5583 et
3336 5528 3679 5601 egredientem
3699 5529 3769 5581 ad
3793 5530 3892 5583 im-

2306 5603 2504 5669 perium
2529 5600 2740 5655 Domini
2761 5598 2996 5672 spiritum
3018 5598 3310 5670 prohibere.
3341 5598 3491 5654 Nihil
3518 5602 3746 5670 prodest,
3776 5613 3880 5655 etc.

3521 5672 3785 5725 Maurus.

2371 5740 2398 5814 ξι
2425 5742 2686 5814 ﬂendose
2708 5750 2868 5798 antea
2896 5751 3017 5798 erat
3042 5742 3388 5814 opprimatur.

2300 5874 2329 5885 κ
2378 5812 2391 5849 ί
2432 5812 2597 5870 Addit
2643 5812 2815 5869 Vatic.
2852 5824 2897 5868 et
2935 5812 3252 5885 presumptio
3290 5814 3513 5899 spiritus
3545 5827 3889 5887 :perperam.
