3998 6318
86 277 232 338 1077

1093 277 1642 341 COMMENTARIUS
1680 281 1746 339 1N
1790 283 2324 342 ECCLESIAS‘I‘EN.
2949 279 3020 320 τ’

3258 283 3401 339 1078

85 405 109 433 ιι
155 397 264 452 cito
294 414 311 452 :
351 398 471 453 ideo
496 399 748 472 repletum
774 407 848 454 est
881 413 969 452 cor
992 396 1226 468 ﬁliorum
1253 397 1476 451 hominis
1505 399 1559 453 in
1599 401 1691 464 eis,
1723 399 1776 462 Α
1803 401 2062 456 nilestum
2104 412 2190 458 est
2231 401 2360 471 quid
2414 403 2516 456 iste
2560 399 2934 466 transtulerit,
2976 398 3080 455 hoc
3113 399 3409 456 dicendum

81 498 141 542 ut
164 491 368 562 faciant
398 491 623 547 malum.
645 491 812 556 Dedi,
846 489 1048 560 inqttit,
1083 504 1178 544 Cor
1205 506 1383 544 meum
1404 532 1418 555 ,
1453 499 1512 544 ut
1535 505 1698 548 omne

79 583 235 652 quod
287 583 392 639 sub
442 584 561 637 sole
607 583 844 653 geritur,
899 582 1172 643 intuerer,
1219 592 1269 636 et
1303 582 1405 637 hoc
1448 581 1535 636 vel
1586 597 1698 637 ma-

80 675 270 742 xime,
317 675 460 746 quod
500 675 663 730 homo
700 675 909 741 accepit
942 675 992 728 in
1031 675 1305 729 hominem
1337 685 1694 745 potestatem,

76 773 144 820 ut
173 782 551 836 quoscumque
592 767 704 819 vult
744 765 946 831 afﬂigat
977 775 1138 836 atque
1193 767 1537 822 condemnet.
1564 767 1696 823 Cum

77 859 273 930 itaque
314 870 553 914 mentem
598 873 773 914 meam
815 859 881 913 ad
931 859 1046 914 lucc
1079 860 1332 915 intuenda
1364 861 1652 931 dirigerem
1679 903 1696 930 ,

76 953 197 1008 vidi
236 955 432 1024 impios
463 970 586 1008 cum
621 953 718 1008 tali
750 953 1006 1020 Opinione
1034 966 1302 1021 mortuos,
1328 964 1382 1010 et
1410 956 1488 1010 sic
1516 955 1700 1025 sepul-

77 1055 172 1100 tos
195 1087 209 1110 ,
253 1055 309 1100 ttt
347 1047 514 1101 sancti
545 1048 949 1101 restimarentur
980 1048 1029 1100 in
1058 1056 1201 1102 terra
1221 1091 1233 1110 ,
1266 1048 1354 1118 qui
1385 1057 1439 1102 et
1468 1064 1590 1102 cum
1618 1047 1700 1102 vi-

78 1150 313 1207 verent,
359 1141 687 1210 putabantur
732 1139 759 1178 δ
789 1139 934 1210 digni
969 1140 1215 1196 Ecclesia
1247 1153 1300 1196 et
1335 1143 1537 1212 tctnplo
1571 1143 1696 1212 Dei,

77 1232 316 1304 insuper
367 1234 707 1288 ambulantes
749 1233 978 1299 tumidi,
1031 1233 1392 1289 laudabantur
1438 1235 1490 1290 in
1543 1238 1698 1293 malis

78 1325 227 1390 suis,
259 1337 280 1365 ε
306 1328 445 1381 sicut
472 1328 731 1396 scriptum
758 1337 839 1381 est
874 1344 886 1380 :
917 1325 1188 1380 Laudatur
1213 1329 1347 1380 enim
1379 1339 1618 1398 peccator
1643 1329 1698 1382 in

77 1419 371 1474 desideriis
416 1421 603 1473 animm
634 1437 762 1488 sua’,
791 1430 838 1474 et
867 1421 957 1491 qui
985 1421 1166 1491 iniqua
1188 1422 1347 1492 gerit,
1379 1422 1698 1476 benedicitur

80 1509 217 1581 (Ps.
271 1527 362 1574 IS,
412 1510 529 1581 ‘24).
579 1513 692 1566 Hoc
747 1522 926 1567 autem
976 1521 1264 1582 propterea
1313 1513 1519 1580 evenit,
1569 1514 1696 1584 quia

80 1616 262 1655 nemo
310 1602 656 1671 peccantibus
686 1599 711 1638 ἀ
743 1602 910 1657 audet
939 1603 1350 1668 contradicere,
1391 1619 1490 1657 nec
1513 1603 1694 1658 statim

80 1697 276 1749 scelus
313 1694 589 1749 ulciscitur
620 1695 785 1762 Deus,
818 1695 911 1749 sed
945 1695 1130 1751 diﬂ'ert
1159 1711 1398 1767 plenam,
1429 1695 1557 1749 dum
1603 1710 1697 1750 ex-

1802 502 1883 547 est
1931 492 2073 564 quod
2116 493 2348 548 verbum
2390 493 2718 548 llebraicum
2766 506 2947 547 ιιΑΑτιι
3001 491 3216 565 (nam),
3259 489 3408 564 quod

1803 583 2158 654 Septuaginta
2207 602 2268 640 ea:
2310 594 2465 650 tunc,
2510 583 2938 650 transtulerunt,
2989 595 3043 638 et
3086 601 3185 638 nos
3222 584 3414 641 centies

1802 677 2104 746 posuimus,
2136 678 2329 745 Aquila
2354 691 2407 731 et
2433 676 2802 748 Symmachus
2831 687 2884 731 et
2913 675 3240 742 Theodotio,
3265 691 3411 730 mor-

1801 782 1920 825 tuus
1951 780 2056 838 est,
2097 771 2440 837 interpretati
2473 778 2630 838 sunt,
2663 779 2718 824 ut
2748 770 2820 824 sit
2847 780 2872 816 ε
2897 783 3125 834 sensus,
3158 769 3247 839 qui
3283 781 3411 836 pec-

1803 864 1980 929 cavit,
2043 872 2098 918 et
2145 863 2274 918 iecit
2310 863 2547 928 malum,
2603 874 2836 917 mortuus
2893 870 2968 914 est
2998 878 3016 914 :
3072 862 3124 915 in
3156 877 3224 916 eo
3253 862 3404 915 enim

1802 955 1944 1025 quod
1976 956 2240 1025 peccavit,
2277 955 2459 1010 statim
2492 966 2739 1008 mortuus
2785 963 2892 1008 εει,
2935 953 2991 1009 Si
3035 963 3217 1007 autem
3250 952 3409 1020 juxta

1803 1047 2156 1120 Septuaginta
2199 1049 2564 1118 lnterpretes,
2606 1062 2709 1118 pro
2739 1061 2804 1101 eo
2831 1045 2976 1117 quod
3022 1054 3137 1110 est,
3172 1055 3408 1099 mortuus

1799 1149 1893 1205 est,
1927 1139 2218 1209 legerimus
2245 1158 2310 1195 ex
2330 1149 2471 1206 tunc,
2493 1140 2648 1210 juxta
2675 1139 2938 1210 quosdam
2972 1137 3060 1193 ltic
3083 1136 3250 1207 egerit
3279 1153 3406 1193 sen-

1801 1247 1892 1286 sus
1927 1251 1938 1285 :
1974 1231 2236 1287 Peccator
2268 1249 2374 1287 non
2405 1243 2532 1287 tunc
2564 1233 2797 1302 primum
2834 1239 3044 1299 peccat,
3080 1230 3301 1302 quando
3328 1228 3409 1284 vi-

1801 1323 1962 1378 detur
2013 1324 2190 1378 facere
2243 1335 2556 1392 peccatum,
2609 1321 2705 1375 sed
2757 1322 2868 1389 jam
2917 1329 3046 1376 aute
3086 1319 3334 1390 peccavit
3387 1336 3403 1372 :

1801 1417 2022 1470 Alienati
2051 1415 2158 1488 [AL
2191 1415 2496 1490 abalienati]
2528 1425 2647 1470 sunt
2687 1416 2826 1467 enim
2857 1424 3152 1486 peccatores
3175 1430 3203 1464 a
3232 1413 3408 1484 vulva,

1800 1519 2097 1562 erraverunt
2138 1525 2167 1561 a
2207 1520 2379 1564 ventre
2414 1507 2532 1581 (Ps.
2576 1522 2710 1571 Lvtt,
2743 1504 2837 1578 4);
2873 1513 2926 1560 et
2972 1514 3225 1575 quierunt
3268 1503 3406 1574 ltoc,

1798 1600 1942 1670 quod
1975 1601 2244 1670 sequitur,
2275 1601 2434 1654 locuti
2472 1609 2590 1652 sunt
2620 1598 2774 1668 falsa,
2805 1596 3080 1667 quomodo
3105 1596 3276 1666 possit
3309 1611 3410 1651 cx-

1801 1693 1926 1760 poui
1960 1709 1972 1744 :
2013 1690 2179 1764 5.55
2205 1692 2431 1763 simplex
2465 1691 2614 1744 enim
2649 1688 3009 1756 intelligentia
3041 1688 3249 1742 habere
3280 1701 3413 1742 con-

79 1795 300 1854 Spcctat
343 1789 740 1858 paenitentiam.
787 1789 1106 1845 Peccatores
1152 1802 1364 1856 autem,
1410 1791 1533 1861 quia
1587 1805 1692 1845 non
1726 1794 1772 1855 Β
1800 1788 2135 1854 sequentiam
2166 1801 2274 1839 non
2297 1784 2531 1848 videtur,
2564 1783 2820 1854 parvulos
2854 1790 3193 1851 peccatores,
3219 1783 3410 1838 statim

77 1879 274 1934 statim
316 1883 493 1948 arguti
545 1891 706 1953 atque
744 1885 983 1951 Correpti
1017 1891 1175 1948 sunt,
1211 1895 1465 1954 putantes
1491 1901 1695 1955 aequae

77 1989 250 2042 quam
276 1973 518 2030 futurum
545 1991 665 2031 esse
691 1976 976 2043 judicium,
1009 1977 1060 2030 in
1088 1978 1290 2032 scelere
1320 1986 1694 2046 perseverant.

78 2065 389 2121 Possumus
443 2069 545 2123 hoc
597 2069 908 2122 testimonio
945 2069 1020 2122 uti
1067 2069 1336 2122 adversus
1378 2070 1695 2139 episc0pos,

74 2158 176 2228 qui
204 2168 545 2228 acceperunt
588 2159 641 2213 in
688 2159 926 2214 Ecclesia
959 2169 1316 2229 potestatem.
1351 2171 1402 2214 et
1427 2160 1697 2215 scandali-

73 2262 212 2304 zaut
267 2253 438 2322 magis
488 2268 612 2316 cos,
653 2267 789 2322 quos
821 2253 1018 2308 docere
1058 2262 1111 2307 et
1137 2252 1202 2306 ad
1238 2252 1460 2306 meliora
1492 2252 1696 2308 debue-

76 2351 214 2397 rant
257 2345 504 2399 incitare.
542 2344 603 2398 lli
643 2342 958 2415 frequenter
982 2341 1146 2417 ἀει
1174 2352 1292 2414 post
1318 2355 1548 2398 mortem
1577 2344 1698 2398 lau-

77 2435 294 2488 dantur
340 2436 392 2489 in
437 2435 679 2490 Ecclesia
710 2477 724 2502 ,
757 2445 810 2490 et
845 2436 985 2490 beati
1034 2439 1085 2490 in
1125 2437 1243 2500 bis,
1272 2451 1396 2507 qua:
1429 2451 1538 2490 non
1571 2451 1699 2504 pro—

80 2527 347 2582 babiliter
371 2527 632 2591 fecerant,
666 2529 884 2596 publice
915 2531 1029 2586 sive
1055 2546 1080 2582 a
1113 2530 1548 2597 successoribus,
1583 2530 1698 2585 sive

83 2635 112 2670 a
165 2619 382 2688 pupulis
420 2619 806 2690 prmdicantur.
847 2621 912 2675 Et
963 2621 1064 2677 hoc
1113 2623 1292 2693 itaque
1337 2637 1531 2675 vanum
1575 2630 1696 2687 est,

83 2710 216 2780 quia
263 2711 406 2764 enim
436 2727 543 2766 non
577 2720 632 2765 ut
657 2721 921 2782 egerunt,
961 2714 1039 2767 sic
1077 2713 1325 2783 audiunt,
1381 2730 1479 2768 nec
1514 2714 1692 2768 statim

85 2802 468 2870 corripiuntur
493 2803 548 2858 in
575 2815 797 2871 peccato
825 2819 926 2858 suo
959 2804 1143 2875 (nemo
1170 2806 1371 2876 quippe
1421 2805 1583 2859 audet
1608 2819 1697 2860 ac-

87 2909 290 2949 cusare
327 2895 636 2964 majorem),
686 2907 975 2966 propterea
1028 2899 1180 2966 quasi
1223 2896 1394 2951 sancti
1430 2906 1484 2951 ct
1516 2896 1694 2964 beati,

87 2998 147 3041 et
179 2989 233 3040 in
260 2989 541 3057 praeceptis
574 2988 786 3042 Domini
819 2989 1196 3054 ambulantes,
1236 2999 1436 3058 augent
1473 2999 1693 3058 peccata

89 3080 354 3149 peccatis.
414 3079 656 3134 Difficilis
705 3091 790 3136 est
843 3083 1121 3137 accusatio
1168 3084 1218 3135 in
1258 3083 1593 3152 episcopum.
1635 3081 1692 3139 Si

89 3173 205 3243 [AL
238 3170 305 3224 Et
332 3170 399 3243 si]
430 3173 576 3228 enim
613 3163 949 3242 peccaverit,
986 3191 1090 3230 non
1122 3174 1382 3242 creditur,
1414 3185 1466 3230 et
1495 3177 1536 3229 si
1564 3191 1694 3230 con-

92 3264 275 3319 vietus
301 3262 494 3331 fuerit,
521 3280 629 3320 non
660 3269 903 3335 punitur.

170 3357 312 3423 Quia
344 3371 581 3427 peccator
631 3363 755 3429 facit
786 3363 983 3415 malum
1016 3364 1236 3425 centies,
1268 3374 1316 3416 et
1340 3362 1547 3434 elongat
1575 3371 1598 3399 ο
1628 3363 1693 3416 ei.

93 3450 184 3504 Ex
229 3450 324 3502 hoc
373 3467 622 3522 cognosco
665 3470 798 3525 ego,
845 3454 984 3525 quod
1029 3455 1124 3507 erit
1171 3453 1359 3507 bonum
1407 3452 1698 3508 timentibus

87 3543 291 3607 Deum,
319 3546 406 3614 qui
433 3547 679 3601 timebunt
703 3566 734 3602 a
765 3550 898 3617 facie
919 3552 1053 3619 ejus.
1074 3548 1152 3602 Ex
1183 3565 1249 3603 eo
1280 3549 1423 3618 quod
1451 3546 1696 3618 peccanti

89 3637 430 3707 plurimum,
486 3639 588 3693 hoc
638 3641 835 3710 quippe
877 3641 1148 3710 signiﬁcat
1171 3642 1395 3704 centies,
1427 3640 1519 3695 dat
1557 3641 1697 3696 Deus

89 3731 275 3784 locum
309 3733 675 3801 pmoiteutim,
708 3743 766 3788 et
793 3747 899 3787 non
930 3749 1055 3787 eum
1083 3734 1264 3788 statim
1311 3734 1460 3803 punit
1489 3735 1539 3788 in
1571 3748 1696 3789 sce-

89 3819 211 3874 lere
239 3861 255 3886 ,
309 3820 408 3875 sed
457 3832 767 3890 exspectat,
819 3833 873 3876 ut
919 3833 1272 3879 convertatur
1319 3825 1387 3878 ab
1413 3824 1697 3894 iniquitate

88 3927 193 3967 sua
227 3927 368 3982 :ego
394 3913 663 3982 intelligo,
695 3931 856 3984 quam
887 3917 1154 3987 benignus
1180 3926 1236 3971 et
1267 3917 1580 3971 misericors
1606 3932 1698 3970 su-

91 4021 194 4074 per
222 4021 318 4060 eos
345 4005 559 4060 futurus
591 4009 664 4060 sit
695 4008 871 4073 Deus,
905 4011 991 4078 qui
1028 4009 1232 4064 habent
1259 4010 1511 4064 timorem
1543 4009 1694 4078 ejus,

89 4107 149 4151 et
227 4097 294 4151 ad
348 4098 572 4154 verbum
625 4097 771 4153 illius
833 4103 1285 4155 contremiscunt.
1335 4101 1695 4172 Symmachus

92 4193 248 4246 ltuuc
277 4194 450 4248 locum
481 4197 553 4246 ita
579 4193 858 4249 transtulit
886 4211 898 4247 :
933 4193 1164 4249 Peccans
1194 4196 1327 4250 enim
1357 4196 1525 4248 malus
1553 4211 1693 4247 utor-

88 4296 216 4338 tuus
257 4296 352 4350 est,
392 4284 408 4323 ῐ
445 4287 839 4356 longanimitate
877 4303 1118 4339 concessa
1148 4289 1212 4340 ei.
1249 4287 1413 4340 Porro
1448 4303 1538 4357 ego
1567 4288 1693 4352 scio,

86 4378 221 4446 quia
247 4377 344 4430 erit
371 4379 497 4431 bene
531 4379 828 4433 timentibus
856 4377 1026 4433 Deum
1046 4422 1057 4442 ,
1081 4379 1168 4448 qui
1192 4378 1472 4449 timuerunt
1506 4394 1536 4430 a
1565 4377 1696 4445 {acie

86 4472 230 4536 eius.
270 4469 470 4524 Bonum
493 4488 612 4525 vero
642 4489 743 4525 nou
772 4474 867 4526 erit
902 4473 1102 4543 iniquo,
1145 4488 1304 4540 neque
1327 4473 1479 4542 longo
1510 4488 1696 4542 super-

1802 1886 1861 1929 ut
1890 1877 1961 1930 de
1993 1877 2152 1930 vulva
2184 1877 2341 1946 cjecti
2375 1887 2524 1939 sunt,
2561 1874 2907 1928 mendacium
2932 1874 3104 1944 loqui.

1875 1969 1942 2023 Et
1971 1972 2159 2023 bonum
2182 1985 2283 2022 non
2308 1969 2374 2022 sit
2399 1968 2582 2037 impio.
2616 1976 2665 2020 et
2693 1984 2795 2019 non
2819 1966 3093 2036 prolonget
3122 1966 3231 2019 dies
3255 1964 3413 2036 quasi

1801 2063 2014 2124 umbra,
2059 2062 2150 2128 qui
2192 2078 2295 2113 non
2339 2061 2481 2112 timet
2517 2076 2548 2111 a
2579 2059 2713 2128 facie
2746 2057 2862 2111 Dei.
2905 2057 3246 2125 Imprecatur
3273 2055 3414 2112 male

1802 2155 1888 2206 bis
1917 2152 2008 2222 qui
2047 2169 2151 2206 non
2189 2152 2389 2205 habent
2429 2151 2682 2204 timorem
2707 2147 2826 2212 Dei,
2853 2161 2903 2200 et
2927 2157 3076 2216 optat
3101 2163 3168 2201 ne
3186 2148 3276 2200 ditt
3308 2145 3409 2202 dif-

1799 2247 2005 2299 feratur
2051 2242 2080 2280 ιι
2121 2244 2187 2298 ad
2231 2258 2480 2311 prunam,
2521 2240 2616 2296 sed
2655 2241 2838 2294 statim
2885 2247 3062 2293 morte
3100 2239 3410 2306 subtracti,

1800 2337 2078 2391 cruciatus
2121 2334 2406 2404 recipiant,
2457 2348 2593 2403 quos
2634 2342 2942 2387 merentur.
2974 2331 3168 2386 Simile
3201 2331 3327 2396 quid
3355 2339 3414 2387 et

1800 2427 2095 2498 Apostolus
2122 2427 2361 2495 loquitur
2389 2444 2399 2479 :
2430 2425 2644 2480 Utinam
2672 2425 3033 2497 pra'cidantur
3056 2424 3144 2496 qui
3168 2435 3256 2477 eos
3275 2440 3404 2477 con-

1801 2523 2008 2576 turbant
2040 2521 2239 2590 (Galat.
2273 2537 2339 2587 v,
2384 2520 2495 2590 l2).
2536 2521 2600 2574 Et
2640 2520 2771 2574 alibi
2802 2538 2814 2573 :
2859 2518 3159 2573 Alexander
3185 2519 3406 2573 trraritts

1801 2617 1963 2669 multa
2008 2613 2134 2668 mihi
2183 2615 2320 2667 mala
2369 2613 2594 2668 ostendit
2637 2629 2655 2665 :
2698 2611 2883 2664 reddat
2931 2611 3010 2664 illi
3045 2607 3295 2664 Dominus
3324 2625 3406 2664 se-

1796 2710 2024 2764 cundum
2068 2724 2226 2775 opera
2269 2707 2381 2777 ejus
2413 2703 2491 2778 (ll
2529 2705 2666 2758 Tim.
2710 2719 2786 2769 tv,
2815 2703 2929 2776 ill).
2968 2704 3402 2773 Qtnuquomodo

1794 2803 2094 2858 clementer
2137 2800 2282 2855 dicta
2319 2798 2428 2854 sint
2453 2842 2467 2864 ,
2511 2798 2902 2869 requirendum
2936 2810 3040 2855 est.
3089 2799 3214 2851 Haec
3246 2799 3405 2866 juxta

1797 2908 1993 2951 sensus
2015 2893 2266 2947 llebraici
2297 2893 2602 2948 veritatem.
2637 2890 2694 2946 Si
2729 2893 2852 2962 quis
2880 2905 3010 2945 vero
3042 2889 3403 2959 Septuaginta

1797 2991 2127 3058 lnterpretes
2173 2986 2440 3055 sequitur,
2481 2987 2570 3056 qui
2619 2985 2772 3056 quasi
2820 2985 2888 3038 ab
2929 2983 3037 3038 alio
3069 2998 3231 3038 sensu
3269 2981 3405 3038 inci-

1798 3083 2040 3152 pientes,
2087 3080 2349 3135 dixerunt
2377 3097 2389 3132 :
2439 3077 2500 3131 Et
2531 3095 2625 3148 ego
2670 3093 3004 3150 recognosco,
3037 3076 3163 3147 quia
3191 3076 3285 3128 erit
3315 3075 3407 3128 bo-

1721 3171 1765 3232 C
1801 3193 1924 3228 num
1956 3174 2256 3228 timentibus
2289 3171 2482 3239 Deum,
2515 3182 2572 3226 ut
2605 3174 2821 3226 timeant
2853 3189 2882 3224 a
2909 3171 3046 3242 facie
3075 3174 3208 3242 ejus,
3239 3181 3287 3224 et
3317 3171 3423 3244 bo-_

1801 3282 1924 3321 num
1950 3281 2051 3319 non
2081 3265 2177 3319 erit
2209 3265 2388 3336 impio,
2424 3253 2474 3319 ei
2500 3281 2601 3318 non.
2620 3263 2948 3334 prolongabit
2971 3261 3080 3316 dies
3097 3261 3152 3316 in
3176 3261 3359 3315 umbra
3382 3278 3405 3316 :

1799 3362 1922 3430 quia
1955 3376 2056 3412 non
2087 3368 2161 3411 est
2189 3359 2376 3411 timens
2411 3375 2443 3410 a
2471 3358 2602 3427 facie
2632 3353 2763 3423 Dei;
2795 3359 2896 3411 boc
2938 3357 3148 3426 poterit
3176 3357 3360 3412 dicere
3384 3369 3404 3408 :

1801 3452 1961 3507 Fient
1989 3449 2204 3520 quidem
2241 3458 2294 3504 et
2321 3449 2434 3512 illa,
2467 3449 2533 3502 de
2565 3447 2760 3518 quibus
2791 3449 2953 3517 paulo
2982 3459 3109 3500 ante
3135 3446 3403 3512 tractavi;

1799 3561 1904 3615 ego
1951 3555 2133 3599 tamen
2164 3542 2616 3598 manifestissime
2648 3557 2947 3613 cognosco,
2970 3540 3096 3610 quia
3128 3541 3268 3594 bene
3299 3537 3410 3595 erit

1802 3642 1885 3695 bis
1919 3641 2008 3709 qui
2054 3641 2243 3693 timent
2271 3654 2298 3691 a
2335 3637 2473 3692 facie
2509 3637 2601 3691 Dei
2637 3655 2650 3691 :
2686 3635 2878 3689 Vultus
2906 3635 3042 3690 enim
3070 3631 3285 3687 Domini
3311 3648 3402 3686 su-

1801 3749 1892 3801 per
1913 3733 2157 3803 facientes
2185 3732 2324 3783 mala
2352 3728 2470 3801 (Ps.
2496 3744 2687 3791 χχχιιι,
2719 3725 2831 3798 l7).
2865 3725 2933 3781 Et
2957 3725 3128 3795 impio
3153 3739 3257 3779 non
3292 3726 3406 3786 erit

1801 3827 1938 3879 bene
1973 3841 1986 3878 :
2018 3838 2126 3878 non
2155 3825 2300 3877 enim
2333 3821 2486 3875 timet
2514 3837 2540 3873 a
2576 3819 2714 3874 facie
2742 3820 2858 3883 Dei,
2897 3827 2951 3873 et
2974 3833 3078 3872 non
3111 3817 3405 3886 prolonga-

1801 3917 1876 3970 bit
1906 3917 2027 3970 dies
2059 3915 2110 3967 in
2143 3915 2356 3976 umbra,
2392 3912 2494 3966 hoc
2517 3922 2625 3977 est,
2656 3911 2776 3965 dies
2807 3911 2935 3963 vita:
2962 3924 3095 3974 sum,
3125 3909 3216 3978 qui
3246 3907 3415 3978 quasi,

1800 4007 1992 4061 umbra
2033 4005 2344 4060 viventibus
2382 4015 2527 4059 sunt.
2587 4002 2603 4040 ί
2641 4003 2756 4058 Non
2796 4003 2940 4056 enim
2984 4001 3036 4055 lti
3061 4043 3076 4068 ,
3100 4002 3192 4071 qui
3227 4000 3402 4055 multo

1799 4115 2045 4170 tempore
2073 4101 2280 4164 vivunt,
2312 4101 2638 4169 prolongant
2664 4100 2781 4153 dies
2811 4113 2961 4160 suos,
2992 4097 3086 4151 sed
3118 4097 3208 4166 qui
3239 4111 3402 4164 gran-

1797 4195 1897 4250 dcs
1933 4209 2028 4249 eos
2057 4192 2262 4248 faciunt
2283 4193 2555 4248 bonorum
2578 4207 2804 4260 operum
2830 4188 3218 4258 magnitudine.
3245 4185 3402 4260 Unde

1797 4297 1853 4345 et
1877 4285 2048 4343 Jacob
2071 4286 2226 4358 quasi
2253 4302 2311 4341 se
2338 4295 2682 4357 peccatorem
2715 4285 3004 4348 confitens,
3037 4281 3164 4334 dicit
3193 4297 3206 4333 :
3239 4279 3403 4333 Parvi

1797 4389 1844 4433 et
1890 4380 2018 4434 mali
2055 4379 2164 4432 dies
2193 4379 2296 4432 mei
2333 4375 2491 4447 (Gen.
2523 4391 2689 4439 XLVII,
2721 4375 2800 4445 9).
2837 4373 2902 4428 Et
2933 4373 2989 4427 in
3031 4371 3239 4444 psalmo
3266 4386 3402 4426 cou-

1798 4474 1959 4528 litens
2011 4491 2025 4527 :
2072 4471 2232 4535 Dies,
2283 4469 2497 4538 inquit,
2547 4470 2645 4522 mei
2709 4470 2844 4522 sicut
2887 4465 3111 4520 umbrai
3158 4465 3401 4520 inclinati

87 4565 194 4617 erit
213 4573 458 4634 tempore,
489 4565 612 4634 quia
643 4580 743 4618 non
765 4565 941 4620 timuit
967 4582 999 4618 a
1026 4565 1160 4634 facie
1185 4562 1302 4617 Dei.
1330 4564 1396 4618 Et
1425 4563 1547 4634 quia
1579 4581 1690 4618 ma-
1715 4562 1772 4622 D
1797 4575 1913 4619 sunt
1954 4565 2078 4638 [AL
2125 4559 2547 4633 declinaverunt]
2589 4559 2710 4630 (Ps.
2759 4575 2832 4627 Cl,
2881 4560 2971 4631 1‘2)
2996 4604 3012 4630 ,
3068 4570 3114 4636 et
3145 4577 3239 4632 ego
3269 4560 3400 4614 sicut
3449 4604 3454 4608 .

170 4726 196 4756 ι
220 4717 553 4784 Αάνει·1›ἱυιη
578 4721 700 4787 cito,
726 4730 781 4778 et
808 4736 929 4778 mox
958 4721 1182 4777 voculas
1208 4721 1261 4774 in
1286 4721 1385 4787 eis,
1415 4719 1524 4775 duo
1557 4735 1692 4778 mss.

93 4788 345 4866 vatiuati.
379 4798 435 4866 et
468 4791 696 4866 Palatio.
733 4795 1011 4866 ignorant.

167 4859 196 4932 ιτ
234 4861 346 4932 Duo
386 4861 658 4930 Palatini,
705 4859 826 4918 etim
870 4865 1031 4919 editis
1059 4875 1189 4916 ante
1217 4863 1466 4917 Martian.
1499 4863 1657 4917 libris
1680 4908 1693 4932 ,

91 4930 229 5005 quin
261 4931 379 5005 ipse
404 4936 568 5005 etiam
607 4935 892 5005 Alcuiuus,
916 4937 1005 5005 qui
1034 4946 1082 4988 et
1108 4951 1226 4988 cum
1261 4930 1694 5005 viverenttputaé

94 5004 287 5076 bantur
315 5003 457 5074 digni
481 5021 588 5060 esse
615 5004 868 5062 Ecclesia:
899 5003 1180 5076 principes,
1213 5016 1258 5060 et
1284 5009 1476 5072 templo
1505 5003 1620 5060 Dei.

171 5075 195 5104 ⁸
233 5075 404 5132 \‘erba
437 5077 567 5128 sicut
589 5080 838 5148 scriptum
867 5075 961 5143 est,
995 5082 1047 5131 'tu
1083 5078 1253 5131 Vatia.
1285 5089 1337 5131 et
1362 5077 1593 5131 Palatio.
1619 5075 1696 5138 al-

98 5155 222 5199 tero
250 5150 376 5199 Cod.
405 5163 510 5200 non
546 5148 833 5203 habentur.

169 5214 194 5254 ά
219 5218 354 5289 Cum
390 5218 629 5272 Aleuiuo
675 5221 856 5289 legunt
892 5221 1110 5274 Erasm.
1145 5229 1200 5273 et
1231 5218 1525 5289 Victorius,
1553 5233 1701 5271 nemo

99 5288 432 5357 peccantibus
458 5291 713 5358 episcopis
735 5288 886 5344 audet
911 5291 1287 5344 contradicere.

174 5389 243 5432 -έ
264 5359 397 5432 Quia
413 5377 559 5416 nemo
580 5363 909 5430 peccantibus
927 5365 1104 5415 audet.
1128 5362 1414 5432 l’erpvram
1436 5362 1487 5413 itt
1509 5361 1698 5415 iisdem

103 5429 266 5485 editis
300 5431 512 5486 Erasm.
543 5429 595 5486 et
624 5434 851 5487 Marian.
875 5435 1118 5487 additum
1150 5429 1450 5487 estnomen
1484 5433 1702 5501 Episco-

106 5502 211 5573 pis,
240 5503 291 5556 id
315 5513 438 5576 est,
491 5505 615 5575 quia
671 5521 816 5558 nemo
855 5505 1180 5573 peccantibus
1225 5504 1478 5576 episcOpis
1535 5503 1701 5576 audet

105 5572 514 5646 contradicere;
537 5575 642 5629 Sed
675 5577 774 5629 ltoc
805 5572 924 5631 loco
955 5591 1151 5631 nomen
1185 5572 1542 5646 episcoporum
1567 5573 1701 5627 falso

109 5645 455 5718 addiderunt,
496 5649 638 5700 sicut
678 5663 836 5714 supra
870 5648 1396 5718 nomeuprincipnm
1431 5645 1700 5718 Ecclesia’.

184 5716 361 5791 fj'l‘res
379 5732 512 5791 mss.
525 5760 537 5780 ,
555 5726 600 5769 et
615 5719 817 5791 elongat
835 5719 882 5770 ei
898 5717 1056 5791 Deus:
1074 5716 1290 5791 Exhoc,
1310 5729 1413 5770 etc.
1432 5716 1702 5771 Maurus.

192 5784 206 5820 ί
255 5784 608 5859 ιοηςωυίιαιε
652 5784 894 5842 concessa
938 5791 1004 5842 ei.
1035 5789 1092 5843 ιιι
1124 5790 1328 5861 aliquot
1359 5803 1492 5842 mss.
1520 5801 1704 5841 exem-

1797 4721 2039 4788 plaribus
2070 4736 2170 4790 pro
2208 4721 2537 4790 lonngitate
2570 4719 2798 4790 legimus
2833 4721 3312 4792 longanimitatem;
3339 4728 3397 4775 et

1801 4795 1854 4845 itt
1882 4794 2064 4859 editis,
2099 4792 2254 4860 longa
2284 4800 2436 4845 (etate
2466 4807 2705 4846 concessa
2735 4792 2802 4845 ei.
3014 4793 3282 4846 Maurum.

1871 4894 1938 4901 —
1970 4861 2130 4915 Falso
2167 4875 2382 4934 veteres
2413 4861 2540 4916 ctliti
2563 4908 2575 4929 ,
2610 4863 2763 4934 longa
2792 4872 2970 4924 (etate,
3003 4870 3058 4914 et
3081 4863 3170 4934 qui
3205 4864 3401 4934 longa;-

1800 4935 1956 4988 vitate
1975 4935 2264 4988 substituit
2296 4927 2667 4987 Martianaéus.
2689 4927 3058 4986 Ettteudatutts
3085 4927 3402 4999 longnniinia

1802 5016 1905 5060 tate
1939 5021 2006 5061 ex
2036 5015 2269 5075 quatuor
2300 5020 2432 5058 mss.
2465 5004 2689 5073 nostris,
2719 5005 2915 5074 quibus
2939 5012 2994 5055 et
3026 5002 3272 5075 nounullt
3304 5001 3402 5055 alii

1804 5093 1970 5145 penes
2029 5072 2282 5132 e’utttdem
2319 5072 2703 5146 _.\lartian;eutn
2739 5072 3134 5145 sull'ragautur.
3189 5072 3399 5146 Nempe

1801 5141 2171 5220 inamoenum;
2193 5144 2362 5220 vet-tit
2389 5149 2752 5220 Sy‘mutacltus
2771 5193 2784 5216 ,
2811 5157 2867 5220 ut
2894 5141 2945 5200 ei
2978 5157 3162 5201 vetere
3187 5141 3402 5198 scltolib

1799 5217 1853 5274 in
1892 5217 2081 5276 Graeca
2115 5217 2365 5273 Flaminii
2405 5217 2650 5272 editione
2683 5219 3030 5272 ntauil'estuttt
3075 5227 3156 5271 est
3182 5231 3196 5281 ;
3225 5227 3402 5284 eaque

1805 5309 1912 5346 vox
1937 5295 2094 5345 uuice
2121 5289 2563 5357 longanimitatem
2589 5299 2751 5342 sonat
2777 5292 2828 5342 itt
2853 5292 3067 5343 Latino.

1878 5373 1901 5405 κ
1930 5363 2126 5414 Vocem
2165 5353 2341 5416 sensus
2362 5401 2374 5418 ,
2405 5375 2525 5428 qua:
2554 5359 2742 5415 deerat
2770 5357 2822 5413 in
2857 5361 3118 5413 hactenus
3146 5353 3398 5426 vulgatis.

1806 5432 2020 5488 sull‘ecit
2049 5431 2344 5486 Vaticanus
2367 5430 2528 5484 liber.

1883 5505 1904 5538 ¹¹
1939 5507 2108 5557 Antea
2153 5511 2273 5560 erat
2316 5499 2624 5565 ili/forantur
2663 5517 2693 5570 τι
2736 5517 2906 5570 pinna.
2943 5497 3207 5574 Legerint
3245 5511 3410 5568 porro

1811 5576 2010 5628 laudati
2044 5575 2374 5642 lnterpretes
2400 5579 2513 5636 DD,
2549 5588 2642 5641 pro
2671 5576 2829 5626 nam.

1890 5656 1901 5680 ι
1937 5641 2337 5699 ΜειτιὶςιηζΝοη
2369 5643 2506 5711 quod
2543 5645 2596 5698 hi
2618 5689 2630 5710 ,
2658 5650 2742 5713 qui
2770 5643 2932 5696 multo
2959 5653 3184 5714 tempore
3211 5641 3403 5706 vivant,

1811 5717 2116 5787 prolongent
2146 5717 2254 5768 dies
2285 5731 2425 5787 suos.

1891 5793 1900 5835 t
1943 5779 2086 5840 Sicitt
2117 5787 2297 5840 umbra
2333 5785 2567 5840 inclinati
2595 5795 2734 5839 sunt.
2766 5782 2844 5841 Ita
2874 5786 3244 5856 leguntmss.:
3278 5779 3412 5838 editi
