3998 6326
615 271 628 322 l
643 266 749 323 083

1853 260 1911 318 S.
1955 251 2228 318 EUSEBII
2268 255 2646 319 HIERONYMI

3797 255 3934 316 ιοδι

611 399 722 437 rem
755 381 1046 438 humanum
1070 389 1121 433 et
1149 377 1625 444 consuetudinem,
1655 391 1758 450 qua
1790 392 1849 432 se
1883 375 1948 432 ad
1979 376 2204 438 fruenda
2237 379 2279 438 Α
2310 378 2530 454 quando
2559 394 2666 434 non
2699 377 2996 444 aestimant,
3029 373 3310 448 repentina
3347 383 3533 430 morte
3566 372 3834 429 subducti
3860 373 3924 430 ad

609 473 765 540 hujus
821 470 1007 532 saeculi
1057 469 1196 524 bona
1247 469 1476 524 invicem
1531 469 1836 534 hortamur,
1892 467 2118 536 inducit,
2152 477 2206 532 et

612 562 1040 641 προσωπὸποιΐαν
1071 559 1510 635 (prosopOpwiau)
1543 570 1568 598 ει
1602 562 1720 615 facit
1742 576 1893 615 more
1923 559 2202 615 rhetorum

609 663 663 712 et
687 663 990 724 poetarum,
1043 654 1231 707 dicens
1267 656 1348 707 :0
1373 651 1557 720 homo,
1588 653 1711 723 quia
1753 668 1882 722 ergo
1911 661 2031 722 post
2055 667 2201 705 mor-

606 758 712 803 tem
741 746 767 785 ι)
797 748 926 807 nihil
947 762 1028 810 es.
1061 758 1114 802 et
1137 761 1283 801 mors
1315 748 1428 816 ipsa
1463 744 1596 800 nihil
1627 755 1733 812 est,
1762 744 1883 799 audi
1913 743 2204 799 consilium

610 857 826 905 meum,
886 849 941 896 et
999 840 1124 894 dum
1182 840 1318 894 vivis
1364 839 1416 894 in
1471 839 1573 895 hac
1614 839 1762 893 brevi
1823 839 1974 905 vita,
2024 837 2204 893 fruere

612 935 891 1006 voluptate
921 975 937 1000 ,
994 942 1146 990 utere
1188 934 1418 1003 dapibus
1455 975 1469 1001 ,
1519 932 1649 992 vino
1698 948 1860 989 curas
1912 934 2202 1004 opprime,

612 1038 664 1082 et
736 1028 1024 1098 iutellige,
1090 1028 1344 1099 quoniam
1395 1043 1422 1082 a
1485 1028 1597 1083 Deo
1645 1028 1738 1083 tibi
1807 1027 2008 1082 donata
2079 1035 2205 1082 sunt

608 1119 770 1194 46],
818 1120 882 1174 ad
933 1123 1212 1174 utendum.
1260 1119 1526 1176 Caudidis
1566 1119 1808 1175 vestibus
1840 1131 2067 1175 ornatus
2113 1117 2202 1172 in-

606 1215 771 1276 cede,
822 1214 1113 1282 unguentis
1153 1211 1322 1282 spiret
1377 1223 1538 1282 caput
1581 1221 1731 1266 ttutm
1778 1230 1790 1266 :
1844 1227 2204 1284 qumcumque

605 1306 700 1360 tibi
749 1306 1013 1376 placuerit
1060 1305 1407 1373 feminarum,
1439 1307 1561 1375 ejus
1588 1307 1766 1378 gaude
1795 1306 2115 1378 complexu,
2149 1315 2204 1362 et

601 1414 797 1472 vanam
829 1399 966 1454 hanc
999 1408 1054 1455 et
1081 1402 1301 1456 brevem
1335 1403 1498 1455 vitam
1519 1444 1533 1467 ,
1569 1416 1704 1456 vana
1738 1413 1794 1457 et
1823 1401 1974 1458 brevi
2006 1403 2202 1474 volup-

603 1502 711 1547 tate
741 1508 1021 1561 percurre.
1047 1491 1190 1547 Nihil
1224 1494 1366 1548 enim
1385 1503 1540 1548 extra
1562 1493 1678 1548 hmc
1701 1492 1929 1549 habebis
1945 1495 2200 1563 amplius,

601 1602 708 1659 quo
733 1585 937 1641 fruaris
969 1605 980 1640 :
1013 1586 1398 1661 t‘juodcumque
1431 1595 1483 1641 te
1511 1586 1788 1643 deleCtare
1817 1598 2026 1658 potest,
2056 1588 2204 1643 festi-

603 1697 703 1737 nus
728 1697 919 1752 carpe,
955 1697 1021 1738 ne
1049 1693 1257 1752 pereat.
1287 1681 1476 1752 Neque
1499 1682 1641 1736 enim
1675 1682 1867 1736 frivola
1900 1681 2066 1739 debes
2090 1683 2203 1737 for-

2303 472 2568 541 judicium
2604 472 2843 527 venient.
2883 471 2946 524 Et
2974 469 3246 542 quomodo
3275 467 3455 538 pisces
3482 471 3658 521 hamo
3700 470 3925 537 capiun-

2309 573 2395 617 tur
2414 572 2468 620 et
2498 563 2726 627 retibus,
2758 572 2809 617 et
2837 577 2964 617 aves
2986 577 3082 632 per
3107 577 3287 616 aerem
3313 561 3532 627 liberte,
3567 559 3774 629 laqueo
3801 561 3922 616 dum

2308 657 2564 711 nesciunt
2595 656 2888 726 alligantur
2920 673 2932 706 τ
2967 656 3047 710 sic
3076 663 3130 709 et
3159 655 3412 710 homines
3442 670 3542 724 pro
3587 655 3800 707 merito
3828 669 3924 710 suo

2308 747 2372 801 ad
2407 760 2610 804 :nlerna
2644 750 2910 820 supplicia
2940 747 3302 825 deducentur.
3335 766 3461 804 cum
3500 759 3742 819 repente
3777 765 3920 806 mors

2307 842 2538 906 venerit,
2570 852 2624 897 et
2666 843 2931 913 judicium
2987 843 3038 896 in
3070 858 3196 907 eos,
3244 843 3336 914 qui
3382 845 3658 915 putabant
3706 843 3924 900 incerto

2306 943 2451 989 statu
2487 936 2666 989 omnia
2701 937 2958 991 volutari.
2995 936 3121 992 Harc
3149 937 3300 1006 juxta
3332 953 3456 993 eum
3505 953 3772 1004 sensum,
3821 954 3925 1010 quo

2307 1029 2551 1085 breviter
2577 1029 2846 1086 voluimus
2878 1032 3129 1086 universa
3175 1031 3655 1101 comprehendere
3685 1052 3699 1088 :
3737 1051 3883 1090 nunc
3903 1079 3920 1104 ,

2305 1122 2460 1192 quasi
2494 1137 2597 1176 non
2625 1139 2690 1178 ex
2712 1124 2972 1190 alterius,
3003 1123 3098 1178 sed
3126 1140 3191 1178 ex
3223 1139 3321 1179 sua
3354 1139 3590 1195 persona
3632 1127 3919 1197 loquatur,

2308 1215 2715 1285 interpretanda
2743 1225 2870 1270 sunt
2903 1216 3112 1285 singula
3148 1233 3161 1269 :
3202 1215 3361 1280 Vade,
3397 1218 3612 1272 comede
3640 1220 3697 1273 in
3737 1220 3923 1274 la’titia

2307 1325 2490 1378 panem
2509 1318 2674 1373 tuum,
2700 1320 2744 1363 et
2763 1307 2875 1361 bibe
2901 1309 2953 1361 in
2971 1308 3122 1362 corde
3139 1309 3270 1362 bono
3290 1307 3455 1382 462
3479 1311 3654 1364 vinum
3684 1321 3708 1348 ε
3737 1322 3885 1365 tuum
3901 1325 3922 1366 :

2304 1401 2426 1470 quia
2475 1401 2898 1469 complacuerunt
2949 1398 3058 1454 Deo
3103 1417 3261 1470 opera
3295 1413 3404 1456 tua.
3458 1402 3591 1468 Quia
3642 1403 3916 1474 didicisti,

2304 1495 2446 1563 quod
2481 1503 2657 1548 morte
2703 1492 2885 1547 omnia
2917 1493 3198 1560 liniantur,
3229 1502 3283 1548 et
3333 1494 3386 1549 in
3436 1495 3650 1550 inferno
3701 1512 3816 1552 non
3849 1498 3919 1552 sit

2307 1585 2650 1656 paenitentia,
2679 1601 2779 1642 nec
2806 1585 3005 1658 aliquis
3030 1586 3094 1642 ad
3121 1589 3354 1643 virtutes
3382 1604 3656 1655 recursus,
3692 1589 3832 1646 dum
3865 1592 3919 1647 in

2306 1682 2412 1734 isto
2435 1681 2634 1734 sacculo
2662 1695 2743 1745 es,
2799 1679 3024 1745 festina,
3080 1679 3355 1737 contende
3385 1680 3404 1718 τ
3432 1697 3590 1752 agere
3620 1687 3919 1751 paeniten-

604 1774 813 1830 midare
839 1784 1181 1840 commenta,
1228 1775 1371 1846 quod
1413 1776 1754 1846 singulorum
1805 1791 2069 1846 operum,
2117 1777 2200 1832 vel
2233 1770 2280 1830 B
2309 1774 2434 1826 tiam
2471 1790 2483 1825 :
2515 1772 2641 1827 dum
2693 1773 2860 1827 habes
2908 1783 3141 1843 tempus,
3187 1773 3390 1828 labora.
3442 1773 3700 1830 Libenter
3744 1778 3920 1834 enim

603 1869 870 1922 bonorum
894 1909 907 1933 ,
945 1867 1026 1921 vel
1061 1870 1326 1923 malorum
1370 1869 1513 1938 apud
1547 1868 1755 1923 inferos
1787 1869 1880 1923 tibi
1921 1869 2198 1924 reddenda

599 1960 666 2013 sit
697 1959 802 2032 [ΑΙ.
838 1959 944 2033 est]
989 1960 1148 2014 ratio.
1184 1959 1300 2016 Non
1327 1968 1412 2014 est
1441 1963 1586 2015 enim
1615 1960 1793 2030 aliqua
1827 1962 1876 2014 in
1907 1971 2082 2016 morte
2113 1976 2200 2015 sa-

600 2054 803 2124 pientia
837 2071 849 2106 :
881 2053 1064 2108 nullus
1101 2062 1219 2120 post
1245 2052 1663 2109 dissolutionem
1701 2054 1822 2108 vita:
1858 2053 2017 2125 hujus
2050 2065 2070 2092 ε
2107 2070 2195 2109 re-

601 2154 783 2201 manet
808 2161 1019 2202 sensus.
1057 2148 1120 2200 Et
1149 2146 1286 2212 haec,
1320 2146 1516 2218 inquit,
1545 2146 1741 2218 aliquis
1771 2147 2022 2219 loquatur
2069 2147 2200 2220 Epi-

595 2254 757 2294 curus
779 2235 830 2305 ἀ,
856 2249 910 2293 et
935 2238 1248 2309 Aristippus
1277 2246 1331 2292 et
1361 2237 1668 2310 Cyrenaici,
1703 2248 1754 2294 et
1788 2251 2004 2294 cantem
2036 2254 2200 2310 pecu-

595 2329 696 2385 des
743 2329 1216 2402 philosophorum.
1269 2331 1384 2402 Ego
1431 2340 1609 2385 autem
1667 2347 1875 2387 mecum
1908 2333 2200 2404 diligenter

597 2433 933 2492 retractans,
967 2425 1188 2482 invenio
1218 2441 1323 2480 non
1345 2467 1359 2493 ,
1387 2435 1442 2479 ut
1469 2425 1688 2496 quidam
1725 2426 1864 2481 male
1893 2425 2195 2494 :estimaut,

593 2520 775 2573 omnia
806 2517 1032 2574 fortuito
1060 2520 1198 2588 geri,
1228 2531 1279 2573 et
1300 2519 1505 2573 variam
1531 2519 1584 2572 in
1614 2519 1776 2573 rebus
1808 2518 2062 2576 humanis
2086 2518 2199 2574 for-

594 2619 778 2666 tunam
825 2611 1050 2678 ludere,
1095 2612 1192 2667 sed
1236 2622 1428 2668 cuncta
1455 2610 1667 2681 judicio
1697 2611 1791 2666 Dei
1837 2612 1975 2666 fieri.
2007 2611 2197 2685 Neque

593 2706 738 2759 enim
769 2705 926 2758 velox
961 2705 1222 2776 pedibus,
1254 2720 1411 2760 suum
1443 2705 1605 2760 debet
1645 2721 1863 2760 cursum
1899 2716 2112 2779 putare,
2149 2707 2195 2761 si

591 2807 795 2849 currat.
831 2796 1013 2870 Neque
1042 2798 1195 2853 fortis
1225 2801 1276 2853 in
1310 2815 1408 2853 suo
1439 2798 1680 2853 conlitlat
1709 2798 1929 2863 robore,
1964 2813 2066 2852 nec
2107 2813 2193 2852 sa-

594 2886 750 2954 piens
783 2886 1001 2942 divitias
1023 2901 1076 2944 et
1106 2905 1237 2962 opes
1260 2892 1499 2945 aestimet
1528 2889 1811 2962 prudentia
1833 2888 2152 2960 congregari
2181 2907 2192 2942 :

596 2993 695 3033 nec
719 2979 984 3050 eloquens
1008 2994 1062 3038 et
1085 2987 1278 3040 doctus
1305 3001 1399 3051 per
1425 2986 1791 3057 eloquentiam
1814 2993 1868 3040 et
1889 2984 2192 3039 doctrinam

591 3073 732 3144 apud
768 3075 1026 3144 populum
1054 3079 1298 3136 invenire
1319 3097 1378 3135 se
1400 3097 1558 3152 posse
1585 3080 1814 3153 gratiam
1851 3097 1861 3133 :
1893 3078 1988 3136 sed
2012 3079 2192 3136 omnia

593 3169 707 3225 Dco
738 3170 854 3226 fieri
883 3170 1227 3240 disponente.
1261 3176 1328 3229 Et
1357 3176 1460 3234 nisi
1495 3177 1586 3230 ille
1617 3190 1719 3230 suo
1745 3184 1939 3238 cuncta
1965 3173 2192 3228 arbitrio

591 3263 812 3321 rexerit.
839 3270 895 3316 et
915 3262 1263 3320 tedilicaverit
1285 3267 1507 3320 domum
1530 3308 1545 3332 ,
1574 3269 1626 3321 iu
1649 3283 1848 3322 vanum
1874 3266 2192 3328 laboravere

591 3351 699 3423 [AL
749 3353 1056 3428 laborare],
1089 3358 1179 3427 qui
1228 3357 1501 3415 aediﬁcant
1535 3376 1677 3415 eam.
1721 3361 1834 3416 Nisi
1870 3361 1960 3416 ille
2002 3369 2191 3416 custo-

589 3445 1080 3515 dieritcivitatem,
1113 3453 1164 3505 in
1210 3466 1408 3506 vanum
1445 3454 1702 3524 vigilant,
1749 3456 1838 3526 qui
1881 3456 2192 3513 custodiunt

587 3553 705 3592 eam
756 3538 876 3614 (Ps.
911 3557 1102 3608 cxxvt,
1139 3543 1211 3616 l).
1248 3543 1363 3599 Non
1396 3555 1480 3601 est
1525 3548 1724 3618 itaque,
1762 3559 1821 3602 ιιι
1867 3548 1941 3604 illi
1975 3559 2190 3620 putant,

589 3647 728 3688 unus
775 3642 1028 3704 eventus,
1078 3647 1134 3692 ct
1183 3639 1423 3694 incertus
1469 3641 1590 3696 vita:
1619 3641 1784 3711 hujus
1809 3652 2029 3698 status:
2064 3645 2188 3716 quia

662 3872 686 3901 α
725 3866 1170 3940 Epaminondas.
1236 3865 1491 3922 Nonnulli
1543 3869 1894 3926 Grammatici
1937 3871 2185 3928 scribunt

586 3935 703 3990 sine
731 3935 982 4014 {duplici
1014 3942 1444 4014 προσωποποίαν.
1479 3941 1572 4014 Est
1611 3957 1792 3997 autem
1829 3958 2183 4012 prosopopma

587 4009 740 4076 quasi
789 4009 1148 4076 personarum
1185 4012 1431 4064 lictaruui
1480 4012 1768 4068 inductio:
1819 4009 1962 4068 unde
1993 4009 2184 4069 Cicero

586 4077 653 4155 de
683 4077 834 4131 Orat.
867 4077 970 4155 lib.
1005 4095 1059 4133 ιιι
1107 4083 1345 4155 appellat
1379 4081 1516 4136 hanc
1547 4085 1772 4154 figuram
1825 4099 2183 4155 personarum

588 4146 834 4202 lictorum
867 4146 1262 4208 inductionem.
1285 4152 1499 4210 Videsis
1523 4146 1742 4226 qu'0que
1772 4146 1960 4223 Quint.
1984 4157 2080 4209 lib.
2103 4169 2180 4225 lx,

590 4232 691 4272 can
721 4219 776 4272 2.
1806 4229 2073 4272 Murrum.

590 4232 691 4285 cap
721 4232 776 4274 ι.

659 4290 686 4327 ι)
715 4291 790 4344 Ex
817 4294 1130 4364 pervulgato
1162 4296 1336 4350 versic
1370 4313 1383 4350 :

649 4382 762 4434 Post
782 4392 993 4436 mortem
1017 4389 1131 4437 nihil
1154 4398 1249 4452 est,
1276 4391 1480 4457 ipsaque
1506 4405 1638 4443 mors
1658 4393 1778 4442 nihil
1804 4400 1897 4443 est.

1802 4229 2073 4284 Msttrtsu.

657 4508 684 4579 ἦ
712 4497 840 4579 Mss.
879 4501 1083 4570 absque
1126 4514 1356 4579 remanet
1402 4507 1597 4579 verba,
1632 4508 1754 4579 uitat
1791 4506 1948 4579 hujus
1977 4524 2178 4564 sensus.

589 4570 1093 4646 Videtiiceronetii,
1125 4575 1168 4628 si
1195 4576 1367 4646 lubet,
1405 4570 1697 4633 Tusculani.
1727 4570 1930 4646 Quaa'st.
1967 4579 2062 4642 lib.
2097 4595 2179 4636 ιιι.

653 4638 678 4677 ἀ
694 4639 899 4714 Aliquis
921 4638 1159 4714 loquatur
1182 4638 1462 4708 Epicurus.
1485 4647 1646 4702 Libro
1661 4638 1902 4704 secundo
1918 4638 2179 4707 adversus

577 4713 929 4788 dovinianutn
964 4713 990 4779 ,⁷
1027 4715 1226 4788 ειίΙη).
1278 4733 1347 4771 vn
1395 4718 1706 4774 Comment.
1758 4721 1810 4774 in
1862 4730 2023 4788 caput
2064 4736 2176 4779 χχιι

578 4786 770 4863 Isaiae,_
789 4785 892 4852 Qui
923 4787 1292 4863 cuutEpicnro
1321 4789 1470 4858 dicit,
1509 4789 1633 4846 Post
1664 4802 1881 4846 mortem
1911 4785 2044 4847 nihil
2072 4804 2170 4863 est,

576 4874 714 4912 mors
753 4860 869 4928 ipsa
914 4859 1048 4914 nihil
1097 4859 1192 4916 est.
1247 4863 1614 4918 Tertullianus
1645 4865 1712 4919 tle
1752 4859 2175 4922 Resurrectione

574 4931 756 5010 carnis
783 4949 821 5010 λ
854 4931 1006 5010 Nihil
1051 4949 1158 4987 esse
1197 4944 1312 5010 post
1339 4946 1554 5010 mortem
1602 4935 1820 5010 Epicuri
1864 4937 2042 4991 schola
2074 4946 2172 5010 est.

576 4999 998 5079 OuaurEpicuri
1042 4999 1372 5060 sententiam
1417 4999 1672 5062 Lucanus
1715 5007 1856 5063 libro
1906 5024 1964 5064 ιιι
1993 5009 2178 5079 estpri-

583 5075 685 5128 tnit
714 5072 799 5127 his
828 5075 1010 5130 verbis
1045 5093 1059 5128 :

699 5187 914 5251 Ecquid,
931 5191 1028 5253 ait,
1056 5191 1163 5238 vani
1193 5196 1441 5240 terremur
1467 5193 1680 5253 imagine
1701 5197 1858 5246 somni
1881 5210 1893 5244 :

702 5252 800 5320 ᾼυι
826 5251 945 5301 nihil
967 5262 1042 5320 est
1068 5266 1244 5320 sensus
1269 5255 1442 5304 animis
1465 5269 1490 5304 a
1515 5251 1676 5310 marte
1696 5259 1956 5320 relictum,

700 5317 799 5364 Aut
824 5327 956 5364 mors
977 5317 1076 5378 ipsa
1106 5314 1242 5378 nihil,
1267 5322 1368 5366 etc.

577 5415 747 5495 Porro
779 5419 870 5495 qui
905 5417 1106 5495 fuerint
1139 5422 1258 5495 ista:
1299 5425 1538 5494 pecudes
1570 5425 2024 5495 philosophorum
2058 5439 2174 5480 ma-

575 5489 770 5568 nifeste
801 5489 1184 5568 tlo_cet_C_icer0
1216 5489 1437 5568 T_tiscu|.
1470 5489 1676 5568 Quaest.
1714 5489 1808 5568 lilin
1844 5513 1900 5550 ιιι
1938 5516 1950 5550 :
1995 5499 2169 5568 Atqui,

574 5559 775 5636 inquit,
825 5564 886 5614 ab
937 5563 1204 5636 Aristippo
1236 5559 1511 5635 Cyrenaici
1545 5564 1844 5634 philosOphi
1887 5559 2170 5636 nominati,

577 5644 729 5684 omne
759 5633 946 5709 bonum
977 5636 1027 5690 iu
1059 5633 1324 5708 voluptate
1353 5633 1659 5708 posuerunt,
1695 5633 2033 5709 virtutemque
2049 5633 2171 5695 ceu;

575 5704 879 5781 sueruut‘ob
927 5722 1043 5781 eam
1083 5704 1197 5781 rem
1243 5704 1362 5760 esse
1390 5704 1735 5781 laudandam,
1764 5713 1898 5780 quod
1937 5704 2174 5781 efﬁciens

579 5778 707 5853 esset
741 5774 1038 5839 voluptatis.
1083 5776 1210 5830 Vide
1243 5779 1491 5835 eumdem
1523 5774 1848 5838 Ciceronem
1889 5774 2071 5840 libl'm
2102 5783 2173 5843 de

2306 1867 2448 1922 Deus
2477 1867 2705 1938 suscipit
2727 1869 3107 1939 pmnitentem.
3137 1867 3319 1924 Aliter
3347 1888 3360 1924 :
3384 1869 3444 1924 Et
3471 1870 3804 1937 simpliciter
3831 1873 3924 1929 in-

2307 1957 2584 2012 tellectum
2619 1958 2864 2026 prodest,
2889 1960 3042 2027 juxta
3075 1959 3208 2013 illud
3242 1978 3254 2014 :
3286 1959 3404 2014 δί’-ε
3431 1963 3775 2028 manducatis,
3803 1966 3918 2020 sive

2303 2049 2492 2112 bibitis,
2521 2049 2624 2104 sive
2654 2058 2679 2097 8
2707 2049 2908 2121 aliquid
2936 2051 3110 2119 facitis
3131 2093 3144 2114 ,
3179 2052 3354 2105 omnia
3380 2053 3433 2105 in
3459 2054 3661 2106 nomine
3689 2051 3916 2109 Domini

2303 2143 2456 2211 facile
2485 2142 2528 2215 (Ι
2553 2142 2673 2197 Cor.
2708 2158 2764 2210 Χ,
2799 2143 2914 2215 ⁸51).
2947 2141 3017 2197 Et
3045 2144 3096 2197 iit
3131 2143 3240 2198 alio
3289 2145 3452 2215 loquo
3483 2164 3496 2198 :
3526 2145 3656 2199 Cum
3687 2149 3912 2204 consilio

2302 2236 2478 2289 vinum
2510 2235 2532 2271 δ
2562 2235 2692 2290 bibe.
2727 2235 2843 2290 Non
2875 2237 3018 2292 enim
3054 2237 3219 2292 habet
3247 2253 3431 2292 veram
3459 2239 3701 2294 laetitiam
3733 2254 3785 2295 et
3815 2257 3913 2298 cor

2301 2326 2527 2394 bonum,
2561 2331 2646 2397 qui
2676 2329 2941 2383 creaturis
2967 2345 3129 2398 supra
3161 2329 3380 2384 modum
3413 2330 3680 2385 abutitur.
3716 2334 3908 2390 Melius

2301 2429 2482 2475 autem
2515 2429 2595 2474 est
2626 2422 2705 2475 sic
2741 2421 2947 2476 sentire
2983 2439 2996 2475 :
3027 2421 3197 2491 Cujus
3234 2423 3562 2492 placuerunt
3597 2440 3770 2495 opera
3809 2441 3905 2480 co-

2302 2526 2416 2566 ram
2447 2512 2595 2577 Deo,
2627 2528 2967 2582 nequaquam
3015 2514 3259 2584 indigere
3291 2518 3492 2586 poterit
3519 2531 3651 2571 vero
3683 2533 3825 2588 pane
3854 2526 3910 2575 et

2300 2606 2448 2672 vino,
2472 2604 2612 2675 quod
2638 2606 2903 2660 calcatum
2933 2616 3017 2660 est
3049 2607 3117 2662 de
3138 2609 3296 2661 vinea
3331 2607 3561 2665 Sorech.
3585 2611 3723 2664 Dato
3751 2612 3908 2668 nobis

2302 2700 2482 2768 itaque
2516 2708 2813 2768 prtecepto,
2842 2698 2983 2769 quod
3017 2700 3150 2754 dicit
3178 2717 3190 2752 :
3219 2698 3541 2755 Desiderasti
3565 2704 3906 2774 sapientiam,

2299 2811 2443 2849 serva
2509 2795 2791 2861 mandata,
2852 2804 2900 2849 et
2948 2794 3203 2849 Dominus
3264 2798 3578 2852 ministrabit
3637 2799 3738 2852 tibi
3792 2815 3909 2854 eam

2302 2885 2487 2958 (Eccli.
2523 2902 2563 2949 ι.
2601 2887 2692 2958 55)
2726 2906 2736 2940 :
2769 2901 3056 2942 servemus
3084 2888 3370 2956 mandata,
3403 2901 3456 2944 et
3485 2905 3681 2960 panem
3723 2901 3781 2947 et
3818 2894 3905 2948 vi-

2300 2995 2425 3034 num
2490 2979 2793 3050 spiritualia
2861 2982 3109 3038 invenire
3168 2983 3491 3052 poterimus.
3551 2983 3658 3052 Qui
3719 2995 3907 3042 autem

2301 3074 2552 3128 mandata
2595 3090 2702 3129 non
2729 3084 2944 3142 servat,
2973 3081 3026 3130 et
3071 3077 3120 3130 iu
3156 3079 3313 3146 panis
3341 3087 3396 3131 ct
3425 3077 3530 3131 vini
3561 3079 3907 3138 abundantia

2223 3159 2268 3223 C
2298 3170 2586 3242 gloriatur,
2620 3167 2822 3223 dicitur
2851 3168 2900 3223 ei
2947 3183 3043 3238 per
3074 3171 3260 3224 Isaiam
3291 3189 3301 3223 :
3337 3169 3423 3225 Nc
3449 3171 3593 3224 dicas
3623 3176 3783 3226 etiam
3811 3188 3904 3228 co-

2299 3278 2487 3332 gnosco
2511 3277 2621 3316 eam
2644 3277 2662 3316 :
2686 3277 2847 3324 neque
2863 3263 3164 3332 cognovisti,
3187 3278 3348 3332 neque
3370 3264 3490 3329 scis,
3517 3279 3686 3334 neque
3703 3281 3734 3316 α
3758 3267 3906 3334 prin-

2296 3355 2431 3424 cipio
2464 3352 2477 3391 ⁸
2514 3355 2693 3424 aperui
2728 3353 2818 3406 tibi
2862 3369 3033 3408 aures.
3083 3353 3207 3408 Scio
3237 3360 3372 3407 enim
3411 3355 3533 3423 quia
3564 3365 3907 3414 contemnens

2296 3456 2586 3500 contemnes
2632 3444 2742 3518 [AL
2786 3445 3106 3512 contemnis,
3155 3445 3330 3501 Graec.
3397 3446 3692 3519 ἀθετήσεις]
3739 3447 3902 3520 (Isai.

2299 3555 2494 3608 vattI,
2527 3542 2590 3608 8,
2633 3557 2734 3595 sec.
2784 3540 2974 3612 LXX).
3027 3541 3195 3595 Porro
3241 3542 3384 3608 quod
3429 3542 3483 3595 in
3540 3542 3900 3613 Septuaginta

2295 3635 2686 3708 lutei-pretibus
2715 3636 2917 3690 dicitur
2945 3654 2959 3691 :
3001 3633 3145 3700 Veni,
3177 3634 3385 3688 comede
3412 3635 3465 3686 in
3499 3618 3688 3688 lietitia
3713 3651 3898 3706 partem

2286 3868 2438 3924 Orat.
2471 3876 2599 3922 ettu
2623 3864 2690 3919 de
2720 3861 2879 3919 Ollic.
2905 3871 2959 3917 et
2993 3862 3281 3934 Diogenem
3312 3859 3595 3915 Laertium
3633 3861 3728 3917 lib.
3766 3879 3804 3920 ιι
3836 3865 3894 3921 in

2287 3940 2549 4008 Aristippi
2574 3936 2818 4007 Cyrenmi
2849 3932 3352 4008 Vita.‘De'Epicuro
3375 3941 3559 3988 autem
3588 3935 3694 3989 hoc
3716 3937 3896 3991 scien-

2288 4005 2631 4078 dtttn,'qu0tl
2676 4021 2950 4060 summum
3001 4005 3229 4078 bonum,
3281 4021 3389 4078 non
3443 4015 3500 4078 ut
3551 4009 3893 4077 Aristippus,

2287 4081 2341 4136 in
2375 4075 2653 4142 voluptate
2683 4079 2953 4144 corporis,
2986 4077 3082 4130 sed
3117 4077 3169 4130 in
3202 4075 3373 4130 animi
3406 4077 3692 4143 voluptate
3722 4075 3894 4146 pone;

2287 4164 2390 4226 ret,
2426 4153 2479 4229 si
2505 4150 2788 4206 Lactantio
2835 4148 3134 4229 credimus2
3169 4146 3413 4229 lustitut.
3448 4146 3624 4229 Diviu.
3659 4150 3891 4229 im.__t_u,

2294 4217 2415 4294 cap.
2449 4224 2502 4278 7.
2530 4226 2794 4294 Assertor.
2814 4217 3224 4294 tarLeirdicitur
3267 4217 3561 4294 volulitatis
3585 4219 3725 4286 apud
3754 4217 3894 4276 llic;

2295 4289 2606 4367 ronymum,
2632 4298 2696 4355 et
2727 4289 2862 4345 alios
2893 4289 3312 4346 Ecclesiasticos
3347 4290 3654 4416 script’qres.

3555 4377 3651 4415 Αιιτ

3555 4376 3772 4416 ΑΒΤΙΔΝ.

2365 4447 2388 4476 ε
2418 4437 2725 4492 Pronnmen
2773 4444 2943 4499 mum,
2978 4431 3080 4488 hoc
3119 4431 3295 4488 altero
3343 4431 3466 4487 loco
3511 4436 3612 4487 duo
3642 4432 3887 4493 Palatini

2291 4523 2420 4563 mss.
2456 4511 2725 4575 ignorant.
2809 4545 2815 4552 .

2363 4577 2383 4617 ί
2429 4579 2562 4634 Tres
2604 4593 2733 4632 mss.
2783 4575 3064 4650 contende,
3106 4594 3203 4649 age
3245 4577 3617 4650 paenitentiam.
3651 4575 3882 4636 Leviora

2287 4650 2518 4706 inferius
2545 4651 2676 4704 vitia
2703 4648 3078 4704 emendamus.

2356 4732 2382 4769 ις
2416 4722 2589 4778 Vatic.
2629 4719 2781 4791 juxta
2808 4717 3096 4788 Vulgatutn
3143 4721 3532 4791 lnterpretcm,
3582 4722 3690 4774 sive
3734 4722 3880 4775 aliud

2279 4794 2404 4865 quid
2430 4793 3068 4862 facitis.Subseqttcntem
3102 4794 3395 4860 Scriptura:
3423 4801 3630 4846 textum
3659 4810 3726 4847 ex
3753 4794 3882 4848 Pro-

2282 4866 2520 4919 verhior.
2546 4867 2684 4935 libro
2707 4877 2824 4930 cap.
2861 4878 3008 4927 xstv,
3035 4865 3122 4919 tthi
3150 4865 3342 4929 capitis
3366 4879 3492 4917 xxxi
3519 4867 3882 4935 lragnieutum

2285 4937 2539 4992 inseritur
2567 4937 2620 4990 iu
2650 4934 2841 4990 Grmco
2865 4950 3009 4992 vers.
3039 4935 3094 5004 4,
3127 4938 3256 5008 μετά
3279 4936 3463 5008 βουλῇς
3483 4934 3760 5004 οἰνοπὸτει,
3789 4939 3884 4994 de-

2282 5008 2422 5061 suini
2460 5008 2802 5062 Martianarus
2833 5010 3134 5074 annotavit.

2353 5076 2382 5113 ιι
2413 5077 2540 5132 Cum
2569 5078 2782 5132 consilio
2813 5075 2988 5130 viuum
3023 5078 3156 5133 bibe.
3203 5078 3474 5146 Quantmn
3524 5092 3613 5133 me
3661 5081 3884 5136 torserit

2283 5147 2434 5204 locus
2470 5153 2592 5217 iste,
2619 5148 2708 5204 vix
2739 5150 2888 5204 credi
2909 5157 3121 5217 potest;
3146 5163 3268 5204 nam
3297 5151 3626 5217 scopulosus
3650 5152 3745 5206 diu
3781 5154 3884 5207 ini-

2287 5218 2339 5273 hi
2376 5219 2474 5274 fuit
2505 5232 2726 5290 propter
2759 5219 3092 5275 Erasmiantc
3123 5222 3381 5275 editionis
3416 5223 3773 5291 imperitiam,
3809 5224 3877 5278 ad

2287 5291 2443 5360 cujus
2478 5292 2633 5344 [idem
2668 5291 2976 5360 qutcrebam
3010 5291 3150 5359 apud
3186 5291 3409 5344 Paulum
3436 5307 3451 5344 l
3481 5293 3660 5358 Epist.
3695 5298 3761 5348 ad
3792 5294 3882 5350 Ti-

2287 5361 2458 5432 tnotlt.
2507 5377 2626 5432 cap.
2685 5379 2750 5429 v,
2807 5363 2951 5429 quod
3002 5363 3274 5416 invenitur
3304 5363 3356 5416 in
3403 5365 3647 5418 editione
3687 5366 3886 5422 Graeca

2285 5431 2709 5488 Proverbidrum
2743 5434 3049 5488 Salomonis
3084 5448 3203 5501 cap.
3236 5433 3302 5488 tu
3339 5449 3509 5504 prope
3562 5436 3754 5502 linem,
3791 5438 3882 5493 ubi

2285 5504 2401 5582 haec
2435 5504 2653 5582 inserta
2670 5505 2926 5582 leguntur
2951 5523 2963 5558 :
2991 5506 3137 5559 Μετά
3160 5504 3353 5582 βουλῆς
3373 5508 3546 5562 πάντα
3569 5511 3726 5582 πρίει,
3753 5511 3886 5582 μετὰ

2278 5575 2470 5646 βουλῆς
2490 5576 2757 5640 οἱνοπότει,
2789 5576 2840 5630 id
2870 5584 2975 5643 est,
3005 5591 3119 5628 cum
3141 5579 3360 5629 consilio
3391 5584 3567 5631 ornum
3599 5580 3683 5647 fac
3716 5575 3883 5635 {cum

2283 5647 2501 5700 consilio
2532 5651 2706 5701 vinum
2739 5648 2866 5701 bibe.
3495 5648 3770 5707 Murrum.

2359 5716 2373 5754 ί
2411 5719 2582 5774 Antea
2611 5728 2733 5774 erat
2759 5722 2992 5789 aperuit,
3026 5715 3388 5776 renitentibus
3424 5735 3563 5778 mss.
3602 5732 3661 5776 et
3687 5725 3887 5781 Graeco

2279 5787 2474 5860 ἧνοιξα.
2794 5787 2800 5789 ⁷
3801 5797 3808 5802 ’
