3998 6342
182 348 314 403 1085

1209 347 1751 406 COMMENTARIUS
1790 351 1855 407 IN
1890 346 2424 405 LCCLESIASTEN.

3320 346 3459 403 1086

171 477 321 520 tuum
349 476 373 503 η
408 483 427 521 :
454 467 575 538 ejus
614 464 951 520 Ecclesiaste
983 480 1083 520 vox
1115 474 1236 531 est,
1267 466 1355 534 qui
1391 465 1442 519 in
1478 463 1770 535 Evangelio
1798 469 1851 529 Α
1879 465 1977 519 hac
2010 464 2115 518 vita
2156 463 2424 518 umbratili
2455 464 2619 517 vitam
2670 478 2848 517 ieram
2882 463 3126 517 invenire
3165 462 3459 517 valeamus.

168 558 416 625 loquitur
443 576 456 613 :
488 558 591 626 Qui
616 558 757 622 sitit,
786 557 949 611 veniat
976 561 1045 610 ad
1075 574 1183 623 me,
1208 566 1255 610 et
1288 557 1423 610 bibat
1458 553 1637 627 (Joan.
1669 574 1761 624 vlt,

165 649 286 711 '57.)
319 650 385 706 Et
414 651 464 704 in
494 650 803 706 Proverbiis
833 670 843 703 :
882 649 1066 704 Venite
1085 692 1099 716 ,
1149 651 1391 703 comeditc
1417 668 1572 721 pmes
1604 668 1761 719 meos,

162 754 213 797 et
242 745 397 799 bibite
424 746 599 798 vinum
634 760 803 798 meum
835 742 1018 815 (Prov.
1047 760 1123 803 ιιι.
1150 744 1227 815 5).
1265 742 1328 796 In
1360 746 1498 796 omni
1539 754 1765 812 tempore

160 836 268 888 sint
297 840 593 889 vestimenta
620 846 705 887 tua
734 836 977 900 candida,
1004 845 1051 889 et
1074 835 1243 888 oleum
1271 837 1334 889 de
1354 838 1521 907 capite
1546 846 1631 887 tuo
1659 852 1761 887 non

159 926 318 980 desit.
352 927 581 990 Habeto,
616 926 810 995 inquit,
843 941 1041 996 Corpus
1068 926 1349 991 mundum,
1378 938 1431 981 et
1455 937 1571 980 esto
1600 927 1763 981 mise-

162 1018 359 1071 ricors.
392 1016 489 1070 Vel
525 1016 594 1070 ita
633 1033 646 1069 :
678 1016 794 1071 Non
827 1018 896 1071 sit
928 1028 1140 1086 tempus
1172 1019 1224 1071 itt
1256 1034 1364 1087 quo
1396 1017 1622 1071 candida
1653 1032 1759 1071 non

162 1110 370 1163 habeas
399 1111 747 1177 vestimenta,
772 1126 903 1165 cave
928 1126 995 1165 ne
1026 1111 1243 1181 quando
1269 1112 1493 1181 pollutis
1516 1110 1761 1165 vestibus

158 1202 427 1257 induaris.
462 1202 702 1271 Populus
733 1203 935 1274 quippe
965 1215 1221 1275 peccator
1246 1206 1297 1258 iit
1326 1203 1565 1258 vesdbus
1590 1203 1760 1259 fuscis

154 1296 367 1349 luxisse
396 1296 743 1350 describitur.
762 1297 842 1350 Tu
871 1310 1051 1350 autem
1080 1297 1306 1352 induere
1338 1297 1538 1361 lucem,
1569 1306 1621 1350 et
1650 1312 1757 1352 non

155 1387 626 1452 maledictionem,
658 1403 779 1457 qua:
827 1404 991 1458 super
1021 1386 1212 1443 ludam
1245 1389 1442 1458 scripta
1485 1397 1570 1444 est
1615 1408 1627 1442 :
1663 1387 1759 1443 In~

153 1481 357 1534 duntur
375 1480 751 1546 maledictione,
776 1483 909 1535 sicut
936 1484 1289 1537 vestimentum
1317 1481 1436 1552 (Ps.
1462 1499 1612 1548 cvttt,
1639 1483 1750 1555 l8).

156 1572 396 1628 Induere
426 1574 632 1628 viscera
664 1575 1081 1642 misericordi-.12,
1114 1576 1496 1647 benignitatis,
1532 1575 1753 1630 humili-

153 1668 290 1721 tatis
314 1709 326 1729 ,
359 1668 788 1723 mansuetudinis
812 1712 826 1735 ,
851 1671 1124 1737 patientia:
1156 1669 1262 1742 [ΑΙ.
1296 1670 1599 1744 sapientiar]
1634 1671 1753 1741 (Co-

154 1759 285 1812 loss.
308 1759 409 1829 ιιι).
437 1757 498 1814 Et
516 1776 636 1814 cum
656 1762 992 1831 exspoliatus
1021 1761 1186 1818 fueris
1209 1774 1448 1819 veterem
1475 1764 1750 1820 hominem

1943 555 2131 611 Omnia
2167 573 2282 625 qua:
2312 556 2501 610 invenit
2539 572 2722 609 ntanus
2748 564 2857 618 tua,
2891 563 2946 607 ut
2985 555 3167 624 facias,
3195 553 3251 608 in
3283 554 3467 608 virtute

1867 660 1953 703 tua
1977 649 2061 719 fac
2090 666 2107 703 :
2131 650 2252 721 quia
2280 665 2381 703 non
2413 657 2489 702 est
2517 664 2668 720 opus,
2700 659 2749 701 et
2781 646 3049 718 cogitatio,
3080 657 3128 699 et
3154 645 3389 709 scientia,
3418 651 3467 699 et

1865 741 2121 810 sapientia
2152 744 2203 793 in
2236 740 2438 810 inferno
2465 757 2565 810 quo
2595 749 2648 792 tu
2674 740 2818 792 vadis
2840 741 2984 792 illuc.
3021 738 3129 792 Fac
3162 736 3467 807 quodcum-

1864 850 1970 903 que
1999 848 2141 886 nuuc
2174 840 2391 901 potest,
2426 842 2479 886 et
2511 832 2597 886 lab
2621 847 2693 885 ira
2727 849 2738 883 :
2774 830 2896 901 quia
2933 845 3054 883 cum
3086 830 3149 883 ad
3186 829 3459 884 infernum

1865 924 1970 997 [ΑΙ.
2004 922 2236 995 inferna]
2273 923 2625 979 descenderis
2653 922 2696 991 τ,
2730 925 2884 978 locus
2924 938 3029 976 non
3064 924 3169 975 erit
3192 924 3463 991 poeniten-

1864 1020 1973 1071 tiae.
2008 1017 2144 1071 lluic
2170 1018 2297 1086 quid
2319 1018 2496 1072 simile
2516 1032 2546 1070 α
2571 1015 2855 1071 Salvatore
2886 1014 3195 1083 praecipitur
3221 1032 3231 1065 :
3261 1012 3463 1085 Opera-

1862 1110 2019 1175 miui,
2050 1108 2215 1181 464
2240 1108 2365 1164 dum
2394 1109 2504 1163 dies
2549 1119 2625 1163 est
2664 1126 2682 1163 :
2709 1108 2871 1163 veniet
2914 1122 3039 1172 nox,
3074 1104 3284 1175 quando
3312 1119 3462 1160 nemo

1862 1204 2051 1271 poterit
2080 1204 2284 1273 operari
2314 1201 2493 1274 (Joan.
2525 1218 2602 1268 ts,
2631 1201 2710 1271 4).
2746 1201 2900 1269 Quod
2933 1210 3112 1253 autem
3134 1200 3213 1252 ait
3242 1216 3252 1250 :
3286 1194 3353 1251 In
3378 1198 3462 1251 iu-

1860 1300 2009 1366 ferno
2038 1312 2138 1365 quo
2165 1306 2221 1349 tu
2251 1298 2395 1349 vadis
2433 1296 2580 1359 illuc,
2609 1302 2759 1361 nota,
2805 1303 2863 1347 ut
2904 1291 3212 1347 Samuelem
3240 1304 3460 1362 quoque

1862 1403 1986 1443 vere
2026 1390 2077 1442 in
2133 1388 2350 1442 interno
2406 1389 2602 1443 credas
2642 1387 2810 1441 fuisse
2853 1403 2862 1438 :
2907 1393 2961 1439 et
2998 1392 3124 1437 ante
3161 1382 3457 1438 adventum

1856 1478 2077 1543 Christi,
2110 1484 2359 1549 quamvis
2394 1490 2633 1545 sanctos,
2661 1492 2851 1531 omnes
2885 1475 3081 1529 inferni
3111 1475 3228 1545 lege
3260 1474 3457 1533 deten-

1859 1582 1961 1626 tos.
1994 1572 2163 1626 Porro
2201 1572 2342 1641 quod
2373 1569 2549 1626 sancti
2591 1580 2711 1639 post
2744 1567 3200 1623 resurrectionem
3240 1565 3460 1627 Domini

1856 1683 2193 1738 nequaquam
2220 1674 2505 1721 teneantur
2531 1667 2583 1719 in
2620 1664 2851 1730 inferno,
2887 1675 3121 1720 testatur
3140 1666 3459 1734 ApOstolns,

1856 1760 2044 1813 dicens
2076 1778 2091 1813 :
2127 1758 2317 1813 Melius
2345 1769 2417 1812 est
2441 1759 2677 1823 dissolvi,
2709 1768 2755 1812 et
2786 1773 2893 1811 esse
2924 1772 3043 1809 cum
3080 1755 3289 1811 Christo
3311 1756 3460 1827 (Plii-

150 1865 279 1904 cum
311 1850 575 1920 operibus
607 1853 755 1922 ejus,
792 1852 1019 1909 induere
1066 1870 1287 1921 novum,
1336 1858 1427 1926 qui
1461 1870 1751 1912 renovatur
1782 1858 1829 1917 B
1856 1853 1948 1919 lip.
1981 1868 2032 1917 t,
2062 1852 2179 1920 25).
2227 1851 2329 1918 Qui
2357 1862 2541 1905 autem
2586 1866 2707 1905 cum
2741 1849 2961 1904 Christo
2995 1858 3099 1913 est,
3138 1853 3323 1920 utique
3350 1864 3459 1906 non

147 1939 222 1996 de
274 1942 362 1997 die
407 1940 569 2015 5.63
621 1946 673 1998 in
726 1944 890 1999 diem.
924 1946 1079 2012 Quod
1113 1957 1293 2001 autem
1336 1951 1449 2001 ait:
1495 1949 1557 2002 Et
1584 1952 1751 2005 oleum

145 2033 216 2087 de
244 2034 412 2104 capite
435 2047 519 2087 tuo
544 2052 645 2088 non
670 2036 842 2089 desit:
870 2036 1152 2090 sciendum
1184 2050 1428 2091 naturam
1464 2039 1602 2093 hanc
1631 2057 1753 2096 esse

142 2125 285 2191 olei,
319 2134 377 2179 ut
412 2137 466 2179 et
508 2126 687 2180 lumen
718 2127 847 2191 alat,
881 2135 935 2181 et
975 2128 1245 2181 iessorum
1278 2129 1450 2185 solvat
1482 2132 1746 2186 laborem.

144 2221 251 2273 I'Tst
293 2220 471 2272 oleum
494 2216 522 2256 δ
552 2220 859 2285 spirituale,
893 2221 1072 2274 oleum
1116 2221 1513 2287 exsultationis,
1547 2222 1613 2277 de
1646 2239 1750 2292 quo

138 2311 416 2367 scribitur
467 2329 480 2366 :
526 2310 810 2383 Propterea
857 2314 1007 2367 unxit
1050 2323 1097 2366 te
1124 2313 1286 2380 Deus,
1315 2313 1457 2369 Deus
1490 2325 1607 2369 tuus
1637 2318 1749 2371 oleo

140 2404 512 2460 exsultationis
544 2423 655 2476 pra’
696 2408 1037 2477 participibus
1068 2409 1167 2460 tuis
1196 2408 1317 2479 (Ps.
1359 2426 1483 2473 XLV,
1510 2410 1587 2480 8).
1636 2410 1748 2464 lloc

142 2498 273 2550 oleo
303 2496 481 2550 vultus
508 2506 698 2551 noster
719 2499 1103 2552 evhilarandus
1125 2508 1226 2553 est.
1263 2500 1375 2554 lloc
1402 2511 1423 2537 ο
1451 2501 1747 2569 ieiunantis

143 2592 460 2662 ungendum
490 2601 677 2661 caput,
706 2593 849 2661 quod
896 2603 1212 2661 peccatores
1244 2592 1449 2649 habere
1484 2610 1587 2647 non
1620 2608 1746 2663 pos-

143 2695 312 2751 sunt,
340 2684 537 2754 quibus
582 2684 822 2739 dicitur:
858 2684 981 2737 Non
1021 2695 1091 2739 est
1142 2686 1399 2755 malagma
1449 2686 1742 2755 imponere,

143 2791 310 2843 neque
344 2774 541 2838 oleum,
577 2792 741 2845 neque
784 2775 1091 2847 alligaturas
1132 2774 1290 2846 (Isai.
1339 2791 1378 2834 ι,
1410 2776 1488 2846 li).
1534 2777 1747 2831 llabeut

143 2870 297 2923 enim
330 2870 510 2924 oleum
539 2870 906 2934 contrarium,
938 2870 1078 2939 quod
1108 2871 1189 2923 \ir
1216 2870 1393 2938 justus
1419 2871 1741 2935 detestatur,

141 2964 336 3016 dicens
365 2980 379 3016 :
411 2962 593 3017 Oleum
623 2964 906 3035 peccatoris
943 2980 1043 3016 non
1071 2964 1349 3032 intpinguet
1383 2974 1534 3031 caput
1574 2979 1741 3016 meum

148 3055 274 3123 (Ps.
298 3056 500 3127 c1v,5).
522 3057 634 3111 Hoc
651 3056 831 3110 oleum
854 3054 1097 3109 hteretici
1124 3054 1344 3118 habent,
1361 3064 1496 3109 eteo
1518 3057 1745 3124 cupiunt

140 3149 501 3217 deceptorum
530 3154 705 3217 capita
733 3148 1084 3219 perfundere.

1858 1956 2072 1999 tenetur
2102 1944 2154 2000 in
2187 1945 2420 1998 inferno.

1926 2038 2163 2091 Converti
2190 2055 2288 2099 me,
2321 2049 2369 2091 et
2401 2038 2504 2090 vidi
2532 2037 2624 2090 sub
2656 2035 2784 2100 sole,
2808 2036 3055 2106 quoniam
3079 2052 3181 2088 non
3219 2048 3294 2089 est
3323 2037 3459 2092 velo-

1854 2132 1990 2184 ciunt
2015 2146 2219 2195 cursus,
2248 2145 2337 2183 nec
2360 2130 2575 2198 fortium
2607 2128 2876 2196 prtelium,
2908 2143 2998 2181 nec
3027 2128 3333 2199 sapientium
3363 2145 3461 2196 pa-

1854 2224 1954 2287 nis,
1985 2239 2077 2276 nec
2106 2221 2436 2290 prudentium
2457 2222 2671 2286 divitiw,
2698 2237 2787 2273 nec
2806 2221 3076 2275 scientiam
3098 2222 3263 2291 gratia
3286 2237 3305 2276 :
3331 2238 3461 2293 quo-

1854 2316 1993 2370 niam
2036 2326 2237 2385 tempus
2278 2324 2325 2369 et
2367 2326 2573 2369 eventus
2622 2323 2853 2368 occurret
2903 2312 3135 2369 omnibus
3183 2314 3311 2369 illis.
3354 2314 3458 2383 Qui

1853 2409 2065 2465 vinctus
2097 2421 2177 2465 est
2206 2406 2561 2479 compedibus
2592 2405 2784 2462 ferreis
2807 2448 2821 2473 ,
2852 2418 2903 2462 et
2946 2407 3202 2477 gravibus
3247 2408 3457 2479 plumbi

1853 2502 2078 2556 nexibus
2136 2511 2502 2571 prutgravatur
2552 2518 2562 2551 :
2619 2498 2876 2569 Iniquitas
2928 2501 3065 2555 enim
3113 2500 3250 2554 sedet
3300 2516 3456 2570 super

1852 2594 2097 2649 talentum
2146 2594 2435 2662 plumbeum
2483 2592 2689 2662 (Zach.
2750 2608 2800 2657 v,
2852 2592 2928 2661 7)
2975 2610 2987 2645 :
3034 2601 3090 2646 et
3134 2591 3187 2646 in
3236 2593 3457 2647 Psaltno

1851 2687 2093 2757 loquitur
2137 2702 2150 2739 :
2201 2686 2350 2739 Sicut
2396 2699 2522 2736 onus
2571 2698 2723 2753 grave
2765 2692 2989 2755 gravato:
3018 2692 3135 2736 sunt
3174 2698 3328 2751 super
3376 2698 3456 2737 me

1850 2780 2024 2850 (Psal.
2060 2794 2263 2843 xxxvii,
2292 2782 2345 2845 5)
2378 2797 2388 2830 :
2422 2793 2527 2832 non
2556 2787 2639 2832 est
2660 2787 2819 2847 aptus
2846 2777 2911 2830 ad
2936 2790 3156 2831 cursum
3182 2777 3356 2841 illum,
3385 2776 3458 2833 de

1848 2890 1953 2943 quo
1972 2873 2171 2927 dicitur
2189 2890 2200 2925 :
2217 2871 2433 2925 Cursum
2451 2870 2819 2936 consummari,
2842 2870 2994 2939 ﬁdem
3018 2869 3214 2922 servavi
3228 2868 3291 2940 (11
3309 2868 3449 2923 Tim.

1847 2983 1917 3033 tv,
1968 2968 2049 3035 7).
2084 2967 2185 3032 Qui
2240 2976 2420 3019 autem
2474 2965 2608 3017 levis
2657 2976 2763 3029 est,
2814 2973 2870 3019 et
2917 2964 3101 3017 anima
3148 2961 3293 3015 illius
3344 2977 3452 3017 non

1847 3070 2127 3129 gravatur,
2159 3057 2507 3111 nihilominus
2542 3067 2595 3109 et
2630 3056 2742 3122 ipse
2774 3055 2975 3123 absque
3005 3063 3029 3101 8
3059 3053 3308 3121 adjutore
3340 3054 3457 3108 Deo

1848 3149 1911 3202 ad
1940 3150 2142 3203 calcem
2168 3162 2273 3200 non
2302 3158 2480 3215 potest
2508 3147 2812 3216 pervenire.
2837 3146 2947 3201 Sed
2971 3156 3024 3200 et
3050 3160 3171 3200 cum
3201 3146 3453 3215 prtelinm

215 3237 244 3277 ἀ
287 3238 415 3293 Vide
442 3241 595 3293 vitam
621 3255 734 3292 cum
762 3239 1004 3303 muliere,
1036 3255 1190 3309 quant
1236 3239 1465 3292 dilexisti
1511 3242 1743 3294 omnibus
1771 3246 1818 3305 (ἶ
1852 3241 2284 3295 iuetitadversus
2306 3242 2604 3294 contrarias
2628 3248 2943 3309 potestates.
2970 3239 3038 3294 de
3058 3256 3165 3309 quo
3183 3243 3449 3310 scriptum

142 3330 329 3383 diebus
352 3331 469 3385 vi'a:
492 3332 734 3384 vanitatis
764 3340 887 3398 tute,
918 3333 1003 3401 qui
1029 3332 1139 3383 dati
1169 3342 1286 3385 sunt
1316 3332 1403 3385 tibi
1445 3334 1536 3385 sub
1574 3336 1681 3387 sole
1727 3351 1745 3387 :

140 3425 275 3493 quia
300 3422 407 3475 ha'c
434 3436 503 3476 est
534 3440 655 3495 pars
687 3433 773 3477 tua
799 3425 853 3477 in
885 3425 985 3477 vita
1016 3437 1061 3477 et
1090 3427 1142 3477 in
1172 3425 1369 3491 labore,
1403 3443 1502 3490 quo
1526 3438 1578 3479 ttt
1604 3428 1747 3480 labo-

145 3531 239 3568 ras
266 3516 358 3569 sub
384 3514 512 3570 sole.
534 3514 867 3585 Sapientiam
896 3532 1132 3587 sequere
1166 3528 1219 3572 et
1246 3520 1528 3572 scientiam
1563 3520 1747 3588 Serip-

150 3620 420 3671 turarum,
445 3620 499 3664 et
530 3612 668 3664 hanc
700 3611 794 3663 tibi
826 3615 877 3662 in
904 3610 1217 3679 conjugium
1240 3610 1433 3679 copula
1460 3612 1526 3665 de
1556 3628 1661 3680 qua
1690 3614 1741 3668 in

143 3699 460 3755 Proverbiis
491 3701 692 3755 dicitur
724 3719 737 3756 :
770 3699 899 3754 Ama
936 3702 1115 3765 illaut,
1159 3714 1205 3755 et
1245 3702 1465 3756 servabit
1494 3714 1539 3756 te
1573 3720 1591 3756 :
1628 3720 1741 3756 am-

144 3791 364 3858 plexare
392 3793 535 3845 illam
557 3802 605 3845 et
633 3792 970 3846 circumdabit
993 3803 1040 3845 te
1070 3791 1250 3864 (Prov.
1281 3810 1353 3857 tv,
1389 3796 1464 3863 8).
1500 3796 1621 3848 Dies
1643 3811 1742 3847 att-

146 3894 260 3938 tem
306 3886 585 3951 vanitatis,
617 3886 735 3941 dies
767 3887 924 3957 hujus
956 3890 1141 3943 sreculi
1174 3906 1406 3959 nequam
1436 3891 1744 3960 signiﬁcant

140 3980 254 4052 [ΑΙ.
286 3982 603 4053 signiﬁcat].
636 3982 713 4037 De
736 3997 842 4052 quo
864 3994 917 4038 et
937 3984 1231 4053 Apostolus
1260 4003 1364 4039 non
1399 3995 1560 4040 tacet.
1588 3986 1739 4051 Quod

140 4080 325 4126 autem
357 4074 430 4127 ait
462 4090 475 4126 :
505 4084 528 4109 ε
570 4073 695 4127 Vide
724 4076 876 4127 vitam
906 4092 1020 4129 cum
1048 4078 1281 4142 muliere,
1310 4095 1465 4148 quam
1489 4078 1739 4138 dilexisti.

136 4166 396 4237 ambigue
424 4166 629 4223 dictum
673 4176 779 4231 est,
827 4169 944 4224 sive
970 4171 1091 4223 vide
1139 4184 1191 4225 et
1238 4173 1613 4241 contemplare
1665 4172 1743 4224 vi-

138 4270 275 4325 tam,
308 4268 364 4315 et
410 4259 527 4330 ipse
558 4268 612 4314 et
656 4275 792 4315 uxor
824 4270 910 4315 tua
946 4258 1126 4317 tecum
1172 4266 1303 4329 (non
1351 4266 1494 4318 enim
1539 4266 1741 4333 poteris

139 4352 263 4407 sine
299 4354 392 4407 tali
427 4367 598 4407 uxore
644 4353 794 4407 solus
824 4352 1008 4409 videre
1038 4354 1262 4425 vitam),
1303 4357 1418 4409 sive
1449 4366 1741 4425 utrumque

137 4444 459 4512 considera,
491 4456 547 4499 et
572 4446 696 4500 vide
727 4446 891 4500 vitam
914 4489 927 4511 ,
967 4457 1022 4501 et
1058 4447 1339 4502 mulierem
1371 4448 1567 4503 diebus
1591 4450 1742 4503 vani-

140 4540 268 4593 tatis
300 4550 424 4593 tu:e.
452 4538 519 4593 Et
545 4538 769 4609 pulchre
797 4540 1072 4608 praecipit,
1100 4549 1156 4593 ut
1188 4541 1239 4593 in
1270 4540 1463 4594 diebus
1487 4541 1740 4596 vanitatis

1848 3344 1932 3391 est
1963 3352 1975 3389 :
2010 3334 2345 3403 Sanctificate
2376 3334 2564 3386 bellum
2599 3330 2813 3403 (Jerem.
2846 3348 2920 3398 v1,
2955 3331 3011 3402 4)
3057 3351 3069 3383 :
3105 3333 3231 3388 licet
3261 3334 3455 3387 robus-

1849 3437 1955 3491 tus,
1989 3439 2165 3481 tamen
2196 3427 2429 3495 propriis
2456 3424 2663 3477 viribus
2688 3426 2909 3477 vincere
2937 3439 3043 3477 non
3075 3424 3296 3477 valebit.
3325 3424 3457 3478 Per-

1848 3522 2019 3575 fectus
2049 3534 2263 3591 quoque
2292 3520 2342 3571 in
2377 3518 2505 3571 (iliis
2536 3516 2819 3572 hominum
2849 3527 2901 3571 et
2933 3518 3153 3583 sapiens
3180 3519 3449 3572 viventem

1849 3630 2041 3684 panem
2064 3625 2223 3683 atque
2249 3613 2535 3668 ctelestem
2566 3610 2771 3666 habere
2804 3625 2913 3663 non
2957 3610 3188 3679 poterit,
3221 3610 3321 3663 nisi
3353 3623 3454 3680 per

1846 3708 2164 3777 sapientiam
2224 3706 2605 3760 cohortantem
2650 3723 2662 3758 :
2712 3705 2929 3767 Venite,
2984 3702 3235 3758 comedite
3292 3718 3452 3773 panes

1847 3818 1984 3854 meos
2022 3818 2034 3853 :
2070 3799 2096 3836 ³³
2127 3799 2195 3853 Ει
2236 3800 2359 3867 quia
2409 3806 2533 3852 sunt
2562 3796 2788 3861 divitim,
2817 3796 2884 3850 de
2928 3797 3126 3865 quibus
3153 3794 3453 3865 Apostolus

1845 3896 1920 3948 ait
1950 3912 1959 3947 :
1993 3892 2191 3946 Dit‘ites
2236 3893 2346 3959 fieri
2387 3893 2440 3944 in
2485 3892 2722 3960 operibus
2754 3890 2900 3943 battis
2935 3888 2979 3960 (l
3020 3888 3155 3941 Tim.
3188 3905 3271 3955 vt,
3305 3888 3395 3959 l8)
3431 3903 3445 3942 :

1850 3990 1912 4042 lit
1951 3989 2079 4041 alibi
2125 4004 2137 4038 :
2182 3984 2383 4041 Divites
2422 3986 2546 4055 facti
2583 3988 2703 4039 estis
2743 3986 2795 4037 in
2837 3984 2976 4036 omni
3016 3998 3271 4045 sermone,
3306 3994 3353 4037 et
3394 3985 3449 4038 in

1844 4082 1984 4135 omni
2024 4080 2234 4133 scientia
2261 4080 2303 4147 (l
2344 4079 2464 4134 Cor.
2500 4093 2548 4143 ι,
2577 4079 2635 4140 5)
2669 4096 2678 4129 :
2711 4076 2992 4130 sciendum
3018 4074 3338 4143 prudentem
3365 4076 3446 4129 vi-

1846 4186 1962 4225 rum
2008 4170 2105 4223 ltus
2146 4187 2249 4223 nun
2293 4186 2451 4239 posse
2491 4170 2708 4223 divitias
2746 4180 3100 4236 congregare,
3144 4166 3245 4219 nisi
3287 4179 3382 4220 eas
3420 4181 3451 4222 a

1849 4265 2077 4318 Domino
2105 4264 2416 4333 acceperit,
2444 4263 2600 4330 cujus
2644 4262 2777 4327 ipsm
2804 4259 3007 4313 divitiae
3036 4268 3186 4313 sunt.
3218 4257 3295 4313 De
3326 4260 3450 4325 qui-

1846 4359 1945 4413 bus
1975 4368 2029 4413 et
2056 4360 2187 4413 alibi
2219 4360 2423 4413 dictum
2453 4367 2539 4411 est
2571 4374 2582 4409 :
2617 4354 2920 4423 Redemptio
2964 4354 3155 4407 animle
3178 4354 3298 4416 viri,
3329 4368 3453 4424 pro-

1846 4454 1971 4519 pria:
1999 4450 2196 4503 divitia:
2224 4449 2407 4518 (Prov.
2437 4462 2523 4510 xv,
2550 4444 2627 4517 8).
2653 4444 2840 4499 Gratia
2869 4459 3110 4515 quoque,
3136 4445 3241 4499 nisi
3264 4445 3452 4500 scien—

1847 4545 1971 4596 tiam
2003 4544 2259 4597 comitata
2294 4540 2478 4604 fuerit,
2510 4548 2565 4593 et
2611 4551 2872 4592 concessa
2923 4552 2953 4591 a
3006 4536 3155 4602 Deo,
3201 4538 3451 4607 quamvis

136 4642 347 4685 nostra:
370 4646 553 4686 veram
580 4632 743 4699 vitam
772 4646 892 4685 cum
920 4632 1182 4700 sapientia
1212 4648 1379 4686 uxore
1403 4649 1731 4702 qtueramus.
1764 4640 1812 4700 Ι)
1840 4634 2083 4690 eruditus
2111 4636 2193 4687 vir
2222 4649 2339 4687 eam
2372 4648 2481 4686 non
2514 4632 2717 4707 poterit
2747 4632 3012 4687 invenire.
3043 4631 3197 4697 Quod
3222 4643 3276 4686 et
3307 4629 3450 4685 Pau-

134 4726 269 4782 lltec
290 4726 433 4781 enim
464 4740 587 4797 pars
610 4735 796 4783 nostra
818 4732 926 4790 est,
950 4731 1007 4779 et
1031 4725 1117 4780 hic
1138 4723 1339 4779 laboris
1362 4722 1595 4791 fructus,
1610 4725 1656 4779 si
1680 4725 1731 4779 in

214 4990 240 5018 ι
274 4978 436 5035 Addit
465 4978 670 5034 Victor.
702 4988 749 5033 et
779 4978 891 5033 bibe
930 4979 981 5031 in
1017 4980 1171 5031 corde
1196 4978 1325 5031 bono
1353 4980 1526 5031 vinum
1564 4988 1727 5033 tuum.

212 5081 283 5093 —
326 5050 474 5117 Veni,
489 5053 694 5105 comede
710 5052 759 5103 in
779 5048 960 5103 laetitia
978 5066 1160 5120 panem
1183 5059 1344 5101 tuum.
1364 5049 1550 5105 Grmca
1570 5062 1731 5120 atque

140 5122 333 5180 Latina
385 5123 617 5192 plurima
669 5136 953 5191 perperam
1011 5121 1095 5173 hic
1139 5121 1322 5174 addita
1376 5122 1629 5191 lt'gtllillli‘
1676 5124 1726 5175 in

142 5206 303 5250 antea
345 5195 512 5249 editis
542 5194 693 5248 libris
726 5194 937 5247 Erasm.
965 5200 1017 5246 et
1047 5192 1267 5245 Marino.
1350 5192 1619 5246 Maurum.

208 5267 237 5307 δ
273 5266 477 5321 Victor.
511 5276 556 5318 et
589 5263 756 5317 oleum
781 5266 1032 5334 salutare.
1057 5273 1103 5315 et
1134 5262 1422 5334 spirituale.

212 5344 233 5371 ε
266 5336 438 5391 Penes
471 5338 789 5399 Alcninutn,
820 5338 904 5389 cui
934 5345 989 5389 et
1020 5333 1252 5387 Palatio.
1284 5337 1421 5387 alter
1461 5352 1562 5386 ms.
1598 5350 1730 5389 con-

135 5407 299 5471 cinit,
350 5406 461 5459 Hoc
491 5410 1161 5480 jejunantes__unguentum
1192 5407 1245 5480 in
1269 5408 1453 5480 capite
1487 5406 1729 5473 habeant,

133 5480 272 5551 quod
298 5476 614 5551 peccatores,
645 5488 752 5531 etc.
784 5477 1009 5551 Veteres
1034 5477 1163 5529 editi
1194 5476 1453 5530 abludunt
1496 5481 1577 5531 his
1607 5493 1732 5531 ver-

136 5547 241 5612 bis,
273 5550 341 5601 ad
374 5551 704 5619 unguendum
734 5556 899 5619 caput
920 5547 1130 5619 habent.

204 5619 229 5657 ἀ
261 5621 373 5673 Duo
398 5618 628 5672 Palatini
661 5617 825 5671 mss:
860 5617 984 5671 Vive
998 5618 1155 5670 vitam
1180 5630 1295 5670 eum
1322 5618 1554 5683 muliere,
1580 5635 1732 5683 quam

136 5691 363 5748 dilexisti
411 5690 642 5743 omnibus
686 5690 862 5742 diebus
893 5691 1283 5743 ranitatistute.
1324 5692 1459 5757 Quia
1500 5691 1609 5743 liter
1635 5704 1730 5761 est,

136 5775 239 5821 etc.
278 5761 449 5833 Valle.
488 5761 610 5815 Vive
638 5762 793 5813 vitam
822 5776 935 5813 cum
968 5762 1199 5824 malisve,
1228 5779 1385 5833 quam
1408 5764 1600 5816 duxisti
1627 5780 1736 5818 om-

142 5835 292 5917 nibus
321 5832 499 5889 diebus
547 5834 789 5887 vanitatis
821 5843 947 5899 tute,
979 5835 1065 5901 qui
1097 5834 1206 5891 dati
1234 5832 1350 5893 sunt
1386 5836 1474 5891 tibi
1506 5837 1600 5892 sub
1628 5839 1737 5894 sole

1845 4729 1925 4781 lus
1964 4728 2145 4785 sciens
2187 4744 2197 4778 :
2245 4723 2395 4790 Plus,
2437 4726 2634 4795 inquit,
2667 4725 2919 4782 ominibus
2960 4723 2973 4761 ί
3011 4723 3116 4781 illis
3147 4724 3379 4781 laboravi
3419 4738 3443 4779 ς

1840 4979 2073 5033 omnibus
2100 4980 2277 5033 diebus
2307 4979 2548 5034 vanitatis
2569 5026 2581 5049 ,
2610 4979 2714 5033 sive
2754 4979 3111 5034 instabilitatis
3143 4989 3259 5036 tute.
3303 4979 3441 5047 Quia

1840 5052 1949 5105 lucc
1980 5060 2052 5104 est
2079 5068 2196 5123 pars
2230 5060 2319 5104 tua
2350 5053 2403 5105 in
2436 5054 2539 5104 vita
2566 5061 2675 5118 tua,
2706 5062 2753 5106 et
2778 5053 2827 5104 in
2850 5051 3042 5123 labore,
3076 5060 3179 5105 etc.

1913 5132 1936 5159 ο
1965 5121 2285 5177 Ηὶοιῑειιιιιι
2314 5124 2451 5185 rive,
2488 5141 2585 5189 pro
2613 5125 2746 5183 ride,
2791 5121 3085 5191 prmferttnt
3119 5132 3227 5177 tres
3272 5123 3437 5178 modo

1840 5193 2041 5247 laudati
2084 5210 2214 5247 mss.
2260 5205 2420 5262 atque
2454 5194 2591 5248 infra
2634 5194 2974 5248 coltzrrenter
3006 5194 3147 5248 solus
3176 5195 3338 5248 vivere
3368 5195 3443 5246 vi-

1837 5274 1965 5327 tam,
1997 5264 2302 5331 providere.
2328 5266 2463 5333 Quin
2494 5277 2541 5320 et
2575 5281 2671 5335 pro
2697 5267 2946 5329 dilexisti,
2972 5265 3217 5321 Valican.
3242 5280 3439 5336 quem-

1839 5337 2127 5390 admodum
2160 5354 2342 5406 supra,
2377 5336 2573 5391 duxisti
2605 5337 2820 5391 retinet.

1917 5406 1935 5443 ί
1996 5408 2125 5460 Cum
2168 5411 2234 5461 ad
2279 5410 2539 5477 infernum
2600 5407 2944 5462 descenderis.
3007 5406 3135 5461 Mss.
3194 5406 3435 5476 codices,

1840 5493 2001 5550 quum
2029 5482 2095 5530 ad
2124 5480 2325 5549 inferna
2358 5481 2699 5534 descenderis.
2889 5549 2892 5550 ν
2983 5549 2997 5550 7
3063 5478 3332 5532 Murrus.

1912 5560 1937 5597 8
1972 5550 2145 5623 Penes
2183 5551 2396 5605 Alcuin.
2441 5552 2630 5621 absque
2668 5549 2933 5623 adjutorio
2971 5549 3176 5603 Domini
3207 5565 3306 5602 non
3340 5564 3441 5619 po-

1842 5635 1934 5679 test
1964 5622 2034 5674 ad
2062 5623 2245 5677 curtum
2272 5625 2549 5695 pervenire.

1915 5695 1941 5733 ¹ι
1974 5698 2204 5751 Palatia.
2235 5692 2392 5757 alter,
2424 5706 2470 5748 et
2495 5698 2739 5767 quoniam
2766 5709 2868 5767 non
2896 5695 3080 5747 desunt
3110 5692 3321 5767 divitiis.

1922 5767 1935 5803 ί
1968 5768 2019 5819 In
2048 5770 2272 5836 palatio.
2305 5770 2432 5841 Plus
2458 5759 2691 5822 omnibus
2718 5765 2985 5833 laboravi;
3014 5775 3125 5820 tum
3155 5760 3327 5841 Vatic.
3353 5759 3449 5829 sed

1843 5850 1892 5896 et
1926 5842 2114 5921 gratia,
2140 5848 2245 5894 etc.
