3998 6328
546 306 690 365 1087

1794 290 1854 347 8.
1896 286 2170 346 EUSEBII
2212 284 2595 345 HIERONYMI

3734 288 3877 344 1083

547 441 655 479 non
683 434 852 479 autem
884 437 1000 489 ego.
1027 428 1054 456 ι
1081 417 1173 472 sed
1202 414 1371 488 gratia
1399 412 1497 465 Dei
1515 410 1681 486 “5
1704 424 1820 484 quia
1847 424 2046 463 mecum
2073 416 2149 462 est
2179 413 2226 471 Α
2254 405 2534 460 sciendum
2598 411 2683 459 est
2752 402 3177 460 Erclesiastiros
3225 416 3449 475 quoque
3503 401 3644 475 [AL
3706 418 3877 472 quos-

550 516 593 589 (1
616 514 739 570 Cor.
766 529 853 575 xv,
890 513 1001 581 10).
1034 510 1102 564 Et
1130 510 1323 563 iterum
1355 524 1368 559 :
1394 503 1579 561 Gratia
1604 507 1715 575 ejus
1743 504 1795 556 in
1826 517 1903 555 ine
1933 498 2153 570 nonfuit

549 624 731 664 caena.
767 608 833 661 Et
860 606 926 659 ad
958 613 1260 659 extremum
1293 602 1534 655 ne~citur
1559 601 1629 653 ali
1662 598 1902 657 lminine.
1936 595 2155 665 quando

549 708 766 768 tempus
795 698 1067 763 adveniat,
1102 697 1156 752 in
1188 711 1296 765 quo
1323 696 1505 750 varius
1535 703 1763 747 eventus
1793 704 1845 745 et
1883 690 2009 744 linis
2039 702 2157 743 om-

552 791 700 848 nium
724 792 1101 861 subsequatur.
1138 789 1262 845 Ilua:
1291 788 1591 844 secundum
1623 788 1907 859 ἀναγωγήν.

622 924 921 989 Caeterum,
953 935 1012 979 ut
1056 925 1362 993 simplicius
1386 922 1495 997 [Αι.
1527 919 1892 994 simplicibus]
1920 919 2156 975 dissera-

555 1032 720 1073 mus:
759 1018 1003 1087 Epistula
1055 1018 1121 1072 ad
1180 1018 1458 1071 Romanos
1511 1017 1637 1068 huic
1680 1017 1800 1070 loco
1852 1018 2151 1081 Congruit:

558 1113 699 1181 Quia
726 1129 824 1166 non
849 1115 1065 1167 volentis
1106 1129 1269 1183 neque
1309 1111 1585 1173 currentis.
1614 1110 1707 1163 sed
1742 1109 2029 1162 misereniis
2063 1105 2156 1160 Dei

550 1208 619 1261 sit
650 1206 824 1281 (llam.
860 1222 934 1270 ix,
970 1206 1080 1275 t6).
1113 1205 1265 1274 Quod
1293 1215 1474 1258 autem
1500 1206 1572 1257 ait
1602 1220 1614 1256 :
1652 1201 1773 1256 Non
1806 1214 1879 1254 est
1908 1200 2158 1269 sapienti-

554 1296 647 1352 bus
674 1301 850 1362 panis,
879 1298 1177 1351 multorum
1200 1297 1443 1368 quotidie
1472 1296 1734 1365 probatur
1762 1294 2038 1362 exemplo,
2063 1293 2153 1361 qui

555 1404 679 1444 cum
706 1389 1092 1457 sapientissimi
1118 1389 1249 1447 sint,
1279 1386 1603 1442 necessariis
1629 1386 1889 1455 indigent.
1922 1388 2007 1449 Et,
2034 1383 2156 1437 Non

554 1495 628 1538 est
655 1483 932 1536 scientibus
962 1481 1151 1552 gratia.
1180 1480 1377 1535 Videas
1404 1481 1548 1535 enim
1582 1480 1633 1532 in
1664 1479 1911 1533 Ecclesia
1936 1478 2159 1547 imperi-

556 1578 794 1632 tissimus
816 1591 1062 1647 quosque
1092 1574 1290 1631 ﬂorere
1322 1593 1335 1631 :
1368 1586 1424 1631 et
1458 1576 1582 1645 quia
1618 1578 1925 1630 nutrierunt
1963 1574 2156 1629 frontis

554 1669 843 1724 audaciam
871 1711 883 1730 .
914 1680 967 1723 et
1010 1669 1408 1724 volubilitatem
1451 1669 1651 1739 lingua:
1684 1669 1966 1725 Consecuti
2006 1678 2149 1734 sunt,

553 1760 684 1817 dum
713 1778 819 1815 non
844 1761 1170 1831 recogitant,
1194 1763 1321 1831 quid
1353 1763 1665 1833 loquantur,
1697 1763 1993 1831 prudentes
2020 1778 2078 1816 se
2101 1772 2156 1817 et

555 1855 807 1910 eruditos
834 1855 1171 1907 arbitrantur
1204 1872 1216 1905 :
1247 1856 1484 1908 maxime
1518 1855 1560 1908 si
1603 1853 1848 1908 favorem
1879 1855 2021 1924 vulgi
2057 1854 2154 1907 ha.

556 1946 813 2010 bttet‘iitt,
856 1946 947 2016 qui
1001 1946 1172 2015 magis
1210 1946 1376 2001 dictis
1422 1946 1725 2001 levioribus
1765 1948 2068 2002 delectatur
2104 1955 2160 2001 et

556 2050 953 2096 commovetur.
995 2039 1053 2094 Ei
1084 2055 1116 2095 e
1143 2041 1427 2094 cnntrario
1464 2040 1737 2094 eiuditnm
1782 2056 1955 2094 Vll'lllll
1990 2041 2159 2096 latere

554 2136 611 2191 iii
643 2136 901 2199 obscuro,
936 2136 1348 2202 persecutiones-
1376 2133 1481 2201 pati
1518 2150 1531 2185 :
1562 2140 1617 2187 et
1642 2150 1746 2186 non
1778 2133 1953 2187 solum
1986 2134 2036 2187 in
2065 2148 2159 2202 po-

555 2230 686 2297 pqu
716 2231 952 2297 gratiam
984 2242 1092 2280 non
1128 2226 1159 2279 h
1183 2226 1355 2291 ubere,
1377 2226 1470 2279 sed
1502 2226 1676 2297 inopia
1715 2233 1772 2280 et
1800 2234 2043 2295 egestate
2074 2235 2156 2280 ta-

552 2320 803 2377 besoere.
840 2321 965 2374 Ilaec
997 2334 1180 2373 autem
1214 2325 1369 2385 tlunt,
1396 2324 1522 2389 quia
1551 2320 1761 2375 incerto
1801 2332 1943 2374 statu
1978 2319 2160 2373 ferun-

555 2422 645 2469 tur
673 2415 878 2479 omnia,
909 2425 963 2467 et
998 2428 1103 2467 non
1134 2423 1218 2468 est
1248 2414 1299 2467 in
1325 2416 1583 2484 priesenti
1622 2415 1911 2470 retributio
1934 2416 2160 2469 merito-

554 2522 699 2571 rum.
724 2510 817 2562 Sed
853 2508 906 2562 in
934 2506 1141 2562 futuro.

631 2646 700 2703 Et
725 2647 751 2687 δ
782 2648 991 2718 quidem
1019 2650 1180 2702 nescit
1202 2650 1357 2703 homo
1386 2660 1583 2723 tempus
1610 2668 1783 2714 suum,
1814 2656 1963 2723 quasi
1994 2652 2159 2721 pisces

556 2744 646 2815 qui
690 2745 982 2798 retinentur
1036 2746 1089 2798 iii
1134 2747 1373 2831 captione
1410 2747 1633 2811 pes-sima
1659 2756 1706 2813 ο,
1750 2747 1885 2799 sicut
1929 2748 2161 2798 volucres

558 2853 676 2908 qua:
706 2840 1021 2909 colliguntur
1062 2839 1246 2904 laqueo
1281 2854 1299 2891 :
1321 2837 1557 2892 similiter
1586 2851 1825 2893 corruent
1860 2840 1956 2906 ﬁlii
1994 2838 2163 2890 homi-

560 2943 685 2981 num
710 2930 763 2979 iii
808 2937 1036 2991 tempore
1080 2930 1241 2989 malo,
1266 2946 1381 2982 cum
1414 2931 1653 2983 reciderit
1709 2946 1869 2993 super
1899 2931 2040 2996 ipsos
2066 2946 2158 2983 eir-

566 3018 775 3087 templo.
809 3016 926 3072 Jain
957 3031 1009 3071 et
1043 3033 1205 3083 supra
1237 3018 1495 3083 diximus,
1530 3020 1555 3056 ά
1586 3022 1729 3091 quod
1757 3022 1884 3075 dum
1918 3040 1947 3074 n
1972 3024 2163 3077 sciant

560 3109 838 3173 homines,
866 3110 936 3162 ita
977 3112 1056 3164 eis
1085 3108 1193 3183 [AL
1228 3112 1309 3165 eis
1348 3111 1463 3186 ant]
1492 3115 1757 3178 angustia:
1797 3111 2041 3176 viniant.
2069 3124 2163 3169 ant

2254 496 2383 570 que]
2418 501 2583 561 viros,
2616 497 2708 567 qui
2760 496 2850 551 lilii
2896 496 3174 550 hominum
3217 496 3604 563 appellantur,
3649 505 3709 550 et
3749 508 3881 551 sunt

2256 594 2483 646 modictc
2517 590 2663 655 fidei,
2692 590 2798 644 cito
2822 604 2985 660 posse
3014 603 3293 643 corruere.
3324 587 3646 643 Notandum
3679 588 3878 653 etiam,

2255 684 2398 755 quod
2444 698 2538 752 per
2569 693 2741 736 totum
2770 684 2967 735 librum
3004 682 3335 749 ubicumque
3374 680 3606 743 dicitur,
3637 682 3745 749 ﬁlii
3780 682 3877 734 ho.

2257 779 2476 838 miiium.
2510 778 2561 832 in
2596 776 2829 831 Hebraeo
2860 777 3022 830 habet
3053 780 3196 844 (D‘TN
3221 774 3325 843 ’32)
3362 775 3463 844 filii
3484 773 3746 830 hominis.
3775 776 3880 831 hoc

2256 880 2359 935 est,
2381 871 2479 939 ﬁlii
2505 872 2688 923 Adam.
2719 869 2977 923 Etontnis
3004 883 3141 935 rene
3163 868 3446 937 Scriptura
3473 868 3581 920 hnc
3608 868 3879 922 idioiizatc

2259 968 2416 1037 plena
2446 975 2550 1031 est,
2594 964 2907 1019 universum
2940 977 3115 1033 genus
3159 961 3475 1027 hominum,
3514 961 3699 1017 Adam
3736 963 3876 1018 hlios

2259 1075 2488 1116 VOCallS.

2331 1154 2439 1209 Sed
2469 1166 2516 1208 et
2549 1155 2683 1207 hunc
2717 1154 2823 1207 vidi
2858 1153 3167 1225 sapientiam
3208 1151 3301 1205 sub
3328 1150 3460 1217 sole,
3484 1160 3531 1204 et
3573 1167 3773 1223 magna
3799 1158 3875 1203 est

2258 1248 2399 1320 apud
2422 1264 2521 1301 mc.
2548 1246 2739 1301 Civitas
2761 1264 2921 1318 parva
2949 1256 2997 1298 et
3026 1246 3123 1299 viri
3154 1248 3206 1300 in
3238 1262 3297 1299 ea
3333 1249 3483 1317 pauci
3508 1261 3528 1299 :
3557 1254 3604 1297 et
3637 1244 3777 1299 venit
3805 1244 3876 1297 ad

2258 1358 2369 1396 eam
2393 1358 2485 1395 rex
2508 1357 2725 1411 magnus
2756 1350 2803 1394 et
2843 1338 3188 1393 circumdedit
3227 1356 3361 1405 eam,
3390 1349 3439 1392 et
3464 1339 3758 1409 (edi/icavit
3780 1339 3876 1389 nd-

2259 1451 2430 1487 tiersus
2456 1451 2570 1487 eam
2602 1433 2890 1487 machinam
2914 1446 3177 1503 magnam.
3209 1428 3276 1483 Et
3304 1431 3500 1484 invenit
3528 1434 3583 1483 in
3612 1448 3676 1484 ea
3704 1431 3871 1483 cirum

2259 1542 2538 1599 pauperem
2564 1536 2611 1579 et
2631 1526 2935 1597 sapientein.
2958 1535 3007 1578 et
3037 1524 3256 1577 saluauit
3287 1523 3369 1577 hic
3406 1524 3668 1577 civitatem
3700 1523 3754 1575 in
3785 1539 3872 1576 sa-

2259 1624 2454 1694 pientia
2480 1640 2575 1677 sua
2599 1639 2617 1676 :
2636 1635 2681 1675 et
2712 1621 2865 1675 homo
2910 1638 3013 1674 non
3054 1618 3357 1674 reconlatus
3384 1630 3455 1673 est
3487 1620 3715 1673 hominis
3737 1634 3875 1686 pmi-

2257 1722 2395 1790 peris
2427 1719 2586 1771 illius.
2618 1718 2754 1773 Aliis
2778 1718 2960 1771 omnia
2993 1717 3200 1770 incerta
3227 1715 3546 1780 dicentibus,
3566 1726 3617 1768 et
3638 1714 3871 1782 ju~tam

2188 1807 2231 1867 Β
2259 1812 2329 1866 ab
2365 1812 2567 1879 injusto
2614 1810 2749 1864 nihil
2796 1810 3033 1879 amplius
3078 1809 3282 1863 habere
3331 1827 3343 1862 :
3380 1823 3475 1875 ego
3518 1807 3871 1875 sapientiam

2259 1912 2505 1963 etiamin
2550 1907 2652 1963 hoc
2698 1908 2988 1961 maximam
3039 1904 3388 1975 coniprohavi
3423 1901 3607 1973 :qnod
3650 1902 3875 1956 cret-ro

2260 2004 2463 2063 evenit.
2496 2013 2553 2057 ut
2580 2018 2747 2072 parva
2776 2003 2846 2056 sit
2866 2002 3079 2063 civitas,
3102 2010 3159 2055 et
3186 2000 3518 2053 habitatores
3547 1996 3601 2051 in
3630 2011 3697 2049 ca
3731 2012 3875 2064 pau-

2259 2097 2333 2160 ci,
2362 2106 2415 2149 et
2446 2094 2929 2149 inimnicrahilinin
2967 2094 3199 2147 hosﬁum
3236 2093 3487 2162 cingatur
3513 2087 3787 2152 exi-rciiu,
3815 2101 3871 2142 et

2261 2189 2565 2255 obsidione,
2598 2200 2653 2243 et
2677 2190 2819 2241 t'ame
2849 2187 3079 2257 populus
3110 2187 3253 2240 intus
3286 2194 3548 2238 necetur:
3582 2192 3638 2236 et
3671 2197 3873 2249 repen-

2264 2292 2315 2338 te
2350 2296 2539 2336 cnntra
2578 2282 2821 2336 omnium
2867 2280 3235 2348 suspicionem
3270 2276 3503 2332 inveniri
3545 2275 3724 2327 virum
3763 2273 3868 2326 hn-

2261 2376 2442 2430 milem
2488 2386 2536 2427 et
2586 2381 2945 2442 pauperi-me,
2994 2370 3086 2441 qui
3138 2370 3264 2438 quia
3318 2369 3480 2422 habet
3532 2367 3869 2434 sapientiam

2263 2468 2526 2535 majorem
2565 2465 2775 2519 cunctis
2810 2462 3092 2527 divitibus,
3125 2462 3337 2532 magnis
3372 2472 3430 2515 et
3467 2457 3784 2530 patentibus
3814 2467 3873 2511 et

2264 2564 2516 2631 superbis
2566 2562 2619 2616 in
2654 2562 2898 2630 periculo
2932 2562 3145 2627 positis,
3174 2565 3229 2612 et
3277 2557 3345 2611 ad
3374 2555 3718 2610 obsidionem
3773 2569 3871 2622 pa-

2266 2656 2540 2712 ventibus.
2569 2668 2611 2708 c-
2637 2656 2767 2722 gitat
2799 2662 2853 2705 et
2879 2649 3127 2720 inquirit,
3158 2662 3211 2703 et
3242 2647 3455 2703 invenit
3483 2645 3595 2719 [ΑΙ.
3622 2657 3677 2698 ιιι
3713 2645 3867 2698 inve-

2264 2746 2398 2820 niat]
2421 2750 2697 2817 quomodo
2730 2761 2758 2799 a
2794 2745 2950 2799 malis
2983 2756 3139 2799 eruat
3166 2742 3462 2796 civitati-tn.
3497 2740 3555 2794 Et
3588 2754 3621 2792 0
3655 2740 3869 2808 ingrata

2267 2845 2544 2897 hominum
2589 2842 2818 2905 oblivio,
2853 2852 3139 2908 postquam
3186 2836 3387 2890 fuerint
3417 2836 3652 2895 liberati,
3681 2842 3736 2887 et
3772 2848 3871 2886 so-

2262 2936 2373 2990 luta
2398 2933 2708 2999 captititas,
2742 2943 2798 2988 et
2832 2932 3037 2987 reddita
3072 2932 3258 2997 patriae
3286 2929 3537 2992 libertas,
3571 2942 3733 2982 uenio
3755 2942 3872 2982 nic-

2256 3030 2419 3099 niinit
2452 3028 2712 3096 εειρὶειιιίε
2748 3029 2893 3082 illius
2926 3041 3121 3095 paupei
3140 3025 3206 3089 is,
3234 3041 3396 3079 nemo
3445 3023 3612 3078 refert
3660 3024 3873 3089 gratias

2269 3140 2366 3193 pro
2397 3123 2573 3177 salute
2602 3142 2613 3176 :
2648 3121 2743 3175 sed
2777 3136 2968 3175 omnes
2999 3119 3513 3179 honorantdivites,
3547 3118 3637 3187 qui
3676 3114 3732 3170 in
3777 3131 3875 3183 pe-

556 3204 839 3260 lnteritus.
871 3204 1041 3257 Porro
1067 3207 1365 3260 secundum
1390 3208 1709 3277 allegoriam
1740 3220 1825 3267 est
1850 3211 2155 3275 sciendum,

2273 3216 2441 3270 ricnlo
2471 3214 2603 3268 nihil
2634 3215 2930 3270 suhvenire
2958 3222 3267 3279 potuerunt.
3302 3210 3478 3267 Aliter
3504 3210 3767 3264 Hebra-ns
3794 3208 3874 3262 ita

563 3316 789 3365 regnum
821 3300 1090 3355 t‘tnlorum
1124 3300 1302 3355 simile
1326 3318 1450 3357 esse
1478 3318 1692 3372 sugente
1735 3304 1917 3359 inissa:
1948 3308 1998 3357 in
2026 3304 2164 3358 niari

566 3393 783 3469 (Matth.
806 3392 946 3466 xm).
984 3396 1046 3448 lit
1076 3411 1107 3450 e
1130 3405 1408 3448 i-onti-ario
1433 3396 1637 3449 habere
1668 3411 1922 3465 sagenant
1950 3396 2167 3449 lucreti-

563 3502 689 3553 (ξος,
720 3504 813 3555 per
844 3504 1003 3558 quam
1049 3491 1225 3558 pisces
1261 3490 1480 3559 copiaut
1520 3489 1585 3543 ad
1629 3492 1929 3544 interitum.
1952 3491 2164 3559 Sagena

565 3597 753 3637 eorum
785 3596 862 3636 εει
894 3597 1077 3637 sermo
1105 3580 1356 3647 all‘abilis,
1383 3582 1640 3635 blandum
1673 3581 1971 3652 eloquium,
1996 3582 2165 3636 simn-

565 3675 671 3729 Iata
704 3684 796 3727 aut
825 3688 1010 3729 Coacta
1040 3676 1269 3743 jejunio,
1293 3676 1457 3730 vestis
1491 3676 1739 3741 humilis,
1763 3676 2019 3730 virtutum
2045 3676 2163 3730 imi-

568 3765 723 3821 tatio.
758 3768 911 3832 Quod
952 3766 1000 3821 si
1038 3768 1334 3836 coeperint,
1367 3783 1422 3823 et
1460 3770 1529 3824 de
1564 3769 1941 3837 snperioi'ihus
1971 3768 2163 3837 dispu-

570 3868 705 3921 tare,
734 3870 787 3915 et
812 3863 861 3914 in
886 3862 1118 3915 sublime
1146 3862 1326 3917 levare
1354 3878 1415 3916 os
1441 3878 1623 3925 suum,
1653 3870 1708 3915 et
1734 3862 1823 3915 llei
1848 3860 2166 3915 altitudines

565 3966 839 4021 querere,
876 3953 1124 4023 laqueum
1153 3963 1355 4019 ponunt
1385 3954 1435 4007 in
1470 3954 1730 4008 excelsis.
1756 3952 2042 4021 Quomodo
2068 3952 2169 4020 iui-

569 4056 658 4102 tur
691 4050 869 4119 pisces
895 4056 953 4103 et
983 4052 1228 4104 volucres
1254 4050 1367 4103 cito
1390 4049 1681 4116 capiuntur
1708 4067 1733 4100 a
1762 4048 1849 4102 tali
1875 4057 2171 4118 sigeoa,ct

569 4143 637 4196 ah
684 4142 985 4197 istiusmodi
1030 4143 1273 4215 laqueo:
1314 4144 1397 4197 sic
1440 4158 1563 4196 cum
1606 4142 1962 4209 multiplicata
2012 4142 2173 4197 fuerit

569 4233 859 4305 iniquitas,
892 4247 947 4291 et
990 4236 1261 4291 refrixerit
1300 4237 1539 4291 Charitas
1572 4236 1867 4291 multorum
1888 4278 1905 4303 ,
1938 4246 1995 4292 et
2019 4238 2170 4307 signa

571 4327 712 4383 facta
756 4331 957 4383 fin-rint
1000 4340 1162 4401 atque
1198 4339 1447 4401 portenta
1472 4371 1487 4396 ,
1533 4333 1603 4384 ita
1642 4342 1698 4385 ut
1729 4331 2093 4397 sedncantur,
2127 4331 2172 4385 si

574 4421 835 4489 possibile
888 4420 1054 4495 466
1095 4434 1213 4491 est,
1271 4424 1438 4479 etiant
1481 4423 1640 4479 electi
1676 4422 1903 4495 (Matth.
1964 4424 2126 4494 niv)
2161 4444 2171 4479 :

2270 3312 2412 3365 hunc
2453 3312 2627 3365 locnin
2670 3312 3062 3377 interpretatus
3088 3318 3212 3363 est:
3246 3306 3449 3362 Civitas
3477 3321 3668 3374 parva,
3703 3303 3875 3358 homo

2266 3415 2373 3470 est,
2400 3406 2487 3473 qui
2521 3406 2685 3458 etiam
2730 3404 2867 3471 apud
2902 3401 3258 3471 philosophos
3296 3398 3475 3453 minor
3506 3398 3745 3451 mundus
3776 3412 3877 3449 vo-

2269 3510 2441 3554 catur.
2489 3500 2553 3551 Ιέι
2582 3499 2681 3551 viri
2714 3496 2767 3551 in
2799 3513 2863 3550 ea
2897 3496 3074 3566 pauci,
3109 3492 3350 3548 membra
3382 3493 3450 3547 de
3476 3491 3676 3560 quibus
3706 3489 3875 3543 homo

2270 3593 2385 3662 ipse
2421 3594 2748 3646 contexitur.
2788 3589 2923 3644 Cum
2969 3599 3148 3643 autem
3194 3585 3405 3641 venerit
3440 3586 3706 3639 adversus
3752 3599 3871 3637 eam

2268 3702 2363 3740 rex
2394 3700 2619 3754 magnus
2643 3684 2915 3746 diabolus,
2950 3680 3046 3737 ‘et
3073 3679 3345 3752 quicsit-rit
3376 3679 3550 3733 locum
3584 3692 3684 3745 per
3710 3692 3871 3748 quem

2269 3778 2443 3849 possit
2466 3780 2790 3847 irrumpere,
2817 3775 3095 3829 invenitur
3124 3773 3179 3826 iit
3206 3787 3269 3826 ea
3294 3770 3513 3824 humilis
3541 3779 3599 3823 et
3628 3768 3871 3839 sapiens,

2269 3882 2317 3928 et
2356 3881 2379 3917 κ
2412 3874 2595 3941 quieta
2640 3870 2903 3939 cogitatio
2953 3865 3228 3925 interioris
3282 3862 3553 3922 hominis.
3595 3871 3655 3917 et
3694 3871 3873 3915 servat

2271 3966 2379 4038 [AL
2414 3963 2593 4035 eruet]
2624 3966 2809 4017 nrhetn
2843 3979 2965 4033 quin
2988 3962 3211 4014 (tbSi-ssa
3242 3958 3310 4013 ab
3339 3957 3590 4012 ltoSIibus
3617 3958 3875 4026 cingeba-

2274 4070 2386 4113 tur.
2416 4060 2664 4128 Cumque
2710 4056 2873 4110 ltonto
2921 4056 2989 4111 de
3018 4054 3261 4125 periculo
3293 4052 3409 4105 sive
3453 4048 3871 4119 pi-rSPCulionis,

2275 4151 2391 4207 sive
2412 4151 2811 4220 angustiarum,
2840 4148 2956 4203 sive
3000 4146 3394 4216 cnjnscuuique
3435 4142 3598 4216 467
3628 4144 3871 4196 adversae

2278 4243 2356 4298 rei
2386 4254 2549 4309 atque
2584 4244 2788 4311 peccati
2824 4241 2985 4295 fuerit
3012 4248 3203 4293 erutus
3234 4257 3245 4291 :
3280 4237 3444 4291 homo
3492 4242 3580 4290 ille
3604 4235 3862 4299 exterior,

2280 4336 2369 4405 qni
2399 4336 2656 4389 inimicus
2676 4334 2761 4389 est
2788 4332 2937 4388 llius
2961 4330 3211 4400 pauperis
3230 4328 3559 4388 honiinis.et
3579 4323 3869 4393 sapientis,

2285 4441 2393 4481 non
2444 4429 2763 4483 recordatur
2807 4423 3087 4480 interioris
3133 4419 3402 4488 hominis,
3448 4432 3545 4475 nec
3581 4414 3764 4470 subdit
3809 4428 3873 4469 se

648 4664 674 4692 λ
705 4654 811 4709 Sed
836 4656 1009 4725 gratia
1035 4654 1129 4711 Dei
1159 4672 1293 4725 quia,
1320 4666 1427 4712 etc.
1463 4656 1518 4711 ln
1546 4670 1676 4711 mss.
1702 4672 1808 4712 non
1839 4659 2051 4727 paucis,
2078 4660 2167 4715 sed
2195 4666 2249 4727 Β
2273 4678 2401 4727 rein,
2431 4672 2537 4717 etc.

569 4737 617 4783 et
646 4728 817 4798 gratia
847 4745 963 4796 quin
993 4744 1187 4798 mecuiii
1223 4739 1319 4782 est.
1784 4730 2046 4785 Maurus.

645 4797 670 4838 δ
701 4800 842 4853 Ilum
881 4801 1110 4853 l’alatin.
1144 4797 1210 4852 Et
1242 4802 1363 4868 quia
1385 4802 1543 4855 nescit
1566 4799 1744 4862 homo.
1769 4815 1876 4858 etc.

647 4882 669 4909 ε
706 4870 819 4924 Πειὶ
832 4880 1011 4926 tentur
1036 4872 1089 4925 iit
1121 4874 1358 4931 caiitio'ie
1390 4890 1627 4940 pessima.
1674 4874 1814 4928 ιςιιιιι
1854 4884 2013 4930 antea
2064 4892 2162 4931 nos

568 4942 693 4997 lihri
736 4958 968 4998 retinent
991 4989 1005 5011 ,
1057 4944 1110 4996 in
1144 4942 1397 4998 retiuculo
1428 4942 1597 5005 malo;
1629 4944 1724 4999 sed
1772 4962 1959 5000 errore
1992 4948 2163 5001 inani-

571 5014 823 5081 feSIii,et
857 5030 1047 5069 contra
1094 5016 1252 5069 lident
1287 5018 1527 5068 omnium
1582 5031 1713 5069 mss.
1767 5017 2014 5071 codicum
2069 5020 2160 5085 qui

573 5087 778 5151 legunt,
821 5087 871 5139 iii
904 5088 1145 5155 captione
1173 5087 1421 5154 pessima.
1458 5085 1589 5139 Nam
1641 5088 1784 5141 idem
1816 5090 1969 5142 habet
2005 5105 2168 5152 supra

574 5157 941 5231 Hieronymus
971 5158 1044 5231 _i_ii
1079 5156 1537 5231 VClllllllliHIlill'lO,
1591 5156 1823 5231 dicens:
1883 5158 2057 5231 Usque
2104 5161 2172 5214 ad

572 5244 688 5283 eum
726 5230 894 5281 locum
929 5228 1012 5279 ubi
1036 5230 1108 5279 uit
1152 5244 1170 5282 :
1225 5229 1355 5279 sicut
1410 5228 1575 5297 pisces
1605 5229 1694 5292 qui
1738 5228 1978 5285 tenentur
2004 5232 2054 5285 iii
2087 5248 2175 5284 ca-

575 5303 749 5366 ptione
772 5300 1016 5365 pessima,
1053 5310 1158 5352 etc.
1190 5297 1343 5353 Unde
1372 5298 1765 5366 CtttlthOlelll'
1804 5317 2055 5356 anetores
2084 5319 2177 5355 vc-

573 5379 751 5445 ternm
800 5371 1101 5424 eoitioonm
1136 5384 1432 5445 numquam
1465 5372 1805 5424 resultiendo
1837 5374 2171 5445 llieionyino

575 5443 898 5498 adhibuisse
939 5457 1115 5511 ipsiim
1152 5442 1573 5513 llierOnymum;
1619 5458 1709 5510 qui
1746 5451 1929 5497 tamen
1970 5442 2171 5510 sa-pins

577 5527 712 5568 uuu~
741 5515 907 5568 nobis
943 5526 1023 5567 est
1071 5530 1167 5579 pro
1217 5516 1475 5567 oonnhus
1526 5514 1591 5566 ad
1638 5528 1822 5567 veram
1857 5530 1919 5565 ac
1948 5516 2170 5569 absolu-

574 5589 683 5655 tam
715 5588 1102 5655 opusculorum
1129 5602 1351 5640 sum-nm
1377 5585 1803 5638 re-titmimieni.
1831 5584 2093 5640 Maurus.

645 5654 671 5691 ά
695 5654 832 5709 Tres
871 5671 1005 5711 mss.
1035 5660 1171 5710 unde
1204 5659 1426 5721 habent,
1459 5672 1557 5725 pro
1579 5655 1674 5718 ita,
1709 5654 1853 5724 quod
1887 5661 2058 5726 magis
2077 5672 2169 5710 ar-

574 5724 808 5797 riderget,
835 5727 959 5778 dum
996 5729 1184 5781 Vocula
1219 5724 1511 5797 extiuncta.

652 5804 674 5823 ⁸·
709 5795 926 5849 Alcuin.
952 5798 1250 5865 pauperem,
1274 5795 1363 5865 qui
1401 5796 1608 5852 haberet
1652 5796 1962 5866 sapientiam
2005 5802 2173 5871 majo-

2353 4734 2371 4771 ί
2408 4733 2470 4787 Et
2512 4736 2771 4806 qiiwsicrit
2826 4734 3014 4806 locum,
3066 4741 3174 4806 etc.
3204 4730 3389 4799 Inepta
3422 4729 3661 4806 plurima
3710 4728 3874 4806 verba

2274 4804 2379 4859 hoc
2412 4801 2533 4859 loco
2562 4818 2777 4859 veteres
2807 4803 3075 4857 editiones
3106 4804 3316 4857 Erasm.
3347 4811 3405 4856 et
3443 4802 3672 4856 Mariau.
3710 4801 3875 4855 inter-

2274 4877 2463 4944 polant
2495 4879 2665 4929 tevtui
2722 4876 3169 4942 llieronvmiano,
3212 4889 3336 4944 quae
3394 4876 3537 4927 intia
3577 4877 3869 4943 pirenthC-

2273 4948 2378 5001 sint
2413 4954 2481 5001 ita
2514 4948 2844 5002 concludunt
2874 4963 2887 4999 :
2924 4946 3201 5017 (diabolus
3228 4960 3461 5014 serpens
3492 4956 3575 5017 ext
3609 4944 3873 5017 lubricus,

2272 5020 2431 5084 cujus
2465 5021 2508 5073 si
2542 5020 2728 5087 capiti,
2755 5022 2804 5072 id
2830 5013 2940 5078 est,
2964 5021 3153 5085 prima:
3180 5013 3513 5087 suggestinni
3536 5030 3647 5087 nun
3673 5013 3879 5069 resisti-

2277 5098 2384 5151 tur,
2416 5100 2561 5143 tonis
2595 5085 2802 5144 interna
2854 5091 3061 5154 cordis,
3092 5090 3221 5141 dum
3257 5085 3363 5139 non
3402 5085 3665 5153 sentitur,
3700 5088 3875 5140 illabi-

2279 5171 2385 5221 tur,
2418 5162 2775 5215 teutatitmnm
2819 5161 3221 5215 diabolicarum
3269 5159 3429 5212 initia
3475 5158 3679 5227 ﬂagitia
3712 5167 3875 5227 sunt:

2281 5248 2387 5286 non
2440 5243 2518 5285 est
2576 5234 2871 5297 lllllﬂiSSOt‘,
2928 5230 3021 5285 sed
3072 5232 3327 5283 inci-osor
3382 5226 3665 5283 vitii-rum.
3731 5226 3880 5282 Unde

2282 5302 2452 5375 David
2484 5321 2496 5356 :
2524 5302 2598 5356 Tu
2620 5304 2922 5375 confregisti
2949 5310 3101 5374 caput
3129 5301 3420 5375 draconis).
3466 5373 3474 5375 _
3501 5299 3774 5375 Miletius.

2352 5383 2377 5420 8
2411 5373 2603 5432 Vatic..
2624 5388 2669 5427 ei
2696 5370 2819 5439 quia
2836 5384 2931 5428 ista
2962 5370 3210 5445 cogitatio
3236 5370 3502 5426 interioris
3530 5370 3757 5424 hominis
3779 5380 3877 5435 est,

2279 5455 2467 5509 servat,
2499 5457 2607 5501 etc.
2643 5446 2769 5510 Alii,
2798 5445 3058 5499 interioris
3091 5445 3315 5497 hominis
3352 5460 3536 5497 sensus
3582 5450 3629 5497 et
3682 5452 3875 5502 serpat,

2280 5530 2387 5571 CIC.

2355 5618 2427 5628 —
2451 5586 2516 5641 Et
2545 5588 2718 5659 quieta
2762 5588 3034 5657 cogitatio,
3067 5595 3176 5659 etc.
3206 5584 3311 5639 Pro
3340 5586 3527 5656 quieta
3554 5584 3883 5659 «agitatione

2286 5660 2419 5714 editi
2450 5653 2568 5713 ιιιπί
2592 5653 2845 5723 ιιιιιειιιιιῖ
2865 5653 3082 5712 sensum
3117 5653 3370 5720 Ιιειιιθιιι,’
3398 5664 3585 5725 tegunt
3635 5653 3804 5719 enim,
3837 5664 3885 5723 ct

2281 5734 2491 5799 sapiens
2511 5746 2555 5783 ei
2572 5734 2770 5801 quietus
2792 5730 3049 5783 interioris
3072 5728 3303 5784 hominis
3326 5744 3547 5801 sensus,
3561 5737 3607 5780 et
3631 5733 3772 5795 eruet
3795 5742 3887 5778 ειν·

2286 5798 2399 5854 tem
2423 5818 2540 5867 qua’
2564 5798 2789 5869 obsessa,
2824 5811 2928 5858 etc.
3501 5798 3769 5857 Munius.
