3998 6332
132 268 155 324 i
167 266 273 327 089

126 474 241 549 [ΑΙ.
275 478 446 533 libera
486 479 809 553 voluntate].
844 481 1017 536 Aliter
1047 498 1057 532 :
1093 480 1261 535 Parva
1307 482 1502 534 civitas
1543 495 1648 547 est,
1678 491 1732 536 et

125 572 231 624 viri
264 573 318 627 iti
358 590 419 627 ea
471 574 649 640 pauci,
684 573 1253 643 adeomparationetn
1303 576 1470 628 totius
1520 576 1728 640 mundi,

125 660 384 719 Ecclesia
426 679 509 719 est
541 684 555 719 :
586 666 848 721 adversus
886 683 1046 736 quam
1097 683 1241 735 saepe
1295 668 1576 737 consurgit
1630 683 1728 722 rex

120 771 361 825 magnos
409 758 662 813 diabolus
693 762 823 829 (non
854 761 1000 829 quod
1048 776 1274 829 magnus
1318 762 1410 824 sit,
1441 760 1536 815 sed
1582 758 1728 830 quod

118 867 384 923 magnum
415 868 475 906 se
503 854 947 925 essejactitet)et
966 854 1269 909 circuuntat
1296 870 1415 909 eam
1444 854 1731 909 obsidione

118 942 236 998 sive
271 948 690 1013 persecutionis,
723 949 838 1003 sive
867 949 979 1002 alio
1005 951 1378 1020 angustiarum
1409 965 1630 1019 genere.
1665 948 1733 1003 Et

118 1036 326 1092 invenit
361 1040 415 1093 in
447 1056 511 1093 ea
556 1040 731 1094 virum
764 1056 1055 1111 pauperem
1101 1056 1153 1098 et
1181 1044 1511 1111 sapientem,
1542 1042 1728 1096 Domi-

116 1146 252 1185 num
282 1132 467 1187 .lesum
507 1132 809 1200 Chri~tum,
837 1136 926 1206 qui
972 1153 1069 1206 pro
1112 1139 1269 1190 nobis
1301 1153 1507 1206 pauper
1552 1136 1729 1192 factus

118 1240 201 1279 est
238 1226 306 1293 (ll
332 1226 455 1282 Cor.
492 1245 609 1291 vui,
643 1228 700 1299 9)
725 1239 779 1283 et
808 1239 892 1283 est
933 1231 1048 1299 ipsa
1095 1232 1359 1298 sapientia
1398 1250 1408 1283 :
1442 1238 1497 1285 et
1528 1232 1616 1284 ille
1647 1232 1729 1284 vir

117 1335 335 1387 pauper
359 1323 552 1376 liberat
588 1323 778 1377 urbem
808 1322 860 1377 in
891 1322 1156 1392 sapientia
1186 1340 1304 1376 sua.
1336 1323 1562 1390 Quoties
1591 1322 1730 1376 vidi-

118 1429 250 1469 mus
277 1415 558 1471 sedcutem
595 1418 807 1470 leonem
848 1416 901 1469 iu
938 1415 1148 1471 insidiis
1175 1432 1295 1469 cum
1323 1415 1607 1478 divitibus,
1625 1415 1729 1470 hoc

116 1519 232 1576 est,
257 1526 377 1563 cum
408 1516 756 1564 senatoribus
782 1521 838 1565 et
866 1511 1201 1579 principibus
1231 1510 1392 1577 hujus
1426 1511 1632 1571 swculi,
1673 1520 1729 1565 et

114 1599 385 1655 δόνει-θυι
418 1600 721 1655 Ecclesium
762 1601 1113 1665 molientem,
1151 1603 1405 1671 pauperis
1437 1602 1592 1654 istius
1631 1614 1723 1655 sa-

116 1697 325 1764 pientia
371 1694 682 1749 corruisse?
728 1694 972 1764 Cumque
1030 1712 1233 1763 pauper
1286 1694 1372 1747 hic
1419 1698 1640 1761 vicerit,
1671 1703 1727 1749 et

123 1787 259 1840 urbs
286 1787 403 1855 paci
430 1788 588 1841 luetit
620 1787 895 1852 restituta,
924 1788 1011 1842 vis
1050 1789 1253 1856 aliquis
1294 1788 1413 1855 ejus
1455 1786 1720 1849 meminit,
1756 1805 1803 1865 Β

115 1879 214 1933 vix
245 1878 387 1933 illius
420 1880 671 1933 mandata
698 1882 1013 1935 considerat
1047 1898 1061 1933 :
1094 1881 1189 1934 sed
1226 1891 1370 1934 totos
1402 1898 1461 1934 se
1492 1882 1723 1935 luxuria:

114 1981 173 2026 et
206 1973 578 2043 voluptatibus
608 1974 1001 2039 concedentes,
1031 1984 1286 2044 quierunt
1324 1973 1571 2041 divitias,
1606 1990 1727 2045 quin

112 2065 170 2119 in
205 2070 536 2120 necessitate
567 2083 675 2120 non
712 2067 970 2120 liberant.

192 2155 265 2211 Et
300 2158 408 2210 dixi
438 2174 554 2231 ego,
586 2159 770 2212 mt-lior
798 2158 909 2232 [ΑΙ.
936 2159 1197 2212 meliorem
1240 2174 1349 2213 esse
1395 2156 1727 2230 sapientiam]

111 2263 196 2307 est
230 2253 487 2324 sapientia
520 2252 545 2291 δ
574 2270 731 2325 super
760 2254 1143 2322 fortitudinem,
1176 2265 1221 2306 et
1252 2256 1506 2319 sapientia
1531 2269 1730 2324 paupe-

108 2349 190 2399 ris
221 2328 339 2413 ante
373 2347 611 2413 despecta
643 2362 737 2414 est,
772 2356 819 2401 et
846 2346 996 2401 vetbu
1018 2351 1129 2415 ejus
1157 2364 1273 2418 qua:
1298 2364 1397 2399 non
1426 2357 1542 2401 sunt
1577 2345 1730 2399 audi-

113 2452 192 2495 ta.
242 2440 583 2511 Quamquam
619 2443 803 2494 nullus
835 2443 1146 2495 meminerit
1177 2460 1201 2492 s
1241 2442 1442 2512 pientis
1477 2439 1729 2507 pauperis

114 2532 292 2593 illius,
323 2546 447 2584 eum
484 2532 606 2585 lmta
638 2531 749 2585 siut
771 2533 985 2596 omnia;
1016 2534 1110 2587 sed
1137 2531 1375 2585 universi
1402 2530 1725 2599 potentiam,

116 2636 176 2681 ct
200 2625 429 2680 dvitias
455 2625 793 2680 admirentur
826 2644 839 2678 :
866 2642 966 2696 ego
997 2638 1173 2679 tamen
1210 2628 1510 2679 secundum
1538 2641 1726 2681 omnes

117 2734 290 2788 supra
328 2720 811 2787 in‘erprctitiones
864 2723 1035 2788 magis
1088 2722 1297 2773 honoro
1352 2730 1726 2788 contemptam

118 2810 357 2880 Sint'llii
377 2828 473 2875 iui,
502 2820 555 2864 et
586 2812 751 2865 verba
784 2828 903 2880 qua:
928 2812 1109 2865 nullus
1131 2813 1323 2865 audire
1349 2812 1623 2881 dignatur.

203 2902 706 2975 Verbitsop'eutium
732 2906 967 2975 ittquicte
984 2905 1297 2970 audiuntur,
1317 2907 1589 2976 plusquam
1620 2906 1726 2960 cla-

120 3012 237 3049 mor
257 3006 372 3067 pote
388 3006 563 3051 :tatem
583 2996 821 3052 habentis
838 3001 889 3050 in
912 2997 1106 3052 stultis.
1124 2998 1535 3069 Qucniminique
1557 3001 1606 3052 iii
1626 2999 1726 3053 Ec-

116 3089 295 3142 clesia
327 3088 377 3144 vi
400 3090 527 3144 leris
558 3100 580 3129 ε
602 3091 1054 3157 tieclattiatoretu,
1083 3103 1138 3145 et
1161 3110 1283 3145 cuin
1308 3094 1540 3161 quodam
1575 3094 1727 3147 lenu-

1168 266 1724 333 COMMENTARIUS
1765 272 1832 331 IN
1875 268 2413 333 ECCLESIASTEN.

126 382 377 439 comitiis
419 385 543 456 ejus
586 404 596 439 :
633 384 727 441 sed
775 399 993 441 rursum
1052 377 1147 440 sua
1194 386 1393 441 fruitur
1434 398 1456 423 η
1488 390 1739 445 libertate

3300 278 3444 339 1090

1844 396 2021 443 tamen
2053 405 2149 455 per
2176 388 2318 442 illius
2347 387 2658 451 stultitiam.
2686 401 2821 461 opes
2849 402 3075 462 magnas
3102 388 3439 463 divitiasque

1834 481 2098 533 Subverti.
2138 482 2273 547 Quia
2311 497 2443 536 vero
2482 483 2532 536 in
2586 483 2812 538 llubraio
2848 496 3023 552 potest
3055 485 3157 554 legi
3203 502 3215 538 :
3247 486 3311 538 Et
3350 486 3439 554 qui

1836 580 2013 639 peccat
2042 588 2201 625 unum
2228 577 2403 642 perdet
2434 575 2710 631 bonitatem
2738 578 2979 643 multum,
3010 581 3173 632 etiam
3206 580 3285 632 sic.
3314 596 3441 633 scn-

1837 664 2080 717 tieudutu
2104 674 2187 718 est
2222 685 2238 720 :
2268 668 2409 737 quod
2446 682 2675 740 pl'Oplel‘
2700 685 2866 723 unum
2914 682 3217 739 peceatum,
3253 674 3440 727 multa:

1828 755 2053 825 justitiai
2087 771 2234 812 retro
2276 770 2526 825 pereant,
2552 772 2606 816 et
2644 761 2873 817 invicem
2903 778 2963 817 se
2990 765 3220 819 virtutes
3261 764 3440 833 sequi,

1833 858 1887 902 et
1916 847 2009 916 qui
2042 864 2203 902 unam
2235 850 2513 913 habuerit,
2544 852 2745 908 habere
2778 869 2993 909 omnes.
3024 856 3087 909 Et
3110 855 3199 925 qui
3236 858 3285 909 iu
3322 871 3432 913 ιιιιο

1834 940 2177 1008 ρεωινυτὶι,
2225 957 2349 998 eum
2396 946 2652 1000 omnibus
2690 947 2841 1001 vitiis
2881 947 3168 1017 suhjacere
3207 947 3433 1018 (Jacob.

1835 1048 1893 1099 ιι,
1930 1034 2041 1104 l0).

1907 1128 2057 1197 (Cap.
2081 1128 2177 1200 Χ.)
2203 1129 2252 1183 Μ
2261 1144 2433 1186 ιιδτωθ
2449 1135 2629 1188 mortis
2655 1134 2893 1204 polluant
2913 1136 3081 1191 oleum
3102 1138 3438 1204 compositio.

1831 1220 1915 1272 nis
1932 1236 1951 1274 :
1966 1226 2191 1291 pretiosa
2206 1234 2280 1277 est
2292 1241 2449 1293 super
2461 1229 2769 1296 sapientiam
2783 1238 2830 1280 et
2842 1229 3064 1300 gloriam
3079 1230 3298 1283 stultitia
3316 1247 3436 1299 par-

1831 1329 1915 1367 va.
1940 1317 2260 1382 Exemplum
2280 1321 2582 1387 superioris
2602 1337 2797 1377 sensus
2824 1322 2994 1383 dt-dit,
3013 1322 3064 1375 iis
3086 1339 3193 1393 quo
3212 1331 3288 1377 art
3308 1342 3318 1375 :
3339 1340 3435 1393 per

1831 1423 1998 1461 unum
2030 1411 2256 1465 stultum
2306 1414 2473 1469 multa
2508 1418 2645 1469 bona
2676 1432 2839 1485 posse
2882 1418 3145 1481 subverti,
3181 1419 3323 1487 quod
3351 1421 3429 1475 sic

1831 1502 2008 1555 malus
2057 1508 2257 1557 mixtus
2287 1507 2445 1560 bouis
2473 1510 2811 1563 contaminet
2846 1512 3135 1578 plurimus,
3158 1511 3437 1579 quomodo

1831 1612 2035 1650 musca:
2065 1598 2109 1651 si
2139 1602 2445 1654 moriantur
2475 1600 2531 1655 in
2556 1612 2857 1673 unguento,
2885 1604 3113 1672 perdant
3134 1607 3433 1660 etodort-m

1831 1691 1977 1744 illius
2013 1689 2030 1728 ί
2064 1701 2119 1745 et
2148 1694 2412 1749 colorem.
2458 1696 2518 1749 Et
2567 1698 2693 1766 quia
2746 1712 2893 1765 supe
2935 1699 3219 1752 callzdilatt
3266 1697 3433 1753 mixta

1829 1793 1913 1836 est
1937 1788 2225 1853 sapientia,
2254 1796 2308 1839 et
2340 1787 2505 1841 habet
2544 1788 2810 1841 malitiam
2848 1790 3155 1858 prudentia,
3188 1790 3436 1861 pra-etpit

1831 1884 1890 1929 ut
1933 1877 2261 1945 sapientiam
2294 1880 2602 1947 simplicem
2642 1882 3010 1951 requiramus,
3040 1886 3319 1950 numaque
3365 1881 3439 1937 sit

1828 1980 1949 2019 cum
1998 1968 2307 2022 innocentia
2353 1970 2777 2023 eoluinbarum:
2815 1971 3116 2033 prudentes
3156 1973 3326 2025 simus
3365 1971 3436 2029 ad

1828 2059 2053 2123 bonum,
2085 2062 2366 2130 simplices
2395 2078 2578 2118 autem
2621 2064 2685 2116 ad
2721 2064 2942 2117 malum.
2972 2064 3039 2118 Et
3066 2076 3149 2120 est
3191 2082 3431 2122 sensus:

1829 2153 2098 2209 Convenit
2120 2157 2268 2223 justo
2308 2172 2497 2222 parum
2530 2157 2733 2212 habere
2773 2159 3163 2227 simplicitatis,
3185 2172 3239 2214 et
3269 2176 3431 2232 prop-

1833 2254 1917 2299 ter
1946 2244 2161 2298 nimiam
2198 2248 2537 2316 patientiam,
2565 2248 2691 2302 dum
2722 2249 2986 2303 ultionem
3018 2262 3259 2306 reservat
3297 2252 3432 2321 lico,

1832 2338 2057 2392 stultum
2091 2338 2285 2404 videri,
2310 2358 2470 2408 quant
2506 2344 2691 2395 statim
2723 2358 2781 2395 se
2821 2342 3186 2398 vindicantem
3217 2346 3318 2398 sub
3341 2361 3433 2402 vc-

1832 2430 2072 2486 iameoto
2094 2434 2395 2502 prudentia:
2423 2451 2687 2489 exercere
2719 2438 3006 2493 malitiam.
3038 2438 3216 2494 Alucr
3247 2457 3260 2494 :
3290 2441 3433 2495 Mus-

1831 2540 1910 2580 (ξω
1960 2542 2079 2593 quae
2121 2527 2272 2596 juxta
2318 2528 2509 2583 Isaiam
2560 2528 2731 2599 (Cap.
2785 2546 2880 2592 vu,
2921 2533 3432 2603 18)prittcipantut'

1833 2622 2015 2687 sparti
2058 2619 2299 2675 ﬂuminis
2328 2620 2571 2694 IEgypti,
2607 2627 2837 2692 perdunt
2861 2627 2969 2679 olei
2994 2630 3343 2692 Suavitatem,
3375 2630 3430 2686 in

1831 2727 2160 2784 unoquoque
2226 2717 2573 2770 credentium
2642 2717 3016 2786 relinquentes
3073 2722 3433 2779 immunditiis:

1829 2820 1942 2859 sua:
1987 2807 2210 2861 odorem
2258 2822 2421 2875 atque
2470 2809 2719 2877 vestigia.
2754 2808 2838 2864 Att
2880 2812 2963 2863 bis
3016 2816 3217 2866 tnuscis
3264 2815 3429 2871 etiam

1829 2900 2083 2967 princeps
2136 2902 2444 2969 appellatus
2513 2914 2596 2957 est
2665 2903 3065 2959 dwmoniorum
3126 2906 3432 2963 Beelzebub

1830 2990 2050 3060 (Matth.
2085 3008 2185 3055 xu,
2214 2992 2333 3063 ‘24),
2360 2996 2448 3060 qui
2471 2995 2867 3064 interpretatur
2894 3008 2987 3050 aut
3008 2995 3035 3034 δ
3063 2999 3263 3052 idolum
3286 3016 3430 3055 mus-

1829 3103 2029 3149 carum,
2062 3098 2156 3140 aut
2186 3088 2263 3141 vir
2286 3104 2599 3157 muscarum,
2633 3100 2727 3143 aut
2757 3093 2949 3144 habens
2985 3108 3208 3147 muscas.

116 3181 268 3236 ciuio
298 3199 361 3238 ac
400 3193 685 3239 venustate
716 3188 1004 3240 verborum
1044 3186 1285 3240 excitare
1316 3186 1557 3254 plausus,
1582 3188 1724 3242 risus
1752 3189 1798 3254 C
1902 3180 2001 3234 (ἔον
2023 3182 2271 3251 sapientis
2294 3183 2347 3234 in
2366 3184 2548 3236 dextra
2577 3186 2713 3257 ejus,
2742 3194 2791 3239 et
2820 3202 2908 3238 cor
2938 3188 3084 3239 stulti
3118 3188 3171 3240 in
3210 3189 3429 3247 sinistra

116 3286 407 3341 excutere,
437 3278 724 3332 audientes
772 3280 824 3332 in
876 3277 1105 3333 ati'ecms
1157 3280 1359 3333 laetitia:
1401 3294 1723 3334 Conclare:

114 3369 265 3422 scito
291 3370 503 3437 signum
536 3387 661 3425 esse
689 3371 1039 3439 iusnpientia»,
1069 3382 1174 3426 tam
1198 3377 1317 3440 ejus
1344 3374 1433 3443 qui
1461 3374 1721 3440 lo-;tntur,

116 3476 291 3531 quam
324 3478 511 3517 eorum
551 3466 641 3533 qui
672 3465 919 3519 audiunt.
949 3466 1123 3519 Verba
1157 3467 1263 3536 quij
1286 3485 1353 3539 pe
1394 3470 1720 3537 sapientium

115 3553 176 3611 iu
204 3554 411 3624 quit-te,
448 3566 499 3613 et
538 3561 821 3614 moderato
851 3560 1150 3614 audiuntur
1182 3561 1401 3615 silentio
1429 3581 1439 3615 :
1466 3563 1557 3633 qui
1592 3578 1721 3617 Vero

114 3646 391 3715 insipiens
420 3658 524 3707 est.
554 3653 803 3721 quamvis
841 3653 911 3706 sit
945 3662 1159 3721 potens,
1194 3662 1249 3708 et
1273 3657 1570 3708 clamorem
1605 3658 1721 3711 sive

114 3755 235 3794 sure
259 3742 429 3803 vocis,
462 3744 577 3797 sive
617 3744 799 3813 p0puli
834 3743 1031 3799 habeat
1053 3746 1405 3801 acclamantis
1641 3749 1719 3803 in-

114 3844 205 3890 ter
237 3836 560 3906 insipientes
587 3834 611 3874 d
644 3838 1072 3903 Compttlaltitur.

192 3928 387 3983 Melior
434 3940 509 3985 est
562 3932 819 4002 sapientia
871 3947 1029 4000 super
1083 3950 1205 3987 rasa
1249 3934 1392 3997 brlli,
1422 3942 1473 3987 et
1507 3952 1724 4005 peccans

116 4040 258 4077 unus
288 4024 467 4093 perdet
496 4023 776 4077 bonitatem
802 4024 1036 4079 multant.
1070 4025 1224 4080 Nunc
1259 4042 1477 4095 quoque
1506 4026 1721 4097 sapien-

114 4116 248 4171 tiam
277 4114 502 4181 pra'l'ert
543 4115 872 4179 fortitudini,
906 4128 962 4170 et
1019 4117 1149 4172 dicit
1203 4119 1325 4187 plus
1362 4135 1480 4173 eam
1535 4120 1719 4175 valere

115 4210 171 4265 in
204 4208 429 4277 praeliis,
454 4223 616 4279 quam
655 4223 807 4262 arma
853 4210 1233 4280 pugnantium.
1267 4212 1423 4278 Quod
1493 4213 1537 4265 si
1580 4227 1717 4267 unus

113 4301 385 4373 insipiens
427 4301 616 4368 fuerit,
642 4302 896 4373 quamvis
933 4317 1133 4373 parvus
1162 4310 1218 4356 et
1249 4303 1381 4357 nihil
1412 4304 1503 4369 sit,
1528 4304 1722 4360 crebro

1826 3273 1988 3327 illius.
2038 3274 2145 3327 Sed
2191 3284 2241 3327 et
2293 3275 2347 3329 in
2387 3292 2489 3339 tua,
2522 3293 2639 3329 cum
2678 3278 2866 3332 stultus
2904 3279 3157 3342 (inmolat,
3182 3298 3272 3336 cor
3310 3288 3427 3357 ejus

1827 3366 2078 3419 minuitur
2106 3383 2124 3419 :
2157 3377 2202 3419 et
2235 3366 2379 3429 dicit,
2414 3371 2576 3422 ontnis
2605 3370 2857 3438 insipiens
2888 3383 2980 3425 est.
3010 3374 3071 3425 Et
3097 3372 3151 3426 itt
3190 3374 3432 3446 Evange-

1823 3459 1968 3528 gelio
1993 3458 2160 3532 469
2182 3462 2517 3530 praccipitur,
2550 3473 2605 3514 ut
2635 3468 2839 3517 nesciat
2863 3465 3087 3518 sinistra
3114 3468 3241 3536 quid
3266 3469 3330 3521 fac
3352 3470 3431 3526 iat

1823 3554 2051 3608 dextera
2098 3557 2367 3625 Sapientis
2397 3558 2415 3625 (
2450 3555 2641 3611 Matth.
2673 3573 2745 3619 ιιι.
2777 3559 2848 3623 3;
2882 3574 2935 3623 v,
2964 3559 3083 3629 59).
3114 3560 3175 3613 Et
3206 3563 3429 3631 quando

1828 3650 2168 3718 percutimur
2200 3650 2252 3703 in
2283 3651 2559 3705 maxillam
2597 3652 2903 3717 dexteram,
2928 3670 3034 3708 noti
3060 3655 3317 3725 jubentur
3349 3659 3429 3714 si.

1827 3742 2050 3795 nistram
2116 3757 2311 3812 genam
2372 3743 2707 3813 percutienti
2760 3745 3024 3812 przeliere,
3060 3749 3155 3802 St'd
3198 3751 3425 3808 alteram

1835 3831 2157 3889 idexteram
2186 3834 2401 3905 (Matth.
2429 3850 2481 3896 ν,
2516 3835 2631 3903 59).
2668 3834 2856 3891 Justus
2879 3838 3021 3892 enim
3047 3840 3321 3896 sinistram
3372 3844 3426 3901 in

1826 3941 1887 3981 se
1942 3944 2047 3981 non
2100 3926 2296 3993 habet,
2351 3927 2448 3982 sed
2481 3937 2650 3982 totum
2704 3930 2755 3983 in
2799 3946 2866 3984 eo
2903 3931 3155 3985 deXIrum
3203 3944 3306 3989 cst.
3362 3936 3429 3993 lit

1827 4036 1949 4074 cum
2007 4022 2073 4074 ad
2120 4021 2478 4088 judicandutu
2524 4021 2775 4077 Salvator
2841 4028 3076 4086 venerit,
3135 4028 3257 4095 agni
3318 4039 3431 4085 sta-

1833 4112 1967 4169 bttnt
2003 4130 2031 4165 a
2066 4114 2274 4169 dextris
2304 4132 2316 4167 :
2349 4114 2495 4169 hmdi
2522 4129 2656 4169 vero
2685 4130 2714 4167 a
2742 4114 2981 4170 sinistris
3020 4128 3186 4172 erunt
3207 4117 3425 4188 (Matth.

1830 4222 1960 4271 xxv,
2017 4205 2133 4277 33).
2189 4206 2252 4260 Et
2301 4206 2353 4261 in
2405 4207 2717 4263 Proverbiis
2764 4206 3023 4261 scribitur
3070 4210 3085 4258 t
3136 4227 3151 4263 :
3194 4209 3425 4271 Dextras

1831 4305 1941 4356 vias
1971 4301 2111 4356 norit
2140 4298 2397 4357 Dominus
2428 4317 2447 4367 ,°
2476 4315 2590 4371 qua:
2630 4310 2801 4354 autem
2839 4314 3093 4369 perversa:
3134 4315 3275 4375 sunt,
3308 4308 3428 4363 αεὶ.

190 4517 215 4546 ι
249 4505 475 4587 Fruitur
510 4510 765 4563 libertate.
796 4508 893 4565 Hic
916 4509 1081 4565 etiam
1107 4523 1207 4580 pro
1228 4508 1463 4587 libertate
1483 4509 1723 4567 retinent
1747 4486 1803 4549 Ῑ)
1828 4511 2002 4587 tinent
2044 4527 2318 4587 saporem,
2341 4508 2434 4565 sed
2493 4523 2655 4587 sensu
2706 4509 3221 4587 haud_congruente
3251 4534 3267 4572 :
3300 4518 3425 4587 quia

114 4582 334 4637 liberam
366 4580 701 4636 voluntatem.
1343 4584 1611 4638 Maurus.

190 4652 217 4691 δ
258 4654 443 4707 Melior
463 4666 535 4707 est
563 4653 843 4725 sapientia.
876 4662 984 4707 etc.
1020 4651 1213 4725 Plures
1244 4668 1375 4709 mss.
1412 4657 1481 4708 ita
1517 4657 1721 4724 legunt,

115 4725 275 4796 pau-i
322 4740 445 4781 Cum
482 4724 666 4798 editis.
698 4724 759 4798 Et
792 4725 906 4778 dixi
936 4724 1330 4798 ego_meliorem
1375 4742 1485 4781 erse
1512 4727 1722 4798 sapien-

117 4799 243 4850 tiam
289 4814 446 4866 super
500 4796 828 4863 fortitudine,
878 4807 985 4849 etc.
1031 4796 1138 4851 Sed
1180 4798 1323 4852 nulla
1355 4806 1440 4851 est
1477 4800 1526 4851 in
1556 4796 1725 4854 sensu

117 4870 351 4921 niutatio
384 4870 640 4922 utrolibet
686 4867 846 4920 modo
881 4866 1203 4927 legerimus.
1346 4868 1613 4925 Murrus.

194 4949 217 4977 ε
250 4942 636 5009 Quemcumque
662 4940 717 4991 in
744 4936 981 4992 Ecclesia
1018 4940 1229 5005 videris,
1257 4952 1363 4994 etc.
1393 4944 1568 4995 Ambo
1592 4941 1725 4998 Cor-

115 5010 372 5065 beieuses
417 5008 557 5063 mss.
589 5018 644 5063 et
684 5008 1059 5077 liolltertinus,
1106 5012 1490 5080 Quemcumque
1534 5015 1588 5067 in
1622 5011 1726 5067 Ec-

118 5083 273 5135 clesia
300 5082 349 5133 vi
357 5080 496 5137 deris
527 5082 883 5135 clamatorem.
1342 5084 1612 5140 Murrum.

189 5150 215 5189 ά
249 5155 423 5223 Penes
451 5153 665 5208 Aicuio.
695 5161 1025 5222 computatur
1060 5154 1174 5216 ;al.
1204 5154 1364 5219 editi,
1402 5158 1648 5223 loquitur.

192 5234 215 5262 ε
247 5222 447 5278 Mum:
474 5225 655 5278 martis
693 5226 962 5290 polluant,
985 5232 1093 5280 etc.
1120 5225 1213 5281 Sic
1251 5226 1377 5291 legit
1402 5222 1517 5280 codi
1543 5244 1573 5281 ι
1598 5228 1722 5281 «ινι-

118 5294 368 5351 bertiuus
392 5297 545 5365 juxta
593 5297 792 5347 idtmua
828 5295 1156 5351 lleln'aicutu
1193 5307 1313 5355 mn
1340 5307 1487 5357 ’21:?
1532 5299 1722 5353 zebube

120 5371 346 5430 mtreth,
379 5370 429 5421 id
474 5381 579 5425 est.
608 5382 799 5419 musca:
830 5368 1033 5431 mortis,
1070 5372 1185 5423 sive
1224 5386 1375 5423 more
1405 5370 1721 5425 Latinorum

117 5453 309 5509 musca:
357 5438 656 5503 morientes,
707 5452 763 5489 ut
815 5438 1017 5509 halent
1060 5439 1163 5493 alia
1207 5444 1548 5509 exemplaria
1588 5458 1721 5496 mss.

118 5508 281 5565 Fal~o
311 5512 475 5575 igitur
527 5528 575 5559 tu
617 5518 776 5561 antea
805 5511 969 5563 editis
1002 5508 1261 5580 legimus,
1322 5508 1525 5566 Musth
1566 5516 1724 5569 mori-

119 5591 247 5636 turae
273 5580 616 5635 exterminant
646 5584 842 5638 oleum.
868 5591 978 5635 etc.
1344 5585 1611 5640 Maurum.

190 5651 511 5708 —Vaticau.
547 5650 746 5706 Musca:
782 5656 1101 5717 morientes;
1124 5651 1233 5709 duo
1272 5653 1530 5722 Palatini,
1564 5657 1724 5712 mori-

122 5733 273 5780 turte.

198 5793 216 5833 ί
246 5794 471 5851 Odorem
503 5796 649 5852 illius
671 5804 721 5851 et
751 5795 997 5854 colorem.
1030 5798 1140 5857 Pro
1170 5800 1420 5872 colorem,
1449 5799 1582 5858 editi
1634 5816 1723 5859 re-

1831 4584 1883 4657 i_u
1915 4586 2207 4657 unguentis
2250 4583 2389 4636 odor
2430 4590 2486 4637 et
2514 4582 2667 4636 color
2722 4580 3035 4657 requiritur,
3078 4602 3211 4657 non,
3238 4580 3420 4657 sapor.

1828 4653 2386 4731 Corbeieusesninss.
2440 4667 2843 4725 consequenter
2894 4656 3080 4731 legunt
3128 4675 3141 4711 :
3190 4656 3257 4711 Et
3304 4653 3427 4731 quia

1828 4741 2028 4789 semper
2055 4725 2355 4788 calliditati,
2384 4734 2492 4779 etc.
2952 4725 2970 4728 ’
3037 4729 3307 4785 Murrum.

1899 4826 1969 4835 —
1998 4796 2244 4849 Martian.
2271 4804 2317 4848 et
2350 4797 2595 4855 colorem.
2628 4798 2830 4852 nostris
2855 4799 3105 4854 omnibus
3135 4815 3266 4854 nis~.
3296 4816 3427 4858 cnn-

1830 4867 2251 4933 tradtcetttibus,
2308 4878 2417 4921 ιιιιιι
2473 4866 2727 4929 Alcuitto,
2782 4879 2945 4935 atque
2994 4868 3158 4923 editis
3216 4872 3423 4937 pridem

1828 4940 2001 4995 libris.
2040 4938 2149 5011 Nec
2178 4952 2311 4991 sane
2350 4939 2525 5004 video,
2558 4954 2655 4990 cur
2683 4938 2840 5005 oleo,
2870 4939 2988 4996 sive
3023 4951 3297 5011 unguento
3341 4958 3429 4999 sa-

1828 5027 2018 5081 porem
2051 5010 2191 5064 dicat
2222 5026 2327 5063 non
2352 5024 2665 5063 convenire.

1899 5092 1924 5129 8
1958 5082 2188 5154 Palatin.
2222 5085 2382 5154 portis
2410 5081 2643 5154 finitimis
2675 5080 2806 5146 ,‘alii
2838 5082 3031 5154 partis.
3063 5093 3174 5138 etc.

1896 5154 1923 5190 ει
1950 5156 2023 5207 Ita
2053 5164 2104 5207 et
2136 5152 2187 5206 iu
2223 5153 2363 5213 libro
2386 5161 2453 5206 de
2476 5152 2798 5207 Notuinthos
2822 5152 3102 5209 liehraicis
3124 5172 3189 5213 ex
3214 5155 3425 5215 Joanne

1824 5234 2007 5289 sentit,
2044 5225 2260 5279 tametsi
2291 5224 2657 5279 verusimtlius
2693 5224 2963 5290 videatur,
2996 5227 3229 5281 inasiuie
3256 5243 3422 5295 penes

1825 5296 2165 5359 ΜςιιιΙιςιιιιιιι,
2194 5298 2263 5349 ita
2298 5298 2630 5366 appellatum
2672 5295 2993 5367 Beelzebub.
3016 5300 3158 5367 quod
3190 5298 3424 5355 domici-

1826 5370 1976 5425 ltutn.
2010 5370 2153 5437 quod
2194 5369 2365 5421 semel
2416 5366 2820 5431 lllilzthilavel'il,
2856 5385 3004 5435 :rgre
3038 5366 3095 5423 et
3139 5372 3224 5423 vix
3267 5370 3427 5427 dese-

1825 5452 1924 5495 rat.
1959 5438 2228 5493 Ca-terutu
2258 5439 2609 5495 diabolorum
2652 5442 2957 5509 principem
2996 5439 3075 5495 sic
3104 5440 3275 5495 Juda-i
3308 5443 3424 5498 vul-

1821 5528 1890 5583 go
1915 5512 2283 5580 appellabant.

1902 5584 1915 5622 ί
1960 5585 2013 5639 lu
2047 5584 2278 5639 Palatio.
2312 5584 2403 5639 sed
2438 5581 2658 5639 alteram
2686 5591 2892 5638 tantum
2922 5623 2937 5651 ,
2980 5583 3187 5655 absque
3216 5583 3423 5655 addito,

1823 5656 2133 5712 dexteram:
2166 5664 2225 5709 tit
2252 5656 2450 5714 sentio.
2486 5656 2705 5709 rectius.

1899 5731 1913 5777 ι
1954 5727 2250 5782 Proretbiis
2273 5726 2540 5782 scribitur.
2567 5726 2705 5783 Tres
2728 5740 2861 5784 mss.
2878 5726 3122 5796 codices,
3142 5737 3190 5782 et
3217 5730 3272 5785 in
3292 5726 3429 5786 Pro-

1823 5798 1982 5866 pheta
2012 5799 2278 5854 scribitur.
3050 5800 3316 5858 Mutum.
