3998 6344
119 252 276 326 suos

1173 263 1722 339 COMMENTARIUS
1761 280 1825 340 tu
1868 279 2402 346 ECCLESIASTEN.

3303 294 3441 360 1094

113 382 424 479 sapientia,
459 381 658 441 divites
685 386 850 479 etiam
882 385 935 442 in
963 379 1219 458 operibus
1253 390 1433 458 bonis,
1465 391 1732 462 ignobiles
1760 398 1809 458 Α
1837 395 1980 450 citur
2009 413 2020 448 :
2054 395 2118 450 Si
2137 396 2351 466 spiritus
2379 395 2616 454 habentis
2648 407 2951 469 potestatem
2971 406 3259 464 ascenderit
3288 426 3445 479 super

113 476 382 542 sedeant,
406 487 460 533 et
503 478 818 549 imprudens
843 481 1072 550 quisque
1100 483 1152 536 itt
1182 481 1427 538 Ecclesia
1455 483 1730 556 principa-

115 577 240 624 tum
271 579 473 625 tenent.
507 571 618 624 Hoc
646 580 826 626 autem
858 579 884 607 ⁸
907 571 1022 626 ﬁeri
1050 573 1342 642 Apostolus
1387 591 1492 628 non
1525 583 1667 631 tacet
1702 591 1730 630 a

112 660 354 718 diabolo
379 704 395 727 ,
445 663 536 734 qui
568 663 622 718 iu
664 663 866 718 srrculo
913 663 1076 719 habet
1108 675 1433 738 potestatem
1460 710 1475 736 ,
1530 679 1584 723 ιιι
1621 667 1730 742 [ΑΙ.

107 749 283 826 dum]
329 765 578 825 potentes
612 771 856 827 quosque
876 767 928 810 et
956 755 1146 812 doctos
1175 757 1321 813 viros
1353 768 1560 830 premat
1587 802 1600 825 ,
1632 776 1732 816 nec

107 861 220 904 eos
269 853 326 904 in
369 851 581 920 populis
610 858 873 921 apparere
908 855 1204 922 permittat.
1253 855 1380 910 Illos
1423 872 1551 912 vero
1596 872 1732 928 quos

102 942 225 998 scit
255 943 628 1010 imprudentes
655 960 779 1001 esse
808 949 860 1001 in
887 947 1171 1012 Ecclesiis.
1206 947 1366 1004 faciat
1405 965 1527 1006 esse
1560 951 1732 1017 majo-

105 1047 232 1100 res,
281 1045 339 1088 ut
369 1037 557 1091 eaeeia
596 1038 756 1092 caecis
796 1038 1066 1096 ducantur
1094 1041 1148 1096 in
1197 1041 1431 1098 foveam.
1483 1044 1538 1098 lu
1585 1043 1730 1100 hunc

99 1114 346 1182 sensum
395 1129 522 1183 facit
548 1139 604 1185 et
635 1131 764 1186 illttd
798 1133 940 1203 quod
971 1135 1215 1204 sequitur
1259 1155 1270 1190 :
1327 1135 1448 1190 Vidi
1494 1155 1667 1193 servos
1699 1137 1726 1178 δ

107 1235 276 1291 super
313 1238 487 1292 equos,
517 1233 565 1276 et
595 1225 856 1295 principes
899 1226 1164 1282 ambulare
1187 1230 1335 1299 quasi
1374 1245 1547 1286 seruos
1571 1249 1728 1303 super

109 1320 335 1368 terram.
367 1314 520 1381 Quod
557 1316 610 1370 hi
652 1319 740 1386 qui
785 1320 928 1374 servi
971 1331 1098 1374 sunt
1124 1321 1377 1376 vitiorum
1409 1333 1570 1394 atque
1601 1339 1726 1393 pec-

107 1410 253 1474 cati,
279 1411 393 1466 sive
424 1419 530 1465 tam
559 1412 811 1480 humiles,
846 1422 903 1468 ut
942 1415 1092 1469 servi
1134 1415 1202 1470 ab
1235 1415 1544 1472 hominibus
1574 1431 1726 1472 com-

107 1511 422 1572 putentur,
462 1516 483 1544 ε
515 1503 686 1560 subita
717 1523 746 1560 a
778 1506 998 1562 diabolo
1029 1509 1292 1578 dignitate
1325 1507 1538 1579 perﬂati
1565 1555 1578 1577 ,
1609 1511 1721 1565 vias

107 1594 371 1664 publiCaS
403 1597 611 1652 mannis
645 1607 822 1652 terant
853 1617 865 1654 :
900 1609 958 1655 et
986 1601 1186 1656 nobilis
1222 1601 1450 1674 quisque
1493 1610 1549 1658 et
1597 1615 1722 1674 pru-

105 1687 283 1757 dens,
338 1699 657 1761 paupertate
689 1693 1025 1763 oppressus',
1069 1693 1350 1764 gradiatur
1385 1693 1580 1752 itinere
1605 1693 1723 1748 olli-

1837 497 1907 553 te,
1941 489 2113 542 locum
2145 500 2288 543 tuum
2318 506 2382 544 ne
2401 487 2677 546 dimiseris.
2697 491 2809 548 Non
2835 497 3004 550 simus
3027 499 3206 572 itaque
3239 504 3440 574 tristes,

1820 579 1880 634 si
1918 579 1970 634 in
2005 579 2112 636 hoc
2139 584 2338 637 sarculo
2379 580 2614 639 humiles
2637 600 2758 641 esse
2787 587 3102 661 videamur,
3145 595 3381 651 scientes
3411 613 3440 650 a

1835 670 1972 727 faeie
1999 672 2198 729 diaboli
2227 684 2281 730 et
2313 674 2511 731 stultos
2553 677 2864 746 sublevari,
2911 689 2966 736 et
2994 683 3189 739 divites
3229 686 3388 757 dejici
3427 707 3437 742 :

1833 781 2024 822 servos
2064 765 2292 838 insignia
2326 768 2525 825 habere
2553 770 2922 842 dominorum,
2953 787 3006 832 et
3029 779 3299 852 principes
3326 798 3442 839 ser-

1832 871 2023 912 VOrum
2073 859 2281 930 ingredi
2332 859 2562 917 vilitate.
2611 862 2922 921 Notandum
2967 877 3149 926 autem
3189 876 3330 944 quod
3386 885 3442 932 et

1831 946 1920 1005 hic
1965 967 2140 1020 equus
2186 953 2238 1008 in
2284 952 2480 1010 bonam
2525 965 2732 1025 partem
2775 960 3074 1031 accipitur,
3106 974 3164 1018 ιιι
3196 965 3269 1021 ibi
3307 985 3319 1021 :
3369 966 3437 1022 Et

1830 1044 2075 1117 equitatio
2100 1057 2190 1101 tua
2218 1047 2385 1104 salus.

1905 1137 2006 1204 Qui
2027 1135 2157 1209 fodit
2182 1137 2402 1210 foveam,
2433 1139 2486 1196 in
2508 1142 2674 1214 ipsam
2704 1143 2915 1207 incidet.
2948 1145 3112 1222 472
3143 1158 3189 1203 et
3213 1146 3302 1220 qui
3329 1151 3439 1206 dis-

1828 1230 1960 1301 sipat
1988 1247 2176 1303 sepem,
2207 1234 2462 1287 mordebit
2491 1251 2606 1288 eum
2636 1253 2863 1310 serpens.
2899 1235 2977 1294 Ex
3015 1248 3167 1311 parte
3203 1244 3433 1314 simplex

1827 1331 1880 1376 et
1903 1337 1967 1376 ex
1999 1334 2148 1392 parte
2180 1326 2442 1396 mysticus
2470 1324 2780 1381 intellectus
2803 1337 2908 1384 est.
2940 1330 3217 1399 Siquidem
3250 1345 3304 1389 et
3333 1336 3432 1390 all-

1827 1413 1877 1468 bi
1916 1424 1940 1452 ε
1972 1413 2084 1484 ipse
2114 1411 2370 1471 Salomon
2401 1417 2474 1471 ait
2508 1418 2649 1485 :Qni
2675 1429 2865 1476 statuet
2889 1426 3125 1494 laqueum
3154 1467 3165 1489 ,
3201 1429 3436 1495 capietur

1826 1506 1878 1558 in
1900 1506 1990 1560 illo
2015 1503 2204 1578 (Eccli.
2232 1524 2406 1576 xxv",
2436 1509 2550 1580 29).
2590 1510 2658 1565 Ει
2698 1513 2748 1565 itt
2779 1511 2987 1583 psalmo
3015 1518 3286 1585 septimo:
3324 1519 3430 1574 La-

1823 1616 1937 1654 cum
1966 1602 2190 1671 aperuit,
2223 1613 2270 1656 et
2314 1600 2491 1668 effodit
2512 1621 2652 1670 eum,
2677 1615 2723 1659 et
2759 1606 2939 1661 incidit
2963 1610 3013 1661 in
3042 1607 3243 1680 fat-eam
3279 1630 3431 1686 quam

1822 1695 1961 1764 fecit.
1988 1691 2146 1765 Sepis
2176 1707 2356 1752 autem
2385 1697 2744 1769 tnaceriieque
2776 1697 2795 1737 τ
2825 1703 3128 1770 eonvnlsio,
3159 1703 3433 1763 Ecclesia-

104 1786 318 1855 cioque
344 1801 649 1843 servorum.
694 1789 956 1845 Hebraeus
986 1799 1260 1860 petentem
1298 1801 1353 1845 et
1397 1791 1716 1862 principem,
1751 1797 1800 1858 Β
1827 1791 1958 1845 stica
1987 1791 2239 1862 dogmata
2273 1802 2424 1854 sunt,
2477 1801 2530 1848 et
2561 1792 2832 1848 institutio
2866 1795 2932 1850 ab
2975 1797 3253 1868 Apostolis
3300 1798 3432 1856 Pru-

102 1893 139 1932 a
171 1878 329 1949 cujus
354 1878 491 1936 facie
522 1879 792 1952 ignoratio
832 1883 1078 1938 videatur
1104 1885 1322 1953 egredi,
1359 1885 1525 1939 Deum
1555 1899 1725 1953 expo-

97 1973 241 2042 suit,
267 1973 410 2044 quod
441 1984 630 2044 putent
659 1973 913 2031 homines
939 1973 966 2012 τι
999 1978 1052 2030 iu
1089 1976 1189 2030 hac
1226 1976 1594 2045 inaequalitate
1637 1991 1720 2032 re-

96 2080 274 2134 rum,
313 2068 468 2122 illum
500 2083 604 2123 non
631 2068 798 2137 juste,
850 2077 906 2124 et
929 2078 988 2122 ιιι
1028 2085 1240 2140 aequum
1282 2080 1402 2139 est,
1449 2069 1718 2140 judicare.

95 2155 287 2214 Porro
328 2159 420 2213 alii
453 2175 573 2214 cum
608 2161 985 2231 superioribus
1014 2163 1289 2216 :estimant
1326 2175 1447 2216 esse
1491 2159 1723 2232 jungen-

92 2251 238 2308 dum
276 2271 286 2305 :
314 2251 383 2309 Ut
406 2253 522 2323 ipse
550 2255 617 2309 sit
646 2265 855 2322 potens,
892 2255 960 2311 de
997 2271 1104 2326 quo
1135 2264 1261 2310 ante
1295 2255 1394 2310 hos
1420 2270 1612 2310 versus
1635 2255 1720 2312 di-

177 2376 205 2404 α
239 2367 362 2422 Duo
390 2369 644 2430 Palatini,
669 2380 722 2423 et
749 2368 1169 2428 VictorinsJIoc
1187 2379 1360 2423 autem
1380 2369 1496 2437 ﬁeri
1521 2385 1552 2420 a
1572 2370 1711 2422 vultu

94 2441 220 2513 ejus
255 2444 378 2513 (pro
412 2441 690 2513 Apostolus
719 2459 820 2495 non
854 2451 982 2494 tacet
1011 2459 1042 2513 ιι
1081 2441 1300 2494 Diabolo
1326 2446 1363 2506 ),
1396 2441 1486 2510 qui
1524 2441 1580 2493 in
1611 2456 1706 2494 sa:-

95 2507 224 2564 c'ulo
255 2509 427 2578 habet,
463 2525 568 2565 etc.
602 2509 776 2566 Valll'f.
809 2513 921 2573 ﬁeri
952 2507 1056 2564 vult
1087 2514 1218 2579 ejus,
1245 2513 1355 2582 qui,
1390 2507 1496 2582 etc.

174 2585 206 2625 b
237 2582 376 2636 Tres
405 2598 535 2635 inst.
579 2594 629 2639 et
668 2583 961 2648 Vit-torius,
1001 2583 1120 2636 Vidi
1151 2599 1323 2637 servos
1353 2581 1526 2636 sedere
1553 2597 1708 2651 super

94 2668 286 2720 equos,
321 2666 431 2708 etc.
461 2653 612 2709 Unus
639 2654 964 2708 ambulantes
999 2656 1182 2717 habet,
1215 2670 1313 2722 pro
1331 2654 1526 2708 sedere.

181 2736 204 2764 ο
237 2727 283 2778 Α
312 2727 518 2779 diabolo
541 2726 812 2798 dignitate
836 2727 1062 2798 perflati.
1096 2725 1516 2779 Famosissimus
1560 2723 1711 2778 locus

100 2811 231 2851 cum
267 2808 489 2866 propter
515 2797 910 2864 esetnplarium
945 2797 1218 2852 variantes
1267 2797 1552 2860 lertioncs,
1594 2806 1706 2848 tum

100 2877 334 2937 promer
374 2883 479 2922 non
527 2882 697 2937 pauca
746 2867 886 2923 falso
917 2869 1103 2922 addita
1136 2877 1190 2921 et
1210 2877 1468 2931 corrupta
1502 2869 1552 2919 in
1585 2866 1710 2920 Edi-

99 2941 261 2994 tione
305 2939 623 2993 Erasmiana
675 2949 730 2994 et
777 2941 831 2993 in
883 2940 1091 3009 aliquot
1123 2953 1255 2992 mss.
1287 2937 1589 3000 codicibus.
1615 2938 1706 3009 ubi

97 3010 186 3065 sic
216 3021 533 3065 contextum
569 3012 923 3074 depravatum
949 3007 1182 3080 legimus
1204 3029 1216 3061 :
1236 3010 1422 3064 Subita
1449 3027 1477 3062 a
1501 3007 1708 3063 diabolo

100 3082 363 3154 dignitate
394 3098 481 3151 per
510 3083 713 3154 ﬂagitia
746 3083 956 3151 publica
986 3083 1350 3154 sublimenlur,
1381 3098 1516 3154 quos
1548 3081 1706 3154 uulgo

99 3151 333 3206 lubricos
379 3151 646 3222 appellant
682 3169 699 3226 ς
730 3155 976 3226 magister
1019 3162 1192 3226 autem
1229 3152 1430 3226 nobilis
1468 3153 1703 3223 quisque,

1824 1881 2112 1952 phetisque
2136 1881 2358 1938 fundata
2394 1929 2408 1950 ,
2441 1899 2560 1956 qua:
2587 1886 2677 1955 qui
2721 1886 3038 1942 dissolverit
3066 1935 3077 1954 ,
3113 1899 3164 1944 et
3197 1894 3429 1948 voluerit

1823 1977 2125 2046 praeterire,
2160 1973 2213 2030 in
2241 1991 2308 2031 eo
2337 1976 2455 2048 ipso
2481 1995 2587 2048 quo
2614 1979 2858 2050 negligit,
2891 1997 2918 2035 a
2944 1997 3201 2051 serpente
3235 2002 3428 2056 percu-

1822 2069 1971 2123 titur.
2014 2065 2086 2122 De
2111 2084 2218 2139 quo
2259 2076 2518 2138 serpente
2556 2077 2608 2123 et
2637 2069 2689 2124 iu
2722 2070 2890 2126 Amos
2919 2074 3180 2142 scripturn
3205 2085 3287 2132 est
3318 2097 3329 2131 :
3366 2081 3428 2134 Si

1823 2159 2141 2216 descrnderit
2169 2162 2220 2214 in
2249 2163 2536 2233 infernum,
2567 2165 2823 2219 mandabo
2855 2168 3100 2236 serpenti,
3134 2180 3178 2224 et
3223 2174 3428 2230 morde-

1826 2252 1896 2305 bit
1927 2269 2010 2306 eos
2044 2251 2154 2325 [AL
2189 2251 2346 2327 eum].
2385 2251 2562 2324 (Amos
2593 2270 2667 2322 ιι,
2699 2253 2777 2326 5).

1823 2366 1917 2448 Ιίίιε
1952 2366 2124 2448 ιηρά.
2152 2368 2206 2432 4,
2241 2367 2293 2422 in
2327 2368 2542 2448 Menam
2571 2367 2846 2448 libertum,
2873 2369 2941 2426 Et
2971 2374 3191 2448 Appiaut
3222 2381 3425 2437 mannis

1824 2438 1960 2514 terit,
1996 2436 2355 2514 Hieronymus
2399 2440 2624 2514 alludat.
2674 2441 2917 2514 Aliorum
2962 2436 3124 2514 por'ro
3173 2436 3420 2507 ('Odlt'tmt

1821 2510 2010 2592 eadem
2057 2509 2378 2592 plenumque
2423 2519 2479 2592 et
2512 2510 2646 2564 falsa
2668 2512 2862 2592 _l_ectio
2899 2509 2983 2592 est
3013 2533 3027 2570 :
3057 2517 3308 2588 dignitate
3333 2542 3423 2592 per

1828 2581 2028 2664 flagitat
2060 2579 2264 2664 publica
2301 2583 2316 2648 (
2344 2583 2582 2664 quidam,
2615 2583 2822 2664 addo-nt
2844 2579 3213 2664 _syblimenittr
3238 2594 3255 2661 )
3295 2579 3423 2664 quos

1829 2649 2238 2730 rulgo__lyz_icl_t_os
2267 2649 2532 2730 appellant
2619 2655 2709 2708 alii
2751 2653 2980 2730 (urit/tos
3003 2699 3018 2724 ,
3066 2663 3148 2716 \eI
3195 2649 3420 2730 luridas,

1824 2724 1909 2804 vel
1945 2724 2088 2804 aliud
2118 2723 2338 2804 aliquod
2384 2725 2618 2804 nominis
2653 2723 3268 2804 monst_rttm)imagister
3303 2723 3422 2793 ante

1822 2793 2136 2866 (ALautem)
2164 2795 2350 2848 nobilis
2372 2796 2604 2866 quisque,
2639 2805 2742 2850 rtc.
2772 2793 3056 2854 Glosseiua
3077 2793 3256 2858 aiitetn
3287 2807 3416 2864 illttd

1818 2867 2134 2944 omisimus,
2156 2867 2298 2935 quod
2328 2882 2358 2920 e
2379 2869 2437 2921 δ.
2469 2868 2712 2944 doctoris
2743 2871 2950 2944 (-alatno
2978 2875 3201 2928 minime
3231 2880 3413 2944 profe-

1816 2945 1961 3014 ctum
1994 2936 2460 3014 \‘idebatttr,‘_quos
2493 2937 2644 3014 vulgo
2676 2939 2892 3014 Luricos
2915 2943 3206 3014 appellant.
3231 2936 3414 3014 'Qnod

1817 3007 1859 3060 si
1891 3017 2070 3062 tamen
2095 3024 2216 3062 cum
2248 3008 2407 3063 editis
2430 3020 2556 3062 ante
2579 3007 2960 3065 Martiauantm
2986 3007 3142 3068 libris
3174 3007 3308 3071 velis
3331 3037 3413 3074 re-

1816 3079 2010 3145 tinere,
2046 3079 2237 3153 legesis
2268 3077 2564 3153 Buricltos;
2615 3079 2802 3135 Manni
2841 3085 3042 3153 quippe
3067 3127 3080 3150 ,
3118 3095 3176 3142 ιιι
3217 3091 3415 3147 (litt-cut

1814 3159 2029 3229 veteres
2059 3151 2262 3229 l-loratil
2291 3151 2632 3229 Scholiasta.
2659 3153 2776 3222 equi
2797 3151 3089 3229 {pompm
3115 3159 3268 3229 uulgo
3287 3161 3416 3216 Bur-

97 3234 217 3279 etc.
249 3226 463 3299 Eodem
485 3226 647 3280 modo
682 3221 833 3292 legit'
861 3239 980 3299 ms,
1011 3224 1371 3284 Sorbonicus.
1421 3221 1495 3299 ita
1527 3221 1704 3299 tamen
1735 3235 1780 3299 ρ
1814 3222 2016 3299 dones,
2044 3223 2150 3276 sive
2177 3221 2396 3299 Buricos
2427 3221 2776 3299 nominamus.
2801 3225 2872 3299 iit
2909 3221 3130 3283 Veteres
3158 3221 3367 3290 (ilossa:
3396 3252 3408 3288 :

96 3306 160 3351 ιιι
211 3313 318 3350 ιιιιιι
371 3298 595 3351 retineat
630 3311 815 3350 vocem
848 3296 1215 3361 sublimentur,
1247 3306 1302 3351 et
1344 3311 1440 3364 pro
1479 3295 1704 3349 lubricos

92 3367 305 3422 habent
338 3367 532 3422 luridus
565 3384 583 3422 :
611 3368 704 3422 sed
738 3369 789 3420 in
819 3369 1064 3436 margine
1093 3369 1404 3436 exscriptor
1440 3365 1586 3420 illius
1614 3382 1706 3420 ex-

93 3440 367 3507 emplaris
399 3441 509 3493 hinc
541 3439 690 3494 addit
741 3454 772 3494 e
829 3441 1042 3493 latere:
1091 3438 1247 3492 Alius
1298 3439 1454 3506 liber,
1496 3437 1704 3506 per/lati

90 3510 215 3565 vias
246 3510 481 3579 publicas
501 3511 708 3563 mannis
745 3519 934 3565 terant.
970 3511 1125 3566 Unde
1153 3513 1493 3579 exploratum
1532 3511 1705 3563 habe-

93 3598 225 3635 nlll‘
257 3584 546 3652 genuinam
583 3583 1054 3650 Iectiouetuquam
1079 3584 1448 3646 restituimus,
1482 3582 1534 3634 in
1568 3597 1704 3635 nun-

91 3655 270 3708 nuilis
303 3654 461 3708 Itbris
484 3655 781 3710 exstitisse.
806 3653 961 3710 Sicut
994 3653 1265 3720 hodieque
1289 3661 1475 3707 ess-tat
1505 3653 1699 3721 paulu-

93 3723 215 3779 lum
277 3726 533 3779 tnendosa
579 3725 631 3778 itt
697 3741 800 3780 ms.
851 3724 1042 3779 codice
1088 3723 1426 3791 Colbertino,
1487 3724 1537 3776 iu
1594 3738 1701 3792 quo

89 3797 362 3864 scriptum
397 3798 610 3865 reperio
642 3814 654 3849 :
689 3795 875 3852 Subita
899 3814 930 3849 a
961 3796 1172 3850 diabolo
1195 3797 1444 3867 dignitate
1471 3796 1697 3865 perflati,

92 3869 209 3922 uias
236 3868 471 3940 publicas
494 3870 870 3923 ministra-rent.
903 3868 1018 3922 Non
1043 3869 1185 3937 quod
1222 3867 1531 3940 inveniebat
1557 3912 1570 3934 ,
1604 3867 1698 3921 sed

92 3939 244 4008 quod
303 3941 638 4009 intelligobnt
693 3940 915 4008 scripsti
979 3939 1362 4003 amanuensis;
1430 3939 1552 3991 hinc
1605 3952 1700 4006 pro

93 4013 310 4064 mannis
369 4020 576 4076 terant,
630 4010 852 4065 verbum
914 4011 1289 4064 ministrarent.
1339 4009 1698 4064 Cmbeienses

95 4083 490 4148 interpolatum
525 4082 755 4135 retinent
780 4091 1128 4146 contextum;
1165 4081 1368 4135 habent
1399 4084 1544 4135 enim
1581 4087 1702 4148 post

93 4170 290 4210 vocem
335 4153 567 4222 publicas
607 4152 708 4207 hoc
735 4153 1191 4221 additamentum,
1232 4169 1360 4224 quos
1391 4154 1546 4224 uulgo
1573 4151 1698 4207 lori-

97 4225 224 4280 cltos
284 4228 572 4297 appellant.
624 4224 828 4278 Praeter
871 4226 984 4297 haec
1017 4227 1202 4288 verba,
1245 4226 1696 4297 ontttiageuuina

96 4306 228 4353 Sunt
255 4295 447 4350 iu'tllis
465 4297 895 4362 exemplaribus.
920 4295 1188 4349 Caeterum
1212 4296 1538 4351 sententiam
1563 4311 1699 4363 pra:-

95 4378 314 4424 sentem
339 4377 616 4421 mtttnatnr
637 4367 1022 4438 Hieronymus,
1057 4364 1352 4438 etquidem
1383 4367 1695 4438 eleganter,

97 4455 163 4495 ex
193 4440 415 4494 Horatio
449 4437 672 4501 Flacco,
701 4436 932 4506 Epodon
979 4437 1102 4502 lib.,
1143 4436 1258 4492 Odi:
1287 4438 1344 4505 Δ,
1403 4439 1456 4491 in
1485 4436 1695 4493 Mettum

97 4511 354 4568 libertam
380 4510 621 4580 Pompeii
645 4510 825 4579 magni
853 4528 864 4562 :

408 4645 587 4708 Sectus
611 4643 820 4708 ﬂagellis
838 4641 916 4692 hic
938 4642 1324 4693 triumviralibus
1721 4621 1774 4682 D

476 4707 726 4758 Praeconis
751 4708 807 4754 ad
835 4708 1097 4762 fastidium.

410 4770 530 4832 Arat
554 4770 750 4819 Falerni
774 4771 907 4818 mille
929 4769 1062 4819 fundi
1084 4768 1261 4832 jugera
1291 4784 1299 4816 :

473 4831 533 4882 Ει
555 4835 753 4895 Appiam
778 4834 970 4880 mannis
992 4834 1115 4880 terit
1144 4831 1156 4879 ἑ

407 4895 760 4959 Sedilihusque
782 4908 991 4959 magnus
1007 4897 1057 4943 in
1077 4896 1251 4957 primis
1269 4906 1424 4957 eques

471 4955 665 5009 Othone
682 4955 981 5020 contempto
1006 4955 1167 5008 sedet.

100 5076 362 5133 Eumdem
419 5087 639 5128 sensum
703 5073 908 5127 habent
951 5073 1157 5128 Horatii
1207 5074 1486 5136 carmina,
1527 5087 1691 5142 quem

103 5149 462 5203 Ecclesiastes
487 5144 613 5198 dum
642 5145 715 5198 ait
749 5161 761 5196 :
804 5143 925 5196 Vidi
963 5161 1130 5198 servos
1179 5161 1333 5214 super
1377 5161 1550 5212 equos,
1584 5156 1690 5200 etc.

103 5218 274 5274 Porro
310 5217 484 5271 Matini
524 5227 677 5270 erant
721 5216 869 5282 parvi
900 5219 1045 5286 equi,
1089 5219 1166 5270 sic
1199 5218 1328 5270 dicti
1363 5216 1504 5285 quod
1544 5231 1696 5269 man-

106 5289 388 5346 suetudine
423 5286 744 5341 familiarius
777 5302 994 5340 mauutn
1020 5295 1397 5356 sequerentur.
1431 5288 1696 5358 llierOny-

109 5377 227 5416 mus
259 5362 497 5430 Epistula
529 5359 595 5410 ad
627 5359 1035 5430 l’ammaeltlunt
1063 5373 1224 5425 super
1257 5361 1407 5412 obitu
1456 5359 1696 5414 Paulina:

111 5429 316 5499 uxoris,
339 5434 590 5501 ferventes
619 5430 846 5497 buricos,
874 5429 988 5484 sive
1019 5429 1212 5483 burdos
1239 5447 1456 5483 mamms
1483 5442 1660 5486 vocat.

1317 5501 1586 5556 Maurus.

181 5575 320 5630 Unus
376 5587 405 5628 c
446 5583 658 5643 Septem
701 5587 832 5626 mss.
867 5587 1005 5643 quos
1036 5570 1141 5626 hoc
1175 5573 1228 5626 in
1265 5573 1384 5626 loco
1424 5574 1697 5629 consului-

116 5663 247 5711 mus,
268 5649 525 5698 inventus
553 5655 633 5700 est
664 5644 836 5699 Vatic.
869 5644 964 5714 qui
991 5654 1159 5709 recte,
1187 5651 1248 5699 ut
1274 5644 1544 5700 edidimus
1568 5687 1582 5709 ,
1615 5645 1693 5701 le-

149 5727 272 5774 cret.
298 5717 530 5770 Tantum
563 5717 704 5785 equis
731 5715 911 5780 habet,
954 5731 1053 5787 pro
1078 5716 1301 5784 mannis,
1335 5719 1514 5774 annus
1541 5716 1691 5786 equi-

154 5803 229 5847 om
271 5787 453 5853 bene,
501 5799 624 5841 cum
655 5795 840 5855 aperte
880 5787 1235 5842 llorutianum
1286 5787 1417 5843 illud
1462 5788 1686 5859 Epodon

1813 3291 2068 3374 bibamus,
2099 3295 2393 3374 Boupixptc.
2445 3291 2730 3374 Videqute
2762 3295 3116 3374 observamus
3151 3304 3200 3355 itt
3234 3299 3407 3374 Epist.

1810 3361 1904 3439 66ἱ
1932 3365 1996 3439 ad
2017 3361 2344 3439 _Pam_n't_a't;'lt.
2377 3381 2437 3439 ιι.
2461 3363 2527 3439 _8,
2554 3361 2641 3439 ubi
2677 3365 2777 3418 hoc
2811 3367 2952 3420 idem
2986 3361 3370 3439 expunximirs.

1880 3432 1905 3470 ἀ
1935 3434 2169 3489 Palatini
2195 3437 2334 3500 duo,
2368 3437 2420 3488 iu
2450 3436 2544 3489 hac
2570 3437 2672 3489 vita
2704 3432 3268 3506 inmqunlitate'rermu,
3299 3458 3405 3504 etc.

1883 3507 2152 3582 f’Seutire
2198 3508 2412 3582 videtur
2438 3545 2454 3572 ,
2501 3506 2871 3582 Ecclesiastiei
2920 3521 3197 3567 auctorem
3230 3515 3406 3582 ipsum

1809 3574 2154 3632 Salomouem
2180 3580 2477 3642 exstitisse,
2513 3594 2632 3643 quin
2677 3579 2911 3646 plurium
2939 3598 3071 3636 sane
3119 3594 3227 3639 tum
3254 3574 3410 3642 Cia?-

1805 3662 2016 3714 corntn,
2048 3665 2168 3704 cum
2199 3650 2514 3727 Latinorum
2544 3648 2762 3727 Patrum
2796 3653 2984 3727 opinio
3017 3655 3144 3719 fuit,
3176 3671 3242 3711 ex
3273 3673 3408 3727 quo-

1806 3733 1922 3798 rum
1950 3735 2113 3775 sensu
2156 3722 2425 3798 putandus
2451 3729 2538 3798 est
2566 3721 2654 3798 hic
2683 3723 2830 3798 loqui
2852 3723 3234 3798 Hieronymus.
3271 3721 3404 3786 Cum

1804 3792 1949 3844 enim
1977 3793 2282 3846 accuratius
2315 3808 2427 3846 rem
2455 3792 2787 3855 disquirerct
2815 3792 3124 3852 l’ra-fatidu.
3163 3801 3212 3852 in
3245 3801 3403 3856 Salo-

1805 3865 1982 3937 monis
2013 3862 2184 3937 libros
2209 3865 2324 3937 ,_ab
2353 3863 2445 3918 illo
2475 3862 2950 3937 satisglueulenter
2979 3868 3275 3937 nhjudicat.
3329 3873 3404 3929 Ita

1804 3933 2010 4009 pridem
2038 3934 2310 4009 \{ictorius
2335 3977 2350 4001 ,
2393 3949 2554 4006 quem
2581 3934 2924 3991 Martlanaeus
2954 3933 3199 4009 sequitur
3223 3983 3236 4007 ,
3289 3947 3406 4000 aui-

1805 4005 2118 4058 madrertit.

1873 4105 1944 4115 -—
1977 4075 2244 4145 Siquidem
2273 4085 2321 4130 et
2362 4077 2486 4131 alibi
2521 4077 2632 4146 ipse
2677 4076 2928 4134 Salomon
2967 4081 3062 4136 ait.
3093 4083 3253 4139 Jesus
3276 4085 3400 4144 libri

1804 4145 2176 4222 Ecclesiaslici
2209 4149 2443 4222 scriptor
2470 4145 2788 4222 abauctore
2820 4151 3132 4222 Synopseos
3163 4156 3404 4214 Albana-

1802 4220 1883 4296 sio
1908 4218 2164 4296 ascripta!
2193 4219 2394 4296 dicitur
2417 4218 2602 4279 ὀπαδός
2621 4227 2713 4296 τοῦ
2735 4218 3066 4296 saepem“,
3101 4225 3148 4277 id
3185 4235 3266 4282 est
3298 4226 3402 4285 Sa-

1802 4289 2025 4362 lomonis
2047 4296 2241 4345 assecla
2267 4306 2285 4353 ,'
2308 4294 2429 4362 quia
2463 4298 2514 4344 in
2553 4289 2863 4346 condendis"
2883 4297 3152 4360 parabolis
3179 4301 3396 4357 modum

1803 4360 2118 4417 Salomonis
2167 4360 2548 4429 rationemque
2581 4363 2838 4433 tenuerit,
2882 4379 2945 4418 ac
2994 4369 3252 4433 plurimas
3272 4386 3400 4428 sen-

1801 4434 1998 4508 tentias
2039 4438 2421 4508 et_parabo|a_s
2455 4433 2572 4501 ejus
2609 4431 3002 4508 descripserit.
3036 4438 3151 4508 Qua
3182 4441 3398 4503 ratione

1801 4503 2052 4559 homines
2088 4506 2231 4560 docti
2255 4505 2552 4573 contigisse
2581 4505 2900 4572 opinantur,
2935 4518 2990 4563 ut
3024 4503 3267 4567 veterum
3299 4515 3400 4572 Pa-

1801 4589 1944 4647 trum
1999 4577 2243 4647 plerique
2298 4589 2577 4630 auctorem
2625 4575 2996 4635 Ecclesiastici
3045 4583 3393 4644 Salotnonem

1803 4646 2121 4728 praedicent,
2154 4646 2206 4701 et
2237 4649 2459 4728 nomine
2483 4647 2793 4728 Salomonis
2823 4651 2874 4728 in
2901 4668 3090 4728 eorum
3139 4663 3396 4728 scriptio-

1800 4719 1962 4773 nibus
2002 4734 2113 4798 non
2155 4731 2278 4773 raro
2315 4717 2537 4798 citetur,
2569 4729 2628 4774 ut
2679 4718 2770 4798 hic
2812 4723 2881 4798 ab
2916 4717 3270 4798 llieronymu:
3303 4733 3393 4798 qui

1800 4805 2008 4844 morem
2033 4791 2114 4844 sui
2139 4790 2403 4858 temporis
2441 4801 2662 4844 secutus
2686 4793 2920 4848 habebat
2945 4790 3390 4855 Ecclesiasticum

1799 4857 2141 4935 ἰιιιρνιιρειξει
2167 4861 2501 4935 Stilumonis.
2557 4861 2807 4935 Legimus
2838 4865 2980 4917 enim
3021 4869 3162 4932 apud
3197 4868 3391 4935 Orige-

1801 4932 2284 5008 ttent_lloutilia_22
2308 4935 2359 5008 in
2390 4931 3016 5008 iiiil'lﬂtl.Nultter0rttlll7:
3053 4931 3119 4989 In
3144 4940 3278 4992 libro
3296 4931 3392 5008 Qui

1797 5003 1938 5072 apud
1965 5019 2057 5057 nos
2076 5004 2285 5072 quidem
2308 5005 2440 5056 inter
2467 5003 2763 5057 Salomonis
2807 5005 3072 5060 volumina
3101 5009 3278 5066 haberi
3305 5003 3390 5067 so-

1797 5077 1884 5152 l_et,
1905 5085 1952 5130 et
1966 5073 2370 5152 ΔΙξςείιε-δὶιιιιζὶιειιι
2387 5074 2491 5152 dici
2509 5090 2527 5127 :
2548 5074 2688 5152 apud
2707 5073 2918 5152 (ἔναιεοξ
2937 5093 3068 5145 vero,
3093 5078 3386 5152 Sapientia,

1795 5146 1921 5201 Jesu
1950 5148 2047 5220 ﬁlii
2076 5145 2264 5201 Sirarh
2291 5145 2605 5220 appellatur.
2642 5145 2774 5210 Quae
2807 5147 2971 5220 verba
3001 5165 3104 5203 neu
3131 5145 3386 5220 Ui-igeni,

1797 5220 1892 5272 sed
1922 5218 2114 5271 lluﬁno
2139 5219 2422 5287 interpreti
2454 5218 2784 5271 tribuuntur.
2821 5217 2973 5274 Unde
3007 5222 3170 5288 liquet
3204 5217 3393 5280 E'ccle;

1798 5291 2073 5344 siasticum
2128 5291 2270 5358 apud
2315 5289 2537 5344 Latinos
2587 5290 2728 5343 inter
2773 5289 3081 5347 Salomonis
3113 5295 3389 5351 volumina

1800 5360 1968 5415 fuisse
1995 5362 2260 5426 relatum;
2281 5378 2310 5415 e
2330 5376 2558 5429 quorum
2589 5368 2770 5415 tamen
2803 5378 3030 5416 numero
3057 5365 3389 5422 ntauitestis-

1800 5434 1937 5504 sime
1964 5443 2277 5504 segregatus
2308 5443 2390 5487 est
2411 5432 2552 5501 apud
2575 5433 2959 5504 Hieronymum
2989 5433 3314 5494 Prii-latione
3336 5441 3388 5494 itt

1805 5503 1971 5558 libros
2009 5503 2317 5560 Salomonis
2357 5504 2632 5558 asterisris
2685 5517 2736 5558 et
2782 5506 2955 5559 obelis
2975 5507 3289 5572 distinctos,
3321 5511 3390 5567 de

1803 5575 1999 5648 quibus
2035 5576 2363 5648 plenissime
2411 5575 2651 5648 diximus
2693 5577 2746 5629 in
2779 5577 2887 5632 tinc
2930 5593 2946 5631 t
2989 5581 3161 5648 partis
3187 5580 3390 5638 Biblio-

1803 5645 1973 5718 thecae
2005 5645 2202 5703 divinae
2231 5647 2293 5702 S.
2327 5646 2664 5718 Hieronymi.
2989 5645 3279 5706 'Msnrtan.

1876 5717 1895 5756 τ
1928 5719 2099 5774 Penes
2156 5720 2365 5774 Alcuin.
2414 5717 2566 5788 Sepis
2605 5726 2778 5770 autem
2806 5719 3131 5786 conﬁrmatio
3155 5764 3170 5787 ,
3205 5721 3390 5780 Eccle-

1796 5791 2024 5852 διαθεὶς-ιι,
2054 5800 2161 5846 etc.
2197 5788 2252 5844 In
2288 5788 2518 5843 Palatio.
2555 5801 2656 5842 ms.
2691 5789 2906 5857 evulsio,
2939 5801 3046 5849 etc.-
