3998 6320
116 263 249 320 1097
324 304 335 310 -

1142 257 1691 318 COMMENTARIUS
1731 259 1796 317 IN
1836 260 2373 323 ECCLESIASTEN.

3267 269 3401 326 1098

8 426 11 461 Ξ
108 379 166 425 et
198 368 322 424 ﬁnis
351 366 581 424 stultitia
610 374 696 423 est
723 376 779 424 et
806 382 961 425 error
991 370 1286 440 pessimus;
1317 373 1433 428 sive
1460 384 1519 428 ut
1543 372 1704 444 Sym-
1732 388 1785 450 Α
1812 375 1933 432 dem
1970 379 2269 449 reprobare
2295 378 2559 449 juvenum
2595 378 2986 449 principatum,
3016 388 3072 434 et
3100 381 3411 441 luxuriosos

110 462 334 516 machus
362 459 659 527 transtulit,
691 463 959 530 tumultus,
990 473 1039 517 et
1062 466 1297 534 quaedam
1322 466 1595 521 verborum
1622 467 1705 521 in-

113 557 429 623 constantia;
470 555 596 611 dutu
639 572 747 613 non
793 568 974 614 manet
1001 558 1055 613 in
1086 558 1248 631 475
1278 561 1573 629 sententia,
1608 559 1705 616 sed

113 659 264 721 putat
290 652 343 705 in
374 648 822 719 multiplicatione
848 665 1161 707 sermonum
1189 651 1431 722 ell'ugere
1459 667 1519 707 se
1543 665 1708 722 posse

114 757 419 818 peccatum.
455 747 593 802 Cum
623 748 768 803 enim
802 762 904 803 nec
933 746 1337 818 praeteritorum
1372 746 1706 812 meminerit,

113 855 214 896 nec
242 839 426 896 futura
464 851 782 911 cognoscat,
812 848 870 897 et
896 840 952 896 in
985 839 1291 911 ignorantia
1324 845 1383 893 et
1411 847 1435 874 ιι
1468 835 1712 892 tenebris

114 935 413 1001 volutetur,
466 934 659 989 falsam
707 934 811 990 sibi
855 934 1144 989 scientiam
1193 929 1613 1002 repromittens;
1658 930 1713 984 in

113 1046 180 1086 co
220 1030 465 1096 doctum,
499 1030 554 1085 in
596 1043 663 1085 eo
692 1044 753 1086 se
781 1038 935 1100 putat
962 1043 1087 1084 esse
1115 1029 1443 1098 sapientein,
1475 1026 1521 1081 si
1549 1025 1713 1081 verba

111 1127 463 1198 multiplicet.
512 1125 702 1181 Potest
742 1125 846 1179 hoc
886 1134 941 1181 et
983 1123 1051 1179 de
1084 1122 1366 1179 haereticis
1395 1120 1589 1191 accipi,
1622 1119 1715 1189 qui

113 1218 463 1291 prudentium
508 1220 754 1274 virorum
797 1218 944 1273 dicta
985 1232 1091 1272 non
1133 1216 1385 1286 capiunt;
1432 1213 1528 1269 sed
1561 1228 1622 1267 se
1647 1210 1713 1266 ad

113 1314 518 1385 disputationes
545 1314 852 1369 contrarias
885 1321 1277 1383 praeparantes,
1310 1319 1364 1365 et
1390 1308 1631 1372 initium,
1663 1315 1717 1362 et

115 1412 280 1468 linem
326 1410 583 1483 loquendi
625 1410 883 1475 vanitate,
919 1408 947 1447 ι)
980 1407 1240 1473 tumultu,
1273 1418 1464 1461 errore
1495 1401 1720 1458 convol-

116 1515 253 1560 vuut
298 1522 310 1558 :
352 1512 406 1560 et
446 1518 569 1560 cum
613 1502 749 1558 nihil
791 1503 989 1567 sciant,
1033 1501 1329 1570 loquuntur
1371 1496 1526 1568 plura
1554 1508 1716 1567 quam

116 1608 344 1655 norunt.

190 1694 362 1748 Labor
402 1691 677 1747 stultorum
706 1690 906 1762 affliget
931 1702 1041 1754 eos,
1072 1686 1161 1757 qui
1192 1684 1427 1739 nesciunt
1456 1684 1533 1738 ire
1561 1682 1615 1736 in
1645 1680 1718 1734 ci-

1804 470 2017 540 judices
2056 471 2444 537 condemnare,
2489 471 2634 541 quod
2676 472 2729 525 in
2758 470 2937 527 altero
2968 486 3065 541 per
3093 482 3309 528 aetatem
3341 477 3415 530 sit

1810 562 2029 618 infirma
2052 564 2345 634 sapientia,
2375 565 2429 617 in
2459 563 2585 619 aliis
2612 563 2773 619 etiam
2800 572 3013 618 matura
3044 573 3178 619 aetas
3204 565 3415 621 deliciis

1811 664 2125 711 enervetur.
2160 655 2227 710 Et
2282 656 2591 711 econtrario
2632 656 2937 727 principem
2982 658 3219 727 probare
3259 658 3418 714 bonis

1813 750 2081 815 moribus,
2131 759 2186 806 ct
2231 751 2535 807 liberaliter
2582 753 2920 817 institutum;
2973 762 3028 808 et
3074 770 3169 809 eos
3205 754 3416 825 judices

1815 841 2136 911 praedicare,
2176 844 2270 911 qui
2312 859 2657 915 nequaquam
2695 846 3032 915 voluptatem
3065 845 3302 917 negotiis
3331 848 3415 902 ci-

1815 934 1963 989 vium
2008 935 2310 1005 praeferant
2356 955 2366 989 :
2411 937 2507 991 sed
2550 947 2671 1007 post
2701 938 2930 993 multum
2960 938 3207 995 laborem
3235 948 3288 994 ct
3316 939 3417 995 ad-

1817 1027 2274 1084 ministrationem
2319 1029 2656 1099 reipublicae,
2698 1032 2878 1087 cibum
2909 1046 3107 1102 capere
3137 1034 3290 1104 quasi
3321 1050 3419 1090 ne-

1819 1124 2077 1178 cessitate
2115 1133 2401 1194 cogantur.
2444 1124 2644 1180 Verum
2683 1126 2817 1180 mihi
2859 1127 3127 1182 sacratius
3168 1127 3295 1197 quid
3336 1128 3417 1183 la-

1823 1225 1939 1271 tere
1983 1216 2200 1272 videtur
2245 1217 2299 1272 in
2350 1217 2554 1284 littera,
2604 1219 2746 1287 quod
2794 1218 3019 1288 juvenes
3070 1220 3323 1276 dicantur
3367 1222 3421 1277 in

1818 1309 2127 1380 Scriptura,
2172 1310 2263 1382 qui
2312 1326 2342 1364 a
2387 1313 2557 1366 veteri
2605 1312 2930 1367 auctoritate
2974 1312 3319 1379 desiiscunt,
3370 1323 3429 1369 et

1821 1417 1958 1457 cana
1992 1411 2262 1474 praecepta
2297 1413 2579 1475 parentum
2611 1413 3013 1460 contemnunt:
3048 1407 3138 1476 qui
3172 1406 3425 1476 neglecto

1824 1495 1918 1551 Dei
1944 1496 2220 1562 mandato,
2245 1496 2471 1569 cupiunt
2496 1505 2737 1553 statuere
2761 1497 3087 1553 traditiones
3114 1497 3423 1554 hominum.

1823 1588 1901 1644 De
1941 1589 2138 1659 quibus
2182 1600 2236 1646 et
2277 1591 2329 1645 in
2373 1590 2509 1645 Isaia
2554 1590 2718 1663 (Cap.
2762 1590 2889 1662 vtu)
2934 1591 3124 1647 Israeli
3164 1592 3427 1647 Dominus

1822 1682 2213 1751 comminatur,
2259 1699 2326 1739 eo
2368 1684 2514 1755 quod
2558 1685 2798 1740 noluerit
2843 1701 3040 1757 aquam
3087 1686 3263 1753 Siloe,
3306 1703 3428 1756 qua:

112 1786 338 1841 vitatem.
379 1784 515 1841 Cum
544 1783 923 1854 superioribus
949 1784 1113 1837 etiam
1146 1779 1247 1835 hos
1274 1779 1440 1849 junge
1471 1775 1715 1831 versicu-
1746 1793 1795 1853 Β
1821 1776 1975 1831 vadit
2011 1791 2114 1832 cun
2156 1778 2406 1843 silentio,
2448 1789 2502 1834 et
2544 1788 2789 1835 veterem
2837 1780 3099 1850 piscinam
3140 1783 3424 1850 averterit,

114 1879 199 1934 los
244 1896 260 1935 ε
305 1888 397 1932 aut
437 1876 770 1948 generaliter
807 1876 875 1929 de
912 1874 1166 1929 omnibus
1204 1872 1410 1939 stultis,
1442 1870 1533 1941 qui
1565 1869 1720 1939 igno-

112 1979 237 2027 rant
276 1970 470 2036 Deum,
512 1979 603 2023 aut
633 1968 949 2039 specialiter
981 1966 1051 2022 de
1084 1964 1362 2019 haereticis
1399 1974 1420 2001 ο
1452 1961 1716 2031 disputat.

114 2066 261 2137 Lege
300 2064 629 2129 Platonem;
678 2062 990 2117 Aristotelis
1027 2060 1254 2115 revolve
1287 2057 1585 2121 versutias,
1617 2055 1723 2110 Ze-

115 2178 318 2219 nonem
362 2171 418 2217 ct
455 2160 797 2216 Carneadem
827 2156 1145 2228 diligentius
1173 2156 1409 2219 intuere,
1440 2161 1493 2208 et
1525 2150 1725 2221 proba-

113 2256 201 2311 bis
231 2270 421 2311 verum
451 2270 575 2310 esse
602 2252 747 2325 quod
776 2251 977 2307 dicitur
1006 2270 1019 2305 :
1049 2250 1220 2303 Labor
1244 2248 1515 2303 stultorum
1539 2245 1723 2316 aﬂliget

109 2366 222 2405 eos.
273 2348 572 2403 Veritatem
612 2347 689 2400 illi
720 2345 941 2417 quidem
971 2344 1118 2398 omni
1149 2342 1329 2398 studio
1355 2339 1721 2411 quaesierunt;

112 2442 211 2498 sed
241 2441 365 2512 quia
398 2456 506 2497 non
537 2441 844 2496 habuerunt
868 2438 1089 2504 ducem,
1116 2446 1170 2493 et
1199 2437 1458 2507 praevium
1485 2431 1722 2499 itineris,

113 2546 170 2593 et
218 2536 474 2591 humanis
522 2534 776 2591 sensibus
822 2534 925 2588 rati
974 2539 1102 2586 sunt
1145 2546 1206 2586 se
1253 2524 1725 2599 comprehendere

115 2646 284 2702 posse
307 2629 653 2701 sapientiam,
677 2628 745 2683 ad
772 2628 1053 2684 civitatem
1084 2626 1309 2681 minime
1334 2628 1721 2694 pervenerunt,

116 2725 185 2781 de
230 2740 340 2795 qua
386 2725 439 2779 in
488 2723 697 2793 psalmo
738 2721 938 2777 dicitur
982 2738 995 2774 :
1039 2720 1283 2784 Domine,
1322 2720 1376 2773 in
1401 2718 1607 2772 civitate
1636 2725 1726 2769 tua

114 2818 401 2892 imaginem
442 2817 677 2887 ipsorum
717 2814 995 2884 dissipabis
1022 2812 1197 2882 (Psal.
1245 2825 1414 2875 Lxxu,
1444 2809 1563 2879 20).
1597 2808 1728 2863 0m-

114 2926 216 2967 nes
258 2911 411 2965 enim
444 2909 667 2965 umbras
692 2916 749 2964 et
776 2908 1019 2963 diversas
1049 2904 1313 2975 imagines
1341 2911 1508 2973 atque
1538 2915 1729 2972 perso-

116 3019 243 3067 nas,
293 3016 432 3073 quas
473 3001 577 3056 sibi
619 3002 672 3055 in
720 3000 886 3053 variis
932 2997 1277 3069 dogmatibus
1321 2994 1636 3058 induerunt,
1670 2992 1725 3047 in

118 3096 259 3151 urbe
299 3111 397 3150 sua
427 3094 690 3149 Dominus
714 3091 1023 3162 dissipabit.
1061 3091 1136 3144 De
1164 3105 1267 3160 qua
1296 3099 1351 3144 et
1380 3088 1510 3143 alibi
1536 3085 1729 3142 scribi-

117 3201 209 3245 llll‘
259 3205 273 3243 ἒ

116 3298 248 3340 XLVI
270 3324 287 3350 ,
332 3281 421 3353 5).
457 3280 528 3335 Et
558 3279 612 3334 in
662 3279 958 3349 Evangelia
992 3295 1003 3331 :
1048 3276 1171 3331 Non
1201 3284 1368 3348 potest
1398 3276 1580 3328 civitas
1610 3274 1728 3327 abs-

117 3375 280 3431 condi
332 3390 495 3444 supra
534 3381 757 3426 montem
801 3372 973 3441 posita
1010 3368 1243 3443 (Matth.
1286 3383 1350 3434 v,
1400 3365 1521 3434 14).
1566 3365 1634 3419 Et
1673 3364 1726 3419 in

116 3469 261 3526 Isaia
312 3486 326 3522 :
372 3465 486 3539 Ego
525 3468 703 3521 civitas
746 3467 922 3535 ﬁrma,
966 3466 1145 3519 civitas
1186 3480 1303 3535 qua:
1342 3461 1368 3499 ά
1399 3470 1729 3533 Oppugnatur

117 3560 282 3634 (Isai.
316 3574 485 3623 xxvu,
518 3560 608 3623 30,
643 3575 745 3613 sec.
772 3556 963 3627 LXX).
995 3556 1278 3628 Siquidem
1311 3554 1452 3610 hanc
1480 3552 1728 3609 veritatis

113 3663 170 3709 et
216 3651 512 3723 sapientiae
552 3651 850 3715 civitatem,
894 3664 1019 3705 cum
1063 3650 1221 3705 ﬁrma
1264 3649 1335 3703 sit
1375 3656 1434 3702 et
1476 3646 1724 3712 robusta,

112 3760 311 3802 omnes
357 3752 417 3800 et
460 3744 739 3815 sapientes
783 3742 967 3799 saeculi
1017 3750 1073 3797 et
1116 3740 1362 3797 haeretici
1402 3740 1727 3810 impugnare

110 3849 410 3896 conantur.
442 3838 508 3892 Et
533 3838 676 3909 quod
703 3838 772 3893 de
798 3835 1144 3908 philosophis
1169 3836 1427 3902 diximus,
1453 3834 1555 3891 hoc
1585 3836 1725 3889 idem

109 3915 287 3990 etiam
330 3932 404 3988 de
440 3930 715 3987 haereticis
753 3931 1124 3994 sentiendum,
1162 3929 1306 4000 quod
1349 3930 1546 3983 frustra
1578 3928 1727 3982 labo-

110 4037 237 4084 rent
263 4038 321 4083 et
351 4024 664 4095 afﬂigantur
695 4024 747 4077 in
779 4024 964 4078 studio
993 4022 1429 4093 Scripturarum,
1458 4038 1582 4078 cum
1611 4038 1729 4077 am-

111 4126 309 4181 bulent
354 4123 409 4178 iu
459 4121 714 4185 deserto,
763 4125 821 4173 et
860 4118 1140 4172 civitatem
1186 4119 1434 4173 invenire
1480 4134 1587 4173 non
1633 4132 1727 4172 va—

114 4218 285 4273 leant.
319 4216 401 4271 De
431 4228 666 4285 quorum
695 4225 885 4266 errore
911 4220 966 4263 et
988 4209 1276 4265 Psalmista
1306 4220 1725 4276 commemorat,

112 4312 308 4367 dicens
354 4328 367 4363 :
422 4308 739 4363 Erraverunt
774 4305 829 4357 in
872 4304 1075 4358 deserto
1115 4313 1163 4357 et
1205 4303 1260 4356 in
1287 4304 1560 4374 inaquoso,
1590 4307 1728 4358 viam

112 4404 345 4458 civitatis
362 4398 757 4455 ethabitationis
771 4396 883 4461 eius
902 4412 1003 4450 non
1019 4395 1319 4450 invenerunt
1334 4394 1507 4465 (Psal.
1522 4411 1630 4463 ενι,
1643 4396 1723 4468 4).

184 4496 360 4570 476
393 4493 490 4547 Va:
513 4492 625 4557 tibi,
653 4500 808 4556 terra,
832 4492 983 4561 cujus
1006 4505 1096 4544 rex
1122 4489 1443 4553 adolescens,
1467 4500 1513 4543 et
1535 4491 1728 4562 princi-

1823 1872 2034 1941 eligens
2073 1871 2177 1926 sibi
2217 1871 2419 1928 ﬂuenta
2468 1874 2748 1939 Samariae,
2794 1884 2848 1931 et
2880 1878 3122 1947 gurgites
3153 1878 3427 1935 Damasci.

1825 1962 1893 2017 Et
1923 1964 2078 2031 dabo,
2115 1966 2316 2036 inquit,
2338 1970 2556 2040 juvenes
2583 1970 2841 2041 principes
2870 1986 3070 2037 eorum,
3105 1982 3151 2025 et
3182 1971 3426 2027 illusores

1825 2058 2226 2113 dominabuntur
2253 2060 2329 2114 eis
2357 2058 2512 2130 (Isai.
2548 2077 2629 2127 ιιι,
2659 2061 2737 2131 4).
2770 2062 2913 2133 Lege
2948 2064 3157 2132 Daniel,
3191 2078 3245 2120 et
3273 2075 3431 2121 vetu-

1826 2159 1969 2206 stum
2002 2152 2214 2207 dierum
2264 2153 2513 2210 invenies
2548 2156 2715 2211 Deum
2746 2157 2912 2218 (Dan.
2946 2157 3066 2229 vu).
3100 2158 3245 2231 Lege
3286 2160 3435 2231 Apo-

1827 2244 2089 2316 calypsim
2130 2244 2387 2315 Joannis,
2413 2256 2470 2302 et
2509 2256 2674 2318 caput
2714 2240 3019 2305 Salvatoris
3047 2253 3336 2308 candidum
3376 2267 3438 2310 ut

1826 2338 2031 2403 nivem,
2067 2346 2125 2393 et
2149 2340 2303 2409 quasi
2335 2339 2518 2395 lanam
2548 2341 2725 2396 albam
2759 2344 3005 2413 reperies
3036 2345 3217 2417 (Apoc.
3254 2346 3313 2415 ι).
3345 2347 3437 2402 Je-

1830 2433 2033 2487 remias
2060 2448 2280 2502 quoque
2307 2434 2433 2504 quia
2461 2435 2681 2505 sapiens
2708 2448 2849 2503 erat,
2885 2446 2940 2491 et
2968 2440 3089 2493 cani
3118 2439 3236 2508 ejus
3265 2440 3319 2494 in
3348 2456 3437 2496 sa-

1830 2526 2029 2595 pientia
2066 2526 2481 2598 reputabantur,
2505 2528 2821 2598 prohibetur
2837 2530 3095 2602 juvenem
3120 2548 3244 2588 esse
3267 2549 3326 2588 se
3348 2534 3435 2589 di-

1832 2632 1961 2674 cere
1981 2616 2197 2690 (Jercm.
2218 2620 2277 2688 ι).
2307 2619 2400 2674 Vae
2420 2634 2551 2690 ergo
2576 2632 2739 2676 terrae
2756 2622 2911 2692 cujus
2933 2640 3029 2678 rex
3052 2635 3132 2679 est
3163 2625 3438 2694 diabolus,

1834 2715 1926 2784 qui
1964 2729 2181 2785 semper
2211 2730 2472 2770 novarum
2517 2732 2699 2771 rerum
2730 2718 2961 2787 cupidus
2989 2722 3148 2773 etiam
3181 2720 3234 2774 in
3266 2719 3441 2776 Abes-

1832 2808 1987 2864 salou
2033 2809 2296 2863 adversus
2339 2818 2619 2878 parentem
2663 2810 2895 2865 rebellat
2929 2830 2942 2865 :
2976 2828 3099 2883 quae
3135 2812 3345 2882 judires
3387 2823 3443 2869 et

1832 2900 2115 2971 principes
2158 2916 2254 2955 eos
2291 2900 2476 2966 habet,
2510 2902 2598 2971 qui
2632 2914 2816 2957 ament
2848 2903 3008 2973 hujus
3034 2905 3219 2958 saeculi
3248 2907 3439 2973 volup-

1829 3000 1990 3057 tates,
2036 2994 2130 3064 qui
2172 3002 2461 3063 antequam
2506 2995 2625 3050 dies
2659 2996 2852 3050 mortis
2883 2996 3163 3061 adveniat,
3193 2996 3388 3053 dicunt
3423 3017 3435 3051 :

1834 3088 2210 3143 Manducemus
2255 3098 2302 3143 et
2343 3089 2615 3156 bibamus;
2656 3107 2771 3145 cras
2800 3092 2936 3145 enim
2968 3093 3249 3147 moriemur
3277 3092 3437 3163 (lsai.

324 3186 587 3241 Fluminis
622 3186 844 3256 impetus
877 3183 1105 3253 laetiﬁcat
1134 3183 1389 3236 civitatem
1420 3179 1519 3233 Dei
1552 3178 1725 3250 (Psal.
1753 3185 1799 3249 ς
1834 3197 1967 3247 xxn,
2000 3183 2105 3251 15).
2156 3181 2391 3236 Econtra
2452 3183 2608 3237 beata
2653 3192 2800 3238 terra
2832 3185 3121 3252 Ecclesiae,
3155 3187 3313 3257 cujus
3344 3204 3440 3241 rex

1834 3283 1919 3330 est
1941 3272 2193 3329 Christus
2218 3273 2390 3330 Filius
2414 3275 2771 3346 ingenuorum
2803 3296 2814 3330 :
2845 3277 2915 3333 de
2942 3276 3241 3343 Abraham,
3270 3279 3437 3345 Isaac,

1833 3378 1888 3424 et
1908 3368 2098 3436 Jacob,
2123 3369 2513 3439 prophetarum
2536 3386 2751 3442 quoque
2771 3383 2825 3427 et
2848 3378 3164 3426 sanctorum
3194 3373 3439 3428 onmium

1830 3465 2004 3533 stirpe
2042 3463 2411 3529 descendens,
2455 3464 2651 3535 quibus
2678 3475 2961 3536 peccatum
2998 3480 3103 3520 non
3135 3466 3232 3520 luit
3264 3466 3443 3521 domi~

1831 3566 2050 3621 natum;
2082 3566 2139 3612 et
2175 3556 2246 3611 ob
2276 3557 2327 3611 id
2357 3571 2487 3612 vere
2519 3557 2738 3613 luerunt
2770 3557 2947 3612 liberi.
2979 3558 3056 3612 Ex
3089 3558 3284 3628 quibus
3312 3568 3439 3612 nata

1829 3657 1913 3705 est
1940 3649 2102 3720 Virgo
2123 3650 2349 3705 liberior
2375 3659 2561 3706 sancta
2594 3651 2781 3718 Maria,
2806 3650 2967 3723 477
2998 3652 3204 3707 nullum
3230 3652 3440 3707 habens

1829 3744 2107 3811 fruticem,
2144 3745 2351 3800 nullum
2382 3760 2606 3817 germen
2638 3762 2702 3800 ex
2733 3747 2905 3802 latere
2938 3765 2951 3799 :
2985 3747 3082 3803 sed
3113 3756 3263 3802 totus
3294 3748 3435 3803 fruc-

1830 3845 1918 3892 tus
1940 3838 2058 3905 cjus
2082 3837 2261 3908 erupit
2290 3839 2345 3893 in
2376 3837 2588 3904 ﬂorem,
2620 3840 2934 3909 loquentem
2966 3840 3018 3893 in
3045 3838 3273 3896 Cantico
3295 3840 3434 3897 Cain~

1831 3930 2065 3984 ticllrum
2094 3947 2107 3981 :
2136 3928 2253 4000 Ego
2280 3931 2379 4000 ﬂos
2411 3931 2601 4002 campi,
2632 3940 2678 3984 et
2707 3932 2881 3985 lilium
2907 3931 3220 3986 convallium
3252 3932 3432 4005 (Cant.

1828 4037 1889 4090 tt,
1923 4022 1998 4093 l).
2033 4023 2317 4093 Principes
2348 4040 2566 4095 quoque
2589 4025 2705 4095 ejus
2727 4034 2859 4079 sunt
2884 4024 3136 4095 Apostoli
3161 4038 3215 4081 et
3238 4042 3435 4084 omnes

1830 4116 2028 4183 sancti,
2059 4117 2153 4188 qui
2185 4133 2366 4189 regem
2400 4120 2603 4175 habent
2637 4120 2809 4175 lilium
2845 4120 3233 4191 ingenuorum,
3267 4122 3437 4179 tilium

1829 4208 2016 4263 libera:
2058 4226 2072 4263 :
2119 4224 2225 4265 non
2253 4209 2322 4265 de
2348 4211 2545 4266 ancilla
2575 4210 2744 4281 Agar,
2778 4212 2873 4267 sed
2905 4212 2975 4268 de
3002 4213 3152 4267 Sorae
3185 4213 3437 4271 libertate

1830 4311 2170 4373 generatum.
2195 4303 2307 4360 Nec
2334 4304 2631 4360 comedunt
2655 4319 2837 4369 mane,
2869 4320 2973 4362 nec
2993 4306 3287 4364 velociter.
3314 4311 3431 4367 Non

1831 4398 1976 4453 enim
2018 4399 2072 4453 in
2112 4400 2366 4469 praesenti
2407 4399 2608 4454 saeculo
2646 4409 2901 4470 quaerunt
2937 4402 3291 4473 voluptatem,
3336 4407 3431 4462 sed

1832 4500 2079 4562 tempore
2118 4508 2219 4547 suo
2261 4491 2688 4558 mandueabunt,
2734 4508 2856 4548 cum
2890 4496 3269 4553 retributionis
3295 4508 3435 4554 tetu-

109 4610 201 4666 pes
246 4593 323 4646 tui
368 4602 522 4641 mane
560 4585 851 4639 comedunt.
899 4582 1058 4639 Beata
1088 4593 1294 4650 cterra,
1320 4586 1471 4656 cujus
1498 4600 1591 4639 rex
1616 4594 1733 4638 tum
1760 4582 1811 4642 D
1838 4602 1938 4656 pus
1983 4585 2298 4651 advenerit,
2348 4592 2403 4641 et
2442 4585 2852 4642 manducabunt
2893 4589 2947 4645 in
2987 4589 3336 4659 fortitudine,
3383 4602 3438 4650 et

108 4686 259 4755 ﬁlius
302 4683 673 4753 ingenuorum,
719 4687 767 4732 et
804 4679 1063 4750 principes
1105 4678 1179 4731 tui
1222 4678 1275 4730 in
1307 4686 1533 4747 tempore
1560 4693 1730 4731 come-

107 4780 264 4847 dunt,
286 4778 344 4831 in
371 4773 703 4845 fortitudine,
725 4782 772 4826 et
803 4789 905 4827 non
932 4772 986 4827 in
1017 4771 1338 4841 confusione.
1365 4770 1598 4827 Videtur
1620 4772 1731 4841 qui-

184 4994 211 5021 ει
245 4977 411 5052 Apud
444 4975 659 5052 Alcuiu.
694 4974 913 5029 tenebris
939 4974 1201 5031 involutus
1232 4975 1399 5030 solum
1431 4974 1529 5029 sibi
1561 4973 1728 5030 scien-

112 5056 243 5112 tiam
276 5049 663 5124 repromittens.

184 5128 212 5166 ι)
241 5116 380 5181 Cum
416 5122 648 5175 Erasmo
674 5126 730 5173 et
752 5116 996 5173 Victorio
1023 5118 1253 5174 Palatini
1284 5118 1394 5173 duo
1420 5133 1581 5184 mss.,
1613 5134 1731 5172 cum

110 5200 281 5255 multo
322 5207 523 5259 errore,
567 5201 674 5246 etc.
719 5190 964 5253 Alcuin.,
1009 5206 1124 5245 cum
1155 5192 1318 5245 multo
1346 5207 1521 5246 errore
1552 5206 1733 5244 cumu-

115 5272 252 5338 lant,
284 5279 332 5323 et
363 5279 512 5327 cum,
544 5275 653 5317 etc.

184 5329 258 5383 -ζ
277 5339 554 5405 Vanitate,
580 5333 826 5399 tumultu,
846 5341 952 5388 etc.
977 5329 1329 5389 Corbeiensis
1353 5332 1529 5405 codex
1544 5341 1734 5389 vetus-

115 5416 389 5474 tissimus,
422 5417 471 5462 et
509 5408 665 5477 ﬁnem
694 5406 933 5476 loquendi
968 5407 1195 5460 vanitate
1224 5404 1542 5477 tumultuosa
1571 5416 1617 5459 et
1639 5407 1736 5459 im-

116 5489 397 5559 pudentia,
428 5476 605 5533 errore
641 5479 977 5559 convolvunt;
1005 5477 1147 5559 alter
1175 5476 1737 5559 etiamnCorbei.,_i_in-

116 5546 337 5633 pudenti
376 5546 554 5633 errore
595 5549 937 5633 convolvunt;
978 5547 1112 5604 editi
1148 5563 1283 5633 vero
1326 5546 1486 5633 Eras.
1517 5556 1573 5604 et
1617 5548 1733 5609 Ma-

118 5618 263 5689 rian.
300 5625 540 5681 vanitate
568 5637 683 5675 cum
703 5618 867 5675 multo
891 5636 1066 5675 errore
1093 5619 1427 5674 convolvunt.

1237 5691 1514 5747 Msamu.

197 5783 223 5814 ε
272 5771 514 5826 Rursum
560 5778 682 5820 cum
735 5762 929 5819 iisdem
978 5762 1141 5820 editis
1184 5762 1420 5820 Palatin.
1464 5762 1627 5821 codd.
1672 5762 1738 5819 de

364 5865 654 5925 ΡΑτιιοι..
694 5858 936 5921 XXIII.

1836 4694 1944 4733 non
1986 4680 2040 4733 in
2082 4677 2426 4734 confusione.
2468 4678 2643 4735 Omne
2685 4682 2887 4737 bonum
2930 4687 3218 4753 praesentis
3246 4689 3436 4742 saeculi

1836 4771 2087 4826 confusio
2131 4780 2238 4837 est,
2284 4771 2451 4827 futuri
2499 4786 2761 4845 perpetua
2805 4776 3090 4833 fortitudo.
3135 4779 3268 4835 Tale
3308 4780 3438 4850 quid

1838 4973 2865 5056 luvreticisdisputationibus._Vatican.
2890 4978 2954 5033 de
2978 4978 3235 5039 ntereticis
3262 4986 3444 5056 dispu-

1837 5055 2022 5118 tantes.
2055 5046 2273 5118 Aleum.
2311 5046 2711 5118 disputantibus.

1910 5114 2056 5193 f1__lta
2100 5114 2449 5193 retinendum
2494 5134 2627 5193 cum
2664 5136 2797 5175 mss.
2842 5120 3018 5188 libris,
3063 5134 3227 5193 atque
3255 5130 3441 5187 editis.

1838 5187 1983 5245 Alibi
2027 5199 2207 5244 tamen
2228 5190 2547 5269 _legit_ip_se
2586 5192 2952 5269 llieronyrnus
2989 5187 3166 5251 civitas
3192 5216 3309 5269 quae
3339 5218 3441 5257 non

1840 5270 2191 5332 oppugnatur.
2228 5260 2361 5315 Vide
2394 5261 2567 5330 Epist.
2604 5263 2695 5327 30,
2720 5260 3063 5332 ad'Paulam,
3093 5260 3240 5325 nutn.
3279 5274 3364 5327 14.

1912 5329 2187 5408 ___’Civit_as
2213 5348 2333 5408 quae
2357 5329 2803 5408 oppugnatur.iln
2836 5336 2943 5391 ﬁne
2984 5329 3233 5408 epistolae
3273 5345 3344 5400 50
3372 5347 3441 5402 ad

1843 5403 2067 5488 Paulam
2099 5403 2168 5459 de
2197 5403 2514 5473 Alphabeto
2539 5407 2807 5488 llebraico
2834 5424 2955 5463 cum
2988 5403 3246 5479 particula
3278 5433 3445 5488 nega-

1846 5476 1975 5542 tiva,
2006 5490 2125 5545 qua:
2155 5492 2259 5529 non
2300 5487 2669 5548 Oppugnatur;
2696 5480 2821 5548 quia
2855 5476 3147 5537 contextus
3176 5476 3449 5546 sermovnis

1843 5549 2189 5629 negationem
2223 5548 2585 5629 enigithicut
2611 5560 2665 5604 et
2692 5550 2746 5604 in
2780 5549 3023 5619 Epistola
3062 5556 3128 5608 ad
3168 5558 3446 5629 Algasiam

1843 5618 2052 5696 Quaest.
2081 5620 2341 5696 secunda.
2372 5620 2485 5674 Nisi
2530 5619 2673 5675 forte
2717 5618 2839 5696 pro
2862 5618 3335 5696 oppugnaturfibi
3364 5634 3448 5690 le.

1844 5690 2081 5762 gendum
2114 5694 2208 5756 sit,
2238 5708 2340 5745 non
2369 5690 2723 5762 expugnatur.
2746 5690 3016 5750 Maurum:

1924 5770 1947 5797 °
1973 5758 2223 5817 Vatican.
2257 5771 2315 5818 et
2339 5758 2572 5819 Palatin.
2600 5761 2765 5821 Beata
2790 5774 2847 5821 tu
2867 5776 3027 5837 terra,
3053 5779 3161 5827 etc.

2883 5859 2963 5922 35
