3998 6314
594 238 730 308 ωδε

1846 231 1906 298 8.
1947 228 2220 287 EUSEBII
2261 228 2641 288 HIERONYMI

3808 227 3925 285 Ili:

587 368 643 418 et
673 357 728 413 in
757 354 897 430 lsaia
928 353 1130 408 dicitur
1162 367 1176 404 :
1204 359 1232 390 ⁸
1258 348 1394 406 Ecce
1416 348 1505 419 qui
1533 347 1764 410 serviunt
1790 347 1940 414 mihi,
1970 348 2195 404 ntandu-
2222 350 2276 422 Α
2301 348 2484 404 tabilia
2511 347 2780 418 promissa
2806 345 3133 416 conquirant
3161 362 3174 398 :
3204 344 3322 402 sive
3352 345 3506 416 quod
3538 343 3832 401 Ecclesiae
3859 364 3927 414 ps.

588 455 774 510 cubitat
819 465 836 502 :
880 463 970 502 vos
1010 454 1184 501 autent
1226 443 1464 502 esurialis
1501 459 1520 496 :
1565 442 1633 498 Et
1667 442 1914 500 iterum:
1945 440 2082 496 Ecce
2105 442 2192 509 qui

583 544 813 600 serviunt
852 539 1000 604 milii,
1049 537 1365 600 inlabuntur
1403 553 1421 591 :
1461 552 1547 594 vos
1580 545 1755 595 autem
1790 536 2002 607 pudebit
2035 534 2190 605 (irai.

587 652 712 702 μιν,
749 635 818 690 15
842 643 890 690 et
922 633 1036 704 Η).

658 728 730 790 lu
746 727 969 800 pigritiis
997 725 1356 786 huntiliabitur
1384 723 1722 794 contignatio,
1741 731 1788 778 et
1814 723 1870 778 in
1889 723 2195 790 inﬁrmitate

587 837 840 882 ntanuum
880 819 1096 876 stillabit
1144 819 1348 874 donius.
1405 817 1608 874 Domus
1655 824 1865 881 nostra,
1911 830 2032 884 qua)
2068 829 2192 868 eum

583 925 730 976 statu
778 911 1018 969 hominis
1063 921 1250 972 erecta
1298 908 1404 981 [AL
1448 906 1657 980 creata]
1690 916 1796 972 est,
1829 913 1886 964 et
1933 906 2195 963 habitatio

585 1025 750 1081 quam
781 1006 1046 1062 habemus
1077 1005 1128 1058 in
1158 1003 1340 1067 caelis,
1366 1002 1410 1056 si
1437 1001 1580 1071 pigri
1611 1015 1822 1066 sumus,
1851 1010 1907 1056 et
1946 997 2014 1054 ad
2055 999 2191 1056 bona

583 1116 752 1172 Opera
783 1097 1075 1163 tardiores,
1110 1093 1520 1150 humiliabitur.
1555 1093 1618 1146 Et
1649 1092 1830 1148 omnis
1858 1090 2193 1160 contignatio

582 1209 706 1266 qua:
729 1191 897 1248 debet
917 1189 1132 1244 culmen
1164 1199 1382 1257 portare
1400 1186 1451 1240 iu
1476 1185 1737 1250 sublime,
1763 1184 1830 1238 ad
1857 1193 2057 1242 terram
2074 1199 2193 1239 cor-

581 1300 773 1349 ruens,
810 1282 1172 1336 habitatorem
1205 1293 1366 1334 suum
1416 1276 1707 1347 opprimet.
1746 1273 1996 1345 Cumque
2041 1275 2194 1329 auxi-

578 1379 714 1438 lium
740 1391 1000 1433 manuum
1021 1373 1391 1440 virtutumque
1415 1369 1706 1441 torpucrit,
1735 1385 1930 1426 omnes
1954 1368 2190 1439 desuper

585 1481 967 1544 tempestates,
999 1477 1055 1526 et
1096 1466 1410 1530 nimborum
1441 1465 1510 1522 ad
1541 1480 1640 1520 nos
1670 1463 1828 1526 turbo
1859 1463 2188 1534 prorumpit.

579 1566 758 1625 Porro
782 1564 929 1636 quod
960 1563 1020 1626 in
1055 1560 1278 1620 homine
1306 1573 1420 1622 uno
1448 1557 1789 1627 interpretati
1818 1571 2031 1621 sumus,
2077 1570 2193 1611 nte-

577 1658 688 1718 lius
721 1665 905 1729 potest
945 1669 1112 1724 super
1163 1651 1410 1707 Ecclesia
1437 1649 1609 1718 accipi
1643 1665 1653 1699 :
1694 1647 1843 1718 quod
1873 1663 1968 1717 per
2015 1645 2189 1716 negti-

2296 455 2444 507 nem,
2493 441 2586 511 qui
2633 439 2788 509 panis
2837 439 3138 510 lugentium
3185 449 3292 505 est,
3347 448 3404 495 et
3450 455 3567 495 non
3635 439 3924 495 ridentinn

2296 534 2465 608 (beati
2503 536 2705 605 quippe
2742 535 3010 605 lugentes,
3059 534 3319 605 quoniam
3370 535 3476 605 ipsi
3530 534 3848 604 ridebunt)
3892 538 3927 590 it

2296 627 2484 683 latitia
2511 625 2819 696 gaudioque
2847 626 3162 681 conficiant.
3194 626 3356 692 Quod
3383 636 3582 682 autem
3635 628 3898 698 sequitur

2297 717 2544 774 Pecunia
2572 719 2656 773 vel
2687 726 2900 790 argenta
2930 719 3177 772 obediuut
3207 719 3404 786 omnia,
3444 719 3779 790 dupliciter
3807 724 3925 776 acci-

2297 811 2578 882 piendum.
2623 811 2720 867 Vel
2761 813 2910 882 ipsos
2955 811 3212 869 doctores
3259 824 3557 884 pecuina“:
3611 815 3924 872 adulatione

2295 904 2454 961 dilati
2482 905 2610 971 sint,
2648 920 2876 975 regnum
2918 906 2970 959 in
3017 906 3254 976 populos
3280 921 3551 963 exercere
3581 924 3595 960 :
3638 909 3734 964 vel
3768 921 3922 976 certe,

2294 998 2420 1069 quia
2448 1006 2734 1068 argentum
2765 1012 2862 1066 pro
2884 1012 3147 1053 sermone
3170 1014 3393 1069 semper
3413 1001 3751 1072 accipiatur
3777 1019 3793 1054 :
3821 1001 3923 1056 Eia

2293 1091 2416 1160 quia
2442 1092 2592 1146 enim
2611 1089 2843 1154 Domini,
2875 1092 3080 1162 eloquia
3103 1102 3283 1148 casta:
3311 1105 3592 1167 argentum
3623 1097 3804 1168 ignee
3819 1116 3925 1166 pro-

2297 1183 2472 1240 batum
2501 1193 2671 1250 terra,
2706 1194 2980 1256 purgatum
3025 1187 3328 1256 septuplum
3369 1186 3545 1256 (Paul.
3583 1206 3648 1255 tt,
3690 1190 3784 1258 ἠε
3835 1190 3921 1244 hoc

2296 1285 2597 1344 asseverat,
2630 1277 2774 1346 quod
2794 1277 3156 1347 eloquentiae,
3193 1287 3248 1333 ct
3277 1278 3538 1346 orationi,
3571 1297 3714 1350 qua:
3741 1282 3902 1337 verbo

2294 1384 2420 1424 rum
2439 1371 2511 1426 sit
2553 1368 2744 1426 fronde
2773 1370 3101 1440 composita,
3130 1369 3292 1426 facile
3318 1371 3514 1442 vulgus
3558 1373 3738 1430 cedat
3781 1375 3918 1445 igno-

2297 1462 2429 1520 bile.
2460 1464 2664 1520 Aliter:
2695 1464 2800 1530 Qui
2829 1465 3030 1520 habent
3059 1464 3206 1534 apud
3235 1479 3298 1520 se
3323 1479 3614 1534 sponsum,
3667 1477 3731 1524 et
3763 1482 3917 1537 prop-

2297 1567 2442 1614 terea
2478 1558 2663 1629 lugere
2687 1568 2742 1614 et
2770 1558 3021 1629 jejunare
3053 1559 3436 1628 prohibentur,
3477 1559 3528 1614 in
3559 1561 3682 1615 risu
3713 1561 3918 1620 faciunt

2296 1667 2514 1720 panem.
2561 1653 2604 1709 Α
2650 1667 2760 1722 quo
2799 1652 2932 1719 risu,
2977 1662 3031 1708 et
3061 1652 3213 1715 Isaac
3259 1668 3458 1710 nomen
3498 1655 3750 1723 accepit,
3789 1656 3917 1714 etin

585 1750 830 1832 gentiam
861 1747 1166 1819 principum
1196 1744 1377 1800 omnis
1416 1742 1536 1813 ejus
1575 1750 1796 1806 corruat
1835 1739 2104 1802 altitudo:
2141 1750 2196 1794 et
2223 1745 2271 1806 Β
2301 1743 2486 1800 laetitia
2525 1743 2539 1782 ί
2593 1742 2890 1801 bibentium
2920 1745 3112 1799 viuum
3141 1755 3450 1815 praeparant.
3479 1744 3674 1802 Omnis
3725 1749 3923 1818 itaque

583 1845 662 1904 ibi
684 1843 946 1904 vitiorum
977 1839 1253 1898 illecebrae
1299 1837 1428 1904 sint,
1463 1835 1555 1894 ubi
1586 1832 1613 1872 δ
1647 1843 1864 1905 tegmen
1905 1832 2196 1904 putabatur

587 1952 711 2002 esse
734 1938 1017 1994 virtutum.

664 2030 732 2088 In
756 2032 862 2088 risu
893 2030 1090 2102 faciunt
1132 2043 1316 2098 panem
1345 2034 1391 2079 et
1416 2025 1590 2086 vinum
1620 2033 1668 2088 α,
1718 2033 1774 2082 ut
1819 2023 2090 2095 (spatientur.
2123 2023 2197 2083 tti-

586 2135 779 2180 ventes.
807 2121 874 2178 Et
903 2129 1116 2194 argento
1141 2117 1388 2174 obediunt
1411 2115 1523 2188 [AL
1555 2113 1819 2186 obedienc]
1835 2115 2026 2170 omnia.
2044 2114 2198 2168 Exis-

587 2218 727 2274 timo
757 2232 819 2271 ex
857 2211 1229 2286 superioribus
1262 2210 1501 2280 pendere
1544 2208 1687 2276 quod
1719 2208 1980 2278 sequitur.
2027 2205 2084 2260 In
2118 2205 2197 2275 pi—

587 2313 752 2384 gritia
793 2311 942 2366 enim
988 2317 1043 2363 et
1085 2306 1140 2360 in
1188 2303 1442 2362 socordia
1493 2303 1877 2372 magistrorum
1921 2300 2194 2356 humiliari

587 2405 915 2466 Ecclesium,
947 2409 1002 2460 ct
1030 2399 1243 2458 culmen
1276 2398 1396 2464 eius
1421 2393 1740 2458 concidere,
1764 2403 1819 2448 et
1850 2394 1993 2463 tigna
2017 2390 2041 2428 (³
2075 2407 2194 2463 pcr-

588 2499 704 2564 llui,
751 2511 912 2567 supra
957 2492 1328 2564 exposuimus.
1382 2485 1535 2542 Nunc
1566 2503 1698 2558 ergo
1726 2485 1796 2542 de
1827 2485 2032 2546 eisdem
2084 2499 2196 2540 ma-

589 2592 778 2664 gistris
825 2589 1083 2661 loquitur.
1139 2589 1205 2644 Et
1249 2585 1381 2658 quia
1403 2585 1552 2644 visus
1582 2582 1759 2642 fuerat
1785 2596 2044 2640 accusare
2075 2593 2194 2645 eos,

591 2700 694 2744 cur
725 2693 992 2750 tacerent,
1028 2690 1083 2738 et
1121 2699 1228 2738 non
1259 2689 1540 2738 uterentur
1570 2676 1754 2732 officio
1785 2675 2194 2746 magistrorum,

591 2790 650 2840 et
677 2780 920 2850 episcopi
949 2787 1004 2838 et
1039 2775 1348 2847 presbyteri
1375 2774 1430 2828 in
1476 2771 1719 2833 Ecclesia
1749 2769 2056 2832 constituti,
2089 2783 2193 2826 non

591 2874 908 2928 laborarent
938 2870 992 2924 in
1037 2884 1294 2926 sermone
1339 2874 1396 2922 et
1444 2865 1713 2929 doctrina,
1744 2862 1886 2932 quod
1929 2859 2096 2933 478
2141 2867 2196 2920 et

589 2961 746 3020 Titus
769 2972 1166 3027 commonetur,
1199 2971 1256 3016 ut
1286 2959 1449 3016 faciat
1476 2957 1603 3027 (Tit.
1636 2972 1674 3021 ι,
1709 2954 1786 3022 5),
1818 2963 1876 3010 et
1904 2951 2195 3008 'l‘imotheo

592 3054 929 3128 praecipitur,
963 3067 1032 3108 ne
1070 3053 1300 3124 gratiam
1345 3050 1604 3120 negligat,
1640 3063 1800 3118 quam
1837 3062 1930 3115 per
1969 3046 2196 3116 imposi-

2298 1838 2382 1893 vir
2406 1847 2628 1896 sanctus
2653 1840 2773 1908 qui,
2807 1848 2867 1896 ut
2892 1838 3145 1895 Christus
3193 1839 3457 1909 praeepit,
3501 1839 3779 1910 magister
3812 1842 3922 1898 Ec-

2297 1933 2482 1990 clesia:
2509 1943 2613 1999 est,
2646 1933 2700 1987 in
2730 1934 2844 1989 risu
2879 1943 2934 1989 et
2963 1933 3152 1988 laetitia
3181 1949 3376 2003 panem
3401 1932 3548 1997 iacit,
3579 1943 3636 1988 et
3659 1935 3790 1988 vini
3821 1950 3923 2004 po-

2297 2027 2417 2083 cula
2449 2025 2725 2080 ministrat
2757 2028 2810 2082 in
2836 2026 3057 2098 gaudio.
3083 2027 3386 2095 Argentum
3404 2040 3650 2097 quoque,
3674 2027 3773 2082 cui
3798 2028 3917 2085 obe-

2297 2119 2456 2177 diunt
2481 2118 2893 2194 [ALobediens]
2925 2123 3126 2184 omnia,
3163 2124 3408 2192 quintus
3433 2121 3528 2178 illa
3572 2122 3646 2177 de
3675 2123 3912 2194 Evange-

2297 2211 2394 2278 lio,
2422 2223 2476 2270 et
2504 2213 2629 2279 duo,
2679 2226 2733 2268 et
2774 2229 2934 2268 unum
2969 2213 3377 2284 patrisfamilias
3423 2223 3553 2270 sunt
3598 2216 3834 2280 talenta,
3863 2224 3911 2271 et

2298 2306 2491 2368 decem
2527 2323 2694 2372 meae,
2723 2323 2845 2376 quae
2895 2309 3071 2364 servis
3118 2308 3176 2363 in
3209 2309 3594 2379 negotiatione
3627 2309 3914 2366 creduntur

2301 2399 2522 2472 (Uouit.
2555 2416 2688 2464 xxv,
2728 2398 2814 2454 15.
2841 2411 2886 2454 et
2912 2407 3080 2470 seqq).

2372 2493 2438 2548 In
2463 2505 2630 2548 tuente
2654 2503 2742 2548 tua
2771 2495 2876 2567 regi
2903 2511 2965 2550 ne
2994 2495 3350 2560 ntalediaeris,
3371 2506 3422 2552 et
3441 2496 3501 2548 in
3521 2506 3729 2551 secreto
3756 2497 3913 2552 cubitis

2297 2590 2395 2650 tui,
2422 2605 2483 2644 tte
2510 2587 2839 2644 tnaledixeris
2880 2589 3030 2641 diviti
3050 2604 3068 2641 :
3094 2587 3258 2660 479
3282 2589 3408 2658 quia
3441 2587 3456 2637 ἰ
3492 2588 3606 2644 auis
3640 2591 3758 2643 cali
3788 2593 3913 2657 aufe-

2297 2691 2377 2738 ret
2407 2697 2598 2743 uocent,
2631 2689 2678 2732 et
2725 2678 2917 2736 habent
2957 2697 3176 2748 pennas,
3209 2679 3546 2736 annuntiabit
3596 2680 3828 2736 uerbum.
3858 2679 3912 2736 Et

2297 2775 2528 2844 simplex
2564 2784 2894 2843 praeceptum
2926 2773 3161 2832 addicat
3186 2773 3510 2828 audit-etes:
3543 2788 3619 2828 ne
3653 2775 3738 2829 ira
3767 2785 3820 2829 et
3847 2773 3914 2827 fu-

2297 2884 2426 2924 rore
2451 2868 2714 2938 superati,
2753 2869 2804 2922 iu
2847 2866 3202 2923 maledictum
3229 2876 3280 2922 et
3313 2865 3366 2922 in
3399 2865 3819 2923 detractionem
3839 2882 3913 2921 re-

2296 2981 2424 3033 gum
2453 2974 2506 3019 et
2535 2964 2844 3032 principum
2883 2977 3305 3030 prorumpamus
3345 2978 3356 3012 :
3391 2960 3520 3030 quia
3547 2972 3754 3016 contra
3780 2975 3911 3032 spem

2298 3053 2576 3110 interdum
2624 3053 2842 3116 evenit,
2889 3062 2946 3106 ut
2979 3053 3060 3106 Itis
3088 3051 3288 3120 quibus
3321 3050 3749 3118 malediximus,
3799 3068 3913 3107 nun-

596 3149 801 3204 tiouem
833 3159 1090 3204 manuum
1121 3151 1434 3210 δεεερεπειιε
1464 3141 1558 3196 80d
1589 3151 1642 3196 el
1670 3139 1726 3194 in
1754 3153 1819 3193 00
1847 3152 1906 3192 δε
1956 3139 2192 3192 ωειίηιίι·
2225 3138 2270 3202 C
2304 3149 2488 3212 tietur,
2523 3158 2577 3206 et
2607 3148 2950 3204 inconuiuus
2983 3145 3289 3214 periculurn
3333 3143 3807 3205 inunoderatione
3829 3146 3912 3199 lin-

591 3248 720 3296 rent
764 3239 1112 3308 presbyteros
1141 3243 1196 3291 et
1241 3235 1549 3304 episcopos,
1590 3245 1646 3290 ut
1677 3231 1931 3286 salutaria
1982 3231 2194 3300 accipe-

594 3342 719 3390 rent
749 3341 795 3397 θ,
817 3339 873 3386 et
899 3329 974 3388 uti
1009 3335 1374 3399 praeceptores
1403 3325 1663 3381 honorem
1688 3324 1958 3393 duplicem
1981 3338 2196 3392 quame-

594 3436 739 3492 reut,
774 3427 865 3494 qui
894 3423 1269 3482 laborantibus
1303 3422 1354 3476 in
1387 3419 1635 3476 doctrina
1666 3429 1721 3476 et
1743 3433 1997 3476 sermone
2029 3419 2191 3478 debe-

594 3531 684 3581 tur
712 3521 755 3593 (ι
779 3519 910 3576 Tim.
945 3535 1017 3584 tv,
1052 3517 1164 3588 li);
1200 3531 1344 3571 nunc
1383 3517 1692 3578 econtrario
1723 3525 1943 3571 accusat
1970 3531 2066 3571 eos
2105 3515 2197 3586 qui

591 3617 890 3686 loquuntur
915 3612 1138 3684 quidem
1162 3612 1214 3666 iu
1235 3609 1501 3669 Ecclesia.
1519 3618 1573 3664 et
1599 3609 2061 3679 docentpopulos,
2101 3609 2197 3664 sed

588 3724 654 3766 ea
685 3709 883 3774 docent
929 3721 1050 3778 qua:
1097 3704 1352 3775 pupulum
1381 3702 1573 3759 audire
1606 3703 1865 3771 delectet,
1898 3703 2042 3774 quod
2076 3718 2199 3772 pec-

589 3811 807 3860 catores
835 3800 1016 3872 palpet.
1055 3799 1112 3853 in
1142 3797 1294 3864 vitio,
1329 3806 1383 3854 et
1409 3797 1666 3868 strepitus
1698 3797 2194 3854 concitetaudieu-

588 3897 746 3952 tium.
771 3893 961 3952 Nonne
989 3891 1204 3962 quando
1228 3891 1282 3946 in
1311 3890 1551 3946 Ecclesia
1580 3891 1791 3948 lascivit
1825 3889 1843 3928 ί
1875 3893 2052 3946 oratio
2087 3891 2194 3964 [ΑΙ.

588 3987 819 4059 orator],
851 3997 902 4043 et
925 3985 1346 4050 beatitudinem,
1373 3995 1426 4040 et
1459 4000 1626 4054 regna
1653 3985 1918 4046 caelorum
1945 3987 2194 4048 multitu:

588 4084 702 4141 diui
737 4083 1050 4154 pollicetur,
1086 4079 1302 4138 videtur
1330 4079 1425 4136 tibi
1466 4080 1520 4136 in
1549 4081 1657 4134 risu
1687 4096 1887 4150 panem
1912 4081 2114 4147 facere,
2145 4092 2201 4137 et

587 4177 774 4231 vinum
822 4175 890 4230 ad
922 4175 1166 4230 laetitiam
1195 4174 1430 4232 miscere
1461 4183 1484 4218 κ
1518 4173 1856 4229 viventium?
1883 4173 2011 4230 Sive
2051 4175 2196 4245 quod

589 4269 694 4340 ipsi
721 4269 811 4339 qui
837 4268 1056 4332 docent,
1089 4266 1328 4331 divitias,
1354 4275 1410 4322 et
1437 4266 1614 4334 cibos,
1648 4275 1703 4322 et
1732 4281 1864 4337 opes
1895 4282 1993 4338 per
2015 4267 2196 4324 delec-

664 4481 691 4510 α
732 4471 974 4526 Priorem
993 4470 1139 4526 hunc
1167 4485 1232 4526 ex
1260 4468 1398 4524 Isaia
1423 4471 1603 4524 locum
1625 4468 1843 4523 codices
1874 4467 2046 4521 nostri
2072 4482 2190 4522 om-

590 4561 691 4600 nes
726 4542 1166 4611 prretermittunt.
1203 4539 1474 4596 Victorius
1524 4539 1697 4604 addit,
1733 4541 1865 4594 bona
1900 4538 2189 4594 manduca-

591 4615 904 4740 bustbnlat.
930 4682 1017 4736 ubi
1044 4682 1291 4754 regimen.
1331 4680 1502 4754 Vatic.
1536 4683 1776 4752 tegimen.

663 4772 686 4802 ο
721 4757 790 4811 In
829 4756 940 4810 risu
969 4752 1168 4825 faciunt
1215 4752 1414 4825 panem
1440 4763 1487 4806 et
1516 4755 1709 4807 vinum.
1755 4755 1826 4806 Ita
1860 4752 2046 4823 legunt
2071 4768 2192 4808 om-

588 4847 688 4887 nes
704 4844 836 4884 mss.
861 4823 1051 4896 sicque
1077 4825 1363 4894 legendum
1387 4823 1588 4879 docent
1605 4827 1998 4896 consequentia
2024 4825 2187 4879 verba

580 4903 640 4957 in
673 4894 1078 4956 Commentario
1108 4897 1267 4964 hujus
1296 4895 1551 4966 capituli;
1581 4895 1826 4964 quamvis
1857 4911 1921 4950 ex
1954 4894 2186 4949 Hebraeo

581 4982 773 5044 postea
801 4971 1165 5044 Hieronymus
1181 4969 1577 5037 interpretatus.
1596 4969 1686 5034 sit,
1710 4967 1766 5021 in
1787 4968 1952 5022 risum
1983 4967 2178 5034 {ociunt

580 5041 788 5116 ponent,
816 5051 920 5116 etc.
937 5041 1203 5116 Mttn'mn.

654 5113 679 5154 ἀ
722 5115 972 5170 Μέιτιίειη.
1018 5111 1243 5182 perplui,
1283 5110 1416 5162 satis
1461 5109 1621 5182 male,
1679 5109 1987 5182 nostrisque
2037 5125 2169 5164 mss.

579 5197 746 5254 atque
766 5195 922 5240 antea
943 5179 1279 5254 editirsrlibris
1299 5179 1822 5254 contradicentibus.
1848 5181 2042 5236 Ferme
2061 5182 2172 5237 ele-

580 5250 801 5331 gantius
825 5257 1026 5331 legarat.
1054 5250 1613 5331 Aletrinusperﬂruere.

655 5361 721 5370 οσ-
758 5326 828 5381 Ει
853 5321 1004 5396 tigna.
1027 5323 1248 5395 perplni.
1287 5322 1431 5396 Ms_s._
1455 5321 1836 5396 Corbeienses,
1874 5333 1922 5378 et
1951 5325 2169 5396 tegmina

575 5401 807 5472 perplui.
842 5393 1054 5472 Erasut.
1089 5398 1232 5472 tigna
1248 5393 1758 5472 petiﬂuiLMAltTlAN.

655 5464 680 5510 (ί
724 5471 793 5527 Ui
821 5468 1084 5523 salutaria.
1103 5467 1412 5536 acciperent.
1440 5464 1566 5518 Tria
1589 5467 1922 5535 (exemplaria
1950 5481 2080 5520 mss.
2114 5476 2168 5518 ut

578 5545 784 5598 salaria.
815 5541 1127 5608 acciperent.
1165 5537 1500 5594 Sorltnuicus
1527 5539 1704 5591 codex.
1727 5579 1741 5601 ,
1776 5546 1833 5590 ut
1861 5537 2170 5590 salutatoria

578 5616 894 5679 acciperent.
931 5610 1078 5665 lutet:
1110 5609 1204 5668 has
1233 5611 1504 5662 variantes
1544 5608 1840 5669 lectiones,
1888 5611 2178 5676 antiquam.

579 5682 849 5737 librorum
881 5682 1172 5736 editorum.
1191 5679 1549 5742 eutinuimus,
1580 5681 1727 5733 sicut
1751 5681 1914 5732 etiam
1941 5693 2174 5749 sequen-

579 5757 715 5816 tem,
738 5759 787 5804 et
818 5753 891 5805 uti
922 5761 1284 5820 praeceptores,
1317 5749 1630 5820 proquam
1650 5749 1688 5805 ὅ
1713 5763 1842 5806 mss.
1881 5749 2100 5820 legitur,
2126 5764 2173 5806 et

2222 4476 2275 4537 1)
2299 4468 2426 4576 ntufti

2299 3255 2439 3310 gttzn.
2473 3237 2626 3306 Quod
2651 3248 2830 3294 autem
2860 3237 2970 3292 ait:
3003 3237 3123 3290 Avis
3154 3236 3267 3292 creti
3295 3239 3498 3303 auferet
3534 3251 3741 3300 vocem,
3773 3247 3819 3289 et
3839 3238 3914 3288 lur-

2300 3331 2421 3385 benr
2467 3347 2660 3399 pennas
2703 3328 3028 3390 attrwtttiabit
3060 3329 3294 3392 uerbum,
3327 3325 3702 3396 hyperbolice
3733 3327 3913 3382 intelli-

2299 3423 2562 3494 gendum,
2592 3421 2866 3492 quomodo
2911 3420 3152 3476 solemus
3186 3420 3391 3484 dicere,
3440 3418 3614 3474 etiam
3651 3421 3810 3488 ipsos
3839 3433 3912 3489 pa-

2303 3515 2490 3581 rietes,
2521 3515 2716 3584 quibus
2743 3514 2978 3570 consciis
3020 3511 3315 3583 loquimur,
3341 3525 3464 3581 quae
3499 3509 3794 3570 audierint
3819 3525 3906 3564 non
3963 3509 3965 3574 l

2303 3609 2598 3664 celaturus.
2632 3608 2736 3663 Sed
2773 3607 2970 3664 melius
3001 3614 3088 3662 est
3115 3608 3194 3662 sic
3239 3605 3432 3660 audire
3463 3617 3835 3676 prcheptum.
3863 3615 3909 3659 ut

2303 3702 2538 3768 sciamus
2579 3701 2736 3757 nobis
2779 3716 2903 3756 esse
2944 3699 3282 3762 mandatum,
3336 3715 3444 3754 non
3495 3698 3685 3756 solun)
3739 3706 3906 3756 contra

2304 3794 2582 3854 Christum
2627 3803 2834 3850 temere
2864 3793 2997 3848 nihil
3031 3791 3384 3863 loquendum,
3418 3807 3614 3848 verum
3670 3795 3834 3850 etiam
3864 3793 3905 3844 in

2305 3890 2519 3946 arcanis
2549 3888 2750 3956 cordis,
2780 3886 3032 3959 quamvis
3055 3887 3224 3942 variis
3255 3885 3709 3948 tribulationibus
3735 3903 3907 3942 coarc-

2307 3992 2508 4044 temur,
2545 3982 2677 4037 nihil
2697 3981 3097 4052 blaspbcmum,
3122 3980 3256 4036 nihil
3281 3980 3508 4049 impium
3532 3981 3901 4036 sentiendum.

2305 4075 2372 4136 Et
2393 4077 2518 4144 quia
2547 4075 2900 4130 dilecrionem
2930 4091 3090 4144 quam
3120 4074 3336 4129 Christo
3364 4074 3715 4138 exhibemus,
3751 4076 3904 4130 debe-

2300 4188 2422 4228 mus
2443 4182 2498 4228 et
2522 4172 2771 4243 proximo
2796 4170 3026 4243 :Diliges
3039 4172 3227 4242 quippe
3252 4169 3714 4226 DontinumDeunt
3734 4182 3899 4230 tuum,

2296 4267 2390 4324 sed
2418 4277 2463 4322 et
2494 4266 2786 4338 proximum
2813 4276 2956 4322 tuum
2997 4275 3261 4334 tamquam
3292 4264 3539 4334 teipsunt,
3567 4262 3724 4318 etiam
3749 4277 3904 4316 nunc

2484 4479 2805 4538 rwceptoret.
2833 4467 3100 4522 Maurum.

2461 4558 2491 4594 n
2527 4540 2759 4595 Ecclesia
2788 4540 2988 4593 lascivit
3030 4539 3235 4594 Oratio.
3274 4538 3426 4595 Editi
3457 4539 3657 4594 lascivit
3687 4552 3896 4594 orator:

2295 4610 2391 4665 sed
2425 4613 2630 4666 nullttm
2653 4613 2763 4665 vidi
2799 4609 3045 4667 codicem
3077 4627 3180 4666 ms.
3214 4611 3307 4681 qui
3344 4627 3454 4665 non
3491 4613 3663 4682 legal,
3701 4613 3898 4666 lascirit

2294 4684 2478 4736 oratio.
2538 4683 2808 4737 MARTIAN.

2365 4763 2390 4800 8
2422 4754 2498 4809 Ita
2527 4755 2748 4824 quidem
2774 4755 2900 4808 editi
2934 4756 3136 4819 pariter
3159 4769 3223 4809 ac
3249 4768 3382 4807 mss.
3411 4755 3533 4809 libri
3561 4753 3792 4810 habent.
3822 4757 3898 4810 Ni-

2292 4821 2585 4881 ltilosecitis
2613 4826 2792 4878 malim
2824 4826 3101 4880 bibentium
3145 4826 3272 4897 legi,
3311 4826 3457 4894 quod
3483 4827 3646 4896 paulo
3681 4829 3896 4884 inferius

2290 4909 2421 4950 mss.
2452 4911 2555 4963 Ope
2576 4911 2784 4952 assero.

2361 4964 2390 5002 ιι
2431 4967 2633 5024 Victor.
2667 4983 2788 5022 cum
2813 4965 3028 5040 Vulgat.
3059 4970 3176 5040 igne
3210 4969 3588 5034 examinatum,
3622 4972 3892 5041 probatum

2286 5043 2457 5106 [ει-ναν,
2486 5051 2593 5095 etc.
3179 5041 3191 5048 '

2366 5109 2382 5146 ί
2429 5111 2696 5165 Emendat
2735 5112 2908 5166 Vatia.
2942 5111 3242 5169 bibentium,
3286 5111 3437 5181 quod
3455 5121 3510 5166 et
3540 5111 3788 5169 Palatio.

2283 5183 2457 5234 eundo
2493 5198 2653 5237 manu
2684 5185 2909 5249 astruit;
2947 5198 3104 5238 :ttttett
3137 5185 3438 5252 iucongruo
3479 5199 3655 5239 sensu
3685 5198 3812 5242 erat
3834 5189 3894 5241 ri-

2280 5262 2393 5306 vent
2401 5255 2526 5308 iam.

2357 5325 2371 5375 i
2423 5326 2649 5380 Palat-iu.
2691 5327 2853 5391 alter,
2884 5329 3005 5397 quia
3036 5327 3262 5378 volucres
3287 5325 3527 5394 auferent
3558 5342 3743 5384 uocem
3770 5348 3789 5383 :
3819 5347 3896 5384 re-

2275 5407 2418 5452 tcres
2444 5399 2594 5460 editi,
2620 5398 2848 5452 volucres
2870 5399 2985 5462 cwli
3007 5399 3440 5469 portabuuttetc.

2347 5499 2416 5509 —-
2432 5469 2567 5534 Quia
2589 5471 2694 5523 avis
2719 5471 2831 5524 caeli
2849 5467 3049 5538 auferet
3074 5485 3266 5522 vocem.
3289 5467 3603 5524 Genuinam
3619 5470 3775 5528 hanc
3793 5475 3893 5527 loc-

2276 5541 2483 5595 tionem
2525 5544 2764 5596 retincnt
2803 5541 3048 5594 uonuulii
3095 5540 3454 5610 manuscripti
3495 5559 3511 5606 ;
3544 5541 3600 5595 in
3631 5545 3767 5599 aliis
3795 5563 3892 5600 non

2276 5610 2419 5739 igne
2461 5613 2682 5681 legitur,
2716 5613 2949 5666 volucres
2995 5611 3106 5665 coeli
3154 5610 3434 5681 portabunt
3488 5629 3692 5669 vocem.

2335 5699 2554 5739 ARTIAN.

2335 5699 2554 5739 ARTIAN.
