3998 6322
473 237 616 297 alios
1719 233 1776 290 S.
1818 228 2096 291 EUSEBII
2136 228 2525 290 HIERONYMI
3676 236 3853 294 Ito;

466 360 661 423 postea
688 350 1052 405 deducantur.
1084 345 1282 415 Aquilo
1309 344 1472 417 igitur
1502 345 1571 400 ad
1615 354 1859 401 austrum
1907 346 2075 402 addu-
2102 352 2159 413 Α
2182 356 2472 420 utrumque
2498 350 2710 419 placeat
2739 348 2868 405 Deo.
2901 349 3111 406 Aliter:
3139 349 3203 406 Et
3235 350 3289 406 in
3319 351 3755 418 adolescentia,
3791 360 3852 407 et

472 448 569 512 cit,
619 453 674 499 et
716 442 931 497 Africus
968 440 1034 494 ad
1081 442 1347 494 orientem
1398 439 1739 496 habitatores
1784 455 1932 496 suos.
1967 439 2077 495 Nec
2179 439 2233 495 in
2262 450 2503 510 senecta,
2528 457 2713 514 :equus
2740 443 2836 498 tibi
2864 443 3015 500 labor
3044 444 3133 499 sit.
3175 443 3285 500 Nec
3311 446 3461 501 dicas
3496 464 3510 499 :
3543 446 3695 501 dum
3740 462 3853 517 po-

468 540 615 593 enim
644 545 872 607 possunt
903 534 1188 605 proﬁcere,
1221 534 1265 589 si
1298 534 1349 588 in
1374 534 1620 604 pristinis
1643 534 1866 591 sedibus
1894 549 2081 605 perse-
2180 533 2277 599 tui,
2309 534 2547 590 laboravi
2574 552 2587 589 :
2618 534 2791 591 debeo
2822 536 2877 591 in
2906 547 3184 593 senectute
3214 539 3578 609 requiescere.
3611 538 3850 595 Nescis

469 638 684 687 verent.
2181 628 2326 683 enim
2348 638 2525 684 utrum
2548 629 2600 683 in
2621 629 2923 698 juvcntute,
2954 645 3021 685 an
3046 631 3097 685 in
3123 639 3282 686 aetate
3311 632 3555 702 longaava
3582 634 3849 701 placeas

546 724 651 792 Qui
680 723 909 778 observat
945 732 1179 789 ventum,
1220 738 1324 777 non
1346 722 1655 787 seminabit;
1698 734 1743 777 et
1777 724 1865 794 qui
1897 724 2081 793 aspicit
2183 722 2314 778 Deo.
2343 722 2453 777 Nec
2483 722 2702 793 prodest
2734 722 3114 779 adolescentiae
3143 724 3454 795 frugalitas,
3488 725 3537 780 si
3577 735 3847 782 senecta

466 821 648 886 nubes,
679 835 780 874 non
800 827 969 875 metet.
989 818 1089 886 Qui
1115 818 1424 873 considerat
1444 820 1528 873 cui
1552 819 1950 885 benefaciat,et
1973 833 2078 873 non
2184 814 2412 869 ducatur
2442 816 2495 869 in
2527 815 2679 870 luxu.
2711 816 2768 870 In
2792 832 3132 889 quacumque
3155 819 3298 873 enim
3326 818 3415 874 die
3437 820 3620 889 justus
3652 836 3848 876 erra-

466 915 619 970 omni
644 912 849 983 petenti
872 925 931 965 se
954 910 1159 975 tribuit,
1190 926 1335 981 saepe
1366 912 1607 981 praeterit
1634 926 1759 966 eum
1788 911 1876 982 qui
1904 926 2081 966 mere-
2181 908 2344 976 verit,
2370 917 2582 964 veteres
2611 925 2735 965 eum
2756 909 2984 980 justiti-se
3003 925 3033 964 a
3057 922 3230 967 morte
3256 911 3489 968 liberare
3511 929 3621 969 non
3651 925 3847 984 pote-

466 1017 559 1063 tur
601 1005 847 1076 accipere
892 1003 1046 1075 (Luc.
1083 1019 1161 1069 vi,
1193 1002 1308 1075 30).
1355 1004 1529 1060 Aliter
1575 1022 1589 1058 :
1631 1005 1732 1071 Qui
1777 1014 1981 1059 tantum
2017 1018 2083 1059 eo
2184 1014 2330 1059 runt.
2362 1003 2515 1072 Quod
2544 1004 2591 1058 si
2616 1004 2765 1074 juxta
2799 1014 3081 1075 utramque
3111 1004 3615 1076 interpretationem
3647 1023 3840 1064 sem-

466 1110 715 1171 tempore
742 1098 836 1153 Dei
859 1097 1080 1153 verbum
1106 1099 1395 1167 prmdicat,
1424 1096 1587 1171 482
1626 1112 1733 1168 quo
1761 1096 1993 1167 p0pulus
2021 1096 2085 1150 Ii—
2186 1114 2282 1167 per
2334 1098 2702 1165 benefeceris,
2749 1108 2805 1154 et
2852 1100 2999 1153 omni
3051 1109 3212 1154 aetate
3262 1099 3527 1170 aequalem
3574 1116 3838 1156 cursum

461 1193 658 1249 benter
691 1190 992 1255 auscultat,
1034 1199 1087 1244 et
1127 1191 1363 1245 secunda
1403 1194 1606 1260 aspirat
1652 1205 1784 1243 aura
1824 1191 2081 1253 rumoris,
2185 1192 2461 1259 habueris,
2493 1193 2699 1249 videbis
2728 1194 2891 1248 Deum
2920 1194 3158 1260 Patrem,
3185 1193 3559 1249 dulcissimam
3584 1196 3832 1259 lucem;

461 1295 615 1340 sator
647 1283 920 1354 negligens
945 1292 1000 1339 et
1032 1285 1254 1353 ignavus
1289 1283 1523 1354 agricola
1550 1292 1649 1337 est.
1691 1282 1747 1335 In
1782 1282 1913 1351 ipsis
1937 1282 2081 1337 enim
2183 1287 2395 1342 videbis
2422 1286 2694 1343 Christum
2717 1327 2731 1352 ,
2760 1288 2929 1342 solem
2954 1289 3198 1357 justitire.
3250 1289 3423 1344 Porro
3445 1289 3490 1344 si
3522 1300 3577 1345 et
3609 1291 3839 1346 multis

466 1380 778 1452 prosperis,
809 1380 937 1435 dum
970 1379 1273 1444 nesvimus,
1306 1378 1532 1433 adversa
1573 1385 1927 1447 consurgunt.
1975 1376 2082 1432 Sed
2184 1381 2340 1435 annis
2363 1380 2584 1447 vixeris,
2607 1390 2662 1436 et
2683 1382 2863 1435 omnia
2885 1382 3025 1436 bona
3052 1381 3326 1455 habueris,
3351 1383 3437 1438 vel
3462 1382 3600 1439 bona
3626 1398 3835 1454 opera

460 1486 768 1549 opportune
788 1518 803 1541 ,
830 1476 1139 1544 importune
1163 1515 1178 1540 ,
1211 1487 1311 1529 suo
1340 1482 1366 1510 ἰ
1398 1482 1589 1528 tenore
1613 1514 1627 1537 ,
1664 1472 1759 1528 Dei
1792 1487 1970 1527 sermo
2000 1482 2083 1527 est
2186 1473 2540 1543 perpeti-aris,
2570 1482 2624 1528 et
2648 1475 2834 1528 scieris
2868 1483 2919 1528 te
2950 1488 3165 1543 semper
3192 1489 3316 1529 esse
3348 1477 3673 1529 moriturum
3701 1514 3725 1541 ,
3769 1483 3837 1530 et

459 1571 843 1643 prmdicandus
874 1570 941 1641 (ll
972 1567 1109 1622 Tim.
1144 1584 1216 1635 iv,
1240 1568 1297 1638 2)
1345 1586 1357 1622 :
1394 1583 1493 1623 nec
1528 1567 1655 1622 ﬁdei
1701 1576 1947 1637 tempore
1989 1565 2083 1621 ad-
2185 1577 2309 1622 ante
2335 1568 2520 1637 oculos
2546 1576 2665 1624 tuos
2696 1569 3043 1623 tenebrarum
3074 1584 3290 1639 semper
3317 1580 3563 1625 versetur
3590 1570 3835 1625 adven-

460 1667 832 1723 versariarum
862 1663 1081 1718 nubium
1113 1662 1507 1717 consideranda
1542 1668 1849 1729 tempestas.
1877 1660 1953 1715 De
1979 1674 2081 1729 qua
2186 1669 2271 1715 tus
2308 1679 2319 1713 :
2365 1662 2647 1730 praesentia
2692 1661 2845 1731 quasi
2874 1662 3054 1727 ﬂuxa,
3097 1661 3305 1733 fragilia
3341 1673 3395 1718 et
3429 1663 3633 1719 caduca
3660 1680 3835 1721 con-

462 1758 521 1813 in
551 1757 863 1814 Proverbiis
893 1755 1090 1811 dicitur
1127 1772 1141 1809 :
1185 1755 1333 1809 Sicut
1369 1752 1542 1823 pluvia
1575 1752 1842 1807 vehemens
1882 1762 1929 1807 et
1963 1754 2081 1806 inu-
2108 1752 2157 1812 B
2187 1762 2412 1809 temnes.
2452 1754 2808 1825 Symmachus
2838 1755 2995 1812 linem
3026 1756 3185 1826 hujus
3212 1757 3488 1812 sententia:
3516 1759 3585 1812 ita
3616 1759 3837 1816 inter-

462 1852 573 1905 tilis
605 1868 624 1905 :
664 1855 740 1905 sic
776 1852 861 1921 qui
913 1848 1279 1918 derelinquunt
1315 1848 1640 1917 sapientiam,
1681 1856 1727 1899 et
1767 1846 2081 1914 impietatem

464 1942 682 1998 laudant
710 1940 898 2009 (Prov.
934 1955 1125 2005 xxvm,
1154 1941 1187 1993 5
1216 1948 1265 1991 et
1294 1938 1372 2008 4).
1411 1938 1627 2008 Absque
1647 1936 2079 1992 consideratione

459 2049 595 2104 ergo
623 2033 843 2088 nubium
879 2042 934 2087 et
975 2033 1169 2086 timore
1203 2041 1529 2095 ventorum,
1561 2030 1611 2084 in
1656 2030 1849 2085 mediis
1876 2039 2075 2099 tempe-

457 2128 692 2185 statibus
715 2124 1094 2181 seminandum
1124 2134 1227 2180 est.
1259 2124 1369 2180 Nec
1401 2123 1688 2180 dicendum
1726 2142 1737 2178 :
1774 2124 1903 2179 illud
1938 2133 2077 2179 tem-

454 2236 559 2293 pus
581 2220 951 2285 commodum,
980 2219 1081 2274 hoe
1109 2219 1318 2287 inutile,
1346 2234 1467 2273 cum
1492 2220 1800 2288 ignoremus
1824 2234 1943 2288 qua:
1967 2218 2071 2285 via,

455 2325 512 2372 et
540 2333 661 2386 qua:
692 2320 937 2371 voluntas
962 2314 1033 2368 sit
1053 2316 1274 2383 spiritus
1307 2313 1557 2367 universa
1589 2312 1977 2383 dispensantis.

537 2410 812 2476 Quomodo
854 2424 956 2461 non
987 2408 1251 2479 cognoscis
1284 2416 1338 2461 tu
1364 2422 1478 2473 qua:
1514 2406 1581 2460 sit
1618 2407 1700 2460 via
1742 2407 1952 2476 spiritus
1975 2447 1989 2471 ,
2029 2415 2076 2459 et

452 2507 584 2561 sicut
614 2522 732 2560 ossa
764 2506 819 2558 in
856 2513 1001 2559 utero
1038 2504 1355 2575 prtegnantis
1397 2519 1415 2556 :
1448 2504 1524 2557 sic
1563 2502 1725 2557 nescis
1763 2518 1921 2570 Opera
1951 2500 2069 2569 Dei,

454 2602 548 2672 qui
578 2601 699 2672 facit
729 2599 923 2653 omnia.
973 2596 1128 2652 Sicut
1166 2595 1341 2651 nescis
1371 2594 1512 2649 viam
1543 2594 1766 2664 spiritus
1793 2603 1848 2649 et
1880 2593 2073 2648 animae

452 2693 815 2765 ingredientis
840 2692 895 2745 in
930 2689 1215 2761 parvulum
1237 2731 1250 2754 ,
1283 2696 1339 2743 et
1366 2688 1582 2759 ignoras
1611 2686 1811 2741 ossium
1834 2694 1890 2742 et
1910 2687 2073 2740 vena—

450 2804 574 2844 rum
620 2790 915 2843 varietates
964 2787 1017 2841 in
1066 2794 1252 2842 ventre
1292 2786 1659 2855 praegnantis:
1691 2783 1964 2854 quomodo
2002 2798 2069 2839 ex

451 2882 549 2936 vili
581 2881 855 2935 elemento
883 2894 1081 2950 corpus
1121 2879 1355 2934 hominis
1384 2878 1435 2931 in
1466 2878 1709 2931 diversas
1744 2876 1946 2945 etligies
1978 2890 2068 2929 ar-

456 2982 656 3042 tusque
687 2970 948 3037 var'ietur,
974 2978 1031 3026 et
1058 2970 1125 3025 de
1148 2970 1337 3025 eodem
1362 2968 1589 3035 semine,
1612 2966 1759 3022 aliud
1788 2966 2071 3021 mollescat

453 3062 509 3118 in
536 3064 788 3119 carnibus
808 3104 826 3131 ,
859 3063 1004 3117 aliud
1031 3061 1283 3118 durescat
1312 3061 1364 3115 in
1393 3061 1625 3125 ossibus,
1658 3059 1804 3115 aliud
1835 3060 1885 3114 in
1916 3059 2069 3115 venis

2184 1855 2424 1919 pretatus
2455 1857 2541 1903 est
2566 1866 2579 1902 :
2606 1848 2669 1904 Si
2694 1850 2846 1903 annis
2874 1850 3049 1905 multis
3070 1851 3252 1905 vixerit
3275 1850 3443 1915 homo,
3469 1852 3591 1905 etin
3616 1854 3838 1907 enini-

2182 1943 2275 1997 bus
2314 1943 2396 1998 Itis
2435 1942 2462 1979 ἀ
2504 1943 2703 1998 lcetatus
2741 1944 2920 2014 fuerit,
2962 1946 3227 2000 recordari
3265 1945 3407 1999 debet
3444 1956 3489 1999 et
3526 1947 3634 2000 dies
3673 1946 3829 2019 [AL

2181 2036 2401 2109 dierum]
2450 2037 2774 2093 tenebrarum
2807 2055 2824 2091 :
2851 2039 2973 2106 quia
3006 2040 3184 2094 multa:
3209 2048 3397 2106 erunt,
3436 2050 3486 2094 et
3530 2042 3583 2093 in
3611 2041 3831 2110 quibus

2180 2131 2417 2185 omnibus
2452 2133 2616 2186 veniet
2655 2148 2764 2186 esse
2794 2133 3043 2186 desinere.
3090 2133 3266 2188 Aliter
3299 2149 3313 2185 :
3346 2132 3707 2202 Repromittit
3755 2135 3819 2189 in

2179 2226 2283 2281 alio
2311 2226 2605 2297 Scriptura:
2634 2227 2773 2292 loco,
2803 2229 2943 2283 Deus
2971 2228 3156 2283 dicens
3187 2246 3199 2281 :
3236 2227 3381 2283 Dabo
3403 2229 3545 2283 vobis
3567 2230 3818 2299 plut-iam

2178 2329 2558 2392 temporaneam
2583 2331 2629 2374 et
2651 2322 2929 2374 serotinum
2964 2319 3146 2391 (Deut.
3173 2336 3247 2386 xt,
3276 2322 3390 2390 M),
3412 2332 3569 2376 vetus
3591 2323 3818 2378 scilicet

2178 2413 2580 2469 Testamentum
2605 2455 2617 2479 ,
2653 2421 2706 2467 et
2737 2428 2932 2467 novum
2956 2454 2970 2478 ,
3003 2422 3057 2467 et
3090 2423 3319 2483 utroque
3343 2428 3441 2469 vos
3470 2414 3645 2469 imbre
3672 2415 3817 2470 irri-

2174 2506 2335 2576 gabo.
2368 2506 2521 2563 Unde
2546 2516 2602 2562 et
2632 2521 2774 2561 nunc
2797 2507 3184 2573 admonemur,
3216 2514 3275 2560 ut
3300 2507 3381 2561 sic
3413 2508 3657 2576 legamus
3690 2508 3813 2565 Le-

2173 2613 2292 2669 gem
2316 2609 2579 2665 veterem,
2604 2615 2672 2655 ne
2696 2600 3046 2670 Evangelium
3070 2607 3484 2656 contemnamus
3511 2620 3524 2655 :
3546 2602 3626 2657 sic
3644 2617 3813 2672 qua:-

2176 2707 2357 2747 ramus
2387 2692 2725 2761 Spiritualem
2768 2693 2822 2747 in
2854 2692 3025 2747 veteri
3067 2692 3434 2748 instrumento
3476 2692 3804 2764 intelliget]-

2175 2783 2325 2850 tiam,
2353 2798 2421 2838 ne
2450 2785 2501 2837 in
2530 2784 2909 2854 Evangelistis.
2944 2793 2999 2838 et
3020 2783 3295 2853 Apostolis
3324 2785 3430 2841 hoc
3456 2795 3666 2841 tantum
3692 2802 3806 2858 pu-

2176 2883 2352 2930 temus
2382 2890 2579 2930 sonare
2608 2877 2748 2945 quod
2779 2876 2995 2947 legitur.
3021 2877 3277 2948 lgnorare
3299 2878 3441 2933 enim
3470 2895 3571 2935 nos
3600 2881 3651 2933 in
3681 2896 3802 2949 quo

2172 2969 2346 3038 magis
2363 2969 2588 3024 scientia
2612 2969 2767 3024 nobis
2787 2984 2817 3023 a
2844 2969 2953 3024 Deo
2972 2969 3241 3025 tribuatur
3260 2979 3314 3026 et
3334 2972 3527 3041 gratia,
3545 2971 3805 3028 felicem-

2171 3076 2277 3132 que
2302 3076 2424 3116 eum
2453 3076 2574 3117 esse
2593 3103 2607 3127 ,
2640 3062 2733 3132 qui
2759 3070 3046 3134 utrumque
3078 3064 3131 3118 in
3158 3079 3444 3119 commune
3469 3067 3796 3133 sociaverit,

449 3157 697 3229 palpitet,
724 3166 780 3213 et
800 3156 947 3211 aliud
972 3158 1165 3223 ligetur
1192 3157 1244 3211 in
1274 3156 1454 3210 nervis
1480 3173 1492 3208 :
1518 3156 1588 3209 ita
1614 3154 1708 3209 Dei
1738 3169 1901 3224 opera
1925 3154 2065 3210 scire
2090 3146 2136 3209 C
2168 3164 2223 3208 et
2251 3153 2406 3224 quasi
2432 3170 2595 3209 unum
2630 3168 2828 3225 corpus
2857 3154 3119 3213 effecerit.
3158 3156 3310 3224 Quod
3336 3158 3427 3226 qui
3459 3158 3618 3212 fuerit
3644 3174 3794 3213 con-

452 3268 564 3309 non
590 3252 813 3323 poteris,
838 3253 927 3321 qui
952 3249 1121 3304 iactor
1142 3260 1224 3305 est
1249 3248 1511 3303 omnium.
1532 3248 1610 3302 Ex
1632 3262 1739 3317 quo
1758 3247 1916 3303 docet
1938 3262 2068 3302 con-

448 3347 619 3402 traria
646 3360 752 3401 non
784 3342 1047 3408 timenda,
1071 3356 1169 3397 nec
1203 3352 1407 3396 temere
1432 3342 1499 3396 de
1525 3342 1701 3396 ventis
1724 3349 1781 3395 et
1808 3340 2062 3409 nubibus,

446 3457 586 3513 quas
616 3455 777 3511 supra
803 3439 1062 3502 diximus,
1088 3434 1437 3506 judicandum
1470 3452 1483 3487 :
1514 3450 1635 3489 cum
1667 3448 1766 3489 suo
1792 3443 1982 3490 tenore
2011 3442 2067 3489 et

447 3550 614 3592 cursu
641 3534 670 3573 δ
710 3534 909 3590 debeat
951 3542 1101 3587 sator
1142 3542 1394 3600 pergere,
1441 3538 1495 3591 et
1538 3538 1795 3584 eventum
1850 3527 2063 3583 Domini

444 3630 733 3689 sententiae
759 3642 1061 3685 reservare.
1097 3624 1221 3679 Non
1251 3625 1389 3678 enim
1420 3623 1634 3678 volentis
1656 3633 1818 3693 neque
1847 3638 2061 3677 curren-

446 3725 537 3792 tis,
561 3724 652 3778 sed
680 3721 780 3775 Dei
811 3719 1101 3774 miserantis
1127 3725 1200 3773 est
1229 3715 1410 3787 (Rom.
1442 3732 1517 3781 ιχ,
1552 3716 1666 3785 16),

518 3815 588 3871 In
622 3815 873 3868 matutino
898 3812 1094 3867 semina
1124 3826 1291 3866 semen
1320 3820 1465 3863 tuum
1486 3852 1500 3876 ,
1525 3819 1571 3863 et
1596 3809 1666 3862 ad
1704 3824 1973 3879 vesperum
2000 3824 2063 3862 ne

448 3910 675 3964 dimittas
701 3924 915 3961 manum
948 3917 1089 3961 tuam
1124 3904 1408 3974 :quoniam
1434 3903 1596 3957 nescis
1628 3912 1650 3940 ο
1681 3902 1806 3972 quid
1840 3902 2059 3974 placeat,

448 4007 547 4062 hoc
577 4004 686 4076 [AL
712 4016 802 4057 aut
828 4001 969 4075 hoc],
995 4018 1062 4054 an
1084 3998 1239 4053 illud.
1273 3997 1384 4052 Etsi
1412 4008 1699 4066 utrumque,
1732 3996 1877 4066 quasi
1904 4011 2062 4050 unum

447 4103 641 4155 bonum
668 4108 765 4152 est.
810 4095 876 4150 Et
905 4095 1055 4148 dulce
1078 4091 1275 4155 lumen,
1307 4099 1355 4143 et
1375 4090 1563 4143 bonum
1588 4088 1748 4142 oculis
1774 4088 1947 4141 videre
1971 4105 2059 4141 so-

448 4192 549 4245 lent
577 4206 596 4244 :
623 4191 745 4260 quia
771 4189 816 4241 si
838 4186 992 4241 annis
1020 4182 1195 4237 multis
1216 4181 1397 4235 vixerit
1429 4181 1600 4247 homo,
1636 4180 1689 4232 in
1717 4180 1952 4233 omnibus
1980 4180 2063 4233 Itis

448 4285 654 4339 (celetur
673 4323 689 4349 ,
722 4290 772 4335 et
811 4278 1094 4334 meminerit
1121 4276 1230 4330 dies
1266 4273 1588 4329 tenebrarum
1615 4314 1630 4340 ,
1660 4275 1781 4342 quia
1818 4274 2060 4343 plurima:

446 4386 620 4432 erunt.
653 4374 817 4428 Omne
845 4372 983 4444 quod
1012 4379 1283 4426 venturum
1312 4378 1409 4435 est,
1438 4368 1657 4421 vanitas.
1683 4364 1759 4420 Ne
1780 4366 1949 4437 eligas
1972 4365 2059 4422 cui

445 4471 589 4526 bene
611 4466 776 4521 facias
802 4483 815 4518 :
843 4465 938 4522 sed
964 4474 1018 4520 et
1045 4479 1167 4519 cum
1191 4461 1547 4527 benel'eceris,
1569 4473 1842 4529 nunquam
1865 4474 1892 4512 a
1914 4460 2058 4515 bono

2169 3256 2407 3317 secutus,
2428 3246 2629 3303 videbit
2650 3248 2849 3313 lucem,
2874 3247 3082 3303 videbit
3100 3247 3408 3313 Christum,
3433 3250 3601 3305 solem
3618 3249 3797 3319 justi-

2170 3340 2279 3394 tim.
2332 3339 2399 3394 Et
2432 3339 2477 3394 si
2514 3339 2669 3395 annis
2699 3339 2943 3410 pluribus
2982 3341 3210 3406 vixerit,
3240 3342 3293 3396 in
3324 3357 3537 3397 summa
3568 3343 3787 3410 laetitia,

2167 3440 2223 3486 ct
2246 3432 2608 3488 delectatione
2635 3432 2963 3501 versabitur,
2992 3433 3197 3488 habens
3223 3434 3503 3489 scientiam
3528 3435 3792 3506 Scriptu-

2166 3538 2351 3578 rarum
2378 3564 2392 3589 ,
2438 3535 2490 3578 et
2534 3524 2707 3595 magis
2740 3536 2763 3563 ο
2795 3525 2863 3580 ad
2913 3524 3057 3581 hunc
3100 3525 3341 3581 laborem
3395 3528 3786 3585 recordatione

2166 3615 2330 3672 futuri
2358 3617 2546 3687 judicii
2575 3618 2929 3688 compelletur
2957 3636 2972 3673 :
3000 3619 3122 3688 quia
3160 3626 3477 3690 perpetuum
3520 3622 3780 3677 tenebra-

2165 3725 2287 3764 rum
2318 3718 2530 3781 tempus
2559 3711 2828 3775 adveniet,
2854 3722 2909 3768 et
2930 3723 3150 3767 aeternae
3182 3728 3354 3782 preme
3384 3716 3780 3785 prmpambun-

2166 3812 2254 3859 tur
2280 3804 2381 3873 eis,
2415 3804 2504 3875 qui
2537 3820 2643 3861 non
2676 3804 3059 3862 seminaverint
3092 3821 3250 3861 mane
3276 3816 3331 3861 et
3359 3806 3425 3861 ad
3462 3823 3772 3877 vesperam,

2165 3904 2220 3951 et
2248 3912 2586 3969 nequaquam
2617 3898 2784 3971 m
2814 3910 3103 3970 utrumque
3137 3898 3483 3955 sociaverant
3513 3918 3527 3955 :
3561 3916 3662 3957 nec
3682 3902 3772 3956 vi-

2164 3989 2361 4045 derunt
2395 3992 2568 4048 lucem
2589 4034 2603 4059 ,
2634 4008 2735 4047 nec
2773 3994 2973 4059 solem,
3014 3992 3157 4049 unde
3187 3993 3362 4065 ipsum
3395 3995 3580 4051 lumen
3609 4012 3772 4067 egre-

2162 4083 2305 4139 ditur
2335 4084 2440 4156 [Αι.
2473 4086 2821 4157 egredietur].

2236 4177 2389 4249 (Cap.
2415 4178 2556 4250 XII.)
2598 4178 2799 4234 Ltetarc
2832 4179 2850 4218 ί
2882 4180 3180 4236 adolescens
3204 4181 3255 4235 in
3276 4181 3541 4251 iuventute
3569 4191 3682 4249 tua,
3716 4194 3771 4239 et

2159 4272 2214 4325 in
2236 4271 2365 4326 bono
2389 4273 2455 4327 sit
2481 4290 2568 4328 cor
2589 4284 2732 4329 tuum
2758 4275 2814 4329 in
2843 4274 3019 4329 diebus
3029 4275 3309 4349 juventsttis
3333 4283 3453 4339 tute,
3479 4284 3528 4329 et
3547 4276 3766 4331 ambula

2159 4369 2215 4423 in
2243 4370 2338 4424 viis
2362 4370 2532 4425 cordis
2565 4370 2674 4435 tui,
2703 4380 2752 4425 et
2780 4372 2834 4425 in
2855 4371 3047 4424 intuitu
3077 4372 3337 4426 oculorum
3363 4377 3567 4423 tuorum
3597 4379 3645 4424 κ.
3692 4370 3764 4425 Et

2158 4465 2286 4519 scito
2315 4466 2430 4529 hoc,
2460 4464 2583 4535 quia
2606 4480 2762 4535 super
2792 4464 3023 4518 omnibus
3067 4464 3149 4519 Itis
3184 4464 3403 4518 adducet
3433 4473 3479 4517 te
3522 4463 3665 4519 Deus
3708 4466 3763 4520 in

443 4578 615 4634 opere
645 4560 894 4615 desistas.
925 4558 1239 4613 Matutinam
1263 4554 1528 4626 justitiam
1560 4567 1752 4623 vesper
1792 4553 2051 4609 inveniat.
2080 4541 2134 4603 D
2150 4554 2438 4627 judicium.
2492 4555 2559 4610 Et
2586 4557 2777 4626 repelle
2802 4556 2933 4609 iram
2963 4568 2997 4610 a
3021 4557 3177 4610 corde
3203 4566 3290 4611 tuo
3310 4598 3324 4622 ,
3358 4566 3404 4610 et
3428 4557 3577 4626 aufer
3608 4560 3762 4613 mali-

444 4656 519 4713 Et
546 4652 788 4725 vesperis
811 4650 915 4723 [Αι.
938 4647 1173 4720 vesperi]
1203 4646 1631 4703 misericordiam
1652 4648 1732 4701 sol
1763 4646 1869 4719 [AL
1898 4644 2049 4717 solis]

443 4760 601 4808 ortus
629 4746 951 4804 accumulet.
976 4744 1242 4798 Incertum
1264 4749 1347 4797 est
1372 4742 1515 4796 enim
1544 4740 1686 4810 quod
1718 4754 1853 4809 opus
1880 4740 2050 4811 magis

443 4847 657 4920 placeat
695 4843 844 4909 Deo,
885 4847 939 4894 et
985 4853 1054 4892 ex
1096 4851 1202 4907 quo
1245 4835 1335 4891 tibi
1382 4835 1589 4890 fructus
1626 4832 1787 4905 483
1820 4832 2048 4904 justitim

440 4945 803 5011 praeparetur.
829 4933 1013 4989 Potest
1031 4940 1212 4986 autem
1242 4928 1508 4996 accidere,
1527 4936 1586 4983 ut
1611 4943 1716 4983 non
1746 4942 1930 4994 unum,
1953 4928 2050 4983 sed

522 5085 547 5111 τι
588 5074 869 5129 Vatic.suo
891 5064 1366 5137 tempore.A|cuin.
1393 5064 1717 5133 Quaprvptcr
1739 5073 2050 5137 opportuno,

443 5147 524 5201 vel
546 5148 843 5216 importuno
871 5132 1098 5216 tempore
1121 5136 1483 5216 praedicamus
1505 5132 1578 5216 es‘t
1602 5132 1767 5216 sermo
1786 5132 1906 5188 Dei.

516 5219 542 5256 ι)
584 5204 777 5272 Verius
799 5204 1044 5266 videatur
1066 5208 1262 5278 legisse
1285 5206 1498 5261 Alcuin.
1532 5204 1709 5260 debeat
1736 5216 1878 5261 sator
1904 5223 2056 5277 spar—

438 5304 577 5361 gere,
602 5298 650 5342 et
669 5293 919 5361 eventum,
943 5290 1051 5334 etc.
1098 5351 1107 5361 ι

521 5372 543 5400 ο
566 5349 817 5415 ῬειΙειιὶιι.
842 5357 998 5417 alter,
1021 5350 1146 5423 quid
1166 5350 1282 5421 plus
1303 5349 1523 5421 placeat.

514 5429 541 5468 ἀ
581 5430 831 5487 Martiali.
873 5419 1229 5495 ltetus'fuer'it,
1269 5419 1456 5477 centra
1499 5432 1627 5475 mss.
1667 5419 2047 5489 editorumque

442 5512 599 5558 antea
627 5503 883 5555 librorum
908 5497 1088 5551 (idem.

513 5582 536 5611 ⁸
578 5572 811 5628 Palatin.
852 5578 899 5623 et
919 5569 1084 5639 magis
1103 5564 1263 5619 addat
1286 5562 1353 5616 ad
1373 5562 1507 5615 hunc
1529 5560 1773 5623 laborem,
1798 5561 2039 5615 recorda-

437 5650 776 5766 l'oi'einéiilrcé
815 5711 1140 5771 adolescens,
1172 5714 1279 5763 etc.
1313 5704 1369 5757 In
1416 5700 1801 5773 antiquissimo
1843 5702 2036 5761 codice

441 5798 543 5837 ms.
579 5781 900 5835 Corbeiensi
941 5779 1237 5848 capitulum
1268 5773 1414 5831 istud
1457 5782 1773 5828 numeratur
1804 5787 2037 5843 xxxviii;

2153 4650 2279 4702 tiam
2310 4666 2342 4702 a
2377 4665 2527 4703 carne
2552 4658 2645 4704 tua
2677 4666 2696 4703 :
2726 4650 2847 4717 quia
2869 4648 3213 4703 adolescentia
3247 4659 3295 4703 et
3320 4650 3537 4704 stultitia
3563 4652 3759 4707 vanitas

2149 4752 2245 4797 est.
2277 4741 2345 4796 Et
2371 4752 2619 4797 memento
2648 4741 2904 4796 Creatoris
2931 4743 3006 4795 tui
3025 4743 3081 4796 in
3106 4742 3284 4796 diebus
3314 4743 3599 4815 juventutis
3633 4753 3755 4813 tua',

2149 4846 2421 4907 antequam
2452 4836 2653 4891 veniant
2696 4835 2807 4889 dies
2835 4835 3079 4901 malitiae,
3110 4847 3155 4891 et
3184 4838 3594 4908 apprOpinquent
3630 4840 3756 4892 anni

2158 4930 2209 4982 in
2236 4927 2417 4999 quibus
2455 4927 2591 4982 dices
2630 4944 2647 4981 :
2689 4925 2811 4981 Non
2834 4938 2907 4983 est
2931 4928 3057 4982 mihi
3090 4928 3145 4982 in
3184 4929 3289 4982 illis
3323 4929 3559 4983 voluntas
3586 4927 3615 4965 ιι
3641 4928 3751 5001 [AL

2159 5065 2392 5120 maxima
2422 5065 2569 5120 enim
2603 5071 2687 5118 est
2711 5063 2970 5117 distantia
3002 5064 3256 5131 antiquas
3280 5062 3425 5116 inter
3453 5062 3753 5121 Bibliorum

2155 5152 2435 5191 sacrorum
2468 5152 2533 5189 ac
2573 5135 2867 5188 liodiernas
2895 5135 3191 5189 divisiones
3211 5177 3223 5195 ,
3262 5143 3321 5189 ut
3350 5134 3539 5189 videre
3564 5146 3651 5190 est
3697 5138 3753 5192 in

2155 5208 2569 5278 Prolegomenis
2598 5207 2797 5260 nostris
2828 5221 2843 5258 ι
2875 5205 3032 5260 Tum.
3069 5207 3359 5278 ΑΜΑιιίι-ιλη.

2224 5275 2432 5350 —-Dno
2454 5292 2588 5350 mss.
2625 5277 3014 5350 castigatior-cs,
3048 5275 3256 5350 Laetare
3285 5277 3493 5350 juvenis
3532 5277 3585 5330 in
3623 5279 3757 5333 ado-

2152 5348 2523 5403 lescemiatua.
2559 5347 3023 5416 Quemadmodum
3045 5347 3181 5403 intra
3224 5347 3298 5403 ab
3315 5349 3649 5419 Hieronymo
3672 5352 3756 5405 lo-

2151 5434 2245 5476 ens
2265 5423 2541 5474 recitatur.

2223 5492 2487 5564 sgAddunt
2509 5489 2721 5564 palatini
2744 5488 2855 5564 duo
2865 5489 3027 5544 codd.
3044 5490 3157 5544 sine
3176 5489 3589 5560 reprehensione,
3604 5492 3750 5564 quod

2149 5560 2425 5634 expc-rusco
2450 5562 2660 5634 ἄμωμος
2679 5560 2973 5634 derivatur.

2221 5633 2251 5669 ιι
2283 5632 2405 5706 Non
2432 5629 2503 5706 est
2532 5629 2661 5687 mihi
2686 5633 2739 5683 in
2769 5629 2870 5681 illis
2899 5629 3164 5706 voluntas.
3199 5632 3464 5706 Erasmus
3492 5635 3621 5706 legit
3651 5652 3748 5691 vo-

2149 5706 2320 5777 luptas
2350 5720 2366 5766 ;
2397 5703 2556 5773 idque
2583 5711 2849 5777 retentum
2865 5706 2949 5751 est
2976 5701 3028 5752 in
3060 5704 3484 5777 quamplurimis
3514 5701 3649 5760 mss.
3687 5708 3747 5764 In

2149 5766 2377 5832 Hebraeo
2405 5766 2489 5828 est
2513 5780 2635 5857 van
2672 5766 2939 5839 Iibephets,
2963 5766 3108 5837 quod
3132 5766 3452 5831 voluntatem
3474 5777 3748 5849 interpre-

3960 2262 3985 2819 ἰ

3956 2834 3987 3751 ἔ

3954 3772 3979 4915 ἓ

3950 4934 3970 5367 l
