3998 6320
96 322 218 378 1103

1012 360 1015 361 ν
1102 322 1651 382 COMMENTARIUS
1689 324 1755 381 IN
1794 324 2331 384 ECCLESIASTEN.

3250 335 3392 395 1106

88 438 347 512 voluptas].
392 440 448 495 In
492 438 596 494 hoc
639 436 903 508 capitulo,
948 436 1157 493 diversa
1200 439 1438 493 omnium
1478 440 1668 510 expla-
1694 441 1747 500 Α
1774 440 1949 506 culus,
1979 450 2033 496 et
2062 442 2209 512 virga
2238 457 2399 513 quam
2421 443 2686 502 Jeremias
2714 446 2766 502 in
2790 449 3090 519 prophetiae
3118 465 3230 507 suae
3258 450 3396 506 vidit

82 532 219 584 natio
241 530 361 596 fuit,
387 541 440 585 et
466 540 544 585 tot
574 546 711 602 pene
738 530 1042 595 sententiae,
1068 540 1200 601 quot
1222 530 1490 587 homines.
1519 532 1673 588 Unde

76 624 193 693 quia
216 624 429 694 longum
449 635 531 679 est
548 624 887 694 opinationes
913 624 1152 678 omnium
1177 634 1553 691 recensere,et
1580 641 1671 680 ar-

72 729 317 787 gumenta
347 718 543 787 quibus
574 719 868 774 sententias
893 732 1019 773 suas
1048 718 1351 787 approbare
1374 718 1667 787 voluerint,

71 808 364 877 explicare,
410 823 576 878 prope
614 824 701 864 res
742 810 901 863 unius
940 810 1231 865 voluminis
1268 821 1351 866 est
1386 831 1399 866 :
1438 812 1671 867 sufficiat

68 903 417 973 prudentibus
455 903 793 974 signiﬁcasse
830 904 959 973 quid
999 906 1267 961 senserint
1291 948 1306 971 ,
1347 914 1401 961 et
1430 906 1580 975 quasi
1612 904 1666 961 in

64 996 290 1066 quadam
314 996 465 1051 brevi
496 996 716 1061 tabella,
737 998 874 1052 situs
895 999 1133 1069 pinxisse
1162 1009 1449 1065 terrarum,
1477 1000 1668 1055 totius-

61 1104 165 1159 que
202 1088 350 1144 orbis
388 1090 695 1145 vastitatem
736 1098 793 1146 et
841 1091 1100 1147 ambitum
1150 1092 1389 1158 Oceani,
1438 1101 1665 1163 angusto

58 1191 392 1235 monstrasse
416 1181 761 1249 compendio.

129 1274 342 1330 IIebrtei
381 1275 449 1329 ad
486 1274 652 1330 Israel
698 1276 968 1332 aestimant
1012 1278 1282 1348 pertinere
1323 1276 1659 1341 mandatum,

51 1368 139 1421 cui
175 1367 514 1439 praecipitur,
550 1377 609 1423 ut
638 1368 847 1424 fruatur
874 1368 1078 1426 divitiis
1106 1370 1255 1438 suis,
1289 1378 1575 1440 antequam
1607 1370 1657 1424 ei

48 1460 387 1529 captivitatis
408 1470 620 1532 tempus
641 1463 915 1527 adveniat,
946 1472 999 1519 et
1018 1464 1437 1520 adulescentiam
1465 1479 1655 1521 senec-

46 1561 165 1607 tute
197 1563 493 1610 commutet
523 1573 537 1609 :
576 1556 833 1627 quidquid
867 1557 1187 1614 delectabile
1223 1559 1307 1614 vel
1334 1558 1651 1628 jucundum,

46 1653 158 1699 tam
214 1647 387 1712 cordi,
443 1662 600 1719 quam
655 1649 825 1704 oculis
882 1650 1226 1720 apparuerit,
1276 1666 1376 1719 eo,
1427 1652 1554 1705 dum
1599 1652 1652 1707 in

45 1749 303 1808 promptu
332 1750 450 1807 est,
496 1742 749 1797 abutatur
790 1762 803 1795 :
846 1745 917 1798 ita
950 1754 1126 1800 tamen
1156 1755 1215 1799 ut
1252 1758 1311 1800 se
1348 1747 1558 1801 noverit
1596 1746 1650 1802 in

45 1834 300 1889 omnibus
334 1835 685 1905 judicandum
731 1855 743 1891 :

45 1943 203 1998 quam
234 1930 492 1985 libidines
522 1930 724 1999 fugiat,
758 1930 936 1986 sciens
963 1931 1247 1986 stultitiam
1278 1931 1657 1988 adolescentiae

45 2021 352 2088 coliulatam
386 2040 399 2075 :
432 2023 855 2091 recordeturque
884 2038 1099 2093 semper
1131 2023 1405 2078 Creatoris
1433 2026 1539 2091 sui,
1562 2040 1657 2079 an-

45 2121 263 2181 tequam
291 2114 409 2169 dies
437 2113 745 2185 BabyIOnia:
766 2129 829 2169 ac
852 2113 1110 2169 Romanae
1137 2115 1466 2184 captivitatis
1490 2116 1656 2171 adve-

45 2205 226 2258 niam.
253 2205 306 2259 in
337 2206 531 2275 quibus
557 2222 661 2261 non
694 2208 893 2277 poterit
919 2216 944 2243 ο
978 2207 1177 2263 habere
1206 2210 1557 2263 voluntatem.
1592 2210 1660 2265 Et

45 2307 220 2353 totum
253 2308 395 2355 nunc
422 2300 597 2355 locum
631 2301 699 2357 ab
742 2316 807 2355 eo
849 2302 989 2369 quod
1020 2302 1093 2356 ait
1137 2320 1149 2356 :
1181 2302 1469 2372 Antequam
1516 2312 1656 2357 tene-

45 2394 243 2446 brescat
267 2392 369 2458 sol,
399 2405 447 2448 et
468 2394 617 2459 luna,
646 2403 695 2448 et
716 2396 895 2460 stellte,
927 2411 1098 2466 usque
1128 2396 1195 2449 ad
1224 2411 1347 2450 eum
1374 2396 1573 2462 locum,
1604 2397 1657 2451 in

45 2502 151 2557 quo
180 2487 460 2557 Scriptura
491 2499 915 2544 commemorat:
961 2489 1028 2544 Et
1059 2499 1380 2545 convertetur
1408 2492 1578 2562 pulvis
1604 2494 1658 2546 in

45 2591 237 2635 terram
270 2597 417 2633 suam
448 2581 580 2635 sicut
606 2592 735 2647 erat,
765 2592 811 2635 et
841 2584 1049 2652 spiritus
1078 2594 1353 2637 revertetur
1380 2584 1449 2637 ad
1478 2583 1660 2638 Domi-

46 2688 170 2725 num
196 2712 211 2734 ,
252 2674 342 2743 qui
386 2672 525 2727 dedit
554 2673 706 2727 illum
748 2690 767 2727 :
808 2689 970 2744 super
1014 2682 1154 2729 statu
1184 2690 1297 2730 suae
1335 2676 1659 2732 conditionis

46 2763 364 2833 explanant.
401 2763 533 2831 Qua:
572 2765 727 2836 quia,
768 2776 827 2821 ut
855 2781 1017 2838 supra
1046 2766 1313 2832 diximus,
1343 2765 1367 2804 1'
1401 2769 1657 2824 laciniosa

46 2867 198 2924 sunt,
230 2868 283 2912 et
308 2859 541 2928 prolixa,
574 2860 802 2915 strictim
830 2877 857 2914 a
882 2863 1037 2916 nobis
1064 2856 1405 2932 breviterque
1434 2870 1659 2933 tangen-

51 2958 157 3004 tur.
195 2950 403 3006 Lzetare
432 2966 561 3022 ergo
588 2952 639 3006 in
667 2952 953 3022 juventute
980 2953 1144 3026 485
1174 2963 1259 3009 tua
1283 2996 1297 3019 ,
1329 2970 1362 3009 ο
1386 2954 1573 3021 Israel,
1604 2965 1660 3010 et

49 3041 135 3096 fac
165 3042 256 3097 illa
286 3044 367 3098 vel
400 3044 512 3110 illa,
544 3044 611 3100 de
637 3045 961 3115 quibusjam
998 3050 1198 3102 dictum
1230 3057 1333 3113 est,
1367 3056 1654 3117 antequam

48 3134 339 3202 captivitas
361 3135 635 3203 adveniat,
658 3146 712 3191 et
741 3152 768 3188 a
798 3144 850 3191 te
875 3145 994 3191 tuus
1018 3137 1191 3193 honor
1216 3137 1435 3193 recedat
1462 3150 1516 3193 et
1537 3139 1652 3208 glo-

1779 531 2033 597 exordio,
2074 542 2121 586 et
2169 533 2576 613 impinguabitur
2613 537 2810 592 locusta
2835 582 2849 605 ,
2890 539 3389 598 Nabuchodonosor

1777 636 1899 676 cum
1927 637 2026 677 suo
2062 626 2326 690 exercitu,
2360 636 2405 680 et
2435 628 2769 698 dissipabitur
2795 634 3039 702 capparis
3080 632 3295 705 (Jerem.
3320 634 3387 706 ι),

1775 714 2010 770 amicitia
2043 716 2134 771 Dei
2160 732 2279 771 cum
2313 716 2499 774 Israel.
2529 720 2667 788 Quid
2694 722 2793 777 sibi
2825 730 3005 780 autem
3038 726 3167 782 velit
3194 743 3391 798 cappa-

1773 810 1868 873 ris,
1896 824 2018 864 cum
2047 810 2115 865 de
2142 811 2372 881 singulis
2400 816 2728 883 cmperimus
2749 817 2948 882 dicere,
2968 818 3184 888 plenius
3203 819 3385 890 expli-

1772 900 2003 956 cabitur.
2042 902 2155 957 Hoc
2183 913 2360 959 autem
2402 914 2570 960 totum
2610 908 2821 963 eveniet
2856 907 3037 964 lsraeli
3076 914 3239 981 :quia
3268 913 3387 968 abi-

1772 1000 1925 1048 turus
1952 1005 2034 1049 est
2054 996 2214 1050 homo
2240 997 2293 1051 in
2321 996 2540 1053 domum
2563 1000 2883 1055 aeternitatis
2905 1017 3039 1067 sua),
3065 1000 3091 1038 ἀ
3111 1012 3165 1057 et
3187 1019 3215 1056 a
3238 1020 3387 1075 prte-

1768 1089 1909 1143 sidio
1950 1090 2043 1144 Dei
2085 1091 2150 1146 ad
2202 1092 2443 1146 caelestia
2498 1108 2822 1148 reversurus
2851 1136 2865 1159 ,
2906 1110 3015 1164 quo
3053 1093 3289 1150 abeunte
3329 1096 3388 1152 in

1769 1183 2171 1238 tabernaculum
2215 1198 2408 1250 suum,
2456 1185 2821 1241 circumibunt
2859 1187 2911 1240 in
2959 1186 3134 1256 platea
3185 1187 3385 1245 ﬂentes

1765 1284 1924 1346 atque
1947 1278 2281 1346 plangentes,
2305 1287 2358 1331 et
2380 1277 2614 1332 hostium
2638 1278 2919 1333 obsidione
2940 1278 3144 1332 vallati.
3169 1278 3382 1337 Laztare

1763 1381 1913 1437 ergo,
1964 1368 2146 1433 Israel,
2191 1370 2245 1423 in
2286 1368 2566 1439 juventute
2608 1379 2718 1435 tua,
2759 1380 3051 1439 antequam
3095 1380 3379 1442 rumpatur

1763 1457 2030 1513 funiculus
2059 1468 2367 1529 argenteus,
2396 1461 2499 1515 hoc
2524 1470 2627 1527 est,
2663 1460 2838 1516 donec
2866 1462 3039 1531 gloria
3073 1473 3253 1517 vestra
3276 1478 3379 1519 vo-

1761 1550 1967 1607 biscum
1997 1562 2107 1615 est,
2137 1562 2426 1621 antequam
2464 1564 2487 1590 °
2521 1562 2765 1608 recurrat
2795 1554 2925 1608 vitta
2965 1568 3151 1621 aurea,
3196 1555 3247 1610 id
3270 1566 3379 1623 est,

1758 1653 2048 1713 antequam
2070 1659 2193 1699 arca
2224 1646 2531 1701 testamenti
2562 1646 2841 1701 auferatur
2866 1665 2880 1704 :
2910 1648 3226 1717 priusquam
3250 1664 3382 1704 con-

1758 1744 1963 1792 teratur
1990 1736 2180 1807 hydria
2209 1737 2275 1791 ad
2310 1736 2511 1794 fontem
2538 1780 2552 1803 ,
2593 1748 2649 1794 et
2684 1739 3038 1794 convolvatur
3064 1751 3183 1795 rota
3213 1754 3379 1811 super

786 1846 841 1893 ει
888 1846 995 1892 tam
1056 1838 1415 1908 cogitationes
1463 1840 1654 1905 malas,
1686 1836 1735 1896 Β
1764 1829 1937 1886 lacum
1963 1874 1977 1897 ,
2012 1831 2066 1885 id
2094 1842 2215 1897 est,
2249 1831 2423 1886 donec
2465 1831 2603 1885 intra
2643 1843 2831 1887 saneta
2869 1842 3180 1888 sanctorum
3231 1848 3376 1903 prae-

1760 1932 1914 1993 cepta
1938 1924 2095 1994 legis,
2121 1933 2174 1979 et
2204 1923 2390 1979 Sancti
2420 1924 2655 1993 Spiritus
2681 1934 2764 1979 est
2792 1924 2986 1994 gratia,
3014 1935 3067 1979 ct
3087 1935 3380 1995 antequam

1754 2021 2053 2076 revertaris
2073 2022 2123 2073 in
2146 2020 2499 2089 Babylonem,
2523 2018 2667 2073 unde
2692 2019 2745 2072 in
2773 2018 2973 2073 lumbis
2997 2018 3166 2090 486
3184 2035 3374 2089 egres-

1756 2127 1849 2167 sus
1884 2128 1943 2167 es
1983 2112 2233 2177 Abrahae,
2277 2120 2331 2165 et
2372 2109 2600 2179 incipias
2633 2112 2685 2163 in
2714 2109 3098 2180 Mesopotamia
3137 2114 3368 2179 conteri,

1760 2204 1903 2260 unde
1924 2215 1978 2258 et
2007 2202 2275 2273 quondam
2300 2202 2575 2273 profectus
2597 2217 2656 2257 es
2683 2222 2695 2256 :
2720 2204 3005 2273 omnisque
3036 2205 3209 2273 gratia
3247 2220 3375 2275 pro-

1758 2297 1980 2370 phetiae,
2005 2310 2108 2365 qua
2130 2296 2400 2366 quondam
2427 2295 2610 2350 fueras
2634 2295 2955 2365 inspiratus,
2981 2306 3286 2352 revertatur
3303 2298 3373 2354 ad

1758 2394 2001 2449 datorem
2038 2408 2214 2447 suum.
2250 2391 2565 2447 Ιίωοιιιάωἰ
2589 2406 2756 2462 usque
2791 2391 2953 2447 hodie
2974 2393 3274 2458 disserunt,
3316 2402 3375 2449 et

1758 2488 1825 2544 ad
1848 2502 2139 2560 personam
2167 2502 2319 2543 suam
2362 2485 2775 2557 intelligentiam
2809 2484 2973 2556 hujus
3002 2485 3227 2556 capituli
3258 2495 3373 2541 tra-

1762 2581 1921 2636 bunt.
2640 2656 2647 2665 ρ

1831 2675 1941 2731 Nos
1986 2684 2168 2732 autem
2217 2676 2286 2730 ad
2337 2676 2643 2746 superioris
2682 2674 3072 2745 disputationis
3116 2676 3369 2733 ordinem

1760 2774 2102 2823 revertentes
2122 2808 2138 2833 ,
2185 2766 2394 2836 singula
2440 2766 2764 2821 conabimur
2794 2765 3111 2835 explanare.
3143 2768 3373 2834 Ltetare,

1749 2865 1983 2934 juvenis,
2014 2866 2070 2918 in
2096 2864 2445 2917 adolescentia
2474 2873 2584 2930 tua,
2614 2873 2661 2918 et
2705 2864 2760 2917 in
2800 2864 2932 2919 bono
2968 2862 2986 2901 ί
3014 2866 3079 2920 sit
3105 2882 3196 2919 cor
3219 2876 3367 2921 tuum

1758 2956 1812 3011 in
1843 2956 2019 3009 diebus
2053 2958 2341 3026 juventutis
2372 2965 2494 3022 tute,
2528 2966 2575 3008 et
2612 2956 2821 3009 ambula
2845 2957 2900 3009 in
2937 2957 3031 3011 viis
3058 2958 3231 3011 cordis
3257 2963 3370 3027 tui,

1758 3060 1805 3104 et
1836 3051 1888 3102 in
1921 3058 2130 3120 aspectu
2170 3046 2440 3103 oculorum
2485 3056 2713 3102 tuarum.
2744 3047 2814 3101 Et
2844 3049 2973 3103 scito
3000 3066 3158 3119 super
3196 3056 3371 3105 omni-

1761 3144 1852 3198 bus
1881 3144 1962 3197 Itis
1989 3160 2007 3197 :
2035 3144 2155 3214 quia
2185 3144 2409 3197 adducet
2454 3151 2505 3197 te
2553 3142 2693 3197 Deus
2738 3145 2792 3197 in
2812 3144 3097 3215 judicium.
3148 3145 3370 3201 Dixerat

49 3226 133 3279 ria
168 3242 181 3278 :
213 3226 514 3295 etjudices,
536 3236 589 3282 et
618 3228 788 3283 sancti
815 3230 887 3283 tui
920 3229 1078 3300 (quos
1107 3232 1159 3285 in
1190 3232 1325 3297 sole,
1350 3243 1402 3287 et
1432 3232 1578 3300 luna,
1604 3241 1659 3287 et
1686 3210 1732 3273 (ἶ
1765 3237 1940 3292 lucem
1973 3210 2161 3291 mundi
2196 3237 2357 3305 hujus
2386 3251 2507 3291 esse
2536 3210 2947 3303 dulcissimam,
2990 3248 3045 3292 et
3073 3238 3241 3293 laetari
3270 3239 3369 3295 de-

49 3317 231 3371 stellis
262 3319 485 3389 intelligi
514 3319 722 3392 volunt)
760 3320 1094 3376 auferantur.
1134 3326 1434 3391 Antequam
1477 3327 1660 3379 veniat

49 3410 575 3481 Nabuchodonosor,
607 3415 720 3469 sive
741 3416 892 3470 Titus
926 3416 1236 3486 Vespasiani
1268 3419 1429 3487 filius,
1458 3420 1660 3475 accitus

50 3518 83 3555 a
121 3505 429 3573 prophetis,
466 3514 520 3560 et
553 3521 741 3561 eorum
779 3508 1029 3562 vaticinia
1059 3509 1454 3578 compleantur.
1489 3512 1543 3565 ln
1570 3510 1661 3567 die

49 3610 160 3665 qua
197 3597 372 3665 angeli
409 3600 590 3668 templi
623 3599 883 3668 praesides
913 3600 1191 3667 recedent,
1224 3611 1277 3657 et
1303 3602 1661 3657 turbabuntur

52 3690 424 3744 robustissimi
454 3691 654 3761 quique
686 3690 740 3745 in
776 3695 1013 3746 exercitu
1057 3703 1179 3759 tuo,
1221 3702 1276 3748 et
1302 3695 1471 3749 otiosa
1502 3704 1662 3751 erunt

53 3782 275 3853 eloquia
299 3784 697 3854 magistrorum,
728 3794 781 3841 et
815 3788 1112 3855 prOphette,
1137 3788 1229 3859 qui
1251 3789 1318 3844 de
1339 3790 1493 3845 ctelis
1519 3792 1659 3846 sole-

55 3878 189 3933 bant
220 3878 486 3933 visionum
518 3894 735 3934 suarum
773 3880 953 3935 lumen
986 3882 1231 3953 accipere
1252 3927 1266 3949 ,
1294 3886 1659 3939 contenebre-

50 3980 212 4027 scent
249 3989 260 4024 :
295 3971 510 4042 quando
534 3972 851 4028 claudentur
879 3977 1061 4045 templi
1085 3977 1268 4045 janute
1289 4020 1302 4041 ,
1329 3987 1383 4032 et
1415 3977 1663 4031 humilia-

48 4067 203 4120 bitur
233 4067 555 4133 Jerusalem,
580 4077 633 4123 et
655 4066 941 4122 Chaldmus
963 4070 1160 4136 veniet,
1190 4072 1339 4140 quasi
1362 4079 1521 4126 cantu
1554 4071 1661 4141 [AL

52 4161 276 4231 cantus]
325 4160 555 4216 volucris
580 4203 593 4223 ,
644 4163 712 4216 ita
742 4162 992 4217 Jcremitc
1031 4165 1253 4220 vocibus
1287 4177 1308 4204 ο
1344 4175 1665 4236 provocatus

53 4251 279 4319 (Jercm.
312 4255 425 4321 ix),
468 4262 521 4307 et
556 4253 918 4309 conticescent
966 4255 1087 4310 filiae
1114 4257 1308 4311 cantici
1333 4299 1345 4319 .
1381 4258 1433 4311 in
1464 4258 1666 4326 templo

54 4346 407 4415 psallentium
433 4346 605 4401 chori.
645 4348 737 4401 Illo
763 4357 1028 4417 tempore,
1053 4350 1271 4418 quando
1302 4352 1582 4405 venientes
1610 4351 1665 4405 in

53 4438 457 4511 Jerosnlymam
486 4483 499 4505 ,
537 4439 639 4509 ipsi
674 4456 887 4510 quoque
928 4442 1109 4497 hostes
1156 4442 1248 4497 Dei
1286 4444 1668 4511 pertimescent

57 4533 514 4602 magnitudinem,
539 4536 665 4587 etin
689 4534 768 4587 via
798 4533 967 4601 dubii,
991 4533 1361 4590 Sennacherib
1393 4537 1664 4592 interitum

53 4624 445 4679 formidabunt.
479 4626 588 4680 Hoc
619 4627 760 4680 enim
785 4626 989 4681 dictant
1020 4636 1203 4697 putant
1235 4644 1248 4680 :
1282 4626 1349 4681 Et
1378 4628 1441 4681 ab
1465 4631 1664 4684 excelso

54 4719 333 4782 timebunt,
364 4729 409 4773 et
432 4720 781 4789 formidabant
810 4722 864 4774 in
900 4722 980 4774 via
1018 4720 1172 4792 (lsai.
1200 4722 1430 4792 xxxv").
1473 4722 1528 4777 In
1558 4723 1664 4779 illis

51 4813 256 4869 diebus
284 4814 485 4882 ﬂorebit
520 4813 848 4884 amygdalum
897 4812 1005 4885 [ΑΙ.
1048 4813 1404 4887 amygdalus],
1446 4815 1540 4871 ille
1568 4814 1665 4870 ba-

54 5004 250 5051 tantnr
280 4994 439 5050 etiam
463 4995 606 5051 LXX
626 4996 1018 5050 Translatores.
1065 4995 1332 5050 Manum.

134 5078 161 5105 ει
207 5068 457 5137 Plerique
480 5083 609 5123 mss.
635 5068 963 5137 voluptatem,
987 5066 1075 5122 hic
1115 5082 1215 5137 pro
1250 5065 1515 5122 uoluntate
1533 5081 1671 5135 pra:-

56 5142 269 5195 ferunt.

133 5242 208 5253 —-
232 5211 439 5265 Habere
465 5210 797 5264 voluntatem.
833 5210 931 5265 Hic
957 5224 1199 5264 errorem
1230 5209 1478 5264 eumdem
1511 5207 1676 5263 casti—

58 5285 222 5353 gavi;
252 5286 378 5345 quia
412 5298 474 5336 ex
509 5291 765 5336 contextu
792 5296 948 5336 sacro
980 5281 1113 5353 satis
1137 5282 1303 5349 liquet
1326 5279 1669 5353 uoluntatem,

62 5351 177 5409 non
202 5354 513 5422 voluptatem
537 5354 766 5419 positam
792 5367 915 5407 esse
937 5354 1004 5405 ah
1029 5351 1381 5421 Hieronymo.
1402 5352 1672 5407 Maurum.

140 5426 167 5463 ιι
216 5425 453 5479 Vatican.
484 5425 669 5477 latiora
688 5434 826 5490 sunt,
854 5438 950 5493 pro
973 5424 1244 5477 laciniosa.

144 5507 167 5535 ο
213 5497 331 5550 Duo
361 5512 519 5563 mss.,
545 5496 828 5561 Alcuinus,
856 5491 1189 5563 veteresque
1215 5491 1368 5559 editi,
1400 5492 1678 5565 praplteta-

63 5582 173 5624 tus.

140 5639 168 5677 ἀ
202 5638 575 5703 Martianmus,
628 5647 674 5691 et
702 5653 733 5690 a
763 5636 959 5709 praedio
990 5634 1110 5709 Dei.
1160 5635 1289 5690 Mss.
1341 5649 1473 5709 vero
1503 5638 1677 5692 nostri

68 5727 302 5779 omnes,
334 5720 441 5764 tun:
475 5707 770 5771 Alcuinus,
796 5719 845 5761 et
879 5707 961 5760 Vit
982 5707 1181 5768 torius.
1210 5707 1484 5779 prasidio,
1513 5723 1675 5777 quam

72 5777 373 5841 lectionem
407 5781 471 5835 ad
506 5795 695 5836 eorum
742 5780 901 5833 fidem
944 5780 1283 5847 reponimus.
1315 5777 1436 5833 Mox
1477 5780 1673 5835 iterum

70 5856 365 5918 Alcuinus,
407 5869 506 5922 quo
540 5850 802 5905 habitante
832 5851 883 5903 in
917 5848 1243 5905 tabernaculo
1295 5866 1418 5917 suo,
1450 5865 1552 5920 pro
1581 5851 1673 5905 ab-

1762 3329 1894 3385 bere
1924 3330 2197 3385 hominem
2239 3330 2292 3384 in
2331 3328 2525 3384 diebus
2557 3329 2682 3383 vita:
2728 3345 2863 3393 suae,
2897 3331 3157 3399 omnique
3186 3332 3370 3387 studio

1762 3434 1992 3490 carpere
2028 3421 2363 3490 voluptatem
2394 3439 2407 3475 :
2440 3421 2695 3491 ingruere
2727 3420 2873 3476 enim
2925 3431 3143 3477 noctem
3174 3424 3370 3478 mortis

1762 3523 2046 3579 aeternam,
2076 3514 2297 3584 quando
2325 3528 2434 3567 non
2475 3513 2639 3569 liceat
2670 3514 2875 3584 perfrui
2907 3516 3284 3585 congregatis,
3312 3525 3368 3571 et

1760 3609 1917 3680 quasi
1952 3608 2225 3671 umbram,
2257 3608 2511 3663 universa
2541 3624 2661 3678 quae
2685 3607 2976 3663 habuimus
3006 3607 3366 3679 pertransire.

1764 3699 1918 3756 Nunc
1946 3715 2078 3770 ergo
2112 3699 2391 3755 hominem
2422 3700 2766 3765 cohortatur,
2795 3708 2851 3755 et
2878 3699 3014 3754 dicit
3040 3718 3052 3753 :
3083 3700 3127 3755 Ο
3160 3700 3371 3755 adoles-

1764 3810 1920 3861 cens,
1944 3803 2237 3865 antequam
2272 3794 2366 3847 tibi
2392 3803 2669 3859 senectus,
2715 3802 2769 3848 et
2820 3808 2970 3848 mors
3010 3793 3247 3864 ingruat,
3276 3793 3371 3848 lat-

1768 3897 1882 3941 tare
1908 3888 1961 3941 in
1987 3887 2276 3956 juventute
2306 3897 2424 3950 tua,
2457 3895 2511 3942 et
2533 3886 2794 3957 quidquid
2828 3886 2925 3941 tibi
2946 3887 3113 3941 corde
3140 3886 3368 3955 bonum,

1767 3990 1995 4051 aspectu
2020 3979 2317 4047 jocundum
2349 3979 2583 4045 videtur,
2613 3994 2853 4046 assume,
2886 3978 3090 4043 fruere,
3122 3991 3175 4032 ut
3210 3980 3365 4046 libet,

1769 4072 1954 4127 mundi
1978 4073 2162 4127 rebus.
2196 4071 2432 4127 Rursum
2464 4087 2533 4127 ne
2562 4079 2845 4140 putaretur
2874 4070 2994 4126 haec
3034 4070 3241 4137 dicens,
3273 4071 3374 4127 ho-

1770 4165 1973 4219 minem
1993 4164 2061 4219 ad
2090 4163 2361 4218 luxuriam
2410 4177 2733 4233 provocare,
2760 4173 2813 4216 et
2838 4162 2889 4215 in
2920 4161 3142 4231 Epicuri
3168 4161 3369 4232 dogma

1770 4273 2050 4325 corruere,
2083 4258 2451 4329 suspicionem
2500 4257 2639 4311 hanc
2674 4256 2920 4319 abstulit,
2974 4255 3217 4311 inferens
3250 4276 3263 4311 :
3296 4255 3368 4311 Et

1772 4352 1923 4417 scito,
1949 4354 2194 4421 quoniam
2233 4367 2389 4422 super
2418 4349 2655 4403 omnibus
2696 4350 2777 4402 Itis
2821 4349 3044 4405 adducet
3068 4361 3115 4405 te
3142 4348 3285 4406 Deus
3310 4353 3368 4407 in

1762 4445 2046 4516 judicium.
2079 4443 2193 4507 Sic,
2226 4442 2423 4511 inquit,
2456 4440 2686 4495 abutere
2718 4441 2906 4495 mundi
2938 4441 3121 4509 rebus,
3150 4454 3207 4498 ut
3230 4446 3373 4500 scias

1772 4547 1826 4592 te
1850 4538 1902 4592 in
1928 4534 2513 4603 ultimojudicandum.
2541 4531 2610 4586 Et
2638 4532 2831 4603 repelle
2858 4536 2989 4588 iram
3017 4552 3048 4589 a
3076 4538 3230 4590 corde
3255 4545 3367 4606 tuo,

1773 4639 1821 4685 et
1842 4635 1991 4701 aufer
2023 4628 2275 4683 malitiam
2324 4643 2355 4679 a
2382 4643 2539 4680 carne
2583 4636 2673 4680 tua
2706 4646 2717 4680 :
2753 4629 2873 4698 quia
2901 4627 3285 4694 adolescentia,
3319 4640 3370 4683 et

1769 4721 1990 4776 stultitia
2033 4720 2233 4773 vanitas
2264 4727 2360 4771 est.
2418 4718 2475 4772 In
2518 4720 2628 4782 ira,
2679 4734 2870 4774 omnes
2926 4721 3371 4788 perturbationes

1771 4813 1941 4869 animi
1986 4809 2423 4881 comprehcndit.
2479 4812 2537 4866 In
2580 4813 2761 4866 carnis
2809 4813 3034 4878 malitia,
3086 4812 3370 4867 universas

1768 5002 1937 5049 eunte.
1960 5000 2066 5047 etc.

1844 5036 2196 5135 :Xprwdio
2224 5062 2323 5117 Dei
2347 5062 2414 5115 ad
2441 5062 2684 5129 caelestia,
2711 5072 2815 5117 etc.
2843 5062 3205 5135 Corbeienses
3228 5080 3362 5121 mss.

1773 5134 2007 5191 codices
2023 5136 2165 5189 aliud
2197 5137 2453 5208 retinent,
2487 5145 2535 5188 et
2565 5135 2861 5208 prtesidium
2885 5139 2997 5208 ejus
3018 5134 3159 5189 Deus
3179 5135 3247 5208 ad
3264 5150 3365 5189 cte-

1775 5208 1927 5262 lestia
1956 5222 2272 5261 reversurus.
2305 5205 2476 5260 Iidem
2503 5207 2663 5261 etiam
2693 5222 2791 5277 pro
2808 5205 2932 5261 vitta
2958 5222 3117 5263 aurea
3137 5251 3151 5275 ,
3183 5207 3369 5276 legunt

1775 5289 2209 5345 consequenter,
2243 5279 2398 5332 uenia
2434 5294 2612 5332 aurea.
2656 5279 2929 5333 Maurum.

1855 5360 1877 5385 ε
1908 5348 2138 5403 Palatini
2171 5364 2305 5403 mss.
2338 5360 2569 5403 recurrat
2590 5351 2728 5403 tinea
2748 5366 2929 5403 aurea.

1857 5420 1876 5457 ι
1908 5418 2115 5475 Vitiose
2142 5422 2379 5475 eratsic.
2411 5418 2690 5475 Recitator
2718 5436 2851 5475 vero
2873 5420 2942 5473 ab
2968 5418 3203 5475 Alcuino
3235 5433 3370 5488 quo-

1781 5506 1887 5561 que
1925 5490 2012 5546 hic
2068 5492 2223 5547 locus
2276 5492 2342 5545 ad
2376 5490 2521 5545 hunc
2570 5490 2838 5545 modum:
2870 5490 3090 5556 Latare,
3128 5492 3369 5560 juvenis,

1778 5564 1834 5616 in
1861 5562 2207 5616 adolescentia
2233 5571 2342 5625 tua,
2370 5564 2499 5615 et-in
2530 5565 2660 5615 bono
2694 5562 2781 5628 sit,
2813 5572 2922 5616 etc.

1851 5665 1922 5674 —-
1943 5633 2008 5687 Et
2034 5635 2090 5687 in
2119 5636 2247 5689 bono
2267 5635 2332 5687 sit
2362 5649 2449 5686 cor
2475 5640 2638 5704 tuum,
2666 5641 2771 5686 etc.
2791 5632 2945 5704 Quot
2966 5631 3167 5686 Textus
3184 5632 3366 5704 Scrip-

1777 5713 1915 5762 turae
1953 5707 2271 5760 omittantur
2318 5706 2372 5758 in
2420 5702 2692 5773 veteribus
2738 5702 3092 5773 editionibus,
3144 5719 3208 5758 ex
3260 5702 3364 5761 hoc

1777 5778 1900 5834 loco
1934 5792 1997 5831 ac
2020 5778 2192 5830 tribus
2224 5772 2681 5839 consequentibus
2715 5774 3059 5845 perSpicuum
3080 5772 3218 5846 puto
3246 5776 3362 5833 Iec-

1775 5848 1900 5903 tori.
1936 5849 2204 5905 Maurum.
