3998 6352
542 320 681 378 1107

1794 308 1853 364 S.
1896 307 2165 365 EUSEBII
2204 308 2587 366 lllERONYMl

3718 310 3867 371 1108

542 430 809 500 significat
834 426 1080 496 corporis
1099 425 1431 495 voluptates.
1459 422 1552 479 Sic
1573 436 1730 492 ergo,
1756 422 1948 491 inquit,
1982 421 2137 477 bonis
2170 426 2221 484 Α
2246 422 2401 487 chus,
2433 424 2526 495 qui
2558 426 2843 495 peribunt,
2891 425 3057 498 588
3085 426 3201 481 sive
3237 436 3295 481 ut
3339 428 3542 499 Aquila
3578 426 3709 500 [Ad.
3746 426 3863 497 qui]

543 522 729 579 szccnli
772 522 934 587 huius
961 520 1164 584 fruere,
1197 535 1264 573 ne
1288 530 1380 572 aut
1410 517 1707 581 desiderio,
1733 526 1825 570 aut
1854 532 2020 571 carne
2050 516 2145 571 de-

540 616 772 683 linquas.
811 613 1079 681 Relinque
1127 611 1349 680 antiqua
1397 610 1550 673 vitia,
1608 609 1804 677 quibus
1845 608 1898 661 in
1957 608 2146 663 adole-

540 707 750 763 scentia
786 714 875 759 tua
924 704 1149 758 vanitati
1198 702 1559 771 stultitizeque
1599 700 1814 755 servisti
1852 718 1864 752 :
1911 701 2035 769 quia
2062 700 2148 768 ju-

544 813 741 855 ventus
768 799 1093 867 insipientia:
1116 797 1366 865 copulata
1392 804 1496 851 est.
1526 794 1588 847 lit
1613 805 1865 848 memento
1887 791 2149 847 Creatoris

544 897 620 947 tui
647 896 701 947 in
731 892 909 946 diebus
948 892 1235 963 juventutis
1285 900 1408 953 tute,
1463 898 1732 957 antequam
1790 889 1993 940 veniant
2038 887 2146 940 dies

542 987 759 1040 malitia:
778 1027 793 1049 ,
823 996 868 1037 et
894 986 1307 1055 appropinquent
1337 984 1460 1036 anni
1482 1024 1494 1045 ,
1524 984 1574 1035 in
1598 983 1782 1050 quibus
1812 982 1991 1033 dices:
2023 978 2148 1033 Non

546 1092 618 1132 est
649 1080 774 1132 mihi
816 1079 1052 1131 voluntas
1084 1078 1138 1130 in
1163 1080 1258 1131 eis.
1288 1077 1517 1146 Semper
1548 1087 1823 1130 memento
1852 1074 2148 1127 conditoris

547 1173 646 1235 tui,
676 1180 732 1225 ct
758 1172 836 1225 sic
861 1170 1249 1225 adulescentiae
1282 1179 1387 1223 tua
1426 1170 1568 1223 viam
1596 1166 1853 1238 gradere,
1896 1177 1952 1220 ut
1980 1164 2141 1236 487

546 1266 743 1319 mortis
770 1265 972 1318 ultima;
995 1262 1306 1318 recorderis
1331 1280 1343 1314 :
1372 1271 1668 1330 antequam
1701 1260 1794 1314 tibi
1820 1268 2033 1328 tempus
2060 1258 2146 1312 ad-

549 1360 758 1424 veniat,
782 1371 890 1427 quo
917 1357 1089 1411 tristia
1116 1372 1348 1426 quzeque
1374 1354 1686 1409 succedant.

618 1452 907 1520 Antequam
936 1449 1313 1504 obtenebrescat
1346 1448 1446 1513 sol,
1473 1459 1519 1501 et
1550 1446 1743 1509 lumen,
1782 1454 1807 1480 ⁸
1835 1455 1880 1497 et
1912 1444 2059 1508 luna,
2096 1453 2144 1497 et

548 1548 734 1611 stellae,
759 1554 805 1597 ct
828 1553 1141 1598 revertantur
1168 1544 1325 1596 nubes
1364 1552 1476 1613 post
1518 1542 1769 1607 plut-iant.
1800 1538 1858 1594 Si
1884 1537 1952 1591 de
1977 1550 2146 1606 gene-

549 1642 649 1695 rali
695 1637 1167 1693 consummatione
1216 1637 1403 1691 mundi
1449 1638 1776 1706 accipimus,
1828 1632 2012 1686 verbis
2042 1632 2147 1685 Do-

550 1733 683 1787 mini
735 1735 835 1787 ltoc
874 1732 1167 1801 capitulum
1203 1732 1496 1801 congruit,
1550 1733 1601 1784 in
1636 1730 1836 1799 quibus
1865 1729 1939 1782 ait
1970 1746 1985 1781 :
2027 1726 2143 1779 Erit

553 1828 820 1881 tribulatio
847 1826 871 1864 δ
895 1836 944 1878 et
965 1827 1219 1895 angustia,
1243 1824 1412 1894 qualis
1434 1842 1535 1877 non
1561 1824 1659 1891 fuit
1686 1841 1716 1875 a
1732 1822 1988 1893 principio
2009 1837 2150 1875 crea-
2182 1804 2226 1863 Β

551 1931 701 1984 turre,
731 1920 821 1972 sed
852 1934 1009 1987 neque
1029 1918 1065 1986 ﬁ
1086 1929 1136 1971 tt.
1173 1918 1268 1971 Sol
1292 1918 1427 1970 enim
1450 1920 1761 1970 tcnebrescet
1782 1958 1794 1981 ,
1825 1924 1869 1971 et
1900 1913 2025 1969 luna
2047 1931 2151 1968 non

551 2013 691 2065 dabit
720 2012 890 2065 lus-ea
918 2026 1070 2064 suum
1089 2051 1104 2074 ,
1132 2019 1179 2061 et
1208 2010 1370 2063 stella
1396 2010 1581 2063 cadent
1603 2010 1665 2063 de
1687 2008 1813 2062 caelo
1831 2048 1847 2074 ,
1871 2017 1916 2062 et
1946 2010 2155 2063 virtutes

548 2104 793 2156 caelorum
846 2100 1299 2154 commovebuntur
1345 2099 1575 2170 (Matth.
1622 2098 1820 2168 xxrv),
1872 2113 1994 2168 quae
2026 2108 2153 2151 sunt

548 2198 803 2251 custodes
855 2198 1094 2252 donius:
1148 2198 1219 2249 ita
1270 2206 1326 2248 ut
1365 2208 1386 2233 ε
1419 2196 1619 2250 donius
1676 2195 2017 2264 intelligatur
2066 2194 2156 2248 bic

552 2291 805 2355 mundus,
863 2292 959 2344 viri
994 2306 1122 2345 vero
1156 2290 1351 2351 fortes,
1390 2305 1580 2344 errore
1623 2289 1860 2360 decepti,
1910 2300 1965 2343 et
1994 2287 2156 2341 diSsi-

552 2384 746 2453 pandae
802 2383 1092 2437 contraria:
1146 2382 1520 2437 fortitudines.
1576 2382 1734 2448 Quod
1794 2383 1838 2436 si
1900 2381 2158 2449 specialis

552 2477 989 2546 uniuscujusque
1040 2475 1473 2539 consummatio,
1503 2474 1569 2528 ad
1624 2475 1747 2528 vita:
1792 2473 1951 2544 hujus
1992 2475 2154 2528 linem

554 2568 789 2623 refertur
819 2586 833 2624 :
865 2580 917 2622 et
948 2569 1053 2632 Sol,
1086 2578 1138 2622 et
1172 2569 1321 2631 luna,
1347 2577 1401 2621 et
1428 2566 1621 2631 stellae,
1653 2575 1708 2619 et
1736 2566 1930 2631 nubes,
1961 2576 2013 2619 et
2039 2566 2159 2633 plu-

551 2662 656 2714 vi:'e
683 2662 730 2715 ei
761 2676 883 2715 esse
924 2660 1250 2724 eessabunt,
1299 2662 1391 2727 qui
1436 2667 1682 2712 mortuus
1717 2658 1897 2712 fuerit.
1945 2656 2155 2711 Aliter:

557 2754 789 2818 l.:etare,
823 2753 1163 2817 adolescens,
1195 2768 1226 2804 o
1255 2752 1455 2819 pepule
1496 2751 1791 2804 christiano
1817 2790 1831 2815 ,
1877 2760 1933 2805 et
1978 2748 2161 2805 fruere

559 2848 715 2900 bonis
744 2862 866 2912 qua:
894 2860 923 2898 a
961 2846 1070 2898 Deo
1098 2845 1193 2899 tibi
1221 2860 1485 2898 concessa
1521 2852 1665 2904 sunt.
1697 2853 1752 2896 et
1793 2844 1843 2896 itt
1873 2842 1957 2896 Itis
1981 2843 2160 2898 omni-

557 2938 658 2992 bus
686 2939 821 2991 scito
857 2947 908 2992 te
942 2955 968 2991 a
1000 2938 1231 2992 Dotniuo
1258 2938 1641 3007 jttdicanduut.
1672 2938 1783 2991 Nec
1816 2946 2007 3006 putes,
2036 2938 2161 3005 quia

561 3033 767 3098 priore~
799 3032 930 3084 rami
964 3031 1121 3084 fracti
1148 3044 1295 3096 sunt,
1321 3041 1373 3084 et
1405 3040 1457 3084 tu
1492 3031 1732 3085 insertus
1754 3045 1815 3084 es
1841 3029 1893 3083 in
1920 3029 2161 3083 radicem

562 3124 716 3175 bona:
748 3123 926 3187 oliv:e,
978 3122 1180 3177 idcirco
1232 3134 1285 3176 te
1330 3136 1454 3176 eSse
1511 3136 1800 3176 securum:
1862 3124 1957 3176 sed
2008 3121 2163 3177 aufer

560 3216 695 3268 iram
735 3230 764 3268 a
794 3212 959 3267 corde
993 3224 1105 3277 ttto,
1138 3224 1193 3267 et
1234 3231 1259 3267 a
1295 3228 1527 3282 corpore
1556 3214 1888 3281 voluptates,
1919 3224 1973 3268 et
2000 3222 2162 3268 etete‘
2190 3182 2236 3247 C

565 3311 635 3361 ris
661 3310 806 3363 vitiis
825 3309 1126 3367 derelictis,
1158 3318 1434 3363 mentento
1456 3312 1721 3363 creatoris
1748 3309 1844 3372 tui,
1871 3318 2164 3377 antequam

566 3404 661 3458 tibi
689 3401 711 3437 ι¹
744 3404 861 3457 dies
904 3404 1125 3457 utalitim
1175 3403 1463 3466 adveniat,
1514 3413 1565 3456 et
1600 3402 1939 3465 insanabilis,
1977 3404 2028 3455 in
2059 3416 2163 3470 qua

562 3514 593 3566 ι)
618 3498 913 3551 ’ρςδηίίἱιυς
938 3512 1113 3564 ptume
1142 3507 1263 3548 sunt
1300 3502 1617 3562 purpuratth
1652 3511 1664 3546 :
1719 3512 1784 3547 ne
1815 3509 1935 3546 eum
1977 3507 2169 3559 pecea-

566 3590 730 3651 veris,
760 3588 974 3641 occidat
1005 3588 1099 3640 tibi
1130 3587 1211 3641 sol
1259 3588 1485 3653 justitite
1527 3585 1778 3647 meridie,
1827 3595 1881 3638 et
1926 3585 2169 3639 scientiae

562 3684 744 3735 lumen
777 3682 1036 3739 intereat.
1072 3690 1123 3734 et
1165 3679 1425 3747 Splendor
1465 3680 1641 3743 lunae,
1678 3678 1728 3732 id
1759 3688 1873 3744 est,
1907 3677 2169 3732 Ecclesiae

562 3772 939 3834 subtrahatur,
967 3780 1022 3825 et
1066 3772 1234 3826 stellm
1267 3770 1553 3834 occidant,
1585 3770 1654 3824 de
1682 3770 1876 3838 quibus
1904 3770 2167 3838 scriptum

565 3875 649 3919 est
676 3884 686 3917 :
736 3863 801 3917 In
831 3865 1015 3931 quibus
1058 3863 1238 3917 lucetis
1279 3864 1428 3932 quasi
1478 3863 1757 3916 luminaria
1784 3864 1835 3917 in
1867 3864 2058 3916 mundo
2087 3880 2172 3916 ra-

561 3960 753 4030 ,ionent
794 3958 907 4011 vita:
950 3954 1071 4027 [ΑΙ.
1099 3956 1235 4026 vita]
1283 3954 1524 4009 habentes
1564 3953 1805 4021 (Philip.
1837 3970 1909 4017 tt,
1946 3956 2070 4025 15).
2104 3955 2171 4010 Et

562 4054 691 4107 alibi
721 4072 733 4106 :
773 4066 794 4087 ιτ
826 4052 998 4107 Stella
1027 4068 1057 4103 α
1087 4049 1236 4107 stella
1263 4048 1437 4115 diiert
1468 4050 1521 4101 in
1550 4047 1719 4120 gloria
1749 4048 1857 4118 [AL
1890 4048 2167 4119 claritate].

564 4148 851 4215 Antequam
879 4152 1204 4198 revertuntur
1229 4142 1385 4194 nubes
1419 4149 1531 4209 post
1560 4141 1788 4209 pluviam
1812 4140 1899 4210 (Ill
1926 4138 2048 4194 Cor.
2076 4154 2169 4205 xv,

565 4241 644 4307 t),
668 4254 735 4293 ne
760 4238 1046 4306 Propheta:
1070 4236 1162 4307 qui
1200 4234 1366 4289 corda
1392 4232 1757 4297 credentium,
1790 4248 1889 4287 suo
1916 4248 2173 4289 sermone

563 4334 785 4400 suisque
838 4330 1029 4399 pluviis
1058 4331 1307 4399 irrigant,
1341 4338 1634 4398 postquam
1669 4336 1719 4378 te
1751 4326 1925 4380 imbre
1963 4340 2062 4380 suo
2094 4325 2175 4382 in-

566 4426 790 4493 dignum
841 4440 965 4479 esse
1016 4424 1421 4494 perspexeriut,
1479 4430 1827 4477 revertantur
1874 4419 1940 4474 ad
1985 4420 2169 4477 sedem

566 4533 721 4573 suam
752 4537 762 4570 :
793 4517 860 4571 ad
888 4533 1013 4571 cum
1042 4517 1285 4583 scilicet,
1313 4532 1340 4567 ει
1370 4531 1477 4585 quo
1509 4515 1661 4569 missi
1690 4523 1841 4569 sunt.

641 4611 707 4665 In
735 4610 820 4664 die
844 4627 944 4681 quo
974 4611 1100 4663 moti
1130 4610 1321 4678 fuerint
1366 4608 1602 4663 custodes
1643 4608 1827 4662 domus
1849 4646 1863 4670 ,
1914 4618 1963 4661 et
1995 4608 2165 4678 perie-

563 4708 672 4760 rint
699 4706 798 4760 viri
822 4704 1163 4775 fortitudinis.
1196 4700 1469 4758 Custodes
1497 4702 1711 4767 domus,
1744 4713 1839 4757 aut
1879 4704 1961 4759 sol
2012 4705 2169 4765 intel-

563 4799 748 4867 ligitur
798 4808 851 4852 et
901 4796 1050 4862 luna,
1101 4804 1158 4850 et
1211 4794 1454 4865 reliquus
1500 4804 1773 4850 astrorum
1816 4795 2041 4861 chorus,
2074 4808 2169 4853 aut

565 4890 756 4959 Angeli
786 4890 876 4961 qui
913 4889 1037 4943 huic
1071 4889 1271 4942 mundo
1318 4886 1640 4959 praesident.
1673 4887 1785 4942 Viri
1837 4902 1971 4943 vero
2014 4888 2167 4943 forti-

566 4986 787 5051 tudinis,
824 4986 945 5041 sive
977 4982 995 5021 ί
1033 4985 1216 5055 fortes,
1260 4992 1318 5036 ut
1347 4984 1739 5052 interpretatus
1781 4991 1865 5037 est
1912 4981 2169 5052 Symma-

633 5140 658 5166 ⁸
708 5128 884 5184 Voces
910 5137 957 5179 et
984 5127 1113 5179 tuna
1136 5137 1167 5178 a
1200 5124 1448 5179 Palatino
1487 5134 1540 5178 et
1588 5122 1851 5179 Vaticano
1898 5137 2032 5178 mss.
2065 5122 2161 5179 ab-

561 5209 864 5323 smli‘l'atic.
898 5267 1168 5321 tribulatio
1192 5281 1400 5336 magna,
1430 5273 1479 5319 et
1504 5265 1771 5335 angustia,
1800 5274 1904 5319 etc.

639 5355 660 5379 ε
718 5342 856 5395 Male
906 5354 1095 5395 vocem
1124 5338 1331 5400 donius,
1378 5336 1479 5391 hoc
1508 5339 1683 5391 altero
1730 5337 1848 5389 loco
1898 5337 2159 5391 omiserat

563 5413 925 5495 "Martiattmtts,
958 5426 1119 5481 quam
1147 5427 1213 5465 ex
1248 5426 1383 5464 mss.
1411 5408 1642 5479 aliisque
1667 5407 1831 5463 editis
1863 5407 2015 5462 libris
2046 5408 2157 5461 suf-

554 5487 846 5607 fecdmlliitis
879 5554 1177 5617 Palatinus,
1210 5554 1319 5607 dies
1357 5552 1569 5607 malitia:
1614 5550 1851 5605 adveniat
1878 5549 1932 5601 in
1960 5548 2043 5599 die
2069 5550 2151 5606 iu-

558 5626 774 5679 ventutis
803 5634 905 5677 tua:
930 5624 1251 5677 insanabilis.
1292 5622 1473 5677 Facile
1502 5637 1637 5675 vero
1665 5620 1946 5685 praeferam
1972 5617 2145 5673 Vatic.

550 5707 715 5762 atque
744 5697 968 5749 alterius
996 5695 1225 5749 Palatini
1279 5695 1564 5748 lectionem
1584 5733 1597 5758 ,
1628 5692 1738 5745 dies
1771 5689 2003 5753 malitiae,
2038 5691 2146 5747 dies

544 5767 713 5816 veniat
743 5764 1064 5819 insanabilis.

606 5842 626 5866 ο
663 5833 829 5887 Stella
860 5834 1080 5901 a‘stclla
1114 5834 1284 5901 ili/fert
1314 5837 1364 5888 in
1394 5834 1585 5905 gloria.
1622 5833 1699 5888 lta
1730 5834 1919 5907 legunt
1946 5845 2140 5891 omnes

2195 4567 2248 4628 D

2253 518 2531 572 transtulit
2561 520 2824 579 errabant,
2854 520 3134 573 tliBtllOlleS
3159 521 3497 587 sentiuntur,
3526 535 3557 573 a
3588 519 3721 575 forti
3751 519 3874 572 dia-

2250 610 2377 665 bolo
2419 612 2581 667 etiam
2631 613 2733 683 ipsi
2784 613 3002 667 fortium
3046 614 3226 667 sortiti
3282 613 3639 669 vocabulum.
3687 612 3869 680 Quem

2250 719 2515 773 superans
2549 698 2832 769 Dominus,
2866 715 2922 760 et
2950 706 3144 776 ligans,
3172 706 3324 774 juxta
3366 706 3659 776 Evangelii
3703 720 3873 775 para-

2249 796 2428 851 bolam
2460 808 2483 844 8
2517 798 2623 869 [AL
2674 799 3047 870 sententiam},
3078 811 3255 853 vastat
3288 800 3516 854 domum
3550 802 3677 869 ejus
3707 798 3868 870 (Luc.

2250 890 2348 959 si).
2382 891 2586 945 Aliter:
2616 890 2891 946 Custodes
2920 892 3137 956 domus,
3160 894 3254 961 qui
3285 894 3354 948 ad
3383 908 3588 963 corpus
3619 893 3875 947 hominis

2248 982 2491 1037 referunt
2520 992 2717 1039 cuncta
2745 1000 2867 1054 quae
2900 985 3105 1055 scripta
3146 994 3295 1053 sunt,
3334 996 3522 1041 costas
3552 985 3871 1056 signiﬁcari

2251 1084 2462 1144 putant,
2512 1076 2655 1146 quod
2688 1077 2755 1131 ab
2804 1078 2935 1146 ipsis
2983 1078 3239 1132 intestina
3291 1078 3601 1145 vallentur,
3640 1089 3700 1133 et
3750 1088 3874 1133 tota

2250 1167 2459 1219 ventris
2488 1167 2775 1221 mollitudo
2812 1175 3083 1221 servetur.
3118 1169 3280 1224 Viros
3314 1185 3449 1223 vero
3480 1172 3675 1233 fortes,
3700 1184 3873 1224 crura

2250 1259 2561 1312 aestimant:
2596 1260 2768 1314 solem
2793 1301 2807 1323 ,
2837 1270 2892 1313 et
2935 1260 3142 1326 lunam,
3192 1270 3248 1315 et
3290 1262 3501 1327 stellas,
3532 1263 3601 1317 ad
3641 1262 3866 1325 oculos,

2250 1367 2409 1405 aures
2430 1393 2444 1414 ,
2474 1368 2655 1420 nares,
2686 1361 2743 1408 et
2772 1354 2936 1408 totius
2968 1355 3166 1424 capitis
3194 1370 3390 1411 sensus
3418 1365 3700 1427 coaptaut.
3746 1356 3873 1409 lloc

2249 1456 2427 1499 autem
2462 1447 2603 1513 ideo,
2637 1448 2761 1517 quia
2796 1448 3026 1503 inferius
3051 1450 3385 1504 necessitate
3414 1460 3712 1521 coguntur,
3746 1463 3871 1504 non

2249 1542 2317 1597 de
2347 1544 2555 1612 angelis
2579 1552 2634 1597 et
2662 1544 3029 1609 di-tnonibus,
3074 1545 3216 1613 sole,
3250 1554 3309 1599 et
3349 1545 3499 1609 luna,
3545 1554 3603 1601 et
3652 1544 3867 1609 stellis,

2249 1636 2342 1690 sed
2373 1637 2438 1690 de
2457 1634 2693 1690 hominis
2721 1637 2981 1691 membris
3019 1637 3327 1707 intelligere
3367 1653 3487 1707 quae
3525 1646 3870 1707 sequuntur.

2325 1729 2388 1783 Et
2420 1730 2683 1783 cessabunt
2734 1730 3019 1784 inolentes:
3068 1730 3319 1799 quoniam
3362 1730 3643 1783 imminuta:
3688 1739 3872 1783 sunt:

2256 1833 2300 1877 et
2330 1823 2773 1878 contenebrescent
2803 1841 2917 1894 qum
2946 1824 3120 1878 vident
3152 1825 3204 1878 in
3237 1823 3587 1895 foraminibus.
3622 1823 3685 1877 ιιι
3713 1837 3878 1877 con-

2257 1919 2620 1973 summatione
2662 1919 2849 1973 mundi
2896 1934 3018 1973 cum
3051 1918 3369 1989 refriguerit
3398 1918 3691 1972 multorum
3722 1916 3874 1971 cha-

2258 2012 2409 2077 ritas,
2438 2019 2495 2065 et
2520 2010 2821 2066 imminuta:
2841 2010 3050 2066 fuerint
3078 2011 3279 2066 animae
3302 2010 3717 2080 magistrorum,
3742 2024 3875 2077 qua:

2260 2112 2490 2174 possunt
2540 2104 2821 2159 ctelestem
2896 2105 3080 2157 cibum
3147 2104 3395 2172 prtebere
3474 2100 3867 2163 credentibus,

2259 2199 2646 2267 translatteque
2706 2200 2757 2250 in
2808 2198 3110 2253 caelestia:
3160 2208 3289 2251 tunc
3357 2195 3627 2264 incipient
3676 2194 3729 2249 lii
3774 2192 3871 2263 qui

2259 2307 2323 2345 es
2369 2301 2521 2369 parte
2576 2291 2630 2345 in
2680 2292 2783 2345 hoc
2830 2290 3036 2345 mundo
3088 2290 3438 2344 intuebantur
3478 2290 3663 2344 lumen
3688 2290 3874 2343 scien-

2261 2386 2391 2451 tire,
2449 2385 2649 2439 involvi
2711 2385 2973 2439 tenebris.
3025 2383 3083 2439 Si
3147 2384 3294 2438 enim
3356 2383 3528 2454 Moysi
3594 2383 3799 2436 dicitur
3854 2399 3870 2435 :

2262 2477 2467 2531 Ponant
2522 2487 2570 2531 te
2624 2478 2681 2533 in
2748 2478 3002 2548 foramine
3053 2486 3212 2545 petra
3260 2493 3278 2530 :
3330 2486 3377 2530 et
3438 2477 3513 2530 sic
3580 2476 3875 2546 posteriora

2260 2587 2373 2625 mea
2429 2571 2620 2625 ridebis
2676 2568 2898 2640 (Exod.
2950 2585 3148 2633 xuttt,
3202 2568 3313 2637 Si)
3358 2586 3371 2622 :
3441 2578 3647 2639 quanto
3699 2569 3875 2638 magis

2263 2678 2601 2732 unaqumque
2640 2662 2823 2717 anima
2877 2678 2976 2731 per
3016 2660 3299 2726 foramen,
3328 2669 3384 2715 et
3424 2661 3686 2730 quasdam
3722 2669 3877 2714 tene-

2264 2757 2455 2811 brosas
2492 2771 2761 2811 cavernas
2806 2756 3001 2825 aspicit
3070 2755 3391 2809 veritatem!
3447 2754 3622 2809 Aliter
3666 2772 3678 2805 :
3740 2753 3877 2808 Ilua:

2266 2851 2535 2906 inolentes
2564 2858 2712 2910 sunt,
2745 2865 2807 2903 ex
2835 2851 3038 2918 quibus
3060 2845 3085 2883 ¹¹
3129 2864 3289 2903 unam
3324 2850 3519 2916 recipi,
3549 2860 3602 2902 et
3637 2848 3875 2902 alteram

2264 2945 2527 3014 relinqui,
2562 2943 2920 3013 Evangeliutn
2954 2958 3059 2996 non
3096 2951 3237 2996 tacet
3288 2941 3502 3011 (.llattlt.
3539 2958 3698 3005 xxiv,
3752 2942 3873 3007 il).

2266 3038 2400 3105 Qum
2429 3053 2553 3091 cum
2586 3039 2887 3092 imminutae
2917 3036 3138 3103 fuerint,
3175 3045 3340 3103 atque
3368 3034 3736 3096 cessaverint,
3771 3046 3878 3087 ne-

2269 3144 2423 3185 cesse
2476 3141 2558 3183 est
2619 3142 2676 3185 ut
2734 3144 2899 3183 omne
2950 3128 3129 3182 lumen
3178 3128 3424 3181 scientia:
3474 3124 3759 3180 auferatur
3806 3140 3877 3179 ex

2269 3223 2459 3277 oculis.
2516 3223 2720 3276 Aliter:
2774 3221 3005 3276 Cessare
3056 3219 3356 3285 molentes,
3401 3218 3524 3287 quia
3572 3217 3880 3272 imminuta

2269 3314 2400 3381 sint,
2433 3314 2503 3368 de
2529 3314 2785 3368 dentibus
2814 3311 3018 3366 dictum
3049 3320 3260 3379 putant.
3282 3309 3436 3377 Quod
3468 3325 3591 3364 cum
3625 3320 3877 3364 estrema

2270 3415 2527 3461 senectus
2553 3404 2857 3469 advenerit,
2892 3404 3088 3457 tleutes
3133 3417 3354 3471 quoque
3400 3410 3495 3457 aut
3533 3410 3874 3465 atteruntur,

2271 3509 2360 3552 aut
2388 3498 2647 3552 decidunt
2674 3516 2683 3549 :
2711 3496 2911 3566 quibus
2939 3494 3210 3564 permoliti
3242 3494 3347 3547 cibi
3393 3495 3445 3548 iit
3482 3494 3664 3549 alvum
3696 3501 3874 3547 trans-

2273 3590 2586 3644 mittuntur.
2616 3588 3025 3642 Tenebrescere
3062 3597 3241 3640 autem
3276 3585 3525 3641 videntes
3565 3586 3620 3639 in
3653 3584 3875 3640 forami-

2273 3681 2464 3743 nibus,
2518 3680 2706 3735 oculos
2763 3680 3150 3733 arbitrantur:
3195 3679 3340 3748 quod
3391 3686 3556 3733 aetate
3603 3678 3872 3733 contectis

2273 3773 2470 3840 caliget
2499 3772 2667 3836 acies,
2693 3781 2747 3828 et
2780 3774 3007 3827 intuitus
3036 3772 3377 3827 obscuretur.

2344 3863 2412 3917 Et
2441 3865 2683 3918 claudent
2711 3865 2843 3917 ostia
2874 3866 2926 3918 in
2957 3866 3126 3932 platea
3160 3865 3212 3917 in
3250 3863 3546 3921 humilitate
3578 3866 3715 3919 vocis
3758 3882 3871 3920 αο-

2274 3958 2464 4012 lentis:
2494 3967 2539 4012 et
2583 3965 2853 4027 consurget
2897 3958 2963 4011 ad
3003 3973 3177 4012 vocent
3212 3956 3471 4021 volucris;
3511 3966 3560 4011 et
3616 3959 3873 4012 obmutes-

2275 4060 2387 4106 cent
2428 4067 2600 4105 omnes
2641 4049 2767 4119 ﬁlia:
2807 4050 3072 4104 carminis.
3118 4048 3254 4103 Cum
3287 4066 3388 4102 vox
3423 4049 3682 4105 molentis
3714 4049 3876 4106 fuerit

2276 4142 2571 4207 infirmata,
2598 4151 2649 4195 et
2678 4143 3064 4212 magistrorum
3089 4142 3332 4197 doctrina
3356 4144 3678 4207 cessaverit,
3706 4140 3875 4215 ‘89

2274 4244 2677 4315 consequenter
2700 4236 2994 4289 cessabunt
3022 4237 3205 4290 omnia
3237 4253 3249 4287 :
3282 4236 3424 4289 inter
3454 4252 3588 4305 qum,
3631 4244 3683 4288 et
3723 4236 3875 4290 ostia

2274 4328 2597 4383 claudentur
2628 4330 2681 4384 in
2711 4330 2912 4398 platea,
2946 4340 3003 4381 ut
3040 4327 3194 4397 juxta
3235 4327 3412 4383 fatuas
3450 4326 3721 4396 Evangelii
3751 4328 3875 4383 vir-

2274 4419 2427 4489 gines
2456 4420 2669 4491 (Matth.
2697 4420 2851 4490 xxv),
2876 4418 3251 4489 unusquisque
3284 4419 3478 4476 ltabcat
3504 4418 3722 4473 clausas
3750 4433 3872 4476 suat

2278 4515 2469 4585 plateae
2496 4516 2709 4583 jauuas,
2744 4525 2798 4569 et
2828 4514 2930 4567 illa
2956 4513 3135 4569 oleum
3164 4529 3348 4569 emere
3373 4530 3477 4568 non
3507 4514 3741 4584 possint.
3766 4511 3869 4568 Vel

2273 4616 2456 4675 certe,
2491 4606 2651 4660 fatuis
2687 4606 2988 4676 virginibus
3041 4604 3511 4661 circutnettntibus
3558 4605 3610 4658 in
3666 4608 3865 4673 p‘atea,

2272 4701 2528 4757 claudent
2557 4699 2866 4756 cubiculum
2900 4699 3086 4768 sponsi
3118 4715 3241 4769 quae
3268 4714 3392 4752 cum
3423 4714 3489 4754 eo
3521 4697 3866 4752 intraverint.

2270 4795 2323 4851 Si
2349 4794 2495 4849 enim
2521 4804 2668 4849 arcta
2696 4805 2750 4849 et
2780 4803 3012 4863 angusta
3038 4794 3124 4847 via
3151 4802 3235 4847 est
3255 4808 3375 4863 qua:
3401 4790 3552 4846 ducit
3581 4792 3647 4843 ad
3681 4790 3867 4855 vitam,

2270 4895 2323 4940 et
2352 4887 2457 4939 lata
2490 4896 2543 4939 et
2597 4886 2863 4955 spatiosa,
2895 4901 3013 4955 qua:
3043 4884 3194 4939 ducit
3247 4885 3313 4937 ad
3366 4894 3597 4938 mortem
3648 4883 3863 4955 (Matth.

2272 4979 2403 5053 vit):
2440 4990 2605 5047 recte,
2641 4979 2964 5051 refrigerata
3012 4979 3278 5036 charitate
3313 4978 3642 5043 multorum,
3673 4978 3866 5033 ostium

2268 5137 2397 5176 mss.
2430 5121 2648 5175 codices
2676 5120 2827 5186 juxta
2858 5120 3135 5187 antiquam
3168 5119 3471 5184 Vulgatam,
3508 5116 3563 5171 in
3593 5133 3697 5187 qua
3730 5118 3862 5173 scri-

2266 5202 2414 5263 ptum
2443 5202 2560 5247 erat
2586 5210 2599 5245 :
2626 5193 2751 5263 Alia
2770 5201 2842 5244 est
2868 5192 3036 5263 gloria
3061 5190 3206 5255 solis,
3236 5190 3344 5244 alia
3361 5190 3859 5263 glorialttna,etc.,

2260 5258 2318 5317 ut
2350 5262 2509 5317 fidem
2544 5263 2701 5317 nobis
2733 5258 3171 5331 facit'exemplar
3210 5278 3340 5315 mss.
3380 5258 3859 5331 Graeco-Latinum

2265 5333 2630 5395 Epistolarum
2671 5334 2728 5389 S.
2778 5333 2931 5388 Pauli
2982 5330 3275 5389 in’nostra
3331 5330 3858 5386 San—Germaueusi

2262 5405 2596 5459 Bibliotheca
2640 5420 2785 5460 nunc
2812 5413 3170 5459 asservatum.
3208 5403 3483 5457 Maurus.

2340 5474 2357 5513 ί
2394 5476 2664 5546 Ειμυιικίι
2711 5476 2937 5530 Palatio.
2977 5492 3199 5538 vocem,
3249 5474 3429 5542 fortes,
3467 5472 3851 5539 substituitque

2261 5546 2473 5600 virtutes
2494 5563 2513 5599 :
2542 5550 2699 5611 alter,
2726 5548 2827 5600 sire
2858 5548 3080 5607 virtutis,
3117 5546 3260 5615 legit.

2335 5628 2358 5666 t5
2390 5617 2557 5672 Juxta
2592 5618 2862 5688 Evangelii
2898 5612 3217 5688 parabolani.
3266 5613 3475 5669 Erasm.
3524 5621 3582 5667 cl
3627 5612 3850 5668 Morian.

2250 5689 2404 5759 iusta
2450 5688 2716 5759 Evangelii
2748 5687 3072 5742 sententiam.
3118 5687 3385 5759 Maenia.

2328 5756 2352 5797 δ
2384 5760 2512 5815 Mss.
2542 5754 2697 5815 unam
2724 5760 2871 5829 rapi,
2897 5768 2941 5813 et
2992 5758 3209 5813 alteram
3236 5754 3482 5827 relinqui.
