3998 6320
157 274 291 333 illi!)

1174 281 1719 344 COMMENTARIUS
1757 286 1825 344 IN
1864 285 2404 351 εαιιειιΑδΤΕΝ.

3314 298 3455 359 1110

144 390 517 447 doctrinarum
560 392 838 449 clauditur
886 395 939 450 in
994 396 1218 467 plateis.
1262 398 1522 467 Sequenti
1566 410 1747 457 autem
1776 406 1828 465 Α
1855 418 2019 459 aures
2075 406 2369 476 signiﬁcat,
2421 410 2570 478 quod
2604 410 2828 481 gravior
2857 422 3050 471 senum
3080 416 3298 471 auditus
3326 415 3452 482 iiut,

144 485 441 549 versiculo,
476 486 530 539 in
564 500 631 541 eo
683 487 826 555 quod
880 490 991 542 ait:
1049 488 1118 542 Et
1156 502 1428 564 consurget
1469 494 1537 545 ad
1576 510 1748 547 uocent

142 578 366 631 volucris
388 617 404 643 ,
436 580 553 633 sive
578 580 826 649 passeris,
857 591 1075 637 utemur
1119 581 1232 653 [ΑΙ.
1258 584 1463 639 utimur
1469 598 1488 657 J
1522 586 1574 641 in
1613 596 1749 641 tem-

139 684 295 739 pore,
330 672 376 727 si
423 672 643 741 quando
693 673 991 729 viderimus
1045 686 1385 745 peccatorem
1429 679 1495 732 ad
1553 686 1742 734 vocem

137 763 404 832 episcopi,
456 766 571 819 sive
618 766 923 835 presbyteri
954 782 1049 836 per
1082 768 1463 837 penitentiam
1513 786 1743 827 consur-

135 867 383 926 gentem.
415 857 602 912 Potest
649 874 868 928 quoque
899 859 1003 915 hoc
1032 862 1495 932 extraordinarie,
1529 864 1745 921 tametsi

134 959 457 1005 contextum
489 952 712 1021 capituli
753 968 860 1007 non
910 969 1221 1024 sequamur,
1275 966 1331 1011 et
1374 957 1443 1011 de
1493 966 1518 994 α
1549 957 1740 1014 ultima

138 1046 546 1100 resurrectione
576 1047 793 1117 accipi,
825 1049 1042 1117 quando
1083 1049 1148 1102 ad
1204 1066 1390 1105 vocem
1426 1051 1739 1122 archangeli

131 1146 430 1207 resurgant
469 1140 695 1191 mortui.
725 1138 838 1194 Nec
883 1141 1214 1208 mirandum,
1258 1144 1302 1195 si
1344 1143 1521 1213 angeli
1556 1144 1737 1198 tubam

130 1230 345 1297 passeri
382 1242 760 1299 comparemus
786 1272 800 1297 ,
851 1247 972 1287 cum
1003 1236 1181 1287 omnis
1210 1250 1314 1289 vox
1354 1236 1419 1290 ad
1459 1236 1738 1291 Christum

126 1332 471 1389 comparata,
492 1324 564 1377 sit
587 1324 785 1378 tenuis.
809 1325 871 1377 Et
896 1334 1159 1395 quantum
1179 1342 1281 1397 ego
1313 1343 1530 1397 possum
1553 1329 1737 1384 animo

127 1414 433 1479 recordari,
461 1430 753 1485 numquam
787 1431 1064 1485 passerem
1097 1421 1149 1473 in
1183 1421 1381 1475 malam
1418 1432 1625 1490 partem
1657 1424 1733 1477 le-

123 1508 279 1577 gisse
307 1524 391 1563 me
419 1511 563 1563 novi.
614 1510 882 1580 Loquitur
927 1512 978 1565 in
1011 1513 1225 1568 decimo
1261 1515 1474 1585 psalmo
1497 1515 1679 1584 justus
1712 1532 1729 1571 ε

126 1602 199 1657 1η
234 1602 456 1657 Domino
503 1606 751 1674 con/ida:
808 1609 1063 1676 quomodo
1118 1610 1288 1662 dicitis
1336 1612 1523 1665 anima:
1572 1627 1729 1676 metu,

123 1699 442 1768 transmigra
488 1699 542 1751 in
570 1709 794 1754 montem
825 1702 958 1753 sicut
1004 1719 1204 1771 passer.
1254 1703 1320 1757 Et
1368 1704 1541 1758 alibi:
1582 1703 1731 1773 Vigi-

1852 507 1907 551 et
1936 492 2278 555 nulla’inter
2309 512 2471 557 voces
2517 505 2736 561 valeant
2787 507 2929 561 seire
2973 509 3311 577 discrimina,
3346 522 3448 564 nec

1849 591 2187 647 carminibus
2224 594 2507 651 delectari.
2540 598 2696 663 Quod
2722 600 2942 669 quidem
2973 612 3027 657 et
3061 603 3325 658 Berseliai
3367 602 3447 657 i0-

1847 687 2032 752 quitur
2062 684 2127 739 ad
2162 686 2355 753 David,
2392 690 2584 744 nolens
2614 693 2845 746 transire
2869 691 3189 749 Jordanem.

1918 776 2028 833 Sed
2058 788 2104 833 et
2125 780 2189 832 ob
2212 781 2422 835 excelsis
2448 784 2698 839 timebunt
2727 795 2772 837 et
2802 786 3155 855 formidabant
3182 788 3235 841 in
3258 788 3361 841 via.
3388 786 3445 841 Id

1844 882 1950 938 est,
1974 872 2142 928 ardua
2172 874 2377 944 ingredi
2407 892 2513 930 non
2540 878 2815 943 valebunt,
2846 889 2902 931 et
2931 878 3087 933 lassis
3120 879 3441 948 p0plitibus,

1844 980 1904 1019 ac
1936 968 2188 1022 trementi
2214 968 2465 1037 vestigio,
2498 973 2662 1024 etiam
2692 971 2748 1025 in
2768 972 2928 1039 plano
2950 972 3146 1026 itinere
3171 971 3443 1027 ﬂuctuan-

1843 1068 1946 1123 tes,
1980 1060 2241 1117 oil'ensam
2270 1078 2553 1132 gressuum
2587 1064 2979 1120 formidabant.

1910 1148 1979 1203 Et
2010 1153 2214 1221 ﬂorebit
2243 1156 2598 1225 amygdalum,
2628 1166 2677 1211 et
2700 1156 3113 1226 impinguabitur
3139 1156 3360 1223 locusta,
3391 1166 3439 1211 et

1839 1242 2171 1315 dissipabitur
2221 1250 2495 1316 capparis:
2541 1252 2782 1318 quoniam
2811 1250 2905 1303 ibit
2945 1250 3097 1302 homo
3127 1251 3180 1302 in
3222 1250 3435 1303 domum

1837 1336 2134 1389 wternitatis
2162 1352 2268 1391 saw
2293 1354 2311 1391 :
2356 1349 2403 1392 et
2432 1339 2773 1393 circumibunt
2810 1341 2865 1393 in
2894 1340 3067 1410 platea
3112 1340 3435 1411 plangentes.

1837 1427 1940 1481 Per
1984 1430 2354 1499 metaphoram
2383 1433 2548 1488 etiam
2602 1446 2745 1489 nunc
2784 1433 2854 1487 de
2885 1433 3146 1487 membris
3197 1433 3434 1491 hominis

1837 1520 2180 1576 Ecclesiastre
2211 1538 2397 1577 sermo
2422 1534 2531 1578 cst:
2567 1524 2710 1594 quod
2741 1540 2863 1577 cum
2906 1536 3159 1580 senectus
3187 1525 3431 1581 advene-

1836 1612 1929 1677 rit,
1955 1613 2180 1681 capillus
2212 1614 2538 1681 incanuerit,
2574 1617 2870 1672 tumuerint
2913 1618 3101 1686 pedes,
3136 1616 3304 1673 libido
3343 1634 3433 1674 re-

1833 1704 2064 1773 frixerit,
2084 1716 2138 1760 et
2161 1706 2325 1763 homo
2348 1719 2523 1762 morte
2548 1709 2713 1764 fuerit
2736 1708 3037 1764 dissolutus
3060 1728 3070 1761 :
3095 1717 3224 1764 tunc
3248 1725 3433 1765 rever-

124 1788 263 1853 laui,
316 1801 361 1843 et
408 1792 574 1857 {actus
628 1809 741 1845 sum
792 1793 924 1848 sicut
961 1811 1138 1864 passer
1178 1796 1442 1850 solitarius
1494 1798 1549 1850 in
1601 1806 1731 1851 tecto
1760 1790 1808 1853 Β
1838 1807 1980 1853 letor
2006 1800 2060 1853 in
2091 1810 2289 1855 terram
2320 1816 2475 1857 suam
2502 1799 2530 1839 Ι)
2558 1802 2688 1857 etin
2711 1802 2932 1857 domum
2967 1802 3293 1857 aeternitatis
3314 1818 3428 1858 sua:

120 1880 299 1950 (Psal.
333 1898 406 1948 c1,
431 1883 510 1953 8).
542 1884 766 1939 Necnon
798 1896 854 1940 et
886 1887 935 1940 in
965 1888 1070 1943 alio
1112 1889 1267 1943 loco:
1299 1888 1506 1943 Etenim
1548 1907 1725 1958 passer

116 1973 318 2027 invenit
340 1975 435 2029 sibi
461 1976 861 2047 domumlPsal.
895 1995 1117 2041 unm,
1142 1979 1222 2049 4).
1254 1980 1429 2035 Aliter
1454 2000 1467 2034 :
1496 1980 1725 2038 Clausas

116 2065 173 2118 in
208 2066 411 2133 plateis
438 2069 666 2135 januas,
711 2070 955 2125 inlirmos
993 2074 1139 2126 senis
1170 2088 1392 2142 gressus
1422 2075 1599 2143 accipi
1630 2089 1723 2130 vo-

112 2159 275 2213 lunt:
320 2162 461 2231 quod
491 2178 707 2232 semper
729 2164 950 2231 sedeat,
982 2176 1038 2219 et
1061 2166 1347 2221 ambulare
1386 2182 1492 2221 non
1524 2168 1716 2236 possit.

108 2254 495 2310 Humilitatem
552 2267 733 2313 autem
762 2260 916 2314 vocis
950 2260 1224 2323 molentis,
1270 2260 1338 2316 de
1387 2262 1722 2317 mandibnlis

109 2349 567 2418 interpretantur,
626 2352 769 2421 quod
824 2353 1001 2407 cibum
1057 2364 1234 2408 terere
1266 2365 1521 2424 nequeat,
1552 2362 1608 2409 et
1635 2356 1719 2410 vix

106 2443 313 2513 spiritu
366 2456 667 2511 coarctato,
720 2463 823 2501 vox
871 2448 984 2517 ejus
1017 2447 1194 2502 tenuis
1232 2448 1504 2503 audiatur.
1548 2449 1721 2503 Porro

105 2551 447 2607 consurgere
478 2554 603 2592 eum
632 2540 696 2592 ad
728 2556 913 2595 vocem
947 2541 1210 2609 volucris,
1243 2540 1408 2613 5,90
1434 2542 1714 2609 ostendit,

106 2629 256 2697 quod
309 2628 635 2699 lrigescente
660 2632 770 2700 jam
803 2635 1096 2701 sanguine,
1123 2643 1177 2687 et
1224 2635 1453 2688 humore
1484 2636 1711 2699 siccato,

105 2721 308 2789 quibus
350 2724 588 2777 materiis
614 2740 779 2795 sopor
807 2725 989 2795 alitur,
1022 2726 1087 2780 ad
1122 2728 1293 2781 levem
1324 2729 1560 2781 sonitum
1590 2728 1707 2782 evi—

104 2814 261 2883 gilet,
304 2818 582 2887 noctisque
632 2818 830 2885 medio,
867 2835 989 2873 cum
1020 2820 1195 2890 gallus
1238 2822 1518 2884 cecinerit,
1551 2821 1704 2877 festi-

107 2923 214 2962 nus
268 2922 572 2980 exsurgat:
632 2926 973 2982 nequaquam
1031 2912 1218 2968 valens
1279 2922 1451 2967 strato
1504 2915 1704 2983 szepius

108 3001 352 3055 membra
386 3013 729 3058 convertere.
778 3004 1165 3061 Obmutescere
1203 3022 1454 3076 quoque,
1492 3008 1609 3061 sive
1647 3014 1705 3059 ut

106 3095 310 3149 melius
358 3095 523 3151 habet
548 3098 598 3151 in
636 3098 885 3163 Hebraeo,
914 3100 1209 3154 surdcscere
1250 3101 1391 3167 ﬁlias
1437 3101 1698 3167 carminis,

1820 1893 2133 1961 sepulcrum
2168 1912 2177 1946 :
2222 1894 2607 1965 essequiisque
2658 1895 2762 1949 rite
2806 1894 3123 1959 celebratis,
3160 1896 3428 1966 plangen-

1826 1985 1959 2039 tium
1982 1984 2143 2040 funus
2169 1986 2323 2040 turba
2350 1985 2645 2055 praecedat.
2676 1986 2897 2042 Florem
2926 1995 3106 2042 autem
3129 1988 3424 2058 amygdali,

1822 2096 1983 2150 quem
2013 2096 2112 2135 nos
2142 2095 2239 2149 pro
2263 2082 2412 2135 canis
2436 2081 2743 2149 posuimus,
2770 2080 2991 2150 quidam
3019 2092 3041 2119 ο
3075 2094 3290 2135 sacram
3316 2081 3425 2150 spi-

1824 2189 1947 2227 nam
2001 2176 2451 2241 interpretantur,
2506 2174 2671 2243 quod,
2723 2173 3171 2229 decrescentibus
3216 2174 3421 2228 natium

1821 2264 2107 2330 carnibus,
2131 2266 2284 2333 spina
2308 2276 2615 2321 succrescat
2646 2274 2701 2319 et
2718 2264 2932 2319 ﬂoreat.
2961 2265 3133 2318 Porro
3151 2266 3292 2335 quod
3316 2266 3419 2319 ait:

1820 2356 2239 2428 lmpinguabitnr
2264 2358 2483 2421 locusta,
2516 2356 2798 2412 sciendum
2831 2356 2921 2411 ubi
2957 2356 3010 2411 itt
3042 2357 3245 2413 nostris
3267 2358 3421 2413 codi-

1820 2452 1974 2507 cibus
2022 2452 2241 2521 legitur,
2292 2450 2522 2517 locusta,
2574 2452 2626 2506 in
2680 2450 2909 2505 Hebraeo
2958 2450 3220 2520 scriptum
3271 2462 3416 2516 esse,

1819 2560 1989 2599 AAGAB
2020 2545 2171 2614 (nan)
2198 2563 2207 2597 2
2243 2544 2388 2614 quod
2418 2544 2643 2600 verbum
2674 2544 2815 2613 apud
2848 2558 2942 2598 eos
2972 2544 3281 2613 ambiguum
3314 2554 3417 2600 est.

1816 2639 2001 2694 Potest
2049 2639 2193 2694 enim
2225 2637 2329 2693 etd
2364 2639 2502 2692 talus
2548 2646 2602 2692 et
2649 2639 2849 2693 locusta
2892 2639 3202 2694 transferri.
3250 2636 3411 2710 θοι

1806 2731 2091 2798 Quomodo
2157 2730 2319 2799 igitur
2372 2730 2426 2785 in
2498 2729 2749 2785 Jeremiaa
2806 2730 3116 2799 principio,
3187 2732 3415 2784 verbum

1810 2836 1831 2859 υ
1856 2839 2019 2878 socco
2043 2822 2235 2910 (τραγ),
2253 2824 2299 2878 si
2314 2824 2553 2878 varietur
2568 2831 2847 2886 accentus,
2874 2832 3123 2878 etnucent
3144 2822 3418 2892 signiticet

1806 2927 1861 2970 et
1887 2916 2123 2989 vigilias;
2150 2916 2419 2971 etdicitur
2441 2915 2506 2970 ad
2528 2930 2684 2971 eum:
2722 2916 2863 2983 Quid
2893 2926 2946 2969 tu
2972 2916 3114 2970 uides
3140 2916 3415 2991 Ieremia?

1808 3008 1875 3062 Et
1905 3008 2212 3077 respondit:
2244 3006 2493 3062 Baculum
2518 3024 2740 3062 nuceum
2776 3006 2818 3061 ί.
2855 3007 2926 3061 Et
2947 3007 3024 3062 ait
3055 3008 3317 3061 Dominus
3338 3006 3409 3063 ad

1804 3116 1957 3155 eum:
1992 3099 2127 3155 Bene
2167 3100 2337 3153 vidisti
2364 3116 2381 3154 :
2421 3101 2544 3170 quia
2572 3100 2797 3172 vigilabo
2841 3115 2937 3170 ego
2964 3114 3118 3167 super
3146 3108 3169 3147 tt
3200 3098 3408 3153 verbum

182 3240 208 3267 ⁸
238 3231 401 3305 [idem
425 3233 593 3287 nostri
615 3248 743 3287 mss.
772 3243 826 3287 et
846 3248 982 3303 quos
1014 3234 1262 3288 Martian.
1282 3234 1555 3289 consuluit
1576 3233 1703 3302 legi-
1730 3235 1774 3297 C
1806 3233 2123 3295 Jeremiam,
2144 3232 2285 3305 quod
2305 3230 2644 3305 amygdalum
2670 3246 2883 3305 nucem,
2912 3236 2965 3287 Et
2990 3230 3213 3298 vigilare
3241 3232 3412 3303 signi-

105 3306 238 3375 tinta
263 3304 465 3375 l_egunt,
503 3319 599 3373 pro
630 3305 835 3356 ultima.
1130 3372 1137 3375 ’

183 3373 212 3411 δ
256 3373 321 3425 Et
355 3375 408 3427 in
438 3376 642 3427 domum
672 3376 993 3429 a’ternitatis.
1029 3373 1183 3431 Alius
1215 3387 1294 3429 cst
1328 3384 1521 3429 sensus
1561 3376 1699 3444 apud

108 3446 415 3501 Erasmtttn
439 3450 497 3500 ac
530 3446 847 3511 Marianum,
881 3450 971 3515 qui
1008 3459 1211 3500 mutant
1248 3450 1346 3500 hoc
1379 3449 1538 3501 modo
1572 3463 1704 3502 con-

106 3528 319 3570 textum
354 3515 662 3588 Hieronymi
696 3536 707 3570 :
739 3528 783 3569 et
815 3520 865 3570 in
898 3521 1104 3570 domum
1134 3522 1427 3572 atternitatis
1456 3536 1559 3571 sua:
1583 3535 1601 3571 :
1622 3537 1700 3572 se-

105 3589 343 3655 pulcrum
388 3590 639 3654 exsequiis
686 3598 879 3661 quierat
927 3590 1220 3655 celebratis,
1254 3590 1701 3661 plangentiumque

105 3660 268 3728 [unus
310 3661 455 3713 turba
491 3660 766 3730 pra'cednt.
804 3660 913 3729 Iloc
949 3662 1067 3713 ideo
1096 3662 1217 3729 quia
1249 3677 1353 3713 nuo
1390 3660 1698 3730 intelligunt

104 3732 512 3811 Striptttrarntn
547 3735 783 3811 phrasin)
820 3748 921 3811 qua
953 3734 1261 3811 sepulcrum
1288 3733 1697 3811 diciturdunnts

104 3796 433 3855 aeternitatis
462 3844 475 3865 ,
508 3796 805 3856 secundum
837 3796 965 3857 illud
997 3796 1189 3872 psalmi
1223 3820 1387 3857 vam
1416 3849 1428 3869 ,
1468 3796 1529 3857 12
1556 3826 1567 3856 ;
1604 3802 1699 3858 Se-

104 3872 293 3944 pttlcra
331 3888 506 3926 eorum
552 3875 730 3927 domus
780 3874 984 3927 illorum
1038 3877 1089 3928 in
1122 3884 1385 3928 azternum.
1423 3876 1693 3929 Maurum.

179 3974 251 4017 5-5
278 3944 492 3998 Alcuin.
530 3946 831 3998 aeternitatis
876 3961 983 4017 suae
1011 3947 1078 3999 ad
1121 3947 1435 4017 sepulcrum.
1468 3945 1698 4000 Veteres

103 4016 257 4077 editi,
274 4016 572 4069 aeternitatis
601 4033 737 4069 suat:
762 4016 1053 4087 sepulcrum
1074 4018 1327 4087 exsequiis
1348 4027 1541 4086 quaerat
1564 4018 1697 4071 cele-

104 4088 289 4151 bratis,
320 4098 425 4141 etc.

183 4170 205 4229 ς
237 4158 373 4229 Tres
401 4173 527 4213 mss.
560 4175 727 4212 seram
756 4160 976 4229 spinam.

180 4228 203 4265 ι¹
242 4228 497 4283 Erasmus
529 4245 625 4296 pro
654 4242 699 4282 et
733 4228 888 4295 talus,
925 4231 1115 4285 Gra’ce
1146 4232 1434 4290 ἀττάλαϐος
1462 4230 1690 4299 legerat,

104 4317 212 4367 qua
243 4301 383 4367 quod
418 4300 608 4355 fecerit
628 4302 695 4353 de
716 4315 899 4366 causa,
931 4303 1142 4355 nescire
1163 4318 1222 4354 se
1246 4305 1523 4367 prolitetur
1552 4302 1693 4355 Mar-

109 4372 355 4426 tianteus.
395 4373 738 4441 Explicuerat
765 4382 942 4425 tamen
968 4384 1121 4425 antea
1153 4374 1439 4430 Victorius.
1468 4371 1558 4441 qui
1588 4372 1695 4440 pri-

107 4458 235 4495 tnus
277 4444 449 4497 locum
502 4444 645 4496 hunc
679 4444 935 4502 restituit,
986 4454 1039 4496 et
1066 4446 1218 4511 cujus
1244 4444 1377 4495 satis
1425 4444 1689 4497 eruditam

103 4516 545 4567 observationem
579 4514 799 4568 totidem
825 4514 1003 4567 verbis
1031 4514 1115 4568 hie
1144 4529 1416 4582 apponere
1435 4557 1448 4577 ,
1478 4514 1689 4569 Lcctori

106 4586 401 4654 plurimum
429 4586 661 4639 intersit.
699 4584 884 4648 Fmdo,
932 4585 1125 4653 inquit,
1150 4601 1335 4638 errore
1378 4585 1510 4651 lapsi
1543 4596 1661 4637 sunt

102 4626 197 4723 δηί
227 4656 314 4709 hic
343 4654 608 4710 Attalabos
646 4672 741 4722 pro
768 4666 812 4708 et
845 4627 977 4709 titius
1007 4626 1445 4711 'suh‘stitueruntz'
1489 4626 1690 4725 alioqui
1720 4629 1771 4688 D

104 4730 256 4783 nulla
288 4740 433 4781 esset
463 4731 513 4781 in
544 4728 706 4782 verbo
728 4728 1073 4795 ambiguitas,
1104 4729 1147 4781 si
1170 4727 1313 4780 idem
1339 4727 1689 4794 signiﬁcaret.

104 4798 253 4865 Quid
297 4801 441 4852 enim
470 4798 612 4852 aliud
645 4812 725 4861 est
775 4801 1075 4863 Attaiubos,
1124 4815 1219 4851 seu
1249 4797 1554 4861 Attelabns,
1592 4797 1695 4852 nisi

104 4871 342 4936 locusta,
362 4878 453 4924 aut
480 4872 521 4922 si
540 4870 667 4937 quid
690 4871 944 4938 amplius,
975 4870 1235 4933 bruchus,
1264 4870 1481 4921 locnsla‘
1499 4883 1692 4937 genus,

106 4943 180 4994 ita
207 4941 408 4995 diserte
428 4942 714 4995 Theodoro
736 4942 876 5010 apud
894 4941 1243 4996 Aristotelem
1267 4944 1687 5005 interpretante:

105 5028 207 5065 seu
238 5024 291 5065 ut
319 5016 432 5080 ipse
454 5012 812 5083 Hieronymus
841 5012 1045 5066 Nallttlll
1076 5012 1232 5065 tertio
1259 5012 1501 5083 exponit,
1530 5027 1693 5080 pzvrva

105 5086 341 5147 locusta,
383 5085 523 5136 inter
551 5082 810 5137 locnstam
843 5094 895 5137 et
926 5084 1211 5147 brucltum,
1245 5082 1438 5150 pennis
1469 5083 1697 5136 modicis

108 5163 329 5224 reptans
363 5157 541 5224 potius
571 5170 731 5223 quam
785 5155 991 5216 volans,
1025 5169 1347 5221 semperque
1375 5154 1690 5208 subsiliens.

106 5226 180 5281 At
214 5225 571 5296 Hieronymus
604 5226 857 5290 intelligit
898 5241 965 5279 eo
999 5230 1218 5279 nomine
1244 5235 1297 5278 et
1333 5225 1594 5278 locustam
1642 5235 1695 5279 et

107 5298 279 5351 talum
310 5299 467 5349 simul
497 5297 811 5363 signiﬁcari,
836 5305 979 5350 etne
1001 5296 1317 5357 Subterfneii
1353 5298 1499 5348 locus
1528 5304 1694 5361 esset,

109 5371 343 5437 ipsemet
370 5385 428 5421 se
452 5369 632 5422 statim
658 5367 1066 5435 interpretatur,
1098 5368 1224 5420 dum
1257 5366 1579 5435 intpinguari
1619 5367 1700 5420 lu-

105 5449 319 5493 ent-tam
357 5440 457 5494 sub
491 5440 679 5492 eadem
717 5454 869 5503 voce,
907 5439 1050 5491 idem
1108 5454 1328 5504 prorsus
1364 5452 1507 5501 esse,
1553 5437 1697 5506 quod

106 5512 275 5572 talos,
307 5527 368 5564 ac
398 5525 553 5564 crura
586 5526 772 5563 senum
800 5508 1064 5563 tutnelieri
1092 5508 1174 5562 his
1199 5507 1378 5561 verbis
1396 5508 1587 5577 prodit.
1619 5509 1693 5563 lta

106 5594 164 5637 et
197 5596 339 5636 nunc
361 5581 683 5649 ambiguitas
715 5582 862 5634 verbi
906 5596 1001 5642 uer
1030 5579 1411 5649 etymologiam
1443 5578 1583 5647 ejus.
1612 5580 1693 5633 in-

106 5654 258 5707 dicat
286 5666 477 5707 senum
502 5666 657 5705 crura
689 5652 967 5713 tumentia,
998 5660 1051 5704 et
1088 5652 1337 5719 podagra:
1369 5651 1690 5717 tumoribus,

112 5730 231 5778 sive
258 5722 593 5787 humoribus,
626 5730 977 5791 praegravata.
1013 5722 1236 5776 Mirilice
1265 5732 1445 5774 autem
1472 5723 1690 5790 exposi-

117 5798 320 5855 tionem
376 5795 513 5848 hanc
563 5792 879 5865 comprobat
906 5792 1152 5864 exemplo
1196 5794 1342 5847 verbi
1372 5801 1500 5875 ’φιν
1550 5794 1689 5862 apud

1810 3306 1954 3360 licat.
1982 3305 2050 3360 Ut
2078 3307 2216 3359 sicut
2249 3307 2319 3360 ibi
2344 3318 2409 3359 cx
2439 3304 2718 3360 verboillo
2746 3305 2813 3359 de
2837 3316 2997 3367 nuce,
3030 3305 3242 3373 vigilias
3264 3307 3409 3358 intu-

1809 3378 1893 3440 lit,
1948 3378 2013 3431 ita
2068 3378 2154 3432 hic
2202 3377 2426 3431 locusta:
2477 3377 2882 3445 pinguedinem,
2930 3392 3025 3441 pro
3068 3377 3157 3429 tali
3192 3385 3405 3433 tumore

1805 3449 2199 3519 subintelligat.
2227 3448 2541 3519 Hieronymi
2567 3450 2888 3519 sententiam
2918 3462 3097 3519 veraln
3121 3462 3243 3519 esse
3270 3463 3371 3519 con

1808 3523 1982 3573 lirmat
2018 3515 2188 3573 itabbi
2227 3515 2521 3583 Jonathan,
2549 3518 2643 3586 qui
2676 3518 2814 3573 idem
2864 3533 2982 3569 cum
3025 3515 3405 3573 Theodotione

1805 3604 1927 3643 ease
1960 3592 2231 3654 proditur:
2264 3606 2363 3643 nec
2396 3606 2501 3643 non
2534 3596 2588 3643 et
2618 3590 2767 3645 Aben
2795 3589 2931 3643 Ezra
2954 3604 2965 3638 :
2987 3586 3079 3641 ille
3106 3590 3252 3641 enim
3282 3598 3397 3647 um

1802 3662 2089 3716 Chaldaice
2106 3664 2267 3715 laltttlt
2286 3662 2546 3727 reddidit,
2564 3662 2689 3716 dum
2705 3662 3092 3727 interpretatus
3105 3658 3222 3713 haec
3235 3660 3401 3712 verba

1801 3742 2018 3829 scripsit
2051 3750 2295 3829 πως-κη
2314 3726 2440 3804 15:1
2458 3751 2658 3801 Nmis.
2690 3726 2997 3796 Alterivcro
3021 3755 3119 3810 pro
3144 3750 3253 3801 ιιι-ι
3271 3754 3397 3793 ver-

1801 3817 2068 3920 tit‘ﬁmp,
2099 3836 2254 3885 talus.
2280 3832 2459 3886 innuit
2481 3834 2583 3920 hoc
2615 3834 2786 3897 ipsum
2809 3832 2972 3885 etiam
2995 3832 3163 3884 David
3189 3830 3388 3895 Kimki,

1799 3924 1927 3977 dum
1978 3907 2258 3993 exponens
2297 3924 2421 3991 quid
2459 3924 2528 3978 sit
2565 3907 2754 4010 ΗἾΟἾΡ.
2790 3922 2839 3976 id
2881 3932 2996 3988 85!.
3042 3922 3209 3985 ιίιιιιε,
3241 3922 3395 3992 Ροηὶῐ

1800 4017 2107 4084 exemplum
2160 4017 2211 4070 iu
2239 4026 2365 4076 :un.
2397 4016 2479 4071 Ab
2516 4016 2711 4085 insigni
2763 4016 2945 4082 itaque
2990 4029 3177 4085 errore
3215 4014 3391 4068 locum

1802 4088 1944 4140 hunc
1963 4087 2373 4141 vindicavimus.
2390 4088 2564 4153 Quam
2591 4084 3025 4140 emendationem
3046 4084 3262 4141 duobus
3278 4085 3393 4139 Bri-

1798 4161 1901 4213 xiae
1924 4159 2186 4212 debemus
2208 4158 2504 4213 codicibus.
2537 4157 2793 4213 Errorem
2820 4155 3032 4211 induxit
3058 4156 3211 4210 verbi
3241 4157 3394 4223 igno-

1798 4230 1975 4283 rantia
1998 4249 2009 4282 :
2034 4229 2163 4284 dum
2193 4232 2337 4284 enim
2362 4232 2419 4293 ii,
2451 4230 2539 4298 qui
2567 4228 2887 4282 ilebraicam
2910 4228 3143 4295 linguam
3168 4228 3391 4296 proﬁte-

1800 4303 2013 4367 bantur,
2076 4316 2181 4355 non
2221 4301 2380 4355 facile
2421 4303 2741 4354 invenerunt
2772 4304 2908 4361 Itin,
2964 4298 3131 4351 talum
3175 4312 3395 4368 quoque

1796 4374 2120 4440 signiﬁcare,
2152 4382 2207 4427 et
2238 4374 2405 4428 talum
2439 4372 2490 4425 in
2519 4368 2815 4423 attalabum
2848 4378 3056 4425 temere
3085 4383 3390 4426 commuta-

1796 4453 1940 4498 runt.

1871 4526 1891 4551 ο
1922 4514 2100 4585 Eque
2128 4515 2267 4571 bene
2300 4510 2774 4585 Palatin.,p8eced.
2812 4509 3013 4585 Audito
3045 4512 3219 4581 ipsum
3260 4514 3389 4568 Ilie-

1799 4582 2085 4654 ronymnm
2116 4588 2166 4640 in
2195 4583 2615 4638 Commentariis
2644 4583 2698 4637 in
2722 4582 2865 4637 hunc
2895 4583 3149 4643 Jeremite
3174 4586 3384 4640 lucttm:

1801 4656 1964 4709 Seced
1995 4672 2103 4710 nux
2142 4658 2329 4709 dicitur
2350 4672 2367 4707 :
2400 4656 2578 4725 vigilia
2605 4664 2774 4709 autem
2796 4696 2810 4719 ,
2840 4656 2917 4709 vel
2950 4656 3074 4723 vigil
3104 4657 3211 4710 sive
3250 4658 3386 4724 vigi-

1801 4728 1910 4780 lare
1933 4729 2227 4798 appellatur
2258 4727 2455 4782 Sueed.
2489 4726 2637 4781 Unde
2658 4737 2704 4780 et
2728 4727 2785 4798 in
2816 4727 3185 4795 posterioribus
3211 4739 3390 4798 partus

1798 4796 2013 4865 vigilans
2046 4798 2142 4851 hoc
2173 4798 2378 4851 nomine
2410 4801 2636 4865 ponitur.
2670 4796 2745 4849 Ab
2786 4814 2845 4848 (30
2876 4798 3051 4865 igitur,
3093 4797 3230 4864 quod
3260 4797 3390 4847 dici-

1799 4880 1902 4929 tur,
1937 4884 2041 4922 nux
2076 4879 2285 4936 propter
2314 4870 2449 4921 verbi
2481 4868 2869 4921 similitudinem
2894 4867 2960 4919 ad
2991 4866 3170 4932 vigilis
3193 4866 3385 4919 intelli-

1797 4941 2023 5013 gentiam
2064 4955 2247 5013 nomen
2275 4939 2474 4992 allusit.
2508 4938 2624 5013 iam
2657 4951 2787 5013 veto
2815 4938 2872 5013 S.
2906 4936 3387 5013 quoquepltrysm

1796 5005 2023 5087 glomus,
2042 5015 2073 5070 ἡ
2098 5014 2196 5087 γᾴρ
2229 5012 2548 5087 ἐγρήσγρρσις,
2581 5008 2877 5087 ἱηψιὶμκαὶ
2899 5005 3385 5087 τόιάμρσγδαλοχδιᾴ

1796 5091 1897 5139 τῶν
1928 5078 2179 5138 αὐτῶνΊῦ
2203 5078 2561 5158 τῷἺέϐῥαὶκῷ
2590 5082 2899 5160 προφέρεται
2938 5078 3195 5203 gutturem.
3226 5079 3383 5158 ,Πρί-

1797 5156 1962 5203 lautia
1988 5156 2119 5203 enim
2145 5164 2189 5203 et
2213 5154 2545 5203 aniuadnlnm
2571 5152 2749 5203 iisdem
2774 5152 2827 5203 in
2854 5149 2935 5203 He
2972 5164 3077 5202 rwo
3101 5149 3263 5201 uerbis
3289 5166 3383 5203 auc

1797 5156 1962 5207 lautia
1988 5156 2119 5206 enim
2145 5164 2189 5206 et
2213 5149 2545 5223 amygdalum
2571 5149 2827 5223 iis'dein'in
2854 5149 3077 5203 Hebrwo
3101 5149 3263 5201 uerbis
3289 5166 3384 5215 ap-

1792 5225 2034 5295 pellatur.
2070 5227 2141 5279 lie
2170 5222 2427 5279 accentus
2442 5224 2702 5277 varietate
2725 5222 2789 5295 ad
2817 5223 3122 5279 wlitteram
3139 5230 3301 5288 supra
3331 5223 3383 5275 in

1800 5296 2048 5351 llehraic.
2080 5298 2285 5361 Qutcst.
2322 5314 2427 5349 non
2458 5295 2627 5349 semel
2658 5294 2915 5347 diximus.

1879 5367 1893 5404 ί
1941 5366 2193 5420 Baculum
2236 5382 2469 5419 nuceum.
2504 5364 2640 5419 Tres
2672 5380 2802 5417 mss.
2850 5363 3070 5416 codices
3098 5375 3196 5429 pro
3228 5362 3389 5415 baru-

1798 5440 1906 5491 lum
1954 5450 2202 5506 nuceunt,
2236 5437 2581 5493 solummodo
2631 5444 2809 5489 nutent
2832 5434 3090 5506 retinent.
3120 5431 3290 5506 Porro
3318 5434 3387 5489 de

1802 5510 1949 5566 vario
1982 5503 2207 5565 accentu
2241 5509 2537 5563 litterarum
2573 5506 2955 5563 Heb'raicarum
2987 5504 3097 5557 dixi
3125 5504 3177 5557 in
3217 5503 3375 5558 Com-

1804 5587 2073 5637 mentario
2123 5583 2389 5651 superiori
2444 5580 2509 5633 ad
2562 5577 2878 5701 Apulo‘gliatn
2928 5575 2987 5631 S.
3047 5576 3382 5644 Hieronymi.

2724 5668 2739 5700 μ
2780 5663 2997 5701 ΑιιτιΑΝ.

2724 5663 2997 5702 MARTIAN.

1874 5735 1898 5771 κ
1931 5724 2107 5780 Vatic.
2137 5738 2200 5779 ac
2228 5724 2481 5785 Palatiu.,
2506 5736 2660 5787 super
2689 5717 2936 5789 populum
2961 5734 3150 5786 meum,
3181 5726 3257 5785 ut,
3282 5727 3388 5772 etc.
