3998 6346
546 266 679 320 illi

1829 252 2167 311 8.3115158“
2208 249 2593 308 ΗΕΒΟΝῚΙΙ

3750 250 3881 303 illi

539 398 735 449 meum,
785 390 837 432 ut
871 378 1062 448 faciam
1088 376 1224 430 illud
1262 373 1477 447 (Jerem.
1502 388 1542 440 ι,
1578 372 1690 441 Η),
1738 370 1826 426 vel
1868 370 2037 424 illud:
2082 379 2138 425 et
2162 372 2218 431 Α
2240 368 2352 423 ait:
2384 364 2451 419 Et
2474 376 2730 419 memento
2755 365 2998 418 creatoris
3014 364 3188 427 tui,in
3208 363 3393 417 diebus
3406 366 3727 434 juventutis
3750 372 3881 415 tua

542 473 709 529 habet
735 471 1121 543 etymologiam
1156 470 1320 535 nucis,
1351 468 1494 539 quod
1520 468 1843 539 vigilaturus
1870 465 1941 521 sit
1971 465 2135 529 Deus,

538 578 595 624 et
618 567 986 623 retributurus
1018 564 1219 635 populo
1248 564 1393 635 quod
1436 571 1680 619 meretur
1706 560 1812 633 [ΑΙ.
1855 560 2137 632 debetur],

537 660 704 733 idque
732 660 1006 717 sermonis
1032 660 1256 715 occasio
1285 670 1388 713 est.
1435 659 1510 713 Ita
1549 667 1605 713 et
1632 672 1779 713 nunc
1814 656 2139 726 ambiguitas

539 755 691 811 verbi
741 771 836 825 per
878 754 1266 825 etymologiam
1316 753 1458 822 ejus,
1494 750 1701 806 iudicat
1753 765 1946 807 senum
1981 764 2141 805 crura

540 850 827 914 tumentia,
855 857 911 903 et
938 848 1191 919 podagra:
1221 859 1250 885 ι
1288 848 1607 901 humoribus
1635 856 1991 917 praegravata.
2026 844 2140 899 Non

544 945 686 1013 quod
720 943 975 997 omnibus
1012 943 1236 997 senibus
1264 941 1367 997 hoc
1396 944 1508 1006 ﬁat,
1538 942 1632 996 sed
1656 941 1797 1010 quod
1824 941 2144 1011 plerumque

542 1033 775 1097 accidat,
800 1032 1183 1105 συνεκόθχικῶς
1212 1048 1242 1086 a
1267 1042 1446 1103 parte,
1468 1032 1519 1085 id
1548 1031 1694 1101 quod
1720 1041 1892 1085 totum
1912 1040 2018 1092 est,
2046 1047 2145 1099 ap-

542 1126 802 1196 pelletur.
834 1125 892 1179 ln
924 1142 989 1180 eo
1021 1141 1153 1181 vero
1189 1124 1279 1180 ubi
1314 1141 1413 1180 nos
1440 1126 1741 1190 habemus,
1770 1128 2061 1196 capparim,
2090 1126 2147 1179 in

545 1218 778 1273 Hebrreo
806 1219 967 1274 habet
989 1218 1016 1256 ι’
1047 1234 1239 1274 ΑιιοςΑ
1272 1223 1541 1290 (manu):
1566 1219 1707 1288 quod
1740 1229 1796 1274 et
1824 1221 2001 1290 ipsum
2032 1234 2148 1273 am-

543 1312 764 1381 biguum
795 1322 900 1373 est,
926 1313 1433 1383 interpretaturque
1458 1328 1628 1378 amor,
1658 1312 1995 1378 desiderium,
2026 1328 2148 1364 con-

544 1407 858 1476 cupiscentia
895 1407 1009 1472 vel,
1045 1407 1309 1476 capparis.
1348 1405 1415 1459 Et
1460 1406 1820 1476 signiﬁcatur,
1873 1415 1930 1459 ut
1986 1418 2149 1473 supra

548 1499 810 1564 diximus,
849 1498 994 1567 quod
1042 1513 1235 1553 senum
1276 1498 1445 1553 libido
1482 1496 1829 1569 refrigescat,
1862 1506 1918 1552 et
1948 1512 2151 1567 organa

551 1590 728 1645 coitus
756 1590 1118 1657 dissipentur.
1153 1589 1267 1645 Hoc
1296 1601 1476 1645 autem
1509 1590 1658 1657 ideo,
1686 1592 1809 1660 quia
1842 1590 1959 1645 haec
1988 1590 2153 1645 verba

552 1682 832 1752 ambigua,
864 1697 987 1737 cum
1035 1682 1089 1735 in
1120 1681 1404 1737 vocabulis
1444 1683 1579 1749 suis,
1611 1692 1664 1737 et
1712 1683 2068 1755 amygdalum,
2099 1693 2155 1737 et

2242 472 2514 533 antequam
2540 461 2743 515 veniant
2778 461 2886 515 dies
2933 459 3166 521 malitiae,
3196 468 3246 513 et
3272 468 3573 529 antequam
3605 458 3881 512 tenebra-

2243 566 2360 609 cant
2383 556 2462 608 sol
2486 565 2535 609 et
2561 556 2709 618 luna,
2733 563 2788 609 et
2813 562 3034 616 cetera,
3062 553 3117 606 in
3143 554 3229 605 die
3243 570 3349 623 qua
3372 552 3749 606 movebuntur
3774 570 3881 605 cus»

2245 646 2387 699 todes
2428 646 2649 715 domus)
2697 659 2843 699 nunc
2881 658 3116 713 emptam
3164 645 3506 698 sententiam
3538 643 3735 699 simili
3780 642 3879 699 ﬁne
3944 662 3947 715 ;

2244 738 2542 802 concludit,
2575 737 2797 792 dicens:
2843 737 3130 807 Antequam
3160 746 3437 807 rumpatur
3476 737 3775 807 funiculus
3802 753 3877 789 ur-

2243 835 2400 905 genti,
2432 842 2487 888 et
2516 831 2647 888 illud
2668 833 2751 887 vel
2774 832 2906 886 illud
2933 832 3047 885 ﬁat.
3066 828 3370 885 Fuaiculus
3394 840 3588 885 autem
3625 831 3874 900 argenti,

2245 925 2538 981 candidam
2588 926 2727 979 hanc
2758 925 2947 986 vitam,
2978 931 3033 977 et
3070 924 3349 989 Spiramen
3400 923 3554 993 quod
3606 924 3787 978 nobis
3816 924 3875 978 de
3962 923 3965 987 1

2248 1019 2388 1075 coelo
2421 1019 2697 1083 tribuitur,
2727 1017 2993 1073 ostendit.
3026 1018 3303 1071 Recursus
3331 1032 3561 1088 quoque
3591 1020 3759 1072 vitta:
3786 1032 3873 1072 an-

2248 1130 2359 1169 reae
2382 1115 2619 1167 animam
2648 1114 2939 1184 signiﬁcat,
2970 1126 3093 1182 qua:
3124 1113 3254 1169 illuc
3295 1113 3564 1181 recurrit,
3595 1113 3755 1169 unde
3782 1113 3874 1168 de-

2250 1207 2558 1263 scenderat.
2597 1206 2770 1261 Porro
2809 1206 2917 1260 duo
2946 1204 3160 1275 reliqua
3190 1221 3314 1277 qua:
3361 1214 3710 1275 sequuntur,
3742 1222 3868 1261 con-

2252 1302 2400 1356 tritio
2428 1300 2637 1371 hydria:
2662 1316 2827 1369 super
2854 1300 3082 1367 fontem,
3110 1310 3165 1355 et
3188 1300 3496 1355 contractio
3526 1313 3677 1357 rotae
3709 1318 3867 1371 super
3962 1294 3965 1329 ⁴

2252 1394 2453 1460 lacum,
2501 1409 2600 1463 per
2657 1392 3057 1463 metaphoram,
3115 1394 3309 1448 mortis
3364 1395 3665 1465 :nnigmata
3719 1406 3866 1450 sunt.

2252 1486 2537 1555 Quomodo
2574 1486 2722 1541 enim
2755 1485 2947 1557 hydria
2988 1500 3109 1556 qua:
3140 1485 3467 1553 conteritur,
3502 1497 3693 1542 cessat
3740 1488 3871 1541 han-

2255 1583 2390 1649 rire,
2421 1590 2477 1637 et
2507 1590 2625 1635 rota
2673 1596 2771 1651 per
2810 1595 2972 1650 quam
3004 1582 3075 1635 de
3120 1581 3241 1634 lacu
3292 1590 3347 1635 et
3378 1581 3552 1650 puteis
3602 1582 3869 1636 levantur

2256 1688 2432 1743 aquae,
2465 1673 2510 1728 si
2542 1672 2821 1727 confracta
2853 1671 3018 1727 fuerit
3049 1690 3060 1725 :
3102 1670 3118 1709 ί
3156 1672 3244 1727 vel
3272 1680 3329 1726 ut
3347 1671 3714 1742 Septuaginta
3756 1671 3866 1744 [AL

553 1776 828 1841 ιοειηωηι,
862 1784 917 1830 ει
939 1776 1211 1844 cappan'm
1239 1783 1459 1842 sonent,
1499 1786 1520 1813 ς
1548 1774 1694 1830 aliud
1716 1775 1959 1830 derivata
1988 1776 2156 1845 signa-
2184 1774 2234 1834 Β
2259 1764 2374 1835 alii]
2408 1766 2742 1835 Interpretes
2772 1764 3063 1819 voluerunt
3083 1806 3098 1831 ,
3136 1766 3189 1818 in
3238 1780 3330 1819 suo
3358 1764 3593 1819 funiculo
3639 1779 3870 1819 convo-

553 1868 740 1933 Iicaut,
769 1875 824 1921 et
847 1881 944 1937 per
976 1866 1201 1936 ﬁguram
1224 1866 1293 1922 ad
1314 1882 1509 1922 sensus
1536 1868 1628 1938 qui
1649 1868 1767 1923 seni
1797 1869 2150 1935 conveniunt,

557 1958 897 2013 derivantur.
934 1957 1228 2013 Sciendum
1270 1975 1511 2030 quoque,
1547 1960 1692 2031 quod
1723 1960 1818 2015 ubi
1848 1976 1994 2017 nunc
2022 1962 2156 2032 Sep-

558 2049 800 2119 tuaginta
834 2049 1170 2120 Interpretes
1218 2061 1518 2120 posuerunt
1558 2053 1924 2124 amygdalum,
1978 2054 2154 2125 ipsum

560 2142 790 2197 verbum
819 2144 889 2197 sit
908 2156 1075 2196 socco
1119 2142 1313 2231 (ην),
1344 2144 1491 2213 quod
1522 2145 1575 2200 in
1602 2144 1859 2201 Jeremia:
1888 2146 2157 2217 principio

559 2243 673 2287 est:
709 2232 806 2288 sed
835 2233 909 2287 ibi
939 2234 993 2287 in
1019 2251 1198 2288 nucem
1218 2251 1440 2291 versum
1462 2246 1565 2304 est,
1598 2237 1687 2293 hic
1717 2239 1771 2293 in
1797 2240 2157 2311 amygdalum.

561 2326 921 2399 Symmachus
952 2329 1139 2384 nescio
1164 2329 1295 2400 quid
1326 2330 1379 2385 in
1412 2331 1516 2387 hoc
1540 2332 1663 2387 loco
1687 2334 1952 2399 sentiens,
1986 2334 2160 2390 multo

558 2419 719 2474 aliter
759 2421 1152 2492 interpretatus
1187 2430 1295 2478 est.
1326 2424 1417 2478 Ait
1452 2425 1631 2480 enim:
1668 2426 1840 2497 Super
1868 2428 1977 2482 lucc
2006 2429 2162 2482 etiam

563 2514 627 2567 de
654 2516 855 2569 excelso
883 2516 1148 2581 videbunt,
1169 2528 1215 2571 et
1238 2515 1265 2553 ἀ
1285 2528 1451 2573 terror
1476 2520 1575 2574 erit
1600 2522 1654 2575 in
1678 2522 1783 2589 via,
1811 2531 1860 2576 et
1880 2523 2164 2577 obdormiet

562 2608 804 2679 vigilans,
852 2619 900 2664 et
944 2610 1259 2666 dissolvetur
1303 2613 1523 2681 spiritus
1566 2615 1835 2685 fortitudo.
1884 2614 1987 2670 Ibit
2028 2617 2163 2671 enim

563 2700 716 2755 homo
742 2704 795 2755 in
819 2703 1030 2757 domum
1052 2706 1355 2759 aeternitatis
1382 2723 1510 2773 suta,
1534 2715 1581 2760 et
1609 2708 1951 2763 circumibunt
1980 2710 2033 2763 in
2053 2709 2167 2779 pla-

565 2804 647 2846 tea
678 2794 1001 2865 plangentes.
1047 2796 1214 2866 Cujus
1264 2797 1775 2869 interpretationem
1826 2800 2167 2858 Laodicenus

574 2883 737 2954 5.92
766 2896 1006 2952 secutus,
1037 2904 1136 2944 nec
1154 2889 1355 2946 Judaeis
1387 2892 1609 2962 placere
1633 2903 1831 2962 potest,
1862 2908 1962 2949 nec
1981 2893 2168 2949 Chris-

568 2975 766 3029 tiauis:
799 2976 927 3032 dum
954 2980 1099 3035 etab
1131 2981 1377 3039 Hebraeis
1411 2985 1601 3054 procul
1632 2994 1735 3052 est,
1764 2994 1819 3041 et
1847 2987 2001 3057 sequi
2030 2987 2170 3058 Sep-

572 3068 815 3136 tuaginta
838 3066 1175 3139 Interpretes
1203 3074 1547 3145 dedignatur.

647 3160 933 3230 Antequam
977 3175 1251 3233 rumpatur
1291 3168 1558 3235 funiculus
1602 3173 1822 3240 argenti,
1858 3180 1904 3224 et
1939 3182 2169 3227 recurrat
2198 3173 2245 3236 C

572 3254 698 3309 vitta
714 3270 890 3324 aurea,
917 3266 965 3309 et
988 3265 1289 3312 conteratur
1312 3261 1502 3330 hydria
1521 3279 1671 3333 super
1690 3264 1904 3335 fontem,
1923 3276 1971 3319 et
2001 3274 2023 3303 ε
2047 3282 2171 3321 con-

574 3348 842 3419 fringatur
870 3358 986 3402 rota
1011 3365 1164 3420 super
1185 3350 1370 3404 lacum.
1401 3351 1468 3405 Et
1490 3365 1776 3408 revertatur
1794 3358 1960 3426 pulvis
1987 3358 2040 3411 in
2070 3369 2174 3412 ter-

571 3457 687 3494 ram
713 3458 861 3495 suam
888 3443 1020 3497 sicut
1059 3454 1193 3511 erat,
1225 3454 1274 3499 et
1310 3446 1523 3515 spiritus
1552 3448 1729 3502 redeat
1754 3450 1835 3502 *ad
1864 3448 2055 3519 Deum,
2085 3456 2175 3525 qui

574 3532 719 3586 dedit
744 3534 913 3587 illum.
942 3534 1158 3590 Vanitas
1186 3537 1497 3606 vanitatum,
1525 3539 1655 3594 dixit
1678 3538 2041 3609 Ecclesiastes,
2066 3546 2177 3599 uni-

573 3642 720 3681 versa
744 3628 962 3681 vanitas.
985 3627 1300 3686 Revertitur
1320 3631 1388 3686 ad
1414 3633 1723 3702 superiora,
1749 3642 1805 3689 et
1834 3647 1953 3705 post
1971 3639 2176 3707 grande

574 3720 916 3792 hyperbaton
953 3721 1132 3793 (quod
1180 3723 1248 3779 ab
1294 3738 1361 3780 eo
1392 3725 1512 3794 loco
1545 3726 1921 3798 interjecerat,
1976 3729 2029 3784 in
2071 3745 2179 3801 quo

649 3924 677 3991 ξι
705 3914 952 3991 Quatuor
974 3928 1131 3981 mss.,
1163 3924 1210 3969 et
1234 3916 1479 3991 podagra:
1507 3918 1791 3991 tumoribus
1818 3929 2165 3991 prtegravata.

646 3984 674 4023 ι’
706 3986 857 4059 lianc
888 4000 1077 4040 vocem
1118 4002 1250 4059 mss.
1285 3984 1532 4059 plerique
1564 3984 1833 4059 aspirarit,
1871 3984 2132 4046 Habiona.

652 4068 673 4094 ε
708 4057 986 4121 Martian.,
1017 4060 1069 4110 in
1097 4058 1243 4111 aliud
1266 4057 1531 4113 derivata:
1564 4057 1745 4115 minus
1785 4071 1954 4117 recte.

647 4123 977 4182 dRescribit
1025 4128 1275 4183 Martiau.
1323 4140 1371 4183 et
1415 4147 1579 4195 error,
1626 4146 1657 4186 e
1687 4146 1819 4187 mss.
1868 4134 2171 4195 codicibus.

616 4199 775 4254 uibus
796 4210 851 4255 et
866 4199 1061 4265 nostri,
1086 4216 1152 4253 ne
1173 4200 1302 4270 quid
1324 4201 1755 4266 dissimulemus.
1778 4207 2168 4260 assentiuntur.

616 4217 775 4254 lllDllS
796 4217 851 4255 et
866 4217 1061 4265 nostri,
1086 4217 1152 4253 ne
1173 4217 1302 4270 quia
1324 4217 1755 4266 nisstmuiemus.
1778 4217 2168 4260 assentiuntur.

575 4217 780 4326 Q’erum
814 4271 953 4345 nihil
982 4273 1031 4324 in
1060 4271 1249 4345 iisdem
1283 4281 1367 4327 est
1398 4274 1568 4343 magis
1604 4274 1821 4328 obvium
1849 4291 2009 4345 quam
2035 4276 2172 4331 dua-

578 4340 1044 4415 rumearumdem
1076 4343 1382 4415 litterarum
1414 4340 1644 4398 occursu
1679 4340 1906 4400 alteram
1948 4358 2173 4415 practer-

581 4410 743 4474 mitti,
777 4411 919 4480 quod
955 4422 1103 4466 certe
1145 4412 1347 4468 factum
1387 4415 1493 4470 hoc
1524 4417 1645 4471 loco
1674 4431 1781 4470 non
1815 4410 2025 4470 dubi-to.
2065 4417 2177 4473 Nec

578 4496 783 4557 morpr.
800 4481 942 4547 quod
968 4482 1057 4536 ille
1077 4496 1251 4557 urget,
1277 4486 1568 4541 lectionem
1588 4488 1906 4557 impressam
1925 4497 1971 4541 et
1989 4499 2174 4555 terror,

577 4550 917 4629 caniformem
951 4567 1072 4629 esse
1107 4550 1371 4629 liebraico
1420 4559 1610 4629 textui,
1642 4550 1681 4610 θ’
1703 4574 1813 4629 quo
1860 4561 2044 4628 procul
2078 4550 2176 4615 ali;

2260 1857 2394 1922 luta,
2430 1871 2585 1927 aqua:
2612 1872 2743 1912 usus
2770 1857 3118 1925 intercipitur
3148 1877 3159 1910 :
3188 1858 3264 1912 ita
3292 1867 3343 1913 et
3364 1866 3386 1903 ε
3420 1872 3539 1911 cum
3568 1856 3872 1911 funiculus

2261 1952 2471 2023 argenti
2507 1951 2673 2006 fuerit
2714 1951 3083 2022 interruptus,
3113 1962 3170 2006 et
3219 1954 3414 2006 animae
3445 1954 3589 2006 rivus
3617 1953 3871 2007 recurrit

2262 2047 2329 2102 ad
2358 2046 2584 2111 fontem,
2618 2047 2862 2101 interibit
2904 2045 3091 2102 homo.
3125 2046 3195 2100 Et
3222 2057 3278 2101 ut
3307 2045 3652 2101 manifestius
3682 2047 3869 2115 sequi-

2265 2150 2379 2195 tur:
2404 2138 2703 2194 Revertatur
2722 2137 2832 2211 [ΔΙ.
2857 2140 3198 2212 convertetur]
3216 2141 3388 2209 pulvis
3406 2141 3459 2193 in
3483 2150 3678 2193 terram
3694 2156 3862 2205 suam,

2266 2233 2399 2286 unde
2421 2242 2656 2300 sumptus
2682 2242 2756 2286 est
2781 2248 2800 2286 :
2835 2242 2880 2286 et
2902 2234 3116 2304 spiritus
3154 2243 3432 2287 revertetur
3452 2235 3523 2286 ad
3560 2231 3863 2297 Dominum,

2264 2326 2352 2396 qui
2380 2325 2522 2379 dedit
2548 2325 2720 2380 illum.
2752 2324 2837 2380 Ex
2870 2341 2979 2397 quo
3008 2328 3147 2382 satis
3178 2326 3414 2395 ridendi,
3447 2329 3541 2397 qui
3574 2326 3740 2399 ιω
3773 2343 3866 2395 pu-

2269 2428 2384 2473 tant
2411 2422 2624 2474 animas
2645 2433 2768 2474 cum
2794 2420 3119 2490 corporibus
3147 2421 3275 2485 seri,
3318 2430 3377 2476 et
3404 2437 3511 2476 non
3545 2436 3576 2475 a
3607 2422 3743 2488 Deo,
3772 2422 3864 2475 sed

2266 2526 2297 2565 a
2328 2508 2352 2546 δ
2384 2526 2671 2581 corporum
2720 2512 3039 2582 parentibus
3060 2514 3332 2584 generari.
3376 2512 3516 2568 Cum
3548 2515 3694 2568 enim
3741 2528 3865 2569 caro

2269 2616 2573 2663 revertatur
2597 2608 2649 2662 in
2678 2617 2900 2673 terram,
2925 2618 2982 2663 et
3006 2608 3233 2678 spiritus
3257 2608 3448 2663 redeat
3472 2608 3541 2663 ad
3566 2609 3759 2675 Deum,
3777 2609 3863 2679 qui

2270 2710 2419 2768 dedit
2446 2712 2593 2766 illum
2621 2726 2636 2775 ;
2669 2710 3021 2766 manifestum
3053 2721 3157 2777 est,
3202 2710 3372 2767 Deum
3428 2721 3714 2782 parentem
3756 2709 3860 2781 [ΑΙ.

2271 2816 2503 2889 patrem]
2534 2817 2839 2873 animarum
2863 2831 3002 2884 esse,
3031 2831 3137 2871 non
3171 2816 3447 2872 homines.
3474 2817 3608 2872 Post
3628 2815 3866 2887 descrip-

2274 2917 2479 2972 tionem
2507 2916 2761 2973 interitus
2792 2915 3041 2981 humani,
3071 2917 3299 2987 pulchre
3319 2917 3607 2972 exordium
3637 2917 3760 2973 libri
3786 2918 3865 2973 sui

2274 3027 2543 3088 repetens,
2578 3018 2689 3072 ait:
2731 3017 2946 3071 Vanilas
2986 3018 3290 3084 vanitatum,
3332 3018 3464 3073 dixit
3510 3017 3866 3085 Ecclesiastes,

2274 3125 2446 3179 omnia
2472 3126 2692 3178 vanitas.
2724 3124 2860 3179 Cum
2892 3127 3041 3181 enim
3084 3140 3314 3183 cunctus
3348 3128 3665 3183 mortalium
3698 3128 3866 3194 labor,

2278 3223 2345 3280 de
2370 3239 2477 3294 quo
2503 3224 2557 3277 in
2581 3233 2698 3279 toto
2722 3226 3000 3282 volumine
3029 3226 3361 3297 disputatum
3389 3238 3500 3295 est,
3531 3229 3638 3284 huc
3682 3244 3865 3300 perve-

2278 3326 2412 3393 niat,
2444 3337 2503 3382 ut
2528 3337 2835 3383 revertatur
2871 3329 3044 3398 pulvis
3078 3329 3131 3384 in
3172 3340 3378 3386 terram
3403 3347 3587 3399 suam,
3621 3342 3677 3389 et
3699 3333 3865 3388 anima

2279 3432 2407 3486 illuc
2432 3431 2639 3499 redeat,
2666 3432 2807 3488 unde
2830 3444 3041 3504 sumpta
3071 3446 3176 3501 est,
3200 3451 3409 3507 magna:
3435 3437 3695 3492 vanitatis
3719 3438 3865 3494 estin

2280 3534 2383 3588 hoc
2408 3533 2606 3588 saeculo
2636 3534 2887 3590 laborare
2915 3543 2972 3592 et
3000 3536 3132 3591 nihil
3164 3538 3443 3607 profutura
3474 3538 3815 3607 conquirere.

2354 3632 2423 3685 Et
2452 3633 2708 3703 amplius,
2739 3635 2862 3706 quia
2906 3639 3072 3707 factus
3118 3645 3191 3711 εει
3222 3634 3568 3692 Ecclesiastes
3598 3640 3794 3711 sapiens
3836 3654 3854 3691 :

2284 3734 2454 3788 adhuc
2483 3734 2657 3789 docuit
2682 3735 2949 3790 scientiam
2992 3737 3243 3809 pupulum
3276 3779 3291 3803 ,
3316 3749 3362 3793 et
3383 3739 3572 3792 audire
3599 3756 3687 3794 eos
3715 3740 3825 3811 fecit
3850 3754 3867 3792 :

2276 3922 2386 3977 ctio
2406 3922 2702 3977 conformis
2724 3930 2809 3978 est
2830 3924 3105 3979 contextui
3135 3923 3423 3988 Hebraico,
3451 3934 3501 3978 et
3528 3924 3869 3993 formidabunt

2276 3993 2330 4046 in
2360 3993 2463 4047 via.
2498 3995 2565 4067 ᾼῑ
2590 4008 2712 4049 cum
2748 4005 2957 4067 asserat
2984 3995 3057 4067 8ἒ
3088 3994 3454 4067 Hieronymus
3486 3995 3869 4067 Symmachum

2280 4067 2450 4136 multo
2472 4065 2632 4119 aliter
2656 4066 2797 4120 hunc
2821 4066 2997 4120 locum
3022 4066 3213 4136 Grmce
3234 4065 3573 4133 reposuisse,
3598 4083 3757 4136 quam
3783 4066 3875 4121 ha-

2280 4134 2405 4189 beat
2432 4137 2486 4188 in
2510 4136 2770 4201 Hebraeo,
2801 4139 2967 4191 autin
2990 4135 3134 4192 LXX
3168 4136 3585 4205 lnterpretibus,
3620 4134 3872 4191 manifes-

2281 4215 2396 4260 tum
2437 4206 2650 4261 videtur
2689 4209 2981 4277 genuinam
3028 4209 3341 4278 Hieronymi
3376 4210 3656 4265 lectionem
3698 4210 3871 4275 ipsam

2281 4292 2404 4332 esse
2433 4291 2595 4348 quam
2627 4280 2962 4334 restituimus
2991 4280 3057 4333 ad
3088 4279 3251 4335 iidem
3290 4282 3528 4336 omnium
3565 4292 3690 4332 mss.
3719 4279 3875 4334 codi~

2285 4363 2433 4402 cum.
2490 4348 2759 4404 Maurum.

2358 4428 2381 4489 εξ
2414 4419 2529 4473 Duo
2560 4436 2721 4485 mss.,
2757 4430 2806 4476 et
2837 4431 3139 4475 conteratur
3166 4434 3303 4489 rota,
3338 4432 3446 4478 etc.

2359 4488 2378 4525 ί
2432 4489 2627 4563 Vel,ut
2651 4492 2993 4563 Septuaginta
3027 4488 3364 4562 Interpretes,
3390 4503 3499 4549 etc.
3528 4492 3688 4548 Falso
3712 4495 3873 4553 Eras-

2286 4569 2491 4635 nutset
2516 4561 2787 4618 Marianas
2820 4561 2926 4635 hoc
2964 4566 3127 4619 etiam
3159 4561 3282 4620 luco
3312 4561 3648 4635 pOsueruut:
3681 4567 3799 4625 Sive
3826 4583 3873 4623 ut

574 4622 748 4706 fuisse
779 4622 1163 4706 S‘yi‘nmac'hum
1192 4625 1245 4679 in
1281 4626 1440 4706 huius
1465 4622 2173 4706 interpret'a‘tione‘senten-
2198 4641 2254 4701 D
2280 4632 2370 4685 alii
2404 4633 2705 4706 interpretes
2743 4634 3010 4689 voluerunt
3040 4652 3058 4699 ;
3094 4651 3215 4689 nam
3251 4622 3497 4706 priixime
3537 4622 3872 4704 sequens—in-

576 4696 690 4759 tire,
721 4701 954 4771 testatur
993 4693 1373 4771 Hieronymus.
1406 4698 1547 4754 Satis
1579 4693 1725 4755 enim
1760 4702 1813 4756 in
1844 4703 2071 4771 reliquis
2098 4704 2167 4758 ab

575 4782 642 4843 eo
668 4775 817 4843 textu
847 4765 1275 4843 divagaturtnec
1308 4768 1446 4843 hanc
1479 4787 1695 4840 quoque
1719 4787 1933 4836 vocem,
1963 4765 2085 4843 qua:
2114 4776 2167 4827 iu

579 4837 775 4892 Latino
812 4847 921 4910 tam
955 4837 1114 4893 facile
1138 4838 1424 4909 depravari
1456 4837 1651 4910 potuit,
1684 4859 1752 4898 ex
1788 4837 2052 4900 llehraico
2078 4860 2172 4898 au-

579 4919 692 4983 tem
735 4908 883 4962 nullo
926 4924 1173 4983 unquam
1214 4908 1371 4978 pacto
1400 4908 1650 4975 extundi,
1706 4916 1773 4968 ah
1813 4916 1910 4970 illo
1942 4916 2169 4983 positam

577 4980 929 5059 arbitremur.
968 4980 1407 5059 V‘erteritigitur
1438 4988 1523 5040 καὶ
1564 4986 1753 5059 τρόμος
1783 4988 1831 5040 ἐν
1868 4980 2099 5059 τῇὁδῷι
2127 4996 2174 5039 et

577 5062 744 5133 ιεννον
771 5052 957 5133 "lvi":
981 5050 1200 5133 3‘51"“,3:
1230 5043 1290 5107 δ’
1310 5055 1482 5133 τρόμῳ
1517 5043 1861 5133 τρδμῆσότξφιν
1891 5043 2174 5133 έέο-τῇ’ὂδῷν

577 5132 798 5201 tremore
826 5113 1152 5201 trepidabunt
1183 5124 1236 5176 in
1284 5113 1559 5201 viii.'_bl_ox'
1592 5113 1689 5201 pro
1722 5113 2026 5201 obdorniiei'
2046 5113 2178 5201 vig'i;

477 5205 480 5208 ‘
578 5195 715 5257 laus,
759 5192 991 5269 Palatin.
1045 5208 1145 5269 ms.
1166 5209 1309 5269 cum
1350 5196 1559 5265 pridem
1593 5192 1831 5268 vulgatis
1881 5192 2173 5269 plurimum

578 5280 810 5340 nurnero
849 5264 1029 5340 habet.
1054 5264 1393 5340 {obdormient
1425 5264 1717 5340 vigilantes:
1762 5264 2173 5326 Observandum

578 5344 662 5391 est
686 5335 943 5412 denique,
970 5336 1077 5412 duo
1101 5345 1306 5412 tantum
1330 5338 1383 5392 in
1414 5335 1607 5395 Graeco
1636 5340 1951 5412 Symmachi
1980 5357 2176 5410 super-

575 5420 700 5461 esse
749 5406 915 5478 verba
938 5449 953 5472 ,
990 5410 1075 5462 καὶ
1098 5406 1308 5478 διαλυθῇ
1336 5420 1365 5471 ἡ
1392 5412 1659 5478 ἐπίπονος,
1679 5406 1748 5466 'id
1776 5422 1880 5476 est,
1917 5422 1965 5465 et
1993 5406 2181 5467 diisot-

576 5487 725 5552 vatur
758 5468 1042 5552 laboriosa,
1069 5495 1191 5552 quae
1234 5468 1671 5551 llieronyniianze
1713 5468 2179 5552 interpretationi,

576 5557 626 5599 et
646 5547 953 5621 dissolvetur
965 5547 1180 5618 spiritus
1198 5547 1473 5621 fortitudo,
1498 5567 1604 5607 non
1621 5547 1877 5608 videntur
1895 5547 2181 5611 commode

579 5620 941 5687 respondere.

645 5716 714 5767 Τ
747 5687 815 5742 Et
854 5699 1019 5745 terror
1056 5694 1153 5767 erit
1177 5696 1233 5748 in
1268 5695 1371 5750 via.
1404 5695 1461 5751 in
1492 5702 1655 5751 antea
1693 5695 1857 5751 editis
1893 5694 2046 5751 libris
2078 5712 2178 5767 pro

577 5758 743 5814 verbo
772 5775 937 5827 error,
961 5764 1224 5833 scriptum
1257 5767 1488 5837 legimus
1521 5777 1567 5822 et
1597 5777 1763 5824 terror
1790 5769 1908 5824 erit.
1942 5758 2177 5835 Quae'le-

2278 4707 2618 4777 terpretatio,
2636 4705 2690 4757 in
2702 4722 2793 4758 suo
2811 4706 3041 4773 funiculo
3056 4705 3350 4775 convoluta,
3377 4709 3577 4777 legitur
3590 4711 3725 4777 apud
3742 4710 3872 4767 LXX

2274 4772 2606 4856 interpretes
2628 4820 2641 4842 ,
2674 4780 2767 4856 uati
2788 4772 3132 4853 ἁνντροχάσῃ
3151 4779 3188 4856 ,ὁ
3214 4772 3415 4856 τροχὸς
3433 4772 3641 4856 irritos
3663 4782 3840 4837 λάκκον
3856 4827 3868 4850 ,

2278 4844 2332 4899 id
2362 4855 2470 4908 est,
2504 4855 2551 4899 et
2579 4844 3056 4903 convolt'atur'roia
3092 4844 3158 4901 rid
3179 4844 3475 4904 cisternam.
3507 4851 3773 4906 MARTIAI.

2354 4926 2377 4962 ε
2407 4915 2684 4972 Hactenus
2726 4918 2879 4994 editi,
2919 4937 3034 4994 cum
3069 4921 3336 4994 funiculus
3380 4923 3606 4993 argenti,
3648 4924 3694 4975 si
3727 4927 3872 4994 fuerit

2280 4987 2624 5060 interruptus,
2664 4998 2770 5043 etc.
2814 4989 2924 5045 Nos
2967 4993 3011 5044 si
3050 4987 3498 5060 coniunctionem
3544 4987 3873 5050 conditiona-

2280 5057 2414 5132 lem,
2445 5066 2633 5127 utpote
2663 5057 3231 5130 supervaczineam,'et
3255 5080 3372 5130 qua:
3407 5062 3729 5132 impeditum
3761 5069 3875 5121 red-

2280 5128 2454 5207 deret.
2464 5144 2712 5195 sensum,
2735 5128 3101 5207 jugulavimus
3144 5128 3463 5207 nostrorum
3481 5128 3726 5191 codicum
3757 5152 3871 5207 ope.

2356 5198 2382 5237 ιι
2413 5199 2700 5276 Corporum
2732 5198 3027 5276 parentibus
3066 5206 3316 5273 generari.
3364 5204 3500 5271 Quia
3537 5222 3773 5276 pnrsens
3795 5198 3874 5263 Ἰο-

2283 5286 2380 5329 cus
2419 5273 2687 5344 originem
2735 5274 3039 5329 animarum
3083 5286 3314 5344 spectat,
3349 5277 3480 5329 nihil
3522 5273 3766 5332 omittam
3812 5279 3874 5334 de

2284 5343 2975 5418 variantibuslectionibus
3022 5343 3150 5401 mss.
3188 5347 3459 5401 codicum.
3494 5348 3685 5403 Plures
3718 5351 3874 5418 igitur

2283 5413 2467 5480 legunt
2513 5415 2564 5468 in
2597 5416 2884 5483 singulari,
2928 5433 2959 5469 a
2994 5433 3267 5485 corporum
3310 5427 3552 5487 parente;
3605 5421 3698 5474 sed
3740 5413 3871 5475 intra

2284 5497 2477 5539 omnes
2516 5493 2833 5559 constanter
2864 5488 3099 5542 retinent
3144 5500 3406 5559 parentem
3443 5492 3732 5543 animarum
3761 5534 3773 5553 ,
3822 5503 3872 5545 et

2284 5570 2390 5609 non
2424 5566 2624 5625 patrem
2652 5557 2942 5611 animarum
2964 5604 2976 5625 ,
3023 5569 3081 5614 ut
3111 5557 3319 5615 veteres
3352 5558 3630 5632 editiones
3675 5562 3871 5632 legunt.

3438 5630 3708 5686 Msnrtsu.

2346 5728 2420 5775 -_—
2464 5698 2608 5775 Yide
2656 5698 3009 5775 H_ie_ro_nymi,
3052 5712 3214 5772 atque
3260 5702 3555 5771 Augustini
3605 5704 3871 5775 ἀμοιϐαίας

2279 5769 2551 5841 Epistolas
2574 5771 2639 5825 de
2668 5769 2888 5837 Origine
2915 5774 3124 5828 animum
