  <div class='ocr_page' id='page_1' title='image "/cluster/home/n/w/nwhite01/storage/ocr_20150623/23/uva.x000775467/564.png"; bbox 0 0 3998 6324; ppageno 0'>
   <div class='ocr_carea' id='block_1_1' title="bbox 61 282 216 341">
    <p class='ocr_par' dir='ltr' id='par_1_1' title="bbox 61 282 216 341">
     <span class='ocr_line' id='line_1_1' title="bbox 61 282 216 341; baseline 0.013 -4"><span class='ocrx_word' id='word_1_1' title='bbox 61 282 216 341; x_wconf 75' lang='lat' dir='ltr'><strong>Hi5</strong></span> 
     </span>
    </p>
   </div>
   <div class='ocr_carea' id='block_1_2' title="bbox 1106 279 2331 342">
    <p class='ocr_par' dir='ltr' id='par_1_2' title="bbox 1106 279 2331 342">
     <span class='ocr_line' id='line_1_2' title="bbox 1106 279 2331 342; baseline -0.003 -2"><span class='ocrx_word' id='word_1_2' title='bbox 1106 281 1642 342; x_wconf 80' lang='lat' dir='ltr'><strong>COMMENTARIUS</strong></span> <span class='ocrx_word' id='word_1_3' title='bbox 1680 282 1747 340; x_wconf 82' lang='lat' dir='ltr'><strong>IN</strong></span> <span class='ocrx_word' id='word_1_4' title='bbox 1789 279 2331 340; x_wconf 80' lang='lat' dir='ltr'><strong>ECCLESIASTEN.</strong></span> 
     </span>
    </p>
   </div>
   <div class='ocr_carea' id='block_1_3' title="bbox 3243 282 3383 341">
    <p class='ocr_par' dir='ltr' id='par_1_3' title="bbox 3243 282 3383 341">
     <span class='ocr_line' id='line_1_3' title="bbox 3243 282 3383 341; baseline 0 -2"><span class='ocrx_word' id='word_1_5' title='bbox 3243 282 3383 341; x_wconf 74' lang='lat' dir='ltr'><strong>HM</strong></span> 
     </span>
    </p>
   </div>
   <div class='ocr_carea' id='block_1_4' title="bbox 60 398 3379 476">
    <p class='ocr_par' dir='ltr' id='par_1_4' title="bbox 60 398 3379 476">
     <span class='ocr_line' id='line_1_4' title="bbox 60 398 3379 476; baseline 0.001 -22"><span class='ocrx_word' id='word_1_6' title='bbox 60 411 114 454; x_wconf 81' lang='lat' dir='ltr'><strong>et</strong></span> <span class='ocrx_word' id='word_1_7' title='bbox 166 412 409 457; x_wconf 82' lang='lat' dir='ltr'><strong>scrutans</strong></span> <span class='ocrx_word' id='word_1_8' title='bbox 448 406 736 474; x_wconf 75' lang='lat' dir='ltr'><strong>composuit</strong></span> <span class='ocrx_word' id='word_1_9' title='bbox 776 404 1065 476; x_wconf 80' lang='lat' dir='ltr'><strong>proverbia.</strong></span> <span class='ocrx_word' id='word_1_10' title='bbox 1098 413 1124 442; x_wconf 76' lang='grc' dir='ltr'><strong>ιι</strong></span> <span class='ocrx_word' id='word_1_11' title='bbox 1161 402 1390 459; x_wconf 76' lang='lat' dir='ltr'><strong>Multum</strong></span> <span class='ocrx_word' id='word_1_12' title='bbox 1434 403 1668 474; x_wconf 75' lang='lat' dir='ltr'><strong>quwsivit</strong></span> <span class='ocrx_word' id='word_1_13' title='bbox 1694 402 1751 465; x_wconf 80' lang='grc' dir='ltr'><strong>Α</strong></span> <span class='ocrx_word' id='word_1_14' title='bbox 1774 401 1962 457; x_wconf 87' lang='lat' dir='ltr'><strong>talium</strong></span> <span class='ocrx_word' id='word_1_15' title='bbox 1992 413 2216 472; x_wconf 79' lang='lat' dir='ltr'><strong>gressus</strong></span> <span class='ocrx_word' id='word_1_16' title='bbox 2247 398 2440 455; x_wconf 87' lang='lat' dir='ltr'><strong>aculeo</strong></span> <span class='ocrx_word' id='word_1_17' title='bbox 2468 408 2745 470; x_wconf 85' lang='lat' dir='ltr'><strong>pungente</strong></span> <span class='ocrx_word' id='word_1_18' title='bbox 2794 408 3228 455; x_wconf 82' lang='lat' dir='ltr'><strong>commoveant:</strong></span> <span class='ocrx_word' id='word_1_19' title='bbox 3269 400 3379 456; x_wconf 85' lang='lat' dir='ltr'><strong>sic-</strong></span> 
     </span>
    </p>
   </div>
   <div class='ocr_carea' id='block_1_5' title="bbox 10 490 1671 565">
    <p class='ocr_par' dir='ltr' id='par_1_5' title="bbox 10 490 1671 565">
     <span class='ocr_line' id='line_1_5' title="bbox 10 490 1671 565; baseline 0.004 -20"><span class='ocrx_word' id='word_1_20' title='bbox 10 506 13 513; x_wconf 86' lang='lat'><em>‘</em></span> <span class='ocrx_word' id='word_1_21' title='bbox 66 490 422 549; x_wconf 83' lang='lat' dir='ltr'><strong>Ecclesiastes</strong></span> <span class='ocrx_word' id='word_1_22' title='bbox 444 535 461 562; x_wconf 92' lang='lat'><strong>,</strong></span> <span class='ocrx_word' id='word_1_23' title='bbox 493 507 547 550; x_wconf 92' lang='lat' dir='ltr'><strong>ut</strong></span> <span class='ocrx_word' id='word_1_24' title='bbox 570 498 816 552; x_wconf 83' lang='lat' dir='ltr'><strong>inveniret</strong></span> <span class='ocrx_word' id='word_1_25' title='bbox 847 498 999 553; x_wconf 81' lang='lat' dir='ltr'><strong>verba</strong></span> <span class='ocrx_word' id='word_1_26' title='bbox 1023 497 1334 565; x_wconf 75' lang='lat' dir='ltr'><strong>voluntatis,</strong></span> <span class='ocrx_word' id='word_1_27' title='bbox 1359 506 1405 552; x_wconf 87' lang='lat' dir='ltr'><strong>et</strong></span> <span class='ocrx_word' id='word_1_28' title='bbox 1432 496 1671 551; x_wconf 86' lang='lat' dir='ltr'><strong>scriberet</strong></span> 
     </span>
    </p>
   </div>
   <div class='ocr_carea' id='block_1_6' title="bbox 10 588 1674 662">
    <p class='ocr_par' dir='ltr' id='par_1_6' title="bbox 10 588 1674 662">
     <span class='ocr_line' id='line_1_6' title="bbox 10 588 1674 662; baseline 0.002 -22"><span class='ocrx_word' id='word_1_29' title='bbox 10 592 11 597; x_wconf 78' lang='lat'>‘</span> <span class='ocrx_word' id='word_1_30' title='bbox 63 598 216 641; x_wconf 87' lang='lat' dir='ltr'><strong>recte</strong></span> <span class='ocrx_word' id='word_1_31' title='bbox 248 588 396 642; x_wconf 78' lang='lat' dir='ltr'><strong>verba</strong></span> <span class='ocrx_word' id='word_1_32' title='bbox 427 590 674 645; x_wconf 78' lang='lat' dir='ltr'><strong>veritatis.</strong></span> <span class='ocrx_word' id='word_1_33' title='bbox 708 590 1045 661; x_wconf 76' lang='lat' dir='ltr'><strong>Sapientiam</strong></span> <span class='ocrx_word' id='word_1_34' title='bbox 1074 590 1101 629; x_wconf 67' lang='grc' dir='ltr'>δ</span> <span class='ocrx_word' id='word_1_35' title='bbox 1130 607 1235 659; x_wconf 91' lang='lat' dir='ltr'><strong>qua</strong></span> <span class='ocrx_word' id='word_1_36' title='bbox 1270 591 1545 662; x_wconf 74' lang='lat' dir='ltr'><strong>prtevertit</strong></span> <span class='ocrx_word' id='word_1_37' title='bbox 1574 590 1674 646; x_wconf 83' lang='lat' dir='ltr'><strong>Sa-</strong></span> 
     </span>
    </p>
   </div>
   <div class='ocr_carea' id='block_1_7' title="bbox 68 680 1675 756">
    <p class='ocr_par' dir='ltr' id='par_1_7' title="bbox 68 680 1675 756">
     <span class='ocr_line' id='line_1_7' title="bbox 68 680 1675 756; baseline 0.002 -21"><span class='ocrx_word' id='word_1_38' title='bbox 68 680 264 736; x_wconf 91' lang='lat' dir='ltr'><strong>lomon</strong></span> <span class='ocrx_word' id='word_1_39' title='bbox 297 698 460 739; x_wconf 91' lang='lat' dir='ltr'><strong>omne</strong></span> <span class='ocrx_word' id='word_1_40' title='bbox 508 684 783 741; x_wconf 87' lang='lat' dir='ltr'><strong>hominum</strong></span> <span class='ocrx_word' id='word_1_41' title='bbox 827 701 1029 756; x_wconf 89' lang='lat' dir='ltr'><strong>genus,</strong></span> <span class='ocrx_word' id='word_1_42' title='bbox 1055 701 1197 741; x_wconf 90' lang='lat' dir='ltr'><strong>nunc</strong></span> <span class='ocrx_word' id='word_1_43' title='bbox 1228 700 1441 756; x_wconf 86' lang='lat' dir='ltr'><strong>queque</strong></span> <span class='ocrx_word' id='word_1_44' title='bbox 1481 686 1535 739; x_wconf 93' lang='lat' dir='ltr'><strong>in</strong></span> <span class='ocrx_word' id='word_1_45' title='bbox 1570 685 1675 739; x_wconf 90' lang='lat' dir='ltr'><strong>ﬁne</strong></span> 
     </span>
    </p>
   </div>
   <div class='ocr_carea' id='block_1_8' title="bbox 69 778 1677 852">
    <p class='ocr_par' dir='ltr' id='par_1_8' title="bbox 69 778 1677 852">
     <span class='ocr_line' id='line_1_8' title="bbox 69 778 1677 852; baseline 0.004 -24"><span class='ocrx_word' id='word_1_46' title='bbox 69 778 330 844; x_wconf 86' lang='lat' dir='ltr'><strong>opusculi</strong></span> <span class='ocrx_word' id='word_1_47' title='bbox 353 779 435 832; x_wconf 92' lang='lat' dir='ltr'><strong>sui</strong></span> <span class='ocrx_word' id='word_1_48' title='bbox 467 780 756 850; x_wconf 65' lang='lat' dir='ltr'><strong>proﬁtetur</strong></span> <span class='ocrx_word' id='word_1_49' title='bbox 779 823 793 847; x_wconf 96' lang='lat'><strong>,</strong></span> <span class='ocrx_word' id='word_1_50' title='bbox 820 782 965 852; x_wconf 88' lang='lat' dir='ltr'><strong>quod</strong></span> <span class='ocrx_word' id='word_1_51' title='bbox 997 797 1104 837; x_wconf 91' lang='lat' dir='ltr'><strong>non</strong></span> <span class='ocrx_word' id='word_1_52' title='bbox 1138 781 1303 837; x_wconf 89' lang='lat' dir='ltr'><strong>fuerit</strong></span> <span class='ocrx_word' id='word_1_53' title='bbox 1329 782 1527 836; x_wconf 89' lang='lat' dir='ltr'><strong>veteris</strong></span> <span class='ocrx_word' id='word_1_54' title='bbox 1574 780 1677 835; x_wconf 85' lang='lat' dir='ltr'><strong>Le-</strong></span> 
     </span>
    </p>
   </div>
   <div class='ocr_carea' id='block_1_9' title="bbox 72 872 1677 945">
    <p class='ocr_par' dir='ltr' id='par_1_9' title="bbox 72 872 1677 945">
     <span class='ocr_line' id='line_1_9' title="bbox 72 872 1677 945; baseline 0.003 -24"><span class='ocrx_word' id='word_1_55' title='bbox 72 873 162 939; x_wconf 88' lang='lat' dir='ltr'><strong>gis</strong></span> <span class='ocrx_word' id='word_1_56' title='bbox 195 872 539 928; x_wconf 74' lang='lat' dir='ltr'><strong>institutione</strong></span> <span class='ocrx_word' id='word_1_57' title='bbox 563 885 852 930; x_wconf 88' lang='lat' dir='ltr'><strong>contentus</strong></span> <span class='ocrx_word' id='word_1_58' title='bbox 876 892 889 928; x_wconf 79' lang='grc' dir='ltr'>ε</span> <span class='ocrx_word' id='word_1_59' title='bbox 920 874 1017 931; x_wconf 89' lang='lat' dir='ltr'><strong>sed</strong></span> <span class='ocrx_word' id='word_1_60' title='bbox 1045 876 1097 929; x_wconf 91' lang='lat' dir='ltr'><strong>in</strong></span> <span class='ocrx_word' id='word_1_61' title='bbox 1129 872 1424 945; x_wconf 85' lang='lat' dir='ltr'><strong>profundas</strong></span> <span class='ocrx_word' id='word_1_62' title='bbox 1449 888 1510 929; x_wconf 90' lang='lat' dir='ltr'><strong>se</strong></span> <span class='ocrx_word' id='word_1_63' title='bbox 1531 872 1677 927; x_wconf 91' lang='lat' dir='ltr'><strong>ultro</strong></span> 
     </span>
    </p>
   </div>
   <div class='ocr_carea' id='block_1_10' title="bbox 71 961 1675 1038">
    <p class='ocr_par' dir='ltr' id='par_1_10' title="bbox 71 961 1675 1038">
     <span class='ocr_line' id='line_1_10' title="bbox 71 961 1675 1038; baseline 0.002 -22"><span class='ocrx_word' id='word_1_64' title='bbox 71 961 191 1034; x_wconf 80' lang='grc' dir='ltr'><strong>[ΑΙ.</strong></span> <span class='ocrx_word' id='word_1_65' title='bbox 231 964 396 1038; x_wconf 86' lang='lat' dir='ltr'><strong>ultra]</strong></span> <span class='ocrx_word' id='word_1_66' title='bbox 429 965 757 1024; x_wconf 82' lang='lat' dir='ltr'><strong>demerserit</strong></span> <span class='ocrx_word' id='word_1_67' title='bbox 796 968 1163 1038; x_wconf 69' lang='lat' dir='ltr'><strong>quaestiones,</strong></span> <span class='ocrx_word' id='word_1_68' title='bbox 1194 976 1250 1023; x_wconf 91' lang='lat' dir='ltr'><strong>et</strong></span> <span class='ocrx_word' id='word_1_69' title='bbox 1273 967 1339 1021; x_wconf 92' lang='lat' dir='ltr'><strong>ad</strong></span> <span class='ocrx_word' id='word_1_70' title='bbox 1370 966 1675 1021; x_wconf 87' lang='lat' dir='ltr'><strong>docendum</strong></span> 
     </span>
    </p>
   </div>
   <div class='ocr_carea' id='block_1_11' title="bbox 70 1058 1675 1131">
    <p class='ocr_par' dir='ltr' id='par_1_11' title="bbox 70 1058 1675 1131">
     <span class='ocr_line' id='line_1_11' title="bbox 70 1058 1675 1131; baseline 0.004 -23"><span class='ocrx_word' id='word_1_71' title='bbox 70 1058 339 1126; x_wconf 84' lang='lat' dir='ltr'><strong>populum</strong></span> <span class='ocrx_word' id='word_1_72' title='bbox 366 1104 379 1125; x_wconf 89' lang='lat'><strong>,</strong></span> <span class='ocrx_word' id='word_1_73' title='bbox 426 1062 713 1130; x_wconf 85' lang='lat' dir='ltr'><strong>proverbia</strong></span> <span class='ocrx_word' id='word_1_74' title='bbox 743 1104 757 1128; x_wconf 94' lang='lat'><strong>,</strong></span> <span class='ocrx_word' id='word_1_75' title='bbox 790 1072 847 1119; x_wconf 87' lang='lat' dir='ltr'><strong>et</strong></span> <span class='ocrx_word' id='word_1_76' title='bbox 895 1062 1181 1131; x_wconf 82' lang='lat' dir='ltr'><strong>parabolas</strong></span> <span class='ocrx_word' id='word_1_77' title='bbox 1215 1074 1235 1101; x_wconf 75' lang='grc' dir='ltr'><em>ε</em></span> <span class='ocrx_word' id='word_1_78' title='bbox 1270 1062 1675 1131; x_wconf 88' lang='lat' dir='ltr'><strong>composuerit,</strong></span> 
     </span>
    </p>
   </div>
   <div class='ocr_carea' id='block_1_12' title="bbox 74 1148 1676 1224">
    <p class='ocr_par' dir='ltr' id='par_1_12' title="bbox 74 1148 1676 1224">
     <span class='ocr_line' id='line_1_12' title="bbox 74 1148 1676 1224; baseline 0.003 -22"><span class='ocrx_word' id='word_1_79' title='bbox 74 1148 233 1204; x_wconf 86' lang='lat' dir='ltr'><strong>aliud</strong></span> <span class='ocrx_word' id='word_1_80' title='bbox 267 1149 533 1208; x_wconf 90' lang='lat' dir='ltr'><strong>habentes</strong></span> <span class='ocrx_word' id='word_1_81' title='bbox 558 1153 612 1208; x_wconf 92' lang='lat' dir='ltr'><strong>in</strong></span> <span class='ocrx_word' id='word_1_82' title='bbox 642 1154 881 1210; x_wconf 85' lang='lat' dir='ltr'><strong>medulla</strong></span> <span class='ocrx_word' id='word_1_83' title='bbox 903 1196 917 1219; x_wconf 93' lang='lat'><strong>,</strong></span> <span class='ocrx_word' id='word_1_84' title='bbox 944 1154 1091 1209; x_wconf 88' lang='lat' dir='ltr'><strong>aliud</strong></span> <span class='ocrx_word' id='word_1_85' title='bbox 1120 1155 1171 1209; x_wconf 90' lang='lat' dir='ltr'><strong>in</strong></span> <span class='ocrx_word' id='word_1_86' title='bbox 1198 1154 1487 1224; x_wconf 89' lang='lat' dir='ltr'><strong>superﬁcie</strong></span> <span class='ocrx_word' id='word_1_87' title='bbox 1517 1153 1676 1222; x_wconf 91' lang='lat' dir='ltr'><strong>polli-</strong></span> 
     </span>
    </p>
   </div>
   <div class='ocr_carea' id='block_1_13' title="bbox 69 1242 1679 1317">
    <p class='ocr_par' dir='ltr' id='par_1_13' title="bbox 69 1242 1679 1317">
     <span class='ocr_line' id='line_1_13' title="bbox 69 1242 1679 1317; baseline 0.002 -21"><span class='ocrx_word' id='word_1_88' title='bbox 69 1251 290 1298; x_wconf 83' lang='lat' dir='ltr'><strong>centes.</strong></span> <span class='ocrx_word' id='word_1_89' title='bbox 324 1242 616 1301; x_wconf 81' lang='lat' dir='ltr'><strong>Proverbia</strong></span> <span class='ocrx_word' id='word_1_90' title='bbox 635 1248 840 1317; x_wconf 84' lang='lat' dir='ltr'><strong>quippe</strong></span> <span class='ocrx_word' id='word_1_91' title='bbox 869 1262 977 1301; x_wconf 90' lang='lat' dir='ltr'><strong>non</strong></span> <span class='ocrx_word' id='word_1_92' title='bbox 1002 1248 1313 1302; x_wconf 80' lang='lat' dir='ltr'><strong>ltocsonare</strong></span> <span class='ocrx_word' id='word_1_93' title='bbox 1335 1247 1479 1317; x_wconf 88' lang='lat' dir='ltr'><strong>quod</strong></span> <span class='ocrx_word' id='word_1_94' title='bbox 1506 1246 1679 1315; x_wconf 87' lang='lat' dir='ltr'><strong>serip-</strong></span> 
     </span>
    </p>
   </div>
   <div class='ocr_carea' id='block_1_14' title="bbox 72 1337 1675 1409">
    <p class='ocr_par' dir='ltr' id='par_1_14' title="bbox 72 1337 1675 1409">
     <span class='ocr_line' id='line_1_14' title="bbox 72 1337 1675 1409; baseline 0.004 -22"><span class='ocrx_word' id='word_1_95' title='bbox 72 1342 194 1389; x_wconf 90' lang='lat' dir='ltr'><strong>tum</strong></span> <span class='ocrx_word' id='word_1_96' title='bbox 224 1346 307 1391; x_wconf 91' lang='lat' dir='ltr'><strong>est</strong></span> <span class='ocrx_word' id='word_1_97' title='bbox 328 1378 343 1403; x_wconf 91' lang='lat'><strong>,</strong></span> <span class='ocrx_word' id='word_1_98' title='bbox 372 1339 536 1391; x_wconf 89' lang='lat' dir='ltr'><strong>etiam</strong></span> <span class='ocrx_word' id='word_1_99' title='bbox 567 1338 623 1392; x_wconf 93' lang='lat' dir='ltr'><strong>in</strong></span> <span class='ocrx_word' id='word_1_100' title='bbox 651 1337 965 1409; x_wconf 86' lang='lat' dir='ltr'><strong>Evangeliis</strong></span> <span class='ocrx_word' id='word_1_101' title='bbox 992 1338 1284 1394; x_wconf 88' lang='lat' dir='ltr'><strong>edocemur</strong></span> <span class='ocrx_word' id='word_1_102' title='bbox 1315 1338 1530 1409; x_wconf 85' lang='lat' dir='ltr'><strong>(Matth.</strong></span> <span class='ocrx_word' id='word_1_103' title='bbox 1559 1354 1675 1405; x_wconf 71' lang='grc' dir='ltr'><strong>χιιι,</strong></span> 
     </span>
    </p>
   </div>
   <div class='ocr_carea' id='block_1_15' title="bbox 72 1428 1679 1505">
    <p class='ocr_par' dir='ltr' id='par_1_15' title="bbox 72 1428 1679 1505">
     <span class='ocr_line' id='line_1_15' title="bbox 72 1428 1679 1505; baseline 0.006 -25"><span class='ocrx_word' id='word_1_104' title='bbox 72 1437 123 1481; x_wconf 86' lang='lat' dir='ltr'><strong>ct</strong></span> <span class='ocrx_word' id='word_1_105' title='bbox 157 1428 255 1500; x_wconf 81' lang='lat' dir='ltr'><strong>xv)</strong></span> <span class='ocrx_word' id='word_1_106' title='bbox 285 1448 297 1483; x_wconf 88' lang='lat'>:</span> <span class='ocrx_word' id='word_1_107' title='bbox 349 1430 491 1501; x_wconf 91' lang='lat' dir='ltr'><strong>quod</strong></span> <span class='ocrx_word' id='word_1_108' title='bbox 528 1432 786 1487; x_wconf 85' lang='lat' dir='ltr'><strong>Dominus</strong></span> <span class='ocrx_word' id='word_1_109' title='bbox 817 1434 1013 1503; x_wconf 87' lang='lat' dir='ltr'><strong>populo</strong></span> <span class='ocrx_word' id='word_1_110' title='bbox 1061 1433 1117 1488; x_wconf 92' lang='lat' dir='ltr'><strong>in</strong></span> <span class='ocrx_word' id='word_1_111' title='bbox 1159 1433 1433 1504; x_wconf 82' lang='lat' dir='ltr'><strong>parabolis</strong></span> <span class='ocrx_word' id='word_1_112' title='bbox 1470 1443 1527 1489; x_wconf 89' lang='lat' dir='ltr'><strong>et</strong></span> <span class='ocrx_word' id='word_1_113' title='bbox 1552 1450 1679 1505; x_wconf 90' lang='lat' dir='ltr'><strong>pro-</strong></span> 
     </span>
    </p>
   </div>
   <div class='ocr_carea' id='block_1_16' title="bbox 77 1525 1677 1599">
    <p class='ocr_par' dir='ltr' id='par_1_16' title="bbox 77 1525 1677 1599">
     <span class='ocr_line' id='line_1_16' title="bbox 77 1525 1677 1599; baseline 0.004 -23"><span class='ocrx_word' id='word_1_114' title='bbox 77 1525 290 1580; x_wconf 89' lang='lat' dir='ltr'><strong>verbiis</strong></span> <span class='ocrx_word' id='word_1_115' title='bbox 316 1527 386 1580; x_wconf 88' lang='lat' dir='ltr'><strong>sit</strong></span> <span class='ocrx_word' id='word_1_116' title='bbox 414 1527 623 1583; x_wconf 89' lang='lat' dir='ltr'><strong>locutus</strong></span> <span class='ocrx_word' id='word_1_117' title='bbox 656 1545 668 1581; x_wconf 94' lang='lat'>:</span> <span class='ocrx_word' id='word_1_118' title='bbox 700 1538 915 1585; x_wconf 89' lang='lat' dir='ltr'><strong>secreto</strong></span> <span class='ocrx_word' id='word_1_119' title='bbox 954 1536 1134 1585; x_wconf 90' lang='lat' dir='ltr'><strong>autem</strong></span> <span class='ocrx_word' id='word_1_120' title='bbox 1176 1529 1449 1599; x_wconf 88' lang='lat' dir='ltr'><strong>Apostolis</strong></span> <span class='ocrx_word' id='word_1_121' title='bbox 1478 1528 1677 1585; x_wconf 86' lang='lat' dir='ltr'><strong>dissol-</strong></span> 
     </span>
    </p>
   </div>
   <div class='ocr_carea' id='block_1_17' title="bbox 74 1614 1677 1687">
    <p class='ocr_par' dir='ltr' id='par_1_17' title="bbox 74 1614 1677 1687">
     <span class='ocr_line' id='line_1_17' title="bbox 74 1614 1677 1687; baseline 0.007 -22"><span class='ocrx_word' id='word_1_122' title='bbox 74 1614 224 1668; x_wconf 89' lang='lat' dir='ltr'><strong>verit</strong></span> <span class='ocrx_word' id='word_1_123' title='bbox 254 1630 339 1671; x_wconf 90' lang='lat' dir='ltr'><strong>ea.</strong></span> <span class='ocrx_word' id='word_1_124' title='bbox 374 1616 452 1671; x_wconf 82' lang='lat' dir='ltr'><strong>Ex</strong></span> <span class='ocrx_word' id='word_1_125' title='bbox 482 1633 589 1687; x_wconf 89' lang='lat' dir='ltr'><strong>quo</strong></span> <span class='ocrx_word' id='word_1_126' title='bbox 635 1620 983 1674; x_wconf 82' lang='lat' dir='ltr'><strong>manifestum</strong></span> <span class='ocrx_word' id='word_1_127' title='bbox 1016 1629 1131 1685; x_wconf 90' lang='lat' dir='ltr'><strong>est,</strong></span> <span class='ocrx_word' id='word_1_128' title='bbox 1161 1629 1217 1676; x_wconf 88' lang='lat' dir='ltr'><strong>et</strong></span> <span class='ocrx_word' id='word_1_129' title='bbox 1257 1622 1677 1677; x_wconf 85' lang='lat' dir='ltr'><strong>Proverbiorum</strong></span> 
     </span>
    </p>
   </div>
   <div class='ocr_carea' id='block_1_18' title="bbox 76 1704 1677 1785">
    <p class='ocr_par' dir='ltr' id='par_1_18' title="bbox 76 1704 1677 1785">
     <span class='ocr_line' id='line_1_18' title="bbox 76 1704 1677 1785; baseline 0.007 -26"><span class='ocrx_word' id='word_1_130' title='bbox 76 1704 317 1772; x_wconf 87' lang='lat' dir='ltr'><strong>librum,</strong></span> <span class='ocrx_word' id='word_1_131' title='bbox 348 1724 455 1763; x_wconf 91' lang='lat' dir='ltr'><strong>non</strong></span> <span class='ocrx_word' id='word_1_132' title='bbox 490 1719 546 1764; x_wconf 92' lang='lat' dir='ltr'><strong>ut</strong></span> <span class='ocrx_word' id='word_1_133' title='bbox 572 1711 845 1781; x_wconf 88' lang='lat' dir='ltr'><strong>simplices</strong></span> <span class='ocrx_word' id='word_1_134' title='bbox 888 1714 1256 1778; x_wconf 84' lang='lat' dir='ltr'><strong>arbitrantur,</strong></span> <span class='ocrx_word' id='word_1_135' title='bbox 1304 1716 1546 1785; x_wconf 80' lang='lat' dir='ltr'><strong>patentia</strong></span> <span class='ocrx_word' id='word_1_136' title='bbox 1577 1714 1677 1769; x_wconf 87' lang='lat' dir='ltr'><strong>ha-</strong></span> 
     </span>
    </p>
   </div>
   <div class='ocr_carea' id='block_1_19' title="bbox 1776 494 3381 568">
    <p class='ocr_par' dir='ltr' id='par_1_19' title="bbox 1776 494 3381 568">
     <span class='ocr_line' id='line_1_19' title="bbox 1776 494 3381 568; baseline -0.001 -15"><span class='ocrx_word' id='word_1_137' title='bbox 1776 514 1882 568; x_wconf 92' lang='lat' dir='ltr'><strong>que</strong></span> <span class='ocrx_word' id='word_1_138' title='bbox 1924 498 2034 555; x_wconf 91' lang='lat' dir='ltr'><strong>sint</strong></span> <span class='ocrx_word' id='word_1_139' title='bbox 2076 498 2231 552; x_wconf 90' lang='lat' dir='ltr'><strong>ﬁrma</strong></span> <span class='ocrx_word' id='word_1_140' title='bbox 2263 496 2419 568; x_wconf 89' lang='lat' dir='ltr'><strong>quasi</strong></span> <span class='ocrx_word' id='word_1_141' title='bbox 2458 494 2600 551; x_wconf 86' lang='lat' dir='ltr'><strong>clavi</strong></span> <span class='ocrx_word' id='word_1_142' title='bbox 2627 495 2681 550; x_wconf 93' lang='lat' dir='ltr'><strong>in</strong></span> <span class='ocrx_word' id='word_1_143' title='bbox 2712 494 2883 551; x_wconf 90' lang='lat' dir='ltr'><strong>altum</strong></span> <span class='ocrx_word' id='word_1_144' title='bbox 2912 494 3257 565; x_wconf 89' lang='lat' dir='ltr'><strong>solidumque</strong></span> <span class='ocrx_word' id='word_1_145' title='bbox 3284 495 3381 551; x_wconf 89' lang='lat' dir='ltr'><strong>de-</strong></span> 
     </span>
    </p>
   </div>
   <div class='ocr_carea' id='block_1_20' title="bbox 1775 586 3380 658">
    <p class='ocr_par' dir='ltr' id='par_1_20' title="bbox 1775 586 3380 658">
     <span class='ocr_line' id='line_1_20' title="bbox 1775 586 3380 658; baseline -0.001 -11"><span class='ocrx_word' id='word_1_146' title='bbox 1775 591 1868 648; x_wconf 77' lang='lat' dir='ltr'><strong>ﬁxi</strong></span> <span class='ocrx_word' id='word_1_147' title='bbox 1915 606 2066 647; x_wconf 88' lang='lat' dir='ltr'><strong>:nec</strong></span> <span class='ocrx_word' id='word_1_148' title='bbox 2109 591 2438 647; x_wconf 86' lang='lat' dir='ltr'><strong>auctoritate</strong></span> <span class='ocrx_word' id='word_1_149' title='bbox 2482 589 2676 653; x_wconf 87' lang='lat' dir='ltr'><strong>unius,</strong></span> <span class='ocrx_word' id='word_1_150' title='bbox 2730 586 2758 625; x_wconf 73' lang='grc' dir='ltr'><strong>ιι</strong></span> <span class='ocrx_word' id='word_1_151' title='bbox 2789 588 2886 645; x_wconf 91' lang='lat' dir='ltr'><strong>sed</strong></span> <span class='ocrx_word' id='word_1_152' title='bbox 2933 588 3172 643; x_wconf 88' lang='lat' dir='ltr'><strong>concilio</strong></span> <span class='ocrx_word' id='word_1_153' title='bbox 3217 597 3380 658; x_wconf 88' lang='lat' dir='ltr'><strong>atque</strong></span> 
     </span>
    </p>
   </div>
   <div class='ocr_carea' id='block_1_21' title="bbox 1777 681 3381 755">
    <p class='ocr_par' dir='ltr' id='par_1_21' title="bbox 1777 681 3381 755">
     <span class='ocr_line' id='line_1_21' title="bbox 1777 681 3381 755; baseline -0.004 -12"><span class='ocrx_word' id='word_1_154' title='bbox 1777 700 2050 744; x_wconf 88' lang='lat' dir='ltr'><strong>consensu</strong></span> <span class='ocrx_word' id='word_1_155' title='bbox 2077 685 2460 755; x_wconf 65' lang='lat' dir='ltr'><strong>magistrorum</strong></span> <span class='ocrx_word' id='word_1_156' title='bbox 2488 683 2733 739; x_wconf 90' lang='lat' dir='ltr'><strong>omnium</strong></span> <span class='ocrx_word' id='word_1_157' title='bbox 2768 682 3139 753; x_wconf 81' lang='lat' dir='ltr'><strong>proferantur.</strong></span> <span class='ocrx_word' id='word_1_158' title='bbox 3180 681 3195 717; x_wconf 78' lang='grc' dir='ltr'><strong>ί</strong></span> <span class='ocrx_word' id='word_1_159' title='bbox 3224 681 3290 737; x_wconf 87' lang='grc' dir='ltr'><strong>Ει</strong></span> <span class='ocrx_word' id='word_1_160' title='bbox 3313 697 3381 738; x_wconf 89' lang='lat' dir='ltr'><strong>ne</strong></span> 
     </span>
    </p>
   </div>
   <div class='ocr_carea' id='block_1_22' title="bbox 1778 775 3380 847">
    <p class='ocr_par' dir='ltr' id='par_1_22' title="bbox 1778 775 3380 847">
     <span class='ocr_line' id='line_1_22' title="bbox 1778 775 3380 847; baseline 0 -14"><span class='ocrx_word' id='word_1_161' title='bbox 1778 788 2227 834; x_wconf 87' lang='lat' dir='ltr'><strong>contemneretur</strong></span> <span class='ocrx_word' id='word_1_162' title='bbox 2260 777 2498 832; x_wconf 89' lang='lat' dir='ltr'><strong>humana</strong></span> <span class='ocrx_word' id='word_1_163' title='bbox 2528 777 2830 847; x_wconf 82' lang='lat' dir='ltr'><strong>sapientia,</strong></span> <span class='ocrx_word' id='word_1_164' title='bbox 2880 776 2955 830; x_wconf 91' lang='lat' dir='ltr'><strong>ait</strong></span> <span class='ocrx_word' id='word_1_165' title='bbox 2983 791 3101 831; x_wconf 84' lang='lat' dir='ltr'><strong>eam</strong></span> <span class='ocrx_word' id='word_1_166' title='bbox 3150 775 3220 830; x_wconf 90' lang='lat' dir='ltr'><strong>ab</strong></span> <span class='ocrx_word' id='word_1_167' title='bbox 3272 791 3380 833; x_wconf 92' lang='lat' dir='ltr'><strong>uno</strong></span> 
     </span>
    </p>
   </div>
   <div class='ocr_carea' id='block_1_23' title="bbox 1779 869 3382 942">
    <p class='ocr_par' dir='ltr' id='par_1_23' title="bbox 1779 869 3382 942">
     <span class='ocr_line' id='line_1_23' title="bbox 1779 869 3382 942; baseline 0 -17"><span class='ocrx_word' id='word_1_168' title='bbox 1779 881 1998 942; x_wconf 88' lang='lat' dir='ltr'><strong>pastore</strong></span> <span class='ocrx_word' id='word_1_169' title='bbox 2025 886 2342 929; x_wconf 90' lang='lat' dir='ltr'><strong>concessam</strong></span> <span class='ocrx_word' id='word_1_170' title='bbox 2376 890 2387 924; x_wconf 89' lang='lat'>:</span> <span class='ocrx_word' id='word_1_171' title='bbox 2442 871 2496 927; x_wconf 89' lang='lat' dir='ltr'><strong>id</strong></span> <span class='ocrx_word' id='word_1_172' title='bbox 2548 880 2661 939; x_wconf 90' lang='lat' dir='ltr'><strong>est,</strong></span> <span class='ocrx_word' id='word_1_173' title='bbox 2697 870 2825 927; x_wconf 90' lang='lat' dir='ltr'><strong>licet</strong></span> <span class='ocrx_word' id='word_1_174' title='bbox 2872 870 3087 941; x_wconf 85' lang='lat' dir='ltr'><strong>plurimi</strong></span> <span class='ocrx_word' id='word_1_175' title='bbox 3116 869 3382 936; x_wconf 86' lang='lat' dir='ltr'><strong>doceant,</strong></span> 
     </span>
    </p>
   </div>
   <div class='ocr_carea' id='block_1_24' title="bbox 1780 964 3381 1022">
    <p class='ocr_par' dir='ltr' id='par_1_24' title="bbox 1780 964 3381 1022">
     <span class='ocr_line' id='line_1_24' title="bbox 1780 964 3381 1022; baseline 0.002 -3"><span class='ocrx_word' id='word_1_176' title='bbox 1780 974 1962 1021; x_wconf 90' lang='lat' dir='ltr'><strong>tamen</strong></span> <span class='ocrx_word' id='word_1_177' title='bbox 1992 966 2006 1015; x_wconf 77' lang='grc' dir='ltr'><strong>ι</strong></span> <span class='ocrx_word' id='word_1_178' title='bbox 2038 966 2304 1021; x_wconf 79' lang='lat' dir='ltr'><strong>doctrinae</strong></span> <span class='ocrx_word' id='word_1_179' title='bbox 2322 974 2512 1020; x_wconf 90' lang='lat' dir='ltr'><strong>auctor</strong></span> <span class='ocrx_word' id='word_1_180' title='bbox 2534 980 2675 1020; x_wconf 91' lang='lat' dir='ltr'><strong>unus</strong></span> <span class='ocrx_word' id='word_1_181' title='bbox 2697 973 2783 1021; x_wconf 85' lang='lat' dir='ltr'><strong>est</strong></span> <span class='ocrx_word' id='word_1_182' title='bbox 2804 965 3089 1021; x_wconf 87' lang='lat' dir='ltr'><strong>Dominus.</strong></span> <span class='ocrx_word' id='word_1_183' title='bbox 3116 964 3270 1021; x_wconf 88' lang='lat' dir='ltr'><strong>Facit</strong></span> <span class='ocrx_word' id='word_1_184' title='bbox 3292 964 3381 1022; x_wconf 87' lang='lat' dir='ltr'><strong>hic</strong></span> 
     </span>
    </p>
   </div>
   <div class='ocr_carea' id='block_1_25' title="bbox 1780 1057 3378 1130">
    <p class='ocr_par' dir='ltr' id='par_1_25' title="bbox 1780 1057 3378 1130">
     <span class='ocr_line' id='line_1_25' title="bbox 1780 1057 3378 1130; baseline 0.003 -18"><span class='ocrx_word' id='word_1_185' title='bbox 1780 1058 1933 1113; x_wconf 88' lang='lat' dir='ltr'><strong>locus</strong></span> <span class='ocrx_word' id='word_1_186' title='bbox 1959 1058 2223 1114; x_wconf 86' lang='lat' dir='ltr'><strong>adversus</strong></span> <span class='ocrx_word' id='word_1_187' title='bbox 2254 1073 2382 1123; x_wconf 89' lang='lat' dir='ltr'><strong>eos,</strong></span> <span class='ocrx_word' id='word_1_188' title='bbox 2414 1059 2505 1128; x_wconf 89' lang='lat' dir='ltr'><strong>qui</strong></span> <span class='ocrx_word' id='word_1_189' title='bbox 2555 1057 2720 1113; x_wconf 89' lang='lat' dir='ltr'><strong>alium</strong></span> <span class='ocrx_word' id='word_1_190' title='bbox 2753 1058 2914 1130; x_wconf 81' lang='lat' dir='ltr'><strong>Legis</strong></span> <span class='ocrx_word' id='word_1_191' title='bbox 2942 1060 3180 1125; x_wconf 80' lang='lat' dir='ltr'><strong>veteris,</strong></span> <span class='ocrx_word' id='word_1_192' title='bbox 3212 1060 3378 1116; x_wconf 91' lang='lat' dir='ltr'><strong>alium</strong></span> 
     </span>
    </p>
   </div>
   <div class='ocr_carea' id='block_1_26' title="bbox 1780 1150 3384 1222">
    <p class='ocr_par' dir='ltr' id='par_1_26' title="bbox 1780 1150 3384 1222">
     <span class='ocr_line' id='line_1_26' title="bbox 1780 1150 3384 1222; baseline 0.001 -16"><span class='ocrx_word' id='word_1_193' title='bbox 1780 1151 2063 1222; x_wconf 82' lang='lat' dir='ltr'><strong>Evangelii</strong></span> <span class='ocrx_word' id='word_1_194' title='bbox 2089 1151 2365 1205; x_wconf 81' lang='lat' dir='ltr'><strong>:estimant</strong></span> <span class='ocrx_word' id='word_1_195' title='bbox 2396 1150 2565 1205; x_wconf 90' lang='lat' dir='ltr'><strong>Deum</strong></span> <span class='ocrx_word' id='word_1_196' title='bbox 2590 1191 2605 1216; x_wconf 93' lang='lat'><strong>,</strong></span> <span class='ocrx_word' id='word_1_197' title='bbox 2638 1150 2783 1222; x_wconf 88' lang='lat' dir='ltr'><strong>quod</strong></span> <span class='ocrx_word' id='word_1_198' title='bbox 2813 1166 2954 1206; x_wconf 90' lang='lat' dir='ltr'><strong>unus</strong></span> <span class='ocrx_word' id='word_1_199' title='bbox 2986 1161 3169 1222; x_wconf 88' lang='lat' dir='ltr'><strong>pastor</strong></span> <span class='ocrx_word' id='word_1_200' title='bbox 3197 1154 3384 1208; x_wconf 85' lang='lat' dir='ltr'><strong>conci-</strong></span> 
     </span>
    </p>
   </div>
   <div class='ocr_carea' id='block_1_27' title="bbox 1780 1242 3377 1310">
    <p class='ocr_par' dir='ltr' id='par_1_27' title="bbox 1780 1242 3377 1310">
     <span class='ocr_line' id='line_1_27' title="bbox 1780 1242 3377 1310; baseline 0.001 -14"><span class='ocrx_word' id='word_1_201' title='bbox 1780 1242 1913 1297; x_wconf 90' lang='lat' dir='ltr'><strong>lium</strong></span> <span class='ocrx_word' id='word_1_202' title='bbox 1966 1242 2315 1310; x_wconf 91' lang='lat' dir='ltr'><strong>prudentium</strong></span> <span class='ocrx_word' id='word_1_203' title='bbox 2350 1242 2693 1298; x_wconf 76' lang='lat' dir='ltr'><strong>instruxerit.</strong></span> <span class='ocrx_word' id='word_1_204' title='bbox 2724 1242 3029 1297; x_wconf 88' lang='lat' dir='ltr'><strong>Prudentes</strong></span> <span class='ocrx_word' id='word_1_205' title='bbox 3058 1252 3238 1298; x_wconf 90' lang='lat' dir='ltr'><strong>autem</strong></span> <span class='ocrx_word' id='word_1_206' title='bbox 3269 1251 3377 1299; x_wconf 90' lang='lat' dir='ltr'><strong>tam</strong></span> 
     </span>
    </p>
   </div>
   <div class='ocr_carea' id='block_1_28' title="bbox 1781 1333 3379 1406">
    <p class='ocr_par' dir='ltr' id='par_1_28' title="bbox 1781 1333 3379 1406">
     <span class='ocr_line' id='line_1_28' title="bbox 1781 1333 3379 1406; baseline -0.001 -16"><span class='ocrx_word' id='word_1_207' title='bbox 1781 1336 2070 1405; x_wconf 65' lang='lat' dir='ltr'><strong>Prophetas</strong></span> <span class='ocrx_word' id='word_1_208' title='bbox 2097 1344 2264 1401; x_wconf 88' lang='lat' dir='ltr'><strong>sunt,</strong></span> <span class='ocrx_word' id='word_1_209' title='bbox 2288 1348 2450 1406; x_wconf 86' lang='lat' dir='ltr'><strong>quam</strong></span> <span class='ocrx_word' id='word_1_210' title='bbox 2473 1335 2727 1399; x_wconf 86' lang='lat' dir='ltr'><strong>apostoli.</strong></span> <span class='ocrx_word' id='word_1_211' title='bbox 2760 1335 2933 1391; x_wconf 92' lang='lat' dir='ltr'><strong>Simul</strong></span> <span class='ocrx_word' id='word_1_212' title='bbox 2962 1343 3019 1389; x_wconf 90' lang='lat' dir='ltr'><strong>et</strong></span> <span class='ocrx_word' id='word_1_213' title='bbox 3047 1333 3151 1390; x_wconf 88' lang='lat' dir='ltr'><strong>hoc</strong></span> <span class='ocrx_word' id='word_1_214' title='bbox 3180 1342 3379 1389; x_wconf 86' lang='lat' dir='ltr'><strong>notan-</strong></span> 
     </span>
    </p>
   </div>
   <div class='ocr_carea' id='block_1_29' title="bbox 1781 1427 3379 1500">
    <p class='ocr_par' dir='ltr' id='par_1_29' title="bbox 1781 1427 3379 1500">
     <span class='ocr_line' id='line_1_29' title="bbox 1781 1427 3379 1500; baseline 0 -17"><span class='ocrx_word' id='word_1_215' title='bbox 1781 1427 1909 1484; x_wconf 91' lang='lat' dir='ltr'><strong>dum</strong></span> <span class='ocrx_word' id='word_1_216' title='bbox 1942 1438 2055 1496; x_wconf 90' lang='lat' dir='ltr'><strong>est,</strong></span> <span class='ocrx_word' id='word_1_217' title='bbox 2090 1428 2236 1500; x_wconf 88' lang='lat' dir='ltr'><strong>quod</strong></span> <span class='ocrx_word' id='word_1_218' title='bbox 2262 1428 2517 1483; x_wconf 86' lang='lat' dir='ltr'><strong>dicantur</strong></span> <span class='ocrx_word' id='word_1_219' title='bbox 2545 1428 2708 1483; x_wconf 81' lang='lat' dir='ltr'><strong>verba</strong></span> <span class='ocrx_word' id='word_1_220' title='bbox 2734 1427 3063 1497; x_wconf 89' lang='lat' dir='ltr'><strong>sapientium</strong></span> <span class='ocrx_word' id='word_1_221' title='bbox 3097 1442 3337 1499; x_wconf 88' lang='lat' dir='ltr'><strong>pungere</strong></span> <span class='ocrx_word' id='word_1_222' title='bbox 3362 1468 3379 1496; x_wconf 90' lang='lat'><strong>,</strong></span> 
     </span>
    </p>
   </div>
   <div class='ocr_carea' id='block_1_30' title="bbox 1781 1519 3382 1590">
    <p class='ocr_par' dir='ltr' id='par_1_30' title="bbox 1781 1519 3382 1590">
     <span class='ocr_line' id='line_1_30' title="bbox 1781 1519 3382 1590; baseline 0.001 -15"><span class='ocrx_word' id='word_1_223' title='bbox 1781 1536 1888 1575; x_wconf 91' lang='lat' dir='ltr'><strong>non</strong></span> <span class='ocrx_word' id='word_1_224' title='bbox 1931 1521 2197 1590; x_wconf 90' lang='lat' dir='ltr'><strong>palpare,</strong></span> <span class='ocrx_word' id='word_1_225' title='bbox 2249 1535 2350 1575; x_wconf 90' lang='lat' dir='ltr'><strong>nec</strong></span> <span class='ocrx_word' id='word_1_226' title='bbox 2402 1520 2552 1575; x_wconf 91' lang='lat' dir='ltr'><strong>molli</strong></span> <span class='ocrx_word' id='word_1_227' title='bbox 2604 1535 2766 1576; x_wconf 90' lang='lat' dir='ltr'><strong>manu</strong></span> <span class='ocrx_word' id='word_1_228' title='bbox 2820 1519 2843 1556; x_wconf 59' lang='grc' dir='ltr'><strong>ι</strong></span> <span class='ocrx_word' id='word_1_229' title='bbox 2884 1528 3177 1576; x_wconf 86' lang='lat' dir='ltr'><strong>attrectare</strong></span> <span class='ocrx_word' id='word_1_230' title='bbox 3225 1521 3382 1577; x_wconf 88' lang='lat' dir='ltr'><strong>lasci-</strong></span> 
     </span>
    </p>
   </div>
   <div class='ocr_carea' id='block_1_31' title="bbox 1780 1614 3383 1686">
    <p class='ocr_par' dir='ltr' id='par_1_31' title="bbox 1780 1614 3383 1686">
     <span class='ocr_line' id='line_1_31' title="bbox 1780 1614 3383 1686; baseline 0.001 -17"><span class='ocrx_word' id='word_1_231' title='bbox 1780 1614 1921 1669; x_wconf 89' lang='lat' dir='ltr'><strong>viam</strong></span> <span class='ocrx_word' id='word_1_232' title='bbox 1954 1632 1964 1667; x_wconf 91' lang='lat'>:</span> <span class='ocrx_word' id='word_1_233' title='bbox 2000 1615 2096 1669; x_wconf 87' lang='lat' dir='ltr'><strong>sed</strong></span> <span class='ocrx_word' id='word_1_234' title='bbox 2130 1614 2439 1670; x_wconf 91' lang='lat' dir='ltr'><strong>errantibus</strong></span> <span class='ocrx_word' id='word_1_235' title='bbox 2479 1624 2534 1669; x_wconf 91' lang='lat' dir='ltr'><strong>et</strong></span> <span class='ocrx_word' id='word_1_236' title='bbox 2567 1614 2670 1686; x_wconf 88' lang='lat' dir='ltr'><strong>(ut</strong></span> <span class='ocrx_word' id='word_1_237' title='bbox 2699 1629 2863 1683; x_wconf 89' lang='lat' dir='ltr'><strong>supra</strong></span> <span class='ocrx_word' id='word_1_238' title='bbox 2915 1614 3178 1686; x_wconf 77' lang='lat' dir='ltr'><strong>diximus)</strong></span> <span class='ocrx_word' id='word_1_239' title='bbox 3214 1614 3383 1670; x_wconf 87' lang='lat' dir='ltr'><strong>tardis</strong></span> 
     </span>
    </p>
   </div>
   <div class='ocr_carea' id='block_1_32' title="bbox 1781 1705 3381 1777">
    <p class='ocr_par' dir='ltr' id='par_1_32' title="bbox 1781 1705 3381 1777">
     <span class='ocr_line' id='line_1_32' title="bbox 1781 1705 3381 1777; baseline 0.001 -16"><span class='ocrx_word' id='word_1_240' title='bbox 1781 1706 2118 1775; x_wconf 59' lang='lat' dir='ltr'><strong>paenitentia:</strong></span> <span class='ocrx_word' id='word_1_241' title='bbox 2147 1707 2366 1762; x_wconf 86' lang='lat' dir='ltr'><strong>dolores</strong></span> <span class='ocrx_word' id='word_1_242' title='bbox 2408 1716 2461 1761; x_wconf 91' lang='lat' dir='ltr'><strong>et</strong></span> <span class='ocrx_word' id='word_1_243' title='bbox 2492 1706 2687 1761; x_wconf 83' lang='lat' dir='ltr'><strong>vulnus</strong></span> <span class='ocrx_word' id='word_1_244' title='bbox 2738 1705 2985 1777; x_wconf 83' lang='lat' dir='ltr'><strong>inﬁgere.</strong></span> <span class='ocrx_word' id='word_1_245' title='bbox 3016 1708 3072 1764; x_wconf 91' lang='lat' dir='ltr'><strong>Si</strong></span> <span class='ocrx_word' id='word_1_246' title='bbox 3102 1707 3256 1777; x_wconf 85' lang='lat' dir='ltr'><strong>cujus</strong></span> <span class='ocrx_word' id='word_1_247' title='bbox 3280 1706 3381 1777; x_wconf 91' lang='lat' dir='ltr'><strong>igi-</strong></span> 
     </span>
    </p>
   </div>
   <div class='ocr_carea' id='block_1_33' title="bbox 73 1792 3383 1874">
    <p class='ocr_par' dir='ltr' id='par_1_33' title="bbox 73 1792 3383 1874">
     <span class='ocr_line' id='line_1_33' title="bbox 73 1792 3383 1874; baseline 0.001 -22"><span class='ocrx_word' id='word_1_248' title='bbox 73 1796 214 1853; x_wconf 91' lang='lat' dir='ltr'><strong>bere</strong></span> <span class='ocrx_word' id='word_1_249' title='bbox 240 1810 509 1871; x_wconf 65' lang='lat' dir='ltr'><strong>praecepta</strong></span> <span class='ocrx_word' id='word_1_250' title='bbox 541 1820 553 1855; x_wconf 90' lang='lat'><strong>:</strong></span> <span class='ocrx_word' id='word_1_251' title='bbox 602 1804 698 1858; x_wconf 84' lang='lat' dir='ltr'><strong>sed</strong></span> <span class='ocrx_word' id='word_1_252' title='bbox 726 1805 884 1874; x_wconf 81' lang='lat' dir='ltr'><strong>quasi</strong></span> <span class='ocrx_word' id='word_1_253' title='bbox 914 1806 966 1860; x_wconf 83' lang='lat' dir='ltr'><strong>in</strong></span> <span class='ocrx_word' id='word_1_254' title='bbox 998 1815 1144 1861; x_wconf 71' lang='lat' dir='ltr'><strong>terra</strong></span> <span class='ocrx_word' id='word_1_255' title='bbox 1174 1823 1365 1862; x_wconf 71' lang='lat' dir='ltr'><strong>aurum</strong></span> <span class='ocrx_word' id='word_1_256' title='bbox 1390 1850 1403 1873; x_wconf 76' lang='grc'><em>,</em></span> <span class='ocrx_word' id='word_1_257' title='bbox 1452 1809 1503 1862; x_wconf 78' lang='lat' dir='ltr'><strong>in</strong></span> <span class='ocrx_word' id='word_1_258' title='bbox 1538 1823 1676 1864; x_wconf 76' lang='lat' dir='ltr'><strong>nuce</strong></span> <span class='ocrx_word' id='word_1_259' title='bbox 1706 1792 1753 1853; x_wconf 88' lang='lat' dir='ltr'><strong>B</strong></span> <span class='ocrx_word' id='word_1_260' title='bbox 1784 1808 1872 1853; x_wconf 92' lang='lat' dir='ltr'><strong>tur</strong></span> <span class='ocrx_word' id='word_1_261' title='bbox 1898 1813 2081 1855; x_wconf 90' lang='lat' dir='ltr'><strong>sermo</strong></span> <span class='ocrx_word' id='word_1_262' title='bbox 2111 1813 2216 1853; x_wconf 92' lang='lat' dir='ltr'><strong>non</strong></span> <span class='ocrx_word' id='word_1_263' title='bbox 2259 1798 2484 1870; x_wconf 90' lang='lat' dir='ltr'><strong>pungit,</strong></span> <span class='ocrx_word' id='word_1_264' title='bbox 2518 1799 2615 1855; x_wconf 88' lang='lat' dir='ltr'><strong>sed</strong></span> <span class='ocrx_word' id='word_1_265' title='bbox 2648 1798 2996 1855; x_wconf 89' lang='lat' dir='ltr'><strong>oblectationi</strong></span> <span class='ocrx_word' id='word_1_266' title='bbox 3029 1812 3113 1856; x_wconf 73' lang='grc' dir='ltr'><strong>εει</strong></span> <span class='ocrx_word' id='word_1_267' title='bbox 3158 1799 3383 1856; x_wconf 89' lang='lat' dir='ltr'><strong>audien-</strong></span> 
     </span>
    </p>
   </div>
   <div class='ocr_carea' id='block_1_34' title="bbox 75 1892 1669 1971">
    <p class='ocr_par' dir='ltr' id='par_1_34' title="bbox 75 1892 1669 1971">
     <span class='ocr_line' id='line_1_34' title="bbox 75 1892 1669 1971; baseline 0.009 -27"><span class='ocrx_word' id='word_1_268' title='bbox 75 1892 309 1947; x_wconf 91' lang='lat' dir='ltr'><strong>nucleus</strong></span> <span class='ocrx_word' id='word_1_269' title='bbox 330 1935 345 1959; x_wconf 90' lang='lat'><strong>,</strong></span> <span class='ocrx_word' id='word_1_270' title='bbox 366 1894 418 1948; x_wconf 93' lang='lat' dir='ltr'><strong>in</strong></span> <span class='ocrx_word' id='word_1_271' title='bbox 440 1895 667 1951; x_wconf 89' lang='lat' dir='ltr'><strong>hirsutis</strong></span> <span class='ocrx_word' id='word_1_272' title='bbox 689 1907 1069 1955; x_wconf 83' lang='lat' dir='ltr'><strong>castanearum</strong></span> <span class='ocrx_word' id='word_1_273' title='bbox 1093 1902 1365 1971; x_wconf 88' lang='lat' dir='ltr'><strong>operculis</strong></span> <span class='ocrx_word' id='word_1_274' title='bbox 1389 1902 1669 1958; x_wconf 89' lang='lat' dir='ltr'><strong>abscondi-</strong></span> 
     </span>
    </p>
   </div>
   <div class='ocr_carea' id='block_1_35' title="bbox 76 1984 1671 2061">
    <p class='ocr_par' dir='ltr' id='par_1_35' title="bbox 76 1984 1671 2061">
     <span class='ocr_line' id='line_1_35' title="bbox 76 1984 1671 2061; baseline 0.008 -24"><span class='ocrx_word' id='word_1_275' title='bbox 76 1991 171 2038; x_wconf 89' lang='lat' dir='ltr'><strong>tus</strong></span> <span class='ocrx_word' id='word_1_276' title='bbox 203 1984 412 2043; x_wconf 90' lang='lat' dir='ltr'><strong>fructus</strong></span> <span class='ocrx_word' id='word_1_277' title='bbox 442 1988 763 2061; x_wconf 61' lang='lat' dir='ltr'><strong>inquiriturj:</strong></span> <span class='ocrx_word' id='word_1_278' title='bbox 788 1992 861 2046; x_wconf 89' lang='lat' dir='ltr'><strong>ita</strong></span> <span class='ocrx_word' id='word_1_279' title='bbox 888 1993 941 2046; x_wconf 92' lang='lat' dir='ltr'><strong>in</strong></span> <span class='ocrx_word' id='word_1_280' title='bbox 972 1993 1053 2048; x_wconf 90' lang='lat' dir='ltr'><strong>eis</strong></span> <span class='ocrx_word' id='word_1_281' title='bbox 1080 1994 1323 2049; x_wconf 89' lang='lat' dir='ltr'><strong>divinum</strong></span> <span class='ocrx_word' id='word_1_282' title='bbox 1346 2009 1565 2051; x_wconf 90' lang='lat' dir='ltr'><strong>sensum</strong></span> <span class='ocrx_word' id='word_1_283' title='bbox 1592 1995 1671 2050; x_wconf 89' lang='lat' dir='ltr'><strong>al-</strong></span> 
     </span>
    </p>
   </div>
   <div class='ocr_carea' id='block_1_36' title="bbox 78 2075 1678 2154">
    <p class='ocr_par' dir='ltr' id='par_1_36' title="bbox 78 2075 1678 2154">
     <span class='ocr_line' id='line_1_36' title="bbox 78 2075 1678 2154; baseline 0.01 -25"><span class='ocrx_word' id='word_1_284' title='bbox 78 2075 192 2131; x_wconf 91' lang='lat' dir='ltr'><strong>tius</strong></span> <span class='ocrx_word' id='word_1_285' title='bbox 222 2080 695 2147; x_wconf 89' lang='lat' dir='ltr'><strong>perscrutandum.</strong></span> <span class='ocrx_word' id='word_1_286' title='bbox 736 2083 915 2154; x_wconf 89' lang='lat' dir='ltr'><strong>Super</strong></span> <span class='ocrx_word' id='word_1_287' title='bbox 957 2086 1075 2142; x_wconf 81' lang='lat' dir='ltr'><strong>inec</strong></span> <span class='ocrx_word' id='word_1_288' title='bbox 1105 2087 1315 2143; x_wconf 88' lang='lat' dir='ltr'><strong>addidit</strong></span> <span class='ocrx_word' id='word_1_289' title='bbox 1342 2104 1535 2144; x_wconf 85' lang='lat' dir='ltr'><strong>causas</strong></span> <span class='ocrx_word' id='word_1_290' title='bbox 1584 2104 1678 2143; x_wconf 84' lang='lat' dir='ltr'><strong>na-</strong></span> 
     </span>
    </p>
   </div>
   <div class='ocr_carea' id='block_1_37' title="bbox 69 2178 1679 2251">
    <p class='ocr_par' dir='ltr' id='par_1_37' title="bbox 69 2178 1679 2251">
     <span class='ocr_line' id='line_1_37' title="bbox 69 2178 1679 2251; baseline 0.009 -26"><span class='ocrx_word' id='word_1_291' title='bbox 69 2180 345 2243; x_wconf 87' lang='lat' dir='ltr'><strong>turasque</strong></span> <span class='ocrx_word' id='word_1_292' title='bbox 372 2190 552 2231; x_wconf 88' lang='lat' dir='ltr'><strong>rerum</strong></span> <span class='ocrx_word' id='word_1_293' title='bbox 578 2191 637 2232; x_wconf 89' lang='lat' dir='ltr'><strong>se</strong></span> <span class='ocrx_word' id='word_1_294' title='bbox 660 2178 899 2235; x_wconf 87' lang='lat' dir='ltr'><strong>voluisse</strong></span> <span class='ocrx_word' id='word_1_295' title='bbox 922 2196 1259 2251; x_wconf 85' lang='lat' dir='ltr'><strong>cognoscere</strong></span> <span class='ocrx_word' id='word_1_296' title='bbox 1276 2225 1289 2247; x_wconf 94' lang='lat'><strong>,</strong></span> <span class='ocrx_word' id='word_1_297' title='bbox 1316 2192 1372 2239; x_wconf 89' lang='lat' dir='ltr'><strong>et</strong></span> <span class='ocrx_word' id='word_1_298' title='bbox 1398 2183 1490 2239; x_wconf 86' lang='lat' dir='ltr'><strong>Dei</strong></span> <span class='ocrx_word' id='word_1_299' title='bbox 1512 2182 1539 2220; x_wconf 76' lang='grc' dir='ltr'>ἀ</span> <span class='ocrx_word' id='word_1_300' title='bbox 1567 2183 1679 2239; x_wconf 88' lang='lat' dir='ltr'><strong>dis-</strong></span> 
     </span>
    </p>
   </div>
   <div class='ocr_carea' id='block_1_38' title="bbox 69 2267 1676 2347">
    <p class='ocr_par' dir='ltr' id='par_1_38' title="bbox 69 2267 1676 2347">
     <span class='ocr_line' id='line_1_38' title="bbox 69 2267 1676 2347; baseline 0.009 -29"><span class='ocrx_word' id='word_1_301' title='bbox 69 2267 413 2335; x_wconf 75' lang='lat' dir='ltr'><strong>pOsitionem</strong></span> <span class='ocrx_word' id='word_1_302' title='bbox 462 2279 517 2325; x_wconf 90' lang='lat' dir='ltr'><strong>et</strong></span> <span class='ocrx_word' id='word_1_303' title='bbox 565 2271 909 2341; x_wconf 88' lang='lat' dir='ltr'><strong>prudentiam</strong></span> <span class='ocrx_word' id='word_1_304' title='bbox 955 2290 1172 2345; x_wconf 89' lang='lat' dir='ltr'><strong>:qnare</strong></span> <span class='ocrx_word' id='word_1_305' title='bbox 1218 2276 1676 2347; x_wconf 88' lang='lat' dir='ltr'><strong>unumquodque,</strong></span> 
     </span>
    </p>
   </div>
   <div class='ocr_carea' id='block_1_39' title="bbox 69 2360 1679 2438">
    <p class='ocr_par' dir='ltr' id='par_1_39' title="bbox 69 2360 1679 2438">
     <span class='ocr_line' id='line_1_39' title="bbox 69 2360 1679 2438; baseline 0.007 -26"><span class='ocrx_word' id='word_1_306' title='bbox 69 2360 165 2415; x_wconf 81' lang='lat' dir='ltr'><strong>vel</strong></span> <span class='ocrx_word' id='word_1_307' title='bbox 195 2363 471 2430; x_wconf 88' lang='lat' dir='ltr'><strong>quomodo</strong></span> <span class='ocrx_word' id='word_1_308' title='bbox 517 2362 717 2420; x_wconf 90' lang='lat' dir='ltr'><strong>factum</strong></span> <span class='ocrx_word' id='word_1_309' title='bbox 764 2365 930 2438; x_wconf 65' lang='grc'>494</span> <span class='ocrx_word' id='word_1_310' title='bbox 968 2368 1077 2433; x_wconf 90' lang='lat' dir='ltr'><strong>sit,</strong></span> <span class='ocrx_word' id='word_1_311' title='bbox 1112 2368 1254 2423; x_wconf 89' lang='lat' dir='ltr'><strong>scire</strong></span> <span class='ocrx_word' id='word_1_312' title='bbox 1299 2369 1542 2424; x_wconf 89' lang='lat' dir='ltr'><strong>voluisse</strong></span> <span class='ocrx_word' id='word_1_313' title='bbox 1576 2388 1586 2423; x_wconf 96' lang='lat'>:</span> <span class='ocrx_word' id='word_1_314' title='bbox 1621 2379 1679 2425; x_wconf 88' lang='lat' dir='ltr'><strong>ut</strong></span> 
     </span>
    </p>
   </div>
   <div class='ocr_carea' id='block_1_40' title="bbox 69 2452 1675 2531">
    <p class='ocr_par' dir='ltr' id='par_1_40' title="bbox 69 2452 1675 2531">
     <span class='ocr_line' id='line_1_40' title="bbox 69 2452 1675 2531; baseline 0.01 -27"><span class='ocrx_word' id='word_1_315' title='bbox 69 2452 225 2522; x_wconf 86' lang='lat' dir='ltr'><strong>quod</strong></span> <span class='ocrx_word' id='word_1_316' title='bbox 257 2454 425 2511; x_wconf 80' lang='lat' dir='ltr'><strong>David</strong></span> <span class='ocrx_word' id='word_1_317' title='bbox 457 2466 583 2527; x_wconf 89' lang='lat' dir='ltr'><strong>post</strong></span> <span class='ocrx_word' id='word_1_318' title='bbox 620 2457 1033 2517; x_wconf 91' lang='lat' dir='ltr'><strong>dissolutionem</strong></span> <span class='ocrx_word' id='word_1_319' title='bbox 1064 2463 1312 2531; x_wconf 89' lang='lat' dir='ltr'><strong>corporis</strong></span> <span class='ocrx_word' id='word_1_320' title='bbox 1353 2472 1407 2517; x_wconf 93' lang='lat' dir='ltr'><strong>et</strong></span> <span class='ocrx_word' id='word_1_321' title='bbox 1438 2464 1633 2519; x_wconf 71' lang='lat' dir='ltr'><strong>animm</strong></span> <span class='ocrx_word' id='word_1_322' title='bbox 1663 2506 1675 2529; x_wconf 92' lang='lat'><strong>,</strong></span> 
     </span>
    </p>
   </div>
   <div class='ocr_carea' id='block_1_41' title="bbox 70 2544 1675 2623">
    <p class='ocr_par' dir='ltr' id='par_1_41' title="bbox 70 2544 1675 2623">
     <span class='ocr_line' id='line_1_41' title="bbox 70 2544 1675 2623; baseline 0.007 -25"><span class='ocrx_word' id='word_1_323' title='bbox 70 2544 147 2600; x_wconf 88' lang='lat' dir='ltr'><strong>ad</strong></span> <span class='ocrx_word' id='word_1_324' title='bbox 175 2548 346 2601; x_wconf 65' lang='lat' dir='ltr'><strong>caelos</strong></span> <span class='ocrx_word' id='word_1_325' title='bbox 372 2558 395 2583; x_wconf 79' lang='grc' dir='ltr'><strong>θ</strong></span> <span class='ocrx_word' id='word_1_326' title='bbox 416 2564 697 2605; x_wconf 87' lang='lat' dir='ltr'><strong>recursum</strong></span> <span class='ocrx_word' id='word_1_327' title='bbox 728 2566 785 2607; x_wconf 91' lang='lat' dir='ltr'><strong>se</strong></span> <span class='ocrx_word' id='word_1_328' title='bbox 812 2564 995 2623; x_wconf 84' lang='lat' dir='ltr'><strong>sperat</strong></span> <span class='ocrx_word' id='word_1_329' title='bbox 1019 2569 1142 2609; x_wconf 90' lang='lat' dir='ltr'><strong>esse</strong></span> <span class='ocrx_word' id='word_1_330' title='bbox 1164 2556 1405 2610; x_wconf 89' lang='lat' dir='ltr'><strong>visurum</strong></span> <span class='ocrx_word' id='word_1_331' title='bbox 1426 2598 1440 2623; x_wconf 93' lang='lat'><strong>,</strong></span> <span class='ocrx_word' id='word_1_332' title='bbox 1469 2556 1675 2612; x_wconf 87' lang='lat' dir='ltr'><strong>dicens:</strong></span> 
     </span>
    </p>
   </div>
   <div class='ocr_carea' id='block_1_42' title="bbox 84 2634 1677 2717">
    <p class='ocr_par' dir='ltr' id='par_1_42' title="bbox 84 2634 1677 2717">
     <span class='ocr_line' id='line_1_42' title="bbox 84 2634 1677 2717; baseline 0.009 -30"><span class='ocrx_word' id='word_1_333' title='bbox 84 2634 290 2691; x_wconf 78' lang='lat' dir='ltr'><strong>Videbo</strong></span> <span class='ocrx_word' id='word_1_334' title='bbox 315 2638 468 2695; x_wconf 71' lang='lat' dir='ltr'><strong>ctelos</strong></span> <span class='ocrx_word' id='word_1_335' title='bbox 492 2640 601 2712; x_wconf 85' lang='grc' dir='ltr'><strong>[ΑΙ.</strong></span> <span class='ocrx_word' id='word_1_336' title='bbox 627 2643 783 2698; x_wconf 76' lang='lat' dir='ltr'><strong>ctelos</strong></span> <span class='ocrx_word' id='word_1_337' title='bbox 803 2643 1136 2715; x_wconf 85' lang='lat' dir='ltr'><strong>tuos],opera</strong></span> <span class='ocrx_word' id='word_1_338' title='bbox 1163 2646 1445 2717; x_wconf 82' lang='lat' dir='ltr'><strong>digitorum</strong></span> <span class='ocrx_word' id='word_1_339' title='bbox 1471 2657 1677 2702; x_wconf 87' lang='lat' dir='ltr'><strong>tuorunt</strong></span> 
     </span>
    </p>
   </div>
   <div class='ocr_carea' id='block_1_43' title="bbox 75 2727 1678 2807">
    <p class='ocr_par' dir='ltr' id='par_1_43' title="bbox 75 2727 1678 2807">
     <span class='ocr_line' id='line_1_43' title="bbox 75 2727 1678 2807; baseline 0.011 -25"><span class='ocrx_word' id='word_1_340' title='bbox 75 2727 257 2798; x_wconf 83' lang='lat' dir='ltr'><strong>(Psal.</strong></span> <span class='ocrx_word' id='word_1_341' title='bbox 285 2747 408 2799; x_wconf 88' lang='lat' dir='ltr'><strong>vnt,</strong></span> <span class='ocrx_word' id='word_1_342' title='bbox 436 2732 492 2804; x_wconf 71' lang='grc'><strong>4)</strong></span> <span class='ocrx_word' id='word_1_343' title='bbox 523 2751 537 2788; x_wconf 89' lang='lat'><strong>:</strong></span> <span class='ocrx_word' id='word_1_344' title='bbox 570 2735 674 2791; x_wconf 86' lang='lat' dir='ltr'><strong>hoc</strong></span> <span class='ocrx_word' id='word_1_345' title='bbox 697 2752 839 2792; x_wconf 89' lang='lat' dir='ltr'><strong>nunc</strong></span> <span class='ocrx_word' id='word_1_346' title='bbox 867 2738 919 2792; x_wconf 92' lang='lat' dir='ltr'><strong>in</strong></span> <span class='ocrx_word' id='word_1_347' title='bbox 952 2740 1208 2807; x_wconf 86' lang='lat' dir='ltr'><strong>praesenti</strong></span> <span class='ocrx_word' id='word_1_348' title='bbox 1246 2739 1503 2797; x_wconf 90' lang='lat' dir='ltr'><strong>Salomon</strong></span> <span class='ocrx_word' id='word_1_349' title='bbox 1528 2743 1678 2799; x_wconf 90' lang='lat' dir='ltr'><strong>nisus</strong></span> 
     </span>
    </p>
   </div>
   <div class='ocr_carea' id='block_1_44' title="bbox 74 2819 1675 2906">
    <p class='ocr_par' dir='ltr' id='par_1_44' title="bbox 74 2819 1675 2906">
     <span class='ocr_line' id='line_1_44' title="bbox 74 2819 1675 2906; baseline 0.009 -30"><span class='ocrx_word' id='word_1_350' title='bbox 74 2819 251 2878; x_wconf 81' lang='lat' dir='ltr'><strong>fuerit</strong></span> <span class='ocrx_word' id='word_1_351' title='bbox 291 2824 537 2882; x_wconf 89' lang='lat' dir='ltr'><strong>invenire</strong></span> <span class='ocrx_word' id='word_1_352' title='bbox 564 2869 579 2894; x_wconf 95' lang='lat'><strong>,</strong></span> <span class='ocrx_word' id='word_1_353' title='bbox 618 2827 638 2865; x_wconf 66' lang='grc' dir='ltr'><strong><em>ί</em></strong></span> <span class='ocrx_word' id='word_1_354' title='bbox 672 2838 729 2884; x_wconf 84' lang='grc' dir='ltr'><strong>ιιι</strong></span> <span class='ocrx_word' id='word_1_355' title='bbox 759 2831 1045 2886; x_wconf 86' lang='lat' dir='ltr'><strong>veritatem</strong></span> <span class='ocrx_word' id='word_1_356' title='bbox 1094 2832 1193 2887; x_wconf 90' lang='lat' dir='ltr'><strong>soli</strong></span> <span class='ocrx_word' id='word_1_357' title='bbox 1228 2833 1340 2889; x_wconf 81' lang='lat' dir='ltr'><strong>Deo</strong></span> <span class='ocrx_word' id='word_1_358' title='bbox 1370 2836 1675 2906; x_wconf 83' lang='lat' dir='ltr'><strong>cognitam,</strong></span> 
     </span>
    </p>
   </div>
   <div class='ocr_carea' id='block_1_45' title="bbox 75 2918 1676 2999">
    <p class='ocr_par' dir='ltr' id='par_1_45' title="bbox 75 2918 1676 2999">
     <span class='ocr_line' id='line_1_45' title="bbox 75 2918 1676 2999; baseline 0.008 -26"><span class='ocrx_word' id='word_1_359' title='bbox 75 2918 332 2986; x_wconf 82' lang='lat' dir='ltr'><strong>corporis</strong></span> <span class='ocrx_word' id='word_1_360' title='bbox 374 2920 574 2977; x_wconf 79' lang='lat' dir='ltr'><strong>vallata</strong></span> <span class='ocrx_word' id='word_1_361' title='bbox 615 2933 772 2994; x_wconf 90' lang='lat' dir='ltr'><strong>septo</strong></span> <span class='ocrx_word' id='word_1_362' title='bbox 824 2940 980 2981; x_wconf 88' lang='lat' dir='ltr'><strong>mens</strong></span> <span class='ocrx_word' id='word_1_363' title='bbox 1029 2927 1266 2982; x_wconf 88' lang='lat' dir='ltr'><strong>humana</strong></span> <span class='ocrx_word' id='word_1_364' title='bbox 1315 2929 1676 2999; x_wconf 86' lang='lat' dir='ltr'><strong>comprehen-</strong></span> 
     </span>
    </p>
   </div>
   <div class='ocr_carea' id='block_1_46' title="bbox 74 3009 257 3066">
    <p class='ocr_par' dir='ltr' id='par_1_46' title="bbox 74 3009 257 3066">
     <span class='ocr_line' id='line_1_46' title="bbox 74 3009 257 3066; baseline 0 -2"><span class='ocrx_word' id='word_1_365' title='bbox 74 3009 257 3066; x_wconf 87' lang='lat' dir='ltr'><strong>deret.</strong></span> 
     </span>
    </p>
   </div>
   <div class='ocr_carea' id='block_1_47' title="bbox 166 3100 1681 3185">
    <p class='ocr_par' dir='ltr' id='par_1_47' title="bbox 166 3100 1681 3185">
     <span class='ocr_line' id='line_1_47' title="bbox 166 3100 1681 3185; baseline 0.011 -30"><span class='ocrx_word' id='word_1_366' title='bbox 166 3100 331 3157; x_wconf 84' lang='lat' dir='ltr'><strong>Verba</strong></span> <span class='ocrx_word' id='word_1_367' title='bbox 352 3106 645 3177; x_wconf 82' lang='lat' dir='ltr'><strong>sapientum</strong></span> <span class='ocrx_word' id='word_1_368' title='bbox 670 3150 684 3173; x_wconf 92' lang='lat'><strong>,</strong></span> <span class='ocrx_word' id='word_1_369' title='bbox 717 3119 773 3164; x_wconf 89' lang='lat' dir='ltr'><strong>ut</strong></span> <span class='ocrx_word' id='word_1_370' title='bbox 797 3112 1026 3178; x_wconf 85' lang='lat' dir='ltr'><strong>stimuli,</strong></span> <span class='ocrx_word' id='word_1_371' title='bbox 1053 3123 1099 3167; x_wconf 92' lang='lat' dir='ltr'><strong>et</strong></span> <span class='ocrx_word' id='word_1_372' title='bbox 1130 3117 1279 3185; x_wconf 89' lang='lat' dir='ltr'><strong>quasi</strong></span> <span class='ocrx_word' id='word_1_373' title='bbox 1300 3115 1429 3170; x_wconf 87' lang='lat' dir='ltr'><strong>clavi</strong></span> <span class='ocrx_word' id='word_1_374' title='bbox 1445 3117 1497 3171; x_wconf 89' lang='lat' dir='ltr'><strong>in</strong></span> <span class='ocrx_word' id='word_1_375' title='bbox 1516 3119 1681 3173; x_wconf 89' lang='lat' dir='ltr'><strong>altum</strong></span> 
     </span>
    </p>
   </div>
   <div class='ocr_carea' id='block_1_48' title="bbox 78 3194 1680 3277">
    <p class='ocr_par' dir='ltr' id='par_1_48' title="bbox 78 3194 1680 3277">
     <span class='ocr_line' id='line_1_48' title="bbox 78 3194 1680 3277; baseline 0.011 -29"><span class='ocrx_word' id='word_1_376' title='bbox 78 3194 264 3260; x_wconf 71' lang='lat' dir='ltr'><strong>deﬁxi,</strong></span> <span class='ocrx_word' id='word_1_377' title='bbox 293 3195 597 3255; x_wconf 86' lang='lat' dir='ltr'><strong>habentibus</strong></span> <span class='ocrx_word' id='word_1_378' title='bbox 626 3211 787 3257; x_wconf 77' lang='lat' dir='ltr'><strong>coetus</strong></span> <span class='ocrx_word' id='word_1_379' title='bbox 812 3244 825 3267; x_wconf 93' lang='lat'><strong>,</strong></span> <span class='ocrx_word' id='word_1_380' title='bbox 859 3203 983 3258; x_wconf 88' lang='lat' dir='ltr'><strong>data</strong></span> <span class='ocrx_word' id='word_1_381' title='bbox 1007 3216 1126 3260; x_wconf 90' lang='lat' dir='ltr'><strong>sunt</strong></span> <span class='ocrx_word' id='word_1_382' title='bbox 1156 3224 1186 3260; x_wconf 93' lang='lat' dir='ltr'><strong>a</strong></span> <span class='ocrx_word' id='word_1_383' title='bbox 1222 3217 1425 3277; x_wconf 82' lang='lat' dir='ltr'><strong>pastore</strong></span> <span class='ocrx_word' id='word_1_384' title='bbox 1450 3226 1570 3264; x_wconf 87' lang='lat' dir='ltr'><strong>uno.</strong></span> <span class='ocrx_word' id='word_1_385' title='bbox 1601 3210 1680 3266; x_wconf 86' lang='lat' dir='ltr'><strong>Ne</strong></span> 
     </span>
    </p>
   </div>
   <div class='ocr_carea' id='block_1_49' title="bbox 78 3284 1682 3371">
    <p class='ocr_par' dir='ltr' id='par_1_49' title="bbox 78 3284 1682 3371">
     <span class='ocr_line' id='line_1_49' title="bbox 78 3284 1682 3371; baseline 0.01 -32"><span class='ocrx_word' id='word_1_386' title='bbox 78 3284 370 3340; x_wconf 79' lang='lat' dir='ltr'><strong>videretur</strong></span> <span class='ocrx_word' id='word_1_387' title='bbox 397 3299 515 3357; x_wconf 90' lang='lat' dir='ltr'><strong>post</strong></span> <span class='ocrx_word' id='word_1_388' title='bbox 538 3290 711 3361; x_wconf 89' lang='lat' dir='ltr'><strong>legem</strong></span> <span class='ocrx_word' id='word_1_389' title='bbox 742 3292 837 3347; x_wconf 87' lang='lat' dir='ltr'><strong>Dei</strong></span> <span class='ocrx_word' id='word_1_390' title='bbox 867 3296 1189 3352; x_wconf 88' lang='lat' dir='ltr'><strong>temerarius</strong></span> <span class='ocrx_word' id='word_1_391' title='bbox 1218 3298 1400 3354; x_wconf 90' lang='lat' dir='ltr'><strong>subito</strong></span> <span class='ocrx_word' id='word_1_392' title='bbox 1438 3314 1682 3371; x_wconf 82' lang='lat' dir='ltr'><strong>praecep-</strong></span> 
     </span>
    </p>
   </div>
   <div class='ocr_carea' id='block_1_50' title="bbox 80 3385 1678 3462">
    <p class='ocr_par' dir='ltr' id='par_1_50' title="bbox 80 3385 1678 3462">
     <span class='ocr_line' id='line_1_50' title="bbox 80 3385 1678 3462; baseline 0.009 -31"><span class='ocrx_word' id='word_1_393' title='bbox 80 3388 172 3431; x_wconf 83' lang='lat' dir='ltr'><strong>tor</strong></span> <span class='ocrx_word' id='word_1_394' title='bbox 203 3393 526 3448; x_wconf 83' lang='lat' dir='ltr'><strong>erumpere,</strong></span> <span class='ocrx_word' id='word_1_395' title='bbox 556 3392 610 3437; x_wconf 93' lang='lat' dir='ltr'><strong>et</strong></span> <span class='ocrx_word' id='word_1_396' title='bbox 639 3385 742 3439; x_wconf 90' lang='lat' dir='ltr'><strong>sibi</strong></span> <span class='ocrx_word' id='word_1_397' title='bbox 795 3385 1074 3443; x_wconf 90' lang='lat' dir='ltr'><strong>vindicare</strong></span> <span class='ocrx_word' id='word_1_398' title='bbox 1122 3388 1425 3445; x_wconf 88' lang='lat' dir='ltr'><strong>doctrinam</strong></span> <span class='ocrx_word' id='word_1_399' title='bbox 1459 3432 1472 3455; x_wconf 94' lang='lat'><strong>,</strong></span> <span class='ocrx_word' id='word_1_400' title='bbox 1517 3407 1678 3462; x_wconf 90' lang='lat' dir='ltr'><strong>quam</strong></span> 
     </span>
    </p>
   </div>
   <div class='ocr_carea' id='block_1_51' title="bbox 80 3468 1679 3551">
    <p class='ocr_par' dir='ltr' id='par_1_51' title="bbox 80 3468 1679 3551">
     <span class='ocr_line' id='line_1_51' title="bbox 80 3468 1679 3551; baseline 0.011 -30"><span class='ocrx_word' id='word_1_401' title='bbox 80 3468 301 3537; x_wconf 86' lang='lat' dir='ltr'><strong>Moyses</strong></span> <span class='ocrx_word' id='word_1_402' title='bbox 331 3485 437 3526; x_wconf 93' lang='lat' dir='ltr'><strong>non</strong></span> <span class='ocrx_word' id='word_1_403' title='bbox 468 3480 574 3529; x_wconf 91' lang='lat' dir='ltr'><strong>tam</strong></span> <span class='ocrx_word' id='word_1_404' title='bbox 605 3490 701 3531; x_wconf 88' lang='lat' dir='ltr'><strong>sua</strong></span> <span class='ocrx_word' id='word_1_405' title='bbox 728 3488 953 3548; x_wconf 90' lang='lat' dir='ltr'><strong>sponte,</strong></span> <span class='ocrx_word' id='word_1_406' title='bbox 996 3495 1157 3551; x_wconf 92' lang='lat' dir='ltr'><strong>quam</strong></span> <span class='ocrx_word' id='word_1_407' title='bbox 1183 3490 1207 3528; x_wconf 77' lang='lat'><strong>8</strong></span> <span class='ocrx_word' id='word_1_408' title='bbox 1258 3482 1370 3537; x_wconf 91' lang='lat' dir='ltr'><strong>Deo</strong></span> <span class='ocrx_word' id='word_1_409' title='bbox 1410 3483 1679 3539; x_wconf 89' lang='lat' dir='ltr'><strong>irascente</strong></span> 
     </span>
    </p>
   </div>
   <div class='ocr_carea' id='block_1_52' title="bbox 79 3562 1680 3645">
    <p class='ocr_par' dir='ltr' id='par_1_52' title="bbox 79 3562 1680 3645">
     <span class='ocr_line' id='line_1_52' title="bbox 79 3562 1680 3645; baseline 0.011 -31"><span class='ocrx_word' id='word_1_410' title='bbox 79 3562 352 3631; x_wconf 90' lang='lat' dir='ltr'><strong>primum,</strong></span> <span class='ocrx_word' id='word_1_411' title='bbox 384 3564 585 3622; x_wconf 90' lang='lat' dir='ltr'><strong>dehinc</strong></span> <span class='ocrx_word' id='word_1_412' title='bbox 630 3568 931 3638; x_wconf 90' lang='lat' dir='ltr'><strong>inspirante</strong></span> <span class='ocrx_word' id='word_1_413' title='bbox 960 3584 1280 3645; x_wconf 79' lang='lat' dir='ltr'><strong>susceperat</strong></span> <span class='ocrx_word' id='word_1_414' title='bbox 1309 3593 1320 3629; x_wconf 90' lang='lat'>:</span> <span class='ocrx_word' id='word_1_415' title='bbox 1352 3574 1486 3629; x_wconf 90' lang='lat' dir='ltr'><strong>dicit</strong></span> <span class='ocrx_word' id='word_1_416' title='bbox 1514 3576 1680 3633; x_wconf 86' lang='lat' dir='ltr'><strong>verba</strong></span> 
     </span>
    </p>
   </div>
   <div class='ocr_carea' id='block_1_53' title="bbox 78 3655 1677 3736">
    <p class='ocr_par' dir='ltr' id='par_1_53' title="bbox 78 3655 1677 3736">
     <span class='ocr_line' id='line_1_53' title="bbox 78 3655 1677 3736; baseline 0.011 -28"><span class='ocrx_word' id='word_1_417' title='bbox 78 3669 182 3709; x_wconf 90' lang='lat' dir='ltr'><strong>sua</strong></span> <span class='ocrx_word' id='word_1_418' title='bbox 226 3655 387 3712; x_wconf 85' lang='lat' dir='ltr'><strong>verba</strong></span> <span class='ocrx_word' id='word_1_419' title='bbox 420 3672 542 3715; x_wconf 90' lang='lat' dir='ltr'><strong>esse</strong></span> <span class='ocrx_word' id='word_1_420' title='bbox 592 3661 954 3733; x_wconf 90' lang='lat' dir='ltr'><strong>sapientium,</strong></span> <span class='ocrx_word' id='word_1_421' title='bbox 997 3681 1116 3736; x_wconf 74' lang='lat' dir='ltr'><strong>qum</strong></span> <span class='ocrx_word' id='word_1_422' title='bbox 1160 3667 1215 3720; x_wconf 91' lang='lat' dir='ltr'><strong>in</strong></span> <span class='ocrx_word' id='word_1_423' title='bbox 1264 3666 1677 3725; x_wconf 89' lang='lat' dir='ltr'><strong>similitudinem</strong></span> 
     </span>
    </p>
   </div>
   <div class='ocr_carea' id='block_1_54' title="bbox 78 3748 1681 3833">
    <p class='ocr_par' dir='ltr' id='par_1_54' title="bbox 78 3748 1681 3833">
     <span class='ocr_line' id='line_1_54' title="bbox 78 3748 1681 3833; baseline 0.01 -28"><span class='ocrx_word' id='word_1_424' title='bbox 78 3748 426 3806; x_wconf 89' lang='lat' dir='ltr'><strong>stimulorum</strong></span> <span class='ocrx_word' id='word_1_425' title='bbox 476 3753 757 3826; x_wconf 88' lang='lat' dir='ltr'><strong>corrigant</strong></span> <span class='ocrx_word' id='word_1_426' title='bbox 785 3757 1199 3830; x_wconf 89' lang='lat' dir='ltr'><strong>delinquentes,</strong></span> <span class='ocrx_word' id='word_1_427' title='bbox 1235 3770 1289 3816; x_wconf 92' lang='lat' dir='ltr'><strong>et</strong></span> <span class='ocrx_word' id='word_1_428' title='bbox 1320 3762 1505 3833; x_wconf 88' lang='lat' dir='ltr'><strong>pigros</strong></span> <span class='ocrx_word' id='word_1_429' title='bbox 1535 3778 1681 3820; x_wconf 91' lang='lat' dir='ltr'><strong>mor-</strong></span> 
     </span>
    </p>
   </div>
   <div class='ocr_carea' id='block_1_55' title="bbox 166 3964 1676 4037">
    <p class='ocr_par' dir='ltr' id='par_1_55' title="bbox 166 3964 1676 4037">
     <span class='ocr_line' id='line_1_55' title="bbox 166 3964 1676 4037; baseline 0.004 -22"><span class='ocrx_word' id='word_1_430' title='bbox 166 3974 191 4001; x_wconf 70' lang='grc' dir='ltr'><strong><em>λ</em></strong></span> <span class='ocrx_word' id='word_1_431' title='bbox 226 3964 450 4037; x_wconf 64' lang='lat' dir='ltr'><strong>Multum</strong></span> <span class='ocrx_word' id='word_1_432' title='bbox 478 3966 713 4037; x_wconf 80' lang='lat' dir='ltr'><strong>qutesivit</strong></span> <span class='ocrx_word' id='word_1_433' title='bbox 742 3966 1094 4023; x_wconf 73' lang='lat' dir='ltr'><strong>Ecclesiastes.</strong></span> <span class='ocrx_word' id='word_1_434' title='bbox 1142 3970 1313 4023; x_wconf 79' lang='lat' dir='ltr'><strong>Aliter</strong></span> <span class='ocrx_word' id='word_1_435' title='bbox 1340 3969 1676 4035; x_wconf 87' lang='lat' dir='ltr'><strong>exemplaria</strong></span> 
     </span>
    </p>
   </div>
   <div class='ocr_carea' id='block_1_56' title="bbox 81 4035 1680 4109">
    <p class='ocr_par' dir='ltr' id='par_1_56' title="bbox 81 4035 1680 4109">
     <span class='ocr_line' id='line_1_56' title="bbox 81 4035 1680 4109; baseline 0.001 -18"><span class='ocrx_word' id='word_1_436' title='bbox 81 4035 332 4105; x_wconf 53' lang='lat' dir='ltr'><strong>quasdam</strong></span> <span class='ocrx_word' id='word_1_437' title='bbox 361 4035 497 4109; x_wconf 63' lang='lat' dir='ltr'><strong>mss.</strong></span> <span class='ocrx_word' id='word_1_438' title='bbox 519 4037 607 4090; x_wconf 88' lang='lat' dir='ltr'><strong>ubi</strong></span> <span class='ocrx_word' id='word_1_439' title='bbox 636 4039 896 4109; x_wconf 77' lang='lat' dir='ltr'><strong>scriptum</strong></span> <span class='ocrx_word' id='word_1_440' title='bbox 929 4039 1180 4109; x_wconf 74' lang='lat' dir='ltr'><strong>legimus,</strong></span> <span class='ocrx_word' id='word_1_441' title='bbox 1212 4051 1447 4094; x_wconf 87' lang='lat' dir='ltr'><strong>scrutans</strong></span> <span class='ocrx_word' id='word_1_442' title='bbox 1472 4056 1680 4109; x_wconf 80' lang='lat' dir='ltr'><strong>compo-</strong></span> 
     </span>
    </p>
   </div>
   <div class='ocr_carea' id='block_1_57' title="bbox 78 4108 1677 4174">
    <p class='ocr_par' dir='ltr' id='par_1_57' title="bbox 78 4108 1677 4174">
     <span class='ocr_line' id='line_1_57' title="bbox 78 4108 1677 4174; baseline 0.001 -10"><span class='ocrx_word' id='word_1_443' title='bbox 78 4111 188 4164; x_wconf 86' lang='lat' dir='ltr'><strong>suit</strong></span> <span class='ocrx_word' id='word_1_444' title='bbox 219 4108 482 4174; x_wconf 79' lang='lat' dir='ltr'><strong>proverbia</strong></span> <span class='ocrx_word' id='word_1_445' title='bbox 507 4110 687 4161; x_wconf 88' lang='lat' dir='ltr'><strong>multa.</strong></span> <span class='ocrx_word' id='word_1_446' title='bbox 725 4108 964 4174; x_wconf 76' lang='lat' dir='ltr'><strong>Quwsivit</strong></span> <span class='ocrx_word' id='word_1_447' title='bbox 1002 4108 1358 4164; x_wconf 76' lang='lat' dir='ltr'><strong>Ecclesiastes.</strong></span> <span class='ocrx_word' id='word_1_448' title='bbox 1409 4108 1677 4165; x_wconf 65' lang='lat' dir='ltr'><strong>Murrum.</strong></span> 
     </span>
    </p>
   </div>
   <div class='ocr_carea' id='block_1_58' title="bbox 159 4178 1681 4248">
    <p class='ocr_par' dir='ltr' id='par_1_58' title="bbox 159 4178 1681 4248">
     <span class='ocr_line' id='line_1_58' title="bbox 159 4178 1681 4248; baseline 0.003 -17"><span class='ocrx_word' id='word_1_449' title='bbox 159 4185 183 4218; x_wconf 67' lang='grc' dir='ltr'><strong>ι’</strong></span> <span class='ocrx_word' id='word_1_450' title='bbox 218 4178 331 4245; x_wconf 85' lang='lat' dir='ltr'><strong>Qua</strong></span> <span class='ocrx_word' id='word_1_451' title='bbox 362 4180 616 4248; x_wconf 71' lang='lat' dir='ltr'><strong>prmvertit</strong></span> <span class='ocrx_word' id='word_1_452' title='bbox 658 4178 927 4233; x_wconf 88' lang='lat' dir='ltr'><strong>Salomon.</strong></span> <span class='ocrx_word' id='word_1_453' title='bbox 966 4178 1295 4233; x_wconf 79' lang='lat' dir='ltr'><strong>Sorhouicns</strong></span> <span class='ocrx_word' id='word_1_454' title='bbox 1348 4183 1542 4248; x_wconf 76' lang='lat' dir='ltr'><strong>codex,</strong></span> <span class='ocrx_word' id='word_1_455' title='bbox 1581 4199 1681 4245; x_wconf 89' lang='lat' dir='ltr'><strong>qua</strong></span> 
     </span>
    </p>
   </div>
   <div class='ocr_carea' id='block_1_59' title="bbox 80 4246 1681 4324">
    <p class='ocr_par' dir='ltr' id='par_1_59' title="bbox 80 4246 1681 4324">
     <span class='ocr_line' id='line_1_59' title="bbox 80 4246 1681 4324; baseline 0 -18"><span class='ocrx_word' id='word_1_456' title='bbox 80 4246 369 4324; x_wconf 26' lang='lat' dir='ltr'><strong>prtefertur;</strong></span> <span class='ocrx_word' id='word_1_457' title='bbox 388 4246 637 4303; x_wconf 82' lang='lat' dir='ltr'><strong>Salomon</strong></span> <span class='ocrx_word' id='word_1_458' title='bbox 662 4266 816 4324; x_wconf 66' lang='lat' dir='ltr'><strong>super</strong></span> <span class='ocrx_word' id='word_1_459' title='bbox 841 4265 987 4324; x_wconf 85' lang='lat' dir='ltr'><strong>ontne</strong></span> <span class='ocrx_word' id='word_1_460' title='bbox 1015 4248 1280 4324; x_wconf 77' lang='lat' dir='ltr'><strong>hominum</strong></span> <span class='ocrx_word' id='word_1_461' title='bbox 1319 4267 1479 4324; x_wconf 83' lang='lat' dir='ltr'><strong>genus</strong></span> <span class='ocrx_word' id='word_1_462' title='bbox 1510 4246 1681 4306; x_wconf 9' lang='lat' dir='ltr'><strong>:iediti</strong></span> 
     </span>
    </p>
   </div>
   <div class='ocr_carea' id='block_1_60' title="bbox 84 4320 1679 4391">
    <p class='ocr_par' dir='ltr' id='par_1_60' title="bbox 84 4320 1679 4391">
     <span class='ocr_line' id='line_1_60' title="bbox 84 4320 1679 4391; baseline 0.001 -16"><span class='ocrx_word' id='word_1_463' title='bbox 84 4320 216 4379; x_wconf 77' lang='lat' dir='ltr'><strong>vero</strong></span> <span class='ocrx_word' id='word_1_464' title='bbox 245 4320 391 4389; x_wconf 89' lang='lat' dir='ltr'><strong>libri,</strong></span> <span class='ocrx_word' id='word_1_465' title='bbox 423 4338 523 4391; x_wconf 88' lang='lat' dir='ltr'><strong>qua</strong></span> <span class='ocrx_word' id='word_1_466' title='bbox 546 4321 743 4391; x_wconf 81' lang='lat' dir='ltr'><strong>prwivit</strong></span> <span class='ocrx_word' id='word_1_467' title='bbox 762 4322 1011 4374; x_wconf 88' lang='lat' dir='ltr'><strong>Salonton</strong></span> <span class='ocrx_word' id='word_1_468' title='bbox 1034 4335 1182 4373; x_wconf 90' lang='lat' dir='ltr'><strong>omne</strong></span> <span class='ocrx_word' id='word_1_469' title='bbox 1220 4320 1483 4374; x_wconf 84' lang='lat' dir='ltr'><strong>hominum</strong></span> <span class='ocrx_word' id='word_1_470' title='bbox 1500 4339 1679 4391; x_wconf 86' lang='lat' dir='ltr'><strong>genus.</strong></span> 
     </span>
    </p>
   </div>
   <div class='ocr_carea' id='block_1_61' title="bbox 80 4395 356 4450">
    <p class='ocr_par' dir='ltr' id='par_1_61' title="bbox 80 4395 356 4450">
     <span class='ocr_line' id='line_1_61' title="bbox 80 4395 356 4450; baseline -0.014 -1"><span class='ocrx_word' id='word_1_471' title='bbox 80 4395 356 4450; x_wconf 72' lang='lat' dir='ltr'><strong>MARTIAN.</strong></span> 
     </span>
    </p>
   </div>
   <div class='ocr_carea' id='block_1_62' title="bbox 162 4461 1683 4530">
    <p class='ocr_par' dir='ltr' id='par_1_62' title="bbox 162 4461 1683 4530">
     <span class='ocr_line' id='line_1_62' title="bbox 162 4461 1683 4530; baseline 0.001 -14"><span class='ocrx_word' id='word_1_472' title='bbox 162 4476 182 4502; x_wconf 78' lang='grc' dir='ltr'><strong>ο</strong></span> <span class='ocrx_word' id='word_1_473' title='bbox 216 4463 309 4516; x_wconf 85' lang='lat' dir='ltr'><strong>Est</strong></span> <span class='ocrx_word' id='word_1_474' title='bbox 344 4461 505 4530; x_wconf 85' lang='lat' dir='ltr'><strong>igitur</strong></span> <span class='ocrx_word' id='word_1_475' title='bbox 526 4462 926 4525; x_wconf 86' lang='lat' dir='ltr'><strong>verosimilius,</strong></span> <span class='ocrx_word' id='word_1_476' title='bbox 960 4461 1103 4528; x_wconf 86' lang='lat' dir='ltr'><strong>quod</strong></span> <span class='ocrx_word' id='word_1_477' title='bbox 1145 4461 1244 4515; x_wconf 86' lang='lat' dir='ltr'><strong>sub</strong></span> <span class='ocrx_word' id='word_1_478' title='bbox 1277 4461 1488 4515; x_wconf 89' lang='lat' dir='ltr'><strong>initium</strong></span> <span class='ocrx_word' id='word_1_479' title='bbox 1521 4462 1683 4529; x_wconf 87' lang='lat' dir='ltr'><strong>hujus</strong></span> 
     </span>
    </p>
   </div>
   <div class='ocr_carea' id='block_1_63' title="bbox 81 4532 1678 4607">
    <p class='ocr_par' dir='ltr' id='par_1_63' title="bbox 81 4532 1678 4607">
     <span class='ocr_line' id='line_1_63' title="bbox 81 4532 1678 4607; baseline -0.001 -19"><span class='ocrx_word' id='word_1_480' title='bbox 81 4535 271 4607; x_wconf 88' lang='lat' dir='ltr'><strong>operis</strong></span> <span class='ocrx_word' id='word_1_481' title='bbox 294 4533 663 4607; x_wconf 83' lang='lat' dir='ltr'><strong>Hieronymus</strong></span> <span class='ocrx_word' id='word_1_482' title='bbox 708 4534 1020 4607; x_wconf 72' lang='lat' dir='ltr'><strong>observavit</strong></span> <span class='ocrx_word' id='word_1_483' title='bbox 1059 4532 1257 4607; x_wconf 82' lang='lat' dir='ltr'><strong>librum</strong></span> <span class='ocrx_word' id='word_1_484' title='bbox 1290 4534 1678 4599; x_wconf 85' lang='lat' dir='ltr'><strong>Ecclesiasten,</strong></span> 
     </span>
    </p>
   </div>
   <div class='ocr_carea' id='block_1_64' title="bbox 81 4604 1676 4674">
    <p class='ocr_par' dir='ltr' id='par_1_64' title="bbox 81 4604 1676 4674">
     <span class='ocr_line' id='line_1_64' title="bbox 81 4604 1676 4674; baseline -0.003 -13"><span class='ocrx_word' id='word_1_485' title='bbox 81 4604 279 4674; x_wconf 80' lang='lat' dir='ltr'><strong>utpote</strong></span> <span class='ocrx_word' id='word_1_486' title='bbox 317 4605 590 4674; x_wconf 87' lang='lat' dir='ltr'><strong>omnium,</strong></span> <span class='ocrx_word' id='word_1_487' title='bbox 623 4619 759 4673; x_wconf 90' lang='lat' dir='ltr'><strong>quos</strong></span> <span class='ocrx_word' id='word_1_488' title='bbox 794 4604 1051 4659; x_wconf 87' lang='lat' dir='ltr'><strong>Salomon</strong></span> <span class='ocrx_word' id='word_1_489' title='bbox 1088 4604 1236 4657; x_wconf 88' lang='lat' dir='ltr'><strong>endit</strong></span> <span class='ocrx_word' id='word_1_490' title='bbox 1263 4646 1275 4667; x_wconf 95' lang='lat'><strong>,</strong></span> <span class='ocrx_word' id='word_1_491' title='bbox 1313 4616 1676 4672; x_wconf 82' lang='lat' dir='ltr'><strong>postremum,</strong></span> 
     </span>
    </p>
   </div>
   <div class='ocr_carea' id='block_1_65' title="bbox 81 4673 1761 4747">
    <p class='ocr_par' dir='ltr' id='par_1_65' title="bbox 81 4673 1761 4747">
     <span class='ocr_line' id='line_1_65' title="bbox 81 4673 1761 4747; baseline 0 -16"><span class='ocrx_word' id='word_1_492' title='bbox 81 4673 207 4747; x_wconf 84' lang='lat' dir='ltr'><strong>ejus</strong></span> <span class='ocrx_word' id='word_1_493' title='bbox 246 4673 578 4743; x_wconf 74' lang='lat' dir='ltr'><strong>pmnitentim</strong></span> <span class='ocrx_word' id='word_1_494' title='bbox 608 4686 663 4731; x_wconf 90' lang='lat' dir='ltr'><strong>et</strong></span> <span class='ocrx_word' id='word_1_495' title='bbox 690 4676 1068 4731; x_wconf 87' lang='lat' dir='ltr'><strong>conversionis</strong></span> <span class='ocrx_word' id='word_1_496' title='bbox 1088 4676 1155 4729; x_wconf 86' lang='lat' dir='ltr'><strong>ad</strong></span> <span class='ocrx_word' id='word_1_497' title='bbox 1181 4676 1349 4732; x_wconf 84' lang='lat' dir='ltr'><strong>Deum</strong></span> <span class='ocrx_word' id='word_1_498' title='bbox 1378 4675 1680 4731; x_wconf 88' lang='lat' dir='ltr'><strong>monimen-</strong></span> <span class='ocrx_word' id='word_1_499' title='bbox 1704 4684 1761 4743; x_wconf 75' lang='grc' dir='ltr'><strong>Ι)</strong></span> 
     </span>
    </p>
   </div>
   <div class='ocr_carea' id='block_1_66' title="bbox 84 4761 384 4806">
    <p class='ocr_par' dir='ltr' id='par_1_66' title="bbox 84 4761 384 4806">
     <span class='ocr_line' id='line_1_66' title="bbox 84 4761 384 4806; baseline -0.013 -4"><span class='ocrx_word' id='word_1_500' title='bbox 84 4763 202 4806; x_wconf 86' lang='grc' dir='ltr'><strong>ιιιιη</strong></span> <span class='ocrx_word' id='word_1_501' title='bbox 244 4761 384 4800; x_wconf 61' lang='grc' dir='ltr'>θεῖε.</span> 
     </span>
    </p>
   </div>
   <div class='ocr_carea' id='block_1_67' title="bbox 158 4817 1682 4889">
    <p class='ocr_par' dir='ltr' id='par_1_67' title="bbox 158 4817 1682 4889">
     <span class='ocr_line' id='line_1_67' title="bbox 158 4817 1682 4889; baseline 0.001 -17"><span class='ocrx_word' id='word_1_502' title='bbox 158 4817 183 4857; x_wconf 78' lang='grc' dir='ltr'>ἀ</span> <span class='ocrx_word' id='word_1_503' title='bbox 217 4818 290 4872; x_wconf 92' lang='lat' dir='ltr'><strong>lta</strong></span> <span class='ocrx_word' id='word_1_504' title='bbox 334 4817 595 4873; x_wconf 87' lang='lat' dir='ltr'><strong>Alcuinus</strong></span> <span class='ocrx_word' id='word_1_505' title='bbox 643 4833 864 4889; x_wconf 88' lang='lat' dir='ltr'><strong>quoque</strong></span> <span class='ocrx_word' id='word_1_506' title='bbox 910 4819 1037 4872; x_wconf 88' lang='lat' dir='ltr'><strong>olim</strong></span> <span class='ocrx_word' id='word_1_507' title='bbox 1072 4817 1236 4888; x_wconf 75' lang='lat' dir='ltr'><strong>legit,</strong></span> <span class='ocrx_word' id='word_1_508' title='bbox 1278 4828 1333 4872; x_wconf 89' lang='lat' dir='ltr'><strong>et</strong></span> <span class='ocrx_word' id='word_1_509' title='bbox 1384 4818 1682 4888; x_wconf 80' lang='lat' dir='ltr'><strong>pra-ferunt</strong></span> 
     </span>
    </p>
   </div>
   <div class='ocr_carea' id='block_1_68' title="bbox 85 4889 1245 4959">
    <p class='ocr_par' dir='ltr' id='par_1_68' title="bbox 85 4889 1245 4959">
     <span class='ocr_line' id='line_1_68' title="bbox 85 4889 1245 4959; baseline -0.003 -12"><span class='ocrx_word' id='word_1_510' title='bbox 85 4906 222 4947; x_wconf 75' lang='lat' dir='ltr'><strong>mss.</strong></span> <span class='ocrx_word' id='word_1_511' title='bbox 256 4889 360 4944; x_wconf 63' lang='lat' dir='ltr'><strong>Sed</strong></span> <span class='ocrx_word' id='word_1_512' title='bbox 382 4898 603 4944; x_wconf 78' lang='lat' dir='ltr'><strong>veteres</strong></span> <span class='ocrx_word' id='word_1_513' title='bbox 642 4891 770 4945; x_wconf 90' lang='lat' dir='ltr'><strong>editi</strong></span> <span class='ocrx_word' id='word_1_514' title='bbox 798 4932 813 4956; x_wconf 95' lang='lat'><strong>,</strong></span> <span class='ocrx_word' id='word_1_515' title='bbox 847 4891 1245 4959; x_wconf 78' lang='lat' dir='ltr'><strong>providentiam.</strong></span> 
     </span>
    </p>
   </div>
   <div class='ocr_carea' id='block_1_69' title="bbox 158 4960 1675 5032">
    <p class='ocr_par' dir='ltr' id='par_1_69' title="bbox 158 4960 1675 5032">
     <span class='ocr_line' id='line_1_69' title="bbox 158 4960 1675 5032; baseline 0.002 -18"><span class='ocrx_word' id='word_1_516' title='bbox 158 4992 229 5004; x_wconf 87' lang='lat'><strong>-—-</strong></span> <span class='ocrx_word' id='word_1_517' title='bbox 256 4962 652 5032; x_wconf 87' lang='lat' dir='ltr'><strong>Dispositionem</strong></span> <span class='ocrx_word' id='word_1_518' title='bbox 694 4973 741 5015; x_wconf 89' lang='lat' dir='ltr'><strong>et</strong></span> <span class='ocrx_word' id='word_1_519' title='bbox 772 4963 1115 5031; x_wconf 86' lang='lat' dir='ltr'><strong>prudentiam.</strong></span> <span class='ocrx_word' id='word_1_520' title='bbox 1149 4960 1340 5015; x_wconf 81' lang='lat' dir='ltr'><strong>Melius</strong></span> <span class='ocrx_word' id='word_1_521' title='bbox 1371 4961 1675 5031; x_wconf 84' lang='lat' dir='ltr'><strong>legeretur,</strong></span> 
     </span>
    </p>
   </div>
   <div class='ocr_carea' id='block_1_70' title="bbox 85 5032 1673 5104">
    <p class='ocr_par' dir='ltr' id='par_1_70' title="bbox 85 5032 1673 5104">
     <span class='ocr_line' id='line_1_70' title="bbox 85 5032 1673 5104; baseline -0.001 -15"><span class='ocrx_word' id='word_1_522' title='bbox 85 5044 135 5089; x_wconf 83' lang='lat' dir='ltr'><strong>ct</strong></span> <span class='ocrx_word' id='word_1_523' title='bbox 164 5033 534 5104; x_wconf 85' lang='lat' dir='ltr'><strong>providentiam</strong></span> <span class='ocrx_word' id='word_1_524' title='bbox 556 5079 568 5099; x_wconf 87' lang='lat'><strong>,</strong></span> <span class='ocrx_word' id='word_1_525' title='bbox 595 5033 738 5101; x_wconf 89' lang='lat' dir='ltr'><strong>quod</strong></span> <span class='ocrx_word' id='word_1_526' title='bbox 763 5034 922 5087; x_wconf 88' lang='lat' dir='ltr'><strong>etiam</strong></span> <span class='ocrx_word' id='word_1_527' title='bbox 954 5033 1134 5101; x_wconf 88' lang='lat' dir='ltr'><strong>legunt</strong></span> <span class='ocrx_word' id='word_1_528' title='bbox 1158 5032 1289 5085; x_wconf 92' lang='lat' dir='ltr'><strong>editi</strong></span> <span class='ocrx_word' id='word_1_529' title='bbox 1318 5052 1329 5083; x_wconf 88' lang='lat'><strong>:</strong></span> <span class='ocrx_word' id='word_1_530' title='bbox 1362 5047 1463 5102; x_wconf 87' lang='lat' dir='ltr'><strong>ego</strong></span> <span class='ocrx_word' id='word_1_531' title='bbox 1495 5043 1673 5089; x_wconf 84' lang='lat' dir='ltr'><strong>tamen</strong></span> 
     </span>
    </p>
   </div>
   <div class='ocr_carea' id='block_1_71' title="bbox 86 5104 1673 5173">
    <p class='ocr_par' dir='ltr' id='par_1_71' title="bbox 86 5104 1673 5173">
     <span class='ocr_line' id='line_1_71' title="bbox 86 5104 1673 5173; baseline 0.001 -14"><span class='ocrx_word' id='word_1_532' title='bbox 86 5104 301 5173; x_wconf 86' lang='lat' dir='ltr'><strong>reposui</strong></span> <span class='ocrx_word' id='word_1_533' title='bbox 334 5106 683 5173; x_wconf 87' lang='lat' dir='ltr'><strong>prudentiam,</strong></span> <span class='ocrx_word' id='word_1_534' title='bbox 718 5104 839 5165; x_wconf 88' lang='lat' dir='ltr'><strong>quia</strong></span> <span class='ocrx_word' id='word_1_535' title='bbox 871 5105 949 5157; x_wconf 92' lang='lat' dir='ltr'><strong>sic</strong></span> <span class='ocrx_word' id='word_1_536' title='bbox 977 5104 1237 5172; x_wconf 88' lang='lat' dir='ltr'><strong>scriptum</strong></span> <span class='ocrx_word' id='word_1_537' title='bbox 1264 5114 1346 5158; x_wconf 92' lang='lat' dir='ltr'><strong>est</strong></span> <span class='ocrx_word' id='word_1_538' title='bbox 1376 5105 1428 5157; x_wconf 92' lang='lat' dir='ltr'><strong>in</strong></span> <span class='ocrx_word' id='word_1_539' title='bbox 1460 5106 1673 5159; x_wconf 91' lang='lat' dir='ltr'><strong>cunctis</strong></span> 
     </span>
    </p>
   </div>
   <div class='ocr_carea' id='block_1_72' title="bbox 86 5175 975 5243">
    <p class='ocr_par' dir='ltr' id='par_1_72' title="bbox 86 5175 975 5243">
     <span class='ocr_line' id='line_1_72' title="bbox 86 5175 975 5243; baseline -0.006 -11"><span class='ocrx_word' id='word_1_540' title='bbox 86 5176 487 5243; x_wconf 77' lang='lat' dir='ltr'><strong>exemplaribus</strong></span> <span class='ocrx_word' id='word_1_541' title='bbox 528 5191 657 5230; x_wconf 92' lang='lat' dir='ltr'><strong>mss.</strong></span> <span class='ocrx_word' id='word_1_542' title='bbox 708 5175 975 5230; x_wconf 72' lang='grc' dir='ltr'><strong>ΜΑιιτιΑΝ.</strong></span> 
     </span>
    </p>
   </div>
   <div class='ocr_carea' id='block_1_73' title="bbox 163 5247 1671 5318">
    <p class='ocr_par' dir='ltr' id='par_1_73' title="bbox 163 5247 1671 5318">
     <span class='ocr_line' id='line_1_73' title="bbox 163 5247 1671 5318; baseline 0 -15"><span class='ocrx_word' id='word_1_543' title='bbox 163 5258 186 5283; x_wconf 73' lang='grc' dir='ltr'>ο</span> <span class='ocrx_word' id='word_1_544' title='bbox 219 5247 587 5311; x_wconf 72' lang='lat' dir='ltr'><strong>Martianazus,</strong></span> <span class='ocrx_word' id='word_1_545' title='bbox 614 5261 914 5301; x_wconf 87' lang='lat' dir='ltr'><strong>recursurus</strong></span> <span class='ocrx_word' id='word_1_546' title='bbox 940 5247 1327 5302; x_wconf 86' lang='lat' dir='ltr'><strong>:renuentihus</strong></span> <span class='ocrx_word' id='word_1_547' title='bbox 1346 5261 1477 5302; x_wconf 90' lang='lat' dir='ltr'><strong>mss.</strong></span> <span class='ocrx_word' id='word_1_548' title='bbox 1508 5255 1671 5318; x_wconf 88' lang='lat' dir='ltr'><strong>atque</strong></span> 
     </span>
    </p>
   </div>
   <div class='ocr_carea' id='block_1_74' title="bbox 88 5318 704 5386">
    <p class='ocr_par' dir='ltr' id='par_1_74' title="bbox 88 5318 704 5386">
     <span class='ocr_line' id='line_1_74' title="bbox 88 5318 704 5386; baseline -0.01 -11"><span class='ocrx_word' id='word_1_549' title='bbox 88 5327 245 5375; x_wconf 88' lang='lat' dir='ltr'><strong>antea</strong></span> <span class='ocrx_word' id='word_1_550' title='bbox 274 5318 504 5386; x_wconf 88' lang='lat' dir='ltr'><strong>vulgatis</strong></span> <span class='ocrx_word' id='word_1_551' title='bbox 533 5319 704 5373; x_wconf 89' lang='lat' dir='ltr'><strong>libris.</strong></span> 
     </span>
    </p>
   </div>
   <div class='ocr_carea' id='block_1_75' title="bbox 168 5388 1677 5453">
    <p class='ocr_par' dir='ltr' id='par_1_75' title="bbox 168 5388 1677 5453">
     <span class='ocr_line' id='line_1_75' title="bbox 168 5388 1677 5453; baseline 0.002 -10"><span class='ocrx_word' id='word_1_552' title='bbox 168 5388 186 5426; x_wconf 71' lang='grc' dir='ltr'><em>τ</em></span> <span class='ocrx_word' id='word_1_553' title='bbox 218 5388 493 5443; x_wconf 86' lang='lat' dir='ltr'><strong>Palatinus</strong></span> <span class='ocrx_word' id='word_1_554' title='bbox 517 5389 654 5443; x_wconf 89' lang='lat' dir='ltr'><strong>alter</strong></span> <span class='ocrx_word' id='word_1_555' title='bbox 676 5432 688 5452; x_wconf 87' lang='lat'><strong>,</strong></span> <span class='ocrx_word' id='word_1_556' title='bbox 734 5388 1188 5453; x_wconf 83' lang='lat' dir='ltr'><strong>quemadmodum</strong></span> <span class='ocrx_word' id='word_1_557' title='bbox 1221 5399 1275 5443; x_wconf 90' lang='lat' dir='ltr'><strong>et</strong></span> <span class='ocrx_word' id='word_1_558' title='bbox 1306 5388 1568 5445; x_wconf 82' lang='lat' dir='ltr'><strong>Erasmus</strong></span> <span class='ocrx_word' id='word_1_559' title='bbox 1598 5391 1677 5445; x_wconf 89' lang='lat' dir='ltr'><strong>le-</strong></span> 
     </span>
    </p>
   </div>
   <div class='ocr_carea' id='block_1_76' title="bbox 91 5458 1672 5532">
    <p class='ocr_par' dir='ltr' id='par_1_76' title="bbox 91 5458 1672 5532">
     <span class='ocr_line' id='line_1_76' title="bbox 91 5458 1672 5532; baseline 0.002 -19"><span class='ocrx_word' id='word_1_560' title='bbox 91 5462 167 5531; x_wconf 87' lang='lat' dir='ltr'><strong>git</strong></span> <span class='ocrx_word' id='word_1_561' title='bbox 193 5502 206 5523; x_wconf 92' lang='lat'><strong>,</strong></span> <span class='ocrx_word' id='word_1_562' title='bbox 239 5470 283 5514; x_wconf 86' lang='lat' dir='ltr'><strong>et</strong></span> <span class='ocrx_word' id='word_1_563' title='bbox 310 5462 567 5514; x_wconf 84' lang='lat' dir='ltr'><strong>veritatem</strong></span> <span class='ocrx_word' id='word_1_564' title='bbox 592 5458 690 5532; x_wconf 85' lang='lat' dir='ltr'><strong>soli</strong></span> <span class='ocrx_word' id='word_1_565' title='bbox 724 5459 833 5514; x_wconf 90' lang='lat' dir='ltr'><strong>Deo</strong></span> <span class='ocrx_word' id='word_1_566' title='bbox 855 5460 1116 5532; x_wconf 83' lang='lat' dir='ltr'><strong>cognitam</strong></span> <span class='ocrx_word' id='word_1_567' title='bbox 1138 5502 1152 5523; x_wconf 93' lang='lat'><strong>,</strong></span> <span class='ocrx_word' id='word_1_568' title='bbox 1179 5464 1411 5532; x_wconf 84' lang='lat' dir='ltr'><strong>corporis</strong></span> <span class='ocrx_word' id='word_1_569' title='bbox 1442 5460 1672 5529; x_wconf 81' lang='lat' dir='ltr'><strong>(Victor.</strong></span> 
     </span>
    </p>
   </div>
   <div class='ocr_carea' id='block_1_77' title="bbox 92 5530 1677 5605">
    <p class='ocr_par' dir='ltr' id='par_1_77' title="bbox 92 5530 1677 5605">
     <span class='ocr_line' id='line_1_77' title="bbox 92 5530 1677 5605; baseline 0.002 -20"><span class='ocrx_word' id='word_1_570' title='bbox 92 5530 355 5605; x_wconf 72' lang='lat' dir='ltr'><strong>prmpouit</strong></span> <span class='ocrx_word' id='word_1_571' title='bbox 384 5532 562 5601; x_wconf 80' lang='lat' dir='ltr'><strong>quant)</strong></span> <span class='ocrx_word' id='word_1_572' title='bbox 595 5530 791 5585; x_wconf 86' lang='lat' dir='ltr'><strong>vallata</strong></span> <span class='ocrx_word' id='word_1_573' title='bbox 829 5530 973 5603; x_wconf 79' lang='lat' dir='ltr'><strong>septo</strong></span> <span class='ocrx_word' id='word_1_574' title='bbox 1006 5548 1149 5585; x_wconf 89' lang='lat' dir='ltr'><strong>mens</strong></span> <span class='ocrx_word' id='word_1_575' title='bbox 1187 5531 1415 5585; x_wconf 88' lang='lat' dir='ltr'><strong>humana</strong></span> <span class='ocrx_word' id='word_1_576' title='bbox 1444 5548 1677 5605; x_wconf 79' lang='lat' dir='ltr'><strong>compre-</strong></span> 
     </span>
    </p>
   </div>
   <div class='ocr_carea' id='block_1_78' title="bbox 94 5604 652 5673">
    <p class='ocr_par' dir='ltr' id='par_1_78' title="bbox 94 5604 652 5673">
     <span class='ocr_line' id='line_1_78' title="bbox 94 5604 652 5673; baseline 0 -18"><span class='ocrx_word' id='word_1_577' title='bbox 94 5604 313 5673; x_wconf 81' lang='lat' dir='ltr'><strong>hendere</strong></span> <span class='ocrx_word' id='word_1_578' title='bbox 336 5619 437 5655; x_wconf 91' lang='lat' dir='ltr'><strong>non</strong></span> <span class='ocrx_word' id='word_1_579' title='bbox 468 5612 652 5673; x_wconf 85' lang='lat' dir='ltr'><strong>potest.</strong></span> 
     </span>
    </p>
   </div>
   <div class='ocr_carea' id='block_1_79' title="bbox 161 5672 1681 5747">
    <p class='ocr_par' dir='ltr' id='par_1_79' title="bbox 161 5672 1681 5747">
     <span class='ocr_line' id='line_1_79' title="bbox 161 5672 1681 5747; baseline 0.001 -20"><span class='ocrx_word' id='word_1_580' title='bbox 161 5703 232 5714; x_wconf 92' lang='lat'><strong>——</strong></span> <span class='ocrx_word' id='word_1_581' title='bbox 250 5672 316 5747; x_wconf 87' lang='lat' dir='ltr'><strong>Ut</strong></span> <span class='ocrx_word' id='word_1_582' title='bbox 338 5672 598 5747; x_wconf 74' lang='lat' dir='ltr'><strong>veritatem</strong></span> <span class='ocrx_word' id='word_1_583' title='bbox 618 5674 715 5747; x_wconf 79' lang='lat' dir='ltr'><strong>soli</strong></span> <span class='ocrx_word' id='word_1_584' title='bbox 738 5672 848 5726; x_wconf 84' lang='lat' dir='ltr'><strong>Deo</strong></span> <span class='ocrx_word' id='word_1_585' title='bbox 873 5674 1148 5747; x_wconf 88' lang='lat' dir='ltr'><strong>cognitam.</strong></span> <span class='ocrx_word' id='word_1_586' title='bbox 1168 5674 1487 5747; x_wconf 85' lang='lat' dir='ltr'><strong>Erasmiana</strong></span> <span class='ocrx_word' id='word_1_587' title='bbox 1510 5674 1681 5729; x_wconf 89' lang='lat' dir='ltr'><strong>editio</strong></span> 
     </span>
    </p>
   </div>
   <div class='ocr_carea' id='block_1_80' title="bbox 96 5743 1677 5814">
    <p class='ocr_par' dir='ltr' id='par_1_80' title="bbox 96 5743 1677 5814">
     <span class='ocr_line' id='line_1_80' title="bbox 96 5743 1677 5814; baseline 0.001 -16"><span class='ocrx_word' id='word_1_588' title='bbox 96 5746 338 5814; x_wconf 87' lang='lat' dir='ltr'><strong>agnoscit</strong></span> <span class='ocrx_word' id='word_1_589' title='bbox 362 5743 501 5797; x_wconf 91' lang='lat' dir='ltr'><strong>hanc</strong></span> <span class='ocrx_word' id='word_1_590' title='bbox 522 5743 808 5799; x_wconf 89' lang='lat' dir='ltr'><strong>lectionem</strong></span> <span class='ocrx_word' id='word_1_591' title='bbox 832 5743 953 5799; x_wconf 76' lang='lat' dir='ltr'><strong>etin</strong></span> <span class='ocrx_word' id='word_1_592' title='bbox 966 5748 1207 5810; x_wconf 85' lang='lat' dir='ltr'><strong>margine</strong></span> <span class='ocrx_word' id='word_1_593' title='bbox 1225 5746 1455 5813; x_wconf 90' lang='lat' dir='ltr'><strong>positam</strong></span> <span class='ocrx_word' id='word_1_594' title='bbox 1477 5746 1677 5811; x_wconf 87' lang='lat' dir='ltr'><strong>habet;</strong></span> 
     </span>
    </p>
   </div>
   <div class='ocr_carea' id='block_1_81' title="bbox 98 5814 1679 5873">
    <p class='ocr_par' dir='ltr' id='par_1_81' title="bbox 98 5814 1679 5873">
     <span class='ocr_line' id='line_1_81' title="bbox 98 5814 1679 5873; baseline 0.001 -4"><span class='ocrx_word' id='word_1_595' title='bbox 98 5817 249 5872; x_wconf 87' lang='lat' dir='ltr'><strong>istam</strong></span> <span class='ocrx_word' id='word_1_596' title='bbox 279 5829 410 5871; x_wconf 81' lang='lat' dir='ltr'><strong>vero</strong></span> <span class='ocrx_word' id='word_1_597' title='bbox 434 5814 621 5869; x_wconf 81' lang='lat' dir='ltr'><strong>falsam</strong></span> <span class='ocrx_word' id='word_1_598' title='bbox 652 5815 703 5870; x_wconf 93' lang='lat' dir='ltr'><strong>in</strong></span> <span class='ocrx_word' id='word_1_599' title='bbox 726 5825 985 5872; x_wconf 83' lang='lat' dir='ltr'><strong>contextu</strong></span> <span class='ocrx_word' id='word_1_600' title='bbox 1013 5834 1026 5873; x_wconf 89' lang='lat'><strong>:</strong></span> <span class='ocrx_word' id='word_1_601' title='bbox 1060 5816 1129 5871; x_wconf 81' lang='lat' dir='ltr'><strong>Et</strong></span> <span class='ocrx_word' id='word_1_602' title='bbox 1162 5818 1419 5873; x_wconf 78' lang='lat' dir='ltr'><strong>veritatem</strong></span> <span class='ocrx_word' id='word_1_603' title='bbox 1449 5818 1547 5871; x_wconf 87' lang='lat' dir='ltr'><strong>soli</strong></span> <span class='ocrx_word' id='word_1_604' title='bbox 1574 5815 1679 5872; x_wconf 86' lang='lat' dir='ltr'><strong>Deo</strong></span> 
     </span>
    </p>
   </div>
   <div class='ocr_carea' id='block_1_82' title="bbox 1782 1892 3377 1967">
    <p class='ocr_par' dir='ltr' id='par_1_82' title="bbox 1782 1892 3377 1967">
     <span class='ocr_line' id='line_1_82' title="bbox 1782 1892 3377 1967; baseline 0.004 -21"><span class='ocrx_word' id='word_1_605' title='bbox 1782 1892 1926 1948; x_wconf 89' lang='lat' dir='ltr'><strong>tibus</strong></span> <span class='ocrx_word' id='word_1_606' title='bbox 1953 1936 1967 1960; x_wconf 93' lang='lat'><strong>,</strong></span> <span class='ocrx_word' id='word_1_607' title='bbox 2000 1894 2105 1949; x_wconf 90' lang='lat' dir='ltr'><strong>iste</strong></span> <span class='ocrx_word' id='word_1_608' title='bbox 2135 1911 2244 1949; x_wconf 90' lang='lat' dir='ltr'><strong>non</strong></span> <span class='ocrx_word' id='word_1_609' title='bbox 2287 1904 2374 1950; x_wconf 90' lang='lat' dir='ltr'><strong>est</strong></span> <span class='ocrx_word' id='word_1_610' title='bbox 2418 1909 2600 1950; x_wconf 91' lang='lat' dir='ltr'><strong>sermo</strong></span> <span class='ocrx_word' id='word_1_611' title='bbox 2647 1894 2930 1964; x_wconf 90' lang='lat' dir='ltr'><strong>sapientis.</strong></span> <span class='ocrx_word' id='word_1_612' title='bbox 2968 1895 3145 1952; x_wconf 82' lang='lat' dir='ltr'><strong>Verba</strong></span> <span class='ocrx_word' id='word_1_613' title='bbox 3172 1896 3377 1967; x_wconf 87' lang='lat' dir='ltr'><strong>quippe</strong></span> 
     </span>
    </p>
   </div>
   <div class='ocr_carea' id='block_1_83' title="bbox 1782 1986 3382 2058">
    <p class='ocr_par' dir='ltr' id='par_1_83' title="bbox 1782 1986 3382 2058">
     <span class='ocr_line' id='line_1_83' title="bbox 1782 1986 3382 2058; baseline 0.001 -17"><span class='ocrx_word' id='word_1_614' title='bbox 1782 1987 2112 2056; x_wconf 90' lang='lat' dir='ltr'><strong>sapientium</strong></span> <span class='ocrx_word' id='word_1_615' title='bbox 2156 1997 2217 2041; x_wconf 92' lang='lat' dir='ltr'><strong>ut</strong></span> <span class='ocrx_word' id='word_1_616' title='bbox 2243 1988 2474 2042; x_wconf 89' lang='lat' dir='ltr'><strong>stimuli.</strong></span> <span class='ocrx_word' id='word_1_617' title='bbox 2507 1986 2639 2055; x_wconf 69' lang='lat' dir='ltr'><strong>Qum</strong></span> <span class='ocrx_word' id='word_1_618' title='bbox 2681 1989 2939 2058; x_wconf 88' lang='lat' dir='ltr'><strong>quoniam</strong></span> <span class='ocrx_word' id='word_1_619' title='bbox 2967 1988 3034 2043; x_wconf 89' lang='lat' dir='ltr'><strong>ad</strong></span> <span class='ocrx_word' id='word_1_620' title='bbox 3063 1987 3382 2045; x_wconf 84' lang='lat' dir='ltr'><strong>conversio-</strong></span> 
     </span>
    </p>
   </div>
   <div class='ocr_carea' id='block_1_84' title="bbox 1783 2083 3377 2154">
    <p class='ocr_par' dir='ltr' id='par_1_84' title="bbox 1783 2083 3377 2154">
     <span class='ocr_line' id='line_1_84' title="bbox 1783 2083 3377 2154; baseline 0.001 -17"><span class='ocrx_word' id='word_1_621' title='bbox 1783 2099 1905 2139; x_wconf 89' lang='lat' dir='ltr'><strong>nem</strong></span> <span class='ocrx_word' id='word_1_622' title='bbox 1936 2094 2233 2153; x_wconf 80' lang='lat' dir='ltr'><strong>provocant</strong></span> <span class='ocrx_word' id='word_1_623' title='bbox 2259 2083 2667 2154; x_wconf 86' lang='lat' dir='ltr'><strong>delinquentem</strong></span> <span class='ocrx_word' id='word_1_624' title='bbox 2690 2126 2705 2152; x_wconf 95' lang='lat'><strong>,</strong></span> <span class='ocrx_word' id='word_1_625' title='bbox 2735 2094 2789 2140; x_wconf 92' lang='lat' dir='ltr'><strong>et</strong></span> <span class='ocrx_word' id='word_1_626' title='bbox 2840 2085 2990 2139; x_wconf 90' lang='lat' dir='ltr'><strong>ﬁrma</strong></span> <span class='ocrx_word' id='word_1_627' title='bbox 3038 2094 3202 2149; x_wconf 90' lang='lat' dir='ltr'><strong>sunt,</strong></span> <span class='ocrx_word' id='word_1_628' title='bbox 3253 2093 3307 2138; x_wconf 92' lang='lat' dir='ltr'><strong>et</strong></span> <span class='ocrx_word' id='word_1_629' title='bbox 3344 2098 3377 2139; x_wconf 86' lang='lat' dir='ltr'><strong>a</strong></span> 
     </span>
    </p>
   </div>
   <div class='ocr_carea' id='block_1_85' title="bbox 1782 2178 3381 2251">
    <p class='ocr_par' dir='ltr' id='par_1_85' title="bbox 1782 2178 3381 2251">
     <span class='ocr_line' id='line_1_85' title="bbox 1782 2178 3381 2251; baseline 0.001 -18"><span class='ocrx_word' id='word_1_630' title='bbox 1782 2179 2015 2235; x_wconf 86' lang='lat' dir='ltr'><strong>concilio</strong></span> <span class='ocrx_word' id='word_1_631' title='bbox 2046 2187 2361 2234; x_wconf 91' lang='lat' dir='ltr'><strong>sanctorum</strong></span> <span class='ocrx_word' id='word_1_632' title='bbox 2393 2178 2552 2245; x_wconf 90' lang='lat' dir='ltr'><strong>data,</strong></span> <span class='ocrx_word' id='word_1_633' title='bbox 2588 2188 2750 2251; x_wconf 89' lang='lat' dir='ltr'><strong>atque</strong></span> <span class='ocrx_word' id='word_1_634' title='bbox 2770 2180 2839 2233; x_wconf 89' lang='lat' dir='ltr'><strong>ab</strong></span> <span class='ocrx_word' id='word_1_635' title='bbox 2870 2196 2979 2234; x_wconf 91' lang='lat' dir='ltr'><strong>uno</strong></span> <span class='ocrx_word' id='word_1_636' title='bbox 3008 2186 3225 2247; x_wconf 83' lang='lat' dir='ltr'><strong>pastore</strong></span> <span class='ocrx_word' id='word_1_637' title='bbox 3251 2192 3381 2234; x_wconf 87' lang='lat' dir='ltr'><strong>con-</strong></span> 
     </span>
    </p>
   </div>
   <div class='ocr_carea' id='block_1_86' title="bbox 1781 2270 3382 2344">
    <p class='ocr_par' dir='ltr' id='par_1_86' title="bbox 1781 2270 3382 2344">
     <span class='ocr_line' id='line_1_86' title="bbox 1781 2270 3382 2344; baseline -0.001 -17"><span class='ocrx_word' id='word_1_638' title='bbox 1781 2286 1932 2327; x_wconf 89' lang='lat' dir='ltr'><strong>cessa</strong></span> <span class='ocrx_word' id='word_1_639' title='bbox 1960 2312 1973 2335; x_wconf 91' lang='lat'><strong>,</strong></span> <span class='ocrx_word' id='word_1_640' title='bbox 2004 2281 2060 2327; x_wconf 89' lang='lat' dir='ltr'><strong>et</strong></span> <span class='ocrx_word' id='word_1_641' title='bbox 2084 2270 2257 2326; x_wconf 90' lang='lat' dir='ltr'><strong>solida</strong></span> <span class='ocrx_word' id='word_1_642' title='bbox 2291 2271 2476 2327; x_wconf 86' lang='lat' dir='ltr'><strong>radice</strong></span> <span class='ocrx_word' id='word_1_643' title='bbox 2502 2271 2726 2326; x_wconf 89' lang='lat' dir='ltr'><strong>fundata</strong></span> <span class='ocrx_word' id='word_1_644' title='bbox 2754 2280 2899 2326; x_wconf 89' lang='lat' dir='ltr'><strong>sunt.</strong></span> <span class='ocrx_word' id='word_1_645' title='bbox 2933 2270 3097 2344; x_wconf 60' lang='lat'><strong>5.95</strong></span> <span class='ocrx_word' id='word_1_646' title='bbox 3137 2271 3251 2326; x_wconf 88' lang='lat' dir='ltr'><strong>Hoc</strong></span> <span class='ocrx_word' id='word_1_647' title='bbox 3281 2270 3382 2326; x_wconf 91' lang='lat' dir='ltr'><strong>sti-</strong></span> 
     </span>
    </p>
   </div>
   <div class='ocr_carea' id='block_1_87' title="bbox 1784 2362 3376 2433">
    <p class='ocr_par' dir='ltr' id='par_1_87' title="bbox 1784 2362 3376 2433">
     <span class='ocr_line' id='line_1_87' title="bbox 1784 2362 3376 2433; baseline 0.001 -16"><span class='ocrx_word' id='word_1_648' title='bbox 1784 2363 1959 2429; x_wconf 86' lang='lat' dir='ltr'><strong>mulo,</strong></span> <span class='ocrx_word' id='word_1_649' title='bbox 1997 2364 2228 2419; x_wconf 90' lang='lat' dir='ltr'><strong>necdum</strong></span> <span class='ocrx_word' id='word_1_650' title='bbox 2264 2363 2490 2418; x_wconf 87' lang='lat' dir='ltr'><strong>Paulum</strong></span> <span class='ocrx_word' id='word_1_651' title='bbox 2518 2408 2533 2429; x_wconf 92' lang='lat'><strong>,</strong></span> <span class='ocrx_word' id='word_1_652' title='bbox 2560 2364 2654 2419; x_wconf 89' lang='lat' dir='ltr'><strong>sed</strong></span> <span class='ocrx_word' id='word_1_653' title='bbox 2697 2364 2875 2418; x_wconf 90' lang='lat' dir='ltr'><strong>adhuc</strong></span> <span class='ocrx_word' id='word_1_654' title='bbox 2904 2362 3128 2418; x_wconf 90' lang='lat' dir='ltr'><strong>Saulum</strong></span> <span class='ocrx_word' id='word_1_655' title='bbox 3164 2372 3293 2433; x_wconf 90' lang='lat' dir='ltr'><strong>puto</strong></span> <span class='ocrx_word' id='word_1_656' title='bbox 3321 2362 3376 2418; x_wconf 92' lang='lat' dir='ltr'><strong>in</strong></span> 
     </span>
    </p>
   </div>
   <div class='ocr_carea' id='block_1_88' title="bbox 1782 2454 3380 2512">
    <p class='ocr_par' dir='ltr' id='par_1_88' title="bbox 1782 2454 3380 2512">
     <span class='ocr_line' id='line_1_88' title="bbox 1782 2454 3380 2512; baseline -0.003 -1"><span class='ocrx_word' id='word_1_657' title='bbox 1782 2456 1867 2511; x_wconf 88' lang='lat' dir='ltr'><strong>via</strong></span> <span class='ocrx_word' id='word_1_658' title='bbox 1894 2456 2207 2512; x_wconf 79' lang='lat' dir='ltr'><strong>confossum</strong></span> <span class='ocrx_word' id='word_1_659' title='bbox 2240 2458 2444 2512; x_wconf 89' lang='lat' dir='ltr'><strong>erroris</strong></span> <span class='ocrx_word' id='word_1_660' title='bbox 2476 2456 2700 2512; x_wconf 90' lang='lat' dir='ltr'><strong>audisse</strong></span> <span class='ocrx_word' id='word_1_661' title='bbox 2734 2473 2747 2509; x_wconf 87' lang='lat'>:</span> <span class='ocrx_word' id='word_1_662' title='bbox 2786 2454 2799 2492; x_wconf 83' lang='lat'>1</span> <span class='ocrx_word' id='word_1_663' title='bbox 2832 2454 3037 2509; x_wconf 82' lang='lat' dir='ltr'><strong>Durant</strong></span> <span class='ocrx_word' id='word_1_664' title='bbox 3066 2455 3159 2510; x_wconf 88' lang='lat' dir='ltr'><strong>tibi</strong></span> <span class='ocrx_word' id='word_1_665' title='bbox 3185 2464 3258 2510; x_wconf 90' lang='lat' dir='ltr'><strong>est</strong></span> <span class='ocrx_word' id='word_1_666' title='bbox 3278 2455 3380 2509; x_wconf 81' lang='lat' dir='ltr'><strong>ad-</strong></span> 
     </span>
    </p>
   </div>
   <div class='ocr_carea' id='block_1_89' title="bbox 1782 2548 3377 2622">
    <p class='ocr_par' dir='ltr' id='par_1_89' title="bbox 1782 2548 3377 2622">
     <span class='ocr_line' id='line_1_89' title="bbox 1782 2548 3377 2622; baseline 0 -19"><span class='ocrx_word' id='word_1_667' title='bbox 1782 2565 1982 2605; x_wconf 85' lang='lat' dir='ltr'><strong>versum</strong></span> <span class='ocrx_word' id='word_1_668' title='bbox 2002 2550 2269 2604; x_wconf 88' lang='lat' dir='ltr'><strong>stimulum</strong></span> <span class='ocrx_word' id='word_1_669' title='bbox 2298 2550 2575 2605; x_wconf 81' lang='lat' dir='ltr'><strong>culcitrare</strong></span> <span class='ocrx_word' id='word_1_670' title='bbox 2604 2550 2710 2621; x_wconf 78' lang='lat' dir='ltr'><strong>[AL</strong></span> <span class='ocrx_word' id='word_1_671' title='bbox 2745 2560 2924 2605; x_wconf 86' lang='lat' dir='ltr'><strong>contra</strong></span> <span class='ocrx_word' id='word_1_672' title='bbox 2954 2550 3223 2606; x_wconf 85' lang='lat' dir='ltr'><strong>stimulum</strong></span> <span class='ocrx_word' id='word_1_673' title='bbox 3258 2548 3377 2622; x_wconf 79' lang='lat' dir='ltr'><strong>Dei]</strong></span> 
     </span>
    </p>
   </div>
   <div class='ocr_carea' id='block_1_90' title="bbox 1781 2643 2153 2715">
    <p class='ocr_par' dir='ltr' id='par_1_90' title="bbox 1781 2643 2153 2715">
     <span class='ocr_line' id='line_1_90' title="bbox 1781 2643 2153 2715; baseline 0 -18"><span class='ocrx_word' id='word_1_674' title='bbox 1781 2643 1920 2715; x_wconf 74' lang='lat' dir='ltr'><strong>(Act.</strong></span> <span class='ocrx_word' id='word_1_675' title='bbox 1952 2660 2006 2698; x_wconf 73' lang='grc' dir='ltr'><strong>ιι</strong></span> <span class='ocrx_word' id='word_1_676' title='bbox 2028 2683 2041 2707; x_wconf 88' lang='grc'><strong>.</strong></span> <span class='ocrx_word' id='word_1_677' title='bbox 2077 2644 2153 2714; x_wconf 84' lang='grc'><strong>5).</strong></span> 
     </span>
    </p>
   </div>
   <div class='ocr_carea' id='block_1_91' title="bbox 1854 2736 3378 2809">
    <p class='ocr_par' dir='ltr' id='par_1_91' title="bbox 1854 2736 3378 2809">
     <span class='ocr_line' id='line_1_91' title="bbox 1854 2736 3378 2809; baseline 0.001 -20"><span class='ocrx_word' id='word_1_678' title='bbox 1854 2737 1923 2790; x_wconf 84' lang='grc' dir='ltr'><strong>Ει</strong></span> <span class='ocrx_word' id='word_1_679' title='bbox 1952 2738 2176 2809; x_wconf 82' lang='lat' dir='ltr'><strong>amplius</strong></span> <span class='ocrx_word' id='word_1_680' title='bbox 2195 2738 2258 2791; x_wconf 91' lang='lat' dir='ltr'><strong>ab</strong></span> <span class='ocrx_word' id='word_1_681' title='bbox 2278 2738 2359 2792; x_wconf 88' lang='lat' dir='ltr'><strong>his</strong></span> <span class='ocrx_word' id='word_1_682' title='bbox 2380 2779 2393 2803; x_wconf 90' lang='lat'><strong>,</strong></span> <span class='ocrx_word' id='word_1_683' title='bbox 2424 2739 2504 2807; x_wconf 82' lang='lat' dir='ltr'><strong>ﬁli</strong></span> <span class='ocrx_word' id='word_1_684' title='bbox 2534 2739 2603 2792; x_wconf 89' lang='lat' dir='ltr'><strong>mi</strong></span> <span class='ocrx_word' id='word_1_685' title='bbox 2626 2780 2639 2800; x_wconf 86' lang='lat'><strong>,</strong></span> <span class='ocrx_word' id='word_1_686' title='bbox 2670 2754 2812 2792; x_wconf 88' lang='lat' dir='ltr'><strong>cave.</strong></span> <span class='ocrx_word' id='word_1_687' title='bbox 2837 2748 2877 2773; x_wconf 75' lang='grc' dir='ltr'><strong>ιιι</strong></span> <span class='ocrx_word' id='word_1_688' title='bbox 2906 2736 3162 2791; x_wconf 80' lang='lat' dir='ltr'><strong>Faciendi</strong></span> <span class='ocrx_word' id='word_1_689' title='bbox 3185 2736 3378 2791; x_wconf 86' lang='lat' dir='ltr'><strong>multos</strong></span> 
     </span>
    </p>
   </div>
   <div class='ocr_carea' id='block_1_92' title="bbox 1781 2828 3385 2899">
    <p class='ocr_par' dir='ltr' id='par_1_92' title="bbox 1781 2828 3385 2899">
     <span class='ocr_line' id='line_1_92' title="bbox 1781 2828 3385 2899; baseline -0.002 -15"><span class='ocrx_word' id='word_1_690' title='bbox 1781 2828 1938 2884; x_wconf 82' lang='lat' dir='ltr'><strong>libros</strong></span> <span class='ocrx_word' id='word_1_691' title='bbox 1960 2846 2061 2883; x_wconf 88' lang='lat' dir='ltr'><strong>non</strong></span> <span class='ocrx_word' id='word_1_692' title='bbox 2088 2839 2161 2884; x_wconf 85' lang='lat' dir='ltr'><strong>est</strong></span> <span class='ocrx_word' id='word_1_693' title='bbox 2183 2830 2303 2898; x_wconf 84' lang='lat' dir='ltr'><strong>ﬁnis</strong></span> <span class='ocrx_word' id='word_1_694' title='bbox 2327 2846 2345 2883; x_wconf 91' lang='lat'><strong><em>:</em></strong></span> <span class='ocrx_word' id='word_1_695' title='bbox 2367 2839 2415 2884; x_wconf 87' lang='lat' dir='ltr'><strong>et</strong></span> <span class='ocrx_word' id='word_1_696' title='bbox 2445 2830 2717 2883; x_wconf 87' lang='lat' dir='ltr'><strong>meditatio</strong></span> <span class='ocrx_word' id='word_1_697' title='bbox 2741 2830 2965 2899; x_wconf 86' lang='lat' dir='ltr'><strong>plurima</strong></span> <span class='ocrx_word' id='word_1_698' title='bbox 3004 2828 3151 2882; x_wconf 87' lang='lat' dir='ltr'><strong>labor</strong></span> <span class='ocrx_word' id='word_1_699' title='bbox 3180 2835 3252 2882; x_wconf 87' lang='lat' dir='ltr'><strong>est</strong></span> <span class='ocrx_word' id='word_1_700' title='bbox 3275 2844 3385 2881; x_wconf 82' lang='lat' dir='ltr'><strong>car-</strong></span> 
     </span>
    </p>
   </div>
   <div class='ocr_carea' id='block_1_93' title="bbox 1782 2924 3382 2998">
    <p class='ocr_par' dir='ltr' id='par_1_93' title="bbox 1782 2924 3382 2998">
     <span class='ocr_line' id='line_1_93' title="bbox 1782 2924 3382 2998; baseline 0 -19"><span class='ocrx_word' id='word_1_701' title='bbox 1782 2926 1881 2980; x_wconf 86' lang='lat' dir='ltr'><strong>nis.</strong></span> <span class='ocrx_word' id='word_1_702' title='bbox 1916 2924 2172 2996; x_wconf 82' lang='lat' dir='ltr'><strong>Exceptis</strong></span> <span class='ocrx_word' id='word_1_703' title='bbox 2218 2926 2303 2981; x_wconf 80' lang='lat' dir='ltr'><strong>liis</strong></span> <span class='ocrx_word' id='word_1_704' title='bbox 2331 2927 2515 2982; x_wconf 90' lang='lat' dir='ltr'><strong>verbis</strong></span> <span class='ocrx_word' id='word_1_705' title='bbox 2540 2942 2663 2998; x_wconf 63' lang='lat' dir='ltr'><strong>qua:</strong></span> <span class='ocrx_word' id='word_1_706' title='bbox 2708 2926 2776 2981; x_wconf 86' lang='lat' dir='ltr'><strong>ab</strong></span> <span class='ocrx_word' id='word_1_707' title='bbox 2822 2940 2932 2981; x_wconf 91' lang='lat' dir='ltr'><strong>uno</strong></span> <span class='ocrx_word' id='word_1_708' title='bbox 2982 2934 3202 2995; x_wconf 89' lang='lat' dir='ltr'><strong>pastore</strong></span> <span class='ocrx_word' id='word_1_709' title='bbox 3250 2932 3382 2979; x_wconf 88' lang='lat' dir='ltr'><strong>sunt</strong></span> 
     </span>
    </p>
   </div>
   <div class='ocr_carea' id='block_1_94' title="bbox 1782 3018 3382 3091">
    <p class='ocr_par' dir='ltr' id='par_1_94' title="bbox 1782 3018 3382 3091">
     <span class='ocr_line' id='line_1_94' title="bbox 1782 3018 3382 3091; baseline -0.003 -16"><span class='ocrx_word' id='word_1_710' title='bbox 1782 3020 1907 3076; x_wconf 90' lang='lat' dir='ltr'><strong>data</strong></span> <span class='ocrx_word' id='word_1_711' title='bbox 1925 3061 1940 3087; x_wconf 96' lang='lat'><strong>,</strong></span> <span class='ocrx_word' id='word_1_712' title='bbox 1964 3028 2020 3075; x_wconf 91' lang='lat' dir='ltr'><strong>et</strong></span> <span class='ocrx_word' id='word_1_713' title='bbox 2049 3034 2077 3072; x_wconf 87' lang='lat' dir='ltr'><strong>a</strong></span> <span class='ocrx_word' id='word_1_714' title='bbox 2109 3020 2345 3075; x_wconf 91' lang='lat' dir='ltr'><strong>concilio</strong></span> <span class='ocrx_word' id='word_1_715' title='bbox 2373 3030 2537 3091; x_wconf 87' lang='lat' dir='ltr'><strong>atque</strong></span> <span class='ocrx_word' id='word_1_716' title='bbox 2559 3030 2587 3056; x_wconf 79' lang='grc' dir='ltr'><strong>ιι</strong></span> <span class='ocrx_word' id='word_1_717' title='bbox 2618 3034 2889 3075; x_wconf 82' lang='lat' dir='ltr'><strong>consensu</strong></span> <span class='ocrx_word' id='word_1_718' title='bbox 2916 3020 3140 3088; x_wconf 88' lang='lat' dir='ltr'><strong>probata</strong></span> <span class='ocrx_word' id='word_1_719' title='bbox 3165 3018 3382 3088; x_wconf 87' lang='lat' dir='ltr'><strong>sapien-</strong></span> 
     </span>
    </p>
   </div>
   <div class='ocr_carea' id='block_1_95' title="bbox 1786 3110 3377 3181">
    <p class='ocr_par' dir='ltr' id='par_1_95' title="bbox 1786 3110 3377 3181">
     <span class='ocr_line' id='line_1_95' title="bbox 1786 3110 3377 3181; baseline -0.003 -14"><span class='ocrx_word' id='word_1_720' title='bbox 1786 3114 1956 3179; x_wconf 89' lang='lat' dir='ltr'><strong>tium,</strong></span> <span class='ocrx_word' id='word_1_721' title='bbox 2005 3112 2140 3167; x_wconf 90' lang='lat' dir='ltr'><strong>nihil</strong></span> <span class='ocrx_word' id='word_1_722' title='bbox 2174 3112 2374 3180; x_wconf 88' lang='lat' dir='ltr'><strong>facias,</strong></span> <span class='ocrx_word' id='word_1_723' title='bbox 2431 3113 2564 3168; x_wconf 88' lang='lat' dir='ltr'><strong>nihil</strong></span> <span class='ocrx_word' id='word_1_724' title='bbox 2613 3112 2707 3167; x_wconf 89' lang='lat' dir='ltr'><strong>tibi</strong></span> <span class='ocrx_word' id='word_1_725' title='bbox 2762 3111 3050 3167; x_wconf 86' lang='lat' dir='ltr'><strong>vindices:</strong></span> <span class='ocrx_word' id='word_1_726' title='bbox 3110 3110 3377 3181; x_wconf 88' lang='lat' dir='ltr'><strong>majorum</strong></span> 
     </span>
    </p>
   </div>
   <div class='ocr_carea' id='block_1_96' title="bbox 1708 3192 3383 3278">
    <p class='ocr_par' dir='ltr' id='par_1_96' title="bbox 1708 3192 3383 3278">
     <span class='ocr_line' id='line_1_96' title="bbox 1708 3192 3383 3278; baseline 0.002 -23"><span class='ocrx_word' id='word_1_727' title='bbox 1708 3192 1755 3255; x_wconf 88' lang='lat' dir='ltr'>C</span> <span class='ocrx_word' id='word_1_728' title='bbox 1786 3221 2019 3278; x_wconf 87' lang='lat' dir='ltr'><strong>sequere</strong></span> <span class='ocrx_word' id='word_1_729' title='bbox 2042 3208 2265 3277; x_wconf 86' lang='lat' dir='ltr'><strong>vestigia</strong></span> <span class='ocrx_word' id='word_1_730' title='bbox 2290 3249 2304 3273; x_wconf 94' lang='lat'><strong>,</strong></span> <span class='ocrx_word' id='word_1_731' title='bbox 2347 3218 2401 3263; x_wconf 90' lang='lat' dir='ltr'><strong>et</strong></span> <span class='ocrx_word' id='word_1_732' title='bbox 2437 3208 2506 3263; x_wconf 91' lang='lat' dir='ltr'><strong>ab</strong></span> <span class='ocrx_word' id='word_1_733' title='bbox 2536 3222 2724 3263; x_wconf 90' lang='lat' dir='ltr'><strong>eorum</strong></span> <span class='ocrx_word' id='word_1_734' title='bbox 2776 3206 3100 3261; x_wconf 88' lang='lat' dir='ltr'><strong>auctoritate</strong></span> <span class='ocrx_word' id='word_1_735' title='bbox 3130 3220 3241 3260; x_wconf 89' lang='lat' dir='ltr'><strong>non</strong></span> <span class='ocrx_word' id='word_1_736' title='bbox 3271 3203 3383 3259; x_wconf 92' lang='lat' dir='ltr'><strong>dis-</strong></span> 
     </span>
    </p>
   </div>
   <div class='ocr_carea' id='block_1_97' title="bbox 1784 3296 3374 3371">
    <p class='ocr_par' dir='ltr' id='par_1_97' title="bbox 1784 3296 3374 3371">
     <span class='ocr_line' id='line_1_97' title="bbox 1784 3296 3374 3371; baseline -0.001 -18"><span class='ocrx_word' id='word_1_737' title='bbox 1784 3313 1997 3367; x_wconf 87' lang='lat' dir='ltr'><strong>crepes.</strong></span> <span class='ocrx_word' id='word_1_738' title='bbox 2022 3300 2241 3370; x_wconf 79' lang='lat' dir='ltr'><strong>Alioqui</strong></span> <span class='ocrx_word' id='word_1_739' title='bbox 2268 3342 2281 3365; x_wconf 93' lang='lat'><strong>,</strong></span> <span class='ocrx_word' id='word_1_740' title='bbox 2315 3300 2581 3371; x_wconf 67' lang='lat' dir='ltr'><strong>quaerenti</strong></span> <span class='ocrx_word' id='word_1_741' title='bbox 2606 3300 2770 3353; x_wconf 89' lang='lat' dir='ltr'><strong>multa</strong></span> <span class='ocrx_word' id='word_1_742' title='bbox 2791 3341 2804 3363; x_wconf 95' lang='lat'><strong>,</strong></span> <span class='ocrx_word' id='word_1_743' title='bbox 2840 3296 3083 3353; x_wconf 90' lang='lat' dir='ltr'><strong>inﬁnitus</strong></span> <span class='ocrx_word' id='word_1_744' title='bbox 3108 3297 3374 3352; x_wconf 90' lang='lat' dir='ltr'><strong>librorum</strong></span> 
     </span>
    </p>
   </div>
   <div class='ocr_carea' id='block_1_98' title="bbox 1783 3392 3383 3464">
    <p class='ocr_par' dir='ltr' id='par_1_98' title="bbox 1783 3392 3383 3464">
     <span class='ocr_line' id='line_1_98' title="bbox 1783 3392 3383 3464; baseline 0 -17"><span class='ocrx_word' id='word_1_745' title='bbox 1783 3406 2041 3448; x_wconf 90' lang='lat' dir='ltr'><strong>numerus</strong></span> <span class='ocrx_word' id='word_1_746' title='bbox 2066 3395 2460 3464; x_wconf 81' lang='lat' dir='ltr'><strong>occurretzqui</strong></span> <span class='ocrx_word' id='word_1_747' title='bbox 2504 3403 2557 3449; x_wconf 88' lang='lat' dir='ltr'><strong>te</strong></span> <span class='ocrx_word' id='word_1_748' title='bbox 2585 3396 2865 3463; x_wconf 82' lang='lat' dir='ltr'><strong>pertraltat</strong></span> <span class='ocrx_word' id='word_1_749' title='bbox 2904 3392 2971 3445; x_wconf 89' lang='lat' dir='ltr'><strong>ad</strong></span> <span class='ocrx_word' id='word_1_750' title='bbox 3012 3407 3291 3459; x_wconf 87' lang='lat' dir='ltr'><strong>errorem,</strong></span> <span class='ocrx_word' id='word_1_751' title='bbox 3325 3400 3383 3447; x_wconf 90' lang='lat' dir='ltr'><strong>et</strong></span> 
     </span>
    </p>
   </div>
   <div class='ocr_carea' id='block_1_99' title="bbox 1779 3484 3379 3560">
    <p class='ocr_par' dir='ltr' id='par_1_99' title="bbox 1779 3484 3379 3560">
     <span class='ocr_line' id='line_1_99' title="bbox 1779 3484 3379 3560; baseline -0.004 -17"><span class='ocrx_word' id='word_1_752' title='bbox 1779 3488 2051 3557; x_wconf 84' lang='lat' dir='ltr'><strong>legentem</strong></span> <span class='ocrx_word' id='word_1_753' title='bbox 2098 3487 2295 3542; x_wconf 90' lang='lat' dir='ltr'><strong>frustra</strong></span> <span class='ocrx_word' id='word_1_754' title='bbox 2340 3487 2449 3560; x_wconf 80' lang='grc' dir='ltr'><strong>[ΑΙ.</strong></span> <span class='ocrx_word' id='word_1_755' title='bbox 2502 3488 2649 3541; x_wconf 85' lang='lat' dir='ltr'><strong>addit</strong></span> <span class='ocrx_word' id='word_1_756' title='bbox 2694 3484 2885 3557; x_wconf 88' lang='lat' dir='ltr'><strong>multa]</strong></span> <span class='ocrx_word' id='word_1_757' title='bbox 2916 3486 3078 3539; x_wconf 75' lang='lat' dir='ltr'><strong>faciet</strong></span> <span class='ocrx_word' id='word_1_758' title='bbox 3106 3484 3379 3539; x_wconf 91' lang='lat' dir='ltr'><strong>laborare.</strong></span> 
     </span>
    </p>
   </div>
   <div class='ocr_carea' id='block_1_100' title="bbox 1783 3579 3380 3643">
    <p class='ocr_par' dir='ltr' id='par_1_100' title="bbox 1783 3579 3380 3643">
     <span class='ocr_line' id='line_1_100' title="bbox 1783 3579 3380 3643; baseline -0.003 -8"><span class='ocrx_word' id='word_1_759' title='bbox 1783 3579 1878 3635; x_wconf 80' lang='lat' dir='ltr'><strong>Vel</strong></span> <span class='ocrx_word' id='word_1_760' title='bbox 1908 3590 2057 3637; x_wconf 88' lang='lat' dir='ltr'><strong>certe</strong></span> <span class='ocrx_word' id='word_1_761' title='bbox 2086 3581 2247 3637; x_wconf 91' lang='lat' dir='ltr'><strong>docet</strong></span> <span class='ocrx_word' id='word_1_762' title='bbox 2288 3581 2542 3637; x_wconf 92' lang='lat' dir='ltr'><strong>brevitati</strong></span> <span class='ocrx_word' id='word_1_763' title='bbox 2570 3580 2926 3643; x_wconf 89' lang='lat' dir='ltr'><strong>studendum,</strong></span> <span class='ocrx_word' id='word_1_764' title='bbox 2960 3587 3014 3632; x_wconf 89' lang='lat' dir='ltr'><strong>et</strong></span> <span class='ocrx_word' id='word_1_765' title='bbox 3046 3590 3238 3631; x_wconf 89' lang='lat' dir='ltr'><strong>sensus</strong></span> <span class='ocrx_word' id='word_1_766' title='bbox 3266 3592 3380 3631; x_wconf 86' lang='lat' dir='ltr'><strong>ma-</strong></span> 
     </span>
    </p>
   </div>
   <div class='ocr_carea' id='block_1_101' title="bbox 1778 3669 3378 3744">
    <p class='ocr_par' dir='ltr' id='par_1_101' title="bbox 1778 3669 3378 3744">
     <span class='ocr_line' id='line_1_101' title="bbox 1778 3669 3378 3744; baseline -0.003 -17"><span class='ocrx_word' id='word_1_767' title='bbox 1778 3672 1862 3743; x_wconf 89' lang='lat' dir='ltr'><strong>gis</strong></span> <span class='ocrx_word' id='word_1_768' title='bbox 1888 3674 2180 3729; x_wconf 89' lang='lat' dir='ltr'><strong>sectandos</strong></span> <span class='ocrx_word' id='word_1_769' title='bbox 2209 3689 2332 3729; x_wconf 91' lang='lat' dir='ltr'><strong>esse</strong></span> <span class='ocrx_word' id='word_1_770' title='bbox 2366 3689 2526 3744; x_wconf 89' lang='lat' dir='ltr'><strong>quam</strong></span> <span class='ocrx_word' id='word_1_771' title='bbox 2576 3673 2738 3727; x_wconf 89' lang='lat' dir='ltr'><strong>verba</strong></span> <span class='ocrx_word' id='word_1_772' title='bbox 2771 3713 2784 3737; x_wconf 97' lang='lat'><strong>,</strong></span> <span class='ocrx_word' id='word_1_773' title='bbox 2816 3672 3081 3725; x_wconf 85' lang='lat' dir='ltr'><strong>adversus</strong></span> <span class='ocrx_word' id='word_1_774' title='bbox 3132 3669 3378 3739; x_wconf 89' lang='lat' dir='ltr'><strong>philoso-</strong></span> 
     </span>
    </p>
   </div>
   <div class='ocr_carea' id='block_1_102' title="bbox 1782 3764 3381 3837">
    <p class='ocr_par' dir='ltr' id='par_1_102' title="bbox 1782 3764 3381 3837">
     <span class='ocr_line' id='line_1_102' title="bbox 1782 3764 3381 3837; baseline -0.001 -16"><span class='ocrx_word' id='word_1_775' title='bbox 1782 3766 1919 3836; x_wconf 93' lang='lat' dir='ltr'><strong>phos</strong></span> <span class='ocrx_word' id='word_1_776' title='bbox 1949 3775 2005 3825; x_wconf 87' lang='lat' dir='ltr'><strong>et</strong></span> <span class='ocrx_word' id='word_1_777' title='bbox 2025 3768 2215 3823; x_wconf 77' lang='lat' dir='ltr'><strong>steculi</strong></span> <span class='ocrx_word' id='word_1_778' title='bbox 2266 3767 2425 3837; x_wconf 84' lang='lat' dir='ltr'><strong>hujus</strong></span> <span class='ocrx_word' id='word_1_779' title='bbox 2450 3767 2745 3832; x_wconf 75' lang='lat' dir='ltr'><strong>doctores,</strong></span> <span class='ocrx_word' id='word_1_780' title='bbox 2778 3766 2871 3836; x_wconf 91' lang='lat' dir='ltr'><strong>qui</strong></span> <span class='ocrx_word' id='word_1_781' title='bbox 2903 3780 3126 3821; x_wconf 91' lang='lat' dir='ltr'><strong>suorum</strong></span> <span class='ocrx_word' id='word_1_782' title='bbox 3162 3764 3381 3835; x_wconf 83' lang='lat' dir='ltr'><strong>dogma-</strong></span> 
     </span>
    </p>
   </div>
   <div class='ocr_carea' id='block_1_103' title="bbox 1785 3970 3387 4042">
    <p class='ocr_par' dir='ltr' id='par_1_103' title="bbox 1785 3970 3387 4042">
     <span class='ocr_line' id='line_1_103' title="bbox 1785 3970 3387 4042; baseline 0.001 -20"><span class='ocrx_word' id='word_1_783' title='bbox 1785 3972 2063 4040; x_wconf 77' lang='lat' dir='ltr'><strong>cognitam,</strong></span> <span class='ocrx_word' id='word_1_784' title='bbox 2079 3972 2309 4042; x_wconf 89' lang='lat' dir='ltr'><strong>corporis</strong></span> <span class='ocrx_word' id='word_1_785' title='bbox 2338 3971 2527 4025; x_wconf 83' lang='lat' dir='ltr'><strong>vallata</strong></span> <span class='ocrx_word' id='word_1_786' title='bbox 2553 3978 2718 4042; x_wconf 79' lang='lat' dir='ltr'><strong>septo,</strong></span> <span class='ocrx_word' id='word_1_787' title='bbox 2741 3985 2881 4021; x_wconf 81' lang='lat' dir='ltr'><strong>mens</strong></span> <span class='ocrx_word' id='word_1_788' title='bbox 2904 3970 3127 4021; x_wconf 87' lang='lat' dir='ltr'><strong>humana</strong></span> <span class='ocrx_word' id='word_1_789' title='bbox 3152 3984 3387 4037; x_wconf 85' lang='lat' dir='ltr'><strong>compre-</strong></span> 
     </span>
    </p>
   </div>
   <div class='ocr_carea' id='block_1_104' title="bbox 1785 4040 3383 4111">
    <p class='ocr_par' dir='ltr' id='par_1_104' title="bbox 1785 4040 3383 4111">
     <span class='ocr_line' id='line_1_104' title="bbox 1785 4040 3383 4111; baseline 0.003 -18"><span class='ocrx_word' id='word_1_790' title='bbox 1785 4041 2006 4094; x_wconf 87' lang='lat' dir='ltr'><strong>hendere</strong></span> <span class='ocrx_word' id='word_1_791' title='bbox 2044 4058 2146 4095; x_wconf 89' lang='lat' dir='ltr'><strong>non</strong></span> <span class='ocrx_word' id='word_1_792' title='bbox 2166 4040 2350 4111; x_wconf 85' lang='lat' dir='ltr'><strong>potest.</strong></span> <span class='ocrx_word' id='word_1_793' title='bbox 2386 4044 2556 4106; x_wconf 79' lang='lat' dir='ltr'><strong>Quam</strong></span> <span class='ocrx_word' id='word_1_794' title='bbox 2592 4040 2863 4095; x_wconf 77' lang='lat' dir='ltr'><strong>Mariauus</strong></span> <span class='ocrx_word' id='word_1_795' title='bbox 2901 4054 3118 4111; x_wconf 89' lang='lat' dir='ltr'><strong>quoque</strong></span> <span class='ocrx_word' id='word_1_796' title='bbox 3161 4052 3383 4097; x_wconf 89' lang='lat' dir='ltr'><strong>secutus</strong></span> 
     </span>
    </p>
   </div>
   <div class='ocr_carea' id='block_1_105' title="bbox 1785 4110 3382 4181">
    <p class='ocr_par' dir='ltr' id='par_1_105' title="bbox 1785 4110 3382 4181">
     <span class='ocr_line' id='line_1_105' title="bbox 1785 4110 3382 4181; baseline 0.001 -16"><span class='ocrx_word' id='word_1_797' title='bbox 1785 4121 1864 4165; x_wconf 90' lang='lat' dir='ltr'><strong>est</strong></span> <span class='ocrx_word' id='word_1_798' title='bbox 1890 4111 2099 4166; x_wconf 87' lang='lat' dir='ltr'><strong>addens</strong></span> <span class='ocrx_word' id='word_1_799' title='bbox 2121 4110 2464 4167; x_wconf 85' lang='lat' dir='ltr'><strong>solummodo</strong></span> <span class='ocrx_word' id='word_1_800' title='bbox 2498 4112 2783 4167; x_wconf 89' lang='lat' dir='ltr'><strong>relativum</strong></span> <span class='ocrx_word' id='word_1_801' title='bbox 2803 4127 2978 4181; x_wconf 87' lang='lat' dir='ltr'><strong>quam,</strong></span> <span class='ocrx_word' id='word_1_802' title='bbox 3012 4110 3060 4162; x_wconf 89' lang='lat' dir='ltr'><strong>id</strong></span> <span class='ocrx_word' id='word_1_803' title='bbox 3094 4118 3198 4177; x_wconf 90' lang='lat' dir='ltr'><strong>est,</strong></span> <span class='ocrx_word' id='word_1_804' title='bbox 3223 4127 3382 4181; x_wconf 89' lang='lat' dir='ltr'><strong>quam</strong></span> 
     </span>
    </p>
   </div>
   <div class='ocr_carea' id='block_1_106' title="bbox 1784 4183 2493 4253">
    <p class='ocr_par' dir='ltr' id='par_1_106' title="bbox 1784 4183 2493 4253">
     <span class='ocr_line' id='line_1_106' title="bbox 1784 4183 2493 4253; baseline 0.001 -18"><span class='ocrx_word' id='word_1_805' title='bbox 1784 4183 2039 4253; x_wconf 86' lang='lat' dir='ltr'><strong>corporis,</strong></span> <span class='ocrx_word' id='word_1_806' title='bbox 2074 4193 2180 4237; x_wconf 87' lang='lat' dir='ltr'><strong>etc.</strong></span> <span class='ocrx_word' id='word_1_807' title='bbox 2223 4183 2493 4238; x_wconf 75' lang='lat' dir='ltr'><strong>MARTIAN.</strong></span> 
     </span>
    </p>
   </div>
   <div class='ocr_carea' id='block_1_107' title="bbox 1860 4252 3381 4313">
    <p class='ocr_par' dir='ltr' id='par_1_107' title="bbox 1860 4252 3381 4313">
     <span class='ocr_line' id='line_1_107' title="bbox 1860 4252 3381 4313; baseline 0.001 -6"><span class='ocrx_word' id='word_1_808' title='bbox 1860 4263 1884 4299; x_wconf 69' lang='grc' dir='ltr'><em>ε</em></span> <span class='ocrx_word' id='word_1_809' title='bbox 1922 4253 2165 4307; x_wconf 89' lang='lat' dir='ltr'><strong>Vaticau.</strong></span> <span class='ocrx_word' id='word_1_810' title='bbox 2200 4269 2322 4308; x_wconf 90' lang='lat' dir='ltr'><strong>cum</strong></span> <span class='ocrx_word' id='word_1_811' title='bbox 2372 4254 2614 4308; x_wconf 89' lang='lat' dir='ltr'><strong>Palatino</strong></span> <span class='ocrx_word' id='word_1_812' title='bbox 2644 4252 2881 4305; x_wconf 78' lang='lat' dir='ltr'><strong>Secunda</strong></span> <span class='ocrx_word' id='word_1_813' title='bbox 2926 4266 3088 4304; x_wconf 88' lang='lat' dir='ltr'><strong>manu</strong></span> <span class='ocrx_word' id='word_1_814' title='bbox 3116 4294 3128 4313; x_wconf 89' lang='lat'><strong>,</strong></span> <span class='ocrx_word' id='word_1_815' title='bbox 3176 4267 3242 4307; x_wconf 90' lang='lat' dir='ltr'><strong>ac</strong></span> <span class='ocrx_word' id='word_1_816' title='bbox 3287 4253 3381 4308; x_wconf 88' lang='lat' dir='ltr'><strong>dc-</strong></span> 
     </span>
    </p>
   </div>
   <div class='ocr_carea' id='block_1_108' title="bbox 1785 4323 3239 4394">
    <p class='ocr_par' dir='ltr' id='par_1_108' title="bbox 1785 4323 3239 4394">
     <span class='ocr_line' id='line_1_108' title="bbox 1785 4323 3239 4394; baseline 0.001 -15"><span class='ocrx_word' id='word_1_817' title='bbox 1785 4340 1931 4394; x_wconf 85' lang='lat' dir='ltr'><strong>mttm</strong></span> <span class='ocrx_word' id='word_1_818' title='bbox 1964 4326 2251 4390; x_wconf 85' lang='lat' dir='ltr'><strong>Alcninus,</strong></span> <span class='ocrx_word' id='word_1_819' title='bbox 2293 4342 2449 4393; x_wconf 87' lang='lat' dir='ltr'><strong>quant</strong></span> <span class='ocrx_word' id='word_1_820' title='bbox 2479 4324 2585 4377; x_wconf 89' lang='lat' dir='ltr'><strong>Deo</strong></span> <span class='ocrx_word' id='word_1_821' title='bbox 2606 4323 2820 4394; x_wconf 87' lang='lat' dir='ltr'><strong>jubente</strong></span> <span class='ocrx_word' id='word_1_822' title='bbox 2852 4323 3103 4390; x_wconf 86' lang='lat' dir='ltr'><strong>primunt,</strong></span> <span class='ocrx_word' id='word_1_823' title='bbox 3133 4332 3239 4379; x_wconf 89' lang='lat' dir='ltr'><strong>etc.</strong></span> 
     </span>
    </p>
   </div>
   <div class='ocr_carea' id='block_1_109' title="bbox 1855 4393 3075 4463">
    <p class='ocr_par' dir='ltr' id='par_1_109' title="bbox 1855 4393 3075 4463">
     <span class='ocr_line' id='line_1_109' title="bbox 1855 4393 3075 4463; baseline -0.002 -14"><span class='ocrx_word' id='word_1_824' title='bbox 1855 4393 1883 4432; x_wconf 79' lang='grc'><strong>¹¹</strong></span> <span class='ocrx_word' id='word_1_825' title='bbox 1914 4395 2048 4450; x_wconf 88' lang='lat' dir='ltr'><strong>Tres</strong></span> <span class='ocrx_word' id='word_1_826' title='bbox 2068 4412 2197 4449; x_wconf 82' lang='lat' dir='ltr'><strong>mss.</strong></span> <span class='ocrx_word' id='word_1_827' title='bbox 2226 4397 2315 4450; x_wconf 86' lang='lat' dir='ltr'><strong>ltic</strong></span> <span class='ocrx_word' id='word_1_828' title='bbox 2341 4406 2500 4463; x_wconf 88' lang='lat' dir='ltr'><strong>atque</strong></span> <span class='ocrx_word' id='word_1_829' title='bbox 2524 4393 2665 4446; x_wconf 72' lang='lat' dir='ltr'><strong>intra</strong></span> <span class='ocrx_word' id='word_1_830' title='bbox 2684 4433 2699 4457; x_wconf 95' lang='lat'><strong>,</strong></span> <span class='ocrx_word' id='word_1_831' title='bbox 2724 4393 2815 4445; x_wconf 86' lang='lat' dir='ltr'><strong>sed</strong></span> <span class='ocrx_word' id='word_1_832' title='bbox 2836 4394 3075 4447; x_wconf 88' lang='lat' dir='ltr'><strong>consilio.</strong></span> 
     </span>
    </p>
   </div>
   <div class='ocr_carea' id='block_1_110' title="bbox 1864 4465 3382 4533">
    <p class='ocr_par' dir='ltr' id='par_1_110' title="bbox 1864 4465 3382 4533">
     <span class='ocr_line' id='line_1_110' title="bbox 1864 4465 3382 4533; baseline 0.005 -15"><span class='ocrx_word' id='word_1_833' title='bbox 1864 4465 1877 4502; x_wconf 77' lang='grc' dir='ltr'><strong>ί</strong></span> <span class='ocrx_word' id='word_1_834' title='bbox 1912 4466 2050 4520; x_wconf 83' lang='lat' dir='ltr'><strong>Olim</strong></span> <span class='ocrx_word' id='word_1_835' title='bbox 2094 4468 2262 4530; x_wconf 90' lang='lat' dir='ltr'><strong>editi,</strong></span> <span class='ocrx_word' id='word_1_836' title='bbox 2312 4476 2359 4519; x_wconf 86' lang='lat' dir='ltr'><strong>et</strong></span> <span class='ocrx_word' id='word_1_837' title='bbox 2389 4482 2452 4518; x_wconf 91' lang='lat' dir='ltr'><strong>ne</strong></span> <span class='ocrx_word' id='word_1_838' title='bbox 2480 4473 2887 4518; x_wconf 75' lang='lat' dir='ltr'><strong>contemneretur</strong></span> <span class='ocrx_word' id='word_1_839' title='bbox 2917 4468 3144 4521; x_wconf 86' lang='lat' dir='ltr'><strong>omnium</strong></span> <span class='ocrx_word' id='word_1_840' title='bbox 3173 4469 3382 4533; x_wconf 85' lang='lat' dir='ltr'><strong>sapien-</strong></span> 
     </span>
    </p>
   </div>
   <div class='ocr_carea' id='block_1_111' title="bbox 1785 4537 3385 4606">
    <p class='ocr_par' dir='ltr' id='par_1_111' title="bbox 1785 4537 3385 4606">
     <span class='ocr_line' id='line_1_111' title="bbox 1785 4537 3385 4606; baseline 0.004 -17"><span class='ocrx_word' id='word_1_841' title='bbox 1785 4538 1876 4590; x_wconf 87' lang='lat' dir='ltr'><strong>tia.</strong></span> <span class='ocrx_word' id='word_1_842' title='bbox 1912 4538 2047 4592; x_wconf 87' lang='lat' dir='ltr'><strong>Tum</strong></span> <span class='ocrx_word' id='word_1_843' title='bbox 2086 4537 2383 4600; x_wconf 81' lang='lat' dir='ltr'><strong>Alcuiuus,</strong></span> <span class='ocrx_word' id='word_1_844' title='bbox 2417 4546 2583 4588; x_wconf 83' lang='lat' dir='ltr'><strong>tamen</strong></span> <span class='ocrx_word' id='word_1_845' title='bbox 2617 4537 2870 4589; x_wconf 75' lang='lat' dir='ltr'><strong>doctrinm</strong></span> <span class='ocrx_word' id='word_1_846' title='bbox 2901 4537 3058 4606; x_wconf 83' lang='lat' dir='ltr'><strong>hujus</strong></span> <span class='ocrx_word' id='word_1_847' title='bbox 3104 4548 3285 4594; x_wconf 78' lang='lat' dir='ltr'><strong>auctor</strong></span> <span class='ocrx_word' id='word_1_848' title='bbox 3310 4552 3385 4596; x_wconf 87' lang='lat' dir='ltr'><strong>est</strong></span> 
     </span>
    </p>
   </div>
   <div class='ocr_carea' id='block_1_112' title="bbox 1784 4606 3172 4675">
    <p class='ocr_par' dir='ltr' id='par_1_112' title="bbox 1784 4606 3172 4675">
     <span class='ocr_line' id='line_1_112' title="bbox 1784 4606 3172 4675; baseline 0.003 -16"><span class='ocrx_word' id='word_1_849' title='bbox 1784 4606 2038 4662; x_wconf 87' lang='lat' dir='ltr'><strong>Dominus</strong></span> <span class='ocrx_word' id='word_1_850' title='bbox 2068 4626 2087 4663; x_wconf 92' lang='lat'><em>:</em></span> <span class='ocrx_word' id='word_1_851' title='bbox 2118 4616 2335 4661; x_wconf 84' lang='lat' dir='ltr'><strong>veteres</strong></span> <span class='ocrx_word' id='word_1_852' title='bbox 2365 4606 2521 4671; x_wconf 87' lang='lat' dir='ltr'><strong>editi,</strong></span> <span class='ocrx_word' id='word_1_853' title='bbox 2556 4616 2739 4660; x_wconf 88' lang='lat' dir='ltr'><strong>auctor</strong></span> <span class='ocrx_word' id='word_1_854' title='bbox 2767 4624 2898 4661; x_wconf 90' lang='lat' dir='ltr'><strong>unus</strong></span> <span class='ocrx_word' id='word_1_855' title='bbox 2925 4619 3035 4675; x_wconf 88' lang='lat' dir='ltr'><strong>est,</strong></span> <span class='ocrx_word' id='word_1_856' title='bbox 3067 4618 3172 4665; x_wconf 86' lang='lat' dir='ltr'><strong>etc.</strong></span> 
     </span>
    </p>
   </div>
   <div class='ocr_carea' id='block_1_113' title="bbox 1861 4676 3381 4744">
    <p class='ocr_par' dir='ltr' id='par_1_113' title="bbox 1861 4676 3381 4744">
     <span class='ocr_line' id='line_1_113' title="bbox 1861 4676 3381 4744; baseline 0.006 -18"><span class='ocrx_word' id='word_1_857' title='bbox 1861 4677 1874 4726; x_wconf 88' lang='lat' dir='ltr'><strong>i</strong></span> <span class='ocrx_word' id='word_1_858' title='bbox 1916 4680 2113 4732; x_wconf 84' lang='lat' dir='ltr'><strong>Auctor</strong></span> <span class='ocrx_word' id='word_1_859' title='bbox 2141 4694 2273 4731; x_wconf 88' lang='lat' dir='ltr'><strong>unus</strong></span> <span class='ocrx_word' id='word_1_860' title='bbox 2303 4688 2378 4730; x_wconf 89' lang='lat' dir='ltr'><strong>est</strong></span> <span class='ocrx_word' id='word_1_861' title='bbox 2412 4676 2685 4732; x_wconf 88' lang='lat' dir='ltr'><strong>Dominus.</strong></span> <span class='ocrx_word' id='word_1_862' title='bbox 2733 4677 2786 4731; x_wconf 93' lang='lat' dir='ltr'><strong>In</strong></span> <span class='ocrx_word' id='word_1_863' title='bbox 2817 4679 2978 4733; x_wconf 87' lang='lat' dir='ltr'><strong>editis</strong></span> <span class='ocrx_word' id='word_1_864' title='bbox 3002 4721 3014 4744; x_wconf 92' lang='lat'><strong>,</strong></span> <span class='ocrx_word' id='word_1_865' title='bbox 3058 4690 3224 4735; x_wconf 88' lang='lat' dir='ltr'><strong>tamen</strong></span> <span class='ocrx_word' id='word_1_866' title='bbox 3255 4684 3381 4737; x_wconf 83' lang='lat' dir='ltr'><strong>doc-</strong></span> 
     </span>
    </p>
   </div>
   <div class='ocr_carea' id='block_1_114' title="bbox 1786 4749 3380 4817">
    <p class='ocr_par' dir='ltr' id='par_1_114' title="bbox 1786 4749 3380 4817">
     <span class='ocr_line' id='line_1_114' title="bbox 1786 4749 3380 4817; baseline 0.004 -15"><span class='ocrx_word' id='word_1_867' title='bbox 1786 4749 1936 4802; x_wconf 78' lang='lat' dir='ltr'><strong>trina:</strong></span> <span class='ocrx_word' id='word_1_868' title='bbox 1982 4749 2141 4817; x_wconf 72' lang='lat' dir='ltr'><strong>huius</strong></span> <span class='ocrx_word' id='word_1_869' title='bbox 2179 4758 2385 4813; x_wconf 90' lang='lat' dir='ltr'><strong>auctor,</strong></span> <span class='ocrx_word' id='word_1_870' title='bbox 2423 4765 2556 4801; x_wconf 90' lang='lat' dir='ltr'><strong>unus</strong></span> <span class='ocrx_word' id='word_1_871' title='bbox 2585 4760 2658 4801; x_wconf 87' lang='lat' dir='ltr'><strong>est</strong></span> <span class='ocrx_word' id='word_1_872' title='bbox 2708 4749 2982 4803; x_wconf 88' lang='lat' dir='ltr'><strong>Dominus.</strong></span> <span class='ocrx_word' id='word_1_873' title='bbox 3028 4751 3226 4804; x_wconf 85' lang='lat' dir='ltr'><strong>Verum</strong></span> <span class='ocrx_word' id='word_1_874' title='bbox 3259 4753 3380 4808; x_wconf 89' lang='lat' dir='ltr'><strong>sine</strong></span> 
     </span>
    </p>
   </div>
   <div class='ocr_carea' id='block_1_115' title="bbox 1783 4818 3384 4889">
    <p class='ocr_par' dir='ltr' id='par_1_115' title="bbox 1783 4818 3384 4889">
     <span class='ocr_line' id='line_1_115' title="bbox 1783 4818 3384 4889; baseline 0.006 -20"><span class='ocrx_word' id='word_1_875' title='bbox 1783 4818 1940 4889; x_wconf 85' lang='lat' dir='ltr'><strong>hujus</strong></span> <span class='ocrx_word' id='word_1_876' title='bbox 1980 4819 2228 4872; x_wconf 83' lang='lat' dir='ltr'><strong>absolute</strong></span> <span class='ocrx_word' id='word_1_877' title='bbox 2272 4818 2557 4887; x_wconf 78' lang='lat' dir='ltr'><strong>legendum</strong></span> <span class='ocrx_word' id='word_1_878' title='bbox 2607 4820 2803 4873; x_wconf 89' lang='lat' dir='ltr'><strong>docent</strong></span> <span class='ocrx_word' id='word_1_879' title='bbox 2853 4836 2983 4874; x_wconf 90' lang='lat' dir='ltr'><strong>mss.</strong></span> <span class='ocrx_word' id='word_1_880' title='bbox 3034 4821 3278 4886; x_wconf 81' lang='lat' dir='ltr'><strong>codices,</strong></span> <span class='ocrx_word' id='word_1_881' title='bbox 3324 4835 3384 4879; x_wconf 87' lang='lat' dir='ltr'><strong>ut</strong></span> 
     </span>
    </p>
   </div>
   <div class='ocr_carea' id='block_1_116' title="bbox 1783 4889 3376 4962">
    <p class='ocr_par' dir='ltr' id='par_1_116' title="bbox 1783 4889 3376 4962">
     <span class='ocr_line' id='line_1_116' title="bbox 1783 4889 3376 4962; baseline 0.001 -19"><span class='ocrx_word' id='word_1_882' title='bbox 1783 4906 1889 4962; x_wconf 90' lang='lat' dir='ltr'><strong>non</strong></span> <span class='ocrx_word' id='word_1_883' title='bbox 1922 4889 2098 4962; x_wconf 85' lang='lat' dir='ltr'><strong>solum</strong></span> <span class='ocrx_word' id='word_1_884' title='bbox 2132 4891 2300 4962; x_wconf 83' lang='lat' dir='ltr'><strong>hujus</strong></span> <span class='ocrx_word' id='word_1_885' title='bbox 2317 4890 2567 4962; x_wconf 72' lang='lat' dir='ltr'><strong>doctrina:</strong></span> <span class='ocrx_word' id='word_1_886' title='bbox 2590 4890 2872 4962; x_wconf 10' lang='lat' dir='ltr'><strong>auctorisit</strong></span> <span class='ocrx_word' id='word_1_887' title='bbox 2900 4904 3039 4943; x_wconf 90' lang='lat' dir='ltr'><strong>unus</strong></span> <span class='ocrx_word' id='word_1_888' title='bbox 3071 4891 3333 4946; x_wconf 81' lang='lat' dir='ltr'><strong>Dominus</strong></span> <span class='ocrx_word' id='word_1_889' title='bbox 3361 4912 3376 4959; x_wconf 89' lang='lat'><strong>;</strong></span> 
     </span>
    </p>
   </div>
   <div class='ocr_carea' id='block_1_117' title="bbox 1781 4960 3380 5034">
    <p class='ocr_par' dir='ltr' id='par_1_117' title="bbox 1781 4960 3380 5034">
     <span class='ocr_line' id='line_1_117' title="bbox 1781 4960 3380 5034; baseline 0.003 -18"><span class='ocrx_word' id='word_1_890' title='bbox 1781 4960 2475 5034; x_wconf 13' lang='lat' dir='ltr'><strong>sedchjuslibetlscientite</strong></span> <span class='ocrx_word' id='word_1_891' title='bbox 2501 4975 2561 5034; x_wconf 76' lang='lat' dir='ltr'><strong>ac</strong></span> <span class='ocrx_word' id='word_1_892' title='bbox 2591 4976 2733 5013; x_wconf 74' lang='lat' dir='ltr'><strong>vera:</strong></span> <span class='ocrx_word' id='word_1_893' title='bbox 2764 4961 3029 5015; x_wconf 71' lang='lat' dir='ltr'><strong>doctrinze</strong></span> <span class='ocrx_word' id='word_1_894' title='bbox 3050 5001 3066 5027; x_wconf 93' lang='lat'><strong>,</strong></span> <span class='ocrx_word' id='word_1_895' title='bbox 3098 4962 3225 5017; x_wconf 89' lang='lat' dir='ltr'><strong>licet</strong></span> <span class='ocrx_word' id='word_1_896' title='bbox 3258 4964 3380 5034; x_wconf 88' lang='lat' dir='ltr'><strong>plu-</strong></span> 
     </span>
    </p>
   </div>
   <div class='ocr_carea' id='block_1_118' title="bbox 1779 5031 2776 5103">
    <p class='ocr_par' dir='ltr' id='par_1_118' title="bbox 1779 5031 2776 5103">
     <span class='ocr_line' id='line_1_118' title="bbox 1779 5031 2776 5103; baseline -0.004 -16"><span class='ocrx_word' id='word_1_897' title='bbox 1779 5032 1905 5103; x_wconf 87' lang='lat' dir='ltr'><strong>rimi</strong></span> <span class='ocrx_word' id='word_1_898' title='bbox 1932 5033 2039 5086; x_wconf 90' lang='lat' dir='ltr'><strong>sint</strong></span> <span class='ocrx_word' id='word_1_899' title='bbox 2067 5033 2157 5103; x_wconf 91' lang='lat' dir='ltr'><strong>qui</strong></span> <span class='ocrx_word' id='word_1_900' title='bbox 2190 5032 2441 5085; x_wconf 87' lang='lat' dir='ltr'><strong>doceant.</strong></span> <span class='ocrx_word' id='word_1_901' title='bbox 2507 5031 2776 5103; x_wconf 64' lang='lat' dir='ltr'><strong>Maurus.</strong></span> 
     </span>
    </p>
   </div>
   <div class='ocr_carea' id='block_1_119' title="bbox 1851 5102 3383 5169">
    <p class='ocr_par' dir='ltr' id='par_1_119' title="bbox 1851 5102 3383 5169">
     <span class='ocr_line' id='line_1_119' title="bbox 1851 5102 3383 5169; baseline 0.003 -12"><span class='ocrx_word' id='word_1_902' title='bbox 1851 5102 1874 5139; x_wconf 74' lang='grc' dir='ltr'><strong>¹ί</strong></span> <span class='ocrx_word' id='word_1_903' title='bbox 1899 5104 2045 5157; x_wconf 89' lang='lat' dir='ltr'><strong>Idem</strong></span> <span class='ocrx_word' id='word_1_904' title='bbox 2078 5102 2095 5169; x_wconf 87' lang='lat'><strong>,</strong></span> <span class='ocrx_word' id='word_1_905' title='bbox 2124 5109 2387 5157; x_wconf 86' lang='lat' dir='ltr'><strong>attrahere</strong></span> <span class='ocrx_word' id='word_1_906' title='bbox 2417 5102 2681 5157; x_wconf 84' lang='lat' dir='ltr'><strong>lasciviam</strong></span> <span class='ocrx_word' id='word_1_907' title='bbox 2709 5119 2728 5155; x_wconf 87' lang='lat'><em>:</em></span> <span class='ocrx_word' id='word_1_908' title='bbox 2758 5112 2812 5156; x_wconf 89' lang='lat' dir='ltr'><strong>et</strong></span> <span class='ocrx_word' id='word_1_909' title='bbox 2866 5117 2989 5157; x_wconf 78' lang='lat' dir='ltr'><strong>mox</strong></span> <span class='ocrx_word' id='word_1_910' title='bbox 3023 5144 3037 5169; x_wconf 92' lang='lat'><strong>,</strong></span> <span class='ocrx_word' id='word_1_911' title='bbox 3069 5102 3254 5159; x_wconf 85' lang='lat' dir='ltr'><strong>vulnus</strong></span> <span class='ocrx_word' id='word_1_912' title='bbox 3298 5108 3383 5161; x_wconf 89' lang='lat' dir='ltr'><strong>in-</strong></span> 
     </span>
    </p>
   </div>
   <div class='ocr_carea' id='block_1_120' title="bbox 1817 5192 1974 5229">
    <p class='ocr_par' dir='ltr' id='par_1_120' title="bbox 1817 5192 1974 5229">
     <span class='ocr_line' id='line_1_120' title="bbox 1817 5192 1974 5229; baseline 0.019 -3"><span class='ocrx_word' id='word_1_913' title='bbox 1817 5192 1974 5229; x_wconf 86' lang='lat' dir='ltr'><strong>taere.</strong></span> 
     </span>
    </p>
   </div>
   <div class='ocr_carea' id='block_1_121' title="bbox 1775 5177 3379 5304">
    <p class='ocr_par' dir='ltr' id='par_1_121' title="bbox 1775 5177 3379 5304">
     <span class='ocr_line' id='line_1_121' title="bbox 1775 5177 3379 5304; baseline 0.005 -8"><span class='ocrx_word' id='word_1_914' title='bbox 1775 5177 2113 5299; x_wconf 50' lang='lat' dir='ltr'><strong>ﬂ&#39;gle’Durum</strong></span> <span class='ocrx_word' id='word_1_915' title='bbox 2144 5246 2233 5299; x_wconf 89' lang='lat' dir='ltr'><strong>tibi</strong></span> <span class='ocrx_word' id='word_1_916' title='bbox 2270 5256 2344 5300; x_wconf 87' lang='lat' dir='ltr'><strong>est</strong></span> <span class='ocrx_word' id='word_1_917' title='bbox 2382 5245 2654 5300; x_wconf 86' lang='lat' dir='ltr'><strong>adversum</strong></span> <span class='ocrx_word' id='word_1_918' title='bbox 2685 5244 2949 5299; x_wconf 89' lang='lat' dir='ltr'><strong>stimulum</strong></span> <span class='ocrx_word' id='word_1_919' title='bbox 2990 5245 3284 5301; x_wconf 84' lang='lat' dir='ltr'><strong>calcitrare.</strong></span> <span class='ocrx_word' id='word_1_920' title='bbox 3322 5248 3379 5304; x_wconf 88' lang='lat' dir='ltr'><strong>In</strong></span> 
     </span>
    </p>
   </div>
   <div class='ocr_carea' id='block_1_122' title="bbox 1778 5314 3378 5374">
    <p class='ocr_par' dir='ltr' id='par_1_122' title="bbox 1778 5314 3378 5374">
     <span class='ocr_line' id='line_1_122' title="bbox 1778 5314 3378 5374; baseline 0.001 -2"><span class='ocrx_word' id='word_1_921' title='bbox 1778 5317 2055 5372; x_wconf 86' lang='lat' dir='ltr'><strong>veteribus</strong></span> <span class='ocrx_word' id='word_1_922' title='bbox 2083 5317 2415 5371; x_wconf 90' lang='lat' dir='ltr'><strong>editionibns</strong></span> <span class='ocrx_word' id='word_1_923' title='bbox 2447 5336 2456 5369; x_wconf 91' lang='lat'>:</span> <span class='ocrx_word' id='word_1_924' title='bbox 2488 5314 2694 5369; x_wconf 88' lang='lat' dir='ltr'><strong>Durum</strong></span> <span class='ocrx_word' id='word_1_925' title='bbox 2727 5316 2819 5370; x_wconf 79' lang='lat' dir='ltr'><strong>tibi</strong></span> <span class='ocrx_word' id='word_1_926' title='bbox 2848 5327 2923 5370; x_wconf 86' lang='lat' dir='ltr'><strong>est</strong></span> <span class='ocrx_word' id='word_1_927' title='bbox 2954 5315 3230 5371; x_wconf 87' lang='lat' dir='ltr'><strong>calcitrare</strong></span> <span class='ocrx_word' id='word_1_928' title='bbox 3253 5335 3378 5374; x_wconf 89' lang='lat' dir='ltr'><strong>con-</strong></span> 
     </span>
    </p>
   </div>
   <div class='ocr_carea' id='block_1_123' title="bbox 1783 5387 2637 5443">
    <p class='ocr_par' dir='ltr' id='par_1_123' title="bbox 1783 5387 2637 5443">
     <span class='ocr_line' id='line_1_123' title="bbox 1783 5387 2637 5443; baseline -0.004 0"><span class='ocrx_word' id='word_1_929' title='bbox 1783 5401 1863 5443; x_wconf 89' lang='lat' dir='ltr'><strong>tra</strong></span> <span class='ocrx_word' id='word_1_930' title='bbox 1892 5387 2164 5441; x_wconf 79' lang='lat' dir='ltr'><strong>stimulum</strong></span> <span class='ocrx_word' id='word_1_931' title='bbox 2198 5388 2317 5443; x_wconf 88' lang='lat' dir='ltr'><strong>Dei.</strong></span> <span class='ocrx_word' id='word_1_932' title='bbox 2366 5388 2637 5442; x_wconf 70' lang='lat' dir='ltr'><strong>Murrum.</strong></span> 
     </span>
    </p>
   </div>
   <div class='ocr_carea' id='block_1_124' title="bbox 1853 5457 3383 5531">
    <p class='ocr_par' dir='ltr' id='par_1_124' title="bbox 1853 5457 3383 5531">
     <span class='ocr_line' id='line_1_124' title="bbox 1853 5457 3383 5531; baseline 0.003 -18"><span class='ocrx_word' id='word_1_933' title='bbox 1853 5470 1893 5496; x_wconf 79' lang='grc' dir='ltr'>ω</span> <span class='ocrx_word' id='word_1_934' title='bbox 1923 5459 2233 5525; x_wconf 80' lang='lat' dir='ltr'><strong>Victorius,</strong></span> <span class='ocrx_word' id='word_1_935' title='bbox 2264 5459 2492 5531; x_wconf 77' lang='lat' dir='ltr'><strong>faciendi</strong></span> <span class='ocrx_word' id='word_1_936' title='bbox 2519 5460 2706 5512; x_wconf 86' lang='lat' dir='ltr'><strong>multos</strong></span> <span class='ocrx_word' id='word_1_937' title='bbox 2740 5457 2901 5513; x_wconf 85' lang='lat' dir='ltr'><strong>libros</strong></span> <span class='ocrx_word' id='word_1_938' title='bbox 2922 5499 2935 5522; x_wconf 89' lang='lat'><strong>.</strong></span> <span class='ocrx_word' id='word_1_939' title='bbox 2962 5459 3146 5527; x_wconf 88' lang='lat' dir='ltr'><strong>quibus</strong></span> <span class='ocrx_word' id='word_1_940' title='bbox 3174 5475 3276 5515; x_wconf 89' lang='lat' dir='ltr'><strong>non</strong></span> <span class='ocrx_word' id='word_1_941' title='bbox 3307 5475 3383 5517; x_wconf 87' lang='lat' dir='ltr'><strong>cst</strong></span> 
     </span>
    </p>
   </div>
   <div class='ocr_carea' id='block_1_125' title="bbox 1825 5532 2073 5585">
    <p class='ocr_par' dir='ltr' id='par_1_125' title="bbox 1825 5532 2073 5585">
     <span class='ocr_line' id='line_1_125' title="bbox 1825 5532 2073 5585; baseline 0.008 -3"><span class='ocrx_word' id='word_1_942' title='bbox 1825 5532 1902 5585; x_wconf 64' lang='lat' dir='ltr'><strong>ni:</strong></span> <span class='ocrx_word' id='word_1_943' title='bbox 1920 5575 1935 5585; x_wconf 89' lang='lat'><strong>.</strong></span> <span class='ocrx_word' id='word_1_944' title='bbox 1965 5539 2073 5585; x_wconf 89' lang='lat' dir='ltr'><strong>etc.</strong></span> 
     </span>
    </p>
   </div>
   <div class='ocr_carea' id='block_1_126' title="bbox 1782 5532 3384 5672">
    <p class='ocr_par' dir='ltr' id='par_1_126' title="bbox 1782 5532 3384 5672">
     <span class='ocr_line' id='line_1_126' title="bbox 1825 5532 2073 5585; baseline 0.008 -3"><span class='ocrx_word' id='word_1_945' title='bbox 1825 5532 1902 5585; x_wconf 64' lang='lat' dir='ltr'><strong>ni:</strong></span> <span class='ocrx_word' id='word_1_946' title='bbox 1965 5539 2073 5585; x_wconf 89' lang='lat' dir='ltr'><strong>etc.</strong></span> 
     </span>
     <span class='ocr_line' id='line_1_127' title="bbox 1782 5532 3384 5672; baseline 0.001 -15"><span class='ocrx_word' id='word_1_947' title='bbox 1782 5532 1820 5601; x_wconf 63' lang='lat' dir='ltr'><strong><em>ﬁ</em></strong></span> <span class='ocrx_word' id='word_1_948' title='bbox 1851 5612 1879 5638; x_wconf 79' lang='grc' dir='ltr'><strong>η</strong></span> <span class='ocrx_word' id='word_1_949' title='bbox 1909 5575 2171 5657; x_wconf 65' lang='grc' dir='ltr'><strong>ἇοηεειιδιι</strong></span> <span class='ocrx_word' id='word_1_950' title='bbox 2217 5602 2434 5670; x_wconf 87' lang='lat' dir='ltr'><strong>probata</strong></span> <span class='ocrx_word' id='word_1_951' title='bbox 2474 5600 2810 5672; x_wconf 86' lang='lat' dir='ltr'><strong>sapientium.</strong></span> <span class='ocrx_word' id='word_1_952' title='bbox 2864 5597 3229 5657; x_wconf 86' lang='lat' dir='ltr'><strong>Corbeienses</strong></span> <span class='ocrx_word' id='word_1_953' title='bbox 3269 5620 3384 5659; x_wconf 90' lang='lat' dir='ltr'><strong>ma-</strong></span> 
     </span>
    </p>
   </div>
   <div class='ocr_carea' id='block_1_127' title="bbox 1784 5671 3383 5746">
    <p class='ocr_par' dir='ltr' id='par_1_127' title="bbox 1784 5671 3383 5746">
     <span class='ocr_line' id='line_1_128' title="bbox 1784 5671 3383 5746; baseline -0.005 -18"><span class='ocrx_word' id='word_1_954' title='bbox 1784 5675 2042 5741; x_wconf 74' lang='lat' dir='ltr'><strong>nu~cripti</strong></span> <span class='ocrx_word' id='word_1_955' title='bbox 2077 5674 2148 5727; x_wconf 81' lang='lat' dir='ltr'><strong>ita</strong></span> <span class='ocrx_word' id='word_1_956' title='bbox 2185 5674 2370 5745; x_wconf 89' lang='lat' dir='ltr'><strong>legunt</strong></span> <span class='ocrx_word' id='word_1_957' title='bbox 2403 5689 2417 5738; x_wconf 90' lang='lat'><strong>;</strong></span> <span class='ocrx_word' id='word_1_958' title='bbox 2452 5671 2543 5726; x_wconf 88' lang='lat' dir='ltr'><strong>alii</strong></span> <span class='ocrx_word' id='word_1_959' title='bbox 2574 5686 2697 5726; x_wconf 88' lang='lat' dir='ltr'><strong>cum</strong></span> <span class='ocrx_word' id='word_1_960' title='bbox 2724 5671 2909 5738; x_wconf 86' lang='lat' dir='ltr'><strong>editis,</strong></span> <span class='ocrx_word' id='word_1_961' title='bbox 2940 5673 3146 5743; x_wconf 86' lang='lat' dir='ltr'><strong>prolata</strong></span> <span class='ocrx_word' id='word_1_962' title='bbox 3173 5675 3383 5746; x_wconf 81' lang='lat' dir='ltr'><strong>sapien.</strong></span> 
     </span>
    </p>
   </div>
   <div class='ocr_carea' id='block_1_128' title="bbox 1782 5746 2235 5800">
    <p class='ocr_par' dir='ltr' id='par_1_128' title="bbox 1782 5746 2235 5800">
     <span class='ocr_line' id='line_1_129' title="bbox 1782 5746 2235 5800; baseline -0.002 -1"><span class='ocrx_word' id='word_1_963' title='bbox 1782 5746 1929 5799; x_wconf 89' lang='lat' dir='ltr'><strong>tium.</strong></span> <span class='ocrx_word' id='word_1_964' title='bbox 1965 5746 2235 5800; x_wconf 62' lang='lat' dir='ltr'><strong>Maurum.</strong></span> 
     </span>
    </p>
   </div>
  </div>
