3998 6324
602 272 742 332 lilii

1855 275 1915 334 s.
1950 264 2225 337 esseea
2264 264 2645 340 litenotivin
3860 291 3961 347 ηιξ

602 404 716 446 tum
744 390 1009 445 falsitates
1038 400 1309 446 emuntur
1332 398 1579 446 asserere
1602 394 1839 448 vanitate
1858 407 1918 448 ae
1944 396 2207 465 multipli-
2234 403 2281 462 Α
2312 398 2378 454 Ει
2422 399 2671 457 Salvator
2722 417 2738 455 :
2776 400 3031 457 Laboravi
3071 404 3310 458 clamans
3358 404 3573 475 (Psal.
3648 421 3864 473 vam,
3902 408 3953 462 i.

604 482 821 537 catione
844 480 950 553 [Αι.
977 481 1348 553 multitudine]
1382 496 1721 540 sermonum.
1758 486 1990 541 Econtra
2022 487 2205 553 Scrip-

603 586 723 631 tura
746 575 929 630 divina
959 575 1109 631 brevi
1154 576 1361 631 circulo
1407 587 1679 631 coarctata
1710 587 1823 643 est,
1862 589 1915 633 et
1942 590 2201 649 quantum

604 682 628 710 ιι
658 672 915 726 dilatatur
939 673 991 725 in
1024 673 1304 735 sensibus,
1334 681 1545 727 tantum
1574 676 1626 728 in
1659 688 1912 730 sermone
1940 677 2204 730 constrin-

604 769 767 839 gitur.
798 766 933 835 Quia
962 776 1397 823 consummatum
1433 769 1850 839 breviatumque
1892 784 2201 827 sermonem

603 863 732 917 fecit
758 862 902 916 Deus
931 874 1097 930 super
1123 869 1327 916 terram
1350 905 1364 930 ,
1390 871 1443 917 et
1464 862 1689 917 verbum
1713 863 1832 931 ejus
1853 863 2006 933 juxta
2035 871 2121 918 est
2150 865 2202 918 in

600 964 697 1009 ore
744 962 966 1018 nostro,
998 960 1055 1009 et
1090 953 1148 1007 in
1175 953 1344 1008 corde
1392 964 1582 1009 nostro
1614 955 1790 1025 (Rom.
1824 967 1857 1009 ι
1879 997 1892 1019 ,
1942 955 2005 1021 8;
2044 954 2200 1009 Dent.

604 1064 747 1112 xxx,
784 1048 895 1117 l4).
930 1048 1101 1102 Aliter
1148 1065 1159 1100 :
1206 1042 1489 1119 Frequens
1541 1049 1702 1103 lectio
1732 1088 1745 1112 ,
1786 1057 1843 1103 et
1886 1048 2197 1119 quotidiana

606 1144 886 1197 meditatio
913 1184 926 1205 ,
958 1144 1153 1197 animae
1175 1142 1316 1197 solet
1347 1143 1520 1212 magis
1553 1142 1706 1197 labor
1730 1156 1853 1198 esse
1878 1156 2045 1213 quam
2073 1157 2197 1197 car-

608 1236 712 1290 nis.
740 1236 1028 1304 Quomodo
1061 1236 1205 1290 enim
1255 1235 1514 1307 quidquid
1556 1250 1718 1291 manu
1748 1244 1801 1291 et
1831 1252 2061 1307 corpore
2110 1236 2199 1303 ﬁt,

608 1349 801 1388 manus
830 1341 884 1387 et
923 1332 1175 1403 corporis
1223 1331 1413 1387 labore
1456 1332 1767 1401 completur
1805 1349 1817 1385 :
1862 1332 1933 1386 ita
1961 1332 2104 1403 quod
2135 1330 2200 1386 ad

607 1430 903 1485 lectionem
936 1428 1213 1497 pertinet,
1243 1428 1417 1498 magis
1445 1428 1642 1482 mentis
1664 1434 1748 1482 est
1777 1424 1951 1481 labor.
1983 1426 2065 1481 Ex
2094 1440 2203 1497 quo

600 1512 739 1578 mihi
766 1521 1008 1585 videtur,
1035 1520 1319 1590 superiora
1362 1520 1430 1575 de
1452 1518 1793 1573 multitudine
1827 1518 2081 1573 librorum
2106 1518 2205 1573 ali¢

604 1623 689 1669 ter
717 1612 1041 1678 sentienda,
1084 1626 1245 1681 quam
1289 1611 1534 1681 plerique
1574 1612 1865 1666 aestimant.
1920 1610 2086 1665 Moris
2117 1618 2202 1664 est

605 1706 1008 1776 Scripturarum
1027 1747 1041 1771 ,
1072 1706 1317 1775 quamvis
1338 1706 1519 1774 plures
1544 1704 1735 1767 libros,
1764 1705 1807 1758 si
1840 1705 1979 1758 inter
2008 1719 2067 1758 se
2094 1718 2199 1757 non

2240 843 2256 853 κ
2306 774 2370 827 de
2413 777 2552 828 omni
2598 776 2899 831 abscondito
2928 819 2942 843 ,
2984 779 3087 832 sive
3130 780 3318 834 bonum
3349 824 3364 847 ,
3418 784 3551 839 sine
3608 784 3829 837 malum
3876 790 3933 837 sit.

2380 491 2529 547 Finis
2571 496 2818 550 sermonis
2853 496 2987 550 verbi
3027 498 3253 551 universi
3275 500 3473 553 auditu
3531 501 3848 571 perfacilis
3868 516 3945 555 est:

2309 586 2476 641 Deum
2507 590 2628 643 time
2647 633 2659 655 ,
2685 600 2731 644 et
2756 592 3001 644 mandata
3016 596 3126 664 ejus
3148 596 3375 647 custodi.
3410 594 3553 648 Hoc
3578 604 3675 649 est
3702 599 3848 649 enim
3872 616 3943 649 ea.
3964 586 3985 664 li

2307 682 2388 735 nis
2420 682 2602 749 homo,
2633 686 2754 754 quia
2776 702 2927 740 omne
2948 690 3141 757 factum
3166 686 3310 741 Deus
3332 689 3595 743 adducet
3628 690 3691 741 in
3704 682 3963 762 judicia;

3958 728 3973 901 ι

2306 868 2471 923 Aiunt
2503 870 2711 925 Hebraei
2741 886 2863 927 cum
2904 873 3044 927 inter
3070 886 3270 929 caetera
3332 878 3568 948 scripta
3632 878 3929 934 Salomonis

2307 976 2423 1031 qua:
2450 964 2721 1035 antiquata
2753 974 2914 1028 sunt,
2947 978 3049 1019 nec
3076 967 3129 1020 in
3155 970 3420 1023 memoria
3458 970 3843 1025 duraverunt
3864 1016 3873 1035 ,
3894 984 3926 1023 et
3960 940 3963 997 ἓ

2309 1054 2394 1109 hic
2416 1056 2551 1109 liber
2575 1057 2970 1113 oblitterandus
2988 1056 3013 1095 ά
3040 1060 3341 1125 videretur,
3365 1078 3433 1117 eo
3453 1065 3634 1133 quod
3665 1079 3836 1119 vanas
3856 1065 3923 1117 Dei

2305 1159 2575 1204 assereret
2602 1160 2881 1205 creaturas
2898 1193 2912 1217 ,
2935 1160 2991 1206 et
3006 1162 3177 1207 totum
3204 1164 3426 1223 putaret
3450 1170 3601 1212 esse
3628 1172 3739 1227 pro
3763 1156 3917 1221 nihilo,
3958 1224 3959 1227 η

2306 1253 2361 1296 et
2389 1243 2597 1308 cibum,
2643 1254 2698 1298 et
2736 1255 2963 1314 potum,
3016 1256 3064 1301 et
3109 1246 3337 1302 delicias
3392 1258 3782 1306 transeuntes
3812 1264 3916 1319 prs-

2308 1336 2470 1391 t'erret
2496 1337 2750 1392 omnibus
2778 1380 2792 1404 ,
2824 1352 2889 1392 ex
2924 1338 3028 1393 hoc
3059 1354 3166 1393 uno
3197 1342 3438 1410 capitulo
3491 1346 3794 1399 meruisse
3817 1359 3913 1397 auc-

2307 1430 2611 1497 toritatem,
2642 1440 2700 1484 ut
2729 1431 2781 1484 in
2811 1430 3119 1486 divinorum
3149 1432 3508 1490 Voluminum
3561 1452 3816 1492 numero
3841 1452 3911 1504 po-
3951 1422 3961 1525 Ι

2308 1533 2557 1590 neretur,
2578 1522 2721 1593 quod
2745 1531 2909 1578 totam
2932 1524 3357 1594 disputationem
3385 1542 3543 1583 suam
3562 1572 3576 1593 ,
3615 1539 3677 1584 et
3710 1544 3905 1583 omnem

2305 1615 2611 1684 catalogum
2644 1616 2743 1671 hac
2771 1618 2920 1686 quasi
2947 1618 3375 1691 ἀνακεφαλαιώσει
3416 1620 3907 1689 (recapitulationr)

2305 1710 2697 1775 coarctaverit,
2752 1717 2807 1762 et
2852 1708 3050 1763 dixerit
3098 1710 3260 1765 tinem
3304 1725 3617 1765 sermonum
3675 1727 3905 1767 suorum

600 1800 943 1868 discrepent,
980 1805 1038 1854 et
1070 1799 1138 1854 de
1168 1799 1357 1853 eadem
1402 1814 1462 1854 re
1487 1798 1793 1854 scribantur
1812 1841 1826 1865 ,
1855 1814 2021 1853 unum
2046 1800 2199 1853 volu-
2237 1796 2277 1855 Β
2306 1800 2490 1855 auditu
2522 1815 2645 1855 esse
2660 1801 3127 1869 promptissimum
3152 1842 3165 1865 ,
3191 1815 3283 1855 nec
3298 1801 3489 1870 aliquid
3522 1802 3578 1855 in
3604 1816 3673 1856 se
3694 1801 3907 1855 habere

605 1905 726 1945 men
749 1890 953 1945 dicere.
978 1888 1257 1960 Siquidem
1277 1891 1698 1961 etEvangelium
1724 1933 1738 1957 ,
1767 1899 1823 1945 et
1856 1889 1963 1944 Lex
1989 1888 2201 1943 Domini

601 1981 932 2035 immaculata
952 2024 966 2046 ,
995 1990 1290 2036 convertens
1334 1982 1534 2034 animos
1567 1980 1742 2051 (Psal.
1774 1997 1903 2036 xvm
1930 2024 1942 2045 ,
1977 1982 2058 2051 8),
2089 1984 2203 2036 sin-

603 2075 863 2145 gulariter
927 2075 1309 2145 appellantur,
1386 2089 1509 2128 cum
1558 2075 1713 2146 plura
1768 2074 2090 2145 Evangelia.
2148 2084 2205 2129 et

609 2170 776 2223 multa
809 2167 920 2222 sint
965 2168 1220 2221 mandata
1262 2168 1415 2238 tegis.
1448 2167 1536 2222 Sic
1568 2176 1621 2221 et
1660 2168 1913 2222 volumen
1948 2167 1999 2221 iu
2050 2166 2203 2222 Isaite

610 2278 867 2319 sermone
901 2262 1207 2334 signatum,
1240 2263 1420 2319 omnis
1446 2263 1727 2332 Scriptura
1747 2262 1929 2317 divina
1950 2262 2196 2332 est(lsai.

603 2356 790 2429 ηις),
842 2367 895 2413 et
939 2371 1049 2412 uno
1098 2359 1341 2428 capitulo
1374 2359 1531 2423 libri,
1567 2358 1817 2413 Ezechiel
1850 2360 2204 2427 Joannesque

603 2451 1137 2521 vescuntur(Ezedt.
1172 2468 1306 2517 vm;
1364 2453 1523 2523 Apoc.
1563 2450 1643 2522 x).
1689 2452 1945 2506 Salvator
1986 2465 2204 2521 quoque

602 2546 845 2600 onmium
874 2554 1024 2601 retro
1054 2556 1366 2601 sanctorum
1397 2548 1620 2601 vocibus
1645 2546 2005 2615 proiihetatus
2028 2586 2043 2612 ,
2077 2545 2151 2599 it
2184 2560 2199 2598 :

604 2638 668 2692 In
697 2639 923 2710 capitulo
945 2638 1063 2691 libri
1090 2638 1339 2707 scriptum
1367 2647 1439 2690 est
1471 2638 1534 2692 de
1559 2654 1635 2690 me
1659 2636 1831 2708 (Psal.
1860 2652 2027 2692 xuiv
2058 2677 2072 2702 ,
2118 2635 2197 2703 9).

600 2730 759 2783 Juxta
793 2731 938 2784 hunc
979 2729 1143 2799 igitur
1178 2743 1397 2783 sensum
1424 2727 1591 2801 ‘96
1624 2728 1865 2781 arbitror
1896 2741 2039 2781 nunc
2069 2741 2204 2796 prae-

602 2831 849 2890 ceptum,
887 2835 954 2875 ne
985 2822 1176 2891 plures
1220 2820 1342 2875 libri
1378 2820 1529 2875 ilant.
1562 2819 1828 2889 Quidquid
1860 2820 2006 2873 enim
2050 2818 2205 2872 dixe-

602 2917 708 2980 ris,
744 2916 786 2970 si
818 2916 883 2969 ad
911 2930 1034 2970 eum
1068 2916 1368 2982 referatur,
1399 2916 1492 2986 qui
1524 2915 1575 2969 in
1615 2913 1881 2985 principio
1908 2921 2029 2968 erat
2060 2911 2201 2982 apud

604 3006 774 3061 Deum
796 3050 809 3071 ,
843 3016 896 3060 et
928 3006 1067 3061 Deus
1096 3008 1331 3063 Verbum
1356 3007 1541 3080 (Joan.
1573 3022 1609 3073 I,
1638 3005 1716 3075 ﬁ),
1748 3019 1914 3059 unum
1940 3004 2191 3058 volumen

604 3113 689 3157 est
721 3121 731 3155 :
768 3108 824 3157 et
854 3103 1280 3158 innumerabiles
1308 3104 1431 3157 libri
1462 3117 1565 3156 una
1592 3103 1735 3170 Lex,
1758 3114 1923 3155 unum
1955 3099 2203 3170 Evange-

2307 1892 2568 1959 dillicile,
2604 1903 2663 1948 ut
2705 1893 2917 1949 scilicet
2962 1894 3131 1949 Deum
3176 1895 3489 1958 timeamus,
3522 1904 3581 1947 et
3610 1895 3747 1963 eius
3784 1909 3901 1964 prae-

2307 1997 2461 2054 cepta
2488 1985 2771 2039 faciamus.
2800 1985 2879 2039 Ad
2911 1986 3014 2040 hoc
3052 1988 3195 2041 enim
3221 1996 3403 2041 natum
3429 2000 3557 2040 esse
3588 1985 3895 2045 hominem,

2309 2090 2365 2132 ut
2389 2089 2690 2134 creatorem
2721 2094 2877 2132 suum
2908 2079 3251 2150 intelligens,
3303 2090 3607 2135 veneretur
3642 2095 3775 2135 eum
3803 2079 3889 2151 [ΑΙ.

2308 2170 2451 2242 tum]
2484 2180 2630 2225 metu
2661 2212 2675 2233 .
2706 2180 2761 2226 et
2791 2170 3000 2227 honore
3031 2214 3044 2235 ,
3088 2184 3141 2227 et
3170 2186 3338 2241 opere
3379 2173 3799 2228 mandatorum.
3827 2173 3891 2227 Si-

2307 2262 2522 2331 quidem
2561 2278 2684 2317 cum
2725 2264 2912 2333 judicii
2948 2274 3158 2333 tempus
3208 2266 3535 2329 advenerit,
3569 2266 3831 2338 quidquid
3866 2281 3885 2318 ι

2308 2354 2464 2409 nobis
2490 2365 2701 2425 gestum
2732 2366 2847 2419 est,
2882 2356 3207 2428 starem
3238 2358 3341 2412 sub
3366 2358 3595 2427 judice,
3628 2370 3687 2414 et
3720 2370 3742 2395 ε
3768 2358 3890 2411 anci-

2309 2449 2471 2518 pitem
2526 2449 2615 2503 diu
2672 2460 2990 2519 exspectare
3036 2453 3394 2517 sententiam,
3439 2461 3496 2507 et
3546 2468 3888 2523 unumquem-

2307 2560 2411 2612 que
2434 2546 2681 2614 recipere
2710 2559 2807 2614 pro
2838 2561 3003 2615 opere
3024 2560 3121 2599 suo
3149 2588 3163 2613 ,
3187 2547 3302 2601 sive
3324 2547 3457 2601 mali
3486 2548 3625 2617 quid
3657 2548 3883 2618 gesserit,

2308 2637 2422 2694 sive
2468 2638 2615 2693 boni.
2664 2638 2765 2693 Pro
2797 2652 2863 2693 eo
2906 2650 3087 2695 autem
3119 2640 3262 2709 quod
3322 2655 3425 2694 nos
3461 2642 3760 2709 posuimus
3790 2659 3802 2694 :
3829 2639 3885 2693 De

2307 2733 2445 2785 omni
2493 2732 2797 2785 abscondito
2824 2773 2837 2795 .
2869 2733 2974 2787 sive
3000 2733 3216 2797 bonum,
3251 2734 3360 2787 sive
3388 2735 3597 2788 malum
3627 2738 3725 2801 sit,
3759 2735 3885 2805 Sym-

2308 2825 2531 2879 machus
2574 2834 2629 2879 et
2668 2825 3022 2895 Septuaginta
3064 2825 3407 2893 interpretati
3463 2836 3632 2888 sunt,
3678 2828 3741 2882 tle
3776 2825 3886 2879 mi

2314 2916 2329 2954 ί
2365 2926 2658 2989 cont-empto
2690 2917 2805 2981 ,vel
2824 2927 2976 2973 certe
3001 2917 3064 2970 de
3093 2918 3233 2971 omni
3254 2919 3532 2989 ignorate,
3566 2918 3719 2989 quod
3750 2918 3885 2973 etiam

2306 3008 2372 3062 de
2395 3009 2572 3063 otioso
2602 3010 2767 3063 verbo
2792 3050 2807 3075 ,
2846 3018 2899 3063 et
2927 3024 3035 3063 non
3064 3010 3370 3076 voluntate,
3430 3010 3528 3063 sed
3570 3009 3891 3081 ignoratione

2307 3103 2520 3172 prolato
2542 3142 2557 3167 ,
2583 3101 2848 3158 reddituri
2878 3102 3046 3155 simus
3068 3102 3331 3157 rationem
3358 3102 3411 3156 in
3439 3102 3533 3157 die
3554 3103 3772 3173 judicti.
3796 3103 3889 3158 Ali-

601 3198 730 3252 limn
762 3196 1134 3250 nominantur.
1167 3198 1319 3265 Quod
1368 3198 1411 3251 si
1452 3198 1670 3251 diversa
1724 3206 1780 3251 et
1825 3196 2196 3263 discrepantia
2227 3193 2271 3256 C
2307 3207 2391 3251 ter
2425 3198 2598 3263 :Quia
2634 3197 2802 3251 timor
2829 3210 3113 3250 servorum
3141 3205 3225 3251 est
3250 3237 3263 3255 .
3298 3206 3351 3251 et
3397 3196 3653 3263 perlecta
3696 3197 3890 3251 dilectio

602 3290 1004 3356 disputaveris,
1054 3297 1109 3343 et
1146 3289 1463 3342 curiositate
1497 3288 1661 3343 nimia
1713 3288 1816 3343 huc
1859 3298 2020 3357 atque
2072 3288 2202 3342 illuc

602 3383 840 3435 animum
870 3380 1163 3435 adduxeris
1205 3381 1312 3451 [ΑΙ.
1355 3380 1694 3452 deduxeris],
1720 3380 1885 3434 etiam
1914 3380 1968 3435 in
2001 3395 2107 3433 uno
2137 3380 2203 3433 li-

603 3475 730 3534 bro.
766 3474 914 3527 multi
950 3473 1068 3528 libri
1100 3482 1245 3527 sunt.
1282 3472 1434 3528 Unde
1464 3474 1666 3527 dictum
1696 3482 1778 3527 est
1813 3490 1824 3526 :
1859 3471 1937 3527 E1:
1967 3471 2201 3526 multilo-

596 3565 717 3635 φάο
746 3580 847 3618 non
878 3564 1093 3635 e/fugies
1142 3574 1407 3636 peccatum
1457 3563 1641 3633 (Prov.
1688 3580 1719 3619 x
1749 3606 1762 3630 ,
1816 3563 1927 3635 19).
1979 3564 2198 3620 Talibus

596 3658 761 3725 igitur
791 3656 942 3710 libris
976 3672 1080 3709 non
1124 3668 1208 3711 est
1257 3658 1399 3711 ﬂuis.
1435 3656 1461 3695 ι)
1505 3657 1709 3711 llonum
1742 3660 1887 3712 enim
1920 3673 2109 3723 omne,
2146 3669 2201 3712 et

594 3749 798 3804 veritas
845 3759 996 3804 certe
1026 3749 1133 3805 line
1173 3751 1520 3806 concluditur
1567 3768 1579 3804 :
1614 3752 1821 3806 malitia
1854 3766 1986 3805 vero
2033 3762 2196 3821 atque

601 3840 942 3897 mendacium
969 3844 1087 3898 sine
1114 3844 1217 3898 line
1249 3854 1396 3898 sunt.
1425 3846 1487 3898 Et
1524 3854 1727 3914 quanto
1756 3845 1874 3916 plus
1906 3845 2197 3915 requirun-

600 3944 703 3997 tur,
732 3944 885 3990 tanto
919 3937 1095 4003 major
1119 3952 1308 3991 eorum
1339 3936 1510 3992 series
1542 3938 1805 3991 nascitur.
1840 3948 1860 3975 σ
1892 3936 2067 4007 Super
2096 3937 2197 3992 hac

598 4041 656 4081 re
685 4028 922 4082 studium
955 4037 1117 4099 atque
1156 4030 1467 4095 meditatio,
1506 4031 1657 4085 labor
1681 4040 1765 4085 est
1816 4030 2016 4085 carnis.
2064 4030 2196 4085 Car-

599 4121 714 4186 nis,
749 4122 965 4191 inquam
988 4161 1002 4185 ,
1037 4137 1142 4175 non
1171 4122 1414 4191 Spiritus.
1445 4121 1618 4176 liabet
1660 4121 1923 4192 siquidem
1959 4131 2014 4175 et
2036 4120 2198 4191 spiri-

599 4222 689 4268 tus
738 4214 982 4270 laborem
1014 4228 1204 4279 suum,
1232 4215 1384 4284 juxta
1414 4215 1544 4271 illud
1576 4214 1719 4285 quod
1751 4216 1825 4269 ait
1854 4213 2149 4284 Apostolus
2182 4234 2192 4268 :

600 4302 727 4358 Plus
778 4315 949 4360 autem
1015 4307 1120 4361 illis
1185 4307 1420 4361 cornibus
1490 4307 1718 4361 laboraui
1778 4324 1796 4361 ε
1853 4323 1955 4359 non
2024 4315 2198 4360 autem

596 4413 712 4466 ego,
744 4399 835 4451 sed
884 4401 1053 4469 gratia
1083 4398 1179 4453 Dei
1205 4417 1318 4472 qum
1355 4416 1552 4453 mecum
1580 4408 1653 4453 est
1705 4399 1725 4469 (
1757 4398 1772 4453 l
1799 4397 1919 4454 Cor.
1953 4412 2041 4462 xv,
2078 4398 2190 4469 10).

2303 3288 2451 3345 foras
2480 3290 2645 3344 mittit
2670 3290 2920 3343 timorem
2968 3288 3007 3358 (l
3033 3286 3120 3340 Jo.
3154 3304 3203 3342 iv
3228 3327 3243 3352 ,
3297 3288 3407 3356 18),
3454 3297 3509 3341 et
3538 3288 3597 3342 in
3634 3290 3887 3357 Scriptura

2303 3382 2479 3434 divina
2515 3390 2539 3426 Β
2570 3390 2676 3433 tant
2716 3379 3107 3448 incipientinm,
3137 3375 3302 3450 ‘98
3327 3393 3492 3448 quam
3539 3382 3886 3446 perlecturum

2302 3471 2499 3538 duplex
2544 3472 2845 3540 appellatus
2870 3481 2954 3525 est
2987 3481 3200 3525 metus:
3233 3486 3377 3525 nunc
3423 3471 3495 3523 de
3526 3483 3887 3526 consummato

2302 3564 2354 3618 in
2382 3564 2671 3617 virtutibus
2717 3574 2861 3617 metu
2889 3562 2995 3617 dici
3022 3573 3181 3630 puto,
3214 3562 3520 3616 secundum
3545 3563 3683 3617 illud
3712 3583 3723 3616 :
3758 3562 3882 3617 Iiiliil

2301 3656 2439 3709 deest
2486 3655 2779 3708 timentibus
2827 3672 2943 3709 eum
2986 3654 3106 3727 (Ps.
3142 3669 3355 3717 xum,
3412 3655 3522 3723 10).
3574 3656 3675 3710 Vcl
3723 3666 3882 3719 certe,

2303 3750 2430 3817 quia
2459 3746 2634 3801 adhuc
2660 3747 2820 3801 homo
2847 3757 2926 3801 est
2948 3788 2964 3812 ,
2986 3755 3042 3801 et
3070 3746 3299 3801 necdum
3325 3762 3526 3802 nomen
3560 3749 3660 3802 Dei
3683 3749 3882 3819 accepit.

2308 3843 2445 3895 hanc
2475 3841 2634 3894 habet
2667 3840 2931 3894 rationem
2955 3838 3274 3892 substantiae
3316 3854 3465 3905 suae,
3503 3852 3557 3893 ut
3596 3843 3649 3895 in
3681 3856 3881 3910 Corpore

2307 3935 2515 4005 positus
2562 3934 2729 3987 Deum
2779 3934 2983 3987 timeat.
3014 3932 3149 4001 Quia
3206 3948 3373 3987 omne
3427 3936 3674 4001 tactum,
3706 3936 3879 3997 idest,

2299 4044 2488 4081 omnes
2522 4027 2773 4081 homines
2803 4027 3034 4081 adducet
3058 4026 3205 4081 Deus
3228 4029 3278 4080 in
3298 4027 3570 4096 judicium
3596 4045 3758 4100 super
3782 4030 3881 4083 uni-

2302 4118 2504 4184 versis,
2535 4134 2654 4187 quae
2677 4116 2835 4172 aliter
2856 4134 3015 4188 quam
3035 4118 3100 4169 ab
3130 4133 3194 4171 eo
3210 4116 3473 4189 disposita
3500 4124 3698 4176 suntet
3732 4122 3876 4185 dicta,

2301 4221 2619 4279 senserunt,
2670 4214 2783 4267 sive
2828 4213 2877 4266 in
2906 4213 3043 4266 hanc
3076 4223 3320 4281 partem,
3345 4213 3461 4269 sive
3498 4213 3545 4269 iu
3594 4213 3759 4267 illam.
3810 4214 3882 4269 Vt:

2299 4308 2497 4377 quippe
2526 4307 2604 4360 his
2630 4345 2644 4369 .
2678 4308 2767 4377 qui
2798 4307 2976 4360 dicunt
3013 4304 3211 4359 malum
3242 4307 3458 4375 bonum,
3486 4315 3530 4361 et
3561 4308 3747 4360 bonum
3775 4324 3881 4362 ma-

2301 4399 2409 4451 lum
2441 4396 2598 4470 (Isai.
2634 4400 2699 4461 v',
2744 4397 2863 4465 20).

3954 3884 3959 3931 Γ

667 4540 693 4569 ιι
737 4530 995 4605 Dilatntnr
1034 4534 1375 4605 insensibus.
1432 4535 1790 4602 Manuscripta
1841 4533 2175 4605 exemplaria
2207 4534 2254 4593 D
2282 4538 2685 4598 auctoritatem,
2737 4536 2832 4590 sed
2882 4550 2949 4591 ex
3006 4537 3185 4605 primo
3214 4539 3424 4603 etiam,
3456 4547 3600 4593 νει-δ.
3629 4539 3694 4593 5:
3730 4539 3870 4604 Quia,

594 4604 1010 4674 quamplurima,
1037 4604 1286 4658 dilatatur
1313 4609 1365 4659 in
1392 4607 1675 4660 sententiis.
1714 4605 1863 4672 Apud
1892 4604 2179 4659 Tertullia-

600 4689 727 4728 uum
761 4675 827 4727 de
859 4674 1116 4729 Oratione
1144 4676 1420 4730 Dominica
1454 4678 1668 4741 dicitur,
1697 4678 1738 4731 si
1766 4676 1903 4731 bene
1933 4677 2178 4737 memini,

592 4756 839 4819 quantum
869 4747 1237 4818 constringitur
1260 4748 1425 4803 verbis
1445 4790 1460 4814 ,
1491 4758 1691 4801 ιιιιιιιιιη
1724 4745 2036 4815 diﬁ'mtditnr
2068 4764 2182 4801 sen-

596 4816 757 4873 sibus.
795 4816 1061 4873 Maurus.

669 4888 694 4927 δ
726 4890 898 4945 Penes
942 4890 1258 4957 Alcuinum,
1294 4889 1496 4946 Bonum
1526 4891 1684 4956 enim;
1713 4898 1757 4945 et
1798 4892 1963 4945 omnis
2004 4891 2188 4944 veritas

597 4969 734 5013 certo
760 5003 774 5025 ,
807 4971 913 5017 etc.

675 5043 695 5069 ε
739 5032 908 5104 Stiper
937 5034 1032 5086 hac
1060 5050 1135 5089 re.
1169 5033 1226 5088 ln
1259 5033 1419 5088 editis
1449 5045 1503 5087 et
1531 5033 1739 5103 aliquot
1780 5047 1939 5100 mss.,
1979 5032 2090 5087 Hac
2132 5034 2188 5087 in

592 5118 648 5156 re
679 5103 927 5171 studium,
963 5114 1069 5159 etc.
1129 5105 1396 5158 Maurum.

661 5172 687 5210 ἀ
723 5174 959 5241 Hujusce
1007 5176 1085 5229 rei
1118 5177 1424 5230 testimonia
1468 5174 1606 5243 apud
1636 5175 1854 5231 Iudaeos
1882 5177 2183 5244 scriptores

592 5249 840 5312 antiquos
868 5248 1112 5313 reperire
1140 5256 1241 5299 est.
1276 5246 1331 5299 lu
1373 5246 1510 5299 libro
1541 5245 1851 5302 Schahhatlt
1877 5288 1889 5308 ,
1926 5247 2184 5312 Qiuesive-

590 5324 711 5368 runt
735 5317 989 5381 sapientes
1016 5317 1328 5371 abscondere
1355 5316 1540 5370 libriin
1566 5316 1851 5385 Kolteleth,
1882 5321 2002 5383 quia
2033 5319 2182 5371 verba

592 5391 701 5449 eius
731 5403 783 5439 se
812 5389 1025 5441 invicem
1064 5396 1314 5441 el't’rllt‘tl.
1365 5388 1427 5441 Et
1468 5389 1521 5442 in
1557 5388 1826 5443 Midrascli
1878 5389 2177 5451 Kobeleth,

588 5457 729 5523 quod
757 5459 1039 5513 invenirent
1061 5460 1131 5513 ibi
1154 5460 1303 5512 verba
1330 5460 1639 5513 inclinantia
1671 5462 1739 5512 ad
1782 5462 2035 5513 hrcresint.
2070 5457 2177 5512 Ve-

594 5543 712 5587 rum
744 5544 851 5583 non
876 5546 939 5585 ea:
958 5529 1055 5585 hoc
1099 5547 1200 5584 uno
1230 5530 1460 5601 capitulo
1485 5542 1666 5603 postea
1693 5531 1890 5585 meruit
1913 5530 2054 5599 apud
2083 5538 2179 5585 eos

2289 4610 2570 4680 inquiunt,
2601 4608 2653 4660 in
2680 4608 2833 4661 initio
2861 4618 2905 4661 et
2938 4610 3041 4677 ﬁne
3069 4612 3203 4680 ejus,
3239 4613 3392 4663 verba
3425 4609 3581 4678 Legis
3605 4621 3871 4664 occurrant.

2364 4687 2385 4713 °
2430 4678 2660 4754 Legerat
2694 4680 2931 4743 Aleum,
2965 4689 3015 4733 et
3054 4678 3330 4752 ancipitem
3358 4681 3573 4735 Domini
3602 4693 3874 4754 exspectare

2291 4752 2619 4803 sententiam.

2367 4819 2386 4859 ί
2431 4823 2602 4875 Antea
2638 4822 2817 4874 minus
2844 4829 2995 4892 recte
3023 4822 3304 4877 obtinebat
3333 4832 3657 4892 contemptu.
3695 4823 3870 4877 Verte-

2292 4901 2421 4968 runt
2449 4904 2631 4968 autem
2660 4892 2918 4968 adjectivi
2952 4890 3121 4945 forma
3149 4893 3314 4968 LXX,
3346 4894 3397 4949 ἐν
3429 4890 3587 4950 πανὲί
3626 4916 3873 4968 «apamea-

2294 4965 2446 5035 μένῳ,
2476 4966 2526 5016 in
2571 4965 2709 5016 omni
2740 4978 2795 5015 re
2831 4978 2946 5037 quin
2986 4967 3332 5037 contemnitur
3363 4983 3377 5017 :
3407 4976 3464 5019 et
3493 4965 3871 5037 Symmachus.

2292 5040 2413 5157 πῗρὶ
2457 5037 2643 5097 παντὸς
2689 5036 3089 5108 παροραθὲντος.
3137 5034 3203 5089 de
3250 5037 3391 5089 omni
3425 5034 3567 5106 quod
3598 5038 3751 5106 fuerit
3799 5052 3875 5089 ne-

2295 5124 2326 5159 a
2353 5117 2541 5159 actum.

2295 5122 2519 5176 gtacmm
2530 5146 2541 5157 .

2360 5188 2383 5222 ις
2418 5176 2547 5229 Ταηι
2588 5177 2965 5245 insipientium,
3015 5188 3120 5231 etc.
3173 5177 3378 5232 Errore
3426 5179 3617 5246 inepto
3662 5188 3711 5232 et
3758 5178 3869 5232 insi-

2288 5248 2454 5315 pienti
2485 5248 2714 5315 positum
2742 5246 2969 5315 legimus
2998 5252 3047 5301 to
3081 5247 3295 5301 Erasm.
3331 5260 3384 5301 et
3420 5250 3655 5303 Marian.
3699 5249 3868 5304 editio-

2286 5335 2371 5385 ne,
2409 5329 2510 5371 tum
2532 5320 2887 5388 insipientium
2908 5336 3059 5384 quam
3084 5322 3431 5389 perfecturum
3466 5337 3486 5375 :
3517 5324 3673 5390 quasi
3697 5322 3763 5374 sil
3790 5323 3875 5373 aii-

2282 5392 2403 5457 quis
2435 5389 2593 5442 tiinor
2625 5391 2835 5442 divinus
2869 5392 2921 5444 in
2955 5391 3338 5456 insipientibus
3371 5433 3385 5452 ,
3432 5389 3551 5446 sive
3581 5394 3758 5459 impiis
3794 5392 3871 5443 bo-

2285 5461 2537 5527 miuibus,
2583 5475 2716 5529 qitos
2754 5461 3067 5531 insipientes
3108 5463 3348 5529 appellat
3389 5462 3678 5530 Scriptura
3716 5476 3870 5517 sacra.

3523 5534 3786 5593 Maurus.

2055 5767 2483 5800 *ὑ*-
