3998 6404
546 325 687 383 1119

1792 325 1851 381 S.
1896 324 2170 382 EUSEBH
2210 324 2598 383 HIEBONYMI

3744 328 3891 386 112:}

545 446 639 516 qui
665 444 968 516 ingreditur
992 453 1179 501 sancta
1202 453 1541 501 sanctorum.
1563 443 1768 500 Beatus
1795 444 1887 514 qui
1914 445 2139 500 sabbata
2168 447 2225 507 Α
2248 447 2506 502 exhiberet
2533 448 2631 502 sibi
2658 448 2937 522 gloriosam
2967 448 3284 516 Ecclesium,
3311 466 3423 503 non
3453 448 3744 504 habentem
3770 468 3893 503 nae-

540 538 868 601 sabbatizat,
908 538 1004 593 sed
1057 538 1267 593 beatior
1308 538 1404 610 qui
1447 538 1753 593 sabbatitat
1785 538 2144 593 sabbatorum

540 630 790 687 sabbata.
815 629 1015 685 Beatus
1044 630 1297 686 similiter
1324 640 1379 685 et
1404 630 1471 693 is,
1501 632 1593 700 qui
1624 630 1882 700 intelligit
1908 631 2148 697 cantica,

545 732 602 779 et
629 725 775 779 canit
801 738 887 777 ea.
926 721 1103 779 Nemo
1132 725 1331 794 quippe
1361 724 1463 778 nisi
1506 724 1559 778 in
1586 724 2030 780 solemnitatibus
2063 739 2153 779 ca-

546 814 626 870 nit
650 833 666 880 ;
692 815 786 871 sed
814 815 983 870 multo
1011 816 1219 872 beatior
1243 816 1338 871 ille
1359 817 1451 886 qui
1474 819 1619 871 canit
1645 816 1871 873 Cantica
1896 815 2152 871 Cantico-

547 922 690 963 rum.
725 907 797 963 Et
825 910 968 963 sicut
997 907 1045 962 is
1092 908 1182 976 qui
1216 908 1523 980 ingreditur
1558 910 1611 964 in
1648 918 1871 975 sancta,
1906 911 2155 980 pluribus

547 1000 726 1057 adhuc
742 1001 967 1072 indiget,
991 1002 1243 1057 utvaleat
1262 1004 1491 1057 introire
1509 1004 1562 1057 iu
1586 1013 1777 1057 saneta
1793 1014 2145 1060 sanctorum:

551 1105 607 1151 et
630 1096 719 1166 qui
743 1096 1029 1151 sabbatum
1052 1096 1318 1156 celebrat.
1342 1096 1487 1167 quod
1512 1112 1539 1149 a
1558 1097 1791 1151 Domino
1812 1098 2014 1167 p0pulo
2034 1113 2158 1152 con-

557 1188 809 1244 stitutum
842 1197 950 1255 est,
974 1190 1141 1243 multa
1165 1190 1327 1262 502
1354 1189 1533 1243 adhuc
1561 1192 1870 1245 necessaria
1904 1190 2068 1246 habet
2100 1200 2161 1245 ut

552 1290 680 1352 agat
700 1282 923 1338 sabbata
955 1284 1311 1339 sabbatorum
1346 1301 1359 1337 :
1392 1283 1588 1339 eodem
1622 1284 1786 1340 modo
1814 1284 2040 1341 difﬁcile
2068 1301 2159 1339 re-

558 1373 798 1444 peritur,
832 1375 927 1444 qui
978 1374 1159 1429 omnia
1206 1390 1329 1445 qua:
1371 1374 1424 1429 in
1473 1375 1769 1445 Scripturis
1810 1377 2161 1431 continentur

561 1475 587 1502 ³
640 1467 850 1521 cantica
904 1482 1223 1538 peragrans,
1264 1467 1447 1522 valeat
1486 1468 1785 1524 ascendere
1833 1469 1900 1522 ad
1940 1467 2162 1524 Cantica

557 1559 928 1616 Canticorum.
960 1561 1161 1631 Egredi
1193 1572 1244 1616 te
1264 1570 1480 1634 Oportet
1510 1578 1575 1618 ex
1600 1562 1865 1635 Egypto,
1897 1573 1954 1619 et
1974 1579 2161 1634 egres-

558 1668 678 1708 sum
705 1654 775 1709 de
804 1664 947 1710 terra
975 1653 1198 1725 Egypti
1240 1656 1577 1724 pertransire
1609 1672 1760 1712 mare
1792 1658 2035 1712 Rubrum
2055 1700 2070 1725 ,
2107 1667 2163 1713 ut

567 1746 744 1817 possis
781 1747 1015 1815 primum
1060 1747 1334 1801 canticum
1376 1762 1577 1803 canere
1616 1748 1841 1804 dicens:
1888 1750 2167 1806 Cantemus

2250 544 2449 607 culam,
2480 560 2643 611 neque
2666 559 2869 613 rugam,
2912 541 2931 580 ί
2960 552 3050 597 aut
3092 543 3296 613 aliquid
3321 559 3514 597 eorum
3542 560 3564 597 :
3592 545 3694 597 sed
3741 554 3788 597 ιιι
3816 560 3889 597 ex:

2252 646 2433 690 sancta
2472 646 2517 690 et
2555 637 2888 690 immaculata
2925 634 3138 707 (Ephes.
3187 652 3240 701 ν,
3273 635 3401 706 27).
3451 636 3567 691 Eos
3616 652 3759 693 vero
3788 654 3885 708 cp.

2254 743 2376 783 cum
2409 728 2517 784 sint
2540 728 2749 793 ﬁdeles,
2781 744 2888 782 non
2912 738 3037 781 sunt
3067 737 3245 783 tamen
3278 729 3610 785 istiusmodi
3639 774 3653 796 ,
3688 733 3893 802 quales
3942 724 3967 802 ζ

2255 835 2437 874 sermo
2484 812 2870 891 prmlatus'est
2898 862 2911 884 ,
2957 821 3053 875 sed
3087 821 3242 890 juxta
3286 823 3515 877 modum
3572 827 3897 894 quemdam

2256 914 2440 982 adepti
2481 912 2733 967 videntur
2777 914 3053 968 salutem:
3098 912 3480 968 animadverte
3511 915 3895 971 credentium
3966 902 3975 979 θ

2258 1008 2492 1072 animas,
2514 1018 2567 1061 et
2589 1006 3027 1061 adulescentulas
3047 1020 3171 1060 esse
3192 1020 3318 1060 cum
3346 1022 3555 1075 sponsa
3589 1024 3607 1071 ;
3634 1009 3899 1079 Angelos
3968 1022 3969 1025 ‘

2259 1114 2388 1153 vero
2416 1108 2470 1154 ct
2496 1114 2612 1165 eos,
2637 1100 2726 1170 qui
2753 1106 3121 1167 pervenerunt
3142 1099 3195 1152 in
3225 1100 3401 1154 virum
3427 1100 3773 1171 perfectum,
3800 1104 3903 1157 in-

2259 1193 2442 1261 telligc
2482 1194 2628 1247 viros
2666 1206 2788 1247 esse
2816 1207 2938 1246 cum
2970 1207 3192 1261 sponso.
3239 1191 3371 1248 lude
3403 1193 3573 1264 igitur
3627 1195 3769 1249 mihi
3803 1197 3901 1248 τί·
3970 1192 3995 1327 ι

2262 1283 2463 1327 dentur
2487 1294 2717 1327 mmtnnr
2740 1283 2981 1327 ordines-
3014 1298 3180 1327 unum
3229 1293 3283 1327 et
3316 1299 3484 1327 nnnm
3558 1284 3711 1327 dum:
3749 1284 3899 1327 ohn.

2262 1283 2463 1337 dentur
2487 1294 2717 1352 quatuor
2740 1283 2983 1348 ordines,
3014 1298 3181 1337 unum
3229 1293 3285 1339 et
3316 1299 3485 1338 unam
3509 1327 3525 1351 ,
3558 1284 3711 1340 duos
3749 1284 3899 1340 ch0—

2265 1391 2356 1431 ros
2390 1378 2533 1431 inter
2561 1392 2617 1431 se
2663 1377 3051 1443 concinentes,
3080 1390 3339 1446 sponsam
3379 1392 3585 1434 canere
3625 1394 3759 1435 cum
3792 1380 3887 1449 jn-

2268 1470 2545 1532 venculis,
2591 1483 2850 1539 sponsum
2880 1482 3076 1523 cauere
3102 1482 3223 1523 cum
3265 1469 3453 1523 sociis.
3498 1469 3730 1525 Etcum
3775 1474 3887 1524 hoc

2268 1560 2640 1627 intellexeris,
2670 1562 2794 1615 andi
2836 1560 3115 1615 Canticum
3160 1560 3540 1629 Canticorum,
3570 1573 3631 1618 et
3681 1564 3893 1620 festina

2270 1656 2582 1726 intelligere
2638 1655 2785 1722 illud,
2846 1664 3063 1710 etcum
3113 1668 3306 1724 sponsa
3357 1655 3543 1711 dicere
3596 1672 3696 1719 ea.
3756 1673 3897 1728 qua:
3986 1655 3989 1715 Ὗ

571 1837 828 1907 Domino,
858 1838 885 1876 δ
914 1839 1137 1911 gloriose
1178 1842 1315 1895 enim
1344 1840 1717 1910 honorificum:
1744 1852 1816 1897 est
1840 1843 2037 1916 (Exod.
2070 1860 2163 1911 xv,
2198 1838 2246 1898 B
2275 1857 2380 1901 tem
2423 1861 2530 1900 non
2576 1843 2816 1914 potueris
2854 1844 3043 1899 dicere
3074 1858 3197 1898 cum
3235 1857 3421 1913 sponsa
3452 1859 3575 1913 qua:
3606 1843 3800 1911 dixit,
3830 1854 3907 1898 ut

567 1932 643 2004 l).
691 1932 840 1988 Licet
886 1944 1066 1988 autem
1111 1936 1344 2004 primum
1403 1935 1609 1991 dixeris
1650 1938 1957 2006 canticum,
1991 1938 2171 1994 adhuc

570 2029 735 2101 longe
766 2045 827 2085 es
865 2045 893 2083 a
924 2028 1149 2086 Cantico
1188 2031 1564 2087 Canticorum.
1598 2032 1921 2088 Perambula
1963 2042 2167 2090 terram

569 2122 777 2177 deserti
799 2122 1184 2193 spiritualiter.
1218 2122 1393 2179 donec
1423 2124 1610 2179 venias
1634 2125 1701 2179 ad
1733 2136 1978 2195 puteum,
2010 2140 2170 2195 quem

570 2215 826 2273 foderunt
857 2231 1015 2287 reges
1058 2215 1248 2289 (Num.
1283 2218 1430 2288 ut),
1466 2226 1523 2272 ut
1554 2218 1625 2272 ibi
1660 2219 1960 2273 secundum
2001 2222 2175 2273 canti-

571 2322 693 2365 cum
716 2322 901 2364 canas.
932 2308 1061 2363 Post
1088 2308 1204 2364 haec
1224 2310 1347 2365 veni
1378 2312 1446 2363 ad
1466 2308 1642 2364 vicina
1666 2320 1870 2365 sancta:
1890 2309 2097 2375 Terrae,
2118 2318 2177 2368 ut

576 2418 740 2472 super
760 2403 1014 2459 Jordanis
1041 2403 1213 2471 ripam
1237 2403 1593 2467 constitutus,
1625 2413 1647 2443 ε
1676 2413 1867 2458 cantes
1897 2404 2175 2458 canticum

573 2494 767 2567 Moysi,
798 2496 1016 2552 dicens:
1043 2496 1283 2562 Attende,
1329 2496 1530 2560 uelum,
1574 2505 1621 2549 et
1658 2496 1864 2567 loquar,
1910 2506 1956 2551 et
1995 2496 2177 2549 audiat

577 2598 713 2645 terra
742 2594 893 2644 verba
916 2590 1021 2644 oris
1049 2590 1150 2643 mei
1181 2588 1361 2659 (Deut.
1396 2603 1583 2653 χχιιι,
1617 2588 1694 2659 1).
1737 2588 1973 2644 Rursum
2007 2589 2179 2645 babes

579 2685 973 2748 necessarium,
999 2692 1057 2737 ut
1077 2683 1279 2738 milites
1301 2683 1402 2738 sub
1429 2684 1581 2749 Jesu,
1601 2693 1656 2738 et
1679 2682 1907 2738 Terram
1932 2692 2177 2739 sanctam

584 2777 743 2848 503
782 2777 1099 2833 haereditate
1128 2776 1416 2847 possideas
1442 2818 1455 2840 ,
1498 2788 1555 2832 et
1586 2778 1704 2846 apis
1737 2777 1831 2831 tibi
1866 2777 2178 2847 prophetet,

586 2877 642 2923 et
691 2870 806 2937 apis
860 2880 913 2925 te
946 2868 1202 2939 judicet,
1260 2868 1496 2923 Debbora
1554 2871 1670 2939 apis
1718 2869 2117 2940 interpretatur
2168 2888 2181 2924 :

588 2969 644 3014 ut
690 2960 863 3029 possis
907 2970 963 3015 et
999 2961 1131 3015 illud
1180 2977 1429 3029 carmen,
1463 2963 1608 3031 quod
1658 2963 1713 3017 in
1751 2963 1887 3017 libro
1927 2963 2181 3018 Judicum

587 3053 899 3107 continetur
926 3051 1130 3122 (Judic.
1162 3053 1241 3124 v),
1267 3054 1533 3111 ediscere.
1565 3054 1645 3109 Ad
1678 3054 1995 3125 Regnorum
2028 3056 2185 3111 dein-

588 3162 720 3217 ceps
746 3146 998 3201 volumen
1028 3148 1330 3203 ascendens
1357 3148 1421 3219 (ll
1453 3147 1585 3222 Reg.
1615 3148 1773 3221 xxii),
1808 3150 1934 3204 veni
1965 3150 2031 3205 ad
2055 3165 2187 3205 can-

590 3240 782 3304 ticum,
830 3234 856 3273 ἀ
884 3237 1102 3308 quando
1139 3239 1306 3294 David
1339 3239 1605 3295 liberatus
1650 3250 1737 3296 est
1762 3241 1830 3296 dc
1864 3256 2026 3297 manu
2060 3258 2183 3297 om-
2214 3229 2259 3293 C
2291 3244 2550 3300 facturos.
2582 3243 2781 3299 Verum
2810 3242 2921 3313 jam
2962 3243 3076 3313 ipsa
3125 3241 3291 3295 verba
3338 3239 3589 3310 ponenda
3639 3250 3811 3307 sunt,
3850 3242 3907 3295 in

592 3333 740 3389 nium
764 3330 1106 3386 inimicorum
1130 3345 1382 3411 suorum,
1410 3342 1466 3386 et
1490 3332 1559 3387 de
1579 3348 1740 3387 manu
1757 3331 1908 3400 Saul,
1934 3344 1987 3389 et
2010 3333 2147 3389 dixit
2173 3352 2184 3388 :

597 3426 853 3481 Dominus
883 3426 1264 3495 ﬁrmamentum
1294 3440 1481 3491 meum,
1512 3434 1559 3479 et
1588 3426 1836 3496 fortitudo
1861 3443 1993 3492 mea,
2025 3436 2076 3481 et
2110 3444 2191 3482 re-

594 3520 795 3593 fugium
832 3534 1024 3582 meum,
1054 3527 1100 3571 et
1130 3516 1374 3571 liberator
1407 3532 1547 3570 meus
1579 3515 1699 3589 (Ps.
1728 3534 1858 3585 xvu,
1880 3519 1958 3587 l).
1994 3517 2195 3574 Perve-

597 3610 858 3668 niendum
896 3609 989 3664 tibi
1019 3618 1105 3663 est
1130 3608 1197 3662 ad
1225 3606 1442 3669 Isaiam,
1472 3616 1531 3661 ut
1554 3622 1676 3662 cum
1707 3608 1802 3663 illo
1830 3607 1984 3663 dicas
2018 3629 2031 3665 :
2061 3608 2195 3664 Can-

599 3703 720 3757 tabo
750 3702 1007 3757 canticum
1039 3700 1225 3755 dilecto
1250 3699 1408 3754 vinea:
1437 3715 1564 3755 mea:
1591 3698 1748 3772 (Isai.
1778 3717 1831 3769 v,
1871 3700 1949 3772 l).
1983 3701 2047 3756 Et
2073 3717 2194 3757 cum

600 3798 857 3852 universa
897 3794 1201 3861 transieris,
1241 3793 1307 3848 ad
1340 3794 1531 3849 altiora
1574 3795 1902 3862 conscende,
1936 3801 2198 3865 utpossis

600 3891 781 3946 anima
807 3889 1004 3945 decora
1030 3899 1052 3925 θ
1082 3904 1206 3945 cum
1236 3903 1438 3959 sponso
1466 3898 1521 3944 et
1550 3888 1657 3945 hoc
1685 3904 1885 3946 canere
1911 3889 2197 3945 Canticum

601 3990 974 4045 Canticorum.

674 4082 831 4150 Quod
878 4098 943 4139 ex
992 4092 1126 4153 quot
1161 4083 1413 4154 personis
1458 4090 1714 4149 constet,
1760 4083 2003 4139 incertus
2052 4100 2196 4140 sum.

611 4178 906 4234 Orantibus
942 4188 1121 4232 autem
1164 4178 1321 4232 vobis
1343 4218 1356 4241 ,
1381 4185 1437 4232 et
1469 4176 1745 4232 revclante
1772 4177 2025 4241 Domino,
2070 4194 2201 4249 qua-

605 4280 726 4327 tuor
756 4272 887 4327 mihi
920 4273 971 4326 in
1005 4272 1087 4327 liis
1116 4272 1306 4327 videor
1333 4271 1608 4327 invenisse
1633 4286 1914 4340 personas,
1940 4273 2115 4327 virum
2148 4282 2203 4329 et

609 4378 887 4432 sponsam,
919 4380 1040 4419 cum
1079 4380 1277 4435 sponsa
1322 4364 1782 4432 adolescentulas,
1825 4380 1948 4420 cum
1999 4381 2202 4434 sponso

611 4456 879 4511 sodalium
926 4473 1139 4529 greges.
1189 4459 1305 4514 Alia
1354 4459 1615 4514 dicuntur
1662 4473 1694 4513 a
1745 4472 1968 4528 sponsa,
2016 4460 2120 4514 alia
2173 4475 2200 4512 a

610 4563 816 4619 sponso
838 4590 852 4616 ,
883 4552 1140 4605 nonnulla
1168 4566 1196 4605 a
1222 4552 1561 4622 jnvenculis,
1586 4552 1834 4623 quaedam
1863 4568 1891 4606 a
1924 4552 2205 4607 sodalibus

2272 1767 2472 1822 sponsa
2498 1751 2648 1816 dicit,
2684 1760 2740 1805 ut
2770 1751 2960 1805 audias
2985 1764 3109 1821 qua:
3131 1749 3390 1805 audivitet
3418 1764 3657 1819 sponsa.
3690 1752 3761 1807 Si
3784 1767 3905 1806 au-
3984 1728 3993 1901 χ

2275 1857 2380 1901 tem
2423 1861 2530 1900 non
2576 1843 2816 1901 potueris
2854 1844 3043 1899 dicere
3074 1858 3197 1898 cum
3235 1857 3421 1901 Sponsa
3452 1859 3575 1901 qua:
3606 1843 3800 1901 dixit.
3830 1854 3907 1898 ut

2274 1940 2463 1995 audias
2503 1954 2589 2003 ea,
2634 1938 2797 2012 504
2834 1954 2955 2009 quae
2999 1938 3143 1993 dicta
3185 1948 3309 1992 sunt
3350 1952 3565 2007 sponsae
3594 1956 3611 1991 ι
3658 1938 3907 1994 festina

2275 2033 2358 2087 vel
2384 2048 2504 2086 cum
2532 2034 2718 2101 sponsi
2748 2030 3027 2084 sodalibus
3053 2030 3193 2083 tieri.
3227 2029 3398 2084 Porro
3428 2029 3473 2083 si
3500 2038 3557 2084 et
3589 2028 3715 2085 illis
3750 2030 3907 2086 infe—
3994 2074 3995 2093 η

2275 2126 2389 2181 rior
2420 2142 2498 2188 es,
2534 2135 2657 2179 esto
2683 2139 2805 2179 cum
2837 2122 3257 2178 adolescentulis
3289 2136 3412 2191 quae
3442 2122 3495 2175 in
3528 2136 3769 2191 sponsas
3796 2122 3901 2177 de-

2276 2217 2418 2271 liciis
2439 2224 2871 2271 commorantur.
2905 2214 3000 2269 llte
3023 2214 3225 2285 quippe
3253 2213 3307 2267 iu
3339 2214 3444 2267 hoc
3474 2223 3500 2260 ε
3525 2214 3678 2268 libro
3708 2214 3893 2268 fabula

2278 2314 2485 2382 pariter
2527 2320 2584 2365 et
2627 2309 2984 2379 epithalamio
3030 2316 3157 2363 sunt
3201 2322 3483 2377 personae,
3528 2321 3607 2363 ex
3657 2322 3776 2377 quo
3830 2316 3897 2362 et

2278 2405 2510 2476 gentiles
2537 2403 2640 2459 sibi
2669 2401 3077 2472 epithalamium
3104 2399 3489 2463 vendirarunt,
3516 2409 3573 2455 et
3603 2400 3773 2454 istius
3794 2413 3896 2469 ge-
3993 2434 3995 2485 ε

2281 2497 2427 2552 neris
2457 2510 2675 2551 carmen
2717 2503 3053 2563 assumptum
3092 2501 3199 2547 est.
3250 2491 3681 2563 Epithalamium
3715 2492 3899 2561 siqui-

2282 2588 2405 2643 dem
2432 2587 2715 2643 Cauticum
2732 2585 3084 2640 Canticorum
3106 2593 3210 2640 est.
3233 2582 3482 2638 Primum
3505 2596 3712 2652 Sponsa
3734 2592 3897 2640 orat:

2283 2690 2340 2738 et
2367 2682 2550 2736 statim
2581 2681 2633 2734 in
2656 2679 2851 2735 mediis
2880 2678 3138 2749 precibus
3170 2677 3388 2732 auditur
3414 2694 3427 2729 :
3457 2676 3614 2731 videt
3648 2689 3901 2745 presen-

2283 2694 2340 2738 et
2367 2694 2550 2736 statim
2581 2696 2633 2734 in
2656 2694 2851 2735 meuus
2880 2694 3138 2749 precibus
3170 2694 3388 2732 auditur
3414 2694 3427 2729 :
3457 2694 3614 2731 vruet
3648 2694 3901 2745 praesen-

2283 2781 2393 2828 tem
2441 2787 2743 2844 sponsum,
2788 2770 2935 2826 videt
2973 2770 3412 2826 adulescentulas
3461 2783 3564 2823 suo
3597 2769 3895 2824 comitatui
3988 2694 3996 2875 Κ

2285 2868 2584 2937 c0pulatas.
2608 2868 2812 2922 Deinde
2826 2865 3122 2936 respondet
3134 2866 3184 2921 ei
3203 2878 3458 2935 sponsus,
3483 2873 3541 2919 et
3557 2875 3685 2934 post
3702 2863 3901 2935 sponsi
3992 2863 3995 2881 ’

2288 2961 2506 3031 eloquia
2532 3003 2548 3028 ,
2605 2960 2734 3016 dum
2791 2961 2885 3016 ille
2940 2975 3041 3029 pro
3094 2959 3214 3029 ejus
3275 2959 3483 3027 patitur
3532 2959 3717 3014 salute
3745 3001 3761 3025 ,
3815 2975 3909 3015 re-
3984 2882 3996 3101 ἱ

2288 3058 2557 3101 ςηηηιιριιι
2580 3055 2821 3101 sodales-
2847 3055 3022 3101 donec
3042 3068 3279 3101 snnnsus
3300 3053 3373 3101 sit
3394 3053 3448 3101 in
3478 3053 3763 3101 recnhitn-
3790 3066 3847 3101 et
3876 3070 3905 3101 ει

2288 2961 2548 3031 eloquia,
2605 2960 2734 3016 dum
2791 2961 2885 3016 ille
2940 2975 3041 3029 pro
3094 2959 3214 3029 ejus
3275 2959 3483 3027 patitur
3532 2959 3761 3025 salute,
3815 2975 3909 3015 re-

2288 3058 2557 3129 spondent
2580 3055 2823 3121 sodales,
2847 3055 3022 3111 donec
3042 3068 3279 3125 Sponsus
3300 3053 3373 3108 sit
3394 3053 3449 3108 in
3478 3053 3765 3119 recubitu,
3790 3066 3847 3110 et
3876 3070 3906 3109 a

2290 3153 2544 3223 passione
2573 3158 2887 3221 consurgat,
2926 3164 2987 3205 se
3018 3148 3266 3220 quaedam
3309 3161 3528 3218 sponsa:
3554 3159 3901 3204 ornamenta
3986 3140 3987 3151 “

2292 3337 2488 3405 quibus
2517 3335 2665 3405 prius
2688 3349 2791 3387 vox
2824 3347 3040 3399 sponsa:
3071 3330 3421 3401 deprecantis
3450 3331 3695 3386 auditur.

2368 3426 2393 3465 ιι
2422 3427 2700 3482 Osculetur
2727 3442 2805 3480 me
2828 3425 2891 3479 ab
2920 3424 3114 3480 osculis
3149 3426 3253 3479 oris
3276 3424 3358 3478 sui
3382 3423 3559 3493 (Cant.
3586 3423 3729 3494 1,1).
3756 3425 3908 3494 Quo.

2297 3536 2415 3576 rum
2445 3521 2551 3576 iste
2576 3530 2661 3575 est
2692 3534 2885 3575 sensus
2916 3536 2928 3571 :
2958 3518 3251 3587 Quousque
3288 3518 3419 3572 mihi
3461 3532 3705 3588 sponsus
3747 3531 3906 3573 meus

2299 3612 2463 3667 mittit
2484 3612 2666 3667 oscula
2707 3627 2801 3679 per
2833 3611 3050 3683 Moysen
3076 3652 3089 3677 ,
3116 3610 3283 3665 mittit
3309 3612 3494 3665 oscula
3528 3627 3629 3682 per
3661 3612 3907 3682 praphc‘
3988 3610 3991 3683 ξ

2301 3717 2382 3761 tas
2407 3708 2430 3760 ἲ
2459 3708 2577 3761 Jam
2612 3706 2783 3775 ipsius
2812 3706 2979 3775 cupio
3006 3719 3101 3759 ora
3128 3706 3445 3775 contingere
3471 3745 3485 3769 ,
3517 3702 3638 3773 ipse
3678 3707 3867 3759 veniat
3889 3746 3901 3767 ,

2301 3801 2416 3869 ipse
2446 3798 2761 3855 descendat.
2786 3798 2918 3853 Orat
2945 3798 3110 3869 igitur
3135 3797 3320 3867 sponsi
3353 3795 3570 3851 Patrem
3595 3806 3651 3852 et
3678 3797 3816 3852 dicit
3838 3796 3906 3851 ad

2300 3906 2424 3946 eum
2463 3910 2476 3948 :
2508 3891 2786 3946 Osculetur
2812 3908 2893 3945 me
2920 3892 2983 3944 ab
3008 3890 3196 3945 osculis
3226 3890 3333 3943 oris
3362 3890 3467 3942 sui.
3513 3889 3582 3943 Et
3610 3889 3741 3960 quia
3776 3890 3905 3944 talis

2302 3995 2405 4052 est,
2436 3995 2493 4039 ut
2523 3986 2869 4053 compleatur
2896 3998 3057 4054 super
3092 3998 3211 4037 cam
3244 3981 3623 4052 propheticum
3659 3981 3817 4045 illud,
3852 3983 3902 4036 in
3994 3966 3995 4001 ἦ

2302 4093 2411 4148 quo
2441 4078 2641 4133 dicitur
2672 4096 2683 4131 :
2717 4078 2900 4131 Adhuc
2940 4087 2988 4131 te
3025 4077 3266 4147 loquente
3310 4075 3480 4128 dicunt
3507 4116 3521 4140 ,
3564 4090 3678 4128 ecce
3707 4073 3901 4127 adsunt
3994 4110 3995 4169 ι

2305 4171 2459 4246 (lsai.
2484 4188 2627 4237 LVIII,
2658 4171 2737 4242 9),
2770 4186 3025 4240 sponsam
3057 4169 3243 4239 sponsi
3270 4167 3432 4223 Pater
3453 4166 3693 4230 exaudit,
3724 4166 3901 4220 mittit

2302 4269 2498 4326 Filium
2542 4284 2722 4325 suum.
2756 4268 2960 4324 Videns
3009 4266 3100 4321 illa
3135 4280 3258 4319 cum
3299 4264 3457 4335 cujus
3494 4261 3907 4332 deprecnbatur

2305 4363 2595 4419 adventum
2613 4404 2629 4430 ,
2654 4377 2815 4418 orare
2839 4360 3055 4415 desistit
3079 4401 3093 4424 ,
3121 4369 3175 4414 et
3201 4358 3271 4413 ad
3301 4374 3427 4414 eum
3451 4356 3692 4413 cominus
3716 4356 3905 4424 loqui-

2306 4465 2394 4512 tur
2426 4474 2438 4509 :
2475 4457 2731 4521 Quoniam
2768 4454 2899 4508 bona
2922 4451 3079 4507 ubera
3117 4462 3209 4505 tua
3246 4468 3400 4523 super
3427 4450 3595 4504 vinum
3629 4464 3647 4501 :
3677 4456 3729 4502 et
3771 4448 3903 4501 odor

2307 4557 2683 4619 unguentorum
2724 4554 2927 4599 tuorum
2970 4559 3123 4613 super
3155 4543 3329 4597 omnia
3358 4551 3613 4596 aromata.
3645 4540 3901 4610 Sponsus

3989 3385 3993 3457 Α

3989 3541 3993 3649 l

3989 3689 3993 3793 ρ

608 4617 819 4710 sponsi.
851 4640 1161 4710 Congrunm
1186 4617 1384 4713 quippe
1406 4652 1493 4699 est
1512 4686 1526 4710 ,
1548 4617 1621 4699 ut
1649 4644 1702 4699 in
1735 4645 1941 4716 nuptiis
1986 4644 2203 4701 adoles-
2232 4617 2285 4676 Ῑ)
2312 4617 2472 4713 igitur
2493 4639 2744 4696 Christus
2768 4639 2968 4694 missus
2989 4653 3016 4690 a
3039 4636 3221 4701 Patre,
3251 4638 3398 4690 venit
3424 4643 3619 4689 unctus
3651 4633 3719 4688 ad
3743 4649 3901 4702 spon-

609 4733 953 4791 centularum
1002 4734 1073 4789 sit
1122 4735 1412 4790 multitudo
1465 4752 1589 4791 cum
1650 4752 1892 4808 sponsa,
1937 4738 2201 4807 juvenum

606 4832 765 4887 turba
810 4845 932 4886 cum
964 4846 1187 4901 sponso.
1217 4831 1343 4886 Haec
1381 4832 1565 4887 omnia
1594 4832 1706 4887 noli
1744 4831 1876 4888 foris
1912 4847 2162 4903 quaerere
2191 4852 2201 4886 :

608 4924 719 4980 noli
760 4935 915 4981 extra
959 4938 1053 4979 eos
1106 4924 1196 4995 qui
1246 4924 1636 4993 praedicatione
1686 4925 1966 4996 Evangelii
2009 4925 2205 4979 salvati

606 5028 753 5073 sunt.
784 5018 1062 5073 Christum
1087 5034 1347 5090 sponsum
1391 5018 1637 5089 intellige
1662 5036 1675 5073 :
1704 5018 2005 5074 Ecclesiam
2036 5033 2205 5088 spon-

610 5125 724 5166 sam
754 5110 871 5167 sine
901 5110 1111 5165 macula
1142 5119 1196 5165 et
1225 5125 1355 5181 ruga
1385 5152 1399 5178 ,
1435 5110 1503 5165 de
1538 5126 1644 5181 qua
1676 5111 1937 5181 scriptum
1971 5120 2057 5165 est
2092 5127 2104 5163 :
2140 5108 2209 5163 Ut

684 5280 709 5307 ιι
739 5269 839 5325 Ms.
874 5269 1114 5340 Regium,
1143 5268 1345 5323 cantica
1375 5283 1657 5339 peragens,
1687 5268 1877 5340 valeat,
1909 5276 2017 5322 etc.

680 5341 709 5379 ι)
755 5338 979 5397 Veteres
1010 5342 1209 5411 vulgati
1240 5382 1255 5407 ,
1280 5338 1513 5411 gloriose,
1538 5338 1897 5411 magniﬁcatus
1929 5348 2023 5392 est.

685 5422 708 5451 ε
752 5412 959 5469 Vitiose
985 5409 1295 5468 erat—canes;
1322 5412 1443 5467 Mox
1462 5410 1657 5483 Regia.
1679 5409 1830 5475 cod.,
1861 5409 2082 5463 Attende
2108 5426 2205 5463 cae-

609 5485 739 5555 lum,
769 5500 884 5551 qua:
910 5484 1090 5555 loquar
1104 5526 1117 5548 ,
1146 5494 1254 5540 etc.

682 5554 707 5594 ά
753 5556 947 5626 Regio.
974 5552 1077 5612 ins.
1110 5555 1319 5627 quando
1350 5554 1519 5627 Dauid
1557 5552 1690 5623 fugit
1718 5552 1782 5605 de
1814 5567 1993 5615 manu,
2027 5558 2136 5605 etc.
2164 5553 2207 5607 Α.

615 5642 725 5698 quo
758 5625 883 5683 mox
928 5625 1191 5693 abest,'et
1225 5625 1481 5700 fortitudo
1508 5640 1638 5678 mea.

688 5710 713 5738 ε
747 5701 845 5755 Ms.
877 5700 915 5755 S
944 5700 1170 5767 Crucis,
1208 5695 1326 5755 eum
1352 5713 1575 5765 sponsa,
1603 5704 1647 5750 et
1673 5695 1791 5760 hoc,
1823 5702 1931 5767 etc.
1982 5765 1991 5767 Α
2074 5748 2075 5751 η

694 5770 714 5842 i
746 5771 861 5825 Dno
885 5785 1018 5842 mss.
1041 5782 1130 5825 aut
1152 5765 1354 5842 aliquid
1377 5770 1500 5835 tale,
1525 5767 1616 5824 sed
1638 5776 1715 5834 ut,
1734 5775 1842 5823 etc.
1866 5765 2094 5822 Leviora
2113 5780 2213 5823 nos

617 5838 756 5893 Infra
788 5856 853 5895 ex
885 5841 1078 5895 iisdem
1112 5838 1460 5912 castigamus.

2311 4750 2448 4799 sam,
2484 4742 2537 4788 et
2560 4733 2758 4789 dicitur
2792 4730 2859 4785 ad
2899 4744 3023 4785 eum
3057 4746 3070 4781 :
3105 4728 3349 4783 Dilexisti
3374 4727 3653 4791 iustitiam,
3685 4724 3901 4780 etodisti

2306 4827 2654 4894 iniquitatem,
2694 4832 2963 4896 propterea
2997 4822 3148 4876 unxit
3177 4830 3224 4875 te
3260 4817 3425 4885 Deus,
3476 4818 3614 4872 Deus
3656 4827 3773 4871 tuus
3797 4818 3901 4871 oleo

2311 4918 2670 4973 exsultationis
2695 4960 2708 4985 ,
2737 4932 2845 4990 pra:
2876 4914 3213 4987 participibus
3242 4913 3343 4967 tuis
3378 4910 3497 4983 (Ps.
3540 4927 3670 4967 xuv
3695 4954 3710 4977 ,
3742 4910 3816 4979 8).

2313 5027 2402 5067 me
2433 5012 2674 5081 tetigerit
2694 5023 2949 5079 sponsus,
2979 5017 3033 5063 et
3055 5022 3158 5077 cgo
3186 5004 3315 5060 boni
3342 5004 3533 5059 odoris
3556 5020 3655 5059 ero
3683 5022 3696 5057 :
3727 5013 3783 5060 et
3810 5018 3902 5072 ego
3994 5032 3995 5039 η

2314 5105 2477 5160 linior
2504 5102 2818 5175 unguentis,
2851 5112 2904 5158 et
2928 5101 2998 5157 ad
3024 5117 3109 5155 me
3136 5116 3307 5171 usque
3332 5098 3450 5169 ejus
3478 5108 3761 5168 unguenta
3792 5112 3902 5167 per—

2387 5276 2413 5312 κ
2456 5265 2553 5320 His
2598 5277 2737 5329 pene
2776 5260 2959 5316 verbis
2989 5258 3184 5328 incipit
3224 5257 3483 5327 prologus
3527 5255 3804 5320 duarum,
3853 5266 3900 5329 ut
3994 5262 3995 5265 ‘

2314 5338 2476 5407 vulgo
2504 5328 2753 5399 audiunt,
2777 5332 3135 5407 humiliarnm
3168 5332 3220 5383 in
3250 5330 3567 5407 Canticum,
3596 5344 3739 5407 quas
3769 5328 3901 5407 Ruit-

2314 5400 2645 5463 ttttvaatine
2668 5416 2753 5460 est
2777 5404 3165 5468 interpretatus
3196 5418 3208 5453 :
3244 5400 3658 5469 Epithalamium
3679 5442 3694 5459 .
3722 5401 3898 5463 inquit.
3994 5400 3995 5407 “

2313 5478 2548 5538 libellus.
2573 5478 2629 5531 id
2654 5486 2728 5530 est
2750 5473 2979 5542 nuptiale
3007 5488 3213 5526 carmen
3245 5473 3297 5524 in
3328 5471 3541 5523 modum
3568 5472 3697 5525 mihi
3721 5471 3899 5524 videtur

2313 5550 2580 5605 Dramatis
2608 5566 2640 5601 a
2667 5544 2944 5602 Salomone
2965 5544 3304 5613 conscriptus,
3332 5558 3484 5613 quem
3524 5543 3720 5597 cecinit
3749 5544 3897 5596 instar

2316 5621 2553 5676 nubentis
2572 5634 2775 5687 spousre
2802 5628 2846 5671 et
2873 5632 2995 5687 erga
3026 5630 3474 5687 sponsumsuum,
3510 5623 3623 5687 etis.

2378 5691 2573 5757 .h,Cum
2596 5684 2816 5757 vulgato
2839 5684 3142 5755 Interprete
3158 5684 3350 5755 Regin.
3378 5699 3521 5740 ms.:
3543 5684 3825 5741 Osculetur
3839 5697 3901 5735 me

2318 5766 2521 5832 osculo,
2551 5763 2639 5818 hic
2667 5769 2831 5829 atque
2858 5757 3021 5813 intra.
