3998 6324
42 250 173 307 1121

432 247 996 313 INTERPRETATIO
1034 248 1273 310 HOMlL.
1315 245 1639 309 ORIGENIS
1678 245 1742 306 lN
1783 242 2131 307 CANTICUM
2171 243 2635 307 CANTICORUM.
2679 246 2861 309 ΗΟΜ.
2904 252 2947 309 Ι.

3194 222 3335 313 ttae

36 368 262 422 veniunt
294 367 399 441 [Αἰ.
432 370 805 442 pervenient].
850 378 909 426 ut
935 370 1139 440 possim
1178 384 1301 424 cum
1350 367 1632 438 Apostolis
1660 372 1712 429 Α
1739 366 1877 420 libro
1918 366 2181 434 scriptum
2210 372 2323 419 cst:
2359 364 2586 419 Sinistra
2626 368 2738 436 ejus
2772 368 2873 421 sub
2916 368 3077 438 capite
3121 384 3251 437 meo,
3285 382 3333 424 ct

8 458 221 535 l,diccrc
249 480 260 513 :
286 461 477 516 Christi
502 464 667 518 bonus
690 464 824 518 odor
843 479 1021 517 sumus
1038 463 1093 516 in
1114 461 1253 515 omni
1275 461 1389 515 loco
1411 458 1478 531 (ll
1501 458 1624 512 Cor.

10 567 97 619 ,u,
127 552 241 622 15).
292 554 401 610 Nos
431 565 613 611 autem
645 571 768 611 cum
800 555 915 612 haec
947 555 1235 618 audimus,
1271 552 1451 608 adhuc
1497 567 1629 622 pec-

8 644 194 725 gcatis,
228 646 487 715 vitiisque
514 648 791 715 fmtemus,
830 647 898 704 de
926 647 1125 717 quibus
1157 646 1422 716 propheta
1455 644 1632 715 paeni-

8 745 157 820 C:tens
188 739 462 810 loquitur:
496 741 823 797 Putruerunt
862 751 909 796 et
940 753 1197 813 corrupta:
1216 749 1334 795 sunt
1365 740 1631 794 cicatrices

8 818 164 891 intem
191 873 206 898 ,
238 850 272 887 a
298 835 432 904 facie
456 835 767 904 insipientias
795 834 955 907 505
988 850 1116 888 mete
1144 830 1274 903 (Ps.
1303 846 1511 894 xxxvn,
1548 828 1632 898 4).

10 923 328 993 ρΡεςοειιηη
380 926 568 983 odoris
611 937 697 983 est
740 928 917 997 putidi
969 926 1081 999 (At.
1125 923 1357 995 putridi]
1392 942 1405 977 :
1462 923 1636 977 virtus

14 1004 214 1087 epirat
242 1030 535 1089 unguenta,
566 1034 798 1090 quorum
831 1032 990 1089 typos
1019 1018 1073 1072 in
1101 1016 1294 1071 Exodo
1320 1015 1522 1085 relege.
1550 1013 1636 1068 ln-

8 1162 17 1181 ,η
38 1113 227 1166 venies
257 1108 364 1183 [ΑΙ.
398 1112 667 1184 reperies]
697 1113 897 1184 quippe
928 1121 985 1166 et
1016 1111 1087 1166 ibi
1117 1118 1331 1165 stacten
1355 1151 1371 1176 ,
1403 1106 1636 1179 onycha,

8 1194 329 1275 ,galbanen,
360 1215 416 1261 et
452 1206 686 1277 reliqua.
732 1215 759 1242 δ
793 1206 919 1260 llaec
961 1203 1183 1276 quidem
1224 1204 1279 1258 in
1326 1202 1633 1257 incensum.

8 1350 17 1381 ἶ
40 1298 249 1354 Deinde
263 1298 330 1354 ad
353 1315 491 1369 opus
511 1298 857 1369 unguentarii
875 1299 1022 1353 varia
1040 1304 1329 1352 sumuntur
1342 1303 1637 1365 unguenta,

35 1393 92 1449 in
116 1394 314 1465 quibus
335 1404 421 1450 est
448 1395 648 1450 nardus
676 1403 731 1449 et
756 1402 953 1449 stacte.
986 1393 1053 1447 Et
1080 1391 1228 1447 Deus
1252 1389 1345 1461 qui
1378 1388 1508 1444 fecit
1527 1401 1641 1441 cu:—

34 1486 148 1541 lum
198 1497 254 1542 et
297 1496 527 1552 terram,
579 1487 817 1556 loquitur
853 1484 921 1539 ad
965 1485 1211 1555 Moysen,
1253 1482 1444 1537 dicens
1477 1497 1491 1534 :
1530 1478 1640 1551 Ego

34 1580 245 1649 implevi
274 1597 359 1635 eos
394 1580 582 1652 spiritu
608 1578 878 1650 sapientia:
903 1586 952 1633 et
999 1576 1291 1631 intellectus
1315 1616 1330 1642 ,
1360 1583 1415 1627 ut
1448 1573 1641 1643 faciam

33 1689 191 1743 Opera
227 1674 355 1727 artis
400 1673 759 1745 unguentaria:
803 1671 1003 1744 (Exod.
1051 1686 1197 1726 xxxv
1230 1679 1277 1723 et
1310 1669 1520 1738 xxxvr).
1573 1667 1642 1722 Et

34 1766 431 1837 unguentarios
460 1766 604 1822 Deus
636 1765 815 1820 docet.

110 1864 238 1917 llaec
280 1862 324 1917 si
357 1861 713 1932 spiritualiter
744 1875 851 1915 non
897 1858 1293 1929 intelligantur,
1347 1869 1534 1910 nonne
1565 1852 1643 1907 la-

33 1956 178 2011 bulat
202 1956 375 2011 sunt?
405 1953 432 1993 ι)
465 1954 579 2009 Nisi
600 1953 805 2023 aliquid
837 1952 1072 2007 habeant
1100 1949 1325 2016 secreti,
1355 1961 1537 2003 nonne
1562 1946 1644 1999 in-

32 2050 194 2119 digna
226 2056 354 2105 sunt
383 2047 528 2103 Deo?
566 2045 809 2102 Necesse
837 2054 926 2101 est
950 2045 1115 2115 igitur
1138 2057 1261 2098 eum
1282 2083 1296 2107 ,
1330 2041 1420 2111 qui
1454 2038 1642 2094 audire

37 2143 361 2212 Scripturas
389 2140 747 2211 spiritualiter
775 2137 959 2203 novit,
990 2146 1084 2191 aut
1109 2137 1198 2207 qui
1227 2145 1377 2191 certe
1406 2149 1514 2189 non
1547 2147 1644 2189 no-

33 2235 134 2302 vit,
169 2244 225 2289 et
258 2232 541 2289 desiderat
570 2247 765 2299 nosse,
795 2230 947 2286 omni
975 2230 1166 2285 labore
1195 2228 1551 2294 contendere,
1586 2235 1645 2281 ut

33 2344 148 2382 non
199 2326 355 2396 juxta
396 2341 621 2382 carnem
653 2334 710 2381 et
734 2325 1053 2395 sanguinem
1086 2332 1441 2380 conversetur
1468 2366 1481 2389 ,
1539 2335 1646 2392 quo

32 2422 215 2493 possit
244 2421 440 2492 dignus
458 2421 574 2476 ﬁeri
597 2419 963 2489 spiritualium
986 2425 1349 2484 secretorum,
1378 2426 1434 2471 et
1460 2425 1517 2471 ut
1554 2415 1644 2470 ali-

30 2514 161 2586 quid
192 2514 486 2570 audentius
512 2514 709 2579 dicam,
734 2511 1004 2580 spirituali
1031 2510 1289 2581 cupidine
1317 2510 1405 2565 vel
1434 2522 1640 2563 amore.

33 2607 322 2679 Siquidem
370 2615 455 2662 est
498 2616 553 2662 et
607 2605 907 2676 Spiritualis
950 2619 1104 2660 amor
1139 2616 1185 2658 ε.
1248 2604 1319 2659 Et
1371 2602 1643 2674 quomodo

33 2712 120 2758 est
170 2701 392 2774 quidam
433 2701 667 2756 carnalis
695 2700 882 2765 cibus,
936 2706 993 2754 et
1018 2698 1157 2753 alius
1210 2697 1552 2766 Spiritualis,
1587 2704 1644 2751 et

34 2794 140 2849 alia
173 2792 489 2865 c.Irnis'[Al.
519 2790 777 2863 carnalis]
811 2793 989 2862 potio,
1022 2791 1126 2845 alia
1159 2790 1421 2861 spiritus:
1452 2789 1532 2844 sic
1559 2796 1645 2845 est

37 2886 265 2957 quidam
298 2901 455 2940 amor
484 2885 720 2940 carnalis
745 2899 776 2937 a
805 2882 1002 2941 Satana
1028 2884 1283 2949 veniens,
1315 2881 1456 2937 alius
1487 2896 1642 2937 amor

36 2981 289 3050 spiritus,
321 2993 349 3032 a
379 2979 495 3034 Deo
538 2977 829 3033 exordium
874 2976 1103 3033 habens.
1159 2977 1229 3031 Et
1271 2991 1435 3032 nemo
1466 2984 1645 3047 potest

36 3071 257 3128 duobus
306 3070 585 3125 amoribus
611 3069 906 3140 possideri.
968 3068 1027 3124 Si
1056 3069 1239 3124 carnis
1296 3077 1507 3123 amator
1547 3083 1640 3133 cs,

1733 458 1944 512 dextera
1966 457 2112 511 illius
2134 454 2516 527 amplexabitur
2547 472 2625 508 me
2658 456 2838 527 (Cant.
2873 473 2933 522 tr,
2964 458 3037 529 ὑ).

1804 551 1983 621 Ergo:
2019 549 2298 605 Osculetur
2324 565 2405 603 me
2430 549 2494 603 ab
2523 549 2716 603 osculis
2746 551 2855 605 oris
2897 553 3000 605 sui.
3054 552 3219 609 Moris
3247 565 3332 612 est

1736 642 2164 712 Scripturarum,
2192 640 2574 711 imperativum
2607 641 2827 697 modum
2853 658 2953 713 pro
2975 648 3217 715 optativo
3242 663 3337 717 po-

1736 752 1888 805 nere,
1921 746 1979 791 ut
2006 735 2079 791 ibi
2106 752 2117 789 :
2155 732 2316 788 Pater
2348 744 2545 800 noster,
2575 735 2664 805 qui
2685 752 2738 789 es
2760 735 2814 789 in
2846 736 3017 804 caelis,
3046 740 3342 809 sanctiﬁce—

1739 836 1824 883 tur
1849 844 2034 882 nomen
2062 837 2228 892 tuum,
2263 842 2361 897 pro
2390 826 2595 881 utinam
2619 829 3005 896 sancti/icetur:
3031 839 3086 885 et
3104 847 3251 888 nunc
3283 835 3336 889 in

1740 918 2028 989 praesenti:
2088 917 2368 973 Osculetur
2414 935 2494 973 me
2522 918 2586 972 ab
2641 920 2833 975 osculis
2865 922 2971 976 oris
2998 923 3118 993 sui,
3154 940 3252 995 pro
3275 941 3343 982 eo

1740 1007 1884 1078 quod
1916 1018 2000 1063 est
2029 1049 2042 1074 ,
2085 1010 2283 1062 utinam
2311 1010 2587 1063 osculetur.
2644 1010 2848 1067 Deinde
2875 1014 3149 1085 conspicit
3176 1032 3343 1087 spon-

1741 1117 1891 1157 sum:
1922 1103 2070 1157 venit
2100 1102 2379 1159 delibutus
2426 1104 2740 1174 unguentis.
2764 1106 2874 1163 Nec
2902 1109 3059 1165 aliter
3077 1111 3145 1166 ad
3176 1126 3342 1184 spon-

1743 1212 1859 1254 sam
1884 1208 2102 1269 poterat
2147 1199 2373 1266 venire,
2436 1214 2537 1255 nec
2565 1198 2793 1256 decebat
2837 1202 2995 1259 aliter
3024 1204 3242 1262 Patrem
3272 1208 3342 1266 ad

1744 1292 1960 1362 nuptias
1996 1292 2190 1347 Filium
2214 1292 2514 1349 destinare.
2545 1293 2723 1349 Variis
2748 1311 2873 1351 eum
2916 1300 3069 1354 unxit
3094 1317 3343 1372 unguen-

1744 1386 1845 1455 tis,
1906 1386 2033 1441 fecit
2064 1387 2215 1442 illum
2261 1386 2560 1442 Christum:
2611 1390 2759 1445 venit
2811 1389 3041 1447 diversis
3082 1395 3344 1454 odoribus

1744 1479 1980 1548 spirans,
2005 1487 2060 1535 et
2087 1479 2259 1547 audit,
2317 1482 2437 1550 quia
2479 1480 2611 1535 bona
2652 1482 2808 1537 ubera
2837 1494 2925 1537 tua
2946 1502 3102 1557 super
3146 1488 3340 1545 vinum.

1745 1571 2002 1643 Congrue
2043 1588 2225 1630 sermo
2276 1574 2492 1632 divinus
2524 1586 2546 1613 ο
2580 1592 2741 1632 unam
2789 1580 3145 1652 eamdemque
3196 1600 3335 1652 rem,

1747 1680 1847 1736 pro
1880 1668 2124 1723 locorum
2149 1669 2432 1739 qualitate,
2461 1670 2698 1727 diversis
2728 1674 3006 1730 vocabulis
3038 1689 3335 1749 nuncupat.

1670 1780 1719 1840 B
1746 1760 1976 1827 Quando
2007 1762 2183 1818 hostia
2216 1762 2443 1819 offertur
2486 1765 2539 1819 in
2565 1764 2727 1836 Lege,
2779 1777 2831 1822 et
2862 1768 2980 1823 vult
3004 1770 3343 1830 intellectum

1747 1856 2065 1921 ostendere,
2090 1857 2467 1925 pectusculnm
2495 1859 2858 1928 separationis
2885 1859 3098 1917 aﬂatur.
3116 1863 3347 1933 Quando

1744 1963 1877 2005 vero
1935 1950 2207 2005 recumbit
2236 1951 2436 2020 aliquis
2485 1966 2607 2006 cum
2636 1953 2800 2020 Jesu,
2844 1963 2901 2009 et
2938 1954 3197 2013 sensuum
3227 1960 3346 2031 ejus

1743 2046 2128 2101 communione
2159 2043 2477 2116 perfruitur,
2512 2061 2617 2101 non
2645 2049 3021 2117 pectusculutn
3057 2062 3112 2106 ut
3143 2068 3332 2124 supra,

1745 2136 1842 2190 sed
1870 2145 2064 2207 pectus
2096 2136 2411 2207 alloquitur.
2437 2136 2609 2192 Porro
2638 2153 2758 2193 cum
2787 2155 2983 2211 sponsa
3011 2141 3253 2213 loquitur
3276 2146 3345 2201 ad

1750 2242 2016 2299 Sponsum
2042 2247 2055 2283 :
2089 2230 2210 2300 quia
2236 2230 2481 2300 nuptiale
2500 2246 2721 2287 carmen
2747 2232 3044 2303 inducitur,
3077 2254 3183 2293 non
3207 2256 3336 2311 pec-

1750 2322 2049 2389 tuscnlum,
2079 2331 2137 2376 nt
2168 2322 2221 2401 ip
2248 2322 2535 2391 sacriﬁcio,
2567 2339 2674 2378 non
2702 2334 2920 2396 pectus,
2969 2335 3029 2382 ut
3057 2328 3108 2383 in
3141 2331 3349 2389 Joanne

1746 2417 2049 2487 discipulo:
2108 2418 2204 2473 sed
2234 2417 2402 2473 ubera
2434 2419 2680 2474 nominat
2705 2459 2720 2483 ,
2751 2419 2973 2476 dicens:
3035 2422 3168 2489 Quia
3215 2426 3349 2483 bona

1745 2511 1905 2567 ubera
1959 2521 2047 2566 tua
2095 2527 2252 2580 super
2292 2512 2488 2566 riuum.
2540 2510 2890 2569 Communica
2923 2553 2937 2580 ,
2990 2526 3048 2569 ut
3099 2532 3298 2587 sponsa
3327 2564 3343 2588 ,

1745 2620 1868 2660 cum
1920 2603 2171 2660 sensibus
2201 2606 2409 2674 sponsi,
2458 2612 2514 2660 et
2540 2606 2721 2673 scies,
2776 2607 2903 2677 quia
2955 2608 3225 2666 inebriant
3267 2623 3350 2669 at-

1745 2712 1850 2767 que
1895 2697 2171 2753 laetilicant
2218 2697 2522 2753 istiusmodi
2574 2698 2862 2769 cogitatus.
2912 2701 3200 2768 Quomodo
3251 2721 3351 2760 au-

1746 2796 1858 2845 tem
1913 2789 2052 2845 calix
2096 2789 2314 2844 Domini
2341 2789 2600 2845 inebrians
2639 2789 2657 2828 τ
2694 2808 2943 2864 perquam
3000 2796 3229 2864 optimus
3275 2806 3350 2851 est

1747 2882 1921 2955 (Psal.
1972 2884 2144 2955 xxn):
2206 2885 2285 2939 sic
2316 2885 2481 2941 ubera
2528 2886 2713 2956 sponsi
2768 2888 2914 2942 omni
2968 2889 3193 2944 meliora
3220 2900 3349 2946 sunt

1746 2979 1871 3034 vino
1902 3020 1915 3041 ,
1977 2979 2113 3045 Quia
2160 2979 2295 3034 bona
2325 2980 2483 3033 ubera
2530 2988 2619 3033 tua
2647 2998 2804 3050 super
2838 2983 3033 3038 vinum.
3066 2984 3123 3038 In
3153 2984 3349 3041 mediis

1745 3073 2000 3143 precibus
2026 3072 2093 3127 ad
2123 3087 2383 3142 sponsum
2431 3073 2596 3129 verba
2638 3079 2939 3130 convertit:
2975 3074 3043 3129 Et
3074 3076 3206 3131 odor
3252 3094 3354 3132 un-

36 3180 289 3221 amorem
313 3164 539 3234 spiritus
567 3177 674 3218 non
718 3162 889 3233 capis.
916 3162 973 3218 Si
1004 3163 1186 3218 omnia
1211 3162 1515 3233 corporalia
1548 3161 1644 3217 (ιθ-
1671 3162 1717 3227 C
1747 3174 2054 3237 guentorum
2097 3175 2303 3220 tuorunt
2353 3183 2505 3238 super
2548 3168 2723 3222 omnia
2769 3178 3023 3223 aromata.
3076 3169 3193 3226 Non
3217 3186 3349 3239 uno,

35 3259 269 3330 spexisti
307 3299 323 3324 ,
378 3271 485 3313 non
538 3256 664 3312 dico
704 3271 927 3311 carnem
976 3267 1072 3311 aut
1129 3256 1493 3327 sanguinem,
1549 3255 1646 3311 sed

36 3362 94 3408 et
143 3360 433 3422 argentum
483 3357 541 3405 et
593 3350 1009 3420 possessiones,
1070 3358 1126 3404 et
1173 3352 1345 3420 ipsam
1407 3360 1646 3414 terram,

37 3446 343 3517 ipsumque
370 3443 571 3499 caelum
602 3444 745 3517 (haec
770 3443 968 3513 quippe
992 3443 1451 3514 pertransibunt),
1480 3443 1525 3495 si
1550 3443 1651 3496 ista

38 3539 232 3594 omnia
260 3538 671 3607 contempsisti,
699 3547 754 3593 et
781 3537 848 3592 ad
872 3537 1080 3593 nullum
1123 3537 1319 3593 horum
1348 3539 1529 3591 anima
1562 3545 1648 3591 tua

42 3631 287 3702 obligata
314 3639 420 3699 est,
452 3647 627 3701 neque
649 3648 920 3703 quoquam
944 3633 1204 3687 vitiorum
1227 3646 1417 3687 amore
1448 3632 1651 3687 retine-

42 3726 122 3781 ris
152 3768 167 3793 ,
220 3736 379 3797 potes
427 3740 670 3783 amorem
705 3740 899 3796 capere
928 3726 1287 3798 spiritualem.
1322 3722 1349 3763 ά
1392 3726 1496 3781 Ista
1528 3725 1652 3797 quia

43 3822 230 3878 evenit
262 3821 503 3889 oceasio,
532 3830 592 3876 ut
618 3820 687 3878 de
714 3836 904 3877 amore
934 3821 1207 3892 spirituali
1232 3821 1410 3892 aliqua
1437 3820 1653 3877 dicere-

44 3932 189 3971 mus.
219 3915 460 3987 Expedit
489 3925 667 3973 autem
692 3917 850 3972 nobis
874 3916 1187 3972 Salomonis
1210 3916 1489 3971 custodire
1510 3931 1655 3986 prac-

46 4020 273 4082 ceptum
297 4052 314 4077 ,
346 4020 402 4066 et
443 4012 618 4082 magis
646 4011 816 4077 illius,
847 4010 935 4079 qui
962 4024 1060 4080 per
1083 4012 1431 4067 Salomonem
1466 4010 1657 4080 loque-

47 4106 214 4162 batur
245 4106 318 4161 de
348 4105 639 4175 sapientia,
660 4105 733 4160 ita
761 4104 987 4159 dicens:
1016 4105 1147 4159 Ama
1165 4106 1336 4170 illaut,
1360 4116 1406 4159 et
1436 4105 1656 4160 servabit

49 4210 130 4254 te:
164 4198 436 4255 circumda
456 4199 625 4265 illam,
654 4206 704 4251 et
727 4196 975 4251 exaltabit
1003 4205 1086 4249 te:
1115 4196 1319 4250 honora
1339 4196 1509 4262 illam,
1529 4207 1581 4249 ut
1612 4206 1659 4251 te

47 4292 401 4364 amplectatur
430 4290 542 4363 [Λι.
572 4285 929 4360 amplectetur]
957 4284 1141 4357 (Prov.
1175 4302 1249 4351 ιν,
1270 4288 1349 4352 8).
1376 4288 1539 4359 506
1562 4288 1659 4342 Est

46 4384 279 4454 quidam
321 4380 627 4451 Spiritualis
650 4378 985 4448 amplexus:
1018 4386 1181 4445 atque
1205 4379 1411 4431 utinam
1439 4378 1656 4433 contin-

45 4486 165 4547 gat,
215 4482 279 4531 ut
300 4488 479 4529 meam
511 4485 785 4539 sponsam
816 4469 983 4524 altior
1012 4468 1201 4538 sponsi
1256 4469 1539 4540 amplexus
1568 4469 1652 4524 in-

1752 3260 1849 3316 sed
1874 3260 2126 3315 omnibus
2156 3274 2389 3330 sponsus
2414 3261 2561 3316 venit
2594 3270 2790 3317 unctus
2816 3264 3129 3334 unguentis.
3175 3265 3233 3323 Si
3257 3281 3355 3321 au-

1755 3362 1860 3407 tem
1890 3360 1945 3406 et
1973 3351 2040 3405 ad
2068 3367 2244 3405 meam
2271 3352 2509 3407 animam
2542 3354 2734 3409 factam
2771 3368 3031 3424 sponsam
3073 3371 3225 3412 suam
3258 3373 3354 3415 ve-

1754 3445 1875 3500 nire
1901 3444 2063 3517 507
2082 3445 2419 3515 dignabitur,
2449 3462 2609 3517 quam
2638 3456 2854 3517 oportet
2874 3463 3000 3503 esse
3031 3448 3350 3518 formosam,

1756 3548 1816 3593 ut
1838 3539 1992 3594 illum
2021 3541 2089 3594 de
2119 3541 2259 3597 coalo
2293 3540 2359 3595 ad
2393 3555 2452 3597 se
2483 3540 2684 3606 trahat,
2728 3551 2785 3595 ut
2806 3542 3144 3598 descendere
3192 3543 3356 3600 faciat

1755 3632 1820 3685 ad
1847 3640 2042 3698 terras,
2068 3642 2127 3687 ut
2153 3632 2336 3688 veniat
2359 3633 2425 3687 ad
2452 3645 2689 3689 amatam
2713 3635 2726 3689 ι
2763 3633 2918 3700 Quali
2947 3634 3357 3703 pulchritudine

1755 3721 2066 3778 decoranda
2100 3732 2215 3791 est,
2244 3723 2389 3793 quali
2413 3723 2580 3779 debet
2603 3738 2790 3779 amore
2820 3724 3068 3793 fervere,
3101 3738 3160 3782 ut
3183 3744 3244 3784 ea
3277 3728 3360 3785 lo-

1756 3828 1954 3887 quatur
1983 3817 2047 3871 ad
2081 3816 2250 3879 illam,
2273 3832 2392 3887 qua:
2418 3817 2485 3871 ad
2517 3819 2813 3887 perfectam
2845 3820 3062 3876 locutus
3083 3833 3167 3877 est
3190 3838 3360 3893 spon-

1754 3926 1869 3966 sum
1893 3929 1905 3964 :
1934 3911 2069 3977 Quia
2101 3911 2273 3965 cervis.
2299 3921 2405 3979 tua,
2430 3911 2552 3981 quia
2588 3911 2727 3965 oculi
2756 3912 2866 3976 tui,
2895 3913 3019 3983 quia
3043 3929 3188 3985 gena:
3226 3924 3349 3986 tute,

1756 4005 1880 4076 quia
1902 4019 2085 4056 manus
2112 4014 2233 4068 tute,
2248 4003 2373 4072 quia
2398 4014 2570 4057 venter
2592 4014 2729 4064 tuus.
2753 4005 2874 4074 quia
2893 4006 3095 4058 humeri
3117 4007 3213 4076 tui,
3234 4009 3359 4079 quia

1760 4097 1913 4165 pedes
1942 4095 2017 4147 tui
2041 4094 2213 4166 (Cant.
2249 4110 2301 4148 tv
2320 4106 2366 4149 et
2386 4097 2587 4167 seqq.)!
2620 4096 2688 4152 de
2708 4097 2932 4167 quibus,
2958 4099 3001 4151 si
3026 4102 3363 4157 concesserit

1764 4190 2040 4253 Dominus,
2086 4188 2513 4259 disputabimus:
2567 4189 2842 4261 quomodo
2868 4205 3082 4261 sponsae
3118 4195 3361 4251 membra

1758 4284 2061 4349 varientur,
2078 4292 2131 4336 et
2152 4282 2487 4353 singularum
2509 4284 2737 4353 partium
2758 4282 2877 4337 laus
2895 4284 3108 4341 diversa
3122 4286 3358 4360 dicatur,

1761 4385 1819 4432 ut
1844 4384 1967 4447 post
1985 4375 2426 4447 disputationem,
2450 4376 2610 4429 etiam
2640 4374 2707 4429 ad
2734 4382 2975 4431 nostram
2999 4377 3104 4434 dici
3127 4380 3363 4439 animant

1760 4472 2012 4527 similiter
2028 4470 2359 4527 laboremus.
2376 4468 2522 4523 Bona
2542 4468 2706 4539 igitur
2721 4469 2876 4524 ubera
2889 4479 2975 4526 tua
2990 4490 3145 4546 super
3162 4476 3359 4533 vinum.

48 4569 266 4636 cludat,
296 4574 358 4622 ut
377 4580 479 4636 ego
508 4577 724 4635 quoque
756 4563 959 4633 possim
979 4562 1182 4631 dicere,
1206 4562 1354 4635 quod
1386 4564 1440 4619 in
1463 4563 1657 4620 eodem
1684 4556 1738 4617 D
1766 4563 1824 4621 Si
1852 4562 2055 4618 videris
2085 4576 2372 4633 sponsum,
2401 4570 2531 4617 tunc
2556 4560 2833 4635 intelliges
2855 4580 3045 4623 verum
3069 4583 3192 4625 esse
3217 4573 3365 4641 quod

127 4802 153 4829 ἰ
193 4788 351 4844 Idem
402 4782 597 4855 Regin.
657 4794 759 4836 ms.
789 4798 803 4836 :
839 4779 969 4836 Htec
1010 4778 1215 4851 quidem
1245 4777 1314 4833 ad
1361 4777 1618 4831 intensum
1644 4816 1659 4841 ,

54 4862 275 4927 deinde,
312 4868 418 4913 etc.

128 4934 157 4973 δ
189 4920 392 4988 lsihaac
419 4946 434 4983 :
466 4926 590 4982 Nisi
619 4923 823 4995 aliquid
865 4922 1306 4995 habeantsecreti
1326 4963 1341 4988 ,
1385 4935 1555 4975 nonne
1581 4920 1661 4973 in—

58 5007 223 5078 digna
245 5010 367 5078 sunt
395 5000 542 5078 pag?
563 4999 630 5078 in.
648 4993 842 5068 Regio.
872 5011 974 5049 ms.
1000 4993 1410 5078 desiderantur.

137 5065 160 5116 ἒ
194 5073 369 5132 Addit
391 5069 713 5129 S.Crucis..
736 5065 838 5123 ins.
866 5078 915 5120 et
942 5065 1194 5119 carnalis.

132 5146 159 5185 ἀ
187 5146 362 5201 Vetus
406 5143 606 5206 editio,
638 5141 740 5194 ista
764 5138 923 5193 locuti
946 5153 1145 5198 sumus,
1177 5138 1298 5205 quia
1322 5135 1487 5190 evenit
1517 5150 1667 5189 occa-

60 5223 142 5276 sio
174 5235 192 5273 :
217 5232 321 5287 pro
345 5215 544 5286 quibus
586 5212 783 5281 Regin.
813 5224 917 5263 ms.
956 5227 969 5263 :
996 5206 1181 5267 Itaque
1208 5209 1343 5287 venit
1366 5207 1590 5287 occasiq.

138 5302 162 5328 θ
194 5277 396 5344 Deerat
436 5301 617 5351 unam,
643 5277 803 5354 quam
836 5295 1020 5335 vocem
1052 5294 1183 5334 mss.
1210 5278 1517 5354 sufﬁciunt.
1552 5277 1667 5331 Huc

63 5376 235 5431 porro
269 5365 412 5431 sunt
430 5349 736 5431 referenda,
766 5354 933 5431 _l_ucis
963 5351 1275 5431 mutuandte
1313 5349 1505 5431 gratia,
1529 5364 1667 5431 “qua:

64 5421 118 5489 in
162 5431 336 5500 priori
400 5427 619 5500 homilia
653 5441 720 5481 ex
766 5425 871 5500 his,
924 5438 1063 5500 quas
1112 5438 1144 5477 e
1193 5422 1386 5500 Gr-._1*_co
1436 5421 1667 5500 Ruﬁnus

62 5492 256 5571 veriit,
287 5500 509 5557 disserit
530 5499 811 5571 Origenes
832 5498 900 5571 de
928 5492 1205 5569 ἡγεμονικῷ
1226 5538 1239 5560 ,
1276 5493 1327 5547 id
1380 5500 1500 5571 est,
1524 5492 1668 5571 prin-

65 5562 265 5645 cipale,
302 5572 446 5642 quod
479 5562 644 5625 variis
673 5570 728 5645 in
780 5562 1064 5645 Scriptura
1111 5562 1298 5645 sancta
1357 5562 1670 5645 nominibus

64 5634 333 5703 denotari
358 5644 456 5705 ait,
486 5653 541 5698 et
572 5642 733 5695 modo
756 5634 1013 5708 pectoris,
1046 5652 1109 5692 ac
1140 5637 1322 5702 sinus,
1348 5643 1407 5690 ut
1444 5651 1568 5690 cum
1601 5634 1673 5689 de

68 5721 290 5774 Joanne
318 5715 540 5778 dicitur,
572 5712 720 5781 quod
755 5725 921 5780 super
963 5720 1152 5779 pectus
1174 5708 1391 5763 Domini
1426 5708 1667 5781 inkctena

70 5787 349 5854 recubuit,
376 5795 433 5842 et
463 5778 625 5840 modo
651 5778 976 5852 pectusculi,
1002 5781 1119 5837 sive
1146 5780 1310 5849 armi,
1360 5780 1453 5851 qui
1475 5778 1671 5836 Sacer«

1765 4771 1984 4849 dotibus
2014 4778 2323 4849 separatur,
2355 4778 2417 4826 ut
2443 4771 2496 4849 inn
2520 4770 2788 4849 Levitico,
2826 4775 3062 4847 denique
3103 4780 3357 4849 uberum,

1768 4853 1830 4899 ut
1880 4844 1973 4923 hic
2000 4844 2076 4923 .in
2108 4842 2380 4923 Cantico,
2439 4840 2823 4923 Cor,_inquit,
2875 4840 3080 4923 tuumt
3107 4867 3137 4923 o
3178 4840 3371 4923 sponse

1765 4932 1927 4978 metas,
1956 4912 2011 4968 id
2039 4922 2114 4968 est
2144 4914 2406 4984 dogmata,
2442 4930 2560 4982 qua:
2586 4912 2721 4968 intra
2751 4924 2801 4970 te
2828 4926 2967 4978 sunt,
3002 4912 3081 4974 vel
3105 4912 3360 4981 doc'trina:

1766 4989 1934 5059 gratia
1956 4994 2166 5061 superat
2187 5000 2338 5061 omne
2365 4986 2563 5061 vinum,
2590 4987 2731 5061 quod
2746 5003 2833 5041 cor
2853 4988 3075 5061 nominis
3097 4992 3365 5061 ltetiﬁcare

1766 5056 1915 5115 solet.
1953 5058 2100 5111 Sicut
2126 5058 2262 5109 enim
2304 5056 2358 5110 in
2396 5058 2496 5120 Itis,
2526 5057 2590 5111 de
2616 5056 2799 5132 quibus
2839 5059 3001 5114 dicit:
3048 5064 3172 5132 quia
3197 5056 3364 5124 Deum

1766 5131 2028 5186 videbunt
2055 5168 2069 5189 ,
2118 5144 2208 5181 cor
2234 5138 2578 5202 competenter
2598 5128 2794 5182 dictant
2818 5146 2929 5184 esse
2960 5128 3193 5202 videtur;
3214 5146 3263 5190 et
3286 5139 3369 5193 in-

1774 5213 1851 5277 ter
1897 5202 2270 5277 discumbentes
2314 5200 2459 5277 sinus
2508 5216 2571 5253 ac
2606 5211 2791 5277 pectus
2818 5203 3027 5277 ponitur
3055 5200 3369 5277 pro'habitu

1773 5274 1885 5328 sine
1911 5272 2068 5325 dubio
2099 5271 2554 5337 discumbentium,
2589 5275 2860 5342 formaque
2883 5271 3099 5330 convivii
3123 5293 3143 5331 :
3172 5290 3222 5333 et
3252 5298 3370 5336 rur-

1773 5362 1908 5409 sttm,
1958 5354 2012 5396 ut
2035 5341 2178 5413 apud
2223 5341 2968 5414 Sacerdotes,pectusculum,
3014 5358 3062 5401 et
3099 5348 3368 5414 brachium

1775 5416 2007 5488 mysticis
2035 5410 2337 5541 designatur
2358 5410 2613 5487 eloquiis;
2642 5416 2715 5468 ita
2742 5417 2893 5469 etiam
2919 5417 3141 5474 arbitror
3162 5422 3215 5476 in
3236 5410 3373 5495 prte-

1775 5490 1908 5541 senti
1936 5487 2048 5540 loco
2099 5486 2118 5541 l
2165 5485 2425 5541 anticor.)
2458 5485 2544 5540 ubi
2578 5487 2865 5540 amantium
2896 5487 3099 5541 habitus
3126 5503 3174 5541 et
3203 5497 3371 5541 calln.

1773 5485 1908 5543 senti
1936 5487 2048 5540 loco
2099 5485 2425 5612 gCanticor.)
2455 5485 2544 5540 ubi
2578 5487 2865 5540 amantium
2896 5487 3099 5545 habitus
3126 5503 3174 5547 et
3203 5485 3371 5552 collo.

1773 5560 1894 5612 quia
1937 5559 2099 5612 deseri
2140 5568 2317 5612 untur.
2372 5558 2665 5612 aratissime
2703 5556 2801 5612 hoc
2840 5559 3011 5612 insum
3059 5562 3369 5612 Ριιίηρίηειιρ

1773 5556 2317 5638 quia__describuntnr,
2371 5556 2665 5629 gratissime
2703 5556 2801 5613 hoc
2840 5559 3011 5630 ipsum
3059 5562 3369 5638 Principale

1778 5630 1949 5686 cordis
1978 5630 2322 5702 appellatum.

1778 5775 1816 5829 ι.
1850 5702 1867 5740 τ
1900 5700 2258 5826 (Ξὶειῖξτοὶθηε.
2292 5702 2414 5759 sive
2435 5700 2710 5774 S.;Crucis
2734 5715 2866 5773 ms.,
2896 5720 3054 5778 super
3073 5709 3249 5766 omnia
3274 5727 3371 5786 ap-

1800 5790 1932 5829 mms
1959 5790 2008 5827 (8
2038 5815 2051 5828 .

1800 5790 1932 5829 unus
1959 5790 2051 5828 ρει.
