3998 6370
41 263 194 319 H29
455 263 1016 325 INTERPBETATIO
1053 270 1279 326 IIUMIL.
1322 271 1642 328 ORIGENIS
1688 271 1748 326 IN
1789 274 2140 337 CANTICUM
2180 281 2646 341 CANTICORUM.
2688 285 2869 344 HOM.
2923 292 3004 347 ll.
3251 301 3380 357 H50

8 371 79 424 lat
101 371 380 444 demergo
406 372 458 428 in
487 372 740 430 ﬂuctibus
766 376 1471 443 Pharaonem,etcristatos
1493 382 1636 451 ejus,
1671 391 1719 444 Α
1749 398 2090 455 nuncupatur
2121 389 2363 468 ὅρμισκος
2391 393 2628 464 (parvum
2679 401 2950 469 monile),
2987 402 3062 454 ita
3105 406 3218 461 sine
3271 411 3373 468 hoc

9 475 81 517 σει
116 482 454 524 ascensores
481 468 622 538 ejus,
669 482 722 525 et
755 487 924 540 equos
982 473 1135 543 ejus,
1183 484 1238 527 et
1285 489 1484 529 currus
1529 475 1648 544 ejus
1751 476 1945 536 decore
1969 493 2020 536 et
2047 491 2197 540 tuum
2227 487 2400 556 ipsum
2424 488 2622 543 collum
2646 502 2733 546 est
2762 468 3197 549 ornamentum.

5 583 7 586 ⁴
48 556 249 614 Exod.
282 561 415 631 ιη’),
436 564 1170 634 quantum,inquam,diﬂ'ert
1195 567 1473 635 equitatus
1497 583 1650 624 meus
1824 574 2082 634 Posthaac
2115 580 2174 635 lit
2198 595 2432 648 sponsus
2459 583 2513 636 in
2545 587 2831 648 recubitu,
2877 587 3156 656 requievit
3187 595 3364 663 utlco,

4 655 102 714 sub
143 657 307 727 equis
329 657 654 723 Pharaonis,
674 667 826 714 tanto
845 660 1044 715 melior
1061 675 1121 714 es
1141 662 1396 716 onmibus
1416 661 1650 729 ﬁliabus,
1755 673 1812 718 ut
1843 670 2056 724 catulus
2087 671 2266 727 leonis
2288 673 2616 729 obdormivit
2640 675 2809 745 (Gen.
2846 655 3003 740 sua,
3026 678 3103 747 9),
3139 690 3193 734 ut
3223 655 3371 739 dein;

13 763 91 800 LII
121 763 354 818 sponsa,
374 759 427 802 ιιι
451 748 835 806 Ecclesiastica
849 753 1056 820 anima,
1075 755 1330 809 omnibus
1344 755 1654 822 animabus,
1756 771 1882 826 ceps
1913 764 2083 829 possit
2105 765 2326 820 audire:
2353 766 2479 830 Quis
2506 769 2782 822 suscitabit
2811 785 2933 822 eum
2958 769 2984 822 ΞΡ
3009 767 3128 832 Quo
3151 771 3367 832 interim

4 855 169 910 quae
199 857 307 898 non
339 851 469 898 sunt
513 843 939 901 Ecclesiasticaa.
974 845 1143 917 Igitur
1190 848 1236 903 si
1267 847 1654 905 Ecclesiastica
1757 849 2338 926 dormienteapparcnt
2367 874 2580 928 sponsa:
2611 863 2806 930 sponsi
2837 859 3283 937 sodalesjAngeIl,
3313 879 3368 924 et

4 936 235 992 :anima
287 951 369 1003 es,
403 937 662 992 omnibus
689 939 973 994 animabus
1020 956 1081 996 es
1112 941 1307 997 melior
1338 959 1352 1008 ;
1383 943 1428 997 si
1459 958 1565 999 non
1594 957 1656 1000 es
1763 944 1846 1000 Itis
1873 963 1991 1002 eam
2021 952 2367 1006 sermonibus
2392 955 2774 1010 consolantur.
2811 955 2921 1010 Nos
2955 936 3245 1016 tibiaurea
3278 978 3368 1017 or-

4 1029 274 1096 .melior,
307 1044 414 1084 non
465 1045 526 1087 es
571 1031 983 1088 Ecclesiastica.
1010 1030 1285 1104 Equitatui
1321 1051 1430 1089 meo
1461 1035 1514 1089 in
1535 1051 1656 1124 cur:
1763 1054 2016 1099 namenta
2045 1044 2226 1102 facere
2255 1065 2363 1102 non
2389 1065 2719 1119 possumus:
2753 1053 2919 1124 516
2944 1072 3050 1109 non
3084 1059 3228 1112 enim
3254 1067 3361 1114 tam

4 1128 192 1185 tribus
251 1128 548 1187 Pharaonis
591 1134 877 1188 assimilavi
937 1143 987 1189 te
1018 1175 1031 1199 ,
1071 1137 1310 1206 proxima
1376 1154 1508 1191 mea.
1553 1111 1658 1193 De.-

4 1230 183 1287 inde
241 1232 702 1302 pulchritudinem
747 1250 961 1306 sponsa:
1011 1237 1279 1306 spirituali
1327 1253 1516 1294 amore
1563 1237 1656 1294 de-

27 1334 273 1389 scribit.

112 1434 284 1491 Genw
316 1444 419 1492 tua:
477 1448 530 1492 ut
579 1442 815 1494 turturis.
872 1441 1103 1497 Faciem
1149 1441 1295 1498 illius
1342 1443 1546 1507 laudat,
1602 1455 1658 1499 ct

21 1552 312 1608 genarum
337 1538 541 1593 rubore
561 1540 1294 1598 succenditur.PuIchritudo
1311 1545 1513 1614 quippe
1533 1560 1654 1600 mu-

22 1639 248 1696 Iierum
281 1641 335 1696 in
364 1642 522 1712 genis
545 1641 705 1714 515
724 1643 924 1698 dicitur
955 1659 1080 1700 esse
1107 1661 1269 1717 quam
1302 1646 1552 1718 plurima.
1579 1646 1656 1703 Ita

25 1760 89 1805 et
125 1749 244 1823 [ΑΙ.
278 1748 484 1821 itaque]
533 1764 634 1806 nos
668 1750 1129 1820 pulchritudinem
1161 1753 1356 1809 animae
1389 1755 1656 1825 intelliga-
1689 1783 1733 1843 Β
1763 1784 1828 1838 τί,

26 1866 173 1905 mus
200 1849 255 1906 in
286 1851 461 1922 genis.
488 1849 658 1907 Labia
679 1867 811 1908 vero
840 1852 959 1923 ejus
982 1863 1037 1908 et
1058 1853 1327 1925 linguam,
1345 1855 1658 1926 intelligen-

31 1953 182 2008 tiam
213 1962 237 1990 α
269 1953 651 2024 ριίειιίεειηιιε.
679 1953 884 2008 Collum
902 1963 1048 2010 tuum
1076 1965 1130 2009 ut
1161 1958 1372 2012 monile.
1402 1957 1655 2014 Utorna-

27 2063 325 2122 mentum,
371 2055 521 2126 quod
577 2055 716 2112 solet
769 2056 1036 2127 Virginum
1080 2057 1224 2113 collo
1279 2059 1544 2128 pendere,
1602 2070 1657 2116 et

1762 1135 1958 1191 divites
1986 1153 2194 1203 sumus,
2229 1150 2283 1194 ut
2308 1156 2540 1210 sponsus
2571 1153 2716 1209 tuus,
2751 1147 2843 1213 qui
2875 1163 3101 1205 aureum
3131 1151 3226 1208 tibi
3259 1169 3368 1205 mo-

1763 1228 1873 1284 nile
1896 1229 2176 1300 largiatur.
2200 1230 2310 1285 Nos
2330 1231 2748 1290 similitudinem
2782 1239 2897 1292 auri
2933 1240 3226 1310 faciemus;
3258 1261 3365 1300 non

1761 1322 1908 1376 enim
1940 1321 2206 1378 habemus
2235 1339 2446 1378 aurum.
2476 1325 2547 1380 Et
2572 1327 2624 1381 in
2660 1327 2765 1382 hoc
2809 1346 3024 1401 quoque
3054 1334 3354 1391 Iit-tandum

1761 1423 1867 1480 est,
1893 1416 1936 1470 si
1997 1415 2383 1472 similitudines
2432 1420 2578 1483 auri,
2622 1420 2669 1475 si
2699 1422 2954 1490 stigmata
2984 1427 3251 1482 faciamus
3279 1445 3369 1483 ar-

1761 1509 1929 1577 genti.
1949 1508 2334 1564 Similitudines
2360 1513 2476 1564 auri
2503 1513 2753 1582 faciemus
2775 1516 2888 1582 tibi,
2906 1537 3019 1572 cum
3043 1522 3368 1588 stigmatibus

1762 1597 2194 1668 argenti.Verum
2223 1616 2330 1656 non
2363 1603 2510 1657 omni
2539 1613 2784 1675 tempore
2816 1624 2829 1672 ;
2863 1610 2959 1664 sed
2991 1610 3169 1668 donec
3195 1629 3365 1683 spon-

1762 1705 1858 1746 sus
1883 1701 2008 1747 tuus
2031 1703 2219 1764 surgat
2248 1695 2316 1748 ab
2344 1696 2613 1752 accubitu.
2647 1698 2780 1754 Cum
2809 1703 2954 1757 enim
2979 1704 3068 1759 ille
3111 1722 3368 1764 surrexe-

1841 1784 1996 1852 ,ipsc
2021 1785 2118 1840 tibi
2145 1803 2365 1851 aurum,
2397 1788 2516 1858 ipse
2546 1790 2709 1846 faciet
2735 1805 3044 1864 argentum,
3075 1797 3191 1868 ipse
3218 1811 3368 1857 tuam

1765 1890 2006 1935 mentem
2032 1897 2365 1952 sensumque
2402 1883 2710 1952 decorabit,
2741 1896 2796 1942 et
2841 1890 2950 1945 eris
2976 1905 3105 1948 rere
3130 1893 3283 1950 dives
3309 1895 3363 1950 in

1763 1971 1947 2041 sponsi
1979 1971 2141 2027 domo
2165 1988 2372 2043 sponsa
2413 1975 2655 2034 formosa
2691 1995 2706 2045 ;
2734 1978 2818 2034 cui
2850 1994 2935 2037 est
2962 1983 3140 2054 gloria
3171 1985 3225 2041 in
3257 2001 3366 2043 sae-

1764 2064 1883 2119 cula
1902 2065 2249 2122 seculorum.
2283 2068 2479 2124 Amen.

115 2228 148 2258 ι
177 2219 442 2276 Fortasse
468 2221 654 2276 verius
703 2221 758 2276 in
788 2220 1144 2278 Cisterciens.
1177 2237 1313 2290 ms.,
1354 2223 1752 2294 intelligentiam
1787 2227 2195 2297 prwdicalionis.

1132 2515 1634 2604 HOMILIA
1711 2518 2098 2604 SECUN
2105 2521 2292 2604 DA.

201 2691 278 2741 Ab
303 2703 366 2743 eo
385 2691 493 2742 loco
514 2692 565 2742 in
585 2701 683 2754 quo
706 2691 943 2752 scriptum
966 2694 1045 2740 est
1071 2703 1084 2742 :
1109 2687 1314 2738 Nardus
1335 2698 1446 2736 mea
1462 2683 1598 2736 dedit
1616 2685 1817 2735 odorem
1832 2697 1973 2736 suum
1999 2697 2018 2735 :
2038 2697 2195 2749 usque
2219 2683 2281 2733 ad
2305 2696 2421 2734 eum
2445 2682 2623 2750 locum,
2646 2688 2696 2736 to
2720 2699 2818 2751 quo
2841 2689 2910 2739 ait
2938 2701 2950 2736 :
2979 2688 3105 2752 Quia
3127 2703 3220 2744 vos

1100 2777 1183 2822 tua
1203 2769 1385 2834 suavis,
1409 2775 1453 2821 et
1472 2769 1630 2834 forma
1651 2775 1736 2818 tua
1757 2770 1976 2832 speciosa
1998 2768 2096 2831 [AL
2122 2768 2340 2832 decora].

119 3065 294 3138 515
323 3064 532 3120 Omnes
558 3055 1662 3127 animremotiones,universitatiscondi-
1690 3062 1736 3125 ρ
1768 3065 2043 3124 surgeret,
2069 3054 2594 3112 similitudinesauri
2625 3067 2680 3112 et
2706 3060 2918 3129 argenti
2949 3076 3010 3116 se
3038 3075 3162 3118 esse
3194 3063 3365 3119 factu-

39 3169 137 3214 tor
163 3159 318 3214 Deus
334 3156 544 3213 creavit
563 3165 590 3194 ι
615 3156 684 3212 ad
712 3157 946 3221 bonum;
974 3155 1072 3210 sed
1107 3169 1206 3224 pro
1234 3168 1334 3207 usu
1367 3159 1562 3207 nostro
1595 3151 1655 3204 lit

37 3269 224 3322 saepe,
257 3265 308 3305 ut
338 3268 429 3307 res
449 3266 572 3323 qua;
597 3250 755 3305 bona:
778 3258 906 3305 sunt
931 3265 1024 3318 per
1051 3258 1324 3311 naturam,
1358 3245 1486 3298 dum
1512 3242 1655 3297 male

37 3347 134 3402 bis
164 3345 470 3410 abutimur,
504 3327 719 3400 nos'ad
754 3351 975 3412 peccata
1029 3342 1322 3396 deducant.
1375 3336 1528 3392 Unus
1585 3334 1655 3390 de

37 3441 252 3494 anima:
287 3437 525 3492 motibus
543 3453 700 3492 amor
722 3445 832 3501 cst,
852 3449 962 3506 quo
979 3435 1118 3491 bene
1141 3433 1344 3487 utimur
1369 3430 1436 3484 ad
1465 3444 1654 3484 amau-

36 3534 201 3597 dum,
234 3531 281 3586 si
313 3531 639 3602 sapientiam
685 3543 960 3597 amemus,
991 3537 1045 3582 et
1076 3526 1389 3581 veritatem.
1422 3521 1654 3589 Quando

36 3640 184 3681 vero
217 3639 374 3677 amor
398 3629 588 3677 uoster
618 3623 671 3676 in
704 3621 891 3692 pejora
922 3618 1217 3683 corruerit,
1251 3630 1500 3672 amamus
1530 3630 1653 3668 car-

40 3736 172 3776 nem
205 3727 266 3775 et
304 3717 652 3788 sanguinem.
697 3715 780 3771 Tu
820 3715 1006 3786 igitur,
1042 3723 1100 3768 ttt
1141 3711 1467 3782 Spiritualis,
1522 3708 1650 3764 audi

38 3810 686 3884 spiritualiteramatoria
717 3809 885 3865 verba
910 3808 1146 3874 cantari,
1174 3816 1230 3862 et
1259 3807 1410 3862 disce
1437 3812 1647 3858 motum

39 3903 250 3958 anima:
281 3912 386 3956 tua:
409 3912 464 3956 et
493 3900 760 3956 naturalis
783 3899 809 3938 δ
839 3900 1044 3955 amoris
1093 3897 1406 3953 incendium
1439 3895 1505 3949 ad
1532 3909 1649 3948 meo

38 3999 182 4053 liora
215 3995 539 4061 transferre,
562 3992 874 4049 secundum
907 3992 1040 4046 illud
1070 4009 1082 4043 :
1117 3993 1245 4044 Ama
1274 3990 1447 4053 illam,
1472 3997 1520 4042 et
1538 4002 1650 4041 sero

41 4095 185 4147 rabit
218 4102 269 4146 te
298 4107 315 4145 :
341 4087 610 4144 circumda
632 4086 806 4149 illam,
827 4093 875 4137 et
896 4083 1142 4138 exaltabit
1170 4091 1218 4135 te
1249 4082 1438 4153 (Prov.
1460 4096 1535 4145 tv,
1567 4079 1644 4150 8).

47 4185 190 4252 Viri,
208 4183 414 4256 diligite
434 4195 624 4235 uxores
639 4185 861 4241 uestras,
885 4181 964 4228 ait
983 4174 1266 4242 aposwlus
1290 4171 1512 4244 (Ephes.
1544 4187 1577 4226 ν
1600 4182 1648 4226 et

38 4277 252 4334 Coloss.
286 4277 371 4345 ιιι)
401 4291 416 4341 ;
445 4273 541 4331 sed
573 4287 682 4326 non
706 4267 862 4323 stetit
882 4266 937 4320 in
961 4280 1028 4319 eo
1056 4265 1198 4333 quod
1231 4265 1449 4319 dixerat
1481 4263 1646 4328 :Viri,

39 4375 256 4446 diligite
282 4385 468 4426 uxores
494 4376 690 4422 vestras
721 4381 734 4416 :
767 4376 958 4416 verum
1008 4358 1192 4414 sciens
1241 4373 1364 4414 esse
1393 4357 1648 4412 dilectio-

1761 3162 1874 3212 ros,
1908 3163 2017 3201 non
2076 3146 2344 3203 habentes
2370 3164 2589 3216 aurum,
2624 3160 2680 3204 ut
2710 3166 2948 3220 Sponsus
2977 3173 2989 3207 :
3023 3164 3080 3208 et
3101 3157 3361 3225 quodam-

1757 3239 1921 3295 modo
1948 3240 2075 3296 aliis
2099 3241 2281 3296 verbis
2313 3242 2501 3310 SpOItsi
2561 3245 2741 3311 passio
2787 3246 3086 3314 praedicata
3123 3259 3231 3314 est,
3254 3265 3362 3304 non

1759 3332 2220 3388 irrationabiliter
2245 3333 2312 3388 ad
2345 3333 2461 3388 haec
2514 3350 2712 3405 sponsa
2755 3340 3078 3406 re~poudet,
3135 3354 3190 3396 et
3244 3343 3358 3412 ipsa

1757 3423 2230 3496 dispensationem
2261 3427 2553 3498 quamdam
2605 3429 2880 3498 passionis
2920 3431 3260 3503 intelligens,
3291 3437 3358 3490 ad

1755 3518 1809 3574 id
1843 3521 1989 3590 quod
2029 3521 2283 3575 audierat
2315 3540 2325 3574 :
2361 3520 2752 3578 Similitudines
2810 3528 2929 3578 auri
2966 3527 3220 3596 faciemus
3270 3525 3365 3583 tibi

1755 3629 1874 3666 cum
1931 3613 2261 3684 stigmatfbus
2310 3617 2534 3684 argenti,
2585 3616 2748 3670 donec
2795 3633 2888 3670 res?
2917 3619 2970 3671 in
3002 3620 3237 3674 recubitu
3265 3638 3361 3675 suo

1754 3713 1852 3771 est,
1880 3704 1956 3758 ait
1982 3721 1992 3756 :
2021 3703 2241 3760 Nardus
2276 3722 2394 3760 mea
2423 3707 2568 3760 dedit
2595 3708 2810 3762 odorem
2837 3727 3011 3763 suum.
3042 3709 3359 3770 Fasciculus

1752 3808 1914 3870 gutta:
1937 3799 2212 3868 fratruelis
2238 3815 2381 3853 meus
2401 3800 2530 3853 mihi
2552 3816 2571 3866 ;
2601 3801 2656 3853 in
2689 3802 2857 3855 medio
2881 3802 3092 3857 uberum
3121 3821 3358 3859 meorum

1754 3892 2111 3948 demorabitur
2136 3891 2314 3965 (Cant.
2341 3894 2451 3959 1,“
2489 3903 2536 3946 et
2569 3893 2680 3962 12).
2695 3893 2981 3961 Quomodo
3003 3897 3168 3966 igitur
3195 3908 3355 3965 apta-

1753 3988 1932 4044 bimus
1965 3989 2016 4043 ei
2039 3987 2065 4024 ά
2092 3989 2236 4058 quod
2266 3987 2557 4058 prmeessit
2587 3985 2797 4041 :Donec
2821 4005 2914 4043 rea:
2942 3989 3104 4062 517
3131 3992 3184 4044 in
3211 4007 3360 4045 recu-

1753 4081 1860 4135 bitu
1877 4097 1972 4135 suo
1999 4090 2098 4145 est,
2121 4081 2173 4134 id
2193 4080 2338 4149 quod
2363 4081 2614 4150 sequitur
2643 4098 2654 4132 :
2687 4079 2898 4135 Nardus
2924 4099 3040 4136 mea
3064 4082 3206 4138 dedit
3227 4085 3354 4138 odo-

1751 4192 1860 4230 rem
1890 4191 2044 4229 suum
2067 4175 2090 4228 ?
2113 4174 2380 4242 Loquitur
2410 4175 2792 4245 Evangelium,
2825 4178 2948 4248 quia
2979 4179 3129 4232 venit
3157 4181 3356 4238 mulier

1753 4269 1963 4325 habens
1984 4268 2321 4324 alabastrum
2373 4269 2640 4339 unguenti
2679 4271 2836 4325 nardi
2867 4270 3052 4341 pistici
3079 4274 3351 4343 pretiosi;

1751 4379 1860 4418 non
1887 4361 1982 4417 illa
2018 4373 2042 4400 θ
2071 4363 2374 4433 peccatrix,
2407 4363 2505 4417 sed
2545 4372 2756 4426 sancta,
2790 4361 2858 4418 de
2902 4380 3006 4435 qua
3042 4383 3187 4423 nunc
3218 4369 3350 4427 mihi

40 4484 169 4523 nem
203 4467 449 4522 virorum
468 4461 704 4534 propriis
729 4473 944 4529 quoque
974 4456 1243 4512 uxotibns
1272 4456 1640 4520 inhonestam,
1669 4465 1724 4524 Ῑ)
1749 4470 1935 4511 sermo
1956 4465 2060 4510 est.
2085 4455 2213 4510 Scio
2241 4454 2446 4524 quippe
2489 4452 2692 4508 Lucnm
2735 4453 2804 4510 de
2832 4459 3138 4526 peccatrico
3168 4479 3180 4514 :
3213 4463 3349 4518 Mat-

37 4560 230 4615 sciens
261 4573 384 4611 esse
412 4566 432 4594 ο
468 4556 775 4624 placentem
809 4552 944 4617 Deo,
977 4549 1166 4604 docuit
1188 4549 1352 4621 516
1370 4547 1647 4618 quomodo

39 4654 145 4706 viri
175 4667 377 4706 uxores
391 4664 518 4704 suas
541 4662 727 4702 amare
743 4646 1032 4710 deberent,
1050 4645 1332 4699 inferens:
1358 4641 1496 4708 Viri,
1516 4641 1644 4694 dili-

36 4747 145 4818 gite
174 4759 368 4798 umores
395 4751 610 4804 vestras,
631 4743 760 4795 sicut
783 4748 829 4792 et
851 4736 1089 4793 Christus
1112 4735 1508 4792 Erclesiam.Et
1530 4735 1646 4791 haec

38 4838 266 4907 quidem
302 4835 353 4890 in
379 4834 646 4906 prooemio
677 4847 892 4894 eorum,
921 4845 1042 4901 qua:
1103 4838 1291 4898 postea
1322 4827 1646 4884 disserenda

40 4939 193 4998 sunt,
223 4930 487 4984 diximus.

113 5025 252 5090 Quia
308 5023 470 5079 amici
504 5022 716 5090 sponsi,
747 5021 876 5074 dum
910 5035 1005 5075 rex
1041 5020 1094 5073 in
1146 5017 1398 5074 recubitu
1428 5031 1529 5071 suo
1556 5025 1642 5070 est

41 5117 424 5187 (requiescens
465 5115 610 5169 enim
643 5112 900 5168 dormivit
926 5122 985 5166 ut
1007 5114 1116 5175 leo,
1147 5123 1199 5166 et
1224 5113 1438 5166 catulus
1465 5111 1642 5164 leonis

42 5206 200 5277 (Gen.
229 5223 377 5274 ms,
407 5207 491 5278 9),
526 5221 741 5277 sponsa:
775 5205 1159 5275 promiserant,
1179 5205 1358 5260 donec
1389 5202 1485 5258 ille
1513 5217 1645 5257 cou-

113 5351 139 5414 ἒ
167 5343 358 5414 Ilegin.
393 5357 496 5396 ms.
527 5359 540 5394 :
576 5340 777 5395 Crearit
799 5349 846 5394 et
876 5339 996 5414 fecit
1017 5339 1085 5414 ad
1105 5339 1314 5392 bonum.

108 5411 137 5450 δ
167 5411 336 5479 Idem,
357 5424 402 5467 et
420 5413 646 5467 carnalis
673 5415 864 5466 amoris
891 5412 1208 5465 incendium.

117 5495 137 5522 ε
171 5487 525 5541 Cisterciens.
558 5488 1040 5541 ctnttt-ariosett~tt,
1069 5486 1235 5536 sciens
1262 5499 1371 5536 esse
1395 5497 1499 5534 non
1521 5479 1639 5550 pla-

41 5565 232 5610 centeni
249 5555 382 5624 Deo,
410 5557 617 5611 sciliCnt
638 5556 962 5609 dilectionem
987 5553 1331 5608 inhonestam.

110 5625 135 5662 ά
152 5629 262 5700 AL,
286 5631 332 5683 ei
355 5629 408 5682 id
430 5629 564 5700 quod
587 5629 865 5700 prwcessit,
890 5635 998 5700 etc.

115 5707 137 5734 °
171 5699 370 5756 Ite-cote
391 5695 516 5772 quia:
530 5695 695 5770 supra
710 5698 1102 5772 anguiotayimus
1123 5698 1224 5754 sub
1240 5697 1442 5772 prioris
1463 5695 1639 5772 homi-

45 5768 128 5822 liac
159 5767 438 5829 ntedium':
469 5767 673 5842 quibus
723 5771 865 5825 addo
901 5769 1136 5827 Victoris
1190 5768 1521 5826 Antiocheni
1570 5767 1640 5822 de

479 5869 763 5929 Ριτιιοι..
814 5866 1056 5928 XXIII.

1751 4549 1954 4605 thwum
1985 4565 2119 4606 vero
2147 4557 2203 4604 et
2241 4547 2511 4603 Joannem
2554 4557 2611 4612 et
2641 4548 2904 4618 Marcum,
2937 4569 3045 4609 non
3069 4555 3138 4610 de
3161 4573 3354 4626 pecca-

1752 4643 1887 4697 trice
1918 4642 2126 4697 dixisse
2147 4640 2306 4706 (Luc.
2334 4654 2427 4703 vn,
2460 4638 2652 4695 Matth.
2676 4658 2862 4708 xxvnt,
2891 4644 3053 4702 Joan.
3085 4664 3137 4704 ιιι
3167 4660 3213 4703 et
3250 4667 3347 4716 xu,

1753 4735 1971 4805 Mam).
2000 4736 2167 4790 Venit
2219 4749 2351 4803 ergo
2379 4750 2487 4791 non
2537 4741 2810 4804 peccatrix
2863 4741 2974 4805 illa,
3009 4743 3103 4796 sed
3133 4757 3346 4812 sancta,

1749 4829 1907 4897 cujus
1923 4815 2123 4880 nomEn
2149 4842 2369 4896 quoque
2389 4825 2633 4881 Joannes
2665 4830 2927 4894 inseruit;
2953 4831 3118 4886 Maria
3147 4835 3376 4904 quippe_

1750 4928 1873 4976 erat
1898 4918 2109 4972 habens
2162 4918 2498 4972 alabaSIrum
2546 4923 2808 4986 unguenti
2836 4921 2991 4975 nardi
3025 4923 3352 4998 pisticipre-

1753 5014 1898 5077 tiosi,
1924 5009 2192 5068 eteli‘udit
2232 5025 2399 5079 super
2430 5021 2596 5078 caput
2624 5010 2776 5066 JI'SU.
2808 5011 3013 5070 Deinde
3045 5031 3212 5088 super
3242 5020 3349 5078 hoc

1752 5103 2188 5176 indignantibus,
2206 5118 2315 5156 non
2331 5101 2587 5158 omnibus
2608 5103 2915 5174 discipulis,
2937 5108 3182 5165 sedJuda
3207 5117 3350 5182 solo,

1755 5200 1979 5256 dicente
2003 5195 2206 5252 :Potuit
2223 5196 2508 5250 venundari
2530 5197 2626 5252 hoc
2645 5199 2886 5252 trecentis
2906 5199 3213 5269 denariis,et
3236 5207 3352 5263 dari

1753 5332 2013 5403 Origenis
2085 5330 2366 5403 sententia
2421 5329 2526 5387 hac
2569 5347 2736 5399 super
2763 5349 2822 5388 re
2867 5338 3240 5396 testimonium
3301 5348 3353 5402 in

1746 5401 2118 5458 Cotutttentar.
2156 5421 2206 5476 tu
2241 5401 2409 5476 hiare.
2439 5418 2560 5456 xw:
2595 5403 2844 5476 Origenes
2874 5408 3035 5463 aliam
3060 5411 3204 5468 illaut
3237 5401 3348 5474 esse

1748 5476 1896 5540 ἀίω,
1917 5492 2029 5544 qua,»
2055 5473 2194 5546 apud
2232 5473 2536 5527 Matt/urunt
2564 5486 2611 5528 et
2649 5473 2884 5529 Marcum
2912 5480 2962 5532 in
2985 5481 3138 5538 domo
3169 5473 3346 5543 Simo-

1747 5550 1829 5601 uis
1852 5548 2050 5617 leprosi.
2077 5557 2570 5622 unguentumsuper
2600 5556 2753 5617 caput
2779 5546 2906 5602 Jesu
2934 5551 3147 5622 r/futtit;
3179 5557 3340 5616 alium

1744 5636 1924 5675 rursus
1950 5634 2084 5693 eam,
2112 5633 2227 5693 quia
2253 5633 2370 5670 cum
2394 5617 2445 5669 in
2471 5619 2961 5693 civitatepeccatria:
2979 5617 3143 5693 esset,
3168 5632 3220 5684 in
3246 5632 3340 5687 do-

1746 5709 1885 5746 mum
1909 5687 2163 5770 Pharisazi
2183 5691 2436 5770 ingressa,
2461 5689 2616 5757 pedes
2638 5687 2780 5743 illius
2810 5690 3057 5764 lacrymis
3077 5687 3263 5770 abluit,
3293 5717 3340 5760 et

1743 5771 2006 5835 unguento
2037 5763 2284 5831 perfudit.

2743 5855 2821 5916 36
