3998 6368
612 234 752 290 1155

1854 221 1912 276 S.
1954 220 2225 280 EUSEBII
2265 222 2647 280 HIEBONYMI

3797 224 3922 282 “36

599 350 858 423 signatas.
879 345 1164 414 Siquidem
1191 355 1290 412 pro
1318 351 1344 378 ει
1367 341 1525 413 stybe
1546 337 1789 394 ascendit
1819 353 2136 410 cypressus,
2159 348 2216 395 et
2239 345 2293 404 Α
2320 355 2443 395 mus
2471 340 2541 395 ab
2569 339 2756 394 umbra
2792 339 2986 395 mortis
3016 339 3084 395 ad
3121 340 3369 396 umbram
3398 339 3548 396 vita).
3583 341 3831 412 Semper
3863 342 3924 394 is-

603 458 706 512 pro
733 453 938 510 conyza
968 433 1219 489 ascendit
1249 445 1478 504 myrtus.
1504 431 1812 502 Requirens
1836 431 2020 501 igitur,
2054 429 2212 500 cujus

2317 432 2573 489 tiusmodi
2621 441 2750 487 sunt
2800 431 3095 503 profectus,
3151 443 3207 487 ut
3259 434 3312 488 in
3361 435 3595 490 exordio
3648 434 3926 489 desideret

601 542 817 589 natura:
849 531 952 584 iSIa
983 537 1108 582 sunt
1156 526 1324 596 ligna,
1357 535 1412 581 et
1456 525 1677 580 cedrum
1712 523 2124 595 imputribilem,
2157 532 2216 579 et
2311 525 2581 594 quispiam
2612 525 2805 579 saltem
2851 526 2902 580 in
2937 525 3197 579 virtutum
3231 526 3418 580 umbra
3447 528 3792 582 consistere.
3824 526 3925 596 Ego

595 637 916 696 cypressum
964 619 1151 674 odoris
1199 618 1392 688 optimi
1434 617 1882 690 deprehendens,
1921 617 2108 672 labora
2155 626 2212 672 et

596 731 654 777 tu
681 724 753 776 ita
780 719 1102 786 contignare
1121 715 1344 770 domum
1380 723 1549 778 tuam,
1575 723 1632 768 ut
1660 713 1728 768 de
1755 723 1808 768 te
1835 727 2049 783 quoque
2082 727 2208 781 pos-

591 819 662 871 sit
691 817 827 871 dici:
855 814 1047 868 Trabes
1076 811 1328 866 domuum
1351 820 1648 864 nostrarum
1669 809 1831 874 cedri,
1856 819 1901 862 et
1926 809 2202 877 contigna-

592 909 757 965 tiones
787 917 976 961 nostra:
1001 905 1248 977 cypressi.
1278 903 1407 958 Post
1439 903 1555 956 hmo
1583 917 1818 970 sponsus
1850 900 2114 970 loquitur.

663 1000 778 1075 Ego
808 1001 905 1071 ﬂos
950 999 1141 1070 campi,
1175 1004 1222 1050 et
1253 996 1423 1049 lilium
1453 995 1788 1048 convallium.
1837 993 2066 1062 Propter
2111 1008 2199 1048 me

586 1096 678 1167 qui
703 1095 758 1149 in
790 1093 932 1148 Valle
972 1106 1144 1155 eram,
1170 1087 1457 1144 descendit
1478 1089 1530 1141 in
1562 1087 1778 1150 vallem,
1823 1096 1878 1140 et
1907 1085 1959 1139 in
2003 1084 2194 1139 vallem

583 1191 838 1254 veniens,
871 1188 932 1241 ﬁt
974 1186 1170 1240 lilium.
1205 1182 1310 1237 Pro
1343 1183 1492 1250 ligno
1535 1179 1681 1246 vitm,
1715 1178 1858 1249 quod
1891 1178 2194 1247 plautatum

582 1291 670 1338 est
725 1282 778 1336 in
829 1279 1082 1350 paradiso
1135 1276 1247 1342 Dei,
1313 1278 1480 1329 totius
1533 1273 1738 1343 campi,
1777 1272 1828 1326 id
1873 1282 1977 1336 est,
2025 1272 2194 1326 totius

581 1375 772 1450 mundi
804 1381 860 1428 et
892 1374 1169 1427 universae
1196 1380 1355 1424 terra:
1385 1367 1489 1422 ﬂos
1529 1366 1702 1421 factus
1731 1373 1836 1420 est.
1871 1364 2012 1433 Quid
2043 1365 2191 1419 enim

578 1470 662 1524 sic
712 1477 892 1537 potest
936 1480 1060 1520 esse
1108 1463 1210 1518 ﬂos
1237 1460 1447 1527 mundi,
1499 1470 1553 1514 ut
1585 1459 1906 1514 vocabulum
1947 1457 2192 1513 Christi?

585 1561 917 1633 Unguentum
942 1558 1169 1624 effusum
1197 1572 1382 1610 nomen
1411 1559 1546 1628 ejus.
1572 1555 1772 1609 Aliter:
1809 1553 1835 1591 δ
1866 1553 1946 1607 ΑΙ)
1971 1554 2089 1622 ipso
2109 1553 2192 1608 di-

577 1656 721 1710 citur
752 1672 766 1708 :
818 1651 932 1724 Ego
968 1653 1065 1722 ﬂos
1091 1650 1284 1720 campi,
1313 1659 1362 1702 et
1392 1646 1561 1701 lilium
1589 1646 1922 1701 convallium.
1976 1646 2042 1700 Et
2074 1646 2189 1700 haec

2310 630 2442 687 puto
2483 618 2606 673 ideo
2636 629 2690 671 et
2721 617 3062 672 nativitatem
3089 617 3217 673 Jcsu
3245 619 3314 673 ab
3342 619 3534 674 umbra
3569 621 3846 686 cmpisse,
3875 630 3924 674 et

2307 724 2414 762 non
2465 709 2518 762 in
2550 710 2761 780 umbra,
2793 711 2888 765 sed
2921 711 2972 765 in
3001 715 3231 768 veritate
3271 711 3502 768 ﬁnitam.
3537 713 3810 786 Spiritus,
3846 715 3920 768 in-

2302 805 2439 874 quit,
2471 805 2698 860 Sanctus
2723 809 2887 862 veniet
2918 809 2973 862 in
3001 816 3066 870 te,
3099 818 3146 862 et
3175 809 3332 862 virtus
3351 807 3609 864 Altissimi
3635 813 3920 864 obumbrao

2301 897 2371 950 bit
2424 898 2514 952 tibi
2566 897 2717 968 (Luc.
2770 917 2805 968 t,
2856 901 2973 967 35).
3027 901 3293 956 Nativitas
3337 902 3541 958 Christi
3591 904 3664 956 ah
3727 906 3919 958 umbra

2300 991 2532 1060 sumpsit
2577 993 2886 1047 exordium.
2921 993 3038 1048 Non
3084 997 3259 1049 solum
3307 1004 3489 1050 autem
3525 996 3580 1050 in
3622 996 3804 1051 Maria
3856 997 3918 1050 ab

2300 1085 2494 1138 umbra
2525 1086 2640 1155 ejus
2669 1088 2925 1142 nativitas
2956 1091 3142 1157 ccepit,
3177 1089 3272 1144 sed
3305 1099 3360 1144 et
3389 1089 3440 1144 in
3473 1100 3548 1158 te,
3586 1091 3633 1146 si
3671 1101 3695 1128 ο
3719 1091 3919 1162 dignus

2295 1176 2488 1243 fueris,
2525 1181 2777 1234 nascitur
2803 1196 2986 1236 sermo
3015 1181 3135 1236 Dei.
3162 1181 3292 1244 Fac,
3327 1183 3513 1252 igitur,
3545 1195 3605 1239 ut
3629 1180 3819 1254 possis
3840 1201 3920 1239 ca.

2295 1286 2428 1342 perc
2467 1271 2715 1327 umbram
2757 1273 2895 1343 ejus,
2928 1285 3130 1330 etcum
3162 1275 3352 1330 umbra
3386 1275 3558 1332 fueris
3600 1277 3807 1349 dignus
3837 1279 3916 1334 ef-

2293 1359 2488 1436 fectus,
2523 1369 2705 1422 veniat
2745 1369 2813 1424 ad
2845 1381 2919 1437 te,
2972 1380 3028 1425 ut
3059 1371 3134 1426 ita
3166 1371 3368 1442 dicam,
3401 1389 3601 1444 corpus
3647 1378 3788 1446 ejus,
3848 1393 3912 1432 ex
3996 1387 3998 1392 '

2292 1475 2400 1528 quo
2430 1460 2618 1515 umbra
2649 1463 2915 1518 nascitur.
2949 1463 3107 1533 Nam,
3139 1471 3230 1536 qui
3258 1467 3312 1520 in
3361 1469 3562 1523 modico
3605 1471 3782 1540 ﬁdelis
3813 1481 3906 1534 est,

2291 1560 2341 1606 et
2368 1553 2420 1605 in
2463 1555 2753 1625 majoribus
2793 1557 2889 1610 erit
2918 1557 3089 1627 ﬁdelis
3121 1557 3275 1629 (Luc.
3306 1576 3420 1630 xvr,
3459 1562 3569 1631 i0).
3604 1563 3672 1617 In
3724 1569 3919 1620 umbra

2292 1646 2405 1716 ejus
2455 1651 2743 1721 concupiui,
2790 1661 2836 1704 et
2877 1652 3007 1706 sedi.
3046 1652 3234 1721 Vides,
3287 1655 3408 1726 quia
3439 1671 3544 1710 non
3573 1672 3804 1729 semper
3855 1662 3904 1714 in

575 1748 800 1821 quidem
829 1751 899 1802 de
921 1745 1243 1814 semetipso.
1273 1743 1485 1797 Deinde
1510 1755 1770 1811 sponsam
1801 1740 2049 1804 laudans,
2077 1741 2182 1793 ait:
2216 1742 2264 1802 Β
2293 1743 2482 1796 umbra
2511 1745 2683 1811 Stetit,
2712 1745 2806 1800 sed
2838 1745 2962 1802 inde
2991 1747 3056 1801 ad
3090 1749 3313 1803 meliora
3341 1752 3634 1812 transierit,
3668 1754 3904 1809 dicens:

581 1839 652 1896 Ut
683 1841 855 1893 lilium
882 1839 935 1892 in
959 1837 1127 1890 medio
1148 1836 1438 1902 spinarum,
1468 1834 1542 1886 sic
1583 1834 1824 1903 proxima
1850 1849 1962 1885 mea
1990 1832 2044 1884 in
2071 1847 2182 1886 me-

571 1934 660 1986 dio
681 1933 929 2002 ﬁliarum.
947 1929 1102 1985 Sicut
1124 1928 1299 1982 lilium
1328 1942 1435 1982 non
1453 1936 1632 1996 potest
1653 1927 1828 1996 spinis
1847 1925 2180 1992 comparari,

569 2025 716 2082 inter
741 2039 877 2095 quas
905 2037 1126 2092 semper
1151 2021 1400 2076 exoritur
1432 2035 1445 2072 :
1497 2019 1691 2074 eodem
1725 2015 1887 2071 modo
1935 2014 2180 2086 proxima

569 2133 694 2175 mea
739 2133 905 2184 super
949 2130 1144 2170 omnes
1176 2114 1337 2179 tilias,
1373 2112 1550 2168 lilium
1583 2122 1666 2167 est
1697 2112 1748 2164 in
1782 2110 1967 2165 medio
1997 2109 2182 2176 Spina-

564 2229 710 2270 rum.
766 2211 867 2266 Ista
896 2209 1378 2273 audienssponsa,
1424 2207 1600 2260 vicem
1636 2203 1812 2260 reddit
1855 2218 2081 2274 sponso,
2125 2211 2181 2258 et

564 2306 812 2363 sentiens
843 2303 987 2358 illius
1012 2303 1179 2358 etiam
1209 2301 1554 2366 suavitatem,
1590 2297 1643 2352 in
1687 2313 1875 2352 vocem
1911 2295 2178 2360 laudantis

564 2399 824 2467 erumpit.
873 2394 1287 2464 Unguentorum
1335 2391 1536 2462 quippe
1578 2390 1734 2454 odor,
1771 2388 1898 2443 licet
1937 2389 2178 2442 suaviter

563 2493 760 2565 spirat,
789 2501 844 2547 et
872 2505 1092 2545 sensum
1113 2487 1285 2542 odore
1307 2485 1620 2540 demulceat
1644 2499 1658 2538 :
1681 2498 1786 2538 non
1823 2493 2004 2535 tamen
2028 2481 2176 2550 ejus-

563 2586 716 2641 modi
749 2593 855 2644 est.
907 2591 966 2637 ut
995 2594 1162 2635 suave
1192 2578 1263 2632 sit
1307 2579 1372 2632 ad
1405 2575 1699 2632 edendum.
1733 2575 1830 2629 Est
1859 2586 2039 2629 autem
2069 2575 2172 2628 ali-

566 2678 710 2750 quod
742 2675 851 2750 [Al.
883 2670 1077 2745 aliud],
1109 2669 1254 2742 quod
1288 2669 1483 2740 optimi
1510 2679 1565 2722 et
1595 2671 1810 2737 saporis
1839 2667 1910 2722 sit
1951 2679 2004 2722 et
2031 2667 2169 2722 odo-

561 2771 660 2839 ris,
693 2769 748 2825 id
791 2776 896 2836 est,
933 2774 990 2820 ut
1034 2768 1220 2819 fauces
1265 2761 1495 2817 dulcore
1523 2761 1780 2828 delectet,
1813 2774 1867 2815 et
1913 2762 2168 2828 Spiritum

561 2865 808 2918 mulceat
843 2859 1100 2915 odoratu.
1151 2857 1286 2912 Tale
1332 2865 1418 2912 est
1454 2856 1683 2922 malum,
1739 2853 2045 2908 istiusmodi
2087 2866 2171 2908 est

561 2968 797 3023 naturae,
833 2960 891 3007 ut
931 2954 981 3008 in
1013 2966 1075 3006 se
1105 2962 1332 3019 utraque
1383 2949 1682 3018 possideat.
1717 2947 1926 3001 Idcirco
1977 2947 2168 3001 volens

562 3063 672 3102 non
701 3047 875 3100 solum
904 3044 1338 3098 benevolentiam
1365 3040 1660 3108 sermonis,
1690 3038 1857 3094 sedet
1879 3037 2164 3094 dulcorem‘

560 3141 678 3210 ejus
706 3152 901 3206 sponsa
927 3134 1168 3203 laudare,
1203 3136 1306 3190 ait:

632 3230 793 3303 523
827 3227 896 3284 Ut
922 3227 1118 3280 malum
1145 3227 1198 3279 in
1233 3226 1386 3298 lignis
1413 3227 1560 3281 silvw
1581 3243 1600 3282 :
1630 3227 1702 3280 ita
1733 3226 1998 3295 fratruelis
2020 3243 2162 3282 meus

559 3328 613 3380 in
641 3331 813 3378 medio
834 3322 1063 3392 ﬁliorum
1085 3316 1263 3387 (Cant.
1299 3334 1357 3384 tt,
1389 3318 1466 3389 '5).
1497 3319 1688 3373 Omnia
1711 3318 1877 3386 ligna,
1908 3335 2099 3374 omnes
2136 3330 2158 3358 ο

555 3419 783 3474 arbores
808 3416 874 3469 ad
904 3412 1372 3482 comparationem
1405 3414 1677 3467 sermonis
1707 3413 1823 3482 Dei,
1842 3415 1995 3467 silva:
2026 3412 2165 3468 infe-

552 3527 713 3570 races
754 3510 1162 3566 existimantur.
1209 3507 1290 3560 Ad
1332 3505 1605 3560 Chrisllttlt
1654 3507 1827 3561 saltus
1871 3516 1956 3562 est
1998 3522 2161 3562 omne

553 3605 698 3676 quod
740 3603 942 3657 dixeris
959 3591 979 3653 ’τ
1014 3609 1068 3653 et
1100 3597 1434 3653 infructuosa
1466 3609 1592 3652 sunt
1618 3599 1820 3653 omnia.
1851 3599 1982 3667 Quae
2011 3601 2156 3654 enim

551 3706 794 3770 possunt
835 3693 942 3749 diri
987 3693 1053 3747 ad
1098 3707 1221 3748 eum
1252 3701 1561 3761 comparata
1609 3691 1934 3748 fructifera?
1979 3693 2156 3750 Etiam

554 3793 705 3864 ligna
734 3805 856 3859 qua-
885 3786 1214 3842 videbantur
1251 3785 1524 3840 fructibus
1555 3787 1846 3854 incurvari,
1882 3786 1948 3841 ad
1993 3788 2161 3843 colla-

544 3888 760 3942 tionem
807 3883 1078 3937 adventus
1123 3881 1249 3950 ejus’
1292 3879 1630 3935 infructuosa
1665 3892 1964 3937 monstrata
2008 3893 2154 3938 sunt.

547 3981 703 4049 Ideo,
734 3989 789 4033 ut
819 3979 1016 4032 malum
1057 3977 1112 4029 in
1144 3975 1298 4046 lignis
1323 3975 1488 4039 silvaa,
1517 3976 1591 4029 ita
1631 3977 1897 4046 fratruelis
1933 3993 2075 4033 meus
2101 3982 2156 4032 in

548 4075 718 4129 medio
735 4072 991 4142 ﬁliorum.
1008 4066 1076 4122 In
1105 4069 1286 4121 umbra
1307 4070 1423 4140 ejus
1453 4069 1742 4139 concupiui,
1768 4079 1815 4123 et
1831 4070 1963 4123 sedi.
1983 4070 2152 4139 Quam

541 4167 796 4238 pulchre,
830 4182 939 4220 non
981 4164 1076 4232 ait,
1110 4163 1162 4216 in
1197 4162 1391 4216 umbra
1419 4163 1567 4216 illius
1592 4165 1942 4233 concupisco,
1976 4165 2072 4220 sed
2100 4167 2155 4221 in

542 4263 728 4316 umbra
747 4260 859 4328 ejus
874 4257 1144 4328 concupiui
1164 4263 1250 4310 :et
1265 4269 1374 4309 non
1388 4254 1573 4324 sedeo,
1602 4254 1696 4310 sed
1718 4255 1849 4310 sedi.
1873 4258 2152 4328 Siquidem

540 4357 597 4411 in
643 4351 910 4434 principio
939 4367 1045 4405 non
1093 4365 1382 4420 possumus
1410 4365 1536 4405 cum
1583 4365 1649 4405 eo
1695 4355 1975 4422 proprium
2021 4369 2156 4410 con-

546 4450 691 4505 ferre
723 4461 1068 4502 sermonem:
1105 4461 1300 4500 verum
1344 4447 1396 4499 in
1433 4445 1726 4515 principio,
1761 4455 1817 4500 ut
1848 4445 1917 4500 ita
1950 4447 2147 4517 dicam,

2289 1833 2356 1887 Et
2386 1835 2589 1905 [ructus
2611 1839 2724 1908 ejus
2746 1839 2915 1894 dulcis
2940 1840 2994 1894 in
3022 1851 3233 1912 gutture
3255 1860 3381 1898 meo.
3409 1843 3537 1915 Ego,
3562 1845 3769 1915 inquit,
3799 1848 3909 1903 de-

2286 1930 2522 1986 sideravi
2557 1936 2609 1986 in
2642 1935 2831 1990 umbra
2860 1937 2978 2001 ejus
3031 1939 3422 2008 requiescere;
3462 1940 3555 1994 sed
3588 1952 3906 2010 postquam

2284 2037 2371 2077 me
2399 2038 2494 2077 sua
2534 2027 2768 2094 protexit
2798 2028 3014 2098 umbra,
3057 2029 3218 2084 etiam
3247 2030 3425 2085 fructu
3472 2030 3617 2086 illius
3649 2045 3900 2090 saturata

2282 2130 2399 2171 sum
2425 2116 2534 2190 [Αἰ.
2564 2132 2840 2177 saturatus
2871 2121 3037 2193 sum],
3066 2131 3122 2180 et
3142 2123 3300 2179 dico:
3328 2123 3395 2178 Et
3418 2130 3621 2196 fructus
3648 2130 3763 2200 ejus
3777 2130 3900 2183 dul-

2282 2209 2356 2263 cis
2386 2207 2404 2246 ί
2438 2213 2638 2282 gutturi
2658 2229 2798 2268 meo.

2353 2301 2680 2359 Introducite
2705 2323 2783 2360 me
2805 2307 2857 2361 in
2880 2307 3092 2362 domum
3118 2311 3244 2365 vini.
3272 2311 3431 2367 Foris
3453 2312 3607 2367 stetit
3630 2329 3888 2384 sponsus,

2278 2404 2334 2452 et
2361 2397 2432 2453 ab
2448 2410 2646 2462 διιοιιεξι
2674 2413 2964 2472 susceptus
2993 2412 3111 2460 est:
3143 2405 3200 2460 In
3223 2406 3404 2461 medio
3431 2409 3635 2478 quippe
3658 2409 3886 2465 uberum

2277 2489 2424 2544 illius
2455 2493 2740 2561 requievit.
2766 2495 2931 2568 524
2962 2496 3233 2554 Proxima:
3274 2499 3588 2569 juvenculae
3622 2517 3731 2558 non
3763 2515 3891 2561 sunt

2275 2581 2607 2650 istiusmodi,
2639 2597 2694 2639 ut
2716 2602 2977 2657 sponsum
3009 2589 3284 2657 hoSpitem
3315 2592 3519 2649 habere
3543 2609 3885 2654 mereantur.

2273 2673 2601 2732 Multitudini
2635 2678 2767 2734 foris
2795 2679 2848 2734 in
2882 2683 3155 2750 parabolis
3187 2687 3446 2755 loquitur.
3479 2687 3657 2756 Quam
3690 2706 3886 2748 vereor

2272 2782 2342 2820 ne
2375 2769 2560 2823 multae
2588 2769 3014 2828 adolescentulze
3045 2773 3191 2831 forte
3218 2793 3316 2830 nos
3341 2780 3532 2834 simus.
3560 2778 3888 2838 Introducitc

2270 2875 2352 2913 me
2369 2860 2423 2912 in
2445 2859 2654 2916 domum
2682 2865 2805 2918 vini.
2831 2863 2942 2920 Cur
2965 2877 3072 2922 tam
3101 2868 3192 2923 diu
3223 2868 3360 2926 loris
3383 2875 3616 2929 maneo?
3650 2875 3786 2930 Ecce
3803 2889 3883 2931 sto

2269 2965 2387 3009 ante
2415 2958 2624 3022 ostium,
2669 2969 2716 3015 et
2743 2961 2916 3033 pulso.
2945 2965 3001 3020 Si
3045 2968 3166 3036 quis
3198 2968 3332 3024 mihi
3361 2975 3663 3040 aperuerit,
3700 2979 3884 3046 ingrc-

2267 3047 2386 3104 diar
2417 3049 2484 3104 ad
2510 3067 2657 3118 eum,
2683 3062 2736 3108 et
2758 3055 2988 3112 ctenaho
3021 3072 3146 3113 cum
3176 3076 3261 3123 eo,
3295 3073 3349 3115 et
3376 3065 3492 3133 ipse
3516 3080 3758 3120 mecum.
3793 3065 3886 3121 1η-

2188 3125 2233 3190 C
2265 3142 2525 3197 traducite
2562 3162 2661 3200 me.
2703 3147 2769 3201 Et
2811 3164 2954 3204 nunc
3001 3150 3192 3205 eadem
3225 3153 3360 3208 dit-it
3395 3170 3578 3212 sermo
3616 3158 3879 3214 divinus:

2266 3234 2409 3291 Ecce
2427 3236 2677 3294 ChriStus
2699 3239 2959 3310 loquitur,
2988 3245 3299 3301 introducite
3327 3264 3427 3304 me.
3461 3249 3626 3305 Vobis
3659 3269 3882 3324 quoque

2262 3332 2674 3389 catechumenis
2711 3335 2974 3406 loquitur,
3007 3339 3321 3395 introducite
3363 3360 3462 3406 me,
3505 3358 3612 3398 non
3653 3347 3881 3416 simpli-

2262 3425 2400 3480 citer
2442 3426 2496 3482 in
2523 3429 2765 3492 domum,
2803 3433 2899 3488 sed
2932 3434 2985 3488 in
3011 3435 3220 3490 domum
3247 3437 3370 3492 vini.
3415 3439 3712 3510 Impleatur
3748 3447 3878 3500 vino

2259 3516 2483 3584 laetitiae,
2513 3521 2636 3574 vino
2659 3522 2895 3592 Spiritus
2917 3525 3106 3581 Sancti
3134 3528 3311 3583 anima
3346 3541 3550 3586 vestra.
3588 3533 3654 3587 Et
3678 3537 3758 3590 sic
3790 3538 3875 3590 in-

2261 3608 2533 3666 troducite
2561 3613 2612 3667 in
2639 3613 2858 3670 domum
2889 3630 3123 3673 vestram
3157 3636 3442 3692 sponsum,
3476 3624 3741 3693 Verbum,
3772 3629 3876 3685 Sa-

2262 3699 2542 3770 pientiam,
2593 3705 2919 3764 Veritatem.
2953 3709 3141 3767 Potest
3180 3722 3358 3768 autem
3397 3726 3453 3768 et
3488 3717 3555 3771 ad
3588 3734 3686 3774 eos
3736 3722 3869 3788 dici,

2258 3793 2350 3862 qui
2380 3795 2618 3851 nondum
2649 3799 2874 3869 perfecti
2907 3815 3066 3858 sunt:
3101 3804 3428 3862 lntroducite
3455 3825 3533 3864 me
3561 3811 3614 3865 in
3659 3813 3870 3868 domum

2257 3885 2382 3942 uini.
2427 3887 2678 3945 Ordinate
2717 3895 2771 3947 in
2826 3911 2906 3948 me
2944 3898 3266 3953 charitotem.
3316 3900 3613 3972 Eleganter
3650 3905 3869 3963 locutus

2255 3991 2360 4048 est,
2392 3982 2646 4039 ordinate.
2673 3985 3036 4044 Plurimorum
3066 3991 3267 4062 quippe
3291 3992 3600 4051 inordinata
3629 4009 3714 4051 est
3736 3999 3867 4055 cha-

2254 4075 2424 4129 ritas:
2452 4077 2598 4146 quod
2628 4079 2678 4133 in
2705 4081 2881 4150 primo
2911 4084 3030 4139 loco
3050 4084 3246 4141 debent
3278 4088 3528 4159 diligere,
3557 4091 3790 4162 diligunt
3811 4094 3863 4148 in

2256 4170 2534 4226 secundo:
2566 4175 2711 4243 quod
2761 4176 2814 4231 in
2861 4179 3122 4244 secundo,
3173 4179 3407 4250 diligunt
3447 4184 3498 4237 in
3540 4185 3766 4254 primo:
3810 4197 3864 4242 et

2254 4264 2398 4333 quod
2427 4276 2650 4336 oportet
2679 4284 2862 4325 amare
2893 4281 3104 4341 quarto,
3137 4286 3320 4328 amant
3351 4277 3546 4330 tertio:
3577 4287 3632 4331 et
3663 4295 3860 4334 rursus

2255 4359 2471 4414 tertium
2504 4361 2559 4416 in
2589 4372 2801 4431 quarto,
2825 4374 2879 4419 et
2901 4376 2987 4420 est
3014 4365 3068 4420 in
3097 4367 3376 4439 plerisque
3401 4368 3681 4424 charitatis
3713 4373 3859 4429 ordo

2254 4466 2566 4522 perversus'.
2619 4456 2943 4513 Sanctorum
2997 4473 3125 4514 vero
3169 4464 3408 4518 charitas
3447 4463 3695 4517 ordinata
3749 4476 3853 4523 est.

545 4543 782 4615 quadam
833 4540 1134 4607 maiestatis
1182 4539 1330 4594 illius
1369 4541 1557 4595 umbra
1590 4539 1941 4609 pertruimnr.
1989 4541 2144 4598 Unde
2174 4527 2227 4587 Ι)
2254 4541 2391 4598 Volo
2420 4545 2486 4600 ad
2521 4547 2925 4619 intelligendum
2954 4549 3055 4606 hoc
3086 4553 3232 4621 quod
3255 4554 3458 4610 dictum
3485 4565 3587 4626 est,
3615 4560 3857 4638 ordinate

543 4646 600 4693 et
627 4638 678 4691 in
711 4632 1000 4702 Prophetis
1039 4632 1237 4701 legitur
1266 4649 1279 4683 :
1313 4630 1546 4702 Spiritus
1575 4633 1728 4701 {aciei
1751 4643 1944 4688 nostra
1970 4633 2149 4689 Chris-

541 4741 622 4786 tus
651 4729 926 4798 Dominus,
964 4726 1050 4779 cui
1089 4725 1316 4778 diximus
1351 4723 1464 4779 :In
1486 4727 1667 4779 umbra
1690 4729 1806 4799 ejus
1834 4727 2056 4782 vivemus
2091 4730 2147 4783 in

538 4826 778 4900 gentibus
807 4820 1026 4893 (Thren.
1058 4834 1133 4885 tv,
1186 4817 1301 4891 20);
1336 4827 1390 4873 et
1433 4819 1503 4873 ab
1545 4818 1739 4872 umbra
1791 4821 1859 4874 ad
1893 4821 2137 4876 umbram

528 4919 732 4974 daliam
762 4914 1237 4984 transmigramus.
1271 4910 1583 4966 Sedentibus
1613 4912 1747 4966 enim
1777 4913 1828 4966 in
1848 4914 2058 4983 regione
2096 4925 2145 4969 et

532 5015 718 5071 umbra
739 5011 942 5080 mortis,
976 5010 1070 5064 lux
1097 5016 1211 5062 orta
1240 5013 1315 5060 est
1344 5007 1417 5059 eis
1448 5005 1604 5075 (Isai.
1639 5021 1714 5074 Ix,
1747 5006 1823 5078 2).
1851 5005 1922 5060 Et
1945 5007 2143 5063 transi-

607 5187 636 5217 ι
673 5173 909 5242 Corrigit
959 5169 1232 5224 Victorius
1281 5166 1484 5242 Stoebe.
1530 5165 2130 5242 Enimvcr0_alluditnr

525 5247 682 5306 [Saize
717 5239 866 5301 locus
896 5258 1017 5308 cap.
1055 5258 1144 5302 LV,
1181 5256 1324 5292 vers.
1365 5241 1577 5304 ultimo,
1615 5239 1700 5294 ulti
1738 5241 1788 5292 in
1817 5239 2008 5295 Cra-co
2050 5251 2133 5295 est

530 5326 615 5378 καὶ
669 5323 782 5376 ἀντὶ
823 5323 916 5375 τῆς
967 5313 1179 5371 στοιϐἦς
1234 5311 1564 5387 ἀναϐήσεται.
1614 5314 1956 5387 κντῖᾇρισσος,
2016 5315 2129 5370 ἀντὶ

531 5393 586 5450 δέ
634 5401 727 5454 τῆς
775 5389 984 5451 κονύζης
1031 5384 1346 5442 ἀναϐήσεται
1404 5384 1674 5457 Fufidium?
1699 5380 1764 5433 Ei
1812 5401 1904 5457 pro
1961 5388 2130 5438 sloebe

523 5474 764 5519 αςεεηιισι
801 5473 1100 5524 cupressus,
1140 5472 1232 5522 pro
1270 5454 1669 5525 conyza'auiem
1707 5454 1942 5525 ascendet
1989 5471 2128 5525 myr-

523 5546 624 5591 tus.
656 5534 754 5590 Ubi
795 5522 892 5584 nos
932 5529 1233 5582 habemus:
1272 5522 1377 5577 Pro
1417 5523 1652 5575 saliunca
1691 5523 1930 5576 ascendet
1959 5522 2118 5589 abies,

522 5618 572 5660 et
600 5622 694 5669 pro
720 5604 884 5656 urtica
913 5608 1100 5652 crescet
1134 5607 1357 5669 myrtus.
1394 5592 1502 5669 ‘Est
1533 5601 1713 5669 autem
1745 5596 1913 5669 stoebe
1944 5593 2117 5669 herba

522 5663 642 5745 qua:
683 5676 803 5745 alio
834 5671 1055 5745 nomine
1085 5663 1276 5745 paleas
1301 5663 1518 5745 dicitur,
1558 5664 1626 5745 de
1664 5679 1769 5745 qua
1816 5665 2025 5724 Plinius
2062 5679 2118 5728 et

522 5735 869 5800 Dioscorides
901 5738 968 5793 ab
997 5735 1188 5795 eodem
1217 5736 1458 5793 Victorio
1481 5735 1684 5793 laudati
1708 5745 1893 5807 agunt.

2243 4636 2300 4690 in
2330 4653 2410 4690 me
2448 4641 2771 4702 charitatem.
2809 4643 2987 4715 aliqua
3019 4648 3266 4714 exempla
3292 4649 3582 4717 replicare:
3611 4650 3690 4706 Te
3725 4636 3854 4709 ivult

2244 4730 2462 4787 divinus
2486 4749 2667 4791 sermo
2684 4737 2912 4808 diligere
2942 4750 3173 4808 patrem,
3207 4741 3398 4806 tilium,
3429 4742 3629 4810 tiliam;
3661 4749 3775 4802 vult
3801 4757 3852 4805 te

2245 4839 2430 4881 sermo
2460 4826 2681 4883 divinus
2712 4830 2936 4900 diligere
2969 4831 3271 4888 Christum.
3310 4833 3425 4890 Nec
3465 4837 3598 4891 dicit
3629 4839 3746 4903 tibi,
3780 4855 3849 4896 nc

2247 4915 2440 4986 diligas
2469 4917 2694 4986 liberos,
2722 4937 2789 4976 ne
2816 4923 3132 4992 parentibus
3155 4925 3426 4981 charitate
3447 4927 3720 4998 jnngaris.
3739 4931 3848 4988 Sed

2247 5009 2375 5080 quid
2423 5011 2590 5068 dicit?
2629 5013 2707 5069 Ne
2745 5016 3105 5072 inordinatam
3153 5018 3354 5074 habeas
3387 5019 3736 5089 charitatem,
3781 5040 3848 5081 ne

2242 5169 2337 5296 msh
2381 5172 2544 5242 Editi,
2587 5175 2753 5230 Aliter
2781 5177 2836 5231 id
2872 5182 3042 5249 ipsum
3069 5178 3262 5233 dicitur
3293 5197 3306 5234 :
3338 5185 3843 5244 contradicentibus

2328 5259 2373 5296 s.

2328 5259 2373 5296 S.

2313 5326 2334 5352 ο
2381 5314 2546 5369 Vetus
2569 5317 2705 5373 edit.
2727 5337 2740 5373 :
2776 5320 2963 5374 Omnes
2983 5320 3128 5375 silvw
3152 5323 3383 5378 arbores.

2306 5381 2333 5421 ἀ
2363 5384 2714 5467 gistct'ciens.
2748 5394 2817 5445 ad
2839 5391 3230 5467 utribramillius
3257 5398 3716 5467 transmigramus.

2237 5466 2331 5536 με
2376 5460 2607 5513 llursttni
2645 5470 2797 5536 vetus
2843 5463 2996 5522 edit.,
3031 5465 3076 5514 si
3100 5465 3345 5536 dignatus
3388 5460 3550 5536 fuerit
3575 5488 3596 5525 :
3631 5484 3688 5528 et
3719 5489 3837 5529 mox

2231 5525 2494 5603 Cislcrr.,
2519 5541 2575 5583 ut
2604 5534 2765 5603 possit
2797 5549 2986 5598 capere
3011 5542 3059 5584 te
3086 5525 3272 5603 unibra
3299 5525 3435 5602 ejus.

2305 5600 2324 5638 τ
2362 5600 2669 5695 Victpr.,'in
2699 5615 2908 5675 gutture
2934 5618 3067 5669 meo,
3089 5602 3245 5672 juxta
3275 5600 3530 5666 Graecum
3566 5615 3839 5695 ἐνλάρε-ῃέ

2223 5694 2343 5743 μονο
2457 5671 2492 5742 ti
