3998 6348
60 377 201 435 “57

454 373 1020 432 INTERPRETATIO
1058 374 1290 431 HOMIL.
1332 371 1658 442 ORIGENIS
1698 371 1765 428 IN
1807 368 2160 426 CANTICUM
2197 363 2668 423 CANTICORUM.
2698 365 2870 422 ΗΟΜ.
2899 366 2964 422 ll.

57 490 299 558 primum
323 495 554 558 patrem,
588 496 680 542 aut
707 496 956 551 matrem,
989 487 1190 542 deinde
1222 502 1308 543 me
1338 486 1528 556 diligas
1557 504 1569 538 :
1597 503 1664 541 ne
1692 497 1748 555 Α
1771 485 1901 541 Haec
1937 493 2020 539 est
2046 494 2231 539 autem
2263 496 2459 552 sponsa
2510 496 2631 552 qua:
2668 481 2939 550 loquitur:
2975 481 3182 554 Stipate
3218 499 3299 536 me
3323 485 3376 541 in

59 581 161 634 filii
199 589 255 636 et
287 580 414 634 filia:
439 580 562 652 plus
611 595 770 650 quam
804 579 910 634 mei
940 579 1208 636 charitate
1255 579 1509 635 tenearis.
1562 578 1662 647 Qui

55 682 203 728 amat
233 684 434 742 patrem
454 683 544 726 aut
569 684 779 726 matrem
802 691 955 744 super
976 690 1076 738 me,
1110 690 1213 726 non
1243 683 1316 727 est
1338 689 1418 726 me
1439 674 1663 746 dignus:

60 768 155 837 qui
179 776 315 818 amat
340 767 506 836 ﬁlium
536 776 626 819 aut
654 765 823 836 ﬁliam
845 781 1003 837 super
1026 782 1124 829 me,
1151 782 1251 819 non
1273 775 1346 819 est
1372 783 1452 819 me
1476 766 1664 836 dignus

57 858 279 931 (.llatth.
313 875 368 917 ι.
403 859 519 928 57).
552 858 753 914 Ιίεευιε
784 858 1170 914 conscientiam
1202 869 1347 911 tuam
1380 857 1447 911 de
1472 858 1664 926 patris,

57 955 278 1017 matris,
312 953 568 1007 l’iatrisve
598 952 817 1016 affectu,
849 961 904 1008 et
949 951 1232 1007 tonsidcra
1263 950 1480 1020 qualem
1521 949 1664 1003 circa

54 1062 370 1103 Sermonem
405 1048 496 1102 Dei
528 1057 584 1103 et
613 1057 638 1084 ι
665 1047 796 1103 Jesu
830 1047 1032 1100 habeas
1074 1047 1400 1100 cltarilatem
1429 1063 1440 1098 :
1481 1045 1664 1098 statim

54 1139 444 1210 deprehendes
468 1141 639 1210 magis
674 1152 727 1195 te
750 1140 919 1194 filium
948 1151 1002 1194 et
1031 1139 1194 1193 filiam
1227 1139 1475 1208 diligere.
1505 1153 1664 1207 quam

56 1233 298 1288 Verbum
327 1251 340 1287 :
376 1237 550 1305 magis
574 1243 627 1288 te
655 1243 904 1303 parentes
934 1249 1138 1299 amaro,
1169 1249 1330 1302 quam
1364 1231 1662 1285 Christum.

51 1326 215 1393 Quis,
235 1339 414 1396 putas,
444 1328 512 1380 ita
531 1325 748 1395 profit-it
767 1343 832 1381 ex
856 1327 1035 1386 nubis.
1053 1333 1112 1380 ut
1130 1325 1458 1395 praecipuam
1481 1333 1534 1380 et
1557 1323 1666 1394 pri-

52 1435 202 1473 mam
239 1423 382 1474 inter
421 1436 614 1474 omnes
648 1436 932 1476 sermnnes
957 1420 1050 1475 Dei
1097 1420 1292 1476 habeat
1321 1419 1664 1487 cbaritatem,

49 1515 144 1584 qui
181 1516 233 1568 in
271 1513 514 1568 secundo
545 1513 666 1568 loco
705 1513 908 1569 liberos
947 1512 1330 1584 ponat?.luxta
1372 1513 1516 1567 hunc
1546 1527 1664 1564 mo-

48 1609 207 1672 dum,
251 1609 414 1682 525
446 1625 567 1663 ama
618 1624 846 1662 uxorem
882 1618 1051 1662 tuam.
1100 1607 1292 1662 Nullus
1333 1609 1538 1678 quippe
1569 1605 1670 1659 ali-

48 1707 274 1775 quando
299 1719 452 1757 suam
485 1718 708 1757 carnem
740 1701 870 1757 odio
903 1701 1095 1756 habuit
1124 1744 1136 1766 ,
1167 1701 1265 1756 sed
1295 1711 1440 1755 amat
1467 1712 1523 1755 ut
1549 1716 1668 1755 car-

49 1812 199 1852 nem.
232 1796 296 1850 Et
327 1805 497 1866 erunt,
533 1796 734 1866 inquit,
760 1797 866 1850 duo
886 1797 938 1849 in
962 1812 1117 1850 carne
1141 1813 1243 1849 una
1270 1795 1423 1867 (Gen.
1458 1811 1518 1854 tl.
1546 1793 1664 1865 24),

1764 579 1938 633 malis.
1983 578 2042 632 In
2100 578 2297 648 quibus
2349 575 2542 630 malis?
2577 574 2645 630 Ut
2683 575 2879 628 malum
2924 576 2977 628 in
3027 575 3184 648 lignis
3214 576 3378 644 silva,

1762 673 1835 725 ita
1857 671 2128 740 fratruelis
2154 686 2297 724 meus
2325 670 2378 723 in
2402 668 2571 722 medio
2602 668 2854 736 ﬁliorum.
2885 667 3095 721 Idcirco
3127 667 3181 721 in
3216 667 3378 721 malis

1766 772 1884 840 ejus
1914 772 2112 841 stipate
2147 786 2267 824 me:
2302 767 2428 839 quia
2463 766 2760 822 vulneratae
2789 765 3074 820 charitatis
3104 780 3206 836 ego
3233 779 3376 818 sum.

1766 863 1937 931 Quam
1963 865 2246 934 pulchrum
2264 872 2369 927 est,
2389 876 2550 931 quam
2573 860 2840 913 decorum
2857 874 2884 913 a
2899 857 3168 913 rharitate
3184 859 3382 910 vulnus

1768 959 2051 1026 accipere!
2080 955 2244 1028 526
2270 955 2417 1008 Alius
2438 952 2682 1023 jaculum
2702 951 2888 1006 carnei
2915 951 3118 1005 amnris
3131 950 3374 1020 excepit,

1769 1052 1909 1106 alius
1953 1067 2018 1105 ex
2053 1061 2266 1105 terrena
2317 1048 2577 1118 cupidine
2613 1046 2926 1101 vulneratus
2963 1055 3088 1100 est:
3121 1053 3176 1100 tu
3227 1042 3376 1098 nuda

1771 1144 2014 1198 membra
2068 1153 2196 1208 tua,
2253 1153 2306 1195 et
2344 1140 2526 1211 pra-he
2570 1151 2622 1193 te
2677 1140 2862 1209 jacqu
2922 1138 3139 1199 eb-cto,
3193 1138 3378 1204 iaculo

1769 1237 2010 1291 formoso
2053 1253 2066 1289 :
2143 1235 2187 1288 si
2233 1234 2453 1304 quidem
2510 1232 2654 1286 Deus
2713 1233 3026 1302 sagittarius
3077 1239 3182 1284 est.
3236 1228 3382 1284 Audi

1768 1330 2110 1399 Scripturam
2190 1329 2260 1385 de
2321 1327 2424 1383 hoc
2489 1327 2680 1382 endem
2758 1327 2940 1395 jaculo
3018 1324 3379 1394 loquentem;

1770 1425 1938 1479 immo
1971 1434 2026 1478 ut
2056 1433 2110 1478 tu
2151 1422 2385 1491 amplius
2424 1421 2733 1484 admireris,
2779 1419 2902 1474 audi
2936 1418 3114 1486 ipsmn
3143 1418 3385 1484 jaculum

1771 1517 1901 1590 quid
1936 1519 2205 1588 loquatur.
2246 1515 2430 1569 Posuit
2468 1531 2547 1567 me
2578 1523 2630 1566 ut
2671 1515 2918 1584 sagittam
2957 1512 3194 1572 electam,
3240 1516 3289 1561 et
3330 1507 3387 1562 in

1773 1612 2019 1683 pharetra
2045 1627 2143 1664 sua
2169 1620 2189 1648 ε
2217 1610 2436 1662 servavit
2464 1625 2561 1664 me.
2589 1616 2635 1660 et
2669 1607 2799 1658 dixit
2828 1603 2954 1657 mihi
2981 1620 2999 1658 :
3029 1601 3280 1673 Magnum
3312 1610 3390 1654 est

1772 1707 1865 1761 tibi
1910 1706 2030 1768 hoc,
2077 1707 2249 1759 vocari
2284 1720 2498 1777 puerum
2526 1718 2694 1756 meum
2724 1699 2881 1772 (Isai.
2917 1715 3040 1754 χιιι
3065 1741 3079 1762 ,
3108 1698 3185 1767 2).
3229 1697 3388 1751 Intelo

1775 1797 1880 1868 lige
1903 1798 2156 1865 sagittam
2185 1796 2311 1867 quid
2335 1794 2501 1859 dicat,
2535 1807 2584 1848 et
2603 1793 2877 1863 quomodo
2897 1807 2926 1844 a
2951 1791 3064 1844 Di-n
3094 1789 3384 1843 sitelerta.

51 1899 106 1944 ct
138 1905 243 1944 non
277 1890 330 1943 in
363 1907 471 1942 nnu
503 1888 722 1957 Spiritu.
753 1887 885 1942 Ama
918 1897 972 1941 et
1003 1887 1192 1952 Deum;
1219 1887 1314 1942 scd
1340 1903 1460 1941 ama
1485 1887 1659 1952 illum,

1772 1893 1941 1961 Quam
1977 1895 2200 1945 beatum
2235 1905 2312 1942 cst
2345 1889 2446 1943 hoc
2480 1887 2666 1957 jacnln
2699 1884 3010 1940 \ulnerari!
3043 1884 3153 1937 Hac
3185 1883 3380 1952 sagitta

49 1999 160 2037 non
195 1992 255 2036 ut
286 1997 512 2036 carnem
541 1991 596 2036 et
634 1981 988 2050 sanguinem,
1024 1979 1120 2034 sed
1152 1991 1208 2033 ut
1255 1981 1532 2048 Spiritum.
1566 1980 1668 2046 Qui

47 2075 196 2129 enim
226 2076 475 2130 adhaeret
508 2079 642 2140 Deo,
668 2091 808 2130 unus
835 2075 1062 2142 Spiritus
1089 2083 1194 2130 est.
1227 2073 1395 2144 Igitur
1416 2073 1670 2128 ordinata

47 2179 133 2222 est
166 2167 407 2224 charitas
436 2170 490 2223 in
518 2169 795 2238 perlaetis.
835 2168 902 2224 Ut
933 2175 1116 2224 autem
1154 2179 1275 2238 post
1304 2168 1469 2222 Deum
1502 2167 1668 2222 etiam

49 2262 196 2315 inter
223 2275 324 2316 nos
366 2259 504 2315 ordo
547 2272 808 2330 ponatur,
851 2261 1434 2330 primum-mandatum
1465 2270 1571 2326 est,
1615 2268 1672 2316 ut

47 2353 342 2424 diligamus
381 2365 677 2424 parentes:
722 2354 1049 2419 secundum,
1095 2362 1155 2408 ut
1203 2354 1376 2407 illius:
1412 2353 1668 2420 tertium,

47 2455 108 2501 ut
138 2447 482 2502 domesticos
522 2458 762 2502 nostros.
797 2445 854 2502 Si
885 2458 1066 2502 autem
1097 2448 1241 2501 filius
1273 2449 1449 2501 malus
1478 2457 1584 2513 est,
1618 2454 1674 2501 et

47 2540 383 2596 domesticus
402 2541 606 2597 bonus:
628 2542 968 2598 domesticus
987 2544 1036 2597 in
1052 2541 1318 2598 charitate
1333 2542 1426 2597 lilii
1442 2543 1667 2598 colloce-

48 2643 159 2688 tur.
184 2632 342 2688 Etita
373 2632 490 2700 ﬁet,
509 2644 900 2689 utsanctorum
921 2634 1172 2687 ordinata
1205 2633 1552 2689 sitcharitas.
1569 2633 1673 2687 Ma-

49 2728 220 2798 gister
234 2742 452 2797 quoque
463 2736 517 2782 et
534 2728 800 2783 Dominus
815 2739 1002 2784 noster
1015 2728 1070 2782 in
1090 2729 1387 2798 Evangelia
1403 2738 1670 2798 pra'ciepta

50 2817 117 2872 de
129 2819 396 2873 cliaritate
410 2819 774 2884 constituens,
796 2821 862 2877 ad
881 2823 1304 2890 uniuscujusque
1317 2821 1669 2875 dilectionem

51 2913 334 2983 propriqu
372 2911 576 2982 aliquid
631 2915 923 2985 appnsuit,
963 2924 1020 2970 et
1048 2915 1201 2969 dedit
1247 2916 1668 2985 intelligentiam

50 3005 264 3058 ordinis
308 3005 393 3058 his
432 3006 522 3074 qui
571 3017 802 3074 pu~suut
843 3008 1033 3062 audire
1090 3008 1422 3077 Scripturam
1486 3008 1672 3062 dicun-

51 3105 201 3152 tem:
259 3097 513 3152 Ordinate
550 3100 606 3152 in
655 3115 736 3151 me
784 3101 1107 3154 churitatem.
1153 3101 1350 3174 Diliges
1389 3100 1672 3156 Dominum

50 3190 224 3245 Deum
256 3204 403 3245 tuum
444 3208 509 3245 ea:
536 3203 644 3246 toto
698 3195 855 3246 corde
885 3208 997 3256 tuo,
1029 3204 1075 3249 et
1116 3212 1180 3249 ea:
1207 3207 1315 3249 tota
1355 3207 1522 3250 mente
1557 3208 1668 3264 tua,

1778 1986 2050 2041 vulnerati
2086 1984 2302 2039 fuerant
2336 1983 2411 2036 illi
2453 1985 2546 2048 qni
2599 1982 2742 2035 inter
2773 1995 2832 2034 se
2870 1977 3104 2032 invicem
3137 1978 3393 2030 confere-

1776 2082 1925 2140 bant,
1957 2081 2232 2135 dicentes:
2271 2076 2460 2131 Nonne
2483 2091 2571 2129 cor
2594 2084 2830 2128 nostrum
2860 2073 3054 2126 ardens
3075 2071 3255 2122 eratin
3279 2069 3383 2135 uia,

1777 2191 1893 2229 cum
1914 2175 2134 2244 aperiret
2153 2171 2301 2224 nobis
2329 2169 2633 2238 Scripturas
2654 2167 2808 2238 (Luc.
2837 2179 2991 2228 xxw,
3020 2162 3158 2235 5‘2)?
3187 2161 3242 2218 Sl
3267 2161 3388 2231 quis

1777 2282 2032 2324 sermone
2063 2276 2274 2329 nostro,
2303 2265 2348 2318 si
2373 2263 2495 2332 quis
2519 2262 2818 2330 Scriptura:
2851 2259 3048 2314 divina:
3071 2257 3390 2327 magisterio

1777 2361 2122 2422 vulneratur,
2138 2367 2196 2412 et
2216 2364 2395 2427 potest
2416 2357 2628 2419 dicere,
2649 2354 2776 2424 quia
2798 2353 3093 2408 vulneratae
3108 2351 3395 2406 charitatis

1777 2469 1909 2524 ego:
1952 2456 2094 2506 hunc
2113 2457 2176 2506 ἐι
2227 2451 2354 2504 illud
2396 2447 2625 2502 forsitan
2669 2448 2936 2517 sequitur.
2969 2445 3109 2513 Quid
3147 2443 3387 2500 forsitan

1776 2545 1942 2601 dico?
1975 2545 2318 2600 manifestam
2359 2555 2556 2613 promo
2598 2541 2966 2597 sententiam:
3001 2539 3232 2593 Sinistra
3270 2541 3390 2610 ejus

1776 2641 1869 2696 sub
1885 2641 2050 2711 capite
2072 2653 2204 2702 meo,
2229 2646 2275 2690 et
2294 2637 2508 2692 dextera
2524 2633 2674 2689 illius
2695 2632 3076 2706 amplexabitur
3090 2647 3190 2685 me.
3215 2630 3393 2685 Habet

1776 2743 1833 2788 et
1872 2736 1923 2786 in
1957 2733 2200 2797 sinistra,
2237 2742 2289 2784 ct
2323 2731 2376 2784 in
2408 2729 2632 2784 destera
2677 2742 2861 2782 sermo
2892 2725 2986 2781 Dei
3029 2724 3388 2794 sapientiam,

1776 2840 1898 2895 qua:
1934 2839 2055 2878 cum
2091 2838 2188 2893 pro
2220 2821 2536 2876 intellectus
2561 2821 2829 2874 varietate
2857 2818 2929 2872 sit
2975 2815 3286 2884 multiplex,
3312 2815 3387 2869 -in

1775 2917 2078 2985 subjacenti
2114 2931 2215 2969 una
2265 2923 2370 2968 est.
2402 2914 2523 2980 Ipse
2568 2913 2827 2968 Salomon
2857 2910 2926 2965 de
2975 2910 3136 2973 larva,
3167 2918 3220 2964 et
3251 2909 3389 2974 dex-

1778 3021 1895 3067 tera
1929 3011 2210 3080 sapientia».
2235 3009 2444 3076 docuit,
2468 3008 2687 3062 dicens:
2715 3006 3014 3076 Longitudo
3035 3006 3168 3058 enim
3183 3013 3230 3056 et
3260 3002 3392 3056 anni

1777 3107 1892 3158 rita:
1918 3106 1970 3158 in
2004 3104 2219 3158 dextera
2248 3107 2360 3176 ejus
2385 3119 2404 3155 :
2441 3105 2493 3155 in
2525 3101 2738 3155 sinistra
2783 3110 2956 3154 autem
2997 3099 3163 3170 ips-ius
3193 3099 3391 3152 divitia:

1779 3209 1826 3254 et
1856 3200 2025 3272 gloria
2061 3198 2256 3269 (Prov.
2292 3213 2367 3263 Ill,
2405 3193 2528 3266 16).
2567 3195 2734 3261 Igitur
2763 3197 2893 3250 la'va
2935 3195 3053 3264 ejus
3080 3193 3184 3246 sub
3209 3192 3386 3262 capite

50 3293 99 3338 et
142 3300 206 3336 ex
249 3294 356 3337 lata
383 3285 558 3337 anima
604 3293 714 3347 tua,
758 3296 804 3339 et
849 3304 914 3340 ex
945 3296 1049 3340 tota
1078 3288 1264 3342 virtute
1305 3297 1414 3341 tua.
1465 3287 1664 3362 Diliges
1693 3277 1738 3340 C
1772 3310 1912 3356 meo,
1949 3303 2003 3346 ut
2035 3309 2119 3348 me
2154 3291 2316 3346 faciat
2348 3291 2721 3360 requiescere,
2773 3299 2827 3343 et
2875 3289 3157 3343 brachium
3191 3288 3382 3354 Sponsi

51 3379 357 3450 proximum
375 3388 540 3441 tuum,
555 3379 686 3432 sicut
701 3379 920 3450 teipsum
943 3377 1124 3449 (Deut.
1141 3396 1215 3444 v1,
1240 3391 1287 3433 et
1306 3379 1498 3435 Matth.
1522 3399 1547 3434 χ
1561 3399 1587 3435 ιι
1601 3398 1661 3450 ιι,

51 3483 100 3526 et
120 3472 292 3527 Marc.
325 3488 420 3540 xu,
442 3484 489 3526 et
509 3471 636 3537 Luc.
660 3475 716 3544 ι)
740 3492 751 3527 :
775 3491 880 3530 non
913 3477 1219 3544 proximum
1243 3491 1312 3530 ex
1332 3486 1447 3531 toto
1472 3479 1661 3544 corde,

51 3583 118 3622 cx
152 3578 265 3622 tota
304 3567 505 3633 anima,
538 3577 595 3622 et
623 3584 689 3623 ex
731 3579 839 3624 tota
874 3571 1096 3636 virtute,
1132 3581 1186 3625 et
1215 3587 1281 3625 ex
1313 3580 1422 3624 tnta
1455 3581 1659 3627 mente.

52 3657 284 3725 Rursus,
320 3661 521 3729 inquit:
547 3659 766 3733 Diligite
785 3662 1022 3716 inimicos
1045 3673 1240 3718 restros
1258 3662 1415 3736 (Luc.
1442 3679 1515 3725 Vt,
1534 3664 1657 3736 35):

50 3761 104 3805 et
131 3767 239 3807 non
270 3755 543 3823 apposuit,
577 3769 642 3808 ex
681 3762 800 3808 toto
825 3755 1012 3810 corde.
1059 3755 1172 3810 Non
1207 3764 1291 3810 est
1321 3757 1661 3811 inordinatus

50 3846 497 3927 sermudivinus,
532 3863 634 3902 nec
667 3848 1028 3918 impossibilia
1057 3850 1326 3920 praecipit,
1360 3865 1460 3905 nec
1488 3850 1655 3905 dicit:

52 3937 263 4008 diligite
297 3940 546 3996 inimic05
562 3949 776 3995 vestros
799 3943 1236 4012 utvosmctipsos
1263 3961 1273 3996 :
1305 3945 1398 3999 sed
1426 3954 1654 4010 tantum,

51 4029 262 4100 diligite
294 4032 548 4087 inimicos
581 4042 833 4096 vestros;
869 4034 1072 4088 sufficit
1102 4036 1202 4101 cis,
1233 4035 1377 4105 quod
1413 4051 1507 4090 eos
1538 4037 1652 4090 dili-

51 4125 248 4193 gimus,
298 4137 354 4182 et
399 4129 526 4180 odio
566 4143 672 4180 non
718 4126 1003 4181 habemus.
1050 4128 1362 4184 Proximum
1405 4149 1556 4198 vero,
1600 4141 1658 4189 ut

55 4219 310 4287 teipsum.
347 4221 516 4276 Porro
550 4221 718 4275 Deum
747 4236 813 4275 ex
845 4229 958 4276 tuto
993 4222 1182 4288 corde,
1211 4234 1267 4276 cl
1294 4242 1358 4279 ex
1395 4236 1504 4281 tnta
1533 4227 1656 4282 aui-

54 4327 162 4370 ma.
196 4324 250 4368 et
281 4330 346 4368 ex
379 4324 487 4369 tota
520 4327 728 4380 mente,
769 4322 825 4369 et
851 4331 914 4368 ex
955 4326 1065 4370 I0ta
1094 4316 1317 4371 virtute.
1349 4319 1403 4373 Si
1437 4319 1553 4374 lucc
1575 4322 1659 4376 in-

57 4403 356 4472 tellcmis,
409 4417 464 4463 et
511 4407 786 4462 intellecta
839 4409 1222 4476 compleveris,
1279 4413 1452 4467 fecisti
1511 4415 1654 4484 quod

53 4499 237 4562 sponsi
258 4512 508 4552 sermone
537 4499 878 4568 prmcipitur;
913 4498 1238 4556 lntroducite
1258 4518 1339 4556 me
1369 4504 1421 4557 in
1442 4505 1655 4561 domum

49 4585 175 4649 viui,
206 4589 444 4642 ordinate
467 4591 520 4641 in
551 4606 631 4642 me
674 4592 1002 4647 charitatem.
1034 4593 1188 4661 Quis,
1223 4605 1402 4665 putas,
1435 4613 1465 4652 ε
1497 4600 1654 4654 nobis

1770 3388 1858 3443 ﬁat
1887 3387 2120 3442 cervical
2153 3401 2357 3451 uicum,
2378 3384 2676 3440 reclinetur
2698 3383 2894 3437 animae
2920 3381 3222 3451 principale
3249 3383 3386 3454 ιὴγι·

1767 3479 1987 3556 μανικὸν)
2005 3495 2166 3546 super
2179 3493 2490 3533 sermonem
2511 3477 2623 3530 Dei.
2645 3475 2798 3529 Lteua
2817 3477 2929 3542 eius
2951 3475 3042 3527 sub
3060 3477 3230 3544 capite
3249 3491 3381 3528 meo.

1766 3575 1883 3630 Non
1915 3574 2137 3644 e\pedit
2167 3573 2260 3627 tibi
2303 3572 2507 3626 habere
2549 3570 2864 3632 Cervicalia,
2909 3586 3028 3639 qum
3060 3568 3382 3622 lamentatio

1766 3675 2044 3738 sequatur.
2081 3666 2135 3720 lu
2168 3664 2457 3738 Ezechiele
2477 3664 2741 3732 scriptum
2768 3670 2880 3716 est:
2913 3660 3006 3716 Va:
3035 3661 3114 3714 his
3142 3661 3231 3730 qui
3251 3676 3376 3713 con-

1763 3771 1922 3816 suunt
1953 3760 2226 3815 cervicalia
2252 3735 2344 3812 sub
2382 3759 2522 3811 omni
2542 3756 2714 3810 cubitu
2760 3773 2941 3810 manus
2965 3753 3181 3822 (Ezech.
3218 3768 3376 3820 xutt,

1768 3855 1880 3927 18).
1913 3855 2032 3910 Noli
2062 3870 2330 3909 cunsuere
2355 3853 2669 3915 cervicalia,
2702 3851 2813 3906 noli
2844 3851 3006 3919 capiti
3035 3848 3260 3902 aliunde
3290 3863 3378 3902 re-

1765 3951 1945 4018 quiem
1965 3965 2240 4019 quaerere:
2273 3949 2444 4003 habes
2484 3947 2671 4018 sponsi
2703 3946 2928 4011 lmvam;
2966 3945 3036 3998 sit
3067 3943 3170 3998 sub
3195 3944 3376 4010 capite

1766 4054 1882 4108 tuo,
1912 4053 1966 4097 et
1986 4042 2104 4096 dic:
2137 4041 2288 4096 Lazva
2315 4047 2428 4118 ejus
2454 4041 2549 4095 sub
2571 4041 2738 4111 capite
2760 4054 2908 4103 meo;
2929 4053 3090 4108 quam
3121 4052 3244 4091 cum
3275 4035 3371 4090 ha-

1764 4138 1972 4201 bueris,
2007 4137 2186 4189 omnia
2222 4137 2321 4191 tibi
2353 4151 2475 4205 qua:
2501 4143 2630 4190 sunt
2659 4134 2713 4187 in
2747 4136 2880 4186 lteva
2914 4131 3247 4186 tribuuntur.
3285 4130 3374 4184 Di-

1763 4230 1844 4284 cis
1863 4230 2086 4299 quippe,
2121 4229 2173 4282 in
2207 4229 2426 4283 sinistra
2458 4227 2578 4296 ejus
2603 4225 2809 4279 divitiae
2841 4234 2894 4279 et
2924 4223 3118 4294 gloria,
3153 4233 3207 4277 et
3238 4223 3372 4278 dex-

1763 4331 1880 4378 tera
1908 4323 2025 4391 ejus
2056 4324 2458 4391 ampleXabitur
2481 4337 2586 4376 me.
2614 4319 2812 4373 Totum
2838 4327 2893 4373 te
2922 4321 3105 4390 sponsi
3136 4319 3368 4374 destera

1763 4418 2184 4485 complectatur.
2204 4415 2512 4486 Longitudo
2534 4414 2738 4484 quippe
2760 4423 2814 4469 et
2833 4413 2961 4468 anni
2988 4415 3135 4478 vitte,
3158 4413 3212 4468 in
3236 4414 3369 4468 dex-

1763 4521 1876 4568 tera
1913 4513 2035 4582 ejus
2067 4531 2078 4565 :
2110 4523 2162 4566 et
2193 4513 2262 4566 ob
2295 4510 2349 4564 id
2383 4511 2558 4581 longa:
2589 4511 2734 4571 vitm,
2769 4518 2824 4564 et
2857 4509 3154 4564 multorum
3195 4507 3222 4545 ά
3253 4509 3372 4564 die-

1759 4623 1877 4661 rum
1910 4609 2017 4662 eris
2047 4622 2212 4676 super
2245 4616 2445 4660 terram
2480 4605 2703 4669 bonam,
2735 4620 2896 4675 quam
2925 4604 3188 4660 Dominus
3221 4603 3367 4660 Deus

52 4679 430 4737 clmritatisem
449 4683 711 4739 ordinata:
734 4685 1202 4760 [Al.ordinator]i
1227 4689 1545 4759 Conﬁrmate
1572 4709 1654 4748 me
1682 4681 1734 4742 D
1761 4708 1882 4753 tuus
1913 4700 2009 4753 dat
2037 4698 2131 4752 tibi
2163 4696 2362 4763 (Exod.
2397 4713 2468 4751 xx
2499 4708 2547 4752 et
2573 4695 2730 4751 Deut.
2757 4696 2851 4767 Iv).

49 4771 102 4823 in
130 4778 428 4846 unguentis.
458 4777 604 4834 Unus
626 4778 694 4834 de
719 4779 1115 4853 luterpretibus
1142 4784 1322 4851 posuit
1343 4781 1372 4821 ι)
1395 4789 1648 4842 οἱνανθῶν.

126 4928 151 4956 τι
183 4919 351 4988 Idem,
375 4922 711 4996 Legendum,
744 4925 938 4990 inquit,
965 4939 1087 4977 esse
1110 4925 1312 4988 Iesum,
1343 4926 1510 4981 verba
1534 4943 1656 4996 qua:

55 5003 350 5070 sequuntur
377 4995 670 5050 ostendunt
704 5014 714 5049 :
749 4996 1098 5070 deprehendes
1126 4998 1291 5070 magis
1317 5008 1364 5048 te
1387 4995 1574 5063 ﬁlium,
1607 5009 1658 5053 et

54 5060 213 5126 ﬁliam
236 5064 473 5141 diligere,
496 5084 650 5138 quam
672 5060 910 5133 verbum;
930 5071 1092 5138 magis
1121 5078 1169 5122 te
1195 5060 1430 5141 parentes
1452 5087 1650 5137 amare,

55 5148 204 5200 quam
236 5134 518 5192 Christum.

126 5201 151 5239 δ
170 5205 405 5278 _Veteres
431 5209 584 5276 editi,
617 5212 916 5275 οἰνανθίνων,
943 5225 1063 5278 qua:
1095 5212 1322 5266 minime
1345 5214 1650 5276 spernenda

58 5284 140 5348 est
169 5276 350 5333 lectio.
397 5281 585 5340 lieain.
629 5297 732 5334 ms.
766 5276 974 5335 Latinis
1006 5283 1199 5336 litteris-
1231 5285 1569 5348 onesiaston;
1601 5287 1650 5340 in

57 5345 174 5423 aliis
198 5349 298 5401 alia
333 5356 528 5422 reperit
562 5353 947 5417 Martianteus;
981 5355 1074 5407 sed
1097 5357 1281 5421 utique
1314 5345 1650 5422 pra-ferenda

59 5429 315 5495 Impressa
335 5423 490 5476 lectio
505 5426 731 5478 οἰνανθὼν
745 5423 1019 5495 (Martiau.
1038 5427 1318 5487 oiva’wOm),
1334 5427 1475 5493 quod
1495 5429 1653 5495 Sym-

59 5499 158 5537 tua.
181 5487 229 5539 hi
255 5495 434 5547 νει-εἰη
461 5487 775 5562 persuadet,
803 5495 891 5562 qui
917 5498 1304 5562 interpretatus
1328 5487 1410 5550 est
1433 5487 1650 5561 οἰνάῖιθη,

62 5563 270 5635 laruntsi
301 5567 522 5619 minimc
548 5565 856 5633 expeditum
888 5564 956 5618 sit
980 5566 1228 5629 delinire,
1259 5567 1381 5635 quis
1413 5569 1512 5621 iste
1539 5572 1655 5622 fue-

59 5629 129 5711 ζμ
174 5629 470 5711 Interpres,
515 5629 677 5711 quem
721 5637 1217 5711 liieronymusnou
1270 5629 1534 5693 nnniinat.
1582 5671 1656 5682 —-

59 5693 238 5780 Posuit
251 5693 493 5780 usus;
515 5693 863 5780 Manuscripti
884 5693 1239 5763 Cbrheienses
1269 5711 1648 5778 vetustissimi,

60 5776 223 5849 posuit
249 5776 298 5826 in
326 5779 544 5831 vmaria.
573 5777 700 5831 Hazc
721 5787 912 5846 autem,
943 5792 1048 5834 etc.
1077 5780 1369 5848 Exemplar
1390 5781 1446 5838 S.
1474 5776 1654 5838 'l'lteoé

63 5837 225 5920 dorici
252 5858 412 5920 prope
439 5849 696 5920 Bhemns,
725 5837 1102 5920 ροεαὶίοίνάον,
1132 5852 1190 5905 id
1215 5837 1312 5919 es't,
1339 5837 1470 5907 cella
1500 5837 1648 5909 rina-

64 5913 162 5966 ria.
189 5922 290 5969 etc.
320 5913 708 5987 Kliudcollegii
727 5913 906 5974 'l’aris.
935 5913 1129 5976 Navar.
1153 5913 1373 5977 necnon
1393 5919 1643 5988 Regium,

1831 4791 1989 4862 527
2018 4790 2275 4861 Adjuravi
2298 4806 2404 4856 vos,
2441 4789 2567 4858 ﬁlia:
2586 4788 2906 4855 Jerusalem,
2932 4791 2987 4844 in
3015 4788 3292 4844 virtutibus
3319 4797 3366 4843 et

1765 4932 1939 5000 posuit
1966 4938 2251 4985 ΟῐΝΔΝΩΝ.
2285 4928 2353 4984 Et
2381 4930 2434 4984 in
2465 4943 2558 4982 ora
2591 4927 2879 5000 marginali
2910 4926 3027 4980 ha‘c
3055 4926 3201 5000 addit
3236 4926 3365 5000 ΔΝει-

1763 4994 1879 5056 var.
1916 5019 1930 5055 ι
1955 5003 2144 5066 οἰνέων,
2176 5000 2230 5052 id
2264 5011 2358 5065 est,
2389 5001 2520 5054 cella
2543 4997 2853 5064 vinaria;ab
2869 5015 2928 5050 eo
2941 4999 3080 5068 quod
3107 5008 3181 5051 est
3210 4994 3363 5069 οἶνος,

1761 5074 1954 5127 riuum.
1993 5074 2162 5126 Pnrru
2188 5074 2449 5126 οἰνανθνων
2484 5073 2710 5141 legimus
2763 5071 2815 5124 iu
2850 5069 3122 5123 veteribus
3165 5073 3368 5123 editio-

1763 5161 1790 5196 Ιι
1801 5146 1918 5197 ibus
1929 5187 1940 5205 ,
1956 5142 2051 5198 sed
2073 5145 2263 5198 melius
2276 5143 2551 5210 οὶνάνθιων,
2571 5158 2691 5195 nam
2705 5142 2901 5200 οἰνάνθη
2925 5148 3006 5193 est
3023 5141 3137 5192 vitis
3149 5141 3362 5210 ﬂorens.

1760 5215 1874 5270 Nisi
1911 5217 2050 5269 forte
2079 5215 2360 5284 legendum
2385 5216 2456 5268 sit
2486 5217 2721 5278 οἰνῶνων,
2747 5211 3172 5284 juxtaLatinam
3197 5213 3368 5267 inter-

1761 5289 2121 5358 pretationem
2147 5297 2391 5340 veterum
2426 5302 2556 5340 mss.
2590 5287 2873 5358 librorum.
2910 5283 3181 5358 Matt-risu.

1840 5369 1862 5397 ο
1895 5359 2087 5428 Rt-giti.
2115 5373 2215 5411 ms.
2247 5359 2297 5411 in
2331 5360 2574 5422 pharetra
2603 5374 2698 5410 sua
2725 5356 2994 5428 abscondit
3024 5370 3120 5408 me.

1835 5428 1860 5465 ά
1897 5425 2058 5484 Idem.
2089 5440 2137 5483 et
2162 5430 2446 5500 multorum
2476 5445 2728 5481 annorum
2758 5431 2892 5500 ejus.
2926 5425 3076 5500 Puto
3099 5432 3281 5480 autem
3312 5435 3370 5480 et

1764 5501 1913 5556 illum
1946 5502 2109 5556 alludi
2135 5516 2340 5554 murem
2370 5499 2734 5568 Antiquorum
2768 5497 2864 5564 per
2885 5497 3082 5566 digitus
3107 5512 3366 5551 manuum

1759 5572 2134 5638 computandi,
2157 5585 2206 5626 et
2239 5572 2482 5626 dexterae
2505 5569 2727 5638 quidem
2759 5583 2881 5637 qua:
2921 5583 3205 5622 numerum
3236 5583 3367 5623 cen-

1762 5645 2030 5699 tenarium
2064 5644 2417 5698 excederent.
2451 5641 2529 5696 Es
2563 5658 2671 5710 quo
2701 5639 2835 5694 illud
2867 5638 3148 5694 Iuvenalis
3175 5658 3187 5693 :

1821 5757 1969 5811 Felix
1986 5757 2068 5810 ille
2085 5767 2208 5823 tuos,
2227 5757 2312 5822 qui
2344 5758 2524 5808 dextra
2543 5760 2784 5818 computat
2803 5766 2970 5806 annos.

1829 5851 1971 5972 Vidg
2002 5867 2124 5934 quae
2163 5851 2545 5906 annotavimus
2585 5848 2639 5903 in
2668 5848 2762 5906 lib.
2795 5864 2813 5903 ι
2843 5858 3034 5906 contra
3062 5844 3367 5914 Jovinianu

1829 5940 1908 5972 1m.
1947 5969 1950 5972 .
1980 5959 1989 5972 ι
2121 5935 2124 5938 ’

1758 5934 1908 5975 Imm.
1938 5934 1989 5973 ᾗ.
2121 5935 2124 5938 ’
