3998 6350
538 355 682 442 ttae

1790 384 1848 441 ὃ.
1892 383 2164 442 EUSEBII
2205 385 2583 442 i’iiERONYMl

3725 388 3885 445 suo

530 500 587 553 in
610 497 802 551 viribus
823 493 956 569 agri.
981 486 1118 565 Quid
1148 492 1363 565 adjurat
1392 508 1597 567 sponsa
1624 494 1765 551 tilias
1794 495 2135 565 Jerusalem?
2162 509 2217 572 Α
2241 499 2366 571 quia
2397 501 2637 555 minores
2662 510 2811 555 sunt.
2843 499 2959 561 Non
3007 502 3239 557 transilit
3269 516 3437 571 super
3472 513 3721 575 montes,
3765 520 3886 560 non

502 589 594 645 ‘Si
609 587 895 642 levaveritls
924 597 969 640 et
996 587 1367 642 suscitaveritis
1387 588 1712 644 charitatem.
1729 590 1995 659 Quamdiu
2011 592 2140 647 cha-

528 682 663 737 ritae
680 681 881 735 dormit
900 678 1011 752 [AL
1037 679 1303 754 dormivit]
1331 682 1385 736 in
1410 681 1589 748 vobis,
1617 697 1650 737 ο
1671 681 1797 739 (illae
1812 684 2142 753 Jerusalem,

530 788 567 827 o
594 773 1043 838 adulescentum,
1077 789 1197 844 qua:
1221 774 1272 828 in
1302 790 1387 829 nte
1416 790 1525 830 non
1549 775 1772 843 dormit,
1806 779 1930 849 quia
1957 780 2147 834 vulne-

529 878 650 922 rata
674 882 794 922 sum
810 866 1118 923 charltate?
1149 866 1206 922 in
1232 867 1389 923 vobis
1414 878 1617 934 autem,
1643 887 1761 940 quae
1784 872 1966 940 plures
1988 874 2143 939 estis,

533 969 591 1015 et
622 960 1064 1027 adolescentulo,
1098 959 1299 1015 etliliae
1329 958 1658 1028 Jerusalem,
1678 962 1879 1017 dormit
1908 962 2147 1017 eharitas

536 1054 747 1122 sponsi.
783 1048 1044 1124 Adjuravl
1086 1069 1217 1125 ergo
1245 1069 1364 1121 vos,
1399 1056 1524 1109 tiliae
1563 1054 1887 1122 Jerusalem,
1919 1057 1964 1111 si
2003 1058 2148 1112 leva-

534 1146 749 1215 veritis,
775 1156 829 1202 et
860 1162 966 1203 non
991 1148 1168 1203 solum
1188 1147 1524 1213 levaveritis,
1546 1147 1640 1203 sed
1665 1149 2147 1217 etsuscitaveritis,

532 1256 659 1309 qua:
706 1243 760 1295 in
791 1243 942 1297 vobis
983 1238 1088 1309 est,
1120 1241 1469 1298 charitatem.
1513 1242 1748 1299 Creator
1777 1244 2149 1299 universitatis

536 1326 660 1389 cum
679 1350 774 1390 vos
791 1334 1076 1403 conderet,
1111 1336 1342 1392 inseruit
1362 1334 1415 1389 in
1443 1335 1707 1390 cordibus
1728 1335 1925 1390 vestris
1942 1335 2150 1390 semina

540 1429 848 1485 charitatis.
882 1428 1038 1485 Nunc
1064 1441 1274 1497 autem,
1322 1431 1466 1486 sicut
1505 1429 1637 1484 alibi
1681 1428 1907 1485 dicitur:
1939 1428 2152 1484 Justitia

544 1523 786 1577 dormivit
811 1525 862 1576 in
895 1538 955 1577 ea
987 1519 1146 1594 (Isai.
1188 1536 1227 1593 ι,
1264 1521 1386 1592 21),
1432 1523 1510 1576 sic
1542 1521 1763 1577 dilectio
1792 1521 2054 1576 dormitat
2097 1522 2149 1575 in

543 1615 700 1670 vobis
726 1634 736 1668 :
758 1614 911 1685 juxta
943 1612 1088 1685 quod
1117 1621 1173 1669 et
1210 1614 1339 1669 alibi
1369 1613 1594 1679 dicitur,
1625 1614 1862 1684 Sponsus
1906 1615 2153 1685 requievit

543 1715 601 1761 ut
633 1708 734 1773 leo,
773 1717 821 1762 et
864 1717 921 1762 ut
954 1705 1159 1761 catulus
1189 1707 1353 1762 leonis
1400 1706 1570 1779 (Gen.
1621 1706 1802 1779 1m).
1858 1706 2050 1764 Adhuc
2094 1707 2149 1764 in

541 1801 860 1857 inﬁdelibus
887 1810 943 1858 et
970 1803 1023 1857 iu
1059 1803 1144 1857 his
1186 1803 1275 1873 qui
1308 1802 1476 1858 corde
1507 1812 1634 1857 sunt
1673 1802 1861 1870 dubio,
1896 1802 2155 1858 dormitat

2239 591 2364 647 salit
2393 608 2559 663 super
2587 593 2780 648 Colles.
2817 592 2950 648 Ecce
2970 591 3054 647 hic
3075 595 3211 649 venit
3231 595 3430 650 saliens
3452 613 3617 666 super
3640 608 3885 663 montes,

2243 687 2539 742 transiliens
2565 705 2722 757 super
2746 688 2921 743 colles.

2317 779 2517 836 Similis
2531 791 2604 836 est
2630 781 2895 851 fratruelis
2920 799 3060 837 meus
3082 799 3306 854 capram,
3330 784 3668 844 authinnulo
3693 804 3894 843 cervo-

2244 890 2363 928 rum
2395 875 2445 928 in
2476 876 2733 930 montibus
2764 875 2966 932 Bethel.
3007 877 3131 933 Hmc
3163 878 3273 935 duo
3298 880 3557 935 animalia
3590 882 3648 939 in
3681 882 3893 959 Scrip-

2248 967 2383 1022 turis
2401 967 2738 1038 frequentius
2766 970 3136 1039 nominantur,
3159 983 3213 1026 et
3230 987 3338 1047 quo
3354 975 3593 1043 amplius
3620 976 3890 1032 admire-

2249 1061 2344 1127 ris,
2375 1060 2575 1130 szepins
2598 1060 2783 1131 juncta
2831 1073 3124 1133 ponuntur.
3161 1062 3232 1121 Et
3268 1064 3387 1119 inec
3429 1077 3582 1135 sunt,
3610 1070 3718 1141 ait,
3747 1084 3891 1141 qua:

2250 1152 2631 1219 manducabis;
2659 1152 2687 1191 δ
2722 1165 2842 1225 post
2874 1156 3153 1225 paululum
3204 1158 3473 1233 inferens,
3521 1176 3793 1232 capream
3828 1173 3891 1219 et

2250 1258 2490 1300 cervum.
2512 1242 2569 1299 in
2598 1246 2850 1315 prmsenti
2870 1261 3089 1318 quoque
3112 1247 3256 1304 libro
3272 1252 3480 1321 pariter
3505 1254 3889 1308 nominantur

2253 1352 2448 1392 cervus
2476 1345 2529 1392 ct
2550 1352 2766 1409 caprea.
2796 1340 3216 1410 Quodammodo
3244 1344 3389 1399 enim
3414 1357 3649 1418 Cognata
3680 1348 3792 1403 sibi
3825 1356 3887 1404 et

2254 1430 2430 1485 vicina
2477 1442 2604 1488 sunt
2650 1434 2752 1488 ista
2796 1434 3072 1489 animalia.
3122 1434 3359 1507 Caprea,
3405 1437 3456 1493 id
3508 1449 3593 1495 est
3639 1441 3883 1511 dorcas,

2254 1526 2565 1581 acutissime
2595 1525 2760 1582 videt.
2804 1526 3010 1583 Cervus
3058 1531 3375 1586 interfector
3402 1540 3725 1601 serpentum
3757 1544 3884 1590 est.

2256 1619 2410 1685 Quis,
2441 1631 2625 1690 putas,
2644 1628 2731 1675 est.
2756 1622 2950 1691 dignus
2978 1636 3007 1676 e
3039 1621 3221 1691 nobis,
3244 1624 3334 1695 qui
3356 1624 3512 1695 juxta
3536 1625 3885 1694 dignitatem

2259 1713 2360 1768 loci
2389 1724 2554 1785 atque
2598 1716 2864 1786 mysterii,
2901 1713 3116 1786 plenam
3164 1716 3332 1785 possit
3361 1716 3641 1786 explicare
3694 1716 3892 1773 ratio-

2258 1807 2418 1863 nem?
2451 1806 2683 1863 Oremus
2712 1808 3020 1878 Dominum,
3072 1819 3127 1863 nt
3156 1809 3307 1869 nobis
3335 1809 3588 1880 largiatur
3623 1825 3891 1866 sensum

544 1911 728 1952 sermo
747 1896 1000 1951 divinus:
1032 1894 1219 1965 vigilat
1242 1897 1292 1951 in
1317 1897 1540 1950 sanctis.
1568 1895 1836 1951 Dormitat
1864 1895 1920 1950 in
1951 1895 2035 1951 bis
2060 1896 2152 1967 qui
2185 1901 2233 1964 Β
2260 1900 2325 1954 ad
2357 1910 2379 1940 ο
2402 1900 2727 1971 aperiendas
2743 1902 3078 1972 Scripturas,
3104 1906 3160 1957 et
3189 1903 3453 1972 possimus
3473 1901 3688 1958 dicere:
3716 1903 3897 1971 Qua-

539 1988 958 2060 iempcstatibus
992 1990 1290 2046 ﬂuctuant:
1321 1990 1616 2045 suscitatur
1641 2005 1770 2044 vero
1788 2006 1977 2044 eorum
2004 1990 2155 2045 voci-

541 2085 668 2149 bus,
697 2085 790 2156 qui
809 2084 1057 2157 cupiunt,
1085 2084 1581 2156 vlgilantesponso,
1606 2083 1808 2139 salvari
1832 2082 2028 2155 (Macc.
2055 2083 2152 2153 tv).

547 2176 747 2233 Statim
787 2176 868 2243 lit,
901 2192 966 2230 eo
1001 2174 1258 2249 vigilante
1290 2217 1304 2242 ,
1335 2175 1733 2249 tranquillitas:
1765 2175 1950 2229 statim
1988 2176 2158 2228 unda-

545 2285 666 2325 rum
710 2269 881 2324 moles
905 2268 1325 2340 conquiescunt,
1360 2268 1642 2338 spiritibus
1666 2267 1960 2322 contrariis
1981 2266 2161 2323 incre-

545 2374 730 2433 patur,
764 2361 1029 2417 ﬂuctuum
1061 2360 1239 2417 rabies
1268 2362 1413 2417 silet.
1437 2361 1533 2416 illo
1561 2361 1894 2428 dormiente,
1926 2370 2161 2432 tempes—

549 2463 655 2521 tas,
694 2469 841 2509 mors
871 2462 925 2508 et
955 2453 1266 2523 desperatio
1294 2463 1395 2509 est.
1423 2453 1625 2524 Adjuro
1648 2469 1768 2527 ergo
1790 2469 1899 2519 vos,
1926 2453 2052 2523 ﬁlice
2069 2452 2161 2507 Je-

548 2547 806 2611 rusalem,
839 2547 893 2600 in
929 2544 1202 2600 virtutibus
1233 2556 1281 2600 et
1308 2546 1363 2600 in
1407 2546 1598 2601 tiribus
1638 2547 1773 2619 agri.
1804 2545 1973 2617 Cujus
2011 2547 2164 2616 agri?

549 2638 760 2710 Nempe
790 2640 958 2709 illius,
988 2649 1013 2678 α
1047 2644 1195 2712 cuju;
1229 2640 1357 2695 odor
1380 2641 1494 2712 agri
1525 2641 1687 2712 pleni,
1719 2657 1869 2713 quem
1903 2642 2163 2695 benedixit

551 2730 810 2788 Dominus
844 2733 997 2812 (Gen.
1024 2751 1197 2801 xxv",
1227 2734 1345 2807 27).

627 2830 685 2882 Si
711 2829 995 2884 let'averitis
1015 2829 1446 2884 etsuscitaveritis
1463 2830 1769 2885 charitatem
1784 2846 1802 2883 :
1832 2831 2168 2903 quoadusque

554 2920 679 2975 velit
719 2937 815 2976 vox
853 2923 1115 2991 fratruelis
1145 2924 1265 2977 mei.
1313 2920 1450 2977 Ecce
1488 2923 1574 2976 hic
1622 2923 1754 2977 venit
1800 2924 1992 2977 saliens
2015 2939 2171 2991 suprr

556 3025 775 3068 montes.
804 3017 928 3071 ιιωρ
952 3019 1129 3073 adhuc
1152 3019 1394 3088 quttitttr
1428 3017 1675 3075 Ecclesia
1702 3018 2002 3074 exhortans
2043 3016 2171 3072 ade-

556 3107 912 3171 lescentnlas,
948 3119 1002 3163 ut
1035 3109 1100 3163 ad
1143 3109 1332 3180 sponsi
1371 3122 1743 3181 praeparentur
1772 3102 2091 3164 adventum:
2124 3109 2171 3163 si

559 3211 743 3254 tamen
784 3200 971 3254 venire
1002 3201 1251 3265 voluerit,
1282 3211 1337 3257 et
1376 3216 1532 3255 suum
1571 3201 1679 3257 illis
1721 3202 1971 3272 prmbere
2001 3200 2174 3256 Collo-

2257 1994 2413 2048 ntodo
2435 1995 2637 2066 aperuit
2665 1996 2809 2049 nobis
2833 1992 2991 2048 Iesus
3014 1994 3321 2068 Scripturas
3354 1993 3507 2068 (Luc.
3537 2011 3698 2063 xxxv,
3733 1996 3842 2065 ἒξ)
3862 1997 3892 2051 ῒ

2258 2083 2406 2152 Quid
2434 2086 2599 2156 igitur
2627 2085 2866 2140 dicimus
2893 2103 2905 2141 :
2940 2086 3066 2156 quia
3108 2085 3315 2156 dorcas,
3363 2088 3467 2141 hoc
3499 2094 3605 2149 est,
3637 2101 3883 2158 caprea,

2260 2177 2560 2232 secundum
2592 2190 2781 2231 eorum
2815 2176 3239 2249 physiologiam,
3285 2179 3376 2247 qui
3409 2178 3475 2233 de
3505 2180 3722 2233 naturis
3749 2193 3880 2233 om-

2263 2270 2411 2324 nium
2442 2271 2765 2325 animalium
2808 2271 3113 2341 disputant,
3148 2286 3214 2328 ex
3249 2272 3410 2327 insita
3439 2271 3543 2326 sibi
3577 2272 3630 2327 vi
3676 2288 3884 2328 nomen

2262 2352 2581 2437 acceperit?
2608 2365 2693 2422 Ab
2718 2382 2785 2422 eo
2829 2368 2973 2421 enim
3004 2366 3147 2438 quod
3190 2370 3409 2422 acutius
3442 2368 3647 2433 videat,
3681 2367 3735 2422 id
3768 2376 3881 2437 est,

2263 2456 2288 2497 ά
2320 2459 2768 2539 ὀξυδερκέστερον,
2798 2459 2993 2514 dorcas
3040 2458 3316 2529 appellata
3350 2468 3455 2515 est.
3500 2458 3716 2514 Cervus
3743 2473 3888 2513 vero

2231 2625 2238 2633 τ
2266 2561 2586 2621 serpentum
2629 2552 2884 2609 inimicus
2911 2568 2974 2608 ac
2997 2551 3303 2608 debellator
3332 2563 3442 2617 est,
3479 2554 3551 2607 ita
3585 2560 3647 2606 ut
3676 2552 3889 2623 Spiritu

2266 2647 2478 2701 narium
2512 2660 2608 2701 eos
2654 2646 2905 2702 extrahat
2936 2645 3003 2700 de
3046 2646 3320 2713 cavernis,
3373 2652 3428 2700 et
3456 2655 3709 2715 superata
3746 2661 3891 2715 per-

2266 2736 2410 2791 nicie
2431 2737 2649 2801 veneni,
2675 2752 2863 2791 eorum
2891 2737 3090 2806 pabulo
3118 2737 3444 2792 delectetur.
3472 2735 3732 2793 Forsitan
3758 2736 3895 2793 Sal-

2268 2840 2426 2886 vator
2472 2846 2625 2885 meus
2657 2845 2849 2898 caprea
2895 2832 2950 2885 iit
2997 2830 3151 2902 Juxta
3179 2834 3394 2911 θεωρίαν
3427 2850 3439 2886 :
3485 2848 3684 2885 cervus
3717 2831 3893 2902 juxta

2270 2939 2459 2991 Opera.
2488 2924 2748 2991 Quantam
2792 2924 2892 2978 ista
2924 2936 3052 2978 sunt
3080 2926 3287 2996 opera?
3319 2923 3588 2980 interlicit
3624 2926 3743 2993 ipse
3768 2942 3898 2980 εει-ε

2272 3025 2485 3085 pentes,
2536 3030 2659 3070 cum
2715 3019 3022 3070 contrarias
3077 3014 3425 3071 fortitudines
3470 3016 3707 3087 jugulat.
3755 3017 3899 3075 Ideo

2273 3108 2449 3163 dicam
2480 3107 2567 3163 ei:
2604 3107 2679 3162 Tu
2715 3106 2880 3181 529
2906 3118 2928 3144 ε
2957 3110 3244 3163 contrivisti
3276 3108 3449 3175 capita
3484 3108 3777 3162 draconum
3804 3127 3900 3163 su-

2272 3216 2366 3271 per
2386 3215 2572 3271 aquum
2614 3198 2799 3270 (Psal.
2826 3214 3033 3265 Lxxnt,
3084 3197 3204 3270 15).
3239 3198 3450 3255 Similis
3486 3208 3573 3254 est
3599 3197 3901 3256 fratruelis

558 3295 767 3363 quium.
823 3295 1013 3349 Adhuc
1067 3294 1229 3365 igitur
1276 3294 1537 3364 loquente
1567 3311 1654 3363 ea,
1707 3296 1858 3351 venit
1905 3310 2163 3366 sponsus,
2194 3288 2237 3347 C
2272 3306 2425 3348 meus
2447 3306 2655 3362 caprea:
2680 3292 2764 3347 vel
2794 3290 3020 3346 hinnnlo
3051 3304 3336 3347 cervorum
3352 3305 3517 3361 super
3542 3301 3765 3348 montes
3795 3294 3904 3348 do-

557 3404 720 3459 quent
752 3388 921 3459 digito
949 3399 1245 3455 monstrat,
1276 3387 1512 3444 etdicit:
1542 3387 1679 3443 Ecce
1704 3389 1790 3443 hic
1812 3390 1945 3444 venit
1975 3390 2172 3444 saliens

558 3500 715 3552 super
729 3477 1215 3554 ntoutes.‘ltttciligc
1234 3497 1491 3553 sponsam
1519 3482 1625 3554 (ΑΖ.
1646 3482 1916 3559 sponsae),
1936 3483 2171 3537 animum

563 3579 779 3631 beatam
825 3586 986 3647 atque
1030 3576 1354 3649 perfectam,
1406 3591 1527 3646 qua:
1574 3577 1735 3631 citius
1764 3576 1968 3642 videat,
2011 3575 2173 3632 citius

560 3670 837 3725 sermonis
875 3671 1282 3739 contempletur
1309 3670 1626 3732 adventum,
1660 3685 1780 3740 qua:
1816 3670 1918 3724 sibi
1958 3669 2173 3739 sapien~

561 3760 717 3828 tiam,
752 3762 854 3817 sibi
874 3764 1088 3819 venisse
1114 3762 1316 3818 sentiat
1348 3760 1695 3823 charitatem,
1722 3770 1779 3815 et
1800 3760 2066 3814 dicatnon
2094 3761 2177 3813 vl-

561 3855 847 3910 tlentlbus:
879 3854 1008 3910 Ecce
1025 3855 1110 3909 hic
1133 3855 1474 3910 reuit.0rate
1497 3864 1556 3908 ut
1581 3863 1632 3908 et
1655 3866 1755 3922 ego
1781 3853 1982 3922 possim
2008 3850 2174 3923 528

562 3946 785 4002 dicere:
822 3945 955 4001 Ecce
980 3946 1239 4000 Iticvenit.
1270 3945 1328 4001 Si
1348 3949 1493 4001 enim
1529 3951 1754 4014 potuero
1784 3945 1875 3998 Dei
1904 3944 2177 3997 disserere

568 4052 899 4105 sermonem,
952 4039 1358 4108 quodammodo
1386 4046 1440 4091 et
1485 4052 1586 4105 ego
1617 4035 1746 4091 dico
1778 4034 1887 4107 [AL
1930 4033 2172 4106 dicam]:

570 4130 705 4186 Ecce
726 4131 811 4185 hic
841 4132 997 4186 venit.
1024 4130 1183 4198 Quo?
1213 4130 1332 4185 Non
1364 4130 1552 4201 utique
1598 4130 1687 4183 ttbl
1720 4131 1897 4196 vallis,
1930 4143 2037 4184 non
2085 4127 2178 4183 ubi

571 4223 795 4278 humilia
827 4225 965 4278 loca.
996 4224 1116 4291 Quo
1146 4224 1293 4279 venit
1314 4223 1338 4276 τ
1363 4223 1573 4278 Saliens
1600 4237 1756 4293 super
1787 4232 2006 4288 utentes,
2036 4230 2181 4277 tran-

575 4319 755 4373 siliens
787 4334 945 4387 super
971 4318 1149 4372 colles.
1178 4318 1234 4375 Si
1265 4318 1435 4373 fueris
1467 4331 1647 4379 mons,
1682 4317 1807 4371 Balit
1835 4317 1887 4370 in
1916 4327 1970 4371 te
1998 4330 2181 4372 sermo

572 4412 692 4465 Dei.
725 4410 781 4466 Si
816 4426 923 4465 non
957 4411 1190 4468 valuerls
1233 4426 1355 4467 esse
1379 4425 1558 4481 mons,
1587 4411 1685 4466 sed
1711 4410 1881 4465 lueris
1906 4410 2062 4467 collis
2089 4425 2177 4467 sea

572 4501 787 4557 cundns
813 4516 839 4554 a
868 4512 1073 4569 monte,
1110 4505 1380 4559 transiliet
1406 4519 1574 4576 super
1602 4515 1672 4559 te.
1702 4502 1878 4570 Quam
1900 4517 2033 4560 vero
2059 4502 2181 4573 pul-

574 4597 706 4652 chra
753 4604 810 4651 et
855 4596 1233 4652 convenientia
1284 4599 1451 4652 rebus
1491 4599 1779 4653 vocabula.
1831 4596 1972 4654 Salit
2015 4610 2184 4668 super

2276 3399 2398 3441 mus
2420 3383 2533 3440 Dei.
2558 3383 2961 3455 Bethelquippe
2983 3385 3399 3453 interpretatur,
3424 3390 3610 3439 domus
3634 3384 3750 3439 Dei.
3768 3384 3902 3441 Non

2275 3492 2466 3533 omnes
2494 3485 2707 3533 montes
2724 3476 2919 3531 domus
2939 3476 3031 3532 Dei
3058 3487 3214 3532 sunt:
3244 3474 3342 3532 sed
3356 3477 3409 3530 hi
3432 3479 3525 3547 qui
3545 3485 3762 3532 montes
3790 3477 3903 3534 Ec-

2276 3571 2461 3628 clesia
2489 3580 2637 3635 sunt.
2665 3570 3023 3625 inveniuntur
3044 3569 3242 3641 quippe
3268 3578 3322 3624 et
3352 3570 3445 3623 alii
3476 3583 3694 3625 montes
3716 3572 3901 3628 erecti

2278 3674 2335 3719 et
2381 3674 2773 3733 consurgentes
2828 3661 3094 3717 adversus
3147 3660 3436 3717 scientiam
3490 3660 3608 3729 Del,
3670 3673 3900 3720 montes

2278 3753 2684 3828 JEgyptiorum,
2710 3764 2762 3808 et
2785 3753 3225 3826 Allaphylornm.
3260 3753 3349 3808 Vis
3381 3758 3550 3821 scire,
3579 3756 3709 3826 quia
3740 3756 3904 3813 simi-

2277 3848 2344 3903 lis
2365 3855 2450 3903 est
2472 3847 2744 3902 fratruelis
2771 3845 2789 3884 ί
2812 3862 2961 3901 meus
2984 3862 3216 3915 capreae,
3237 3855 3331 3901 aut
3352 3845 3587 3903 hinnnlo
3600 3863 3899 3907 cervorum

2280 3956 2447 4010 super
2464 3952 2678 3994 montes
2695 3939 2920 3995 Bethel?
2935 3939 3066 3994 Esto
3082 3955 3239 3993 mons
3261 3936 3713 4008 Ecclesiastieus,
3732 3956 3901 3998 mons

2281 4033 2477 4088 domus
2501 4032 2594 4087 Dei
2616 4046 2630 4087 :
2663 4040 2719 4086 et
2739 4033 2921 4086 veniet
2941 4032 3006 4087 ad
3027 4040 3081 4087 te
3103 4045 3334 4105 sponsus
3355 4030 3556 4087 similis
3573 4047 3785 4101 caprea:
3804 4033 3900 4090 vel

2282 4110 2511 4182 hinnulo
2536 4141 2827 4182 cervorum
2846 4141 3010 4196 super
3036 4134 3247 4181 montes
3270 4124 3479 4179 Betltcl.
3502 4125 3692 4180 Cernit
3721 4140 3900 4195 Spon-

2282 4234 2404 4275 sum
2430 4220 2903 4289 apprOpinquasse
2930 4218 3189 4286 vicinius,
3220 4218 3310 4287 qui
3335 4228 3461 4272 ante
3486 4232 3652 4287 super
3671 4227 3902 4273 mantes

2281 4311 2613 4367 versabatur
2660 4320 2713 4364 et
2758 4311 2960 4367 colles:
3008 4309 3274 4364 assimilat
3322 4325 3442 4365 eum
3485 4308 3897 4365 transilientem

2283 4414 2445 4475 atque
2476 4402 2792 4469 salientem,
2826 4411 2881 4457 et
2912 4410 3037 4472 post
3064 4401 3181 4457 haec
3210 4402 3274 4457 ad
3305 4417 3382 4470 se,
3412 4409 3463 4455 et
3490 4399 3554 4453 ad
3588 4400 3728 4454 alias
3756 4400 3898 4457 ado-

2286 4500 2622 4557 lescentulas
2644 4498 2936 4553 advenisse
2963 4510 3323 4568 cognoscens,
3353 4495 3454 4551 ait:

2363 4594 2497 4648 Ecce
2521 4593 2604 4647 hic
2632 4601 2772 4646 retro
2795 4598 2906 4662 post
2935 4590 3178 4660 parietem
3205 4598 3455 4644 nostrum.
3499 4586 3558 4644 Si
3588 4586 3899 4644 :rdiilrave-

572 4699 809 4761 montes,
859 4690 981 4761 quia
1029 4690 1266 4760 majores
1300 4698 1469 4747 sunt:
1520 4691 1756 4748 transilit
1784 4702 1949 4762 super
1991 4691 2184 4762 colles,
2212 4681 2268 4743 D
2294 4689 2369 4744 ris
2403 4688 2686 4757 parietem,
2731 4693 2787 4741 et
2830 4681 3030 4738 feceris
3076 4681 3495 4741 :ediilcationem
3547 4681 3669 4749 Del,
3713 4682 3899 4737 veniet

648 4936 674 4968 ι
709 4926 904 4990 Verba,
938 4924 1087 4998 cujus
1117 4923 1265 4998 odor,
1298 4923 1550 4998 in_veterl
1583 4920 1717 4998 edit.
1748 4936 1858 4998 non
1885 4928 2033 4977 sunt.
2070 4920 2176 4998 Re:

571 5004 686 5075 gin.
733 5015 861 5065 ms.,
908 4991 1010 5075 cui
1037 4996 1317 5075 benedlait.
1349 4996 1610 5063 Quaedam
1661 4995 1886 5049 levioris
1915 4991 2178 5047 momenti

574 5069 741 5149 Supra
775 5087 838 5126 es
872 5070 1068 5125 eodem
1100 5069 1465 5139 castigantur.

645 5167 676 5208 ι)
710 5171 904 5227 Deerat
927 5170 1041 5233 post
1071 5159 1289 5225 vocula,
1318 5174 1480 5231 quam
1509 5171 1645 5219 mss.
1678 5155 1957 5233 supplent.

579 5332 619 5388 S
652 5270 674 5299 ο
706 5258 879 5315 Vetus
907 5254 1038 5316 edit.
1065 5251 1532 5331 euntCistercicn.
1564 5265 1696 5318 ηις..
1725 5250 1795 5312 ad
1821 5247 2183 5321 percipiendas

626 5333 915 5388 cripturas.
1514 5374 1539 5387 ,

626 5333 915 5399 cripturas.
1514 5374 1539 5387 ,

648 5423 675 5462 δ
706 5417 921 5491 Vulgati
950 5428 1075 5474 ante
1106 5418 1355 5477 Martian.
1386 5421 1490 5476 dmi
1515 5412 2037 5491 Toﬁ_6§lu§__8s'pststt_t.
2069 5413 2183 5491 Μει-

573 5497 670 5552 lim
705 5485 1007 5567 dumtaxat_
1031 5491 1315 5567 ὁξυϐέρκιιν
1361 5507 1470 5567 uno
1502 5485 2180 5567 gerbosEie‘ganti-ssime

570 5580 755 5621 autem
770 5576 956 5618 n05ter
970 5554 1123 5617 Zeno
1138 5554 1392 5635 Sermoni.
1413 5562 1482 5635 de
1502 5560 1804 5635 Prteceptu,
1824 5554 2044 5635 Attende
2062 5555 2174 5635 tibi,

573 5641 735 5707 paulo
759 5645 880 5706 post
908 5634 1140 5687 initium:
1163 5632 1417 5707 paulula,
1440 5630 1633 5707 inquit,
1655 5644 1757 5707 non
1778 5626 1995 5707 incurrit
2018 5626 2073 5678 in
2100 5626 2178 5682 lac

572 5699 783 5774 qucum,
816 5724 909 5772 pro
947 5721 1006 5759 e0
1033 5705 1171 5774 quod
1200 5704 1393 5761 dicitur
1417 5699 1577 5759 visunt
1600 5699 1953 5774 acutissimum
1964 5713 2170 5774 gerere.

580 5727 783 5772 meum,
816 5727 909 5772 pro
947 5727 1006 5759 eo
1033 5727 1168 5774 quoa
1200 5727 1393 5761 αισιιυῖ
1418 5727 1577 5759 lusum
1600 5727 1953 5753 “vultusuultus
2012 5727 2052 5749 cl
2066 5727 2109 5753 ct
2123 5727 2170 5753 σ.

580 5727 732 5851 {Inde
770 5787 815 5826 et
847 5774 1067 5837 nominis
1110 5775 1192 5851 sui
1237 5774 1551 5851 etymologia
1596 5771 1925 5851 sizt°ualut‘_ln
1955 5727 2175 5851 (indicis.

574 5848 721 5916 Crete
730 5856 844 5916 rum
859 5852 1094 5916 receptm
1106 5838 1347 5916 opinioni
1368 5838 1489 5903 Sca'l
1499 5847 1615 5916 iger
1628 5843 1931 5916 refragatur
1945 5838 2040 5916 ad}
2051 5838 2126 5916 ib.
2144 5855 2181 5916 tt

578 5911 864 5968 Aristotel.
894 5912 962 5966 de
983 5912 1245 5983 Animal.,
1268 5928 1413 5972 com.
1438 5910 1561 5986 156,
1591 5914 1680 5973 ubi
1710 5910 1916 5969 (laniant
1942 5912 2055 5968 vult
2075 5910 2180 5967 dici

2280 4914 2475 4991 πρόκα,
2509 4921 2675 4991 prout
2719 4926 2840 4991 eam
2887 4910 3129 4991 appellat
3157 4908 3897 4991 St.agirites_,_cpnsentiente

2283 4979 2339 5061 tu
2363 4979 2473 5061 sua
2490 4979 2747 5061 versione
2772 4983 3096 5061 Theodoro.
3120 5011 3191 5061 -ε
3204 4979 3274 5034 Id
3301 4988 3377 5061 est
3395 5026 3409 5049 ,
3441 4982 3889 5061 ρξυδιρκὲςτιρον.

2284 5059 2527 5116 Pessime
2548 5060 2601 5112 in
2616 5065 2774 5113 antea
2794 5055 2957 5115 editis
2977 5054 3131 5109 libris
3151 5052 3340 5109 Grates
3364 5054 3556 5109 istharc
3576 5052 3898 5123 contingunt

2292 5131 2547 5206 Erasmus
2574 5139 2639 5206 et
2667 5128 2962 5206 Marianas,
2997 5124 3051 5178 id
3084 5134 3179 5206 est,
3219 5126 3364 5206 πᾳρά
3391 5126 3450 5179 τὸ
3477 5127 3634 5206 ὁξόῳς
3654 5125 3890 5206 βέρρην.

2288 5200 2398 5256 Nos
2426 5201 2659 5271 genuina
2709 5196 3049 5271 restituimus
3098 5195 3343 5249 sithsidio
3385 5195 3888 5253 vetustissimorum

2287 5268 2681 5340 exemplarium
2730 5268 3226 5340 manuscriptorum
3252 5281 3378 5335 qua:
3418 5278 3744 5323 constanter
3769 5271 3897 5324 reti-

2287 5350 2422 5419 nent
2438 5337 2642 5419 nomen
2671 5341 2923 5419 Graecum
2948 5337 3394 5419 ὀξυδερκέστερον,
3430 5353 3629 5419 nempe
3648 5355 3678 5393 a
3712 5341 3896 5419 primi-

2285 5417 2398 5471 tivo
2430 5413 2724 5499 ὁξυδςρκής,
2759 5411 2812 5466 id
2843 5419 2927 5493 est
2954 5410 3169 5499 acutt'i'm
3182 5410 3443 5499 feritatis},
3471 5410 3589 5498 acie
3607 5412 3892 5499 oculos-nu!

2282 5488 2394 5542 acri
2419 5477 3047 5557 prteditnsfperspicax.
3085 5477 3241 5536 Unde
3282 5479 3722 5557 ὀξυδερκέστατος·
3757 5480 3895 5553 apud

2284 5558 2647 5613 Herodotum.
2690 5555 2960 5609 ΜΑιιτιΑκ.

2355 5639 2379 5666 ε
2421 5627 2637 5682 Addunt
2666 5626 2857 5694 Regia.
2890 5628 3076 5694 ms._et
3102 5626 3261 5694 vetus
3286 5620 3436 5694 edit.
3458 5663 3474 5687 ,
3509 5633 3565 5676 tu
3603 5625 3893 5680 contrivisti

2280 5700 2397 5770 (Al.
2431 5691 2945 5771 confregistifcaplta
2983 5691 3249 5771 draconis.
3284 5691 3447 5747 Levia
3486 5694 3741 5764 quamdam
3790 5708 3888 5752 nos

2283 5761 2447 5839 supra
2478 5761 2636 5838 atque
2665 5761 2800 5825 inira
2834 5761 2864 5818 ὲ
2890 5775 3023 5816 mss.
3052 5761 3434 5817 antendamus.
3506 5761 3516 5764 ’

2358 5842 2378 5881 ί
2422 5841 2611 5904 Regio.
2646 5853 2772 5901 tns.,
2815 5829 3078 5904 fratruelis
3097 5834 3215 5901 ejus
3236 5848 3468 5904 capreae,
3496 5845 3588 5897 θιο

2469 5853 2611 5912 egi".
2646 5853 2772 5901 tns.,
2815 5853 3078 5904 fratrum:
3097 5853 3215 5901 ejus
3236 5853 3468 5907 caprea,
3496 5853 3609 5897 elo.
