  <div class='ocr_page' id='page_1' title='image "/cluster/home/n/w/nwhite01/storage/ocr_20150623/23/uva.x000775467/578.png"; bbox 0 0 3998 6354; ppageno 0'>
   <div class='ocr_carea' id='block_1_1' title="bbox 33 351 1704 428">
    <p class='ocr_par' dir='ltr' id='par_1_1' title="bbox 33 351 1668 428">
     <span class='ocr_line' id='line_1_1' title="bbox 33 351 1668 428; baseline 0.006 -20"><span class='ocrx_word' id='word_1_1' title='bbox 33 354 48 407; x_wconf 88' lang='lat' dir='ltr'><strong>l</strong></span> <span class='ocrx_word' id='word_1_2' title='bbox 80 354 216 411; x_wconf 66' lang='grc'><strong>141</strong></span> <span class='ocrx_word' id='word_1_3' title='bbox 450 351 1022 428; x_wconf 54' lang='grc' dir='ltr'><strong>ξΙΝΤΕΒΡΒΕΤΑτΙΟ</strong></span> <span class='ocrx_word' id='word_1_4' title='bbox 1065 355 1296 416; x_wconf 62' lang='grc' dir='ltr'><strong>ίιυδιιι.</strong></span> <span class='ocrx_word' id='word_1_5' title='bbox 1335 355 1668 417; x_wconf 73' lang='lat' dir='ltr'><strong>ORIGENIS</strong></span> 
     </span>
    </p>
   </div>
   <div class='ocr_carea' id='block_1_2' title="bbox 1817 351 3404 428">
    <p class='ocr_par' dir='ltr' id='par_1_2' title="bbox 1817 353 3404 421">
     <span class='ocr_line' id='line_1_2' title="bbox 1817 353 3404 421; baseline 0.004 -6"><span class='ocrx_word' id='word_1_6' title='bbox 1817 353 2170 416; x_wconf 63' lang='lat' dir='ltr'><strong>cinnami</strong></span> <span class='ocrx_word' id='word_1_7' title='bbox 2209 353 2682 419; x_wconf 74' lang='lat' dir='ltr'><strong>(ZANTlCORUM.</strong></span> <span class='ocrx_word' id='word_1_8' title='bbox 2726 357 2900 419; x_wconf 85' lang='lat' dir='ltr'><strong>HOM.</strong></span> <span class='ocrx_word' id='word_1_9' title='bbox 2944 359 3010 419; x_wconf 85' lang='grc' dir='ltr'><strong>ιι.</strong></span> <span class='ocrx_word' id='word_1_10' title='bbox 3269 364 3404 421; x_wconf 67' lang='lat' dir='ltr'><strong>tua</strong></span> 
     </span>
    </p>
   </div>
   <div class='ocr_carea' id='block_1_3' title="bbox 32 473 3404 550">
    <p class='ocr_par' dir='ltr' id='par_1_3' title="bbox 32 473 3404 550">
     <span class='ocr_line' id='line_1_3' title="bbox 32 473 3404 550; baseline 0.005 -30"><span class='ocrx_word' id='word_1_11' title='bbox 32 483 207 537; x_wconf 55' lang='lat' dir='ltr'><strong>inst</strong></span> <span class='ocrx_word' id='word_1_12' title='bbox 245 473 516 544; x_wconf 75' lang='lat' dir='ltr'><strong>parietem</strong></span> <span class='ocrx_word' id='word_1_13' title='bbox 549 483 575 512; x_wconf 74' lang='grc'>⁸</span> <span class='ocrx_word' id='word_1_14' title='bbox 603 483 774 540; x_wconf 92' lang='lat' dir='ltr'><strong>tuum,</strong></span> <span class='ocrx_word' id='word_1_15' title='bbox 805 475 1119 548; x_wconf 75' lang='lat' dir='ltr'><strong>prospiciens</strong></span> <span class='ocrx_word' id='word_1_16' title='bbox 1150 494 1239 550; x_wconf 84' lang='lat' dir='ltr'><strong>per</strong></span> <span class='ocrx_word' id='word_1_17' title='bbox 1270 479 1540 550; x_wconf 74' lang='lat' dir='ltr'><strong>fenestras.</strong></span> <span class='ocrx_word' id='word_1_18' title='bbox 1575 477 1690 535; x_wconf 83' lang='lat' dir='ltr'><strong>Una</strong></span> <span class='ocrx_word' id='word_1_19' title='bbox 1723 486 1767 542; x_wconf 82' lang='grc' dir='ltr'><strong>Α</strong></span> <span class='ocrx_word' id='word_1_20' title='bbox 1799 479 1931 550; x_wconf 89' lang='lat' dir='ltr'><strong>pulli</strong></span> <span class='ocrx_word' id='word_1_21' title='bbox 1960 476 2340 534; x_wconf 82' lang='lat' dir='ltr'><strong>columbarum</strong></span> <span class='ocrx_word' id='word_1_22' title='bbox 2380 495 2391 532; x_wconf 92' lang='lat'><strong>:</strong></span> <span class='ocrx_word' id='word_1_23' title='bbox 2422 493 2544 533; x_wconf 88' lang='lat' dir='ltr'><strong>nam</strong></span> <span class='ocrx_word' id='word_1_24' title='bbox 2587 477 2727 533; x_wconf 89' lang='lat' dir='ltr'><strong>idem</strong></span> <span class='ocrx_word' id='word_1_25' title='bbox 2772 481 2983 543; x_wconf 76' lang='lat' dir='ltr'><strong>valent,</strong></span> <span class='ocrx_word' id='word_1_26' title='bbox 3029 483 3082 535; x_wconf 78' lang='lat' dir='ltr'><strong>et</strong></span> <span class='ocrx_word' id='word_1_27' title='bbox 3113 489 3404 550; x_wconf 84' lang='lat' dir='ltr'><strong>numquam</strong></span> 
     </span>
    </p>
   </div>
   <div class='ocr_carea' id='block_1_4' title="bbox 31 568 3403 644">
    <p class='ocr_par' dir='ltr' id='par_1_4' title="bbox 31 568 3403 644">
     <span class='ocr_line' id='line_1_4' title="bbox 31 568 3403 644; baseline 0.002 -24"><span class='ocrx_word' id='word_1_28' title='bbox 31 568 357 630; x_wconf 75' lang='lat' dir='ltr'><strong>Fericstra,</strong></span> <span class='ocrx_word' id='word_1_29' title='bbox 392 586 532 625; x_wconf 91' lang='lat' dir='ltr'><strong>unus</strong></span> <span class='ocrx_word' id='word_1_30' title='bbox 559 579 641 626; x_wconf 88' lang='lat' dir='ltr'><strong>est</strong></span> <span class='ocrx_word' id='word_1_31' title='bbox 677 587 870 626; x_wconf 80' lang='lat' dir='ltr'><strong>sensus</strong></span> <span class='ocrx_word' id='word_1_32' title='bbox 903 591 915 626; x_wconf 94' lang='lat'><strong>:</strong></span> <span class='ocrx_word' id='word_1_33' title='bbox 957 589 1052 643; x_wconf 89' lang='lat' dir='ltr'><strong>per</strong></span> <span class='ocrx_word' id='word_1_34' title='bbox 1077 569 1219 628; x_wconf 82' lang='lat' dir='ltr'><strong>ltuno</strong></span> <span class='ocrx_word' id='word_1_35' title='bbox 1249 576 1506 644; x_wconf 82' lang='lat' dir='ltr'><strong>prospicit</strong></span> <span class='ocrx_word' id='word_1_36' title='bbox 1537 589 1702 644; x_wconf 83' lang='lat' dir='ltr'><strong>spon-</strong></span> <span class='ocrx_word' id='word_1_37' title='bbox 1802 571 2004 628; x_wconf 89' lang='lat' dir='ltr'><strong>dictum</strong></span> <span class='ocrx_word' id='word_1_38' title='bbox 2032 575 2447 644; x_wconf 89' lang='lat' dir='ltr'><strong>estseparatim,</strong></span> <span class='ocrx_word' id='word_1_39' title='bbox 2481 571 2973 642; x_wconf 86' lang='lat' dir='ltr'><strong>partantummodo</strong></span> <span class='ocrx_word' id='word_1_40' title='bbox 2995 573 3403 630; x_wconf 74' lang='lat' dir='ltr'><strong>columbarum:</strong></span> 
     </span>
    </p>
   </div>
   <div class='ocr_carea' id='block_1_5' title="bbox 31 663 3410 738">
    <p class='ocr_par' dir='ltr' id='par_1_5' title="bbox 31 663 3410 738">
     <span class='ocr_line' id='line_1_5' title="bbox 31 663 3410 738; baseline 0.002 -24"><span class='ocrx_word' id='word_1_41' title='bbox 31 675 197 716; x_wconf 84' lang='lat' dir='ltr'><strong>sus.</strong></span> <span class='ocrx_word' id='word_1_42' title='bbox 242 663 369 718; x_wconf 84' lang='lat' dir='ltr'><strong>Alia</strong></span> <span class='ocrx_word' id='word_1_43' title='bbox 418 663 677 730; x_wconf 79' lang='lat' dir='ltr'><strong>fenestra,</strong></span> <span class='ocrx_word' id='word_1_44' title='bbox 729 665 869 719; x_wconf 88' lang='lat' dir='ltr'><strong>alius</strong></span> <span class='ocrx_word' id='word_1_45' title='bbox 915 676 998 719; x_wconf 89' lang='lat' dir='ltr'><strong>est</strong></span> <span class='ocrx_word' id='word_1_46' title='bbox 1037 681 1230 721; x_wconf 65' lang='lat' dir='ltr'><strong>sensus</strong></span> <span class='ocrx_word' id='word_1_47' title='bbox 1264 684 1276 720; x_wconf 89' lang='lat'>:</span> <span class='ocrx_word' id='word_1_48' title='bbox 1327 678 1380 722; x_wconf 90' lang='lat' dir='ltr'><strong>et</strong></span> <span class='ocrx_word' id='word_1_49' title='bbox 1431 684 1524 736; x_wconf 88' lang='lat' dir='ltr'><strong>pcr</strong></span> <span class='ocrx_word' id='word_1_50' title='bbox 1561 666 1703 722; x_wconf 90' lang='lat' dir='ltr'><strong>hunc</strong></span> <span class='ocrx_word' id='word_1_51' title='bbox 1803 668 1897 722; x_wconf 88' lang='lat' dir='ltr'><strong>sed</strong></span> <span class='ocrx_word' id='word_1_52' title='bbox 1929 683 2025 736; x_wconf 88' lang='lat' dir='ltr'><strong>par</strong></span> <span class='ocrx_word' id='word_1_53' title='bbox 2054 678 2358 730; x_wconf 85' lang='lat' dir='ltr'><strong>turturum,</strong></span> <span class='ocrx_word' id='word_1_54' title='bbox 2403 676 2457 723; x_wconf 92' lang='lat' dir='ltr'><strong>et</strong></span> <span class='ocrx_word' id='word_1_55' title='bbox 2493 666 2631 722; x_wconf 90' lang='lat' dir='ltr'><strong>duos</strong></span> <span class='ocrx_word' id='word_1_56' title='bbox 2664 667 2842 736; x_wconf 91' lang='lat' dir='ltr'><strong>pullos</strong></span> <span class='ocrx_word' id='word_1_57' title='bbox 2870 667 3247 722; x_wconf 84' lang='lat' dir='ltr'><strong>columbarum</strong></span> <span class='ocrx_word' id='word_1_58' title='bbox 3279 665 3410 738; x_wconf 78' lang='lat' dir='ltr'><strong>(Le-</strong></span> 
     </span>
    </p>
   </div>
   <div class='ocr_carea' id='block_1_6' title="bbox 29 757 3415 831">
    <p class='ocr_par' dir='ltr' id='par_1_6' title="bbox 29 757 3415 831">
     <span class='ocr_line' id='line_1_6' title="bbox 29 757 3415 831; baseline 0.004 -25"><span class='ocrx_word' id='word_1_59' title='bbox 29 768 337 822; x_wconf 79' lang='lat' dir='ltr'><strong>Sponsus</strong></span> <span class='ocrx_word' id='word_1_60' title='bbox 377 757 611 811; x_wconf 80' lang='lat' dir='ltr'><strong>Sollicite</strong></span> <span class='ocrx_word' id='word_1_61' title='bbox 639 767 951 814; x_wconf 80' lang='lat' dir='ltr'><strong>contuetur.</strong></span> <span class='ocrx_word' id='word_1_62' title='bbox 1002 759 1107 814; x_wconf 87' lang='lat' dir='ltr'><strong>Per</strong></span> <span class='ocrx_word' id='word_1_63' title='bbox 1145 776 1279 830; x_wconf 90' lang='lat' dir='ltr'><strong>quos</strong></span> <span class='ocrx_word' id='word_1_64' title='bbox 1325 763 1468 815; x_wconf 89' lang='lat' dir='ltr'><strong>enim</strong></span> <span class='ocrx_word' id='word_1_65' title='bbox 1507 776 1705 815; x_wconf 81' lang='lat' dir='ltr'><strong>sensus</strong></span> <span class='ocrx_word' id='word_1_66' title='bbox 1804 761 1891 813; x_wconf 75' lang='lat' dir='ltr'><strong>vit.</strong></span> <span class='ocrx_word' id='word_1_67' title='bbox 1919 777 1968 826; x_wconf 89' lang='grc' dir='ltr'><strong>ι,</strong></span> <span class='ocrx_word' id='word_1_68' title='bbox 2009 779 2064 826; x_wconf 88' lang='lat' dir='ltr'><strong>v,</strong></span> <span class='ocrx_word' id='word_1_69' title='bbox 2103 778 2176 815; x_wconf 83' lang='lat' dir='ltr'><strong>xu</strong></span> <span class='ocrx_word' id='word_1_70' title='bbox 2228 772 2275 815; x_wconf 88' lang='lat' dir='ltr'><strong>et</strong></span> <span class='ocrx_word' id='word_1_71' title='bbox 2325 776 2435 826; x_wconf 79' lang='lat' dir='ltr'><strong>xw,</strong></span> <span class='ocrx_word' id='word_1_72' title='bbox 2483 777 2543 814; x_wconf 84' lang='lat' dir='ltr'><strong>ac</strong></span> <span class='ocrx_word' id='word_1_73' title='bbox 2579 761 2707 814; x_wconf 79' lang='lat' dir='ltr'><strong>Luc.</strong></span> <span class='ocrx_word' id='word_1_74' title='bbox 2739 763 2820 830; x_wconf 80' lang='lat' dir='ltr'><strong>tt).</strong></span> <span class='ocrx_word' id='word_1_75' title='bbox 2855 760 3142 827; x_wconf 82' lang='lat' dir='ltr'><strong>Columba,</strong></span> <span class='ocrx_word' id='word_1_76' title='bbox 3171 760 3415 831; x_wconf 72' lang='lat' dir='ltr'><strong>Spiritus</strong></span> 
     </span>
    </p>
   </div>
   <div class='ocr_carea' id='block_1_7' title="bbox 29 852 3415 926">
    <p class='ocr_par' dir='ltr' id='par_1_7' title="bbox 29 852 3415 926">
     <span class='ocr_line' id='line_1_7' title="bbox 29 852 3415 926; baseline 0.004 -27"><span class='ocrx_word' id='word_1_77' title='bbox 29 865 70 900; x_wconf 84' lang='grc' dir='ltr'><strong>ιι</strong></span> <span class='ocrx_word' id='word_1_78' title='bbox 86 867 189 903; x_wconf 78' lang='lat' dir='ltr'>0n</span> <span class='ocrx_word' id='word_1_79' title='bbox 227 852 497 921; x_wconf 82' lang='lat' dir='ltr'><strong>prospicit</strong></span> <span class='ocrx_word' id='word_1_80' title='bbox 527 869 708 906; x_wconf 83' lang='lat' dir='ltr'><strong>sermo</strong></span> <span class='ocrx_word' id='word_1_81' title='bbox 743 853 870 907; x_wconf 88' lang='lat' dir='ltr'><strong>Dei?</strong></span> <span class='ocrx_word' id='word_1_82' title='bbox 900 854 1040 920; x_wconf 85' lang='lat' dir='ltr'><strong>Quid</strong></span> <span class='ocrx_word' id='word_1_83' title='bbox 1068 856 1139 908; x_wconf 85' lang='lat' dir='ltr'><strong>sit</strong></span> <span class='ocrx_word' id='word_1_84' title='bbox 1175 864 1353 909; x_wconf 90' lang='lat' dir='ltr'><strong>autem</strong></span> <span class='ocrx_word' id='word_1_85' title='bbox 1391 856 1705 924; x_wconf 87' lang='lat' dir='ltr'><strong>prospicere</strong></span> <span class='ocrx_word' id='word_1_86' title='bbox 1808 854 2038 910; x_wconf 79' lang='lat' dir='ltr'><strong>Sanctus</strong></span> <span class='ocrx_word' id='word_1_87' title='bbox 2068 866 2172 910; x_wconf 90' lang='lat' dir='ltr'><strong>est.</strong></span> <span class='ocrx_word' id='word_1_88' title='bbox 2205 855 2441 925; x_wconf 88' lang='lat' dir='ltr'><strong>Spiritus</strong></span> <span class='ocrx_word' id='word_1_89' title='bbox 2467 863 2645 910; x_wconf 88' lang='lat' dir='ltr'><strong>autem</strong></span> <span class='ocrx_word' id='word_1_90' title='bbox 2668 855 2918 922; x_wconf 89' lang='lat' dir='ltr'><strong>Sanctus,</strong></span> <span class='ocrx_word' id='word_1_91' title='bbox 2949 855 3173 926; x_wconf 85' lang='lat' dir='ltr'><strong>quando</strong></span> <span class='ocrx_word' id='word_1_92' title='bbox 3202 855 3272 910; x_wconf 90' lang='lat' dir='ltr'><strong>de</strong></span> <span class='ocrx_word' id='word_1_93' title='bbox 3298 871 3415 911; x_wconf 85' lang='lat' dir='ltr'><strong>ma-</strong></span> 
     </span>
    </p>
   </div>
   <div class='ocr_carea' id='block_1_8' title="bbox 30 943 3420 1020">
    <p class='ocr_par' dir='ltr' id='par_1_8' title="bbox 30 943 3420 1020">
     <span class='ocr_line' id='line_1_8' title="bbox 30 943 3420 1020; baseline 0.004 -28"><span class='ocrx_word' id='word_1_94' title='bbox 30 959 172 1009; x_wconf 70' lang='grc' dir='ltr'><strong>μει-</strong></span> <span class='ocrx_word' id='word_1_95' title='bbox 221 943 524 1007; x_wconf 78' lang='lat' dir='ltr'><strong>feneSIras.</strong></span> <span class='ocrx_word' id='word_1_96' title='bbox 557 956 608 1000; x_wconf 88' lang='lat' dir='ltr'><strong>et</strong></span> <span class='ocrx_word' id='word_1_97' title='bbox 638 947 915 1016; x_wconf 83' lang='lat' dir='ltr'><strong>quomodo</strong></span> <span class='ocrx_word' id='word_1_98' title='bbox 951 964 1048 1015; x_wconf 84' lang='lat' dir='ltr'><strong>per</strong></span> <span class='ocrx_word' id='word_1_99' title='bbox 1073 963 1167 1001; x_wconf 90' lang='lat' dir='ltr'><strong>eas</strong></span> <span class='ocrx_word' id='word_1_100' title='bbox 1194 962 1427 1017; x_wconf 87' lang='lat' dir='ltr'><strong>sponsus</strong></span> <span class='ocrx_word' id='word_1_101' title='bbox 1455 947 1705 1018; x_wconf 82' lang='lat' dir='ltr'><strong>aspiciat,</strong></span> <span class='ocrx_word' id='word_1_102' title='bbox 1807 946 1925 1016; x_wconf 75' lang='lat' dir='ltr'><strong>gnis</strong></span> <span class='ocrx_word' id='word_1_103' title='bbox 1953 956 2007 1001; x_wconf 89' lang='lat' dir='ltr'><strong>et</strong></span> <span class='ocrx_word' id='word_1_104' title='bbox 2038 948 2431 1002; x_wconf 74' lang='lat' dir='ltr'><strong>occultioribus</strong></span> <span class='ocrx_word' id='word_1_105' title='bbox 2471 949 2862 1016; x_wconf 87' lang='lat' dir='ltr'><strong>Sacramentis,</strong></span> <span class='ocrx_word' id='word_1_106' title='bbox 2904 957 2959 1005; x_wconf 91' lang='lat' dir='ltr'><strong>et</strong></span> <span class='ocrx_word' id='word_1_107' title='bbox 2987 966 3107 1020; x_wconf 69' lang='lat' dir='ltr'><strong>qua:</strong></span> <span class='ocrx_word' id='word_1_108' title='bbox 3134 950 3297 1005; x_wconf 88' lang='lat' dir='ltr'><strong>multi</strong></span> <span class='ocrx_word' id='word_1_109' title='bbox 3329 965 3420 1006; x_wconf 82' lang='lat' dir='ltr'><strong>ca-</strong></span> 
     </span>
    </p>
   </div>
   <div class='ocr_carea' id='block_1_9' title="bbox 29 1038 3414 1112">
    <p class='ocr_par' dir='ltr' id='par_1_9' title="bbox 29 1038 3414 1112">
     <span class='ocr_line' id='line_1_9' title="bbox 29 1038 3414 1112; baseline 0.003 -23"><span class='ocrx_word' id='word_1_110' title='bbox 29 1051 335 1106; x_wconf 78' lang='lat' dir='ltr'><strong>sequens</strong></span> <span class='ocrx_word' id='word_1_111' title='bbox 369 1038 588 1093; x_wconf 86' lang='lat' dir='ltr'><strong>docebit</strong></span> <span class='ocrx_word' id='word_1_112' title='bbox 619 1040 952 1108; x_wconf 88' lang='lat' dir='ltr'><strong>exemplum.</strong></span> <span class='ocrx_word' id='word_1_113' title='bbox 987 1040 1090 1096; x_wconf 91' lang='lat' dir='ltr'><strong>Ubi</strong></span> <span class='ocrx_word' id='word_1_114' title='bbox 1124 1055 1228 1095; x_wconf 89' lang='lat' dir='ltr'><strong>non</strong></span> <span class='ocrx_word' id='word_1_115' title='bbox 1257 1041 1516 1111; x_wconf 83' lang='lat' dir='ltr'><strong>prospicit</strong></span> <span class='ocrx_word' id='word_1_116' title='bbox 1544 1054 1702 1108; x_wconf 91' lang='lat' dir='ltr'><strong>spon-</strong></span> <span class='ocrx_word' id='word_1_117' title='bbox 1811 1055 1938 1108; x_wconf 86' lang='lat' dir='ltr'><strong>pere.</strong></span> <span class='ocrx_word' id='word_1_118' title='bbox 1971 1054 2077 1094; x_wconf 92' lang='lat' dir='ltr'><strong>non</strong></span> <span class='ocrx_word' id='word_1_119' title='bbox 2105 1050 2354 1110; x_wconf 90' lang='lat' dir='ltr'><strong>possunt,</strong></span> <span class='ocrx_word' id='word_1_120' title='bbox 2387 1041 2647 1110; x_wconf 87' lang='lat' dir='ltr'><strong>loquitur,</strong></span> <span class='ocrx_word' id='word_1_121' title='bbox 2682 1042 2732 1095; x_wconf 93' lang='lat' dir='ltr'><strong>in</strong></span> <span class='ocrx_word' id='word_1_122' title='bbox 2765 1042 2994 1095; x_wconf 90' lang='lat' dir='ltr'><strong>turturis</strong></span> <span class='ocrx_word' id='word_1_123' title='bbox 3038 1042 3414 1112; x_wconf 87' lang='lat' dir='ltr'><strong>appellatione</strong></span> 
     </span>
    </p>
   </div>
   <div class='ocr_carea' id='block_1_10' title="bbox 32 1131 3412 1204">
    <p class='ocr_par' dir='ltr' id='par_1_10' title="bbox 32 1131 3412 1204">
     <span class='ocr_line' id='line_1_10' title="bbox 32 1131 3412 1204; baseline 0.001 -20"><span class='ocrx_word' id='word_1_124' title='bbox 32 1145 199 1196; x_wconf 86' lang='lat' dir='ltr'><strong>sus,</strong></span> <span class='ocrx_word' id='word_1_125' title='bbox 239 1131 316 1186; x_wconf 91' lang='lat' dir='ltr'><strong>ibi</strong></span> <span class='ocrx_word' id='word_1_126' title='bbox 349 1148 497 1187; x_wconf 89' lang='lat' dir='ltr'><strong>mors</strong></span> <span class='ocrx_word' id='word_1_127' title='bbox 531 1133 812 1187; x_wconf 81' lang='lat' dir='ltr'><strong>invenitur</strong></span> <span class='ocrx_word' id='word_1_128' title='bbox 843 1134 1167 1201; x_wconf 83' lang='lat' dir='ltr'><strong>ascendens,</strong></span> <span class='ocrx_word' id='word_1_129' title='bbox 1196 1143 1256 1188; x_wconf 90' lang='lat' dir='ltr'><strong>ut</strong></span> <span class='ocrx_word' id='word_1_130' title='bbox 1279 1135 1502 1203; x_wconf 80' lang='lat' dir='ltr'><strong>legimus</strong></span> <span class='ocrx_word' id='word_1_131' title='bbox 1536 1134 1588 1187; x_wconf 92' lang='lat' dir='ltr'><strong>in</strong></span> <span class='ocrx_word' id='word_1_132' title='bbox 1619 1135 1709 1189; x_wconf 91' lang='lat' dir='ltr'><strong>Je-</strong></span> <span class='ocrx_word' id='word_1_133' title='bbox 1808 1134 2072 1203; x_wconf 83' lang='lat' dir='ltr'><strong>signatur,</strong></span> <span class='ocrx_word' id='word_1_134' title='bbox 2119 1134 2167 1187; x_wconf 90' lang='lat' dir='ltr'><strong>id</strong></span> <span class='ocrx_word' id='word_1_135' title='bbox 2203 1144 2308 1202; x_wconf 89' lang='lat' dir='ltr'><strong>est,</strong></span> <span class='ocrx_word' id='word_1_136' title='bbox 2340 1133 2393 1187; x_wconf 87' lang='lat' dir='ltr'><strong>in</strong></span> <span class='ocrx_word' id='word_1_137' title='bbox 2427 1133 2546 1204; x_wconf 88' lang='lat' dir='ltr'><strong>ejus</strong></span> <span class='ocrx_word' id='word_1_138' title='bbox 2588 1134 2722 1202; x_wconf 87' lang='lat' dir='ltr'><strong>avis,</strong></span> <span class='ocrx_word' id='word_1_139' title='bbox 2769 1149 2888 1202; x_wconf 67' lang='lat' dir='ltr'><strong>quae</strong></span> <span class='ocrx_word' id='word_1_140' title='bbox 2919 1149 3136 1202; x_wconf 87' lang='lat' dir='ltr'><strong>semper</strong></span> <span class='ocrx_word' id='word_1_141' title='bbox 3163 1134 3215 1188; x_wconf 89' lang='lat' dir='ltr'><strong>in</strong></span> <span class='ocrx_word' id='word_1_142' title='bbox 3257 1149 3412 1189; x_wconf 85' lang='lat' dir='ltr'><strong>mon-</strong></span> 
     </span>
    </p>
   </div>
   <div class='ocr_carea' id='block_1_11' title="bbox 33 1227 3410 1301">
    <p class='ocr_par' dir='ltr' id='par_1_11' title="bbox 33 1227 3410 1301">
     <span class='ocr_line' id='line_1_11' title="bbox 33 1227 3410 1301; baseline 0.002 -23"><span class='ocrx_word' id='word_1_143' title='bbox 33 1228 288 1280; x_wconf 86' lang='lat' dir='ltr'><strong>rcmia.</strong></span> <span class='ocrx_word' id='word_1_144' title='bbox 330 1227 462 1282; x_wconf 89' lang='lat' dir='ltr'><strong>Ecce</strong></span> <span class='ocrx_word' id='word_1_145' title='bbox 484 1245 621 1282; x_wconf 90' lang='lat' dir='ltr'><strong>mors</strong></span> <span class='ocrx_word' id='word_1_146' title='bbox 653 1231 889 1284; x_wconf 78' lang='lat' dir='ltr'><strong>ascendit</strong></span> <span class='ocrx_word' id='word_1_147' title='bbox 914 1247 1004 1298; x_wconf 83' lang='lat' dir='ltr'><strong>per</strong></span> <span class='ocrx_word' id='word_1_148' title='bbox 1037 1233 1293 1301; x_wconf 72' lang='lat' dir='ltr'><strong>fenestras</strong></span> <span class='ocrx_word' id='word_1_149' title='bbox 1320 1230 1346 1268; x_wconf 65' lang='grc' dir='ltr'><strong>ι)</strong></span> <span class='ocrx_word' id='word_1_150' title='bbox 1377 1242 1567 1284; x_wconf 82' lang='lat' dir='ltr'><strong>t&#39;estras</strong></span> <span class='ocrx_word' id='word_1_151' title='bbox 1587 1230 1705 1298; x_wconf 73' lang='lat' dir='ltr'><strong>(Je-</strong></span> <span class='ocrx_word' id='word_1_152' title='bbox 1809 1230 1940 1282; x_wconf 89' lang='lat' dir='ltr'><strong>tium</strong></span> <span class='ocrx_word' id='word_1_153' title='bbox 1962 1229 2125 1298; x_wconf 82' lang='lat' dir='ltr'><strong>jugis,</strong></span> <span class='ocrx_word' id='word_1_154' title='bbox 2156 1239 2208 1283; x_wconf 90' lang='lat' dir='ltr'><strong>et</strong></span> <span class='ocrx_word' id='word_1_155' title='bbox 2233 1229 2284 1282; x_wconf 90' lang='lat' dir='ltr'><strong>iu</strong></span> <span class='ocrx_word' id='word_1_156' title='bbox 2313 1230 2567 1283; x_wconf 89' lang='lat' dir='ltr'><strong>arborum</strong></span> <span class='ocrx_word' id='word_1_157' title='bbox 2599 1229 2894 1283; x_wconf 75' lang='lat' dir='ltr'><strong>verticibus</strong></span> <span class='ocrx_word' id='word_1_158' title='bbox 2922 1238 3322 1295; x_wconf 84' lang='lat' dir='ltr'><strong>commoratur;</strong></span> <span class='ocrx_word' id='word_1_159' title='bbox 3356 1230 3410 1285; x_wconf 94' lang='lat' dir='ltr'><strong>in</strong></span> 
     </span>
    </p>
   </div>
   <div class='ocr_carea' id='block_1_12' title="bbox 35 1319 3421 1396">
    <p class='ocr_par' dir='ltr' id='par_1_12' title="bbox 35 1319 3421 1396">
     <span class='ocr_line' id='line_1_12' title="bbox 35 1319 3421 1396; baseline 0.002 -25"><span class='ocrx_word' id='word_1_160' title='bbox 35 1337 208 1374; x_wconf 80' lang='lat' dir='ltr'><strong>rem.</strong></span> <span class='ocrx_word' id='word_1_161' title='bbox 248 1338 326 1388; x_wconf 66' lang='grc' dir='ltr'><strong>ιχ,</strong></span> <span class='ocrx_word' id='word_1_162' title='bbox 358 1322 471 1388; x_wconf 70' lang='grc'><strong>21).</strong></span> <span class='ocrx_word' id='word_1_163' title='bbox 503 1324 728 1390; x_wconf 90' lang='lat' dir='ltr'><strong>Quando</strong></span> <span class='ocrx_word' id='word_1_164' title='bbox 761 1325 962 1379; x_wconf 85' lang='lat' dir='ltr'><strong>videris</strong></span> <span class='ocrx_word' id='word_1_165' title='bbox 994 1325 1278 1381; x_wconf 86' lang='lat' dir='ltr'><strong>mulierem</strong></span> <span class='ocrx_word' id='word_1_166' title='bbox 1307 1325 1374 1379; x_wconf 92' lang='lat' dir='ltr'><strong>ad</strong></span> <span class='ocrx_word' id='word_1_167' title='bbox 1409 1325 1703 1396; x_wconf 83' lang='lat' dir='ltr'><strong>concupis-</strong></span> <span class='ocrx_word' id='word_1_168' title='bbox 1810 1322 2040 1377; x_wconf 89' lang='lat' dir='ltr'><strong>vallibus</strong></span> <span class='ocrx_word' id='word_1_169' title='bbox 2062 1334 2265 1390; x_wconf 86' lang='lat' dir='ltr'><strong>autem,</strong></span> <span class='ocrx_word' id='word_1_170' title='bbox 2297 1333 2348 1376; x_wconf 91' lang='lat' dir='ltr'><strong>et</strong></span> <span class='ocrx_word' id='word_1_171' title='bbox 2378 1319 2464 1376; x_wconf 83' lang='lat' dir='ltr'><strong>bis</strong></span> <span class='ocrx_word' id='word_1_172' title='bbox 2493 1338 2614 1392; x_wconf 63' lang='lat' dir='ltr'><strong>quae</strong></span> <span class='ocrx_word' id='word_1_173' title='bbox 2643 1321 2708 1376; x_wconf 91' lang='lat' dir='ltr'><strong>ad</strong></span> <span class='ocrx_word' id='word_1_174' title='bbox 2743 1321 2993 1376; x_wconf 88' lang='lat' dir='ltr'><strong>homines</strong></span> <span class='ocrx_word' id='word_1_175' title='bbox 3027 1338 3195 1391; x_wconf 82' lang='lat' dir='ltr'><strong>usque</strong></span> <span class='ocrx_word' id='word_1_176' title='bbox 3224 1339 3421 1393; x_wconf 89' lang='lat' dir='ltr'><strong>perve-</strong></span> 
     </span>
    </p>
   </div>
   <div class='ocr_carea' id='block_1_13' title="bbox 33 1415 3416 1490">
    <p class='ocr_par' dir='ltr' id='par_1_13' title="bbox 33 1415 3416 1490">
     <span class='ocr_line' id='line_1_13' title="bbox 33 1415 3416 1490; baseline 0.001 -21"><span class='ocrx_word' id='word_1_177' title='bbox 33 1417 328 1470; x_wconf 69' lang='lat' dir='ltr'><strong>centlum</strong></span> <span class='ocrx_word' id='word_1_178' title='bbox 359 1433 502 1483; x_wconf 89' lang='lat' dir='ltr'><strong>eam,</strong></span> <span class='ocrx_word' id='word_1_179' title='bbox 532 1419 643 1486; x_wconf 88' lang='lat' dir='ltr'><strong>jam</strong></span> <span class='ocrx_word' id='word_1_180' title='bbox 680 1435 826 1473; x_wconf 88' lang='lat' dir='ltr'><strong>mors</strong></span> <span class='ocrx_word' id='word_1_181' title='bbox 852 1420 1099 1475; x_wconf 85' lang='lat' dir='ltr'><strong>ascendit</strong></span> <span class='ocrx_word' id='word_1_182' title='bbox 1134 1435 1230 1490; x_wconf 91' lang='lat' dir='ltr'><strong>per</strong></span> <span class='ocrx_word' id='word_1_183' title='bbox 1257 1419 1529 1476; x_wconf 77' lang='lat' dir='ltr'><strong>l‘eacstras</strong></span> <span class='ocrx_word' id='word_1_184' title='bbox 1563 1430 1703 1474; x_wconf 90' lang='lat' dir='ltr'><strong>tuas.</strong></span> <span class='ocrx_word' id='word_1_185' title='bbox 1811 1419 1982 1482; x_wconf 88' lang='lat' dir='ltr'><strong>niunt,</strong></span> <span class='ocrx_word' id='word_1_186' title='bbox 2017 1415 2266 1472; x_wconf 89' lang='lat' dir='ltr'><strong>columba</strong></span> <span class='ocrx_word' id='word_1_187' title='bbox 2312 1417 2628 1472; x_wconf 83' lang='lat' dir='ltr'><strong>assumitur.</strong></span> <span class='ocrx_word' id='word_1_188' title='bbox 2678 1417 2921 1484; x_wconf 85' lang='lat' dir='ltr'><strong>Denique</strong></span> <span class='ocrx_word' id='word_1_189' title='bbox 2953 1415 3112 1488; x_wconf 78' lang='lat'><strong>531</strong></span> <span class='ocrx_word' id='word_1_190' title='bbox 3140 1415 3416 1482; x_wconf 88' lang='lat' dir='ltr'><strong>Salvator,</strong></span> 
     </span>
    </p>
   </div>
   <div class='ocr_carea' id='block_1_14' title="bbox 45 1507 3424 1586">
    <p class='ocr_par' dir='ltr' id='par_1_14' title="bbox 45 1507 3424 1586">
     <span class='ocr_line' id='line_1_14' title="bbox 45 1507 3424 1586; baseline 0.004 -27"><span class='ocrx_word' id='word_1_191' title='bbox 45 1507 347 1564; x_wconf 72' lang='lat' dir='ltr'><strong>Eminens</strong></span> <span class='ocrx_word' id='word_1_192' title='bbox 369 1527 458 1580; x_wconf 86' lang='lat' dir='ltr'><strong>per</strong></span> <span class='ocrx_word' id='word_1_193' title='bbox 491 1514 636 1567; x_wconf 85' lang='lat' dir='ltr'><strong>retia.</strong></span> <span class='ocrx_word' id='word_1_194' title='bbox 663 1513 928 1585; x_wconf 80' lang='lat' dir='ltr'><strong>lntellige,</strong></span> <span class='ocrx_word' id='word_1_195' title='bbox 957 1515 1081 1585; x_wconf 90' lang='lat' dir='ltr'><strong>quia</strong></span> <span class='ocrx_word' id='word_1_196' title='bbox 1105 1515 1154 1569; x_wconf 92' lang='lat' dir='ltr'><strong>in</strong></span> <span class='ocrx_word' id='word_1_197' title='bbox 1181 1515 1358 1570; x_wconf 92' lang='lat' dir='ltr'><strong>medio</strong></span> <span class='ocrx_word' id='word_1_198' title='bbox 1387 1515 1705 1586; x_wconf 90' lang='lat' dir='ltr'><strong>laqueorum</strong></span> <span class='ocrx_word' id='word_1_199' title='bbox 1810 1512 1934 1582; x_wconf 80' lang='lat' dir='ltr'><strong>quia</strong></span> <span class='ocrx_word' id='word_1_200' title='bbox 1968 1511 2245 1565; x_wconf 62' lang='lat' dir='ltr'><strong>homine-III</strong></span> <span class='ocrx_word' id='word_1_201' title='bbox 2276 1521 2364 1566; x_wconf 74' lang='lat' dir='ltr'><strong>est</strong></span> <span class='ocrx_word' id='word_1_202' title='bbox 2404 1511 2661 1582; x_wconf 79' lang='lat' dir='ltr'><strong>dignaltts</strong></span> <span class='ocrx_word' id='word_1_203' title='bbox 2709 1526 3015 1574; x_wconf 79' lang='lat' dir='ltr'><strong>assumere.</strong></span> <span class='ocrx_word' id='word_1_204' title='bbox 3063 1520 3117 1566; x_wconf 73' lang='lat' dir='ltr'><strong>el</strong></span> <span class='ocrx_word' id='word_1_205' title='bbox 3164 1511 3314 1566; x_wconf 67' lang='lat' dir='ltr'><strong>venit</strong></span> <span class='ocrx_word' id='word_1_206' title='bbox 3355 1511 3424 1568; x_wconf 80' lang='lat' dir='ltr'><strong>ad</strong></span> 
     </span>
    </p>
   </div>
   <div class='ocr_carea' id='block_1_15' title="bbox 37 1595 3420 1678">
    <p class='ocr_par' dir='ltr' id='par_1_15' title="bbox 37 1595 3420 1678">
     <span class='ocr_line' id='line_1_15' title="bbox 37 1595 3420 1678; baseline 0.003 -25"><span class='ocrx_word' id='word_1_207' title='bbox 37 1601 370 1667; x_wconf 82' lang='lat' dir='ltr'><strong>ambulas,</strong></span> <span class='ocrx_word' id='word_1_208' title='bbox 409 1615 461 1657; x_wconf 89' lang='lat' dir='ltr'><strong>et</strong></span> <span class='ocrx_word' id='word_1_209' title='bbox 497 1603 690 1658; x_wconf 88' lang='lat' dir='ltr'><strong>subtus</strong></span> <span class='ocrx_word' id='word_1_210' title='bbox 729 1606 1009 1661; x_wconf 84' lang='lat' dir='ltr'><strong>machinas</strong></span> <span class='ocrx_word' id='word_1_211' title='bbox 1053 1615 1299 1662; x_wconf 86' lang='lat' dir='ltr'><strong>transeas</strong></span> <span class='ocrx_word' id='word_1_212' title='bbox 1331 1604 1702 1663; x_wconf 84' lang='lat' dir='ltr'><strong>imminentes.</strong></span> <span class='ocrx_word' id='word_1_213' title='bbox 1812 1616 1986 1660; x_wconf 81' lang='lat' dir='ltr'><strong>terras</strong></span> <span class='ocrx_word' id='word_1_214' title='bbox 2012 1649 2027 1671; x_wconf 92' lang='lat'><strong>,</strong></span> <span class='ocrx_word' id='word_1_215' title='bbox 2083 1606 2346 1678; x_wconf 86' lang='lat' dir='ltr'><strong>multique</strong></span> <span class='ocrx_word' id='word_1_216' title='bbox 2380 1615 2506 1661; x_wconf 89' lang='lat' dir='ltr'><strong>tunc</strong></span> <span class='ocrx_word' id='word_1_217' title='bbox 2533 1595 2700 1660; x_wconf 27' lang='lat' dir='ltr'><strong>lcirca</strong></span> <span class='ocrx_word' id='word_1_218' title='bbox 2750 1605 3043 1661; x_wconf 83' lang='lat' dir='ltr'><strong>Jordanem</strong></span> <span class='ocrx_word' id='word_1_219' title='bbox 3099 1616 3420 1676; x_wconf 86' lang='lat' dir='ltr'><strong>peccatores</strong></span> 
     </span>
    </p>
   </div>
   <div class='ocr_carea' id='block_1_16' title="bbox 38 1695 3420 1771">
    <p class='ocr_par' dir='ltr' id='par_1_16' title="bbox 38 1695 3420 1771">
     <span class='ocr_line' id='line_1_16' title="bbox 38 1695 3420 1771; baseline 0.002 -22"><span class='ocrx_word' id='word_1_220' title='bbox 38 1695 285 1749; x_wconf 83' lang='lat' dir='ltr'><strong>Omnia</strong></span> <span class='ocrx_word' id='word_1_221' title='bbox 330 1698 539 1752; x_wconf 88' lang='lat' dir='ltr'><strong>retibus</strong></span> <span class='ocrx_word' id='word_1_222' title='bbox 568 1699 724 1768; x_wconf 84' lang='lat' dir='ltr'><strong>plena</strong></span> <span class='ocrx_word' id='word_1_223' title='bbox 765 1710 893 1754; x_wconf 90' lang='lat' dir='ltr'><strong>sunt</strong></span> <span class='ocrx_word' id='word_1_224' title='bbox 926 1719 937 1753; x_wconf 93' lang='lat'><strong>:</strong></span> <span class='ocrx_word' id='word_1_225' title='bbox 986 1701 1240 1757; x_wconf 86' lang='lat' dir='ltr'><strong>diabolus</strong></span> <span class='ocrx_word' id='word_1_226' title='bbox 1271 1703 1482 1771; x_wconf 87' lang='lat' dir='ltr'><strong>laqueis</strong></span> <span class='ocrx_word' id='word_1_227' title='bbox 1512 1713 1706 1758; x_wconf 87' lang='lat' dir='ltr'><strong>cuncta</strong></span> <span class='ocrx_word' id='word_1_228' title='bbox 1809 1709 1968 1754; x_wconf 90' lang='lat' dir='ltr'><strong>erant</strong></span> <span class='ocrx_word' id='word_1_229' title='bbox 1996 1718 2008 1752; x_wconf 87' lang='lat'><strong>:</strong></span> <span class='ocrx_word' id='word_1_230' title='bbox 2039 1699 2244 1755; x_wconf 90' lang='lat' dir='ltr'><strong>idcirco</strong></span> <span class='ocrx_word' id='word_1_231' title='bbox 2265 1701 2501 1770; x_wconf 87' lang='lat' dir='ltr'><strong>Spiritus</strong></span> <span class='ocrx_word' id='word_1_232' title='bbox 2530 1701 2761 1757; x_wconf 91' lang='lat' dir='ltr'><strong>Sanctus</strong></span> <span class='ocrx_word' id='word_1_233' title='bbox 2790 1717 2899 1755; x_wconf 89' lang='lat' dir='ltr'><strong>non</strong></span> <span class='ocrx_word' id='word_1_234' title='bbox 2928 1702 2979 1755; x_wconf 91' lang='lat' dir='ltr'><strong>in</strong></span> <span class='ocrx_word' id='word_1_235' title='bbox 3008 1709 3279 1756; x_wconf 87' lang='lat' dir='ltr'><strong>turturem</strong></span> <span class='ocrx_word' id='word_1_236' title='bbox 3297 1717 3420 1758; x_wconf 84' lang='lat' dir='ltr'><strong>ver-</strong></span> 
     </span>
    </p>
   </div>
   <div class='ocr_carea' id='block_1_17' title="bbox 39 1790 3424 1867">
    <p class='ocr_par' dir='ltr' id='par_1_17' title="bbox 39 1790 3424 1867">
     <span class='ocr_line' id='line_1_17' title="bbox 39 1790 3424 1867; baseline 0.003 -26"><span class='ocrx_word' id='word_1_237' title='bbox 39 1790 407 1858; x_wconf 81' lang='lat' dir='ltr'><strong>complevit.</strong></span> <span class='ocrx_word' id='word_1_238' title='bbox 437 1791 493 1848; x_wconf 92' lang='lat' dir='ltr'><strong>Si</strong></span> <span class='ocrx_word' id='word_1_239' title='bbox 519 1801 702 1848; x_wconf 87' lang='lat' dir='ltr'><strong>autem</strong></span> <span class='ocrx_word' id='word_1_240' title='bbox 728 1795 940 1850; x_wconf 87' lang='lat' dir='ltr'><strong>venerit</strong></span> <span class='ocrx_word' id='word_1_241' title='bbox 969 1796 1067 1850; x_wconf 90' lang='lat' dir='ltr'><strong>tibi</strong></span> <span class='ocrx_word' id='word_1_242' title='bbox 1097 1811 1279 1850; x_wconf 91' lang='lat' dir='ltr'><strong>sermo</strong></span> <span class='ocrx_word' id='word_1_243' title='bbox 1302 1797 1418 1861; x_wconf 89' lang='lat' dir='ltr'><strong>Dei,</strong></span> <span class='ocrx_word' id='word_1_244' title='bbox 1445 1805 1500 1851; x_wconf 91' lang='lat' dir='ltr'><strong>et</strong></span> <span class='ocrx_word' id='word_1_245' title='bbox 1525 1812 1708 1867; x_wconf 85' lang='lat' dir='ltr'><strong>coepe-</strong></span> <span class='ocrx_word' id='word_1_246' title='bbox 1810 1793 1962 1858; x_wconf 91' lang='lat' dir='ltr'><strong>titur,</strong></span> <span class='ocrx_word' id='word_1_247' title='bbox 1995 1793 2089 1848; x_wconf 88' lang='lat' dir='ltr'><strong>sed</strong></span> <span class='ocrx_word' id='word_1_248' title='bbox 2114 1793 2363 1848; x_wconf 89' lang='lat' dir='ltr'><strong>columba</strong></span> <span class='ocrx_word' id='word_1_249' title='bbox 2392 1793 2468 1849; x_wconf 88' lang='lat' dir='ltr'><strong>lit.</strong></span> <span class='ocrx_word' id='word_1_250' title='bbox 2505 1803 2527 1832; x_wconf 67' lang='grc' dir='ltr'>ε</span> <span class='ocrx_word' id='word_1_251' title='bbox 2553 1795 2700 1849; x_wconf 87' lang='lat' dir='ltr'><strong>Inter</strong></span> <span class='ocrx_word' id='word_1_252' title='bbox 2732 1809 2854 1860; x_wconf 89' lang='lat' dir='ltr'><strong>nos,</strong></span> <span class='ocrx_word' id='word_1_253' title='bbox 2885 1804 3112 1865; x_wconf 88' lang='lat' dir='ltr'><strong>propter</strong></span> <span class='ocrx_word' id='word_1_254' title='bbox 3139 1796 3424 1851; x_wconf 81' lang='lat' dir='ltr'><strong>hominum</strong></span> 
     </span>
    </p>
   </div>
   <div class='ocr_carea' id='block_1_18' title="bbox 38 1881 3424 1958">
    <p class='ocr_par' dir='ltr' id='par_1_18' title="bbox 38 1881 3424 1958">
     <span class='ocr_line' id='line_1_18' title="bbox 38 1881 3424 1958; baseline 0.003 -23"><span class='ocrx_word' id='word_1_255' title='bbox 38 1881 134 1935; x_wconf 89' lang='lat' dir='ltr'><strong>rit</strong></span> <span class='ocrx_word' id='word_1_256' title='bbox 170 1883 434 1938; x_wconf 84' lang='lat' dir='ltr'><strong>eminere</strong></span> <span class='ocrx_word' id='word_1_257' title='bbox 466 1885 533 1938; x_wconf 91' lang='lat' dir='ltr'><strong>de</strong></span> <span class='ocrx_word' id='word_1_258' title='bbox 567 1885 800 1953; x_wconf 78' lang='lat' dir='ltr'><strong>retibus,</strong></span> <span class='ocrx_word' id='word_1_259' title='bbox 849 1885 1041 1942; x_wconf 90' lang='lat' dir='ltr'><strong>dicens</strong></span> <span class='ocrx_word' id='word_1_260' title='bbox 1069 1905 1082 1941; x_wconf 89' lang='lat'><strong>:</strong></span> <span class='ocrx_word' id='word_1_261' title='bbox 1132 1888 1322 1942; x_wconf 79' lang='lat' dir='ltr'><strong>Anima</strong></span> <span class='ocrx_word' id='word_1_262' title='bbox 1353 1898 1530 1942; x_wconf 86' lang='lat' dir='ltr'><strong>nostra</strong></span> <span class='ocrx_word' id='word_1_263' title='bbox 1571 1891 1702 1943; x_wconf 84' lang='lat' dir='ltr'><strong>sicut</strong></span> <span class='ocrx_word' id='word_1_264' title='bbox 1733 1881 1778 1942; x_wconf 86' lang='grc' dir='ltr'><strong>Β</strong></span> <span class='ocrx_word' id='word_1_265' title='bbox 1809 1888 2238 1958; x_wconf 85' lang='lat' dir='ltr'><strong>multitudinem,</strong></span> <span class='ocrx_word' id='word_1_266' title='bbox 2269 1889 2385 1942; x_wconf 86' lang='lat' dir='ltr'><strong>avis</strong></span> <span class='ocrx_word' id='word_1_267' title='bbox 2414 1889 2756 1944; x_wconf 83' lang='lat' dir='ltr'><strong>mansuetior</strong></span> <span class='ocrx_word' id='word_1_268' title='bbox 2805 1899 3187 1945; x_wconf 85' lang='lat' dir='ltr'><strong>conversatur.</strong></span> <span class='ocrx_word' id='word_1_269' title='bbox 3219 1890 3424 1945; x_wconf 89' lang='lat' dir='ltr'><strong>Turtur</strong></span> 
     </span>
    </p>
   </div>
   <div class='ocr_carea' id='block_1_19' title="bbox 46 1981 3430 2054">
    <p class='ocr_par' dir='ltr' id='par_1_19' title="bbox 46 1981 3430 2054">
     <span class='ocr_line' id='line_1_19' title="bbox 46 1981 3430 2054; baseline 0.003 -24"><span class='ocrx_word' id='word_1_270' title='bbox 46 1995 278 2048; x_wconf 83' lang='lat' dir='ltr'><strong>passer</strong></span> <span class='ocrx_word' id='word_1_271' title='bbox 301 1991 478 2051; x_wconf 87' lang='lat' dir='ltr'><strong>erepta</strong></span> <span class='ocrx_word' id='word_1_272' title='bbox 509 1992 579 2036; x_wconf 81' lang='lat' dir='ltr'><strong>cst</strong></span> <span class='ocrx_word' id='word_1_273' title='bbox 605 1981 664 2034; x_wconf 87' lang='lat' dir='ltr'><strong>de</strong></span> <span class='ocrx_word' id='word_1_274' title='bbox 687 1981 872 2052; x_wconf 87' lang='lat' dir='ltr'><strong>laqueo</strong></span> <span class='ocrx_word' id='word_1_275' title='bbox 900 1983 1198 2036; x_wconf 79' lang='lat' dir='ltr'><strong>renuntiant</strong></span> <span class='ocrx_word' id='word_1_276' title='bbox 1229 2001 1240 2035; x_wconf 86' lang='lat'><strong>:</strong></span> <span class='ocrx_word' id='word_1_277' title='bbox 1278 1983 1489 2053; x_wconf 76' lang='lat' dir='ltr'><strong>laqueus</strong></span> <span class='ocrx_word' id='word_1_278' title='bbox 1516 1981 1708 2036; x_wconf 81' lang='lat' dir='ltr'><strong>contri-</strong></span> <span class='ocrx_word' id='word_1_279' title='bbox 1807 1992 1990 2034; x_wconf 87' lang='lat' dir='ltr'><strong>autent</strong></span> <span class='ocrx_word' id='word_1_280' title='bbox 2020 1981 2256 2047; x_wconf 83' lang='lat' dir='ltr'><strong>videtur,</strong></span> <span class='ocrx_word' id='word_1_281' title='bbox 2293 1983 2440 2037; x_wconf 80' lang='lat' dir='ltr'><strong>verbi</strong></span> <span class='ocrx_word' id='word_1_282' title='bbox 2460 1983 2652 2052; x_wconf 81' lang='lat' dir='ltr'><strong>gratia,</strong></span> <span class='ocrx_word' id='word_1_283' title='bbox 2694 1981 2712 2019; x_wconf 73' lang='grc' dir='ltr'>ί</span> <span class='ocrx_word' id='word_1_284' title='bbox 2739 1981 2962 2054; x_wconf 79' lang='lat' dir='ltr'><strong>Moysen</strong></span> <span class='ocrx_word' id='word_1_285' title='bbox 2986 1993 3038 2037; x_wconf 88' lang='lat' dir='ltr'><strong>et</strong></span> <span class='ocrx_word' id='word_1_286' title='bbox 3064 1999 3430 2054; x_wconf 78' lang='lat' dir='ltr'><strong>unumqucm~</strong></span> 
     </span>
    </p>
   </div>
   <div class='ocr_carea' id='block_1_20' title="bbox 47 2073 3411 2148">
    <p class='ocr_par' dir='ltr' id='par_1_20' title="bbox 47 2073 3411 2148">
     <span class='ocr_line' id='line_1_20' title="bbox 47 2073 3411 2148; baseline 0.002 -21"><span class='ocrx_word' id='word_1_287' title='bbox 47 2082 149 2127; x_wconf 84' lang='lat' dir='ltr'><strong>tus</strong></span> <span class='ocrx_word' id='word_1_288' title='bbox 181 2083 294 2140; x_wconf 79' lang='lat' dir='ltr'><strong>est,</strong></span> <span class='ocrx_word' id='word_1_289' title='bbox 329 2086 374 2128; x_wconf 89' lang='lat' dir='ltr'><strong>et</strong></span> <span class='ocrx_word' id='word_1_290' title='bbox 403 2092 494 2129; x_wconf 86' lang='lat' dir='ltr'><strong>nos</strong></span> <span class='ocrx_word' id='word_1_291' title='bbox 525 2075 742 2131; x_wconf 88' lang='lat' dir='ltr'><strong>liberati</strong></span> <span class='ocrx_word' id='word_1_292' title='bbox 769 2095 948 2131; x_wconf 87' lang='lat' dir='ltr'><strong>sumus</strong></span> <span class='ocrx_word' id='word_1_293' title='bbox 976 2077 1150 2148; x_wconf 87' lang='lat' dir='ltr'><strong>(Psal.</strong></span> <span class='ocrx_word' id='word_1_294' title='bbox 1183 2093 1386 2143; x_wconf 81' lang='lat' dir='ltr'><strong>cxxm,</strong></span> <span class='ocrx_word' id='word_1_295' title='bbox 1435 2077 1512 2147; x_wconf 92' lang='lat'><strong>7).</strong></span> <span class='ocrx_word' id='word_1_296' title='bbox 1546 2077 1710 2130; x_wconf 84' lang='lat' dir='ltr'><strong>Bene-</strong></span> <span class='ocrx_word' id='word_1_297' title='bbox 1807 2074 1940 2126; x_wconf 88' lang='lat' dir='ltr'><strong>libet</strong></span> <span class='ocrx_word' id='word_1_298' title='bbox 1968 2073 2274 2144; x_wconf 79' lang='lat' dir='ltr'><strong>intelligere</strong></span> <span class='ocrx_word' id='word_1_299' title='bbox 2316 2077 2707 2144; x_wconf 83' lang='lat' dir='ltr'><strong>pr0pltetarutn</strong></span> <span class='ocrx_word' id='word_1_300' title='bbox 2743 2075 3118 2131; x_wconf 88' lang='lat' dir='ltr'><strong>recedentium</strong></span> <span class='ocrx_word' id='word_1_301' title='bbox 3167 2078 3220 2132; x_wconf 90' lang='lat' dir='ltr'><strong>in</strong></span> <span class='ocrx_word' id='word_1_302' title='bbox 3255 2095 3411 2134; x_wconf 87' lang='lat' dir='ltr'><strong>mon-</strong></span> 
     </span>
    </p>
   </div>
   <div class='ocr_carea' id='block_1_21' title="bbox 47 2165 3413 2240">
    <p class='ocr_par' dir='ltr' id='par_1_21' title="bbox 47 2165 3413 2240">
     <span class='ocr_line' id='line_1_21' title="bbox 47 2165 3413 2240; baseline 0.003 -23"><span class='ocrx_word' id='word_1_303' title='bbox 47 2167 210 2218; x_wconf 78' lang='lat' dir='ltr'><strong>dicti</strong></span> <span class='ocrx_word' id='word_1_304' title='bbox 253 2183 349 2220; x_wconf 87' lang='lat' dir='ltr'><strong>nos</strong></span> <span class='ocrx_word' id='word_1_305' title='bbox 373 2165 483 2238; x_wconf 83' lang='lat' dir='ltr'><strong>[AL</strong></span> <span class='ocrx_word' id='word_1_306' title='bbox 521 2167 632 2239; x_wconf 73' lang='lat' dir='ltr'><strong>vos]</strong></span> <span class='ocrx_word' id='word_1_307' title='bbox 656 2187 686 2222; x_wconf 95' lang='lat' dir='ltr'><strong>a</strong></span> <span class='ocrx_word' id='word_1_308' title='bbox 711 2168 956 2234; x_wconf 86' lang='lat' dir='ltr'><strong>Domino,</strong></span> <span class='ocrx_word' id='word_1_309' title='bbox 983 2171 1071 2240; x_wconf 78' lang='lat' dir='ltr'><strong>qui</strong></span> <span class='ocrx_word' id='word_1_310' title='bbox 1095 2171 1218 2240; x_wconf 74' lang='lat' dir='ltr'><strong>fecit</strong></span> <span class='ocrx_word' id='word_1_311' title='bbox 1246 2170 1426 2224; x_wconf 71' lang='lat' dir='ltr'><strong>caelum</strong></span> <span class='ocrx_word' id='word_1_312' title='bbox 1448 2180 1494 2224; x_wconf 91' lang='lat' dir='ltr'><strong>et</strong></span> <span class='ocrx_word' id='word_1_313' title='bbox 1517 2179 1708 2223; x_wconf 75' lang='lat' dir='ltr'><strong>terram</strong></span> <span class='ocrx_word' id='word_1_314' title='bbox 1809 2175 1890 2219; x_wconf 89' lang='lat' dir='ltr'><strong>tes</strong></span> <span class='ocrx_word' id='word_1_315' title='bbox 1912 2173 1967 2220; x_wconf 85' lang='lat' dir='ltr'><strong>et</strong></span> <span class='ocrx_word' id='word_1_316' title='bbox 1987 2165 2223 2233; x_wconf 86' lang='lat' dir='ltr'><strong>deserta,</strong></span> <span class='ocrx_word' id='word_1_317' title='bbox 2251 2179 2299 2221; x_wconf 85' lang='lat' dir='ltr'><strong>et</strong></span> <span class='ocrx_word' id='word_1_318' title='bbox 2324 2167 2398 2222; x_wconf 88' lang='lat' dir='ltr'><strong>ibi</strong></span> <span class='ocrx_word' id='word_1_319' title='bbox 2426 2168 2811 2237; x_wconf 86' lang='lat' dir='ltr'><strong>accipientium</strong></span> <span class='ocrx_word' id='word_1_320' title='bbox 2841 2183 3126 2224; x_wconf 88' lang='lat' dir='ltr'><strong>sermones</strong></span> <span class='ocrx_word' id='word_1_321' title='bbox 3149 2171 3264 2226; x_wconf 91' lang='lat' dir='ltr'><strong>Dei.</strong></span> <span class='ocrx_word' id='word_1_322' title='bbox 3292 2172 3413 2228; x_wconf 70' lang='grc' dir='ltr'><strong>νοω</strong></span> 
     </span>
    </p>
   </div>
   <div class='ocr_carea' id='block_1_22' title="bbox 48 2257 3412 2334">
    <p class='ocr_par' dir='ltr' id='par_1_22' title="bbox 48 2257 3412 2334">
     <span class='ocr_line' id='line_1_22' title="bbox 48 2257 3412 2334; baseline -0 -17"><span class='ocrx_word' id='word_1_323' title='bbox 48 2259 269 2332; x_wconf 78' lang='grc' dir='ltr'><strong>(Ρδίιι.</strong></span> <span class='ocrx_word' id='word_1_324' title='bbox 304 2275 462 2326; x_wconf 60' lang='lat' dir='ltr'><strong>CVIII,</strong></span> <span class='ocrx_word' id='word_1_325' title='bbox 515 2263 626 2332; x_wconf 76' lang='lat' dir='ltr'><strong>l5).</strong></span> <span class='ocrx_word' id='word_1_326' title='bbox 676 2263 896 2317; x_wconf 82' lang='lat' dir='ltr'><strong>Eminet</strong></span> <span class='ocrx_word' id='word_1_327' title='bbox 940 2266 1104 2331; x_wconf 71' lang='lat' dir='ltr'><strong>igitur</strong></span> <span class='ocrx_word' id='word_1_328' title='bbox 1143 2279 1375 2333; x_wconf 76' lang='lat' dir='ltr'><strong>sponsus</strong></span> <span class='ocrx_word' id='word_1_329' title='bbox 1423 2279 1518 2334; x_wconf 91' lang='lat' dir='ltr'><strong>per</strong></span> <span class='ocrx_word' id='word_1_330' title='bbox 1563 2263 1702 2318; x_wconf 85' lang='lat' dir='ltr'><strong>retia</strong></span> <span class='ocrx_word' id='word_1_331' title='bbox 1809 2273 1929 2326; x_wconf 84' lang='lat' dir='ltr'><strong>ergo</strong></span> <span class='ocrx_word' id='word_1_332' title='bbox 1960 2257 2174 2310; x_wconf 87' lang='lat' dir='ltr'><strong>turturis</strong></span> <span class='ocrx_word' id='word_1_333' title='bbox 2205 2257 2386 2311; x_wconf 86' lang='lat' dir='ltr'><strong>audita</strong></span> <span class='ocrx_word' id='word_1_334' title='bbox 2418 2259 2564 2311; x_wconf 88' lang='lat' dir='ltr'><strong>estin</strong></span> <span class='ocrx_word' id='word_1_335' title='bbox 2597 2268 2734 2312; x_wconf 86' lang='lat' dir='ltr'><strong>terra</strong></span> <span class='ocrx_word' id='word_1_336' title='bbox 2752 2268 2947 2311; x_wconf 86' lang='lat' dir='ltr'><strong>nostra.</strong></span> <span class='ocrx_word' id='word_1_337' title='bbox 2977 2257 3138 2314; x_wconf 87' lang='lat' dir='ltr'><strong>Ficus</strong></span> <span class='ocrx_word' id='word_1_338' title='bbox 3161 2263 3412 2333; x_wconf 67' lang='lat' dir='ltr'><strong>produxit</strong></span> 
     </span>
    </p>
   </div>
   <div class='ocr_carea' id='block_1_23' title="bbox 53 2350 3412 2427">
    <p class='ocr_par' dir='ltr' id='par_1_23' title="bbox 53 2350 3412 2427">
     <span class='ocr_line' id='line_1_23' title="bbox 53 2350 3412 2427; baseline 0.002 -19"><span class='ocrx_word' id='word_1_339' title='bbox 53 2355 172 2408; x_wconf 86' lang='lat' dir='ltr'><strong>tibi</strong></span> <span class='ocrx_word' id='word_1_340' title='bbox 215 2355 368 2408; x_wconf 79' lang='lat' dir='ltr'><strong>viam</strong></span> <span class='ocrx_word' id='word_1_341' title='bbox 403 2355 630 2410; x_wconf 76' lang='lat' dir='ltr'><strong>faciens.</strong></span> <span class='ocrx_word' id='word_1_342' title='bbox 662 2356 819 2412; x_wconf 67' lang='lat' dir='ltr'><strong>Iesus</strong></span> <span class='ocrx_word' id='word_1_343' title='bbox 843 2357 1118 2412; x_wconf 69' lang='lat' dir='ltr'><strong>desct&#39;ndil</strong></span> <span class='ocrx_word' id='word_1_344' title='bbox 1153 2357 1219 2411; x_wconf 86' lang='lat' dir='ltr'><strong>ad</strong></span> <span class='ocrx_word' id='word_1_345' title='bbox 1254 2367 1451 2421; x_wconf 85' lang='lat' dir='ltr'><strong>terras,</strong></span> <span class='ocrx_word' id='word_1_346' title='bbox 1479 2357 1712 2427; x_wconf 85' lang='lat' dir='ltr'><strong>subjecit</strong></span> <span class='ocrx_word' id='word_1_347' title='bbox 1810 2366 2014 2419; x_wconf 81' lang='lat' dir='ltr'><strong>grossos</strong></span> <span class='ocrx_word' id='word_1_348' title='bbox 2037 2367 2176 2402; x_wconf 80' lang='lat' dir='ltr'><strong>suos-</strong></span> <span class='ocrx_word' id='word_1_349' title='bbox 2209 2351 2251 2403; x_wconf 79' lang='grc' dir='ltr'><em>Α</em></span> <span class='ocrx_word' id='word_1_350' title='bbox 2281 2350 2381 2414; x_wconf 79' lang='lat' dir='ltr'><strong>ﬁcu</strong></span> <span class='ocrx_word' id='word_1_351' title='bbox 2413 2352 2703 2423; x_wconf 73' lang='lat' dir='ltr'><strong>cognoscite</strong></span> <span class='ocrx_word' id='word_1_352' title='bbox 2727 2350 3049 2422; x_wconf 77' lang='lat' dir='ltr'><strong>parabolam.</strong></span> <span class='ocrx_word' id='word_1_353' title='bbox 3075 2351 3204 2406; x_wconf 84' lang='lat' dir='ltr'><strong>Cum</strong></span> <span class='ocrx_word' id='word_1_354' title='bbox 3235 2371 3412 2409; x_wconf 81' lang='lat' dir='ltr'><strong>ramus</strong></span> 
     </span>
    </p>
   </div>
   <div class='ocr_carea' id='block_1_24' title="bbox 47 2447 3426 2520">
    <p class='ocr_par' dir='ltr' id='par_1_24' title="bbox 47 2447 3426 2520">
     <span class='ocr_line' id='line_1_24' title="bbox 47 2447 3426 2520; baseline 0.001 -21"><span class='ocrx_word' id='word_1_355' title='bbox 47 2463 119 2502; x_wconf 76' lang='lat' dir='ltr'><strong>se</strong></span> <span class='ocrx_word' id='word_1_356' title='bbox 174 2449 403 2503; x_wconf 87' lang='lat' dir='ltr'><strong>retibus</strong></span> <span class='ocrx_word' id='word_1_357' title='bbox 454 2450 660 2504; x_wconf 91' lang='lat' dir='ltr'><strong>mundi.</strong></span> <span class='ocrx_word' id='word_1_358' title='bbox 710 2450 914 2505; x_wconf 81' lang='lat' dir='ltr'><strong>Videns</strong></span> <span class='ocrx_word' id='word_1_359' title='bbox 965 2467 1220 2520; x_wconf 83' lang='lat' dir='ltr'><strong>magnum</strong></span> <span class='ocrx_word' id='word_1_360' title='bbox 1273 2449 1554 2505; x_wconf 83' lang='lat' dir='ltr'><strong>hominum</strong></span> <span class='ocrx_word' id='word_1_361' title='bbox 1585 2459 1713 2520; x_wconf 81' lang='lat' dir='ltr'><strong>gre—</strong></span> <span class='ocrx_word' id='word_1_362' title='bbox 1811 2448 2093 2514; x_wconf 74' lang='lat' dir='ltr'><strong>elustcncr</strong></span> <span class='ocrx_word' id='word_1_363' title='bbox 2134 2447 2302 2515; x_wconf 82' lang='lat' dir='ltr'><strong>factus</strong></span> <span class='ocrx_word' id='word_1_364' title='bbox 2350 2448 2524 2515; x_wconf 78' lang='lat' dir='ltr'><strong>fuerit,</strong></span> <span class='ocrx_word' id='word_1_365' title='bbox 2560 2458 2607 2500; x_wconf 87' lang='lat' dir='ltr'><strong>et</strong></span> <span class='ocrx_word' id='word_1_366' title='bbox 2648 2448 2778 2519; x_wconf 81' lang='lat' dir='ltr'><strong>folia</strong></span> <span class='ocrx_word' id='word_1_367' title='bbox 2827 2448 3056 2514; x_wconf 78' lang='lat' dir='ltr'><strong>miserit,</strong></span> <span class='ocrx_word' id='word_1_368' title='bbox 3088 2449 3271 2503; x_wconf 78' lang='lat' dir='ltr'><strong>scitote</strong></span> <span class='ocrx_word' id='word_1_369' title='bbox 3301 2451 3426 2520; x_wconf 86' lang='lat' dir='ltr'><strong>quia</strong></span> 
     </span>
    </p>
   </div>
   <div class='ocr_carea' id='block_1_25' title="bbox 52 2540 3415 2615">
    <p class='ocr_par' dir='ltr' id='par_1_25' title="bbox 52 2540 3415 2615">
     <span class='ocr_line' id='line_1_25' title="bbox 52 2540 3415 2615; baseline -0 -19"><span class='ocrx_word' id='word_1_370' title='bbox 52 2558 198 2611; x_wconf 84' lang='lat' dir='ltr'><strong>gem</strong></span> <span class='ocrx_word' id='word_1_371' title='bbox 242 2542 456 2597; x_wconf 84' lang='lat' dir='ltr'><strong>retibus</strong></span> <span class='ocrx_word' id='word_1_372' title='bbox 508 2543 671 2615; x_wconf 80' lang='lat'><strong>530</strong></span> <span class='ocrx_word' id='word_1_373' title='bbox 701 2543 1024 2611; x_wconf 88' lang='lat' dir='ltr'><strong>impeditum</strong></span> <span class='ocrx_word' id='word_1_374' title='bbox 1065 2563 1076 2598; x_wconf 95' lang='lat'>:</span> <span class='ocrx_word' id='word_1_375' title='bbox 1132 2560 1231 2598; x_wconf 92' lang='lat' dir='ltr'><strong>nec</strong></span> <span class='ocrx_word' id='word_1_376' title='bbox 1261 2545 1405 2604; x_wconf 54' lang='lat' dir='ltr'><strong>Teum</strong></span> <span class='ocrx_word' id='word_1_377' title='bbox 1460 2544 1526 2598; x_wconf 89' lang='lat' dir='ltr'><strong>ab</strong></span> <span class='ocrx_word' id='word_1_378' title='bbox 1573 2544 1708 2609; x_wconf 89' lang='lat' dir='ltr'><strong>alio,</strong></span> <span class='ocrx_word' id='word_1_379' title='bbox 1801 2541 1957 2610; x_wconf 75' lang='lat' dir='ltr'><strong>juxta</strong></span> <span class='ocrx_word' id='word_1_380' title='bbox 1989 2550 2058 2593; x_wconf 86' lang='lat' dir='ltr'><strong>est</strong></span> <span class='ocrx_word' id='word_1_381' title='bbox 2087 2551 2258 2593; x_wconf 70' lang='lat' dir='ltr'><strong>restas.</strong></span> <span class='ocrx_word' id='word_1_382' title='bbox 2294 2540 2421 2596; x_wconf 84' lang='lat' dir='ltr'><strong>Vult</strong></span> <span class='ocrx_word' id='word_1_383' title='bbox 2453 2541 2611 2596; x_wconf 89' lang='lat' dir='ltr'><strong>nobis</strong></span> <span class='ocrx_word' id='word_1_384' title='bbox 2660 2541 2756 2595; x_wconf 88' lang='lat' dir='ltr'><strong>Dei</strong></span> <span class='ocrx_word' id='word_1_385' title='bbox 2811 2542 3088 2612; x_wconf 89' lang='lat' dir='ltr'><strong>eloquium</strong></span> <span class='ocrx_word' id='word_1_386' title='bbox 3136 2542 3415 2607; x_wconf 87' lang='lat' dir='ltr'><strong>nuntiare,</strong></span> 
     </span>
    </p>
   </div>
   <div class='ocr_carea' id='block_1_26' title="bbox 59 2636 1713 2705">
    <p class='ocr_par' dir='ltr' id='par_1_26' title="bbox 59 2636 1713 2705">
     <span class='ocr_line' id='line_1_26' title="bbox 59 2636 1713 2705; baseline 0.002 -16"><span class='ocrx_word' id='word_1_387' title='bbox 59 2636 180 2690; x_wconf 89' lang='lat' dir='ltr'><strong>nisi</strong></span> <span class='ocrx_word' id='word_1_388' title='bbox 217 2652 250 2687; x_wconf 90' lang='lat' dir='ltr'><strong>a</strong></span> <span class='ocrx_word' id='word_1_389' title='bbox 289 2651 350 2690; x_wconf 85' lang='lat' dir='ltr'><strong>se</strong></span> <span class='ocrx_word' id='word_1_390' title='bbox 385 2651 544 2705; x_wconf 48' lang='lat' dir='ltr'><strong>posse</strong></span> <span class='ocrx_word' id='word_1_391' title='bbox 589 2637 903 2698; x_wconf 85' lang='lat' dir='ltr'><strong>conscindi,</strong></span> <span class='ocrx_word' id='word_1_392' title='bbox 953 2637 1101 2690; x_wconf 72' lang='lat' dir='ltr'><strong>venit</strong></span> <span class='ocrx_word' id='word_1_393' title='bbox 1133 2637 1196 2690; x_wconf 85' lang='lat' dir='ltr'><strong>ad</strong></span> <span class='ocrx_word' id='word_1_394' title='bbox 1235 2639 1389 2702; x_wconf 89' lang='lat' dir='ltr'><strong>retia,</strong></span> <span class='ocrx_word' id='word_1_395' title='bbox 1425 2652 1713 2692; x_wconf 80' lang='lat' dir='ltr'><strong>assumens</strong></span> 
     </span>
    </p>
   </div>
   <div class='ocr_carea' id='block_1_27' title="bbox 61 2729 1712 2801">
    <p class='ocr_par' dir='ltr' id='par_1_27' title="bbox 61 2729 1712 2801">
     <span class='ocr_line' id='line_1_27' title="bbox 61 2729 1712 2801; baseline -0.001 -16"><span class='ocrx_word' id='word_1_396' title='bbox 61 2746 294 2800; x_wconf 83' lang='lat' dir='ltr'><strong>Corpus</strong></span> <span class='ocrx_word' id='word_1_397' title='bbox 318 2732 636 2796; x_wconf 85' lang='lat' dir='ltr'><strong>humanum,</strong></span> <span class='ocrx_word' id='word_1_398' title='bbox 669 2729 812 2801; x_wconf 88' lang='lat' dir='ltr'><strong>quod</strong></span> <span class='ocrx_word' id='word_1_399' title='bbox 847 2730 1190 2785; x_wconf 90' lang='lat' dir='ltr'><strong>inimicarum</strong></span> <span class='ocrx_word' id='word_1_400' title='bbox 1225 2729 1602 2785; x_wconf 79' lang='lat' dir='ltr'><strong>fortilutlinum</strong></span> <span class='ocrx_word' id='word_1_401' title='bbox 1634 2729 1712 2784; x_wconf 86' lang='lat' dir='ltr'><strong>la-</strong></span> 
     </span>
    </p>
   </div>
   <div class='ocr_carea' id='block_1_28' title="bbox 61 2824 1712 2895">
    <p class='ocr_par' dir='ltr' id='par_1_28' title="bbox 61 2824 1712 2895">
     <span class='ocr_line' id='line_1_28' title="bbox 61 2824 1712 2895; baseline 0.001 -16"><span class='ocrx_word' id='word_1_402' title='bbox 61 2825 242 2894; x_wconf 85' lang='lat' dir='ltr'><strong>queis</strong></span> <span class='ocrx_word' id='word_1_403' title='bbox 285 2825 591 2890; x_wconf 87' lang='lat' dir='ltr'><strong>tenebatur,</strong></span> <span class='ocrx_word' id='word_1_404' title='bbox 622 2841 683 2880; x_wconf 87' lang='lat' dir='ltr'><strong>ea</strong></span> <span class='ocrx_word' id='word_1_405' title='bbox 718 2827 812 2880; x_wconf 85' lang='lat' dir='ltr'><strong>tibi</strong></span> <span class='ocrx_word' id='word_1_406' title='bbox 842 2825 1070 2893; x_wconf 90' lang='lat' dir='ltr'><strong>dirupit,</strong></span> <span class='ocrx_word' id='word_1_407' title='bbox 1108 2836 1128 2863; x_wconf 72' lang='grc' dir='ltr'>ε</span> <span class='ocrx_word' id='word_1_408' title='bbox 1160 2836 1215 2880; x_wconf 90' lang='lat' dir='ltr'><strong>et</strong></span> <span class='ocrx_word' id='word_1_409' title='bbox 1258 2826 1497 2895; x_wconf 87' lang='lat' dir='ltr'><strong>loqueris</strong></span> <span class='ocrx_word' id='word_1_410' title='bbox 1529 2843 1540 2877; x_wconf 89' lang='lat'>:</span> <span class='ocrx_word' id='word_1_411' title='bbox 1575 2824 1712 2880; x_wconf 86' lang='lat' dir='ltr'><strong>Ecce</strong></span> 
     </span>
    </p>
   </div>
   <div class='ocr_carea' id='block_1_29' title="bbox 68 2917 1710 2987">
    <p class='ocr_par' dir='ltr' id='par_1_29' title="bbox 68 2917 1710 2987">
     <span class='ocr_line' id='line_1_29' title="bbox 68 2917 1710 2987; baseline -0.001 -18"><span class='ocrx_word' id='word_1_412' title='bbox 68 2918 162 2970; x_wconf 85' lang='lat' dir='ltr'><strong>hic</strong></span> <span class='ocrx_word' id='word_1_413' title='bbox 199 2924 348 2969; x_wconf 86' lang='lat' dir='ltr'><strong>retro</strong></span> <span class='ocrx_word' id='word_1_414' title='bbox 377 2928 489 2987; x_wconf 89' lang='lat' dir='ltr'><strong>post</strong></span> <span class='ocrx_word' id='word_1_415' title='bbox 520 2918 766 2984; x_wconf 77' lang='lat' dir='ltr'><strong>parietem</strong></span> <span class='ocrx_word' id='word_1_416' title='bbox 792 2927 1041 2982; x_wconf 87' lang='lat' dir='ltr'><strong>uostruut,</strong></span> <span class='ocrx_word' id='word_1_417' title='bbox 1076 2917 1396 2985; x_wconf 77' lang='lat' dir='ltr'><strong>prospiciens</strong></span> <span class='ocrx_word' id='word_1_418' title='bbox 1424 2929 1514 2987; x_wconf 86' lang='lat' dir='ltr'><strong>per</strong></span> <span class='ocrx_word' id='word_1_419' title='bbox 1544 2920 1710 2986; x_wconf 77' lang='lat' dir='ltr'><strong>fenes-</strong></span> 
     </span>
    </p>
   </div>
   <div class='ocr_carea' id='block_1_30' title="bbox 69 3010 1708 3082">
    <p class='ocr_par' dir='ltr' id='par_1_30' title="bbox 69 3010 1708 3082">
     <span class='ocr_line' id='line_1_30' title="bbox 69 3010 1708 3082; baseline 0.004 -22"><span class='ocrx_word' id='word_1_420' title='bbox 69 3016 219 3074; x_wconf 86' lang='lat' dir='ltr'><strong>tras,</strong></span> <span class='ocrx_word' id='word_1_421' title='bbox 261 3011 494 3064; x_wconf 75' lang='lat' dir='ltr'><strong>eminens</strong></span> <span class='ocrx_word' id='word_1_422' title='bbox 541 3028 632 3082; x_wconf 87' lang='lat' dir='ltr'><strong>per</strong></span> <span class='ocrx_word' id='word_1_423' title='bbox 679 3012 829 3064; x_wconf 83' lang='lat' dir='ltr'><strong>retia.</strong></span> <span class='ocrx_word' id='word_1_424' title='bbox 875 3012 1007 3064; x_wconf 88' lang='lat' dir='ltr'><strong>Cum</strong></span> <span class='ocrx_word' id='word_1_425' title='bbox 1041 3012 1354 3073; x_wconf 71' lang='lat' dir='ltr'><strong>etnintterit.</strong></span> <span class='ocrx_word' id='word_1_426' title='bbox 1389 3010 1522 3064; x_wconf 87' lang='lat' dir='ltr'><strong>dicit</strong></span> <span class='ocrx_word' id='word_1_427' title='bbox 1564 3011 1708 3066; x_wconf 88' lang='lat' dir='ltr'><strong>tibi:</strong></span> 
     </span>
    </p>
   </div>
   <div class='ocr_carea' id='block_1_31' title="bbox 77 3103 1707 3175">
    <p class='ocr_par' dir='ltr' id='par_1_31' title="bbox 77 3103 1707 3175">
     <span class='ocr_line' id='line_1_31' title="bbox 77 3103 1707 3175; baseline 0.004 -20"><span class='ocrx_word' id='word_1_428' title='bbox 77 3103 413 3172; x_wconf 74' lang='lat' dir='ltr'><strong>liCSptmdel</strong></span> <span class='ocrx_word' id='word_1_429' title='bbox 465 3105 738 3160; x_wconf 82' lang='lat' dir='ltr'><strong>fratruelis</strong></span> <span class='ocrx_word' id='word_1_430' title='bbox 788 3122 965 3170; x_wconf 88' lang='lat' dir='ltr'><strong>meus,</strong></span> <span class='ocrx_word' id='word_1_431' title='bbox 1001 3106 1260 3161; x_wconf 89' lang='lat' dir='ltr'><strong>etdieit:</strong></span> <span class='ocrx_word' id='word_1_432' title='bbox 1311 3106 1508 3175; x_wconf 82' lang='lat' dir='ltr'><strong>Surge,</strong></span> <span class='ocrx_word' id='word_1_433' title='bbox 1562 3109 1707 3174; x_wconf 86' lang='lat' dir='ltr'><strong>veni,</strong></span> 
     </span>
    </p>
   </div>
   <div class='ocr_carea' id='block_1_32' title="bbox 74 3198 1708 3266">
    <p class='ocr_par' dir='ltr' id='par_1_32' title="bbox 74 3198 1708 3266">
     <span class='ocr_line' id='line_1_32' title="bbox 74 3198 1708 3266; baseline 0.005 -20"><span class='ocrx_word' id='word_1_434' title='bbox 74 3198 342 3266; x_wconf 87' lang='lat' dir='ltr'><strong>proxima</strong></span> <span class='ocrx_word' id='word_1_435' title='bbox 373 3213 516 3265; x_wconf 91' lang='lat' dir='ltr'><strong>mea,</strong></span> <span class='ocrx_word' id='word_1_436' title='bbox 551 3200 690 3252; x_wconf 90' lang='lat' dir='ltr'><strong>viam</strong></span> <span class='ocrx_word' id='word_1_437' title='bbox 725 3199 820 3253; x_wconf 90' lang='lat' dir='ltr'><strong>tibi</strong></span> <span class='ocrx_word' id='word_1_438' title='bbox 853 3199 982 3266; x_wconf 83' lang='lat' dir='ltr'><strong>feci,</strong></span> <span class='ocrx_word' id='word_1_439' title='bbox 1017 3199 1260 3255; x_wconf 91' lang='lat' dir='ltr'><strong>conscidi</strong></span> <span class='ocrx_word' id='word_1_440' title='bbox 1294 3199 1557 3254; x_wconf 82' lang='lat' dir='ltr'><strong>retiazsic</strong></span> <span class='ocrx_word' id='word_1_441' title='bbox 1587 3199 1708 3256; x_wconf 90' lang='lat' dir='ltr'><strong>veni</strong></span> 
     </span>
    </p>
   </div>
   <div class='ocr_carea' id='block_1_33' title="bbox 73 3289 795 3358">
    <p class='ocr_par' dir='ltr' id='par_1_33' title="bbox 73 3289 795 3358">
     <span class='ocr_line' id='line_1_33' title="bbox 73 3289 795 3358; baseline 0.004 -15"><span class='ocrx_word' id='word_1_442' title='bbox 73 3289 146 3344; x_wconf 91' lang='lat' dir='ltr'><strong>ad</strong></span> <span class='ocrx_word' id='word_1_443' title='bbox 187 3305 308 3352; x_wconf 90' lang='lat' dir='ltr'><strong>me,</strong></span> <span class='ocrx_word' id='word_1_444' title='bbox 349 3291 598 3358; x_wconf 88' lang='lat' dir='ltr'><strong>proxima</strong></span> <span class='ocrx_word' id='word_1_445' title='bbox 629 3307 746 3346; x_wconf 88' lang='lat' dir='ltr'><strong>mea</strong></span> <span class='ocrx_word' id='word_1_446' title='bbox 786 3312 795 3345; x_wconf 89' lang='lat'><strong>:</strong></span> 
     </span>
    </p>
   </div>
   <div class='ocr_carea' id='block_1_34' title="bbox 154 3383 1707 3458">
    <p class='ocr_par' dir='ltr' id='par_1_34' title="bbox 154 3383 1707 3458">
     <span class='ocr_line' id='line_1_34' title="bbox 154 3383 1707 3458; baseline 0.002 -20"><span class='ocrx_word' id='word_1_447' title='bbox 154 3383 362 3450; x_wconf 75' lang='lat' dir='ltr'><strong>Surge,</strong></span> <span class='ocrx_word' id='word_1_448' title='bbox 397 3385 533 3447; x_wconf 86' lang='lat' dir='ltr'><strong>veni,</strong></span> <span class='ocrx_word' id='word_1_449' title='bbox 563 3387 802 3450; x_wconf 71' lang='lat' dir='ltr'><strong>proxima</strong></span> <span class='ocrx_word' id='word_1_450' title='bbox 850 3403 982 3448; x_wconf 80' lang='lat' dir='ltr'><strong>mea,</strong></span> <span class='ocrx_word' id='word_1_451' title='bbox 1018 3387 1252 3458; x_wconf 76' lang='lat' dir='ltr'><strong>speciosa</strong></span> <span class='ocrx_word' id='word_1_452' title='bbox 1294 3403 1428 3453; x_wconf 87' lang='lat' dir='ltr'><strong>mea,</strong></span> <span class='ocrx_word' id='word_1_453' title='bbox 1465 3387 1707 3441; x_wconf 85' lang='lat' dir='ltr'><strong>columba</strong></span> 
     </span>
    </p>
   </div>
   <div class='ocr_carea' id='block_1_35' title="bbox 75 3474 1709 3549">
    <p class='ocr_par' dir='ltr' id='par_1_35' title="bbox 75 3474 1709 3549">
     <span class='ocr_line' id='line_1_35' title="bbox 75 3474 1709 3549; baseline 0.003 -21"><span class='ocrx_word' id='word_1_454' title='bbox 75 3491 226 3529; x_wconf 90' lang='lat' dir='ltr'><strong>mea.</strong></span> <span class='ocrx_word' id='word_1_455' title='bbox 255 3474 369 3529; x_wconf 84' lang='lat' dir='ltr'><strong>Cur</strong></span> <span class='ocrx_word' id='word_1_456' title='bbox 400 3475 504 3538; x_wconf 89' lang='lat' dir='ltr'><strong>ait,</strong></span> <span class='ocrx_word' id='word_1_457' title='bbox 541 3476 750 3547; x_wconf 83' lang='lat' dir='ltr'><strong>Surge?</strong></span> <span class='ocrx_word' id='word_1_458' title='bbox 781 3476 891 3532; x_wconf 88' lang='lat' dir='ltr'><strong>Cur</strong></span> <span class='ocrx_word' id='word_1_459' title='bbox 923 3480 1189 3548; x_wconf 89' lang='lat' dir='ltr'><strong>propera?</strong></span> <span class='ocrx_word' id='word_1_460' title='bbox 1226 3479 1339 3549; x_wconf 83' lang='lat' dir='ltr'><strong>Ego</strong></span> <span class='ocrx_word' id='word_1_461' title='bbox 1377 3494 1476 3549; x_wconf 91' lang='lat' dir='ltr'><strong>pro</strong></span> <span class='ocrx_word' id='word_1_462' title='bbox 1507 3488 1558 3533; x_wconf 92' lang='lat' dir='ltr'><strong>te</strong></span> <span class='ocrx_word' id='word_1_463' title='bbox 1589 3495 1709 3534; x_wconf 91' lang='lat' dir='ltr'><strong>sus-</strong></span> 
     </span>
    </p>
   </div>
   <div class='ocr_carea' id='block_1_36' title="bbox 77 3567 1704 3642">
    <p class='ocr_par' dir='ltr' id='par_1_36' title="bbox 77 3567 1704 3642">
     <span class='ocr_line' id='line_1_36' title="bbox 77 3567 1704 3642; baseline 0.004 -20"><span class='ocrx_word' id='word_1_464' title='bbox 77 3569 224 3622; x_wconf 92' lang='lat' dir='ltr'><strong>tinui</strong></span> <span class='ocrx_word' id='word_1_465' title='bbox 265 3567 473 3621; x_wconf 88' lang='lat' dir='ltr'><strong>rabicnt</strong></span> <span class='ocrx_word' id='word_1_466' title='bbox 507 3577 922 3640; x_wconf 86' lang='lat' dir='ltr'><strong>tempestatum;</strong></span> <span class='ocrx_word' id='word_1_467' title='bbox 972 3587 1073 3642; x_wconf 75' lang='lat' dir='ltr'><strong>ego</strong></span> <span class='ocrx_word' id='word_1_468' title='bbox 1106 3571 1321 3632; x_wconf 83' lang='lat' dir='ltr'><strong>ﬂuctus,</strong></span> <span class='ocrx_word' id='word_1_469' title='bbox 1357 3572 1446 3639; x_wconf 90' lang='lat' dir='ltr'><strong>qui</strong></span> <span class='ocrx_word' id='word_1_470' title='bbox 1481 3572 1574 3626; x_wconf 92' lang='lat' dir='ltr'><strong>tibi</strong></span> <span class='ocrx_word' id='word_1_471' title='bbox 1606 3571 1704 3628; x_wconf 84' lang='lat' dir='ltr'><strong>de-</strong></span> 
     </span>
    </p>
   </div>
   <div class='ocr_carea' id='block_1_37' title="bbox 81 3659 1701 3734">
    <p class='ocr_par' dir='ltr' id='par_1_37' title="bbox 81 3659 1701 3734">
     <span class='ocr_line' id='line_1_37' title="bbox 81 3659 1701 3734; baseline 0.002 -21"><span class='ocrx_word' id='word_1_472' title='bbox 81 3659 389 3722; x_wconf 83' lang='lat' dir='ltr'><strong>bebantur,</strong></span> <span class='ocrx_word' id='word_1_473' title='bbox 428 3663 636 3730; x_wconf 79' lang='lat' dir='ltr'><strong>excepi.</strong></span> <span class='ocrx_word' id='word_1_474' title='bbox 670 3663 866 3718; x_wconf 85' lang='lat' dir='ltr'><strong>Tristis</strong></span> <span class='ocrx_word' id='word_1_475' title='bbox 892 3672 975 3719; x_wconf 87' lang='lat' dir='ltr'><strong>est</strong></span> <span class='ocrx_word' id='word_1_476' title='bbox 1008 3663 1145 3718; x_wconf 80' lang='lat' dir='ltr'><strong>facta</strong></span> <span class='ocrx_word' id='word_1_477' title='bbox 1179 3664 1355 3718; x_wconf 88' lang='lat' dir='ltr'><strong>anima</strong></span> <span class='ocrx_word' id='word_1_478' title='bbox 1384 3680 1500 3725; x_wconf 67' lang='lat' dir='ltr'><strong>mea</strong></span> <span class='ocrx_word' id='word_1_479' title='bbox 1536 3679 1701 3734; x_wconf 83' lang='lat' dir='ltr'><strong>prop-</strong></span> 
     </span>
    </p>
   </div>
   <div class='ocr_carea' id='block_1_38' title="bbox 84 3753 1700 3827">
    <p class='ocr_par' dir='ltr' id='par_1_38' title="bbox 84 3753 1700 3827">
     <span class='ocr_line' id='line_1_38' title="bbox 84 3753 1700 3827; baseline 0.002 -21"><span class='ocrx_word' id='word_1_480' title='bbox 84 3763 171 3807; x_wconf 88' lang='lat' dir='ltr'><strong>ter</strong></span> <span class='ocrx_word' id='word_1_481' title='bbox 206 3763 261 3806; x_wconf 88' lang='lat' dir='ltr'><strong>te</strong></span> <span class='ocrx_word' id='word_1_482' title='bbox 297 3769 470 3822; x_wconf 84' lang='lat' dir='ltr'><strong>usque</strong></span> <span class='ocrx_word' id='word_1_483' title='bbox 507 3753 570 3808; x_wconf 87' lang='lat' dir='ltr'><strong>ad</strong></span> <span class='ocrx_word' id='word_1_484' title='bbox 606 3765 836 3810; x_wconf 76' lang='lat' dir='ltr'><strong>mortem</strong></span> <span class='ocrx_word' id='word_1_485' title='bbox 867 3755 1085 3826; x_wconf 81' lang='lat' dir='ltr'><strong>(Matth.</strong></span> <span class='ocrx_word' id='word_1_486' title='bbox 1129 3773 1243 3822; x_wconf 77' lang='lat' dir='ltr'><strong>xw,</strong></span> <span class='ocrx_word' id='word_1_487' title='bbox 1279 3768 1324 3810; x_wconf 84' lang='lat' dir='ltr'><strong>et</strong></span> <span class='ocrx_word' id='word_1_488' title='bbox 1359 3755 1522 3811; x_wconf 83' lang='lat' dir='ltr'><strong>Marc.</strong></span> <span class='ocrx_word' id='word_1_489' title='bbox 1569 3757 1700 3827; x_wconf 78' lang='lat' dir='ltr'><strong>xw).</strong></span> 
     </span>
    </p>
   </div>
   <div class='ocr_carea' id='block_1_39' title="bbox 82 3843 1702 3914">
    <p class='ocr_par' dir='ltr' id='par_1_39' title="bbox 82 3843 1702 3914">
     <span class='ocr_line' id='line_1_39' title="bbox 82 3843 1702 3914; baseline 0.002 -17"><span class='ocrx_word' id='word_1_490' title='bbox 82 3843 319 3897; x_wconf 80' lang='lat' dir='ltr'><strong>Surrexi</strong></span> <span class='ocrx_word' id='word_1_491' title='bbox 355 3859 382 3896; x_wconf 85' lang='lat' dir='ltr'><strong>a</strong></span> <span class='ocrx_word' id='word_1_492' title='bbox 416 3847 670 3910; x_wconf 85' lang='lat' dir='ltr'><strong>mortuis,</strong></span> <span class='ocrx_word' id='word_1_493' title='bbox 709 3846 892 3901; x_wconf 67' lang='lat' dir='ltr'><strong>irai-tis</strong></span> <span class='ocrx_word' id='word_1_494' title='bbox 927 3849 1118 3901; x_wconf 90' lang='lat' dir='ltr'><strong>mortis</strong></span> <span class='ocrx_word' id='word_1_495' title='bbox 1151 3848 1374 3914; x_wconf 83' lang='lat' dir='ltr'><strong>aculeis,</strong></span> <span class='ocrx_word' id='word_1_496' title='bbox 1409 3859 1462 3902; x_wconf 87' lang='lat' dir='ltr'><strong>et</strong></span> <span class='ocrx_word' id='word_1_497' title='bbox 1503 3848 1702 3904; x_wconf 80' lang='lat' dir='ltr'><strong>inferni</strong></span> 
     </span>
    </p>
   </div>
   <div class='ocr_carea' id='block_1_40' title="bbox 85 3935 1702 4014">
    <p class='ocr_par' dir='ltr' id='par_1_40' title="bbox 85 3935 1702 4014">
     <span class='ocr_line' id='line_1_40' title="bbox 85 3935 1702 4014; baseline 0.004 -28"><span class='ocrx_word' id='word_1_498' title='bbox 85 3935 329 3990; x_wconf 83' lang='lat' dir='ltr'><strong>vinculis</strong></span> <span class='ocrx_word' id='word_1_499' title='bbox 356 3935 660 4004; x_wconf 78' lang='lat' dir='ltr'><strong>dissolttti-,</strong></span> <span class='ocrx_word' id='word_1_500' title='bbox 689 3939 810 3992; x_wconf 87' lang='lat' dir='ltr'><strong>ideo</strong></span> <span class='ocrx_word' id='word_1_501' title='bbox 838 3941 957 3992; x_wconf 80' lang='lat' dir='ltr'><strong>dico</strong></span> <span class='ocrx_word' id='word_1_502' title='bbox 979 3941 1073 3994; x_wconf 89' lang='lat' dir='ltr'><strong>tibi</strong></span> <span class='ocrx_word' id='word_1_503' title='bbox 1107 3960 1116 3993; x_wconf 88' lang='lat'><strong>:</strong></span> <span class='ocrx_word' id='word_1_504' title='bbox 1147 3941 1338 4014; x_wconf 80' lang='lat' dir='ltr'><strong>Surge,</strong></span> <span class='ocrx_word' id='word_1_505' title='bbox 1368 3941 1702 4012; x_wconf 49' lang='lat' dir='ltr'><strong>reni,pro:cic</strong></span> 
     </span>
    </p>
   </div>
   <div class='ocr_carea' id='block_1_41' title="bbox 89 4031 1705 4104">
    <p class='ocr_par' dir='ltr' id='par_1_41' title="bbox 89 4031 1705 4104">
     <span class='ocr_line' id='line_1_41' title="bbox 89 4031 1705 4104; baseline 0.003 -23"><span class='ocrx_word' id='word_1_506' title='bbox 89 4047 175 4081; x_wconf 84' lang='lat' dir='ltr'><strong>um</strong></span> <span class='ocrx_word' id='word_1_507' title='bbox 205 4047 343 4094; x_wconf 80' lang='lat' dir='ltr'><strong>mea,</strong></span> <span class='ocrx_word' id='word_1_508' title='bbox 371 4033 603 4097; x_wconf 81' lang='lat' dir='ltr'><strong>speciosa</strong></span> <span class='ocrx_word' id='word_1_509' title='bbox 633 4047 766 4095; x_wconf 83' lang='lat' dir='ltr'><strong>utea,</strong></span> <span class='ocrx_word' id='word_1_510' title='bbox 791 4031 1027 4084; x_wconf 84' lang='lat' dir='ltr'><strong>columba</strong></span> <span class='ocrx_word' id='word_1_511' title='bbox 1056 4050 1167 4084; x_wconf 77' lang='lat' dir='ltr'><strong>mea</strong></span> <span class='ocrx_word' id='word_1_512' title='bbox 1200 4055 1208 4086; x_wconf 88' lang='lat'><em>;</em></span> <span class='ocrx_word' id='word_1_513' title='bbox 1241 4036 1361 4103; x_wconf 87' lang='lat' dir='ltr'><strong>quia</strong></span> <span class='ocrx_word' id='word_1_514' title='bbox 1391 4051 1505 4087; x_wconf 84' lang='lat' dir='ltr'><strong>ecce</strong></span> <span class='ocrx_word' id='word_1_515' title='bbox 1529 4035 1705 4104; x_wconf 82' lang='lat' dir='ltr'><strong>Ityettts</strong></span> 
     </span>
    </p>
   </div>
   <div class='ocr_carea' id='block_1_42' title="bbox 87 4123 1701 4195">
    <p class='ocr_par' dir='ltr' id='par_1_42' title="bbox 87 4123 1701 4195">
     <span class='ocr_line' id='line_1_42' title="bbox 87 4123 1701 4195; baseline 0.004 -21"><span class='ocrx_word' id='word_1_516' title='bbox 87 4125 351 4189; x_wconf 82' lang='lat' dir='ltr'><strong>transivit,</strong></span> <span class='ocrx_word' id='word_1_517' title='bbox 393 4125 568 4195; x_wconf 84' lang='lat' dir='ltr'><strong>pluvia</strong></span> <span class='ocrx_word' id='word_1_518' title='bbox 619 4126 740 4177; x_wconf 77' lang='lat' dir='ltr'><strong>abiit</strong></span> <span class='ocrx_word' id='word_1_519' title='bbox 771 4125 886 4192; x_wconf 83' lang='lat' dir='ltr'><strong>sibi,</strong></span> <span class='ocrx_word' id='word_1_520' title='bbox 943 4123 1098 4193; x_wconf 73' lang='lat' dir='ltr'><strong>ﬂores</strong></span> <span class='ocrx_word' id='word_1_521' title='bbox 1147 4127 1241 4178; x_wconf 79' lang='lat' dir='ltr'><strong>visi</strong></span> <span class='ocrx_word' id='word_1_522' title='bbox 1284 4139 1400 4181; x_wconf 86' lang='lat' dir='ltr'><strong>sunt</strong></span> <span class='ocrx_word' id='word_1_523' title='bbox 1448 4130 1500 4181; x_wconf 87' lang='lat' dir='ltr'><strong>iu</strong></span> <span class='ocrx_word' id='word_1_524' title='bbox 1548 4138 1701 4181; x_wconf 78' lang='lat' dir='ltr'><strong>terra.</strong></span> 
     </span>
    </p>
   </div>
   <div class='ocr_carea' id='block_1_43' title="bbox 90 4217 1700 4287">
    <p class='ocr_par' dir='ltr' id='par_1_43' title="bbox 90 4217 1700 4287">
     <span class='ocr_line' id='line_1_43' title="bbox 90 4217 1700 4287; baseline 0.004 -18"><span class='ocrx_word' id='word_1_525' title='bbox 90 4217 204 4285; x_wconf 68' lang='lat' dir='ltr'><strong>ligo</strong></span> <span class='ocrx_word' id='word_1_526' title='bbox 229 4232 258 4269; x_wconf 92' lang='lat' dir='ltr'><strong>a</strong></span> <span class='ocrx_word' id='word_1_527' title='bbox 284 4217 513 4270; x_wconf 89' lang='lat' dir='ltr'><strong>mortuis</strong></span> <span class='ocrx_word' id='word_1_528' title='bbox 540 4232 794 4285; x_wconf 78' lang='lat' dir='ltr'><strong>surgens,</strong></span> <span class='ocrx_word' id='word_1_529' title='bbox 830 4225 1154 4282; x_wconf 68' lang='lat' dir='ltr'><strong>tempestate</strong></span> <span class='ocrx_word' id='word_1_530' title='bbox 1185 4233 1520 4287; x_wconf 83' lang='lat' dir='ltr'><strong>compressa,</strong></span> <span class='ocrx_word' id='word_1_531' title='bbox 1551 4229 1700 4275; x_wconf 88' lang='lat' dir='ltr'><strong>tran-</strong></span> 
     </span>
    </p>
   </div>
   <div class='ocr_carea' id='block_1_44' title="bbox 92 4308 1706 4381">
    <p class='ocr_par' dir='ltr' id='par_1_44' title="bbox 92 4308 1706 4381">
     <span class='ocr_line' id='line_1_44' title="bbox 92 4308 1706 4381; baseline 0.005 -21"><span class='ocrx_word' id='word_1_532' title='bbox 92 4311 426 4377; x_wconf 72' lang='lat' dir='ltr'><strong>quillitatem</strong></span> <span class='ocrx_word' id='word_1_533' title='bbox 458 4309 688 4363; x_wconf 79' lang='lat' dir='ltr'><strong>reddidi.</strong></span> <span class='ocrx_word' id='word_1_534' title='bbox 739 4308 804 4362; x_wconf 76' lang='lat' dir='ltr'><strong>Et</strong></span> <span class='ocrx_word' id='word_1_535' title='bbox 848 4309 970 4378; x_wconf 84' lang='lat' dir='ltr'><strong>quia</strong></span> <span class='ocrx_word' id='word_1_536' title='bbox 1016 4310 1314 4364; x_wconf 87' lang='lat' dir='ltr'><strong>secundum</strong></span> <span class='ocrx_word' id='word_1_537' title='bbox 1344 4311 1706 4381; x_wconf 88' lang='lat' dir='ltr'><strong>dispensatio-</strong></span> 
     </span>
    </p>
   </div>
   <div class='ocr_carea' id='block_1_45' title="bbox 97 4401 1700 4473">
    <p class='ocr_par' dir='ltr' id='par_1_45' title="bbox 97 4401 1700 4473">
     <span class='ocr_line' id='line_1_45' title="bbox 97 4401 1700 4473; baseline 0.003 -18"><span class='ocrx_word' id='word_1_538' title='bbox 97 4421 222 4456; x_wconf 83' lang='lat' dir='ltr'><strong>nent</strong></span> <span class='ocrx_word' id='word_1_539' title='bbox 256 4404 441 4456; x_wconf 87' lang='lat' dir='ltr'><strong>earnis</strong></span> <span class='ocrx_word' id='word_1_540' title='bbox 473 4419 539 4457; x_wconf 88' lang='lat' dir='ltr'><strong>ex</strong></span> <span class='ocrx_word' id='word_1_541' title='bbox 570 4402 828 4473; x_wconf 77' lang='lat' dir='ltr'><strong>Virgine.</strong></span> <span class='ocrx_word' id='word_1_542' title='bbox 881 4413 936 4456; x_wconf 91' lang='lat' dir='ltr'><strong>et</strong></span> <span class='ocrx_word' id='word_1_543' title='bbox 969 4404 1248 4458; x_wconf 85' lang='lat' dir='ltr'><strong>voluntate</strong></span> <span class='ocrx_word' id='word_1_544' title='bbox 1280 4401 1460 4459; x_wconf 85' lang='lat' dir='ltr'><strong>Patris</strong></span> <span class='ocrx_word' id='word_1_545' title='bbox 1509 4407 1700 4473; x_wconf 75' lang='lat' dir='ltr'><strong>crevi,</strong></span> 
     </span>
    </p>
   </div>
   <div class='ocr_carea' id='block_1_46' title="bbox 96 4495 1700 4566">
    <p class='ocr_par' dir='ltr' id='par_1_46' title="bbox 96 4495 1700 4566">
     <span class='ocr_line' id='line_1_46' title="bbox 96 4495 1700 4566; baseline 0.003 -19"><span class='ocrx_word' id='word_1_546' title='bbox 96 4505 150 4548; x_wconf 89' lang='lat' dir='ltr'><strong>et</strong></span> <span class='ocrx_word' id='word_1_547' title='bbox 182 4495 453 4564; x_wconf 86' lang='lat' dir='ltr'><strong>sapientia</strong></span> <span class='ocrx_word' id='word_1_548' title='bbox 488 4505 542 4546; x_wconf 92' lang='lat' dir='ltr'><strong>et</strong></span> <span class='ocrx_word' id='word_1_549' title='bbox 571 4506 731 4548; x_wconf 76' lang='lat' dir='ltr'><strong>tetate</strong></span> <span class='ocrx_word' id='word_1_550' title='bbox 765 4496 990 4565; x_wconf 80' lang='lat' dir='ltr'><strong>proieci,</strong></span> <span class='ocrx_word' id='word_1_551' title='bbox 1020 4498 1174 4566; x_wconf 71' lang='lat' dir='ltr'><strong>ﬂores</strong></span> <span class='ocrx_word' id='word_1_552' title='bbox 1201 4498 1292 4550; x_wconf 83' lang='lat' dir='ltr'><strong>risi</strong></span> <span class='ocrx_word' id='word_1_553' title='bbox 1321 4507 1440 4551; x_wconf 87' lang='lat' dir='ltr'><strong>sunt</strong></span> <span class='ocrx_word' id='word_1_554' title='bbox 1465 4499 1512 4551; x_wconf 89' lang='lat' dir='ltr'><strong>in</strong></span> <span class='ocrx_word' id='word_1_555' title='bbox 1543 4507 1700 4564; x_wconf 84' lang='lat' dir='ltr'><strong>terra,</strong></span> 
     </span>
    </p>
   </div>
   <div class='ocr_carea' id='block_1_47' title="bbox 97 4583 1702 4661">
    <p class='ocr_par' dir='ltr' id='par_1_47' title="bbox 97 4583 1702 4661">
     <span class='ocr_line' id='line_1_47' title="bbox 97 4583 1702 4661; baseline 0.004 -21"><span class='ocrx_word' id='word_1_556' title='bbox 97 4602 306 4658; x_wconf 79' lang='lat' dir='ltr'><strong>tempus</strong></span> <span class='ocrx_word' id='word_1_557' title='bbox 330 4583 352 4623; x_wconf 70' lang='grc' dir='ltr'>ἀ</span> <span class='ocrx_word' id='word_1_558' title='bbox 386 4590 620 4643; x_wconf 87' lang='lat' dir='ltr'><strong>sectiouis</strong></span> <span class='ocrx_word' id='word_1_559' title='bbox 647 4590 811 4645; x_wconf 84' lang='lat' dir='ltr'><strong>adest.</strong></span> <span class='ocrx_word' id='word_1_560' title='bbox 845 4592 1049 4656; x_wconf 82' lang='lat' dir='ltr'><strong>Sectio,</strong></span> <span class='ocrx_word' id='word_1_561' title='bbox 1077 4591 1326 4646; x_wconf 73' lang='lat' dir='ltr'><strong>remissio</strong></span> <span class='ocrx_word' id='word_1_562' title='bbox 1358 4602 1702 4661; x_wconf 80' lang='lat' dir='ltr'><strong>peccatorum</strong></span> 
     </span>
    </p>
   </div>
   <div class='ocr_carea' id='block_1_48' title="bbox 1813 2633 3424 2706">
    <p class='ocr_par' dir='ltr' id='par_1_48' title="bbox 1813 2633 3424 2706">
     <span class='ocr_line' id='line_1_48' title="bbox 1813 2633 3424 2706; baseline 0.002 -20"><span class='ocrx_word' id='word_1_563' title='bbox 1813 2644 1933 2703; x_wconf 70' lang='lat' dir='ltr'><strong>post</strong></span> <span class='ocrx_word' id='word_1_564' title='bbox 1965 2633 2237 2706; x_wconf 85' lang='lat' dir='ltr'><strong>byemem,</strong></span> <span class='ocrx_word' id='word_1_565' title='bbox 2281 2646 2402 2704; x_wconf 89' lang='lat' dir='ltr'><strong>post</strong></span> <span class='ocrx_word' id='word_1_566' title='bbox 2443 2635 2734 2702; x_wconf 82' lang='lat' dir='ltr'><strong>procellas,</strong></span> <span class='ocrx_word' id='word_1_567' title='bbox 2783 2636 3084 2690; x_wconf 85' lang='lat' dir='ltr'><strong>animarum</strong></span> <span class='ocrx_word' id='word_1_568' title='bbox 3117 2636 3424 2706; x_wconf 84' lang='lat' dir='ltr'><strong>appropin-</strong></span> 
     </span>
    </p>
   </div>
   <div class='ocr_carea' id='block_1_49' title="bbox 1816 2723 2518 2795">
    <p class='ocr_par' dir='ltr' id='par_1_49' title="bbox 1816 2723 2518 2795">
     <span class='ocr_line' id='line_1_49' title="bbox 1816 2723 2518 2795; baseline 0.007 -20"><span class='ocrx_word' id='word_1_569' title='bbox 1816 2738 2009 2795; x_wconf 77' lang='lat' dir='ltr'><strong>qttaSsc</strong></span> <span class='ocrx_word' id='word_1_570' title='bbox 2039 2739 2294 2787; x_wconf 67' lang='lat' dir='ltr'><strong>mt‘S.~CIll,</strong></span> <span class='ocrx_word' id='word_1_571' title='bbox 2325 2732 2375 2781; x_wconf 88' lang='lat' dir='ltr'><strong>et</strong></span> <span class='ocrx_word' id='word_1_572' title='bbox 2401 2723 2476 2779; x_wconf 83' lang='lat' dir='ltr'><strong>ait</strong></span> <span class='ocrx_word' id='word_1_573' title='bbox 2505 2743 2518 2780; x_wconf 89' lang='lat'><strong>:</strong></span> 
     </span>
    </p>
   </div>
   <div class='ocr_carea' id='block_1_50' title="bbox 1887 2815 3423 2890">
    <p class='ocr_par' dir='ltr' id='par_1_50' title="bbox 1887 2815 3423 2890">
     <span class='ocr_line' id='line_1_50' title="bbox 1887 2815 3423 2890; baseline 0.004 -22"><span class='ocrx_word' id='word_1_574' title='bbox 1887 2815 2045 2871; x_wconf 78' lang='lat' dir='ltr'><strong>Ficus</strong></span> <span class='ocrx_word' id='word_1_575' title='bbox 2095 2819 2342 2888; x_wconf 76' lang='lat' dir='ltr'><strong>produxit</strong></span> <span class='ocrx_word' id='word_1_576' title='bbox 2390 2835 2595 2889; x_wconf 86' lang='lat' dir='ltr'><strong>grossos</strong></span> <span class='ocrx_word' id='word_1_577' title='bbox 2627 2836 2769 2887; x_wconf 88' lang='lat' dir='ltr'><strong>suos,</strong></span> <span class='ocrx_word' id='word_1_578' title='bbox 2805 2821 2930 2873; x_wconf 85' lang='lat' dir='ltr'><strong>vites</strong></span> <span class='ocrx_word' id='word_1_579' title='bbox 2971 2821 3288 2890; x_wconf 81' lang='lat' dir='ltr'><strong>ﬂorescunt,</strong></span> <span class='ocrx_word' id='word_1_580' title='bbox 3334 2820 3423 2874; x_wconf 83' lang='lat' dir='ltr'><strong>de-</strong></span> 
     </span>
    </p>
   </div>
   <div class='ocr_carea' id='block_1_51' title="bbox 1814 2910 3417 2981">
    <p class='ocr_par' dir='ltr' id='par_1_51' title="bbox 1814 2910 3417 2981">
     <span class='ocr_line' id='line_1_51' title="bbox 1814 2910 3417 2981; baseline 0.002 -19"><span class='ocrx_word' id='word_1_581' title='bbox 1814 2912 1998 2964; x_wconf 79' lang='lat' dir='ltr'><strong>derunt</strong></span> <span class='ocrx_word' id='word_1_582' title='bbox 2026 2913 2256 2966; x_wconf 84' lang='lat' dir='ltr'><strong>odorem.</strong></span> <span class='ocrx_word' id='word_1_583' title='bbox 2303 2911 2361 2967; x_wconf 89' lang='lat' dir='ltr'><strong>Si</strong></span> <span class='ocrx_word' id='word_1_584' title='bbox 2400 2915 2537 2965; x_wconf 87' lang='lat' dir='ltr'><strong>vites</strong></span> <span class='ocrx_word' id='word_1_585' title='bbox 2572 2911 2684 2981; x_wconf 91' lang='lat' dir='ltr'><strong>jam</strong></span> <span class='ocrx_word' id='word_1_586' title='bbox 2735 2920 3064 2980; x_wconf 89' lang='lat' dir='ltr'><strong>rutnpuntur</strong></span> <span class='ocrx_word' id='word_1_587' title='bbox 3095 2912 3147 2966; x_wconf 92' lang='lat' dir='ltr'><strong>in</strong></span> <span class='ocrx_word' id='word_1_588' title='bbox 3197 2910 3417 2977; x_wconf 83' lang='lat' dir='ltr'><strong>ﬂorem,</strong></span> 
     </span>
    </p>
   </div>
   <div class='ocr_carea' id='block_1_52' title="bbox 1816 3005 3424 3076">
    <p class='ocr_par' dir='ltr' id='par_1_52' title="bbox 1816 3005 3424 3076">
     <span class='ocr_line' id='line_1_52' title="bbox 1816 3005 3424 3076; baseline 0.002 -21"><span class='ocrx_word' id='word_1_589' title='bbox 1816 3015 2030 3074; x_wconf 78' lang='lat' dir='ltr'><strong>tempus</strong></span> <span class='ocrx_word' id='word_1_590' title='bbox 2051 3006 2326 3070; x_wconf 86' lang='lat' dir='ltr'><strong>adveniet,</strong></span> <span class='ocrx_word' id='word_1_591' title='bbox 2355 3017 2406 3059; x_wconf 91' lang='lat' dir='ltr'><strong>et</strong></span> <span class='ocrx_word' id='word_1_592' title='bbox 2437 3016 2601 3060; x_wconf 86' lang='lat' dir='ltr'><strong>erunt</strong></span> <span class='ocrx_word' id='word_1_593' title='bbox 2629 3022 2768 3060; x_wconf 70' lang='lat' dir='ltr'><strong>uvm.</strong></span> <span class='ocrx_word' id='word_1_594' title='bbox 2793 3005 2981 3076; x_wconf 85' lang='lat' dir='ltr'><strong>Surge,</strong></span> <span class='ocrx_word' id='word_1_595' title='bbox 3012 3009 3145 3071; x_wconf 79' lang='lat' dir='ltr'><strong>veni,</strong></span> <span class='ocrx_word' id='word_1_596' title='bbox 3178 3006 3424 3074; x_wconf 65' lang='lat' dir='ltr'><strong>prox-ima</strong></span> 
     </span>
    </p>
   </div>
   <div class='ocr_carea' id='block_1_53' title="bbox 1814 3096 3424 3166">
    <p class='ocr_par' dir='ltr' id='par_1_53' title="bbox 1814 3096 3424 3166">
     <span class='ocr_line' id='line_1_53' title="bbox 1814 3096 3424 3166; baseline 0.002 -15"><span class='ocrx_word' id='word_1_597' title='bbox 1814 3114 1947 3165; x_wconf 82' lang='lat' dir='ltr'><strong>mea,</strong></span> <span class='ocrx_word' id='word_1_598' title='bbox 1979 3096 2210 3166; x_wconf 78' lang='lat' dir='ltr'><strong>speciosa</strong></span> <span class='ocrx_word' id='word_1_599' title='bbox 2243 3113 2374 3166; x_wconf 88' lang='lat' dir='ltr'><strong>mea,</strong></span> <span class='ocrx_word' id='word_1_600' title='bbox 2405 3096 2639 3150; x_wconf 86' lang='lat' dir='ltr'><strong>columba</strong></span> <span class='ocrx_word' id='word_1_601' title='bbox 2676 3113 2808 3149; x_wconf 83' lang='lat' dir='ltr'><strong>mea.</strong></span> <span class='ocrx_word' id='word_1_602' title='bbox 2841 3096 2966 3150; x_wconf 66' lang='lat' dir='ltr'><strong>llaec</strong></span> <span class='ocrx_word' id='word_1_603' title='bbox 2999 3111 3120 3164; x_wconf 61' lang='lat' dir='ltr'><strong>quae</strong></span> <span class='ocrx_word' id='word_1_604' title='bbox 3167 3097 3424 3166; x_wconf 69' lang='lat' dir='ltr'><strong>superius</strong></span> 
     </span>
    </p>
   </div>
   <div class='ocr_carea' id='block_1_54' title="bbox 1815 3185 3424 3260">
    <p class='ocr_par' dir='ltr' id='par_1_54' title="bbox 1815 3185 3424 3260">
     <span class='ocr_line' id='line_1_54' title="bbox 1815 3185 3424 3260; baseline -0.001 -14"><span class='ocrx_word' id='word_1_605' title='bbox 1815 3185 2187 3260; x_wconf 77' lang='lat' dir='ltr'><strong>exposuimus,</strong></span> <span class='ocrx_word' id='word_1_606' title='bbox 2221 3201 2245 3235; x_wconf 73' lang='grc' dir='ltr'>κ</span> <span class='ocrx_word' id='word_1_607' title='bbox 2279 3207 2535 3260; x_wconf 86' lang='lat' dir='ltr'><strong>sponsus,</strong></span> <span class='ocrx_word' id='word_1_608' title='bbox 2569 3205 2674 3244; x_wconf 87' lang='lat' dir='ltr'><strong>non</strong></span> <span class='ocrx_word' id='word_1_609' title='bbox 2709 3188 3060 3244; x_wconf 86' lang='lat' dir='ltr'><strong>audientibus</strong></span> <span class='ocrx_word' id='word_1_610' title='bbox 3097 3189 3424 3245; x_wconf 87' lang='lat' dir='ltr'><strong>adolescen-</strong></span> 
     </span>
    </p>
   </div>
   <div class='ocr_carea' id='block_1_55' title="bbox 1817 3283 3422 3353">
    <p class='ocr_par' dir='ltr' id='par_1_55' title="bbox 1817 3283 3422 3353">
     <span class='ocr_line' id='line_1_55' title="bbox 1817 3283 3422 3353; baseline 0.001 -16"><span class='ocrx_word' id='word_1_611' title='bbox 1817 3284 1966 3352; x_wconf 90' lang='lat' dir='ltr'><strong>tulis,</strong></span> <span class='ocrx_word' id='word_1_612' title='bbox 1997 3285 2093 3337; x_wconf 86' lang='lat' dir='ltr'><strong>sed</strong></span> <span class='ocrx_word' id='word_1_613' title='bbox 2139 3284 2252 3337; x_wconf 91' lang='lat' dir='ltr'><strong>sola</strong></span> <span class='ocrx_word' id='word_1_614' title='bbox 2295 3299 2491 3353; x_wconf 89' lang='lat' dir='ltr'><strong>sponsa</strong></span> <span class='ocrx_word' id='word_1_615' title='bbox 2525 3284 2801 3352; x_wconf 83' lang='lat' dir='ltr'><strong>audiente,</strong></span> <span class='ocrx_word' id='word_1_616' title='bbox 2839 3283 3094 3352; x_wconf 92' lang='lat' dir='ltr'><strong>loquitur.</strong></span> <span class='ocrx_word' id='word_1_617' title='bbox 3150 3283 3422 3339; x_wconf 84' lang='lat' dir='ltr'><strong>Volumus</strong></span> 
     </span>
    </p>
   </div>
   <div class='ocr_carea' id='block_1_56' title="bbox 1811 3373 3416 3446">
    <p class='ocr_par' dir='ltr' id='par_1_56' title="bbox 1811 3373 3416 3446">
     <span class='ocr_line' id='line_1_56' title="bbox 1811 3373 3416 3446; baseline 0.001 -17"><span class='ocrx_word' id='word_1_618' title='bbox 1811 3387 1990 3431; x_wconf 89' lang='lat' dir='ltr'><strong>autem</strong></span> <span class='ocrx_word' id='word_1_619' title='bbox 2021 3376 2272 3446; x_wconf 89' lang='lat' dir='ltr'><strong>etipsius</strong></span> <span class='ocrx_word' id='word_1_620' title='bbox 2301 3379 2410 3444; x_wconf 88' lang='lat' dir='ltr'><strong>jam</strong></span> <span class='ocrx_word' id='word_1_621' title='bbox 2455 3375 2644 3431; x_wconf 88' lang='lat' dir='ltr'><strong>audire</strong></span> <span class='ocrx_word' id='word_1_622' title='bbox 2687 3390 2997 3431; x_wconf 84' lang='lat' dir='ltr'><strong>sermonem</strong></span> <span class='ocrx_word' id='word_1_623' title='bbox 3041 3375 3313 3446; x_wconf 90' lang='lat' dir='ltr'><strong>loquentis</strong></span> <span class='ocrx_word' id='word_1_624' title='bbox 3343 3373 3416 3430; x_wconf 85' lang='lat' dir='ltr'><strong>ad</strong></span> 
     </span>
    </p>
   </div>
   <div class='ocr_carea' id='block_1_57' title="bbox 1812 3486 2091 3540">
    <p class='ocr_par' dir='ltr' id='par_1_57' title="bbox 1812 3486 2091 3540">
     <span class='ocr_line' id='line_1_57' title="bbox 1812 3486 2091 3540; baseline 0 -16"><span class='ocrx_word' id='word_1_625' title='bbox 1812 3486 2091 3540; x_wconf 81' lang='lat' dir='ltr'><strong>Sponsam.</strong></span> 
     </span>
    </p>
   </div>
   <div class='ocr_carea' id='block_1_58' title="bbox 1883 3560 3502 3639">
    <p class='ocr_par' dir='ltr' id='par_1_58' title="bbox 1883 3560 3502 3639">
     <span class='ocr_line' id='line_1_58' title="bbox 1883 3560 3502 3639; baseline -0.001 -23"><span class='ocrx_word' id='word_1_626' title='bbox 1883 3566 2071 3639; x_wconf 83' lang='lat' dir='ltr'><strong>Surge,</strong></span> <span class='ocrx_word' id='word_1_627' title='bbox 2100 3565 2229 3630; x_wconf 79' lang='lat' dir='ltr'><strong>ueni,</strong></span> <span class='ocrx_word' id='word_1_628' title='bbox 2276 3565 2515 3636; x_wconf 69' lang='lat' dir='ltr'><strong>proxima</strong></span> <span class='ocrx_word' id='word_1_629' title='bbox 2557 3579 2694 3629; x_wconf 87' lang='lat' dir='ltr'><strong>mea,</strong></span> <span class='ocrx_word' id='word_1_630' title='bbox 2739 3563 2980 3616; x_wconf 88' lang='lat' dir='ltr'><strong>columba</strong></span> <span class='ocrx_word' id='word_1_631' title='bbox 3016 3560 3178 3633; x_wconf 71' lang='grc'><strong>532</strong></span> <span class='ocrx_word' id='word_1_632' title='bbox 3201 3577 3334 3629; x_wconf 87' lang='lat' dir='ltr'><strong>mea,</strong></span> <span class='ocrx_word' id='word_1_633' title='bbox 3369 3571 3421 3616; x_wconf 85' lang='lat' dir='ltr'><strong>et</strong></span> <span class='ocrx_word' id='word_1_634' title='bbox 3489 3581 3502 3592; x_wconf 85' lang='grc'>·</span> 
     </span>
    </p>
   </div>
   <div class='ocr_carea' id='block_1_59' title="bbox 1809 3651 3424 3728">
    <p class='ocr_par' dir='ltr' id='par_1_59' title="bbox 1809 3651 3424 3728">
     <span class='ocr_line' id='line_1_59' title="bbox 1809 3651 3424 3728; baseline -0.004 -14"><span class='ocrx_word' id='word_1_635' title='bbox 1809 3662 1941 3728; x_wconf 82' lang='lat' dir='ltr'><strong>reni,</strong></span> <span class='ocrx_word' id='word_1_636' title='bbox 1967 3659 2202 3713; x_wconf 86' lang='lat' dir='ltr'><strong>columba</strong></span> <span class='ocrx_word' id='word_1_637' title='bbox 2225 3675 2360 3723; x_wconf 85' lang='lat' dir='ltr'><strong>utea,</strong></span> <span class='ocrx_word' id='word_1_638' title='bbox 2385 3657 2476 3711; x_wconf 89' lang='lat' dir='ltr'><strong>sub</strong></span> <span class='ocrx_word' id='word_1_639' title='bbox 2520 3655 2740 3728; x_wconf 78' lang='lat' dir='ltr'><strong>tegmine</strong></span> <span class='ocrx_word' id='word_1_640' title='bbox 2766 3668 2941 3725; x_wconf 62' lang='lat' dir='ltr'><strong>parat.</strong></span> <span class='ocrx_word' id='word_1_641' title='bbox 2977 3651 3046 3708; x_wconf 88' lang='lat' dir='ltr'><strong>Et</strong></span> <span class='ocrx_word' id='word_1_642' title='bbox 3076 3651 3292 3726; x_wconf 84' lang='lat' dir='ltr'><strong>Moyses</strong></span> <span class='ocrx_word' id='word_1_643' title='bbox 3319 3653 3424 3724; x_wconf 82' lang='lat' dir='ltr'><strong>sub</strong></span> 
     </span>
    </p>
   </div>
   <div class='ocr_carea' id='block_1_60' title="bbox 1809 3743 3419 3823">
    <p class='ocr_par' dir='ltr' id='par_1_60' title="bbox 1809 3743 3419 3823">
     <span class='ocr_line' id='line_1_60' title="bbox 1809 3743 3419 3823; baseline -0.002 -17"><span class='ocrx_word' id='word_1_644' title='bbox 1809 3755 2044 3821; x_wconf 76' lang='lat' dir='ltr'><strong>tegmine</strong></span> <span class='ocrx_word' id='word_1_645' title='bbox 2075 3763 2240 3823; x_wconf 68' lang='lat' dir='ltr'><strong>petrae</strong></span> <span class='ocrx_word' id='word_1_646' title='bbox 2271 3752 2491 3821; x_wconf 89' lang='lat' dir='ltr'><strong>ponitur</strong></span> <span class='ocrx_word' id='word_1_647' title='bbox 2513 3791 2529 3817; x_wconf 96' lang='lat'><strong>,</strong></span> <span class='ocrx_word' id='word_1_648' title='bbox 2561 3761 2617 3804; x_wconf 83' lang='grc' dir='ltr'><strong>ιιι</strong></span> <span class='ocrx_word' id='word_1_649' title='bbox 2656 3749 2834 3803; x_wconf 77' lang='lat' dir='ltr'><strong>videat</strong></span> <span class='ocrx_word' id='word_1_650' title='bbox 2880 3747 3179 3820; x_wconf 89' lang='lat' dir='ltr'><strong>posteriora</strong></span> <span class='ocrx_word' id='word_1_651' title='bbox 3229 3743 3324 3802; x_wconf 87' lang='lat' dir='ltr'><strong>Dei</strong></span> <span class='ocrx_word' id='word_1_652' title='bbox 3361 3745 3419 3803; x_wconf 87' lang='lat' dir='ltr'><strong>in</strong></span> 
     </span>
    </p>
   </div>
   <div class='ocr_carea' id='block_1_61' title="bbox 1808 3833 3410 3915">
    <p class='ocr_par' dir='ltr' id='par_1_61' title="bbox 1808 3833 3410 3915">
     <span class='ocr_line' id='line_1_61' title="bbox 1808 3833 3410 3915; baseline -0.003 -18"><span class='ocrx_word' id='word_1_653' title='bbox 1808 3843 2042 3915; x_wconf 52' lang='lat' dir='ltr'><strong>tegmine</strong></span> <span class='ocrx_word' id='word_1_654' title='bbox 2065 3843 2420 3898; x_wconf 87' lang='lat' dir='ltr'><strong>antetuuralis</strong></span> <span class='ocrx_word' id='word_1_655' title='bbox 2451 3840 2650 3913; x_wconf 77' lang='lat' dir='ltr'><strong>(Exod.</strong></span> <span class='ocrx_word' id='word_1_656' title='bbox 2683 3840 2894 3912; x_wconf 81' lang='lat' dir='ltr'><strong>xxxnt).</strong></span> <span class='ocrx_word' id='word_1_657' title='bbox 2929 3839 3172 3893; x_wconf 91' lang='lat' dir='ltr'><strong>Primum</strong></span> <span class='ocrx_word' id='word_1_658' title='bbox 3196 3839 3316 3893; x_wconf 89' lang='lat' dir='ltr'><strong>veni</strong></span> <span class='ocrx_word' id='word_1_659' title='bbox 3339 3833 3410 3893; x_wconf 88' lang='lat' dir='ltr'><strong>ad</strong></span> 
     </span>
    </p>
   </div>
   <div class='ocr_carea' id='block_1_62' title="bbox 1809 3931 3425 4006">
    <p class='ocr_par' dir='ltr' id='par_1_62' title="bbox 1809 3931 3425 4006">
     <span class='ocr_line' id='line_1_62' title="bbox 1809 3931 3425 4006; baseline -0.001 -16"><span class='ocrx_word' id='word_1_660' title='bbox 1809 3939 1857 3990; x_wconf 89' lang='lat' dir='ltr'><strong>id</strong></span> <span class='ocrx_word' id='word_1_661' title='bbox 1887 3936 2032 4006; x_wconf 85' lang='lat' dir='ltr'><strong>quod</strong></span> <span class='ocrx_word' id='word_1_662' title='bbox 2063 3948 2190 3990; x_wconf 84' lang='lat' dir='ltr'><strong>ante</strong></span> <span class='ocrx_word' id='word_1_663' title='bbox 2239 3953 2452 3990; x_wconf 89' lang='lat' dir='ltr'><strong>murum</strong></span> <span class='ocrx_word' id='word_1_664' title='bbox 2489 3947 2594 3999; x_wconf 88' lang='lat' dir='ltr'><strong>est,</strong></span> <span class='ocrx_word' id='word_1_665' title='bbox 2628 3946 2676 3987; x_wconf 87' lang='lat' dir='ltr'><strong>et</strong></span> <span class='ocrx_word' id='word_1_666' title='bbox 2713 3948 2902 4004; x_wconf 88' lang='lat' dir='ltr'><strong>postea</strong></span> <span class='ocrx_word' id='word_1_667' title='bbox 2936 3933 3146 4002; x_wconf 88' lang='lat' dir='ltr'><strong>poteris</strong></span> <span class='ocrx_word' id='word_1_668' title='bbox 3181 3931 3425 3988; x_wconf 78' lang='lat' dir='ltr'><strong>inttoire</strong></span> 
     </span>
    </p>
   </div>
   <div class='ocr_carea' id='block_1_63' title="bbox 1808 4027 3422 4099">
    <p class='ocr_par' dir='ltr' id='par_1_63' title="bbox 1808 4027 3422 4099">
     <span class='ocr_line' id='line_1_63' title="bbox 1808 4027 3422 4099; baseline -0.001 -16"><span class='ocrx_word' id='word_1_669' title='bbox 1808 4032 1896 4084; x_wconf 90' lang='lat' dir='ltr'><strong>ubi</strong></span> <span class='ocrx_word' id='word_1_670' title='bbox 1916 4046 2105 4083; x_wconf 88' lang='lat' dir='ltr'><strong>murus</strong></span> <span class='ocrx_word' id='word_1_671' title='bbox 2121 4041 2197 4083; x_wconf 71' lang='lat' dir='ltr'><strong>est</strong></span> <span class='ocrx_word' id='word_1_672' title='bbox 2227 4043 2414 4099; x_wconf 41' lang='lat' dir='ltr'><strong>petras.</strong></span> <span class='ocrx_word' id='word_1_673' title='bbox 2439 4028 2665 4084; x_wconf 77' lang='lat' dir='ltr'><strong>Ostende</strong></span> <span class='ocrx_word' id='word_1_674' title='bbox 2689 4028 2815 4081; x_wconf 81' lang='lat' dir='ltr'><strong>mihi</strong></span> <span class='ocrx_word' id='word_1_675' title='bbox 2838 4028 3023 4095; x_wconf 78' lang='lat' dir='ltr'><strong>faciem</strong></span> <span class='ocrx_word' id='word_1_676' title='bbox 3047 4037 3204 4080; x_wconf 87' lang='lat' dir='ltr'><strong>luant.</strong></span> <span class='ocrx_word' id='word_1_677' title='bbox 3236 4027 3422 4097; x_wconf 86' lang='lat' dir='ltr'><strong>Usque</strong></span> 
     </span>
    </p>
   </div>
   <div class='ocr_carea' id='block_1_64' title="bbox 1806 4119 3420 4191">
    <p class='ocr_par' dir='ltr' id='par_1_64' title="bbox 1806 4119 3420 4191">
     <span class='ocr_line' id='line_1_64' title="bbox 1806 4119 3420 4191; baseline 0 -18"><span class='ocrx_word' id='word_1_678' title='bbox 1806 4121 1870 4175; x_wconf 89' lang='lat' dir='ltr'><strong>ad</strong></span> <span class='ocrx_word' id='word_1_679' title='bbox 1890 4133 2215 4191; x_wconf 69' lang='lat' dir='ltr'><strong>prtesentctn</strong></span> <span class='ocrx_word' id='word_1_680' title='bbox 2238 4123 2380 4176; x_wconf 82' lang='lat' dir='ltr'><strong>tliem</strong></span> <span class='ocrx_word' id='word_1_681' title='bbox 2406 4122 2605 4176; x_wconf 87' lang='lat' dir='ltr'><strong>similia</strong></span> <span class='ocrx_word' id='word_1_682' title='bbox 2623 4119 2962 4175; x_wconf 86' lang='lat' dir='ltr'><strong>dicunturad</strong></span> <span class='ocrx_word' id='word_1_683' title='bbox 2984 4133 3265 4188; x_wconf 82' lang='lat' dir='ltr'><strong>sponsam.</strong></span> <span class='ocrx_word' id='word_1_684' title='bbox 3283 4119 3420 4174; x_wconf 79' lang='lat' dir='ltr'><strong>Nec-</strong></span> 
     </span>
    </p>
   </div>
   <div class='ocr_carea' id='block_1_65' title="bbox 1807 4213 3416 4286">
    <p class='ocr_par' dir='ltr' id='par_1_65' title="bbox 1807 4213 3416 4286">
     <span class='ocr_line' id='line_1_65' title="bbox 1807 4213 3416 4286; baseline 0 -16"><span class='ocrx_word' id='word_1_685' title='bbox 1807 4218 1933 4270; x_wconf 88' lang='lat' dir='ltr'><strong>dum</strong></span> <span class='ocrx_word' id='word_1_686' title='bbox 1965 4220 2108 4271; x_wconf 90' lang='lat' dir='ltr'><strong>enim</strong></span> <span class='ocrx_word' id='word_1_687' title='bbox 2154 4217 2386 4272; x_wconf 82' lang='lat' dir='ltr'><strong>habebat</strong></span> <span class='ocrx_word' id='word_1_688' title='bbox 2429 4217 2702 4278; x_wconf 77' lang='lat' dir='ltr'><strong>lidociam,</strong></span> <span class='ocrx_word' id='word_1_689' title='bbox 2741 4227 2790 4268; x_wconf 94' lang='lat' dir='ltr'><strong>ut</strong></span> <span class='ocrx_word' id='word_1_690' title='bbox 2827 4215 3062 4269; x_wconf 86' lang='lat' dir='ltr'><strong>revelata</strong></span> <span class='ocrx_word' id='word_1_691' title='bbox 3112 4213 3254 4270; x_wconf 82' lang='lat' dir='ltr'><strong>facie</strong></span> <span class='ocrx_word' id='word_1_692' title='bbox 3295 4216 3416 4286; x_wconf 76' lang='lat' dir='ltr'><strong>glo-</strong></span> 
     </span>
    </p>
   </div>
   <div class='ocr_carea' id='block_1_66' title="bbox 1808 4307 3416 4378">
    <p class='ocr_par' dir='ltr' id='par_1_66' title="bbox 1808 4307 3416 4378">
     <span class='ocr_line' id='line_1_66' title="bbox 1808 4307 3416 4378; baseline 0 -15"><span class='ocrx_word' id='word_1_693' title='bbox 1808 4311 1939 4364; x_wconf 89' lang='lat' dir='ltr'><strong>riam</strong></span> <span class='ocrx_word' id='word_1_694' title='bbox 1975 4311 2184 4364; x_wconf 89' lang='lat' dir='ltr'><strong>Domini</strong></span> <span class='ocrx_word' id='word_1_695' title='bbox 2221 4310 2706 4378; x_wconf 85' lang='lat' dir='ltr'><strong>Contemplaretur.</strong></span> <span class='ocrx_word' id='word_1_696' title='bbox 2737 4309 2871 4375; x_wconf 86' lang='lat' dir='ltr'><strong>Quia</strong></span> <span class='ocrx_word' id='word_1_697' title='bbox 2902 4322 3034 4360; x_wconf 89' lang='lat' dir='ltr'><strong>vero</strong></span> <span class='ocrx_word' id='word_1_698' title='bbox 3063 4307 3176 4377; x_wconf 88' lang='lat' dir='ltr'><strong>jam</strong></span> <span class='ocrx_word' id='word_1_699' title='bbox 3216 4316 3416 4363; x_wconf 79' lang='lat' dir='ltr'><strong>ornata</strong></span> 
     </span>
    </p>
   </div>
   <div class='ocr_carea' id='block_1_67' title="bbox 1806 4399 3404 4473">
    <p class='ocr_par' dir='ltr' id='par_1_67' title="bbox 1806 4399 3404 4473">
     <span class='ocr_line' id='line_1_67' title="bbox 1806 4399 3404 4473; baseline -0.001 -17"><span class='ocrx_word' id='word_1_700' title='bbox 1806 4413 1889 4458; x_wconf 86' lang='lat' dir='ltr'><strong>cst</strong></span> <span class='ocrx_word' id='word_1_701' title='bbox 1916 4413 2077 4470; x_wconf 89' lang='lat' dir='ltr'><strong>atque</strong></span> <span class='ocrx_word' id='word_1_702' title='bbox 2113 4404 2438 4473; x_wconf 88' lang='lat' dir='ltr'><strong>composita,</strong></span> <span class='ocrx_word' id='word_1_703' title='bbox 2461 4400 2661 4454; x_wconf 89' lang='lat' dir='ltr'><strong>dicitur</strong></span> <span class='ocrx_word' id='word_1_704' title='bbox 2685 4399 2767 4453; x_wconf 90' lang='lat' dir='ltr'><strong>ei:</strong></span> <span class='ocrx_word' id='word_1_705' title='bbox 2806 4399 3029 4453; x_wconf 84' lang='lat' dir='ltr'><strong>Ostende</strong></span> <span class='ocrx_word' id='word_1_706' title='bbox 3061 4399 3188 4454; x_wconf 88' lang='lat' dir='ltr'><strong>mihi</strong></span> <span class='ocrx_word' id='word_1_707' title='bbox 3215 4400 3404 4470; x_wconf 75' lang='lat' dir='ltr'><strong>facient</strong></span> 
     </span>
    </p>
   </div>
   <div class='ocr_carea' id='block_1_68' title="bbox 1807 4492 3410 4563">
    <p class='ocr_par' dir='ltr' id='par_1_68' title="bbox 1807 4492 3410 4563">
     <span class='ocr_line' id='line_1_68' title="bbox 1807 4492 3410 4563; baseline -0.001 -11"><span class='ocrx_word' id='word_1_708' title='bbox 1807 4509 1964 4552; x_wconf 86' lang='lat' dir='ltr'><strong>tuam.</strong></span> <span class='ocrx_word' id='word_1_709' title='bbox 2001 4499 2245 4554; x_wconf 78' lang='lat' dir='ltr'><strong>Nondum</strong></span> <span class='ocrx_word' id='word_1_710' title='bbox 2272 4499 2413 4550; x_wconf 89' lang='lat' dir='ltr'><strong>enim</strong></span> <span class='ocrx_word' id='word_1_711' title='bbox 2441 4505 2558 4549; x_wconf 84' lang='lat' dir='ltr'><strong>etat</strong></span> <span class='ocrx_word' id='word_1_712' title='bbox 2591 4509 2694 4548; x_wconf 86' lang='lat' dir='ltr'><strong>vox</strong></span> <span class='ocrx_word' id='word_1_713' title='bbox 2719 4493 2836 4562; x_wconf 86' lang='lat' dir='ltr'><strong>ejus</strong></span> <span class='ocrx_word' id='word_1_714' title='bbox 2865 4492 2937 4548; x_wconf 89' lang='lat' dir='ltr'><strong>ita</strong></span> <span class='ocrx_word' id='word_1_715' title='bbox 2966 4495 3170 4563; x_wconf 88' lang='lat' dir='ltr'><strong>suavis,</strong></span> <span class='ocrx_word' id='word_1_716' title='bbox 3207 4503 3264 4548; x_wconf 83' lang='grc' dir='ltr'><strong>ιιι</strong></span> <span class='ocrx_word' id='word_1_717' title='bbox 3293 4510 3410 4550; x_wconf 88' lang='lat' dir='ltr'><strong>me-</strong></span> 
     </span>
    </p>
   </div>
   <div class='ocr_carea' id='block_1_69' title="bbox 1809 4583 3414 4657">
    <p class='ocr_par' dir='ltr' id='par_1_69' title="bbox 1809 4583 3414 4657">
     <span class='ocr_line' id='line_1_69' title="bbox 1809 4583 3414 4657; baseline -0.001 -13"><span class='ocrx_word' id='word_1_718' title='bbox 1809 4605 2022 4645; x_wconf 79' lang='lat' dir='ltr'><strong>reretur</strong></span> <span class='ocrx_word' id='word_1_719' title='bbox 2050 4593 2098 4646; x_wconf 89' lang='lat' dir='ltr'><strong>ei</strong></span> <span class='ocrx_word' id='word_1_720' title='bbox 2127 4590 2268 4644; x_wconf 85' lang='lat' dir='ltr'><strong>dici:</strong></span> <span class='ocrx_word' id='word_1_721' title='bbox 2302 4589 2496 4642; x_wconf 81' lang='lat' dir='ltr'><strong>Audire</strong></span> <span class='ocrx_word' id='word_1_722' title='bbox 2541 4604 2618 4641; x_wconf 90' lang='lat' dir='ltr'><strong>me</strong></span> <span class='ocrx_word' id='word_1_723' title='bbox 2647 4592 2732 4657; x_wconf 78' lang='lat' dir='ltr'><strong>{ac</strong></span> <span class='ocrx_word' id='word_1_724' title='bbox 2765 4604 2933 4642; x_wconf 76' lang='lat' dir='ltr'><strong>vocem</strong></span> <span class='ocrx_word' id='word_1_725' title='bbox 2980 4599 3140 4642; x_wconf 88' lang='lat' dir='ltr'><strong>tuam.</strong></span> <span class='ocrx_word' id='word_1_726' title='bbox 3181 4583 3414 4656; x_wconf 83' lang='lat' dir='ltr'><strong>Quando</strong></span> 
     </span>
    </p>
   </div>
   <div class='ocr_carea' id='block_1_70' title="bbox 98 4676 3415 4752">
    <p class='ocr_par' dir='ltr' id='par_1_70' title="bbox 98 4676 3415 4752">
     <span class='ocr_line' id='line_1_70' title="bbox 98 4676 3415 4752; baseline -0.001 -16"><span class='ocrx_word' id='word_1_727' title='bbox 98 4693 205 4736; x_wconf 66' lang='grc' dir='ltr'><strong>εει.</strong></span> <span class='ocrx_word' id='word_1_728' title='bbox 241 4680 471 4733; x_wconf 85' lang='lat' dir='ltr'><strong>Omnem</strong></span> <span class='ocrx_word' id='word_1_729' title='bbox 515 4681 658 4736; x_wconf 86' lang='lat' dir='ltr'><strong>enim</strong></span> <span class='ocrx_word' id='word_1_730' title='bbox 693 4699 922 4746; x_wconf 85' lang='lat' dir='ltr'><strong>ramum,</strong></span> <span class='ocrx_word' id='word_1_731' title='bbox 957 4684 1062 4744; x_wconf 85' lang='lat' dir='ltr'><strong>ait,</strong></span> <span class='ocrx_word' id='word_1_732' title='bbox 1103 4683 1154 4738; x_wconf 90' lang='lat' dir='ltr'><strong>in</strong></span> <span class='ocrx_word' id='word_1_733' title='bbox 1186 4700 1270 4738; x_wconf 81' lang='lat' dir='ltr'><strong>me</strong></span> <span class='ocrx_word' id='word_1_734' title='bbox 1306 4692 1612 4737; x_wconf 76' lang='lat' dir='ltr'><strong>manentem</strong></span> <span class='ocrx_word' id='word_1_735' title='bbox 1654 4693 1707 4738; x_wconf 86' lang='lat' dir='ltr'><strong>et</strong></span> <span class='ocrx_word' id='word_1_736' title='bbox 1736 4676 1786 4734; x_wconf 90' lang='lat' dir='ltr'><strong>D</strong></span> <span class='ocrx_word' id='word_1_737' title='bbox 1813 4699 1942 4752; x_wconf 81' lang='lat' dir='ltr'><strong>ergo</strong></span> <span class='ocrx_word' id='word_1_738' title='bbox 1975 4683 2160 4736; x_wconf 89' lang='lat' dir='ltr'><strong>didicit</strong></span> <span class='ocrx_word' id='word_1_739' title='bbox 2206 4681 2391 4752; x_wconf 88' lang='lat' dir='ltr'><strong>loqui?</strong></span> <span class='ocrx_word' id='word_1_740' title='bbox 2423 4681 2565 4735; x_wconf 85' lang='lat' dir='ltr'><strong>Tace</strong></span> <span class='ocrx_word' id='word_1_741' title='bbox 2619 4681 2787 4746; x_wconf 89' lang='lat' dir='ltr'><strong>enim,</strong></span> <span class='ocrx_word' id='word_1_742' title='bbox 2842 4692 2893 4735; x_wconf 84' lang='lat' dir='ltr'><strong>et</strong></span> <span class='ocrx_word' id='word_1_743' title='bbox 2943 4681 3091 4748; x_wconf 91' lang='lat' dir='ltr'><strong>audi,</strong></span> <span class='ocrx_word' id='word_1_744' title='bbox 3121 4679 3322 4735; x_wconf 87' lang='lat' dir='ltr'><strong>Israel:</strong></span> <span class='ocrx_word' id='word_1_745' title='bbox 3357 4685 3415 4735; x_wconf 79' lang='lat' dir='ltr'><strong>et</strong></span> 
     </span>
    </p>
   </div>
   <div class='ocr_carea' id='block_1_71' title="bbox 98 4771 1703 4836">
    <p class='ocr_par' dir='ltr' id='par_1_71' title="bbox 98 4771 1703 4836">
     <span class='ocr_line' id='line_1_71' title="bbox 98 4771 1703 4836; baseline 0.002 -10"><span class='ocrx_word' id='word_1_746' title='bbox 98 4773 424 4826; x_wconf 74' lang='lat' dir='ltr'><strong>:tll&#39;erentem</strong></span> <span class='ocrx_word' id='word_1_747' title='bbox 460 4771 713 4835; x_wconf 78' lang='lat' dir='ltr'><strong>fructum,</strong></span> <span class='ocrx_word' id='word_1_748' title='bbox 747 4775 915 4829; x_wconf 85' lang='lat' dir='ltr'><strong>Pater</strong></span> <span class='ocrx_word' id='word_1_749' title='bbox 941 4791 1091 4828; x_wconf 72' lang='lat' dir='ltr'><strong>meus</strong></span> <span class='ocrx_word' id='word_1_750' title='bbox 1133 4776 1376 4836; x_wconf 84' lang='lat' dir='ltr'><strong>mundat,</strong></span> <span class='ocrx_word' id='word_1_751' title='bbox 1413 4784 1468 4829; x_wconf 88' lang='lat' dir='ltr'><strong>Ill</strong></span> <span class='ocrx_word' id='word_1_752' title='bbox 1497 4775 1703 4830; x_wconf 74' lang='lat' dir='ltr'><strong>fructus</strong></span> 
     </span>
    </p>
   </div>
   <div class='ocr_carea' id='block_1_72' title="bbox 103 4864 1701 4938">
    <p class='ocr_par' dir='ltr' id='par_1_72' title="bbox 103 4864 1701 4938">
     <span class='ocr_line' id='line_1_72' title="bbox 103 4864 1701 4938; baseline 0.005 -22"><span class='ocrx_word' id='word_1_753' title='bbox 103 4865 344 4932; x_wconf 84' lang='lat' dir='ltr'><strong>majores</strong></span> <span class='ocrx_word' id='word_1_754' title='bbox 367 4864 558 4920; x_wconf 70' lang='lat' dir='ltr'><strong>all‘crat</strong></span> <span class='ocrx_word' id='word_1_755' title='bbox 582 4865 763 4938; x_wconf 84' lang='lat' dir='ltr'><strong>(Joaa.</strong></span> <span class='ocrx_word' id='word_1_756' title='bbox 790 4867 900 4938; x_wconf 89' lang='lat' dir='ltr'><strong>xv).</strong></span> <span class='ocrx_word' id='word_1_757' title='bbox 939 4867 1146 4922; x_wconf 86' lang='lat' dir='ltr'><strong>Habeto</strong></span> <span class='ocrx_word' id='word_1_758' title='bbox 1178 4868 1404 4933; x_wconf 81' lang='lat' dir='ltr'><strong>fructus,</strong></span> <span class='ocrx_word' id='word_1_759' title='bbox 1435 4879 1489 4922; x_wconf 87' lang='lat' dir='ltr'><strong>et</strong></span> <span class='ocrx_word' id='word_1_760' title='bbox 1523 4870 1701 4937; x_wconf 86' lang='lat' dir='ltr'><strong>priora</strong></span> 
     </span>
    </p>
   </div>
   <div class='ocr_carea' id='block_1_73' title="bbox 102 4958 1703 5034">
    <p class='ocr_par' dir='ltr' id='par_1_73' title="bbox 102 4958 1703 5034">
     <span class='ocr_line' id='line_1_73' title="bbox 102 4958 1703 5034; baseline 0.007 -25"><span class='ocrx_word' id='word_1_761' title='bbox 102 4975 219 5026; x_wconf 80' lang='lat' dir='ltr'><strong>qua:</strong></span> <span class='ocrx_word' id='word_1_762' title='bbox 252 4959 304 5011; x_wconf 92' lang='lat' dir='ltr'><strong>in</strong></span> <span class='ocrx_word' id='word_1_763' title='bbox 341 4968 390 5011; x_wconf 89' lang='lat' dir='ltr'><strong>te</strong></span> <span class='ocrx_word' id='word_1_764' title='bbox 425 4958 758 5014; x_wconf 81' lang='lat' dir='ltr'><strong>infructuosa</strong></span> <span class='ocrx_word' id='word_1_765' title='bbox 798 4962 902 5032; x_wconf 82' lang='grc' dir='ltr'><strong>[ΑΙ.</strong></span> <span class='ocrx_word' id='word_1_766' title='bbox 937 4961 1235 5034; x_wconf 79' lang='lat' dir='ltr'><strong>fructuosa]</strong></span> <span class='ocrx_word' id='word_1_767' title='bbox 1269 4973 1414 5026; x_wconf 81' lang='lat' dir='ltr'><strong>sunt,</strong></span> <span class='ocrx_word' id='word_1_768' title='bbox 1447 4963 1703 5020; x_wconf 79' lang='lat' dir='ltr'><strong>auferen-</strong></span> 
     </span>
    </p>
   </div>
   <div class='ocr_carea' id='block_1_74' title="bbox 107 5045 1193 5122">
    <p class='ocr_par' dir='ltr' id='par_1_74' title="bbox 107 5045 1193 5122">
     <span class='ocr_line' id='line_1_74' title="bbox 107 5045 1193 5122; baseline 0.006 -21"><span class='ocrx_word' id='word_1_769' title='bbox 107 5060 213 5102; x_wconf 91' lang='lat' dir='ltr'><strong>tnr.</strong></span> <span class='ocrx_word' id='word_1_770' title='bbox 244 5045 480 5117; x_wconf 84' lang='lat' dir='ltr'><strong>Tempus</strong></span> <span class='ocrx_word' id='word_1_771' title='bbox 508 5052 707 5122; x_wconf 86' lang='lat' dir='ltr'><strong>quippe</strong></span> <span class='ocrx_word' id='word_1_772' title='bbox 738 5055 992 5107; x_wconf 69' lang='lat' dir='ltr'><strong>StBCliﬂnlS</strong></span> <span class='ocrx_word' id='word_1_773' title='bbox 1024 5054 1193 5109; x_wconf 83' lang='lat' dir='ltr'><strong>adest.</strong></span> 
     </span>
    </p>
   </div>
   <div class='ocr_carea' id='block_1_75' title="bbox 185 5141 1704 5207">
    <p class='ocr_par' dir='ltr' id='par_1_75' title="bbox 185 5141 1704 5207">
     <span class='ocr_line' id='line_1_75' title="bbox 185 5141 1704 5207; baseline 0.008 -12"><span class='ocrx_word' id='word_1_774' title='bbox 185 5141 539 5198; x_wconf 75' lang='lat' dir='ltr'><strong>Voxturturis</strong></span> <span class='ocrx_word' id='word_1_775' title='bbox 580 5147 757 5198; x_wconf 86' lang='lat' dir='ltr'><strong>audita</strong></span> <span class='ocrx_word' id='word_1_776' title='bbox 801 5156 874 5200; x_wconf 81' lang='lat' dir='ltr'><strong>est</strong></span> <span class='ocrx_word' id='word_1_777' title='bbox 911 5147 961 5200; x_wconf 90' lang='lat' dir='ltr'><strong>in</strong></span> <span class='ocrx_word' id='word_1_778' title='bbox 1006 5157 1141 5200; x_wconf 85' lang='lat' dir='ltr'><strong>terra</strong></span> <span class='ocrx_word' id='word_1_779' title='bbox 1185 5157 1383 5204; x_wconf 85' lang='lat' dir='ltr'><strong>nostra.</strong></span> <span class='ocrx_word' id='word_1_780' title='bbox 1419 5147 1535 5203; x_wconf 90' lang='lat' dir='ltr'><strong>Non</strong></span> <span class='ocrx_word' id='word_1_781' title='bbox 1584 5149 1704 5207; x_wconf 87' lang='lat' dir='ltr'><strong>sine</strong></span> 
     </span>
    </p>
   </div>
   <div class='ocr_carea' id='block_1_76' title="bbox 110 5235 1704 5309">
    <p class='ocr_par' dir='ltr' id='par_1_76' title="bbox 110 5235 1704 5309">
     <span class='ocr_line' id='line_1_76' title="bbox 110 5235 1704 5309; baseline 0.006 -21"><span class='ocrx_word' id='word_1_782' title='bbox 110 5249 267 5290; x_wconf 88' lang='lat' dir='ltr'><strong>causa</strong></span> <span class='ocrx_word' id='word_1_783' title='bbox 301 5236 351 5290; x_wconf 90' lang='lat' dir='ltr'><strong>in</strong></span> <span class='ocrx_word' id='word_1_784' title='bbox 381 5235 664 5292; x_wconf 82' lang='lat' dir='ltr'><strong>sacriﬁciis</strong></span> <span class='ocrx_word' id='word_1_785' title='bbox 694 5239 988 5294; x_wconf 87' lang='lat' dir='ltr'><strong>assumitur</strong></span> <span class='ocrx_word' id='word_1_786' title='bbox 1019 5255 1113 5308; x_wconf 89' lang='lat' dir='ltr'><strong>par</strong></span> <span class='ocrx_word' id='word_1_787' title='bbox 1147 5250 1436 5309; x_wconf 89' lang='lat' dir='ltr'><strong>turturum,</strong></span> <span class='ocrx_word' id='word_1_788' title='bbox 1475 5251 1568 5295; x_wconf 89' lang='lat' dir='ltr'><strong>aut</strong></span> <span class='ocrx_word' id='word_1_789' title='bbox 1596 5242 1704 5298; x_wconf 89' lang='lat' dir='ltr'><strong>duo</strong></span> 
     </span>
    </p>
   </div>
   <div class='ocr_carea' id='block_1_77' title="bbox 181 5391 1701 5464">
    <p class='ocr_par' dir='ltr' id='par_1_77' title="bbox 181 5391 1701 5464">
     <span class='ocr_line' id='line_1_77' title="bbox 181 5391 1701 5464; baseline 0.003 -17"><span class='ocrx_word' id='word_1_790' title='bbox 181 5400 206 5430; x_wconf 86' lang='grc'><strong>⁴¹</strong></span> <span class='ocrx_word' id='word_1_791' title='bbox 241 5391 412 5456; x_wconf 80' lang='lat' dir='ltr'><strong>Idem,</strong></span> <span class='ocrx_word' id='word_1_792' title='bbox 431 5404 540 5462; x_wconf 87' lang='lat' dir='ltr'><strong>post</strong></span> <span class='ocrx_word' id='word_1_793' title='bbox 565 5396 804 5458; x_wconf 76' lang='lat' dir='ltr'><strong>parietem</strong></span> <span class='ocrx_word' id='word_1_794' title='bbox 821 5405 1071 5458; x_wconf 83' lang='lat' dir='ltr'><strong>nostrum,</strong></span> <span class='ocrx_word' id='word_1_795' title='bbox 1100 5396 1565 5464; x_wconf 86' lang='lat' dir='ltr'><strong>prospiciens,elc.</strong></span> <span class='ocrx_word' id='word_1_796' title='bbox 1593 5438 1607 5460; x_wconf 85' lang='lat'><strong>,</strong></span> <span class='ocrx_word' id='word_1_797' title='bbox 1647 5403 1701 5451; x_wconf 87' lang='lat' dir='ltr'><strong>et</strong></span> 
     </span>
    </p>
   </div>
   <div class='ocr_carea' id='block_1_78' title="bbox 117 5467 1516 5538">
    <p class='ocr_par' dir='ltr' id='par_1_78' title="bbox 117 5467 1516 5538">
     <span class='ocr_line' id='line_1_78' title="bbox 117 5467 1516 5538; baseline 0.001 -20"><span class='ocrx_word' id='word_1_798' title='bbox 117 5475 254 5538; x_wconf 60' lang='lat' dir='ltr'><strong>tuos</strong></span> <span class='ocrx_word' id='word_1_799' title='bbox 269 5467 427 5519; x_wconf 86' lang='lat' dir='ltr'><strong>verba</strong></span> <span class='ocrx_word' id='word_1_800' title='bbox 460 5482 549 5538; x_wconf 86' lang='lat' dir='ltr'><strong>per</strong></span> <span class='ocrx_word' id='word_1_801' title='bbox 574 5467 708 5519; x_wconf 80' lang='lat' dir='ltr'><strong>hunc</strong></span> <span class='ocrx_word' id='word_1_802' title='bbox 740 5467 986 5536; x_wconf 84' lang='lat' dir='ltr'><strong>prospicit</strong></span> <span class='ocrx_word' id='word_1_803' title='bbox 1007 5481 1247 5534; x_wconf 81' lang='lat' dir='ltr'><strong>sponsus,</strong></span> <span class='ocrx_word' id='word_1_804' title='bbox 1284 5469 1516 5534; x_wconf 77' lang='lat' dir='ltr'><strong>ignmat.</strong></span> 
     </span>
    </p>
   </div>
   <div class='ocr_carea' id='block_1_79' title="bbox 184 5535 1465 5608">
    <p class='ocr_par' dir='ltr' id='par_1_79' title="bbox 184 5535 1465 5608">
     <span class='ocr_line' id='line_1_79' title="bbox 184 5535 1465 5608; baseline 0.002 -19"><span class='ocrx_word' id='word_1_805' title='bbox 184 5536 208 5573; x_wconf 66' lang='grc' dir='ltr'><strong>Ι)</strong></span> <span class='ocrx_word' id='word_1_806' title='bbox 242 5535 403 5601; x_wconf 84' lang='lat' dir='ltr'><strong>ldetn,</strong></span> <span class='ocrx_word' id='word_1_807' title='bbox 429 5535 517 5608; x_wconf 82' lang='lat' dir='ltr'><strong>per</strong></span> <span class='ocrx_word' id='word_1_808' title='bbox 540 5538 787 5606; x_wconf 78' lang='lat' dir='ltr'><strong>fenestras</strong></span> <span class='ocrx_word' id='word_1_809' title='bbox 817 5550 1042 5591; x_wconf 83' lang='lat' dir='ltr'><strong>nostras.</strong></span> <span class='ocrx_word' id='word_1_810' title='bbox 1079 5538 1323 5602; x_wconf 82' lang='lat' dir='ltr'><strong>Quando,</strong></span> <span class='ocrx_word' id='word_1_811' title='bbox 1359 5549 1465 5592; x_wconf 74' lang='lat' dir='ltr'><strong>etc.</strong></span> 
     </span>
    </p>
   </div>
   <div class='ocr_carea' id='block_1_80' title="bbox 191 5608 1248 5680">
    <p class='ocr_par' dir='ltr' id='par_1_80' title="bbox 191 5608 1248 5680">
     <span class='ocr_line' id='line_1_80' title="bbox 191 5608 1248 5680; baseline 0.003 -20"><span class='ocrx_word' id='word_1_812' title='bbox 191 5619 210 5680; x_wconf 57' lang='grc' dir='ltr'><strong><em>τ</em></strong></span> <span class='ocrx_word' id='word_1_813' title='bbox 251 5608 636 5680; x_wconf 57' lang='grc' dir='ltr'><strong>ςξίειρνεὶι-ιιεη</strong></span> <span class='ocrx_word' id='word_1_814' title='bbox 677 5611 894 5680; x_wconf 70' lang='lat' dir='ltr'><strong>dirupit,</strong></span> <span class='ocrx_word' id='word_1_815' title='bbox 929 5620 981 5662; x_wconf 90' lang='lat' dir='ltr'><strong>ttt</strong></span> <span class='ocrx_word' id='word_1_816' title='bbox 1018 5609 1248 5676; x_wconf 70' lang='lat' dir='ltr'><strong>loquaris</strong></span> 
     </span>
    </p>
   </div>
   <div class='ocr_carea' id='block_1_81' title="bbox 187 5675 1344 5749">
    <p class='ocr_par' dir='ltr' id='par_1_81' title="bbox 187 5675 1344 5749">
     <span class='ocr_line' id='line_1_81' title="bbox 187 5675 1344 5749; baseline 0.001 -19"><span class='ocrx_word' id='word_1_817' title='bbox 187 5675 210 5712; x_wconf 74' lang='grc' dir='ltr'><em>ά</em></span> <span class='ocrx_word' id='word_1_818' title='bbox 253 5675 438 5749; x_wconf 78' lang='lat' dir='ltr'><strong>Regia.</strong></span> <span class='ocrx_word' id='word_1_819' title='bbox 469 5695 569 5733; x_wconf 88' lang='lat' dir='ltr'><strong>ms.</strong></span> <span class='ocrx_word' id='word_1_820' title='bbox 592 5723 605 5742; x_wconf 90' lang='lat'><strong>,</strong></span> <span class='ocrx_word' id='word_1_821' title='bbox 642 5675 840 5747; x_wconf 77' lang='lat' dir='ltr'><strong>tempus</strong></span> <span class='ocrx_word' id='word_1_822' title='bbox 879 5675 1158 5748; x_wconf 76' lang='lat' dir='ltr'><strong>putationis</strong></span> <span class='ocrx_word' id='word_1_823' title='bbox 1179 5683 1344 5735; x_wconf 76' lang='lat' dir='ltr'><strong>adest.</strong></span> 
     </span>
    </p>
   </div>
   <div class='ocr_carea' id='block_1_82' title="bbox 192 5749 1705 5822">
    <p class='ocr_par' dir='ltr' id='par_1_82' title="bbox 192 5749 1705 5822">
     <span class='ocr_line' id='line_1_82' title="bbox 192 5749 1705 5822; baseline 0.003 -22"><span class='ocrx_word' id='word_1_824' title='bbox 192 5758 215 5822; x_wconf 60' lang='grc' dir='ltr'><strong>ξ</strong></span> <span class='ocrx_word' id='word_1_825' title='bbox 241 5749 464 5822; x_wconf 48' lang='lat' dir='ltr'><strong>Victor”</strong></span> <span class='ocrx_word' id='word_1_826' title='bbox 498 5763 610 5820; x_wconf 69' lang='lat' dir='ltr'><strong>qua!</strong></span> <span class='ocrx_word' id='word_1_827' title='bbox 634 5752 765 5804; x_wconf 78' lang='lat' dir='ltr'><strong>inter</strong></span> <span class='ocrx_word' id='word_1_828' title='bbox 795 5767 886 5804; x_wconf 80' lang='lat' dir='ltr'><strong>uos</strong></span> <span class='ocrx_word' id='word_1_829' title='bbox 912 5755 1306 5822; x_wconf 70' lang='lat' dir='ltr'><strong>exemplarium</strong></span> <span class='ocrx_word' id='word_1_830' title='bbox 1334 5768 1436 5822; x_wconf 82' lang='lat' dir='ltr'><strong>ope</strong></span> <span class='ocrx_word' id='word_1_831' title='bbox 1469 5751 1705 5820; x_wconf 82' lang='lat' dir='ltr'><strong>reponit.</strong></span> 
     </span>
    </p>
   </div>
   <div class='ocr_carea' id='block_1_83' title="bbox 199 5816 1708 5889">
    <p class='ocr_par' dir='ltr' id='par_1_83' title="bbox 199 5816 1708 5889">
     <span class='ocr_line' id='line_1_83' title="bbox 199 5816 1708 5889; baseline 0.004 -19"><span class='ocrx_word' id='word_1_832' title='bbox 199 5816 215 5854; x_wconf 66' lang='grc' dir='ltr'>ί</span> <span class='ocrx_word' id='word_1_833' title='bbox 260 5820 374 5872; x_wconf 84' lang='lat' dir='ltr'><strong>Alio</strong></span> <span class='ocrx_word' id='word_1_834' title='bbox 405 5816 567 5875; x_wconf 82' lang='lat' dir='ltr'><strong>sensu</strong></span> <span class='ocrx_word' id='word_1_835' title='bbox 596 5824 646 5875; x_wconf 92' lang='lat' dir='ltr'><strong>in</strong></span> <span class='ocrx_word' id='word_1_836' title='bbox 674 5826 838 5877; x_wconf 83' lang='lat' dir='ltr'><strong>veteri</strong></span> <span class='ocrx_word' id='word_1_837' title='bbox 865 5816 1124 5889; x_wconf 75' lang='lat' dir='ltr'><strong>editione,</strong></span> <span class='ocrx_word' id='word_1_838' title='bbox 1155 5823 1345 5877; x_wconf 81' lang='lat' dir='ltr'><strong>Turtur</strong></span> <span class='ocrx_word' id='word_1_839' title='bbox 1367 5816 1542 5877; x_wconf 78' lang='lat' dir='ltr'><strong>autent</strong></span> <span class='ocrx_word' id='word_1_840' title='bbox 1566 5823 1708 5876; x_wconf 83' lang='lat' dir='ltr'><strong>vide-</strong></span> 
     </span>
    </p>
   </div>
   <div class='ocr_carea' id='block_1_84' title="bbox 147 5890 1706 5966">
    <p class='ocr_par' dir='ltr' id='par_1_84' title="bbox 147 5890 1706 5966">
     <span class='ocr_line' id='line_1_84' title="bbox 147 5890 1706 5966; baseline 0.001 -20"><span class='ocrx_word' id='word_1_841' title='bbox 147 5907 240 5956; x_wconf 72' lang='grc' dir='ltr'><strong>αι’,</strong></span> <span class='ocrx_word' id='word_1_842' title='bbox 289 5890 420 5944; x_wconf 83' lang='lat' dir='ltr'><strong>verbi</strong></span> <span class='ocrx_word' id='word_1_843' title='bbox 475 5895 682 5962; x_wconf 87' lang='lat' dir='ltr'><strong>gratia,</strong></span> <span class='ocrx_word' id='word_1_844' title='bbox 736 5892 907 5964; x_wconf 81' lang='lat' dir='ltr'><strong>Moysi</strong></span> <span class='ocrx_word' id='word_1_845' title='bbox 975 5907 1020 5947; x_wconf 89' lang='lat' dir='ltr'><strong>et</strong></span> <span class='ocrx_word' id='word_1_846' title='bbox 1071 5897 1368 5950; x_wconf 87' lang='lat' dir='ltr'><strong>unicuilibet</strong></span> <span class='ocrx_word' id='word_1_847' title='bbox 1429 5895 1706 5966; x_wconf 82' lang='lat' dir='ltr'><strong>prop/tcta-</strong></span> 
     </span>
    </p>
   </div>
   <div class='ocr_carea' id='block_1_85' title="bbox 1811 4767 3409 4846">
    <p class='ocr_par' dir='ltr' id='par_1_85' title="bbox 1811 4767 3409 4846">
     <span class='ocr_line' id='line_1_85' title="bbox 1811 4767 3409 4846; baseline -0.002 -18"><span class='ocrx_word' id='word_1_848' title='bbox 1811 4777 1950 4828; x_wconf 75' lang='lat' dir='ltr'><strong>St-ics</strong></span> <span class='ocrx_word' id='word_1_849' title='bbox 1978 4775 2086 4846; x_wconf 77' lang='grc' dir='ltr'><strong>[ΑΙ.</strong></span> <span class='ocrx_word' id='word_1_850' title='bbox 2119 4773 2298 4846; x_wconf 83' lang='lat' dir='ltr'><strong>scito]</strong></span> <span class='ocrx_word' id='word_1_851' title='bbox 2329 4773 2453 4844; x_wconf 89' lang='lat' dir='ltr'><strong>qttid</strong></span> <span class='ocrx_word' id='word_1_852' title='bbox 2485 4773 2737 4842; x_wconf 90' lang='lat' dir='ltr'><strong>loquatur</strong></span> <span class='ocrx_word' id='word_1_853' title='bbox 2785 4771 3067 4828; x_wconf 88' lang='lat' dir='ltr'><strong>Dominus.</strong></span> <span class='ocrx_word' id='word_1_854' title='bbox 3117 4771 3183 4825; x_wconf 85' lang='lat' dir='ltr'><strong>Et</strong></span> <span class='ocrx_word' id='word_1_855' title='bbox 3225 4767 3409 4825; x_wconf 84' lang='lat' dir='ltr'><strong>suavis</strong></span> 
     </span>
    </p>
   </div>
   <div class='ocr_carea' id='block_1_86' title="bbox 1815 4861 3413 4935">
    <p class='ocr_par' dir='ltr' id='par_1_86' title="bbox 1815 4861 3413 4935">
     <span class='ocr_line' id='line_1_86' title="bbox 1815 4861 3413 4935; baseline -0.002 -15"><span class='ocrx_word' id='word_1_856' title='bbox 1815 4867 1952 4920; x_wconf 79' lang='lat' dir='ltr'><strong>facta</strong></span> <span class='ocrx_word' id='word_1_857' title='bbox 1985 4878 2067 4921; x_wconf 89' lang='lat' dir='ltr'><strong>est</strong></span> <span class='ocrx_word' id='word_1_858' title='bbox 2109 4883 2208 4920; x_wconf 88' lang='lat' dir='ltr'><strong>vox</strong></span> <span class='ocrx_word' id='word_1_859' title='bbox 2241 4867 2360 4934; x_wconf 85' lang='lat' dir='ltr'><strong>ejus</strong></span> <span class='ocrx_word' id='word_1_860' title='bbox 2386 4881 2610 4935; x_wconf 80' lang='lat' dir='ltr'><strong>Sponso,</strong></span> <span class='ocrx_word' id='word_1_861' title='bbox 2645 4865 2946 4919; x_wconf 87' lang='lat' dir='ltr'><strong>secundum</strong></span> <span class='ocrx_word' id='word_1_862' title='bbox 2997 4862 3130 4918; x_wconf 90' lang='lat' dir='ltr'><strong>illud</strong></span> <span class='ocrx_word' id='word_1_863' title='bbox 3177 4861 3413 4932; x_wconf 89' lang='lat' dir='ltr'><strong>prophe-</strong></span> 
     </span>
    </p>
   </div>
   <div class='ocr_carea' id='block_1_87' title="bbox 1813 4952 3410 5026">
    <p class='ocr_par' dir='ltr' id='par_1_87' title="bbox 1813 4952 3410 5026">
     <span class='ocr_line' id='line_1_87' title="bbox 1813 4952 3410 5026; baseline -0.003 -14"><span class='ocrx_word' id='word_1_864' title='bbox 1813 4960 1979 5012; x_wconf 88' lang='lat' dir='ltr'><strong>ticum</strong></span> <span class='ocrx_word' id='word_1_865' title='bbox 2018 4977 2030 5012; x_wconf 91' lang='lat'>:</span> <span class='ocrx_word' id='word_1_866' title='bbox 2064 4957 2254 5012; x_wconf 80' lang='lat' dir='ltr'><strong>Suaris</strong></span> <span class='ocrx_word' id='word_1_867' title='bbox 2297 4959 2387 5026; x_wconf 83' lang='lat' dir='ltr'><strong>ﬁat</strong></span> <span class='ocrx_word' id='word_1_868' title='bbox 2429 4956 2472 5009; x_wconf 82' lang='lat' dir='ltr'><strong>ei</strong></span> <span class='ocrx_word' id='word_1_869' title='bbox 2521 4956 2797 5025; x_wconf 86' lang='lat' dir='ltr'><strong>postulatio</strong></span> <span class='ocrx_word' id='word_1_870' title='bbox 2830 4972 2959 5008; x_wconf 88' lang='lat' dir='ltr'><strong>mea.</strong></span> <span class='ocrx_word' id='word_1_871' title='bbox 2996 4953 3148 5008; x_wconf 87' lang='lat' dir='ltr'><strong>Tunc</strong></span> <span class='ocrx_word' id='word_1_872' title='bbox 3187 4952 3253 5007; x_wconf 83' lang='lat' dir='ltr'><strong>ad</strong></span> <span class='ocrx_word' id='word_1_873' title='bbox 3285 4968 3410 5008; x_wconf 83' lang='lat' dir='ltr'><strong>eam</strong></span> 
     </span>
    </p>
   </div>
   <div class='ocr_carea' id='block_1_88' title="bbox 1811 5043 3409 5119">
    <p class='ocr_par' dir='ltr' id='par_1_88' title="bbox 1811 5043 3409 5119">
     <span class='ocr_line' id='line_1_88' title="bbox 1811 5043 3409 5119; baseline -0.003 -12"><span class='ocrx_word' id='word_1_874' title='bbox 1811 5068 2048 5119; x_wconf 64' lang='lat' dir='ltr'><strong>Sponsus</strong></span> <span class='ocrx_word' id='word_1_875' title='bbox 2075 5051 2268 5106; x_wconf 75' lang='lat' dir='ltr'><strong>cllatur</strong></span> <span class='ocrx_word' id='word_1_876' title='bbox 2295 5069 2306 5102; x_wconf 86' lang='lat'><strong>:</strong></span> <span class='ocrx_word' id='word_1_877' title='bbox 2339 5048 2407 5103; x_wconf 87' lang='lat' dir='ltr'><strong>Et</strong></span> <span class='ocrx_word' id='word_1_878' title='bbox 2435 5051 2615 5103; x_wconf 89' lang='lat' dir='ltr'><strong>audire</strong></span> <span class='ocrx_word' id='word_1_879' title='bbox 2649 5067 2728 5103; x_wconf 85' lang='lat' dir='ltr'><strong>me</strong></span> <span class='ocrx_word' id='word_1_880' title='bbox 2767 5053 2848 5118; x_wconf 84' lang='lat' dir='ltr'><strong>fac</strong></span> <span class='ocrx_word' id='word_1_881' title='bbox 2873 5064 3042 5102; x_wconf 83' lang='lat' dir='ltr'><strong>vocem</strong></span> <span class='ocrx_word' id='word_1_882' title='bbox 3066 5056 3208 5099; x_wconf 87' lang='lat' dir='ltr'><strong>tuam</strong></span> <span class='ocrx_word' id='word_1_883' title='bbox 3241 5063 3258 5100; x_wconf 91' lang='lat'><strong><em>:</em></strong></span> <span class='ocrx_word' id='word_1_884' title='bbox 3286 5043 3409 5118; x_wconf 87' lang='lat' dir='ltr'><strong>quia</strong></span> 
     </span>
    </p>
   </div>
   <div class='ocr_carea' id='block_1_89' title="bbox 1811 5139 3411 5212">
    <p class='ocr_par' dir='ltr' id='par_1_89' title="bbox 1811 5139 3411 5212">
     <span class='ocr_line' id='line_1_89' title="bbox 1811 5139 3411 5212; baseline -0.003 -13"><span class='ocrx_word' id='word_1_885' title='bbox 1811 5164 1907 5200; x_wconf 76' lang='lat' dir='ltr'><strong>var</strong></span> <span class='ocrx_word' id='word_1_886' title='bbox 1952 5157 2039 5200; x_wconf 90' lang='lat' dir='ltr'><strong>tua</strong></span> <span class='ocrx_word' id='word_1_887' title='bbox 2066 5145 2236 5199; x_wconf 88' lang='lat' dir='ltr'><strong>suavis</strong></span> <span class='ocrx_word' id='word_1_888' title='bbox 2279 5153 2350 5197; x_wconf 87' lang='lat' dir='ltr'><strong>est</strong></span> <span class='ocrx_word' id='word_1_889' title='bbox 2387 5141 2561 5212; x_wconf 87' lang='lat' dir='ltr'><strong>(Cant.</strong></span> <span class='ocrx_word' id='word_1_890' title='bbox 2608 5159 2674 5205; x_wconf 85' lang='grc' dir='ltr'><strong>ιι,</strong></span> <span class='ocrx_word' id='word_1_891' title='bbox 2732 5139 2844 5212; x_wconf 76' lang='grc' dir='ltr'><strong>Μ).</strong></span> <span class='ocrx_word' id='word_1_892' title='bbox 2898 5139 2954 5197; x_wconf 92' lang='lat' dir='ltr'><strong>Si</strong></span> <span class='ocrx_word' id='word_1_893' title='bbox 3005 5139 3291 5210; x_wconf 86' lang='lat' dir='ltr'><strong>aperueris</strong></span> <span class='ocrx_word' id='word_1_894' title='bbox 3347 5153 3411 5195; x_wconf 83' lang='lat' dir='ltr'><strong>os</strong></span> 
     </span>
    </p>
   </div>
   <div class='ocr_carea' id='block_1_90' title="bbox 1805 5229 3412 5306">
    <p class='ocr_par' dir='ltr' id='par_1_90' title="bbox 1805 5229 3412 5306">
     <span class='ocr_line' id='line_1_90' title="bbox 1805 5229 3412 5306; baseline -0.004 -12"><span class='ocrx_word' id='word_1_895' title='bbox 1805 5252 1960 5294; x_wconf 88' lang='lat' dir='ltr'><strong>tuum</strong></span> <span class='ocrx_word' id='word_1_896' title='bbox 1995 5239 2177 5294; x_wconf 79' lang='lat' dir='ltr'><strong>Verbo</strong></span> <span class='ocrx_word' id='word_1_897' title='bbox 2212 5238 2332 5304; x_wconf 88' lang='lat' dir='ltr'><strong>Dei,</strong></span> <span class='ocrx_word' id='word_1_898' title='bbox 2367 5237 2510 5293; x_wconf 90' lang='lat' dir='ltr'><strong>dicet</strong></span> <span class='ocrx_word' id='word_1_899' title='bbox 2543 5237 2633 5292; x_wconf 90' lang='lat' dir='ltr'><strong>tibi</strong></span> <span class='ocrx_word' id='word_1_900' title='bbox 2659 5251 2894 5306; x_wconf 76' lang='lat' dir='ltr'><strong>SpOnStts</strong></span> <span class='ocrx_word' id='word_1_901' title='bbox 2924 5255 2934 5288; x_wconf 92' lang='lat'>:</span> <span class='ocrx_word' id='word_1_902' title='bbox 2975 5231 3089 5288; x_wconf 74' lang='lat' dir='ltr'><strong>Vox</strong></span> <span class='ocrx_word' id='word_1_903' title='bbox 3116 5242 3204 5287; x_wconf 91' lang='lat' dir='ltr'><strong>tua</strong></span> <span class='ocrx_word' id='word_1_904' title='bbox 3237 5229 3412 5287; x_wconf 84' lang='lat' dir='ltr'><strong>suatis</strong></span> 
     </span>
    </p>
   </div>
   <div class='ocr_carea' id='block_1_91' title="bbox 1810 5388 3410 5460">
    <p class='ocr_par' dir='ltr' id='par_1_91' title="bbox 1810 5388 3410 5460">
     <span class='ocr_line' id='line_1_91' title="bbox 1810 5388 3410 5460; baseline -0.005 -12"><span class='ocrx_word' id='word_1_905' title='bbox 1810 5411 1942 5456; x_wconf 86' lang='lat' dir='ltr'><strong>rum,</strong></span> <span class='ocrx_word' id='word_1_906' title='bbox 1969 5404 2073 5449; x_wconf 82' lang='lat' dir='ltr'><strong>etc.</strong></span> <span class='ocrx_word' id='word_1_907' title='bbox 2109 5391 2355 5448; x_wconf 74' lang='lat' dir='ltr'><strong>Martiali.</strong></span> <span class='ocrx_word' id='word_1_908' title='bbox 2381 5390 2432 5446; x_wconf 90' lang='lat' dir='ltr'><strong>in</strong></span> <span class='ocrx_word' id='word_1_909' title='bbox 2459 5391 2581 5448; x_wconf 86' lang='lat' dir='ltr'><strong>aliis</strong></span> <span class='ocrx_word' id='word_1_910' title='bbox 2616 5391 3019 5460; x_wconf 79' lang='lat' dir='ltr'><strong>exemplaribus</strong></span> <span class='ocrx_word' id='word_1_911' title='bbox 3048 5388 3280 5442; x_wconf 85' lang='lat' dir='ltr'><strong>inveniri</strong></span> <span class='ocrx_word' id='word_1_912' title='bbox 3311 5397 3410 5441; x_wconf 64' lang='lat' dir='ltr'><strong>atto</strong></span> 
     </span>
    </p>
   </div>
   <div class='ocr_carea' id='block_1_92' title="bbox 1809 5460 3408 5536">
    <p class='ocr_par' dir='ltr' id='par_1_92' title="bbox 1809 5460 3408 5536">
     <span class='ocr_line' id='line_1_92' title="bbox 1809 5460 3408 5536; baseline -0.005 -16"><span class='ocrx_word' id='word_1_913' title='bbox 1809 5476 1979 5532; x_wconf 86' lang='lat' dir='ltr'><strong>nutat,</strong></span> <span class='ocrx_word' id='word_1_914' title='bbox 2010 5467 2215 5536; x_wconf 75' lang='lat' dir='ltr'><strong>illoyscs</strong></span> <span class='ocrx_word' id='word_1_915' title='bbox 2244 5475 2288 5518; x_wconf 80' lang='lat' dir='ltr'><strong>et</strong></span> <span class='ocrx_word' id='word_1_916' title='bbox 2313 5465 2664 5536; x_wconf 81' lang='lat' dir='ltr'><strong>unusquisque</strong></span> <span class='ocrx_word' id='word_1_917' title='bbox 2695 5463 2920 5534; x_wconf 78' lang='lat' dir='ltr'><strong>intelligi</strong></span> <span class='ocrx_word' id='word_1_918' title='bbox 2943 5460 3408 5536; x_wconf 29' lang='lat' dir='ltr'><strong>preph‘elaraun—n</strong></span> 
     </span>
    </p>
   </div>
   <div class='ocr_carea' id='block_1_93' title="bbox 1807 5532 3404 5603">
    <p class='ocr_par' dir='ltr' id='par_1_93' title="bbox 1807 5532 3404 5603">
     <span class='ocr_line' id='line_1_93' title="bbox 1807 5532 3404 5603; baseline -0.005 -11"><span class='ocrx_word' id='word_1_919' title='bbox 1807 5537 2002 5592; x_wconf 84' lang='lat' dir='ltr'><strong>Turtur</strong></span> <span class='ocrx_word' id='word_1_920' title='bbox 2032 5532 2201 5591; x_wconf 65' lang='lat' dir='ltr'><strong>aulam</strong></span> <span class='ocrx_word' id='word_1_921' title='bbox 2234 5532 2618 5594; x_wconf 43' lang='lat' dir='ltr'><strong>videturfverbi</strong></span> <span class='ocrx_word' id='word_1_922' title='bbox 2639 5537 2824 5603; x_wconf 81' lang='lat' dir='ltr'><strong>gratia,</strong></span> <span class='ocrx_word' id='word_1_923' title='bbox 2855 5532 2961 5588; x_wconf 81' lang='lat' dir='ltr'><strong>etc.</strong></span> <span class='ocrx_word' id='word_1_924' title='bbox 2989 5532 3046 5586; x_wconf 90' lang='lat' dir='ltr'><strong>In</strong></span> <span class='ocrx_word' id='word_1_925' title='bbox 3070 5532 3191 5586; x_wconf 87' lang='lat' dir='ltr'><strong>aliis</strong></span> <span class='ocrx_word' id='word_1_926' title='bbox 3212 5547 3404 5603; x_wconf 64' lang='lat' dir='ltr'><strong>exem-</strong></span> 
     </span>
    </p>
   </div>
   <div class='ocr_carea' id='block_1_94' title="bbox 1809 5597 3412 5678">
    <p class='ocr_par' dir='ltr' id='par_1_94' title="bbox 1809 5597 3412 5678">
     <span class='ocr_line' id='line_1_94' title="bbox 1809 5597 3412 5678; baseline -0.004 -16"><span class='ocrx_word' id='word_1_927' title='bbox 1809 5612 2070 5678; x_wconf 81' lang='lat' dir='ltr'><strong>plaribus,</strong></span> <span class='ocrx_word' id='word_1_928' title='bbox 2097 5610 2289 5663; x_wconf 80' lang='lat' dir='ltr'><strong>Turtur</strong></span> <span class='ocrx_word' id='word_1_929' title='bbox 2321 5618 2489 5660; x_wconf 75' lang='lat' dir='ltr'><strong>autem</strong></span> <span class='ocrx_word' id='word_1_930' title='bbox 2526 5597 2749 5678; x_wconf 69' lang='lat' dir='ltr'><strong>videtur,</strong></span> <span class='ocrx_word' id='word_1_931' title='bbox 2789 5605 2930 5676; x_wconf 81' lang='lat' dir='ltr'><strong>rergi</strong></span> <span class='ocrx_word' id='word_1_932' title='bbox 2960 5604 3160 5678; x_wconf 71' lang='lat' dir='ltr'><strong>gratia.</strong></span> <span class='ocrx_word' id='word_1_933' title='bbox 3201 5597 3412 5673; x_wconf 69' lang='lat' dir='ltr'><strong>Moyses</strong></span> 
     </span>
    </p>
   </div>
   <div class='ocr_carea' id='block_1_95' title="bbox 1805 5664 3225 5753">
    <p class='ocr_par' dir='ltr' id='par_1_95' title="bbox 1805 5664 3225 5753">
     <span class='ocr_line' id='line_1_95' title="bbox 1805 5664 3225 5753; baseline -0.005 -18"><span class='ocrx_word' id='word_1_934' title='bbox 1805 5664 1849 5735; x_wconf 66' lang='grc' dir='ltr'><strong>ἓ(</strong></span> <span class='ocrx_word' id='word_1_935' title='bbox 1884 5664 2232 5753; x_wconf 73' lang='lat' dir='ltr'><strong>unusquisque</strong></span> <span class='ocrx_word' id='word_1_936' title='bbox 2263 5679 2478 5753; x_wconf 77' lang='lat' dir='ltr'><strong>intelligi</strong></span> <span class='ocrx_word' id='word_1_937' title='bbox 2509 5664 2901 5753; x_wconf 52' lang='lat' dir='ltr'><strong>pt&#39;opltctarum:</strong></span> <span class='ocrx_word' id='word_1_938' title='bbox 2959 5664 3225 5753; x_wconf 51' lang='lat' dir='ltr'><strong>“Atinati.</strong></span> 
     </span>
    </p>
   </div>
   <div class='ocr_carea' id='block_1_96' title="bbox 1881 5745 3414 5821">
    <p class='ocr_par' dir='ltr' id='par_1_96' title="bbox 1881 5745 3414 5821">
     <span class='ocr_line' id='line_1_96' title="bbox 1881 5745 3414 5821; baseline -0.001 -15"><span class='ocrx_word' id='word_1_939' title='bbox 1881 5763 1905 5799; x_wconf 67' lang='grc' dir='ltr'><strong>κ</strong></span> <span class='ocrx_word' id='word_1_940' title='bbox 1953 5745 2242 5821; x_wconf 59' lang='grc' dir='ltr'><strong>νεήνιδι-’πω</strong></span> <span class='ocrx_word' id='word_1_941' title='bbox 2279 5745 2467 5818; x_wconf 73' lang='lat' dir='ltr'><strong>Itegin.</strong></span> <span class='ocrx_word' id='word_1_942' title='bbox 2523 5763 2624 5800; x_wconf 75' lang='lat' dir='ltr'><strong>ms.</strong></span> <span class='ocrx_word' id='word_1_943' title='bbox 2659 5749 2888 5821; x_wconf 78' lang='lat' dir='ltr'><strong>Sponsa,</strong></span> <span class='ocrx_word' id='word_1_944' title='bbox 2933 5763 3036 5821; x_wconf 80' lang='lat' dir='ltr'><strong>non</strong></span> <span class='ocrx_word' id='word_1_945' title='bbox 3084 5745 3414 5803; x_wconf 71' lang='lat' dir='ltr'><strong>audientibus</strong></span> 
     </span>
    </p>
   </div>
   <div class='ocr_carea' id='block_1_97' title="bbox 1809 5817 3189 5889">
    <p class='ocr_par' dir='ltr' id='par_1_97' title="bbox 1809 5817 3189 5889">
     <span class='ocr_line' id='line_1_97' title="bbox 1809 5817 3189 5889; baseline -0.003 -13"><span class='ocrx_word' id='word_1_946' title='bbox 1809 5817 2225 5889; x_wconf 79' lang='lat' dir='ltr'><strong>adolescentulis,</strong></span> <span class='ocrx_word' id='word_1_947' title='bbox 2254 5831 2303 5876; x_wconf 80' lang='lat' dir='ltr'><strong>et</strong></span> <span class='ocrx_word' id='word_1_948' title='bbox 2334 5817 2446 5876; x_wconf 84' lang='lat' dir='ltr'><strong>sola</strong></span> <span class='ocrx_word' id='word_1_949' title='bbox 2475 5836 2667 5889; x_wconf 85' lang='lat' dir='ltr'><strong>sponsa</strong></span> <span class='ocrx_word' id='word_1_950' title='bbox 2698 5819 2916 5876; x_wconf 86' lang='lat' dir='ltr'><strong>audiens</strong></span> <span class='ocrx_word' id='word_1_951' title='bbox 2942 5817 3189 5889; x_wconf 84' lang='lat' dir='ltr'><strong>loquitur.</strong></span> 
     </span>
    </p>
   </div>
  </div>
