3998 6374
535 329 675 382 {HS
1312 324 1405 378 AD
1442 320 1686 379 TOMUM
1730 321 1795 376 ΙΙΙ
1835 320 2120 378 OPERUM
2163 321 2219 378 S.
2267 319 2646 377 lllERONYMI
2693 314 3058 372 APPENDIX.
3714 303 3876 362 μμ

533 452 629 506 est,
662 451 897 511 aspectus
944 449 1062 493 tuus
1098 439 1373 511 speciosus.
1426 437 1770 508 Quapropter
1799 450 2134 507 consurgen-
2240 437 2426 507 sponsi
2455 449 2729 495 sermone,
2762 431 3029 501 sapientia
3056 428 3259 484 Christi
3303 428 3464 495 Jesu,
3498 426 3584 481 cui
3618 433 3704 480 est
3734 424 3873 493 glo-

533 542 618 588 tes
645 579 658 600 ,
714 532 1076 603 deprecemur
1129 531 1424 585 Dominum
1461 576 1474 599 ,
1520 539 1579 586 ut
1626 530 1777 602 digni
1827 529 2130 587 efﬁciamur
2239 529 2342 596 ria,
2371 537 2426 583 et
2459 525 2748 596 imperium
2777 523 2830 578 in
2853 523 3051 579 saecula
3081 519 3433 575 swculorum.
3480 521 3681 574 Amen.
3721 525 3756 552 ⁸

613 704 639 731 ι
679 695 963 765 Subneetit
994 694 1226 750 Vallars.
1258 710 1324 749 ex
1356 693 1476 750 aliis
1498 696 1586 749 ed.
1619 693 2147 765 Explicit'Empositio
2173 693 2408 765 Origenis
2434 692 2497 746 de
2521 690 2732 746 Cantica
2762 686 3109 755 Canticorum,
3134 701 3291 756 quam
3318 684 3432 757 (Al.
3457 681 3691 754 quod)B.
3732 681 3886 735 Hie-

531 771 780 838 ronymus
804 767 869 821 de
896 764 1079 821 στωεο
1119 783 1351 822 sermone
1384 767 1439 820 in
1468 764 1715 821 Latinum
1752 765 2036 822 transtulit.
2093 765 2278 820 Amen.
2333 764 2492 820 Ευιτ.

533 985 2704 1026 W

1444 1256 2945 1422 APPENDIX

1640 1593 1940 1676 ΤΟΜΙ
2017 1591 2147 1676 ΙΙΙ
2223 1591 2735 1681 OPERUM

1043 1865 1190 2012 S.
1294 1864 2082 2012 EUSEBII
2177 1865 2622 2009 HIEF

1760 1868 2082 2008 CBlI
2177 1861 3339 2014 HIERONYMI

1343 2177 1457 2259 IN
1540 2167 2112 2259 EDITIONE
2156 2171 3031 2288 _VALLABSIANA.

1881 2427 2126 2526 seats
2199 2415 2512 2530 prima.

831 2684 896 2735 IN
930 2685 1060 2746 QUA
1095 2684 1265 2736 LIBRI
1301 2685 1600 2741 NOMINUM
1634 2685 2090 2740 HEBBAICORUM
2124 2685 2764 2738 INTERPRETATIONES
2798 2684 3038 2738 GRBCE
3074 2682 3562 2737 RECENSENTUR.

1501 2901 2903 2944 —————-——¢-—-—————~—-

1872 3125 2533 3208 ΔΒΜΟΝΙΤΙΟ..

1991 3363 2391 3377 ._.__._._____.

548 3593 575 3614 ”
626 3599 887 3655 Subnew
903 3597 1215 3672 Farraginis
1240 3599 1535 3655 Grecorum
1559 3601 1750 3666 Λέξεων
1778 3615 1876 3654 ms.
1914 3601 2245 3670 exemplaria
2273 3602 2552 3658 Parisieust
2582 3602 2885 3658 bibliotheca
2911 3603 3068 3676 Regia
3088 3612 3269 3657 nactus
3315 3612 3390 3657 est
3422 3600 3784 3669 Martianteus,
3816 3611 3869 3656 et

548 3693 755 3764 publici
783 3693 911 3763 iuris
934 3694 1128 3760 primus
1157 3693 1297 3763 fecit,
1327 3703 1373 3747 et
1407 3693 1470 3747 de
1493 3695 1604 3764 ejus
1631 3694 1844 3748 raritate
1863 3711 1924 3746 ac
1949 3695 2251 3762 prtestantia
2274 3696 2446 3749 multis
2473 3696 2734 3750 disseruit.
2767 3695 2833 3750 Et
2861 3713 2979 3750 vero
3009 3696 3123 3766 fecit
3154 3710 3323 3764 operte
3353 3694 3574 3763 pretium
3592 3737 3606 3760 ,
3669 3693 3867 3750 Hiero-

548 3785 795 3856 ngmiano
825 3785 952 3840 libro
971 3787 1032 3840 de
1057 3785 1394 3841 Hebraeorum
1418 3786 1697 3840 Nominum
1728 3789 2149 3856 interpretatione
2178 3787 2286 3842 haec
2310 3804 2511 3859 quoque
2541 3798 2764 3843 veterum
2791 3786 3086 3842 Grmcorum
3123 3786 3438 3858 Fragmenta
3492 3801 3787 3851 annectens,
3819 3796 3871 3840 et

551 3891 671 3929 cum
695 3877 875 3946 primis
901 3876 1002 3930 duo
1032 3877 1230 3946 integra
1261 3875 1501 3948 Origenis
1533 3876 1724 3932 Lexica
1757 3894 1774 3930 :
1803 3879 2054 3947 siquidem
2081 3880 2188 3944 iam
2216 3881 2453 3934 licentes:
2482 3879 2695 3934 illorum
2736 3897 2886 3935 sensu
2936 3883 3164 3934 rationes
3203 3896 3383 3933 vocum
3411 3879 3702 3946 expendere
3729 3921 3744 3944 ,
3796 3879 3873 3931 ad

551 3983 772 4032 quorum
813 3968 1094 4042 judicium,
1136 3985 1252 4021 cum
1291 3969 1400 4036 eius
1432 3968 1551 4021 libri
1579 3970 1861 4022 versionem
1899 3967 2249 4039 Hieronymus
2299 3971 2596 4034 adornaret,
2629 3987 2778 4025 suam
2810 3987 2946 4041 saepe
2983 3971 3134 4040 ﬁdem
3161 3972 3411 4025 liberavit.
3463 3969 3654 4024 Verum
3685 3981 3784 4022 tam
3815 3979 3870 4023 et

550 4062 739 4128 inuita,
768 4075 814 4117 et
840 4065 1020 4134 gravia
1044 4063 1338 4118 insederant
1367 4065 1420 4118 in
1450 4063 1544 4116 illo
1571 4065 1851 4133 exemplari
1878 4063 2108 4118 erculi
2140 4067 2468 4119 amanuensis
2497 4067 2642 4126 vitia,
2676 4068 3021 4134 trajectiones,
3065 4072 3286 4130 lacunae,
3335 4075 3390 4118 ut
3422 4066 3682 4135 negotium
3723 4080 3865 4132 καιρία

545 4157 857 4224 facesserent
878 4153 1208 4208 Benedictino
1229 4153 1434 4216 edituri,
1459 4155 1544 4222 qui
1575 4164 1747 4208 tenues
1779 4172 1842 4209 ex
1863 4157 2151 4209 litterarum
2174 4156 2432 4209 vicinitate
2452 4160 2774 4230 conjecturas
2801 4173 3089 4228 supponere
3118 4173 3316 4210 necesse
3340 4158 3515 4210 habuit
3538 4173 3557 4211 .·
3574 4172 3725 4226 reque
3750 4156 3866 4223 ipsa

550 4245 655 4298 nisi
679 4242 890 4297 alterius
921 4244 1114 4297 codicis
1142 4259 1238 4296 ms.
1272 4259 1366 4314 ape
1394 4243 1655 4297 emendari
1685 4247 1968 4313 potuissent
1987 4288 2000 4305 ,
2026 4246 2266 4299 utilitatis
2296 4247 2498 4317 exigua:
2523 4248 2590 4300 ad
2621 4249 2739 4302 illas
2764 4249 3103 4321 etymologias
3136 4248 3469 4315 explicandas
3489 4289 3502 4312 ,
3551 4262 3862 4316 componen-

554 4339 746 4405 dasque
770 4351 889 4388 cum
933 4335 1341 4407 Ilieronymiana
1379 4338 1803 4405 interpretatione
1840 4337 2124 4392 videbatur.
2168 4337 2378 4394 Meliori
2415 4343 2512 4394 hac
2560 4343 2635 4395 uti
2662 4346 2895 4412 fortuna,
2925 4342 3063 4412 quod
3102 4359 3422 4412 summapere
3445 4343 3495 4394 in
3540 4341 3667 4393 votis
3720 4350 3857 4402 erat,

551 4435 681 4488 mihi
706 4433 886 4486 datum
913 4443 986 4487 est
1019 4433 1292 4490 Vaticanos
1310 4437 1512 4506 pluteos
1535 4435 1715 4490 scdulo
1742 4437 2130 4506 pervestiganti,
2164 4436 2248 4489 cui
2278 4452 2380 4490 non
2416 4438 2678 4502 antiquius
2710 4438 2898 4497 solum,
2929 4447 3016 4490 aut
3045 4439 3202 4508 paulo
3229 4438 3487 4491 dumtaxat
3515 4434 3862 4495 emendatius.

547 4527 643 4581 sed
660 4527 808 4598 longe
827 4528 1306 4596 praestantissimum
1333 4529 1595 4594 exemplar
1608 4528 2047 4582 membranaceum
2066 4528 2313 4595 occurrit,
2333 4528 2471 4598 quod
2497 4541 2542 4582 et
2571 4529 2678 4583 ha'c
2702 4530 2817 4599 ipsa
2847 4529 3154 4600 glossemata
3183 4529 3372 4581 rectius
3403 4527 3548 4597 longe
3578 4523 3866 4586 exhibet.et

553 4620 804 4693 pleraque
829 4618 936 4671 alia
959 4635 1225 4672 sacrorum
1256 4617 1562 4686 Nominum,
1594 4637 1710 4688 quin
1749 4620 1976 4674 nondum
2008 4623 2060 4672 in
2084 4621 2252 4674 lucem
2277 4621 2605 4691 prodierunt,
2636 4621 2830 4674 adtexit
2869 4635 2888 4673 :
2914 4619 3131 4688 denique
3149 4617 3327 4672 multis
3349 4618 3664 4688 argumentis
3695 4617 3863 4686 ipsum

551 4731 608 4770 se
634 4714 810 4787 prodit
837 4731 948 4769 esse
978 4716 1337 4786 archetypum,
1363 4718 1426 4769 ea:
1449 4731 1551 4786 quo
1591 4713 1785 4788 Regius
1809 4715 1937 4769 liber
1961 4723 2202 4785 exceptus
2230 4724 2324 4780 est,
2353 4717 2554 4769 tametsi
2579 4716 2630 4768 in
2649 4714 2924 4784 plerisque,
2959 4714 3097 4784 quod
3125 4713 3394 4767 usuvenire
3435 4713 3563 4766 solet
3585 4714 3864 4785 exscripto-

550 4808 624 4861 ris
651 4806 880 4869 inscitia,
910 4822 1024 4858 eum
1053 4805 1186 4860 male
1205 4808 1413 4876 referat.
1440 4804 1533 4859 Est
1569 4822 1725 4876 porro
1753 4805 1889 4860 idem
1931 4807 2038 4875 ipse
2068 4821 2125 4858 co

2289 4807 2377 4876 qui
2417 4805 2628 4858 Eusebii
2656 4805 2841 4858 librum
2875 4809 3117 4881 περὶτῶν
3143 4813 3374 4860 Τοπικῶν
3406 4806 3696 4877 ὀνομάτων,
3759 4805 3862 4857 sive

555 4902 626 4955 de
650 4901 808 4956 Locis
831 4900 1135 4955 Palmstinze
1165 4900 1411 4964 continet,
1437 4901 1499 4954 de
1529 4903 1678 4974 cujus
1705 4902 1892 4955 eximia
1922 4903 2136 4954 raritate
2165 4900 2389 4953 diximus
2425 4899 2480 4952 in
2514 4897 2868 4968 Prtefatione;
2897 4901 3091 4970 fuitque
3115 4899 3239 4952 olim
3271 4898 3587 4952 celeberrimi
3622 4897 3861 4951 cardina-

561 4995 628 5048 lis
655 4994 859 5061 Sirleti,
888 4996 1028 5067 quod
1056 4997 1164 5066 ipse
1189 5011 1349 5048 manu
1373 4995 1584 5063 propria
1608 4996 1660 5048 in
1689 4993 1877 5064 prioris
1907 4994 2112 5067 pagina:
2133 4994 2251 5046 albo
2280 5001 2491 5046 testatus
2513 5001 2585 5046 est
2613 5009 2631 5046 :
2653 5006 2790 5045 nunc
2819 4992 2872 5044 in
2934 4990 3182 5044 Vaticana
3212 4990 3518 5044 bibliotheca
3550 5008 3694 5045 num.
3727 4991 3864 5046 “50

551 5089 845 5144 denotatur.
881 5089 964 5144 Ea:
994 5089 1092 5142 hoc
1127 5090 1288 5160 igitur
1311 5103 1440 5140 novo
1460 5088 1682 5156 quodam
1721 5085 2044 5156 autographa
2080 5085 2279 5139 libellos
2304 5086 2432 5138 istos
2462 5101 2524 5138 ex
2549 5085 2744 5156 integro
2782 5092 3114 5152 reprtesento,
3155 5084 3421 5153 ipsamque
3457 5085 3587 5137 adeo
3626 5081 3862 5138 Latinam

548 5184 1048 5255 interpretationem,
1073 5196 1225 5249 quam
1257 5177 1599 5234 Martianteus
1625 5181 1999 5239 adornaverat,
2025 5177 2094 5231 ad
2134 5180 2268 5232 hanc
2293 5179 2540 5232 amussim
2565 5193 2702 5246 saepe
2723 5179 2913 5248 stepius
2939 5178 3091 5250 exigo
3137 5189 3181 5230 et
3204 5180 3423 5247 castigo.
3453 5175 3715 5232 Continuo
3757 5182 3862 5252 ejus

550 5277 928 5331 Annotatioues
957 5274 1202 5328 subnecto
1229 5317 1244 5339 ,
1287 5289 1412 5338 non,
1442 5273 1873 5341 quemadmodum
1903 5274 1955 5326 in
1985 5273 2179 5326 (tuteris
2202 5271 2346 5326 libris
2375 5276 2566 5343 factum
2597 5283 2693 5338 est,
2730 5288 2790 5326 ac
2816 5282 3060 5343 perpetuo
3082 5273 3323 5340 deinceps
3368 5273 3454 5341 ﬁet
3480 5313 3496 5337 ,
3545 5290 3636 5326 eas
3667 5291 3862 5344 quoque

533 5374 619 5427 ‘ad
642 5371 764 5426 tomi
804 5369 996 5423 calcem
1019 5367 1220 5439 rejicio,
1245 5381 1360 5419 cum
1389 5367 1521 5418 enim
1550 5365 1741 5437 oppido
1765 5365 1940 5418 multa:
1955 5366 2082 5429 sint,
2114 5380 2175 5417 ac
2213 5363 2428 5418 subinde
2455 5364 2665 5435 reliquis
2685 5363 3072 5432 diligentiores,
3102 5380 3212 5434 ipso
3237 5365 3392 5416 etiam
3417 5365 3648 5433 periculo
3677 5365 3856 5428 didici,

543 5469 592 5523 si
621 5466 828 5536 longius
856 5462 1287 5527 amandarentur,
1317 5476 1380 5514 ex
1415 5476 1593 5514 earum
1635 5475 1876 5521 occursu,
1915 5473 2028 5527 qua:
2054 5459 2108 5511 in
2136 5460 2486 5530 cognominem
2505 5458 2692 5512 librum
2718 5455 3183 5527 Hieronymianum
3211 5459 3419 5527 scripta:
3448 5468 3587 5524 sunt,
3619 5461 3860 5529 confundi

541 5561 706 5614 bonos
727 5556 941 5610 lectores
959 5570 1126 5626 posse.
1147 5551 1292 5606 Meas
1316 5551 1646 5607 Saracenicis
1671 5551 1800 5603 notis
1818 5550 2090 5603 distinctas
2111 5553 2366 5626 adjungo,
2387 5567 2502 5622 qua:
2518 5549 2562 5604 si
2577 5550 2843 5618 pauciores
2858 5549 3078 5617 fortasse
3093 5549 3385 5618 videantur,
3403 5568 3558 5623 quam
3579 5551 3628 5606 N
3633 5555 3860 5606 ominum

551 5654 781 5709 istorum
805 5651 939 5705 ratio
970 5659 1126 5719 atque
1163 5647 1450 5700 obscuritas
1491 5642 1775 5714 postulent,
1809 5644 1963 5706 scias,
1987 5655 2035 5698 et
2066 5646 2200 5700 nihil
2231 5662 2310 5700 me
2352 5653 2537 5716 prater
2577 5659 2700 5695 mss.
2721 5641 2874 5709 fidem
2903 5650 3210 5709 pertentare,
3237 5655 3283 5696 et
3321 5646 3552 5698 eamdem
3580 5645 3859 5702 subdititiis

545 5743 700 5796 libris
721 5757 782 5794 ac
803 5740 1039 5811 genuinis
1065 5753 1273 5806 cperam
1300 5753 1405 5791 non
1420 5735 1714 5808 impendere
1746 5749 1764 5788 :
1804 5734 1936 5787 nulli
1963 5734 2182 5807 denique
2209 5737 2482 5792 industria
2507 5743 2698 5788 nostra
2726 5731 2972 5785 tenuitate
3008 5734 3225 5803 prwripi
3254 5735 3428 5790 locum
3465 5737 3795 5802 restituendi,
3815 5741 3859 5793 si

544 5849 653 5900 qua
673 5833 864 5893 desint,
899 5841 989 5883 aut
1014 5829 1232 5885 meiiora
1254 5832 1558 5900 reponendi,
1585 5831 1627 5884 si
1649 5831 1856 5883 inventa
1886 5830 2100 5899 fuerint.
