4006 6296
30 340 205 396 1Ξ97
352 356 353 359 ‘
1052 340 1256 396 LIBER
1296 342 1611 399 NOMINUM
1652 344 2009 417 LOCORUM,
2057 350 2149 405 EX
2191 350 2409 408 ACTIS.
3247 356 3389 413 H98

27 456 349 512 miraculo
405 457 495 514 hic
534 466 785 514 enarrato
834 459 997 513 tinem
1055 465 1323 529 tamquam
1378 472 1449 513 ex
1506 459 1825 531 Hieronymi
1882 464 2214 521 auctoritate
2276 466 2523 533 adhibet,
2586 469 2730 525 alter
2788 477 3070 526 auctorem
3141 471 3392 541 impense

27 550 289 605 laudat.

113 640 544 709 Nihilosecius,
575 658 694 711 qua!
717 644 836 712 ejus
858 650 1138 697 auctorem
1169 656 1277 697 non
1306 657 1431 698 esse
1457 643 1851 715 Hieronymum
1886 645 2275 715 persuadeant,
2303 648 2513 715 potiora
2542 657 2669 702 sunt
2697 650 2855 703 nobis
2877 660 3173 708 momenta.
3200 649 3393 705 Enim-

24 749 189 790 vero
208 735 406 799 Beda‘,
434 735 489 788 in
513 735 669 804 cujus
690 750 905 805 quoque
928 734 1185 805 operibus
1207 735 1545 799 continetur,
1571 736 1927 805 vulgatasque
1948 746 2051 795 est.
2080 738 2250 791 multo
2280 736 2461 790 verius
2490 738 2763 804 tribuitur,
2789 754 2913 794 nam
2938 753 2989 795 et
3014 755 3083 796 ea
3114 752 3388 810 tempora,

23 835 96 882 et
134 826 277 897 ejus
311 826 569 880 Auctoris
595 826 871 895 ingenium
906 835 1013 879 tota
1046 826 1362 894 scriptionis
1390 828 1566 881 series
1592 842 1656 880 ac
1686 828 1860 898 stylus
1888 829 2078 882 refert.
2113 828 2155 882 E
2177 829 2455 883 cootrario
2481 830 2604 899 quis
2638 830 2752 885 ham
2790 843 2938 901 putet
2977 833 3041 886 ad
3066 834 3389 903 Hieronymi

24 935 246 974 sevum
280 927 560 986 spectare,
597 917 683 970 ubi
714 917 780 971 de
806 917 1065 970 Damasco
1094 916 1323 982 loquens
1350 918 1576 979 Auctor,
1597 915 1776 982 Nunc,
1804 919 1997 986 inquit,
2024 917 2409 972 Saracenorum
2438 920 2734 989 metrOpolis
2760 938 2869 975 esse
2894 923 3207 989 perhibetur.
3234 921 3389 977 Unde

23 1024 86 1067 et
120 1029 237 1067 rea:
269 1027 453 1065 eorum
478 1009 707 1064 Navvias
737 1014 990 1080 famosam
1022 1010 1075 1061 in
1096 1026 1157 1063 ea
1176 1009 1295 1071 sibi,
1321 1026 1526 1079 suaeque
1548 1013 1687 1081 genti
1709 1010 1977 1064 basilicam
2009 1012 2285 1079 dedicavit,
2308 1010 2619 1066 Christianis
2642 1015 2695 1067 in
2726 1016 2943 1068 circuitu
2983 1016 3178 1069 civibus
3200 1016 3389 1088 Bapti-

22 1118 144 1159 stae
166 1103 412 1158 Joannis
441 1104 709 1157 ecclesiam
735 1101 1176 1173 [requentantibus
1206 1118 1223 1155 :
1255 1118 1377 1157 cum
1409 1103 1614 1157 tamdiu
1647 1116 1766 1173 pusl
1791 1104 1845 1160 S.
1872 1105 2128 1159 Doctoris
2156 1106 2363 1160 obitum
2388 1109 2588 1162 saeculo
2617 1108 2966 1163 vnSarat-eni
2993 1110 3264 1165 Damasco
3292 1126 3389 1180 po-

26 1201 125 1255 liti
164 1199 333 1254 siut?
360 1197 469 1252 Nec
508 1197 823 1266 scripsisset
862 1197 1261 1266 Hieronymus,
1291 1196 1482 1249 Arabia
1511 1213 1659 1251 sacra
1698 1199 2029 1267 interpretari
2068 1198 2259 1253 dicitur
2294 1217 2311 1254 :
2343 1218 2402 1254 eo
2439 1204 2578 1272 quod
2616 1203 2682 1257 sit
2720 1204 2861 1274 regio
2902 1203 3159 1271 thurifera
3200 1204 3386 1258 odores

25 1311 271 1363 στρατω,
304 1308 429 1360 quae
460 1292 687 1346 t0tidem
719 1291 882 1346 verba
910 1300 1034 1345 sunt
1066 1289 1263 1345 lsidori
1298 1291 1644 1358 llispalensns
1669 1331 1684 1356 ,
1719 1290 2001 1361 Originum
2033 1292 2071 1345 1.
2107 1308 2221 1358 xw,
2249 1309 2367 1363 cap.
2396 1296 2453 1358 5,
2482 1306 2534 1348 ut
2563 1304 2615 1350 et
2650 1296 2773 1361 ista,
2804 1294 2961 1350 Chios
2995 1294 3200 1365 insula,
3238 1295 3390 1360 cuius

23 1406 253 1445 nomen
291 1388 433 1459 Syra
478 1389 657 1458 lingua
688 1399 964 1459 mastgcem
995 1388 1247 1457 designat,
1283 1401 1348 1440 eo
1373 1385 1513 1455 quod
1542 1387 1613 1439 ibi
1644 1389 1833 1441 mastix-
1858 1388 2091 1459 gignitur
2124 1407 2137 1444 :
2172 1397 2226 1444 et
2259 1391 2517 1459 pleraque
2548 1390 2656 1444 alia
2690 1406 2760 1445 ex
2803 1393 2996 1444 eodem
3042 1390 3182 1444 libro
3226 1390 3391 1461 paulo

25 1484 377 1539 immutatis
403 1482 581 1535 verbis
612 1480 911 1550 descripta.
944 1480 1051 1536 Sed
1077 1489 1133 1536 et
1160 1497 1227 1536 ex
1258 1482 1573 1553 llieronymi
1602 1483 1771 1552 ipsius
1802 1484 2227 1539 Commentariis
2260 1486 2526 1539 nonnulla
2550 1485 2890 1549 tlelibantur,
2921 1484 3068 1553 quod
3101 1500 3167 1540 ex
3214 1484 3392 1555 JOppe

28 1575 244 1639 titulo,
275 1584 445 1642 atque
469 1572 591 1626 aliis
612 1571 1020 1643 subiude,quos
1044 1573 1235 1628 lectori
1258 1574 1619 1629 conlerendos
1650 1577 2039 1645 relinquimus,
2075 1579 2234 1646 plane
2261 1579 2557 1633 constabit.
2579 1579 2945 1645 Quamobrem
2974 1595 3083 1634 non
3115 1578 3389 1641 vidimus,

27 1670 132 1725 cui
166 1668 370 1723 verius
400 1667 727 1734 ascribatur,
760 1682 924 1737 quam
954 1667 1138 1732 Bedaa,
1172 1668 1259 1723 cui
1285 1669 1388 1723 hoc
1418 1678 1541 1723 erat
1576 1670 1737 1723 etiam
1781 1672 1834 1725 in
1869 1686 2023 1725 more
2054 1672 2317 1741 positum,
2349 1681 2404 1726 ut
2434 1688 2497 1726 ex
2530 1672 2763 1727 aliorum
2800 1675 3024 1745 scriptis
3061 1690 3155 1728 sua
3188 1675 3389 1745 ρδετίιη

27 1759 578 1818 consarcinaret.lu
608 1761 732 1815 eod.
758 1770 939 1816 autem
970 1769 1157 1816 nostro
1179 1776 1285 1845 ms.
1311 1778 1471 1831 quem
1497 1763 1642 1817 domi
1675 1763 1959 1832 habemus,
1985 1778 2033 1820 et
2060 1766 2126 1819 ad
2158 1782 2320 1835 quem
2354 1767 2632 1836 vulgatum
2663 1768 2974 1837 exegimus,
2996 1783 3242 1823 errorem
3270 1768 3389 1838 ipsa

30 1869 215 1914 cavet
248 1855 542 1923 inscriptio
572 1874 585 1910 :
622 1853 853 1909 Nomina
882 1853 1171 1926 Regionum
1197 1863 1351 1925 atque
1379 1854 1641 1909 Locorum
1671 1855 1735 1910 de
1775 1857 1990 1912 Actibus
2015 1857 2407 1929 Apostolorum,
2442 1874 2546 1911 non
2589 1875 2619 1910 α
2657 1858 2981 1930 Hieronymo
3004 1905 3017 1928 ,
3052 1863 3144 1914 sed
3179 1860 3244 1913 ab
3282 1860 3390 1915 alio

30 1949 294 2020 quodam
326 1949 609 2018 descripta.

528 2216 871 2300 LIBER
947 2218 1531 2302 NOMINUM
1606 2216 2239 2320 LOCORUM,
2316 2217 2478 2299 EX
2560 2215 2921 2299 ACTIS.

847 2524 892 2575 A

1844 2517 2169 2588 jEthiopum
2198 2520 2351 2588 regio
2392 2520 2534 2588 (Act.
2563 2534 2681 2587 vru,
2714 2518 2809 2589 27)
2854 2518 2923 2572 ab
2967 2516 3102 2573 ludo
3157 2516 3384 2573 ﬂumine

124 2611 471 2667 Acheldema
502 2622 529 2651 ι
554 2612 693 2684 (Act.
724 2613 787 2685 ι),
818 2628 949 2683 ager
998 2614 1315 2683 sanguinis,
1356 2615 1450 2684 qui
1506 2614 1671 2671 hodie

50 2720 283 2776 quoque
310 2705 798 2762 demonstraturin
822 2704 966 2761 IElia
1007 2707 1074 2761 ad
1118 2707 1410 2762 australem
1459 2708 1671 2778 plagam

54 2796 271 2851 montis
291 2796 428 2852 Sion
454 2815 465 2850 :
488 2806 544 2852 et
566 2798 829 2852 hactenus
855 2797 1009 2867 juxta
1038 2796 1353 2853 Judaeorum
1380 2799 1668 2854 consilium

55 2898 314 2943 mortuos
350 2889 644 2959 ignobiles,
669 2890 806 2945 alios
830 2898 973 2945 terra
996 2888 1023 2927 ι’
1055 2890 1215 2961 tegit,
1250 2890 1385 2945 alios
1414 2891 1516 2947 sub
1542 2891 1670 2947 divo

57 2982 375 3051 putrefacit.
848 2996 851 2997 '

134 3073 284 3128 Asia:
311 3073 461 3143 regio
490 3071 631 3145 (Act.
656 3088 775 3137 xvr,
803 3075 943 3145 xix),
976 3089 1097 3143 quae
1124 3075 1545 3145 cognominatur
1573 3076 1669 3130 Mi-

64 3179 189 3230 nor,
218 3165 429 3236 absque
463 3166 717 3220 orientali
758 3176 947 3237 parte,
975 3182 1077 3235 qua
1121 3167 1188 3221 ad
1234 3166 1664 3237 Cappadociam,

62 3256 387 3329 Syriamque
439 3258 828 3329 progreditur.
889 3259 1128 3329 undique
1193 3260 1526 3315 circmndata
1583 3270 1670 3316 est

64 3350 227 3417 mari,
262 3351 418 3420 cujus
473 3352 765 3421 provinciae
814 3362 961 3417 sunt,
1013 3352 1268 3424 Phrygia,
1316 3354 1663 3427 Pamphylia,

66 3442 284 3512 Cilicia,
316 3444 615 3515 Lycaonia,
641 3446 882 3511 Galatia,
919 3454 975 3501 et
1006 3446 1126 3501 alia:
1166 3448 1380 3515 multae,
1414 3448 1507 3504 sed
1540 3463 1668 3520 spe-

67 3535 279 3591 cialiter
298 3536 387 3591 ubi
414 3536 665 3606 Ephesus
686 3538 879 3593 civitas
909 3547 1012 3605 est,
1047 3539 1173 3593 Asia
1208 3550 1450 3595 vocatur.

139 3627 359 3699 Egypti
386 3630 538 3697 regio
568 3631 708 3701 (Act.
750 3630 868 3702 vn),
893 3648 921 3685 a
956 3634 1332 3702 septentrione
1368 3648 1518 3688 mare
1554 3648 1667 3687 ma-

69 3736 254 3790 gnum,
274 3722 565 3791 sinumque
580 3721 898 3790 Arabicum,
917 3725 984 3778 ab
997 3726 1216 3779 oriente
1235 3725 1473 3779 Iluhrum
1488 3741 1661 3791 mare,

69 3826 98 3865 a
126 3810 355 3866 meridie
381 3810 683 3879 Oceanum,
712 3815 780 3869 ab
810 3830 1005 3869 occasu
1032 3816 1257 3887 Libyam
1286 3816 1448 3872 habet
1475 3820 1665 3887 :cujus

1774 2626 2135 2682 consurgens,
2155 2612 2308 2682 juxta
2325 2611 2620 2684 Egyptum
2646 2612 2787 2666 inter
2799 2610 2979 2666 Nilum
3002 2620 3058 2666 et
3076 2609 3379 2680 Oceanum,

1774 2715 1829 2759 et
1856 2705 1908 2759 in
1936 2703 2180 2767 meridie,
2217 2704 2318 2759 sub
2347 2706 2461 2773 ipsa
2512 2704 2650 2759 solis
2695 2703 2977 2758 vicinitate
3018 2702 3167 2773 jacet
3198 2720 3210 2756 :
3240 2717 3381 2769 quo-

1774 2816 1891 2854 rum
1940 2807 2051 2854 tres
2103 2806 2231 2853 sunt
2280 2798 2467 2868 populi
2510 2797 2753 2869 Egypti,
2799 2796 3102 2865 Hesperice,
3141 2804 3195 2851 et
3224 2793 3385 2850 Occi-

1774 2891 1974 2946 denﬁs.

1844 2982 2136 3037 Antiochia
2166 2984 2305 3047 (Act.
2338 2998 2416 3047 xl,
2452 2997 2569 3048 xlv,
2600 2980 2692 3052 xv)
2719 2980 2934 3045 civitas,
2967 2979 3138 3050 Syria:
3166 2978 3376 3047 Coeles,

1774 3078 1828 3132 in
1852 3092 1956 3147 qua
1980 3076 2253 3130 Barnabas
2277 3084 2333 3131 et
2352 3074 2553 3129 Paulus
2574 3074 2825 3142 Apostoli
2849 3082 2977 3129 sunt
3001 3072 3260 3126 ordinati.
3284 3070 3385 3126 Est

1772 3180 1952 3224 autem
1981 3176 2038 3223 et
2062 3169 2168 3222 alia
2201 3168 2253 3222 in
2277 3167 2479 3221 Pisidia
2507 3166 2811 3237 provincia,
2840 3166 2891 3219 in
2919 3180 3023 3236 qua
3056 3163 3218 3218 iidem
3246 3180 3388 3233 pra:-

1771 3261 2038 3324 dicantes,
2070 3260 2274 3316 Judmis
2300 3261 2561 3315 dixerunt
2593 3278 2604 3312 :
2644 3258 2801 3313 Vobis
2836 3258 3108 3330 Oportebat
3153 3258 3385 3327 primum

1773 3353 1912 3423 loqui
1942 3354 2146 3407 verbum
2177 3353 2307 3423 Dei,
2352 3355 2441 3408 sed
2481 3353 2729 3423 quoniam
2764 3352 3029 3423 repulistis
3072 3350 3225 3412 illud.
3273 3360 3383 3405 etc.

1773 3449 1915 3521 (Act.
1948 3450 2094 3517 xm).

1843 3542 2175 3597 Alexandria
2208 3541 2359 3609 (Act.
2398 3542 2506 3612 vt),
2536 3540 2735 3595 civitas
2766 3537 2984 3607 Aigypti
3015 3578 3030 3602 ,
3056 3551 3175 3605 qua!
3201 3550 3383 3604 quon-

1770 3635 1895 3689 dam
1924 3634 2003 3688 No
2029 3634 2333 3700 dicebatur,
2370 3634 2513 3687 inter
2541 3630 2862 3702 Egyptum,
2888 3626 3129 3682 Africam
3154 3634 3209 3680 et
3230 3641 3384 3681 mare

1770 3727 1923 3795 quasi
1966 3726 2266 3779 claustrum
2318 3723 2515 3793 posita,
2570 3724 2623 3776 in
2666 3737 2770 3791 qua
2816 3719 2961 3774 beati
3011 3717 3384 3787 Evangelistte

1770 3819 1935 3874 Marci
1967 3819 2205 3873 tumulus
2239 3817 2513 3887 hodieque
2538 3812 2565 3851 ά
2592 3824 2908 3870 veneratur.

69 3902 382 3957 inferiorem
435 3914 642 3971 partem
681 3905 832 3961 Nilus
875 3906 1099 3962 dextera
1145 3910 1385 3979 laevaque
1431 3910 1662 3976 divisus,
1697 3906 1743 3964 Β
1844 3906 3381 3984 Azotus(Act.vm),oppiduminsignePala:stinaa,quod

70 3997 321 4065 amplexu
351 4011 455 4050 suo
482 3997 815 4053 determinat
841 4042 855 4067 ,
883 4000 1158 4069 Canopica
1184 4002 1326 4055 ostio
1350 4002 1418 4055 ab
1444 4000 1626 4057 Africa
1646 4048 1660 4069 ,

71 4088 140 4143 ab
166 4088 291 4143 Asia
325 4088 629 4154 Pelusiaco,
662 4102 877 4146 centum
907 4094 1185 4164 sexaginta
1216 4108 1469 4163 passuum
1498 4097 1666 4149 inter-

70 4182 215 4237 vallo
248 4198 445 4251 :quam
473 4185 543 4238 ob
573 4198 796 4238 causam
827 4187 971 4240 inter
1001 4187 1204 4241 insulas
1240 4188 1461 4257 quidam
1497 4187 1668 4258 ZEgy-

73 4284 223 4345 ptum
254 4275 493 4329 retulere
519 4318 533 4343 ,
563 4277 634 4330 ita
664 4293 724 4332 se
762 4290 783 4315 ο
818 4277 1058 4333 lindente
1097 4279 1220 4334 Nilo
1266 4279 1535 4348 utrimque
1558 4320 1574 4343 ,
1610 4288 1668 4333 ut

73 4384 106 4422 Α
136 4368 329 4422 littera:
356 4366 583 4438 ﬁguram
615 4368 824 4423 efﬁciat
858 4388 869 4421 :
905 4370 1029 4425 inde
1072 4370 1223 4424 multi
1272 4370 1414 4439 quod
1460 4369 1667 4425 Graeca:

74 4464 269 4516 littera:
292 4461 514 4532 liguram
539 4462 761 4531 efﬁciat,
780 4465 1047 4519 vocabulo
1064 4464 1275 4519 Deltam
1293 4464 1662 4533 appellavere.

70 4558 286 4629 Egypti
310 4574 439 4613 vero
467 4575 721 4615 mensura
753 4561 820 4617 ab
845 4562 1051 4616 unitate
1073 4560 1240 4625 alvei,
1277 4560 1422 4616 unde
1457 4576 1518 4616 se
1555 4564 1668 4631 pri-

73 4668 220 4707 mum
240 4651 510 4724 ﬁndit[Al.
532 4653 731 4725 lundit]
754 4654 806 4708 in
828 4654 995 4710 latera
1020 4654 1086 4708 ad
1109 4652 1441 4723 Canopicum
1466 4654 1665 4709 ostium

74 4756 289 4802 centum
312 4748 595 4818 sexaginta
629 4763 729 4803 sex
770 4763 1058 4816 passuum,
1083 4748 1148 4803 ad
1184 4748 1523 4804 Pelusiacum
1567 4749 1670 4804 du-

76 4849 354 4897 centorum
378 4842 769 4909 quinquaginta
799 4857 915 4897 sex.

147 4933 356 4989 Arabiae
388 4934 537 5003 regio
566 4932 702 5005 [Αει.
735 4950 809 5001 ιι,
842 4934 953 5005 li),
987 4937 1127 4990 inter
1152 4934 1331 4989 sinum
1361 4935 1528 4990 maris
1553 4934 1669 4991 Ru-

80 5026 182 5091 bri,
214 5025 303 5094 qui
333 5024 607 5089 Persicus,
638 5036 693 5081 et
718 5041 841 5082 eum
864 5027 953 5097 qui
978 5026 1481 5094 Arabicustlicitur,
1506 5028 1673 5084 habet

82 5128 267 5190 gentes
296 5118 512 5182 multas,
541 5118 824 5180 Moabitas,
861 5121 1224 5183 Ammonitas,
1248 5118 1540 5185 Idumaeos,
1572 5121 1671 5176 Sa-

84 5226 326 5273 raccnos.
351 5211 599 5281 aliosque
620 5211 1073 5282 quamplurimos.
1098 5212 1297 5267 Arabia
1319 5222 1499 5269 autem
1521 5231 1671 5267 sacra

1774 4006 2041 4062 Hebraice
2069 4006 2270 4059 dicitur
2297 4004 2503 4067 Esdod.
2537 4012 2594 4058 et
2619 4010 2705 4058 est
2741 4014 2849 4054 una
2882 4000 2951 4054 de
2982 3997 3220 4069 quinque
3247 3997 3380 4052 olim

1771 4099 2085 4155 civitatibus
2117 4097 2558 4169 Allophylorum.

1846 4192 2043 4247 Attalia
2077 4191 2216 4260 (Act.
2244 4191 2392 4261 xxv),
2417 4189 2610 4244 civitas
2642 4186 2978 4258 Pamphylia:
3010 4182 3303 4238 maritima.

1845 4285 2185 4355 Amphipolis
2205 4283 2345 4354 (Act.
2376 4283 2532 4349 xvu),
2553 4281 2745 4335 civitas
2776 4289 2832 4334 et
2858 4279 2973 4345 ipsa
3002 4275 3335 4331 Macedonia
3363 4291 3379 4329 :

1774 4386 1859 4434 est
1889 4378 1995 4432 alia
2018 4377 2264 4446 ejusdem
2296 4374 2532 4429 numinis
2562 4373 2615 4425 in
2648 4370 2825 4442 Syria.
2852 4367 3162 4438 Apollonia,
3185 4376 3241 4421 et
3262 4365 3383 4436 ipsa

1773 4470 1969 4525 civitas
1998 4468 2433 4523 Macedonizezet
2462 4474 2546 4519 est
2574 4464 2745 4518 altera
2769 4462 2821 4516 in
2850 4460 3135 4532 provincia
3159 4457 3379 4527 Africae,

1773 4577 1897 4633 quae
1917 4560 2117 4615 dicitur
2142 4558 2478 4629 Pentapolis.

1846 4654 2305 4719 Athenac,civitas
2329 4655 2381 4706 in
2410 4652 2636 4719 Achaia,
2661 4650 3021 4720 philosophice
3048 4648 3225 4703 dicata
3259 4656 3378 4702 stu-

1773 4751 1881 4805 diis
1915 4768 1929 4804 :
1959 4766 2080 4818 qua:
2110 4763 2232 4802 cum
2262 4762 2365 4800 una
2392 4745 2493 4807 sit,
2527 4742 2723 4813 plurali
2762 4757 2992 4797 numero
3030 4755 3247 4809 semper
3284 4754 3383 4809 ap-

1777 4842 1969 4914 pellari
2002 4839 2144 4895 solet
2184 4858 2196 4891 :
2235 4839 2392 4905 cujus
2423 4837 2661 4890 Pirmeus
2696 4832 2815 4905 [AL
2857 4831 3120 4902 Phircus]
3164 4839 3378 4899 portus,

1776 4934 2118 5005 septemplici
2155 4947 2312 4986 muro
2342 4929 2617 5001 quondam
2655 4925 3022 4981 communitus
3059 4922 3230 4978 fuisse
3277 4921 3378 4977 de-

1774 5030 2051 5086 scribitur.

1847 5123 2164 5190 Areopagus
2184 5161 2199 5185 ,
2228 5118 2564 5173 Athenarum
2612 5113 2792 5177 curia,
2825 5124 2947 5182 quae
2983 5110 3379 5177 interpretatur

1778 5215 1901 5268 villa
1929 5213 2150 5279 Martis,
2184 5211 2331 5283 quod
2363 5211 2481 5279 ipse
2520 5208 2591 5264 ibi
2633 5204 2910 5278 quondam
2960 5215 3085 5258 cum
3125 5199 3379 5254 ducentis

88 5304 425 5373 interpretari
463 5303 669 5358 dicitur
704 5323 717 5358 :
761 5320 828 5359 eo
874 5305 1017 5375 quod
1068 5306 1139 5359 sit
1190 5308 1339 5375 regio
1384 5306 1670 5371 thuril’era,
1702 5300 1749 5363 C
1780 5307 2068 5363 duodecim
2101 5308 2205 5362 diis
2229 5306 2437 5360 dicatus
2471 5304 2563 5359 sit.

89 5400 278 5456 odores
326 5413 540 5453 creans.
569 5399 709 5453 Hinc
749 5414 871 5454 eam
916 5399 1115 5466 (ἱππεῖ,
1149 5400 1453 5473 εὐδαίμονα,
1502 5403 1676 5457 nostri

93 5497 278 5551 beatam
308 5491 554 5563 [felicem]
580 5502 939 5548 vocaverunt.

165 5640 188 5667 ι
214 5626 350 5682 Meus
393 5641 497 5681 ms.
542 5624 680 5681 liber
729 5626 1110 5683 Acheldemach
1144 5647 1162 5683 :
1190 5644 1427 5700 moxque
1472 5630 1669 5687 rectius

97 5701 330 5769 hodieque
356 5708 697 5751 monstratur.

166 5772 192 5811 δ
221 5774 383 5841 Antea
413 5778 532 5822 erat
562 5776 839 5841 corrupte,
866 5771 1050 5841 tetigiti

172 5853 191 5881 ι
220 5838 347 5897 Editi
378 5848 557 5901 antea.
584 5834 827 5906 fundente
858 5834 1004 5895 Nili).
1045 5842 1161 5894 Mox
1201 5834 1440 5903 brevius,
1475 5858 1535 5895 ac
1577 5860 1661 5900 rc.-

1858 5403 2030 5456 Assos
2058 5401 2194 5472 (Act.
2219 5416 2312 5467 xx,
2348 5406 2544 5469 xxvn),
2576 5395 2769 5452 civitas
2792 5393 2936 5449 Asia!
2961 5388 3252 5456 maritima,
3281 5402 3377 5445 ea-

1783 5496 1905 5551 dem
1935 5495 2225 5567 Apollonia
2253 5494 2419 5549 dicta.

1779 5633 1920 5688 ctius
1942 5635 1993 5687 in
2027 5647 2147 5687 meo
2174 5647 2276 5685 ms.
2312 5648 2325 5685 :
2360 5630 2591 5700 Indeque
2618 5627 2770 5681 multi
2802 5623 3199 5681 Grazcwlillcrc
3218 5637 3374 5678 voca-

1783 5705 1903 5773 bqu
1934 5702 2137 5757 Deltam
2169 5702 2513 5773 appellavere.

1851 5772 1877 5809 '7‘
1914 5775 2077 5830 Addit
2102 5770 2257 5830 meus
2281 5786 2383 5828 ms.
2422 5775 2475 5826 in
2500 5770 2737 5826 ecclesia.
