4006 6302
653 334 678 393 Ι
689 333 796 393 Ξὲὶθ

1433 329 1525 384 AD
1564 325 1810 384 ΤΟΜΠΜ
1851 325 1918 382 Ill
1951 320 2242 380 UPERUII
2277 319 2339 376 5.
2384 320 2768 379 lllERDNYMI
2809 323 3182 380 APPENDIX.
3827 327 3914 381 1300

723 441 1035 511 Antipatris
1056 440 1198 512 (Act.
1236 439 1416 509 um),
1440 438 1633 493 civitas
1663 435 1970 492 Palaestiuze
2001 449 2145 490 nunc
2171 434 2254 489 di-
2281 439 2334 498 Α
2358 434 2463 489 lius
2484 435 2772 504 instructa,
2803 437 2858 491 in
2885 437 3154 493 honorem
3183 438 3423 494 Caesaris
3453 440 3698 510 Augusti
3727 441 3916 496 Casam

654 545 797 598 ruta,
822 549 981 604 quam
1008 533 1250 588 llcrodes
1281 547 1376 588 rex
1409 532 1610 589 Iudaea:
1637 547 1708 586 ex
1735 531 1902 600 patris
1925 530 2007 584 sui
2033 529 2256 583 nomine

657 638 789 683 V003
798 634 974 681 verat.

731 721 893 790 Appii
927 719 1099 774 forum
1131 719 1272 788 (Act.
1301 716 1524 788 xsvm),
1559 731 1756 773 nomen
1801 716 1903 771 fori
1935 716 2156 782 Romae,
2187 716 2255 770 ab

655 815 833 884 Appio
853 811 1126 882 quondam
1153 813 1381 868 consule
1409 820 1642 867 tractum
1669 829 1679 863 :
1704 822 1865 879 aquo
1893 819 1947 864 et
1977 813 2060 863 via
2087 808 2255 878 Appia

652 905 1038 976 cognominata
1065 914 1171 959 est.

1443 995 1484 1049 Β

726 1093 1006 1164 Babylon,
1043 1088 1367 1160 metropolis
1405 1089 1560 1158 regni
1592 1086 2000 1150 Chaldaeorum,
2036 1083 2125 1140 ubi
2163 1099 2258 1139 eo-

653 1200 798 1250 rum,
829 1186 922 1256 qui
966 1183 1307 1240 tedilicabant
1352 1182 1570 1246 turrim,
1605 1180 1800 1250 lingua:
1831 1177 2021 1233 divisa:
2049 1189 2198 1244 sunt,
2227 1193 2256 1229 a

652 1289 765 1350 quo
787 1278 893 1350 [Αι.
931 1277 1060 1349 qua]
1093 1286 1146 1331 et
1186 1275 1336 1345 regio
1377 1273 1770 1342 circumposita
1792 1313 1808 1337 ,
1836 1270 2128 1342 Babylonia
2164 1287 2258 1324 vo-

656 1382 833 1429 Catur.
856 1373 1004 1426 Hanc
1027 1371 1196 1426 fuisse
1223 1377 1251 1406 λ
1282 1368 1744 1440 potentissimum,
1768 1374 1824 1420 et
1847 1367 1901 1420 in
1932 1366 2258 1435 campestri-

658 1468 761 1521 bus
794 1481 891 1538 per
922 1465 1192 1537 quadrum
1234 1463 1420 1530 sitam,
1454 1463 1521 1517 ab
1544 1461 1744 1529 angulo
1769 1475 1944 1530 usque
1981 1458 2049 1513 ad
2089 1474 2258 1528 angu-

654 1562 765 1614 lum
799 1560 963 1625 muri,
996 1557 1234 1613 sedecim
1265 1556 1434 1610 millia
1464 1570 1720 1625 passuum
1751 1555 1994 1609 tenuisse
2016 1596 2030 1620 ,
2065 1552 2117 1607 id
2144 1561 2254 1618 est,

659 1654 824 1707 simul
857 1665 954 1722 per
980 1651 1270 1706 circuitum
1295 1649 1582 1718 sexaginta
1613 1656 1843 1718 quatuor
1871 1645 2062 1712 millia,
2089 1643 2258 1700 refert

661 1744 992 1811 Herodotus,
1016 1753 1074 1798 et
1107 1741 1262 1797 multi
1292 1741 1406 1806 alii,
1441 1742 1531 1810 qui
1565 1739 1790 1795 Grzecas
1827 1738 2086 1793 historias
2119 1752 2254 1792 cou-

656 1839 1017 1907 srripsernnt.
1053 1836 1167 1890 Ars
1196 1843 1402 1899 autem,
1435 1833 1485 1886 id
1515 1843 1625 1899 est,
1645 1833 1970 1901 Capitolium
1997 1829 2142 1885 illius
2163 1845 2257 1884 ur-
2286 1839 2334 1899 Β
2365 1835 2518 1890 lima.

656 1931 763 1996 his,
786 1940 869 1984 est
892 1930 1218 1998 turris,qtnc
1253 1936 1374 1997 post
1395 1927 1658 1981 diluvium
1681 1925 1950 1981 aediﬁcata
1970 1923 2126 1994 (Cen.
2154 1926 2254 1992 x1),

656 2032 890 2092 quatuor
917 2021 1087 2076 millia
1115 2035 1374 2090 passuum
1419 2028 1608 2075 tenere
1649 2019 1846 2074 dicitur
1880 2036 1892 2071 :
1927 2017 2082 2086 cujus
2133 2027 2259 2087 post

659 2115 897 2182 ruinam,
917 2115 1059 2168 muri
1080 2123 1284 2168 tantum
1303 2114 1498 2167 ﬁctiles
1512 2111 1860 2177 remansisse,
1876 2123 1929 2165 et
1946 2111 2016 2165 ob
2030 2111 2254 2175 bestias,

655 2223 775 2276 qua:
804 2208 912 2262 illic
951 2205 1226 2261 abundant
1254 2204 1552 2275 captandas
1575 2247 1589 2272 ,
1621 2204 1924 2274 recuperati
1971 2216 2096 2260 esse
2146 2205 2258 2258 tra-

656 2300 877 2354 duntur.

729 2392 977 2463 Bithynia
1009 2393 1146 2463 (Act.
1185 2391 1298 2464 xvt)
1320 2434 1336 2460 ,
1363 2392 1641 2462 provincia
1670 2392 1815 2447 Asia:
1845 2390 2070 2446 minoris
2093 2434 2106 2460 ,
2133 2406 2255 2462 qua:

653 2492 709 2539 et
735 2485 1013 2554 quondam
1042 2484 1284 2555 Bibraja,
1311 2494 1367 2539 et
1395 2485 1594 2540 deinde
1639 2484 1925 2556 Mygdonia
1955 2483 2102 2538 dicta
2145 2494 2251 2539 est.

655 2577 722 2630 Et
753 2576 928 2646 major
956 2576 1191 2648 Phrygia
1215 2619 1230 2643 ,
1256 2577 1382 2634 Jera
1412 2578 1636 2633 ﬂumine
1669 2593 1699 2632 ει
1731 2577 1938 2634 Galatia
1977 2577 2255 2634 distermi-

655 2678 802 2733 nata,
835 2668 997 2724 habet
1027 2670 1306 2725 civitatem
1341 2670 1585 2740 ejusdem
1611 2671 1868 2724 nominis.

726 2761 916 2818 Bertea
948 2764 1089 2832 (Act.
1124 2763 1288 2834 xvn),
1319 2765 1513 2821 civitas
1541 2766 1593 2821 in
1624 2765 1963 2830 Macedonia,
1987 2778 2108 2834 quae
2134 2778 2250 2820 ver-

653 2855 780 2909 bum
813 2855 1028 2911 Domini
1056 2857 1313 2912 nobiliter
1335 2858 1563 2926 accepit.

1431 2950 1472 3005 C

723 3039 1070 3110 Cappadocia
1101 3043 1239 3111 (Act.
1273 3042 1337 3114 ιι)
1368 3043 1517 3112 regio
1548 3041 1602 3097 in
1640 3043 1819 3109 capite
1841 3041 2040 3112 Syria,
2063 3041 2116 3096 id
2140 3049 2246 3110 est,

655 3131 723 3186 ad
751 3134 1200 3202 septentrionem.

2361 531 2739 598 cognominata
2765 541 2867 596 est,
2899 533 2983 585 cui
3015 532 3177 585 etiam
3208 532 3472 602 templum
3506 534 3563 587 in
3598 549 3665 586 ea
3702 549 3917 588 inarsitth
3967 531 3985 602 ι

2357 621 2485 676 albo
2510 624 2820 677 construxit
2855 641 2866 676 :
2900 623 2952 676 in
2974 639 3078 693 qua
3111 637 3282 693 nepos
3317 627 3439 694 ejus
3480 625 3739 680 Herodes
3766 628 3828 680 ab
3851 626 3921 680 Δι-

2354 714 2485 785 gelo
2510 729 2800 784 percussus
2828 714 2966 785 (Act.
2999 731 3094 780 xu,
3125 715 3212 780 10,
3247 718 3351 786 Η),
3386 715 3696 773 Cornelius
3725 719 3921 772 centmia

2362 807 2686 877 baptizatus,
2716 816 2773 862 et
2794 809 3010 879 Agahus
3056 810 3328 878 Propheta
3373 826 3515 866 zona
3569 812 3735 867 Pauli
3779 813 3925 880 ligans

2361 912 2466 956 est.
2496 902 2680 956 Altera
2712 917 2843 958 vero
2863 903 3111 958 thsarea
3138 903 3373 976 Plu'lippi
3399 903 3630 977 (Matth.
3664 921 3770 964 ut.
3799 905 3924 959 Mm.

2363 994 2480 1065 vni)
2515 1011 2526 1047 :
2558 994 2710 1063 cujus
2744 995 3019 1066 EVangelii
3045 996 3320 1065 scriptura
3345 997 3607 1051 meminit
3630 999 3732 1053 :nd
3761 1001 3926 1054 radices

2362 1086 2563 1141 montis
2591 1087 2815 1154 Libani,
2843 1087 2934 1142 ubi
2965 1087 3223 1143 Jordanis
3267 1089 3448 1144 fontes
3478 1099 3638 1155 sunt,
3662 1106 3695 1144 ι
3727 1091 3928 1162 Philippo

2363 1179 2633 1233 tetrarcha
2656 1179 2902 1248 ejusdem
2927 1180 3171 1250 regionis
3206 1180 3370 1246 facta,
3401 1191 3456 1236 et
3489 1183 3544 1236 in
3583 1182 3840 1238 hennrcm
3867 1185 3928 1239 Tt-

2362 1269 2497 1323 bcrii
2519 1269 2751 1324 Caesaris
2775 1271 3162 1339 cognominata
3191 1283 3296 1328 est.
3320 1273 3426 1329 Sed
3451 1284 3506 1328 et
3529 1277 3700 1329 tertia
3729 1273 3927 1330 Cassarea

2359 1364 2715 1435 Cappadociae
2747 1367 3070 1435 metropolis
3101 1375 3220 1433 est,
3252 1367 3412 1437 cujus
3443 1366 3628 1423 Lucas
3669 1370 3742 1422 ita
3786 1371 3930 1424 tuenti-

2363 1461 2484 1516 nit:
2523 1459 2799 1531 Profectus
2830 1461 2894 1514 ab
2938 1461 3180 1531 Epheso,
3227 1473 3276 1516 et
3319 1463 3644 1516 descendens
3686 1461 3928 1518 Caenum:

2362 1550 2475 1624 [ΑΙ.
2509 1549 2794 1623 Casurae],
2827 1553 3067 1620 ascendit
3109 1563 3155 1607 et
3195 1551 3442 1608 salutavit
3489 1551 3784 1608 Ecrt'esiam
3821 1557 3922 1626 (Art.

2362 1646 2538 1716 xvm).

2431 1737 2732 1795 Corinthus
2771 1739 2929 1809 (Act.
2957 1755 3077 1806 nx,
3113 1736 3214 1810 t8)
3241 1778 3257 1806 ,
3298 1738 3494 1793 civitas
3543 1736 3770 1794 Achaia:
3807 1742 3927 1794 mari-

2436 1925 2732 1983 Cenchrea:
2773 1928 2913 1998 (Act.
2965 1927 3091 1998 xx),
3129 1935 3322 1998 portus
3376 1926 3793 1983 Corinthiorum
3832 1927 3928 1982 civi-

2366 2020 2515 2078 tatis.
3471 2004 3477 2008 ⁷

2434 2113 2598 2168 Chios
2632 2113 2770 2182 (Act.
2803 2113 2974 2183 xxv")
2997 2153 3011 2178 ,
3057 2110 3232 2166 insula
3276 2121 3404 2166 ante
3435 2111 3786 2182 Bithyniam,
3812 2110 3929 2180 cujus
3983 2127 3985 2160 |

2363 2221 2559 2263 nomen
2597 2205 2735 2278 Syra
2778 2205 2959 2277 lingua
3001 2207 3262 2260 inusticem
3301 2205 3591 2275 designat,
3624 2221 3693 2262 eo
3726 2206 3854 2274 quod
3877 2205 3928 2257 ibi

2363 2302 2560 2357 mastix
2597 2301 2853 2371 gignitur.
2900 2300 3049 2354 Hanc
3089 2298 3259 2369 aliqui
3300 2299 3496 2354 Chiam
3547 2298 3877 2368 appellavere
3910 2311 3928 2346 ι

2359 2395 2570 2452 Chione
2599 2392 2833 2464 nympha
2859 2392 3062 2447 Choos.

2431 2486 2659 2551 Cnidus,
2692 2486 2867 2539 insula
2897 2496 3086 2539 contra
3118 2483 3302 2538 Asiam
3335 2482 3681 2537 nobilissima
3713 2481 3930 2550 adjacens

2361 2581 2655 2648 provinciae
2686 2578 2921 2643 Cathiae,
2952 2586 3008 2632 et
3035 2587 3118 2633 est
3147 2575 3391 2646 ejusdem
3423 2574 3670 2629 nominis
3709 2573 3931 2644 oppidum

2352 2674 2412 2728 in
2439 2671 2614 2728 insula
2643 2671 2924 2741 Calymna.

3132 2761 3176 2815 ll

2430 2857 2729 2911 Damascus
2757 2857 2895 2928 (Act.
2929 2857 3030 2925 ut),
3065 2857 3192 2910 urbs
3240 2853 3438 2907 nobilis
3482 2853 3771 2909 thnices
3793 2892 3806 2916 ,
3835 2867 3928 2921 qua:

2355 2962 2408 3004 et
2432 2950 2706 3019 quondam
2733 2950 2785 3003 in
2840 2949 2985 3003 omni
3033 2947 3188 3017 Syria
3253 2947 3427 3001 tenuit
3486 2945 3930 3014 principatnm,ct

2354 3059 2496 3100 nunc
2550 3044 2946 3099 Saracenorum
3000 3039 3325 3109 metropolis
3383 3037 3708 3105 perhibetur
3763 3056 3774 3090 :
3817 3033 3928 3091 unde

2353 3147 2408 3193 et
2457 3153 2551 3192 rex
2597 3150 2784 3191 eorum
2846 3132 3078 3188 Navvias
3130 3134 3388 3184 famosam
3445 3131 3498 3183 in
3548 3144 3610 3184 ea
3669 3129 3774 3185 sibi
3818 3141 3930 3182 sute-

649 3267 654 3274 .
721 3224 955 3296 Cyrene,
980 3226 1177 3280 civitas
1201 3228 1252 3281 in
1280 3227 1473 3298 Lybia,
1501 3226 1662 3297 cujus
1693 3226 1843 3296 regio
1865 3227 2028 3281 etiam
2048 3226 2246 3282 Penta-
2274 3234 2320 3297 ρ
2351 3247 2456 3303 que
2495 3231 2643 3301 genti
2684 3228 2958 3282 basilicam
3009 3224 3322 3290 dedicavit,
3362 3221 3698 3277 Christianis
3749 3225 3802 3276 in
3846 3221 3929 3274 cir-

650 3319 889 3388 politana
919 3329 1172 3387 vocatur,
1198 3336 1267 3376 eo
1293 3321 1435 3390 quod
1476 3323 1718 3392 quinque
1749 3322 1976 3376 urbibus
2005 3321 2246 3378 tuasim‘e

647 3413 879 3482 fulgeat,
913 3413 1198 3479 Berenice,
1230 3413 1481 3477 Arsinoe,
1516 3415 1850 3469 Plolemaidc
1874 3459 1888 3482 ,
1918 3416 2206 3483 Apollonia
2229 3455 2244 3481 ,

653 3509 882 3577 ipsaque
913 3506 1146 3577 Cyrene.

722 3601 886 3655 Creta
917 3600 1059 3672 (Act.
1093 3599 1290 3670 nm),
1321 3599 1548 3656 Gracia:
1596 3599 1702 3672 (At.
1733 3599 1982 3672 Galatitr]
2029 3600 2202 3655 inenla
2227 3643 2242 3668 ,

651 3702 872 3749 centum
902 3694 1178 3764 quondam
1223 3694 1437 3764 oppidis
1466 3695 1694 3765 insignis
1716 3736 1730 3760 ,
1765 3694 2078 3764 factiosaque
2111 3694 2248 3747 divi-

655 3786 764 3850 tiis,
804 3789 1040 3842 maxime
1071 3788 1199 3842 atris
1227 3806 1240 3842 :
1274 3786 1347 3841 ibi
1370 3789 1516 3841 enim
1542 3789 1716 3857 prima
1742 3786 1902 3857 hujus
1926 3786 2132 3841 metalli
2165 3787 2249 3839 in-

650 3880 838 3934 ventio
863 3891 921 3935 et
949 3881 1158 3936 utilitas
1188 3881 1310 3948 fuit,
1356 3883 1444 3935 cui
1477 3881 1784 3950 proximum
1829 3892 1913 3936 est
1950 3880 2004 3936 in
2049 3882 2246 3938 ﬁnibus

649 3968 858 4026 Cilicia
887 3974 1344 4042 promontorium,
1377 3981 1436 4028 et
1465 3973 1722 4044 oppidum
1754 3974 2008 4029 Veneris.

723 4065 910 4121 Cilicia
942 4067 1081 4139 (Act.
1114 4067 1294 4138 χχιιι),
1331 4069 1607 4137 provincia
1637 4070 1802 4134 Asia»,
1837 4085 1996 4139 quam
2027 4069 2246 4141 Cydnus

649 4158 826 4212 amnis
857 4158 1174 4226 intersecat,
1197 4170 1256 4216 et
1283 4175 1442 4215 moris
1484 4164 1753 4226 Amanus,
1800 4161 1955 4231 cujus
1995 4162 2246 4218 meminit

648 4249 910 4307 Salomon
943 4248 1116 4320 (Cant.
1145 4252 1244 4320 tv),
1266 4267 1297 4304 a
1328 4251 1488 4324 Syria
1519 4253 1670 4308 lee
1695 4260 1933 4322 separat.

719 4341 884 4397 Carra
917 4342 1058 4414 (Act.
1087 4344 1186 4414 vn)
1207 4383 1223 4409 ,
1253 4345 1450 4399 civitas
1483 4345 1886 4415 Mesopotamia:
1909 4381 1923 4410 ,
1959 4347 2102 4414 apud
2139 4347 2245 4403 Ro-

646 4447 840 4486 manos
885 4433 1068 4490 Crassi
1117 4435 1292 4500 clade,
1334 4437 1475 4504 apud
1531 4452 1630 4492 nos
1682 4436 1922 4505 hospitio
1973 4437 2243 4494 Abraham

648 4526 979 4594 patriarcha:
1026 4537 1082 4582 et
1140 4531 1382 4598 parentis
1431 4529 1551 4598 ejus
1604 4539 1782 4585 morte
1832 4529 2031 4586 nobilis
2078 4529 2240 4600 (Gen.

644 4633 720 4686 ιι,
755 4617 868 4690 12).

717 4713 1099 4770 Chaldteorum
1131 4718 1281 4788 regio
1315 4719 1454 4790 (Act.
1485 4717 1583 4788 vn)
1616 4718 1758 4774 inter
1789 4717 2144 4792 Babyloniam
2187 4731 2241 4777 et

644 4810 899 4866 Arabiam
922 4851 936 4877 ,
965 4809 1167 4880 Tigrim
1199 4817 1253 4866 et
1282 4809 1618 4880 Euphraten.

714 4901 974 4958 Chanaan
995 4941 1009 4969 ,
1038 4904 1182 4958 ﬁlius
1224 4903 1391 4958 Cham
1411 4944 1424 4966 ,
1452 4903 1691 4960 obtinuit
1721 4912 1925 4960 terram
1964 4920 1996 4960 a
2034 4905 2236 4962 Sidone

639 5009 813 5065 usque
844 4997 909 5049 ad
934 4995 1160 5062 Gazam,
1185 5011 1344 5065 quam
1369 4995 1541 5051 Judaei
1566 4999 1826 5070 deinceps
1846 4999 2230 5070 possederunt,

636 5088 830 5158 ejectis
868 5089 1221 5145 Chanantris.

703 5181 966 5237 Cmsarem
989 5185 1130 5250 (Act.
1153 5189 1245 5238 vin
1265 5183 1284 5250 )
1307 5183 1558 5239 civitates
1579 5184 1698 5240 dum
1725 5188 1926 5242 suntin
1949 5196 2090 5242 terra
2113 5199 2236 5257 pro-

634 5273 935 5329 missionis.
971 5273 1087 5330 Una
1117 5274 1368 5329 Caesarea
1401 5275 1708 5332 Palaestinae
1742 5277 1798 5332 in
1827 5277 2011 5332 littore
2052 5281 2234 5350 magni

633 5369 802 5423 maris
834 5368 936 5422 sita
965 5378 1048 5423 est
1070 5409 1084 5432 ,
1119 5381 1239 5437 quae
1266 5368 1541 5437 quondam
1575 5370 1779 5442 Pyrgos
1801 5413 1814 5433 ,
1850 5371 1902 5426 id
1930 5382 2048 5435 est,
2077 5375 2235 5427 turris

634 5461 902 5514 Stratonis
932 5459 1073 5514 dicta
1103 5468 1220 5516 est:
1255 5460 1350 5517 sed
1384 5461 1452 5516 ab
1486 5461 1701 5518 llerodo
1742 5478 1872 5533 rege
1898 5463 2100 5520 Iudaea:
2133 5480 2227 5519 no~

627 5551 795 5606 bilius
827 5561 881 5606 et
913 5551 1210 5622 pulchrius,
1245 5564 1300 5609 et
1335 5563 1525 5610 contra
1553 5555 1661 5608 vim
1705 5555 1870 5609 maris
1912 5556 2082 5610 multo
2119 5559 2228 5612 uti-

705 5758 731 5783 σι
759 5749 952 5806 Isthch
976 5751 1044 5807 de
1071 5752 1387 5822 Babyloniae
1416 5751 1550 5807 turri
1571 5751 1796 5808 totidem
1815 5750 1996 5807 verbis
2019 5751 2228 5809 descri-

627 5815 829 5876 buntur
860 5835 922 5872 ex
957 5815 1713 5892 llicrony'miCommentariis
1744 5827 1794 5882 iu
1827 5823 2039 5891 lsniam,
2067 5823 2157 5882 lib.
2180 5843 2230 5896 v,

2350 3326 2500 3381 cuitu
2526 3321 2736 3379 civibus
2760 3321 3016 3391 Baptista:
3037 3318 3261 3374 Joannis
3292 3316 3578 3372 ecclesiam
3604 3316 3928 3388 frequentan-

2350 3420 2517 3476 tibus.

2422 3513 2655 3568 Derbem
2684 3511 2823 3581 (Act.
2859 3509 2993 3580 xlv),
3018 3508 3212 3564 civitas
3242 3505 3536 3576 Lycaonia:
3564 3505 3869 3578 provinciae.

3130 3603 3172 3657 Ε

2423 3697 2674 3752 Elamitaa
2705 3696 2861 3767 (Act.
2903 3697 2979 3766 ιι)
3006 3739 3021 3764 ,
3059 3695 3334 3766 principes
3375 3692 3652 3760 Persidis,
3686 3693 3754 3748 ab
3795 3691 3925 3746 Elam

2351 3791 2464 3845 tilio
2491 3791 2616 3845 Sem
2646 3790 2926 3861 appellati.

2423 3883 2670 3952 Ephesus
2699 3882 2837 3954 (Act.
2867 3897 3021 3949 XVIII,
3051 3879 3192 3954 ιιι),
3221 3881 3554 3937 Amazonum
3583 3894 3738 3950 opus,
3759 3875 3926 3931 civitas

2353 3978 2410 4032 in
2435 3975 2563 4031 Asia
2588 3975 2680 4031 ubi
2709 3975 3001 4045 requiescit
3029 3975 3221 4030 beatus
3250 3975 3606 4045 Evangelista
3627 3972 3876 4028 Joannes.

3128 4067 3169 4122 F

2422 4161 2617 4233 Frygia
2645 4162 2804 4232 (Act.
2833 4158 3032 4232 svnt),
3066 4161 3350 4231 provincia
3389 4162 3532 4217 Asia:
3553 4197 3567 4226 .
3601 4159 3821 4214 Troade
3848 4171 3925 4210 su-

2350 4253 2591 4323 periecta
2622 4255 2673 4306 in
2707 4254 3129 4322 septentrionali
3157 4267 3252 4308 sua
3282 4265 3434 4324 parte
3469 4252 3690 4308 Galatite
3717 4259 3924 4304 conter-

2351 4349 2496 4403 mina
2518 4385 2535 4415 ,
2563 4346 2860 4402 meridiana
2893 4347 3002 4419 (At.
3046 4346 3384 4418 meridianae]
3413 4346 3737 4416 Lycaoniae,
3763 4353 3817 4398 et
3853 4342 3923 4395 Pi-

2350 4441 2503 4495 sidiae
2572 4439 3010 4510 Macedoniaeque
3051 4479 3066 4508 ,
3140 4442 3210 4495 ab
3265 4440 3471 4494 oriente
3540 4436 3923 4506 Cappadociam

2349 4532 2586 4602 attingit.
2644 4531 2770 4586 Duae
2810 4541 2990 4586 autem
3033 4541 3161 4586 sunt
3211 4530 3453 4604 Frygiac,
3488 4544 3715 4600 quarum
3763 4529 3926 4595 major

2265 4625 2320 4685 D
2344 4628 2630 4699 Smyrnam
2665 4626 2854 4693 habet,
2891 4626 3068 4680 minor
3096 4641 3226 4680 vero
3250 4625 3424 4681 Ilium.

2417 4720 2653 4776 Fienicia
2686 4719 2825 4793 (Act.
2858 4719 2964 4790 st),
2996 4720 3278 4790 provincia
3327 4718 3533 4790 Syriae,
3566 4717 3720 4786 cujus
3760 4726 3924 4784 partes

2341 4825 2470 4870 sunt
2492 4813 2737 4869 Samaria
2767 4823 2822 4868 et
2845 4813 3066 4869 Galilara
3091 4853 3105 4877 ,
3136 4822 3190 4867 et
3211 4812 3334 4866 alite
3364 4811 3623 4882 plurima:
3658 4809 3920 4878 regiones.

3123 4905 3166 4960 G

2407 4998 2648 5054 Galilane
2679 4998 2802 5053 duo;
2832 5005 2960 5053 sunt
3009 4996 3150 5068 (Act.
3198 4995 3340 5068 xm).
3382 4995 3502 5052 Una
3544 4993 3766 5050 Galilaea
3805 5004 3921 5061 gen-

2340 5092 2478 5146 tium
2519 5091 2696 5146 vicina
2730 5089 2928 5144 ﬁnibus
2959 5089 3247 5160 Tyriorum
3299 5087 3352 5143 in
3404 5088 3550 5141 tribu
3595 5082 3917 5154 Nepbthalim

2343 5184 2480 5257 (los.
2513 5182 2650 5253 sui).
2685 5182 2873 5238 Altera
2899 5183 3045 5238 circa
3075 5179 3441 5253 Tyberiadem
3473 5189 3529 5234 et
3560 5188 3806 5248 stagnum
3829 5175 3918 5230 Ce-

2339 5277 2602 5334 nesareth
2629 5279 2681 5331 in
2708 5277 2849 5330 tribu
2881 5274 3152 5329 Zabnlon.
3723 5339 3728 5344 _

2412 5369 2618 5425 Galatia
2652 5368 2792 5438 (Act.
2839 5365 3011 5438 svnt),
3043 5365 3328 5437 provincia
3372 5363 3550 5426 Asiae,
3584 5378 3609 5415 a
3639 5360 3810 5417 Gallis
3838 5372 3912 5411 τοι

2341 5463 2591 5518 cabulum
2617 5463 2882 5516 trahens:
2917 5460 3084 5528 quiin
3129 5457 3391 5512 auxilium
3432 5472 3460 5508 ι
3504 5471 3633 5526 rege
3663 5451 3913 5524 Bithynia:

2339 5555 2586 5620 evocati,
2611 5569 2835 5624 regnum
2883 5567 3004 5607 cum
3034 5565 3099 5605 cu
3131 5548 3271 5602 facta
3317 5547 3551 5603 victoria
3600 5545 3910 5600 diviserunt.

2336 5769 2384 5810 c.
2420 5754 2507 5820 M,
2542 5753 2594 5808 iu
2623 5767 2784 5822 quem
2814 5753 2988 5807 locum
3044 5748 3244 5804 vidcsis
3271 5762 3396 5818 qua
3426 5763 3525 5805 nos
3555 5764 3622 5805 ex
3655 5747 3910 5804 Herodoto

2344 5826 2571 5906 aliisque
2597 5824 2914 5882 auctoribus
2945 5822 3323 5900 observamus;
