4006 6306
132 348 289 413 €501

1115 348 1321 411 LIBER
1361 349 1680 413 NOMINUM
1724 356 2083 428 LOCORUM,
2131 359 2223 415 nx
2263 352 2485 414 ACTIS.

3319 352 3458 413 1509.

137 468 357 539 Sicque
400 466 603 525 deinde
640 468 846 527 Grazcls
876 470 1137 538 admixti,
1168 470 1346 540 primo
1377 468 1699 541 Gallogrzeci
1726 514 1741 540 ,
1774 478 1826 536 Α
1852 474 2063 531 Cedron
2094 450 2489 537 interﬂuente,
2523 473 2612 528 ubi
2647 473 2837 528 ultima
2862 474 3086 544 vestigia
3114 474 3327 530 Domini
3356 474 3461 531 htt-

134 575 345 634 postea
368 562 579 620 Galatas
600 573 728 620 sunt
758 564 1038 635 appellati.

221 652 438 711 Grazcia
487 656 641 724 (Act.
673 656 821 727 xx),
860 656 1141 725 provincia
1191 654 1438 727 qumdam
1490 656 1747 723 Achaiae,

134 761 272 817 qua:
305 762 334 799 a
359 746 571 802 Grmcis
598 747 966 816 scriptoribus
996 746 1176 802 iiellas
1198 756 1388 801 vocata
1420 756 1531 816 est,
1559 748 1611 802 in
1647 758 1753 819 qua

138 838 387 895 Athenae
421 838 616 893 civitas
646 847 761 906 est,
786 841 1060 909 quondam
1086 849 1112 877 ι
1144 840 1326 895 Attica
1353 839 1517 895 dicta.

218 1028 582 1086 Hadrumetus
604 1029 740 1099 (Act.
766 1030 959 1095 xxvn),
986 1029 1178 1085 civitas
1202 1029 1256 1084 in
1282 1028 1503 1084 Bazatio
1524 1028 1749 1100 regione

131 1124 370 1182 Africae.

216 1218 453 1283 Hadria,
508 1232 706 1273 nomen
753 1218 922 1273 maris
980 1225 1173 1273 contra
1220 1216 1570 1285 Ravennam,
1604 1214 1747 1286 quod

133 1327 246 1385 per
276 1314 419 1368 ostia
474 1311 605 1367 Padi
655 1313 799 1367 ﬂuvii
830 1312 1089 1378 intratur,
1121 1320 1340 1382 sumpto
1382 1310 1649 1366 vocabulo
1679 1310 1747 1366 ab

133 1405 348 1460 Hadria
381 1406 626 1470 proxima
658 1404 910 1470 civitate,
936 1418 1057 1475 quze
1086 1404 1227 1459 idem
1253 1404 1389 1459 mari
1415 1418 1614 1459 nomen
1643 1401 1747 1458 ila-

131 1500 369 1555 driatici
395 1499 564 1553 dedit.

216 1593 562 1648 Hierusalem
609 1592 748 1661 (Act.
786 1606 845 1657 ιι,
880 1605 954 1658 tv,
978 1606 1033 1657 v,
1057 1588 1197 1659 xxi),
1225 1590 1545 1661 metropolis
1574 1604 1748 1659 quon-

132 1688 268 1742 dam
301 1688 465 1741 totius
487 1686 692 1742 Jndaea:
710 1728 724 1753 ,
751 1698 872 1757 qua:
902 1700 1045 1740 nunc
1067 1686 1135 1741 ab
1159 1685 1308 1742 ,ΕΙἰο
1334 1681 1611 1740 Hadriano
1631 1683 1751 1739 Ca:-

138 1796 310 1847 sare,
342 1780 486 1850 quod
531 1796 649 1835 eam
683 1795 711 1834 a
741 1782 865 1835 Tito
892 1780 1263 1847 destructam,
1300 1781 1495 1835 latiore
1520 1780 1628 1834 situ
1658 1779 1741 1834 in-

1859 582 1947 620 mo
1979 567 2243 637 impressa
2291 566 2565 637 hodieque
2594 575 2972 622 monstrantur
3014 568 3155 637 (Act.
3194 568 3260 639 ι).
3288 567 3457 624 Cum-

1855 672 1958 727 que
1989 665 2135 711 terra
2163 656 2353 710 eadem
2383 657 2626 725 quotidie
2671 674 2699 711 a
2734 657 3083 713 credentibus
3133 659 3454 715 hauriatur:

1854 749 2211 803 nihilominus
2234 756 2415 803 tamen
2442 748 2630 803 eadem
2666 762 2851 804 saneta
2876 750 3133 821 vestigia,
3160 750 3449 819 pristinum

1853 851 2057 898 Statum
2103 843 2365 897 continuo
2414 843 2709 912 recipiunt.
2750 842 2996 910 Denique
3026 859 3147 896 cum
3179 843 3414 898 ecclesia
3438 883 3454 909 ,

1853 935 1908 989 in
1954 936 2113 1005 cujus
2156 934 2339 990 medio
2385 940 2546 1000 sunt,
2592 935 2828 989 rotundo
2875 934 3194 999 schemate,
3236 944 3290 987 ct
3335 935 3457 1003 pul-

1853 1028 2130 1083 cberrimo
2160 1042 2325 1099 opere
2348 1027 2703 1094 conderetur,
2738 1042 3009 1083 summum
3049 1035 3262 1082 tantum
3291 1040 3456 1082 cacu-

1852 1136 2009 1186 men,
2043 1131 2100 1176 ut
2124 1120 2443 1191 perhibent,
2477 1130 2697 1190 prepter
2725 1119 2995 1174 Dominici
3028 1119 3274 1188 corporis
3306 1132 3454 1173 mea-

1854 1223 1964 1269 tum
2015 1214 2167 1269 nullo
2216 1213 2379 1269 modo
2427 1214 2683 1283 contegi,
2719 1220 2776 1267 et
2821 1210 3196 1266 concamerari
3240 1208 3450 1280 potuit:

1850 1306 1945 1360 sed
2007 1305 2269 1360 transitus
2301 1305 2419 1374 ejus
2466 1321 2493 1359 a
2524 1313 2669 1360 terra
2716 1302 2783 1358 ad
2837 1303 3042 1357 coelum
3089 1315 3257 1372 usque
3306 1308 3454 1371 patet

1850 1408 2117 1467 apertum.

1922 1488 2061 1543 Medi
2116 1485 2254 1560 (Act.
2288 1487 2373 1555 tt),
2431 1499 2461 1541 ι
2513 1485 2687 1541 Madai
2738 1485 2850 1539 lilio
2905 1484 3101 1555 Japbet
3151 1485 3448 1555 appellati:

1847 1592 1976 1637 sunt
2030 1591 2213 1637 autem
2254 1583 2396 1636 inter
2445 1581 2649 1635 ﬂumen
2682 1579 2871 1635 indum
2908 1592 2961 1634 et
3004 1579 3208 1634 ﬂumen
3242 1578 3446 1650 Tigrim

1849 1676 2101 1744 regiones
2127 1673 2243 1727 ista:
2264 1714 2277 1738 ,
2311 1688 2339 1726 a
2372 1679 2560 1727 monte
2591 1670 2839 1725 Caucaso
2867 1684 3039 1740 usque
3062 1669 3130 1724 ad
3164 1685 3314 1724 mare
3338 1669 3451 1725 Ru-

1849 1766 2006 1820 brum
2063 1764 2470 1835 pertingentcs,
2518 1763 2782 1818 Aracusia
2812 1802 2825 1828 ,
2879 1761 3141 1827 Parthia,
3186 1763 3446 1834 Assyria,

132 1874 479 1928 stauraverit
500 1915 514 1940 ,
540 1872 683 1927 Elia
708 1874 1087 1943 cognominata
1117 1882 1236 1929 est:
1269 1872 1426 1941 cujus
1448 1886 1614 1942 Opere
1638 1871 1744 1925 i’ac-
1776 1859 1821 1919 Β
1854 1869 1875 1896 ε
1904 1857 2115 1923 Per-iis.
2147 1868 2201 1912 θῑ
2230 1857 2406 1912 Media
2432 1874 2444 1911 ε
2474 1871 2610 1925 quas
2654 1856 2935 1924 Scriptura
2981 1869 3134 1909 ⁵³01³³
3165 1856 3450 1910 When”

134 1972 253 2019 tum
290 1973 404 2026 est,
430 1970 489 2018 ut
505 1962 647 2018 Loca
675 1962 871 2019 Sancta
893 2004 907 2029 ,
941 1964 992 2017 id
1025 1970 1113 2019 est
1138 1963 1439 2018 Dominiem
1469 1962 1743 2016 Passionis

133 2064 192 2111 et
246 2056 692 2112 Resurrectionis
727 2096 741 2121 ,
793 2056 890 2112 sed
936 2066 990 2111 et
1042 2056 1377 2112 lnventionis
1435 2056 1492 2111 S.
1552 2053 1744 2109 Crucis

132 2151 416 2222 quondam
447 2159 601 2206 extra
626 2151 821 2207 urbem
847 2152 1084 2220 jacentia
1110 2193 1124 2217 ,
1153 2160 1297 2206 nunc
1316 2149 1561 2221 ejusdem
1592 2148 1745 2205 urbis

132 2260 299 2299 muro
329 2244 747 2314 septentrionali
778 2245 1211 2299 clrcumdentur.

932 2336 953 2391 Ι

202 2425 394 2483 Iudaea
428 2426 568 2498 (Act.
595 2434 631 2495 ι,
665 2440 723 2495 ιι,
758 2444 834 2495 ιιι,
861 2429 942 2500 x),
971 2426 1266 2499 aliquando
1294 2434 1406 2483 tcta
1436 2436 1577 2484 terra
1609 2429 1745 2485 duo-

128 2517 310 2573 decim
362 2520 600 2574 tribuum
651 2521 984 2590 appellatur,
1018 2522 1318 2590 aliquando
1365 2520 1485 2575 dua:
1531 2528 1740 2577 tantum

135 2609 348 2675 tribus,
377 2623 500 2677 quae
543 2611 815 2680 quondam
844 2611 986 2667 Juda
1026 2612 1386 2680 vocabantur,
1413 2612 1478 2667 ad
1511 2612 1741 2669 distinc-

134 2704 340 2757 tionem
365 2700 610 2758 Galiizea:
641 2713 694 2758 et
717 2704 980 2759 Sumat-ite
1000 2747 1014 2771 ,
1039 2705 1381 2776 aliarumque
1403 2705 1454 2761 in
1487 2714 1627 2761 terra
1660 2720 1745 2762 re-

132 2794 515 2863 promissionis
555 2795 866 2864 regionum.
902 2796 968 2850 Et
999 2798 1303 2851 notandum
1345 2798 1486 2867 apud
1520 2798 1744 2853 histori-

133 2900 261 2951 cos,
302 2885 445 2954 quod
487 2883 674 2940 Judzna
698 2886 835 2955 (Act.
868 2891 947 2956 ix)
981 2889 1049 2942 ad
1098 2888 1481 2957 Palmstinam,
1514 2890 1738 2945 Galilaea

134 2992 267 3033 vero
301 2983 358 3031 et
378 2976 625 3031 Samaria
655 2978 721 3032 ad
748 2979 1064 3034 Phoenicem
1097 2981 1426 3049 pertineant.

207 3067 420 3138 lappa,
471 3069 735 3137 Oppidum
788 3071 1096 3126 Palaestinae
1146 3074 1477 3127 maritimum
1510 3073 1562 3127 itt
1596 3074 1742 3129 tribtt

136 3162 251 3216 Dan
278 3178 293 3215 :
326 3163 417 3216 ubi
447 3162 611 3217 hodie
641 3178 768 3217 saxa
804 3172 1181 3219 monstrantur
1210 3166 1265 3220 in
1298 3167 1509 3233 littore,
1539 3168 1595 3221 in
1621 3168 1740 3237 qui-

1849 1964 1997 2021 saepe
2025 1951 2210 2005 Media:
2241 1950 2460 2004 nomine
2491 1957 2668 2003 vocat.

1919 2045 2307 2114 Mesopotamia
2332 2086 2346 2111 ,
2376 2044 2525 2114 regio
2556 2043 2696 2097 inter
2737 2041 2961 2095 ﬂumina
3005 2040 3211 2110 Tigrim
3250 2047 3309 2095 ct
3338 2040 3448 2096 Eu-

1847 2137 2131 2206 phratem,
2185 2151 2305 2206 qua:
2336 2145 2392 2192 et
2438 2136 2558 2206 ipso
2610 2134 2879 2189 vocabulo
2904 2133 3125 2198 Graec,
3160 2135 3213 2186 in
3265 2131 3446 2187 medio

1847 2229 2130 2283 ﬂuminum
2161 2243 2281 2283 esse
2308 2228 2483 2298 posita
2515 2236 2872 2282 monstratur.
2901 2224 3038 2279 Hinc
3066 2224 3131 2278 ad
3159 2225 3442 2278 meridiem

1846 2321 2405 2394 Babylonia,~dcinde
2450 2319 2970 2385 Cedar,novissime
3015 2316 3217 2372 Arabia
3248 2316 3443 2371 Eudaa-

1846 2428 1995 2469 mon.

1920 2506 2129 2562 Madian
2162 2506 2299 2577 (Art.
2330 2507 2446 2576 vn),
2482 2504 2847 2573 civitasjuxta
2885 2501 3165 2557 Arnonem
3189 2512 3245 2556 et
3274 2503 3447 2558 Areo-

1846 2601 2011 2671 polim
2036 2641 2049 2664 ,
2084 2600 2239 2668 cujus
2269 2614 2413 2653 nunc
2444 2600 2617 2653 ruina:
2647 2597 3024 2651 tantummodo
3061 2596 3445 2650 demonstran-

1847 2702 1952 2757 tur,
1979 2692 2296 2763 nbiMoyses
2323 2691 2463 2761 apud
2488 2690 2679 2746 Jetbro
2704 2704 2953 2745 socerum
2984 2704 3143 2743 suum
3161 2689 3447 2743 exsulabat

1846 2784 2047 2855 (Exod.
2079 2784 2163 2855 ιι).

1916 2878 2139 2944 Moesia,
2186 2875 2461 2947 provincia
2515 2874 2861 2931 Asiaeznunc
2916 2872 3092 2927 Eolis
3138 2872 3301 2925 dicta.
3347 2871 3445 2926 Est

1844 2981 2024 3027 autem
2047 2979 2103 3026 et
2144 2971 2311 3025 altera
2343 2969 2589 3039 ejusdem
2624 2968 2862 3023 nominis
2885 2966 3036 3037 juxta
3074 2965 3299 3020 ﬂuvium
3331 2966 3441 3020 Da-

1844 3064 2087 3120 nubium.
2122 3064 2370 3133 Suntque
2399 3070 2687 3125 auctores,
2716 3062 2807 3129 qui
2854 3060 3039 3114 dicant
3080 3058 3348 3113 ll‘allsiSse
3376 3072 3442 3113 ex

1846 3158 2062 3227 Europa
2098 3158 2305 3219 Mesas,
2335 3165 2393 3212 et
2423 3157 2663 3228 Brygas,
2696 3163 2750 3209 et
2790 3153 3046 3218 llunnos,
3073 3167 3101 3205 ιι
3124 3150 3320 3221 quibus
3348 3162 3437 3220 ap'

137 3254 241 3308 bus
272 3252 623 3308 Andromeda
644 3254 883 3323 relegata
906 3254 1014 3327 [Αι.
1049 3254 1322 3327 religata],
1353 3256 1534 3312 Persei
1564 3270 1740 3327 quon-
1768 3251 1811 3313 C
1846 3253 2117 3323 pellantur
2146 3253 2197 3306 in
2227 3250 2351 3305 Asia
2374 3248 2540 3322 Mysi,
2577 3249 2821 3320 Phryges
2850 3256 2905 3303 et
2934 3246 3196 3318 Bitltynii.

137 3342 264 3398 dam
297 3343 401 3397 viri
431 3345 512 3398 sui
538 3344 711 3399 fertur
743 3345 973 3399 liberata
997 3345 1171 3401 fuisse
1199 3348 1470 3417 priesidio.

203 3435 450 3491 lconium
491 3437 631 3507 (Act.
678 3452 790 3503 xm,
821 3438 951 3507 xvi),
985 3440 1184 3493 civitas
1220 3440 1577 3495 celeberrima
1624 3441 1731 3513 Ly-

139 3528 352 3583 caoniae
370 3568 384 3592 ,
410 3538 465 3584 et
494 3540 581 3583 est
608 3529 778 3585 altera
805 3532 857 3585 in
880 3531 1091 3586 Cilicia.

210 3619 367 3675 Italia
392 3620 533 3692 (Act.
566 3622 757 3693 xxvn).
794 3624 943 3693 regio
974 3633 1029 3677 et
1065 3625 1237 3694 patria
1272 3624 1641 3681 Romanorum
1671 3629 1739 3685 ab

141 3709 284 3764 italo
316 3726 446 3781 rege
472 3711 796 3767 vocabulum
833 3715 1027 3777 traxit,
1057 3731 1177 3784 qua:
1208 3716 1274 3769 ab
1306 3716 1490 3771 Africo
1512 3728 1565 3772 et
1586 3734 1613 3772 a
1637 3719 1740 3774 Bo-

140 3817 235 3855 rea
290 3802 425 3855 mari
474 3818 672 3873 magno
710 3805 924 3871 cineta,
958 3807 1165 3876 reliqua
1196 3808 1416 3879 Alpium
1468 3810 1741 3880 objicibus

139 3894 366 3950 obtritas
394 3904 498 3951 est.

914 3992 955 4044 L

209 4080 399 4154 Libya
429 4083 727 4153 provincia:
750 4084 873 4139 dua:
894 4094 1043 4153 sunt,
1069 4100 1173 4141 una
1200 4085 1369 4159 Libya
1397 4089 1732 4160 Cyreneaca,

140 4172 213 4230 do
265 4188 373 4243 qna
418 4174 623 4230 dictum
654 4185 741 4231 est
765 4214 777 4231 .
806 4176 868 4229 Et
898 4187 1072 4246 partes
1113 4178 1314 4249 Libym,
1340 4196 1455 4251 qua:
1493 4193 1567 4237 est
1599 4185 1739 4238 circa

142 4268 393 4338 Cyreuem
416 4269 553 4339 (Act.
584 4267 662 4338 tt).
703 4269 830 4323 ilzec
854 4280 1008 4339 porta
1045 4270 1269 4342 Egypti
1296 4273 1347 4327 in
1374 4283 1525 4341 parte
1546 4276 1739 4333 Africa)

140 4362 319 4429 printa
373 4366 487 4414 est:
518 4368 574 4415 et
620 4362 752 4414 mari
810 4361 1013 4433 Libyco
1057 4376 1363 4431 cognomen
1394 4363 1583 4419 dedit:
1618 4375 1741 4435 post

142 4466 305 4522 quam
335 4450 503 4521 Libya
532 4449 853 4521 (Ethiopum
874 4488 888 4517 ,
923 4467 1097 4523 usque
1119 4452 1185 4507 ad
1220 4453 1583 4510 meridianum
1614 4472 1738 4525 per-

142 4545 363 4615 tingens
394 4543 695 4599 Oceanum.

1910 3344 2220 3399 Macedonia
2246 3342 2386 3416 (Act.
2411 3342 2527 3415 xx),
2563 3344 2843 3413 provincia
2871 3342 3185 3398 Graecorum
3212 3339 3439 3395 nobilis-

1840 3440 2011 3503 sima,
2044 3446 2099 3493 et
2132 3438 2427 3493 virtutibus
2456 3437 2752 3492 Alexandri
2795 3435 2974 3507 Magni
3008 3434 3244 3489 nobilior
3275 3432 3436 3488 facta.

1914 3528 2197 3601 Mitylene,
2254 3530 2429 3583 insula
2470 3537 2661 3584 contra
2706 3529 2921 3591 Asiam,
2972 3539 3095 3594 qua:
3125 3535 3155 3577 ιι
3187 3522 3437 3593 proxima

1844 3624 2163 3677 continente
2191 3623 2350 3677 abest
2380 3622 2677 3693 quingenta
2710 3631 2917 3689 septem
2950 3618 3118 3672 millia
3148 3628 3360 3685 passus.

1914 3716 2127 3771 Miletus
2160 3714 2299 3786 (Act.
2334 3714 2450 3785 xx),
2482 3715 2673 3769 civitas
2728 3713 2781 3766 in
2831 3712 2957 3765 Asia
3006 3707 3312 3774 maritima,
3343 3705 3439 3761 de-

1841 3822 1960 3864 cem
1986 3808 2179 3864 stadiis
2217 3808 2285 3863 ab
2348 3808 2492 3861 ostio
2537 3802 2794 3862 Maeandri
2836 3802 3011 3857 amnis
3067 3809 3311 3856 secreta:
3339 3799 3432 3855 ubi

1842 3902 2041 3955 Paulus
2076 3900 2437 3969 Ephesiorum
2463 3899 2704 3969 majores
2739 3895 3058 3966 alloquitur,
3080 3901 3237 3948 estet
3259 3893 3430 3946 insula

1842 3990 1865 4028 ἀ
1886 4009 1992 4046 tton
2024 3992 2280 4061 ignobilis
2321 3993 2560 4048 nominis
2586 3991 2831 4062 ejusdem
2864 3990 2916 4044 in
2947 3987 3082 4042 mari
3133 3983 3320 4054 Εεωο
3352 3985 3437 4038 vel

1840 4085 2012 4140 ionio.

1916 4282 2186 4345 Nazaretb
2229 4290 2367 4358 (Act.
2401 4302 2460 4354 ιι,
2495 4292 2573 4357 x),
2630 4284 2846 4343 viculus
2901 4288 2954 4342 in
3006 4279 3233 4342 Galiltea
3280 4280 3437 4356 juxta

1843 4394 2086 4442 montem
2138 4384 2380 4451 Thabor,
2416 4383 2559 4439 unde
2603 4392 2661 4438 et
2708 4382 2976 4439 Dominus
3034 4386 3226 4439 noster
3275 4382 3441 4439 Jcsus

1842 4480 2099 4538 Christus
2145 4478 2461 4536 Nazarenus
2498 4489 2729 4534 vocatus
2780 4489 2899 4536 est:
2938 4478 3210 4551 habetque
3259 4479 3441 4535 eccle-

1844 4576 1979 4631 siam
2014 4572 2066 4630 in
2100 4576 2219 4629 loco
2244 4615 2258 4635 ,
2283 4588 2390 4643 quo
2418 4573 2656 4643 Angelus
2690 4570 2757 4627 ad
2790 4571 3003 4629 beatam
3024 4570 3249 4629 Mariam
3275 4586 3439 4630 evan-

217 4638 405 4709 Lydda
430 4638 570 4708 (Act.
590 4638 693 4709 ix),
717 4639 911 4694 civitas
940 4639 1245 4695 Palmstinm
1272 4640 1327 4695 in
1353 4642 1536 4697 littore
1556 4648 1735 4713 magni

1867 4669 2173 4736 {elizaturus
2205 4667 2423 4721 intravit
2450 4678 2462 4720 :
2488 4664 2584 4723 sed
2616 4677 2669 4723 et
2696 4662 2893 4735 aliam,
2929 4667 3017 4723 ubi
3051 4664 3324 4724 Dominus
3353 4674 3438 4723 cst

142 4734 316 4789 mat-is
346 4733 452 4786 sita
472 4766 487 4797 ,
519 4746 642 4803 qua)
662 4731 689 4771 ι)
722 4733 1000 4803 Diospolis
1029 4734 1353 4803 appellatur.

214 4825 490 4898 Lycaonia
525 4824 664 4896 (Act.
698 4825 835 4896 xiv),
870 4826 1146 4895 provincia
1176 4826 1321 4882 Asiae
1350 4836 1473 4883 est:
1502 4837 1558 4883 et
1597 4828 1741 4899 ejus-

143 4921 269 4977 dem
304 4919 545 4974 nominis
571 4920 765 4973 civitas
791 4927 877 4973 est
902 4920 955 4973 in
984 4918 1220 4990 Phrygia
1249 4919 1483 4975 minore.

216 5013 444 5083 Lystra,
471 5011 672 5065 civitas
699 5010 1012 5083 Lycaoniae.

214 5102 385 5175 Lycia
410 5101 551 5173 (Act.
583 5102 775 5174 xxvii),
807 5104 1090 5173 provincia
1118 5103 1284 5158 Asiae.

216 5197 443 5265 Lamo,
474 5196 669 5252 civitas
707 5196 977 5252 littoraria
1004 5195 1184 5252 Creta:
1230 5196 1424 5253 insula
1466 5197 1619 5267 juxta
1657 5198 1743 5254 lo-

140 5308 267 5349 cum
292 5334 307 5357 ,
335 5291 425 5361 qui
460 5299 693 5345 vocatur
725 5290 848 5345 boni
876 5301 1087 5360 portus,
1120 5298 1179 5343 ut
1206 5289 1324 5359 ipse
1364 5290 1539 5345 Lucas
1579 5306 1746 5363 expo-

143 5387 263 5445 nit:
295 5397 397 5456 pro
415 5396 522 5453 qua
548 5383 770 5453 quidam
804 5392 1063 5454 corrupto
1089 5382 1348 5438 Titalassa
1378 5384 1581 5455 legunt.

430 5486 433 5487 '
933 5474 981 5528 Μ

220 5568 371 5625 Mons
412 5562 614 5624 Oliveti
644 5565 712 5622 ad
739 5564 1003 5623 orientem
1047 5565 1434 5637 Hierosolyma;
1454 5609 1468 5634 ,
1500 5577 1749 5626 torrente

222 5709 246 5775 ξ
269 5702 443 5770 idem,
468 5701 614 5758 haud
648 5710 826 5759 tamen
860 5694 1321 5775 recté',_quondam
1346 5705 1563 5775 antiqua
1590 5703 1751 5761 dicta.

224 5772 250 5809 ι’
278 5777 491 5829 Rursus
516 5776 658 5831 idem
686 5817 699 5839 ,
725 5792 840 5839 quae
870 5792 1007 5829 nunc
1038 5772 1325 5844 Diospolis,
1359 5783 1465 5829 etc.

229 5853 250 5881 ε
278 5847 336 5925 in
364 5860 490 5903 meo
523 5861 656 5915 ms.,
693 5845 943 5913 Persida,
978 5846 1436 5918 quemadmodum
1480 5855 1535 5903 et
1562 5847 1630 5903 ab
1664 5846 1758 5919 lsi-

1844 4765 2106 4818 nutritus.

1912 4852 2170 4923 Neapolis
2218 4852 2358 4925 (Act.
2392 4852 2526 4924 xvt),
2555 4854 2751 4909 civitas
2795 4853 3001 4918 Cariae,
3037 4864 3162 4923 quae
3189 4860 3276 4909 est
3308 4867 3438 4923 pro-

1843 4947 2023 5003 vincia
2053 4946 2160 5019 [ΑΙ.
2194 4942 2517 5017 provincias]
2542 4944 2707 5001 Asiae.

2622 5083 2661 5138 P

1922 5197 2107 5253 Parthi
2167 5198 2305 5269 (Act.
2330 5198 2433 5270 tt),
2489 5200 2634 5254 inter
2684 5195 2891 5253 ﬂumen
2941 5196 3343 5265 Indum,quod
3375 5197 3444 5251 ab

1845 5291 2057 5345 oriente
2105 5298 2221 5355 est,
2268 5301 2323 5346 ct
2359 5292 2503 5347 inter
2543 5291 2746 5346 ﬂumen
2788 5290 3033 5360 Tigrim,
3082 5288 3229 5358 quod
3259 5299 3337 5343 est
3374 5289 3443 5342 ab

1852 5398 2081 5448 occasu,
2114 5383 2208 5437 siti
2235 5393 2400 5451 sunt,
2437 5394 2493 5439 ut
2527 5399 2694 5454 supra
2724 5383 2932 5437 dictum
2965 5392 3071 5437 est.

1926 5475 2132 5531 Pontus
2160 5476 2298 5548 (Act.
2325 5475 2465 5548 xm),
2495 5478 2654 5549 regio
2685 5475 2980 5531 multarum
3017 5472 3269 5545 gentium
3298 5474 3449 5544 juxta

1853 5584 2008 5624 mare
2038 5568 2366 5637 Ponticum,
2402 5567 2549 5640 quod
2596 5567 2781 5622 Asiam
2825 5566 3215 5635 Europamque
3258 5562 3455 5619 dister-

1858 5704 2235 5775 doroilispal.
2270 5706 2529 5760 scribitur
2563 5706 2618 5758 in
2659 5712 2826 5758 recto.

1932 5775 1955 5812 (³
1983 5774 2226 5847 Negandi
2263 5777 2522 5845 particula
2550 5775 2599 5829 in
2632 5789 2752 5828 meo
2776 5788 2877 5847 ms.
2898 5788 3018 5847 non
3050 5781 3134 5828 est
3155 5816 3170 5841 ,
3206 5775 3299 5832 sed
3328 5788 3459 5830 con-

1861 5848 2037 5913 trario
2070 5845 2235 5905 Settsu
2271 5847 2494 5915 dicitur,
2526 5847 2701 5901 insula
2734 5845 2995 5917 ignobilis,
3026 5854 3134 5909 etc.
