4006 6326
576 348 597 401 1
610 346 716 401 303

1361 341 1447 392 Al)
1489 336 1729 391 TOMUM
1774 336 1837 391 lll
1878 334 2163 391 OPERUM
2208 336 2266 388 S.
2312 333 2688 388 lllERONYMl
2722 333 3091 390 APPENDIX.

3764 335 3874 392 1504

567 468 741 522 minat
763 484 775 517 :
801 474 855 519 et
887 470 1113 533 prepter
1148 459 1437 529 plurimam
1468 457 1736 509 ostiorum
1766 453 1995 508 Danubii
2023 452 2159 507 infu~
2190 453 2249 531 Α.
2339 449 2468 505 Sina
2500 450 2639 522 (Act.
2676 452 2793 521 vn),
2826 466 2983 507 mons
3017 453 3071 506 in
3116 452 3343 524 regione
3373 452 3615 507 Madian
3642 465 3799 520 super
3821 454 3873 506 A-

568 559 786 613 sionem
812 597 826 620 ,
859 553 1073 608 dulcius
1096 550 1314 606 caeteris
1343 564 1464 604 esse
1488 547 1849 619 dignoscitur.

635 646 959 719 Pamphylia
979 688 993 711 ,
1023 643 1309 714 provincia
1342 642 1515 697 Asiae.

642 738 896 810 Paphus,
960 736 1234 791 maritima
1296 734 1351 787 in
1403 731 1585 803 Cypro
1664 731 1875 797 insula,
1941 730 2169 785 Veneris

564 833 839 905 quondam
871 831 1044 885 sacris
1081 827 1536 895 carminibusque
1567 825 1862 879 Poetarum
1920 822 2128 877 famosa
2150 865 2164 889 ,

567 941 724 995 quas,
762 923 1039 993 frequenti
1102 928 1420 976 terrretnotu
1476 919 1663 990 lapsa,
1720 933 1864 972 nunc
1890 917 2167 972 ruinarum

572 1030 783 1076 tantum
814 1018 1091 1087 vestigiis,
1121 1014 1250 1084 quid
1275 1015 1408 1068 olitn
1438 1013 1635 1076 fuerit,
1668 1010 1929 1066 ostendit.

640 1112 843 1179 Perge,
878 1110 1072 1163 civitas
1105 1106 1443 1177 Pamphylia:
1474 1103 1791 1175 provinciic.

642 1201 882 1271 Philippi
936 1200 1043 1272 [ΑΙ.
1078 1197 1370 1269 Philippis]
1401 1239 1414 1263 ,
1446 1198 1641 1252 civitas
1699 1196 1751 1250 in
1804 1196 1976 1265 prima
2014 1204 2168 1266 parte

572 1297 934 1354 Macedoniae.

641 1392 847 1447 Pisidia
881 1390 1018 1464 (Act.
1051 1405 1166 1455 XVI,
1196 1386 1329 1459 xx),
1362 1385 1649 1454 provincia
1680 1384 1847 1439 Asia}.

643 1488 843 1542 Patara
902 1485 1043 1556 (Act.
1085 1483 1200 1553 χχι)
1230 1524 1244 1549 ,
1278 1482 1478 1538 civitas
1533 1480 1714 1552 Lyciae
1764 1478 2061 1549 provincia:
2116 1478 2167 1532 in

574 1583 724 1637 Asia.

645 1674 952 1729 Ptolemais
981 1673 1119 1741 (Act.
1151 1669 1506 1741 xxr),civitas
1552 1670 1604 1723 in
1657 1668 1843 1723 Judzea
1895 1668 2169 1721 maritima

573 1782 746 1839 prope
781 1776 1021 1820 montem
1055 1763 1370 1818 Carmelum
1392 1805 1404 1824 ,
1432 1778 1555 1832 qua:
1580 1771 1604 1796 ιι
1660 1758 1935 1829 quondam
1978 1774 2006 1811 a
2037 1772 2164 1827 quo-

2270 546 2481 601 rabiam
2530 546 2581 600 in
2617 546 2857 611 deserto,
2885 547 2975 617 qui
3015 546 3127 601 alio
3152 547 3373 602 nomine
3394 544 3646 602 Choreb
3674 546 3878 615 appella-

2268 646 2372 692 tur.
2406 637 2559 693 Unde
2583 638 2783 692 dieitur
2809 654 2823 692 :
2854 637 2920 691 Et
2942 643 3172 708 fecerunt
3202 638 3426 693 vitulum
3457 640 3520 691 in
3546 637 3755 691 Cltorcb
3780 638 3875 709 (Ps.

2270 747 2355 799 cv,
2397 730 2485 801 19)
2523 749 2535 785 :
2570 747 2693 787 cum
2741 731 2843 787 hoc
2890 732 3104 804 Moyses
3149 737 3201 788 in
3250 733 3381 789 Sina
3442 733 3677 787 factum
3738 733 3881 803 scrip-

2271 827 2425 881 serit.

2341 919 2583 973 Saronas
2615 918 2752 990 (Act.
2788 920 2888 988 tv),
2913 920 3058 989 quod
3104 920 3523 987 interpretatur
3574 923 3880 991 campestris,

2272 1011 2422 1079 regio
2472 1021 2557 1064 est
2584 1008 2850 1065 Caesarea:
2903 1011 3229 1077 Palzestinte,
3269 1026 3443 1081 usque
3510 1011 3587 1065 ad
3649 1010 3883 1079 oppidum

2272 1107 2446 1173 Joppe
2474 1104 2805 1174 pertingens.
2839 1103 2906 1158 Et
2947 1116 3030 1160 est
3063 1104 3225 1159 hodie
3250 1105 3404 1159 locus
3431 1104 3755 1175 pascendis
3780 1120 3883 1169 ςτε-

2271 1197 2428 1266 gibus
2453 1206 2609 1264 aptus
2642 1215 2655 1249 :
2688 1211 2808 1266 qua:
2830 1196 2980 1266 juxta
3016 1198 3114 1251 soli
3163 1198 3518 1267 qualitatem,
3565 1197 3737 1250 Petro
3768 1212 3884 1264 prm-

2273 1289 2505 1353 dicante,
2541 1288 2666 1344 fidei
2712 1290 2973 1345 continuo
3028 1291 3235 1345 fructus
3264 1290 3645 1360 germinavit.
3694 1290 3796 1345 Sed
3842 1298 3884 1345 et

2272 1383 2415 1436 inter
2456 1393 2697 1436 montem
2731 1382 2952 1438 Thabor
2979 1393 3034 1439 et
3066 1398 3319 1453 stagnum
3347 1383 3725 1455 Tyheriadis,
3758 1384 3883 1453 regio

2273 1473 2512 1529 Saronas
2540 1476 2869 1545 appellatur.

2346 1568 2511 1624 Sidon
2553 1569 2689 1641 (Art.
2720 1570 2910 1641 xxvn),
2949 1571 3077 1626 urbs
3121 1571 3410 1627 Phoenices
3471 1573 3745 1643 insignis,
3769 1572 3881 1625 olim

2275 1668 2539 1722 terminus
2585 1666 2980 1724 Cananreorum
3028 1669 3095 1725 ad
3143 1670 3486 1739 aquilonem,
3519 1671 3688 1740 juxta
3740 1668 3880 1725 Lilia-

2275 1758 2326 1812 ni
2360 1760 2559 1813 montis
2605 1773 2783 1814 ortum
2817 1760 2918 1815 sita
2944 1804 2958 1827 ,
2996 1771 3019 1798 ο
3048 1770 3101 1816 et
3128 1762 3243 1830 ipsa
3272 1762 3472 1817 artifex
3512 1763 3675 1816 vitri.

572 1836 695 1917 dam
732 1860 1029 1914 Ptolemaeo
1058 1857 1208 1911 dicta
1258 1864 1364 1910 est.
1400 1855 1491 1908 Est
1542 1863 1722 1907 autem
1772 1852 1942 1906 altera
1988 1850 2165 1905 Ptole-
2204 1836 2247 1896 Β
2348 1849 2595 1905 Seleucia
2628 1852 2767 1923 (Act.
2800 1851 2939 1923 xm),
2973 1854 3163 1908 civitas
3205 1854 3375 1925 Syria:
3401 1854 3645 1919 nobilis,
3682 1854 3735 1907 in
3774 1866 3881 1923 pro.

573 1954 713 2009 mais
761 1955 817 2007 in
875 1948 1162 2021 Pentapoli
1190 1948 1477 2020 provincia
1532 1945 1954 2014 Africamcujus
2004 1958 2171 2013 supra

576 2046 821 2102 memini.

644 2138 913 2202 Puteolis,
936 2135 1131 2190 civitas
1155 2134 1373 2189 colonia
1400 2132 1737 2203 Campaniae,
1759 2130 1951 2188 eadem
1975 2129 2174 2184 dicitur

574 2231 854 2287 Ceadicta.

1370 2322 1412 2375 Β

648 2416 819 2471 Roma
857 2416 995 2486 (Act.
1029 2415 1245 2485 xxvtn),
1271 2413 1298 2451 ι)
1330 2413 1497 2467 totius
1548 2410 1823 2481 quondam
1879 2410 2032 2465 orbis
2069 2410 2172 2465 do-

577 2512 723 2565 mina
750 2551 762 2575 ,
792 2526 820 2562 a
849 2508 1151 2563 conditoris
1176 2506 1264 2562 sui
1299 2505 1515 2559 Romuli
1545 2504 1770 2558 nomine
1817 2503 1899 2557 sic
1942 2514 2171 2558 vocata:

576 2619 762 2675 quam,
794 2614 1020 2673 propter
1050 2601 1305 2656 eximiam
1339 2594 1628 2662 virtutem,‘
1654 2597 1902 2667 plerique
1933 2596 2177 2666 Scripto-

580 2712 699 2751 rum
719 2736 735 2760 ,
763 2695 919 2765 quasi
950 2695 1067 2749 sola
1101 2701 1285 2759 esset,
1337 2691 1539 2747 Urbem
1567 2690 1847 2759 appellare
1880 2689 2171 2744 malebant.

648 2787 876 2842 Rhodus
918 2786 1055 2858 (Act.
1089 2786 1225 2853 xm),
1252 2783 1548 2854 Cycladutn
1598 2782 1897 2836 insularum
1947 2780 2176 2835 nobilis-

577 2881 716 2935 sima
736 2922 750 2945 ,
782 2890 837 2933 et
867 2880 935 2932 ab
956 2879 1168 2932 oriente
1199 2875 1375 2945 prima
1396 2914 1411 2940 ,
1444 2873 1719 2943 quondam
1766 2871 2037 2941 Uphiussa
2077 2864 2174 2925 vo-

575 2982 722 3035 cata,
742 2974 796 3026 in
820 2987 925 3040 qua
948 2971 1195 3040 ejusdem
1225 2970 1465 3025 nominis
1497 2968 1628 3023 urbs
1656 2967 1940 3031 fuit,:ereo
1962 2967 2177 3021 colosso

581 3064 814 3126 famosa,
847 3063 1194 3131 septuaginta
1225 3063 1542 3116 cubitorum
1580 3057 1890 3114 altitudinis
1918 3082 1929 3111 ι
1962 3056 2125 3112 distat
2148 3072 2176 3109 a

581 3164 741 3225 portu
770 3153 913 3207 Asim
946 3154 1131 3222 viginti
1160 3153 1410 3206 millibus
1433 3168 1714 3221 passuum.

2277 1943 2550 1997 montorio
2580 1943 2756 2015 Syria:
2778 1945 3082 1999 Antiochia:
3114 1947 3241 2001 sita.

2348 2040 2584 2096 Salamis
2614 2042 2750 2111 (Art.
2796 2048 2937 2110 xm),
2960 2041 3150 2097 civitas
3181 2043 3232 2095 in
3279 2042 3463 2114 Cypro
3498 2043 3721 2107 insula,
3756 2054 3877 2095 nunc

2275 2134 2599 2189 Constantia
2633 2132 2798 2196 dicta,
2830 2148 2992 2203 quam
3038 2134 3257 2203 Trajani
3302 2134 3582 2203 principis
3631 2144 3874 2203 tempore,

2275 2228 2447 2283 Judaei
2489 2226 2801 2282 interfectis
2825 2227 3080 2282 omnibus
3109 2227 3314 2283 accolis
3344 2227 3717 2283 deleverunt.

2346 2320 2723 2377 Samothracia
2761 2319 2897 2390 (Act.
2950 2319 3089 2390 xvr),
3119 2320 3297 2375 insula
3324 2321 3377 2374 in
3407 2320 3718 2376 Pactisiaco
3744 2319 3873 2374 sinu.

2348 2412 2505 2485 Syria
2537 2412 2674 2480 (Act.
2699 2410 2809 2482 xx),
2844 2426 2962 2481 qute
2994 2410 3260 2466 Hehraice
3287 2413 3454 2468 Aram
3477 2411 3717 2474 dicitur.
3743 2410 3875 2481 regio

2278 2512 2360 2559 est
2393 2505 2535 2558 inter
2562 2502 2761 2558 ﬂumen
2808 2502 3119 2572 Euphraten
3148 2513 3203 2559 et
3234 2519 3385 2559 mare
3413 2520 3691 2576 magnum
3720 2519 3871 2569 usque

2279 2598 2344 2651 ad
2373 2596 2668 2667 Egyptum
2703 2598 3035 2667 pertingens,
3055 2598 3219 2653 habet
3245 2598 3519 2653 maximas
3557 2599 3871 2668 provincias,

2280 2690 2664 2754 Comagenam,
2694 2688 3050 2753 Phaeniciam,
3080 2699 3136 2744 et
3171 2690 3523 2745 Palaestinam
3556 2691 3764 2760 absque
3789 2688 3871 2744 Sa‘

2281 2780 2497 2836 racenis
2534 2790 2587 2835 et
2627 2780 2960 2847 Nabathmis,
2990 2797 3220 2851 quorum
3262 2791 3453 2853 gentes
3504 2796 3639 2839 sunt
3686 2780 3871 2837 duode-

2280 2877 2406 2930 cim.

2354 2968 2551 3023 Samos
2593 2968 2729 3037 (Art.
2771 2969 2885 3039 xx),
2934 2968 3109 3023 insula
3146 2968 3198 3023 in
3252 2970 3388 3024 mari
3446 2969 3669 3039 JEgzeo,
3701 2970 3755 3023 in
3781 2981 3870 3037 qua

2282 3072 2495 3130 reperta
2527 3061 2678 3131 prius
2726 3060 2906 3116 fictilia
2931 3076 3058 3115 vasa
3092 3060 3380 3116 traduntur
3417 3080 3429 3115 :
3464 3062 3618 3119 unde
3667 3072 3721 3117 et
3759 3073 3866 3115 vasa

2282 3153 2463 3211 Samia
2495 3155 2766 3223 appellata
2800 3164 2947 3209 sunt.

656 3246 925 3315 Rhegium
958 3242 1095 3313 (Act.
1133 3250 1345 3314 xxvtn),
1376 3244 1570 3298 civitas
1616 3243 1821 3299 Sit-ilia:
1860 3242 2132 3296 maritima
2161 3285 2175 3310 ,
2206 3224 2251 3283 (ἶ
2356 3249 2587 3320 Smyrna
2620 3250 2754 3318 (Aa,
2790 3267 2827 3317 ι,
2859 3250 2942 3321 ιι),
2972 3251 3160 3305 civim
3185 3249 3361 3321 Lycia,
3392 3252 3697 3320 provincia,
3729 3248 3778 3301 in
3806 3246 3867 3299 Α-

582 3340 775 3410 viginti
800 3337 972 3392 millia
994 3350 1251 3404 passuum
1276 3353 1303 3389 a
1329 3337 1709 3406 promontorio
1734 3336 1929 3392 Peloro
1942 3344 2178 3390 secreta:

583 3435 739 3505 cujus
789 3446 987 3486 nomen
1035 3429 1285 3484 Graecum
1335 3431 1732 3497 interpretatur
1781 3429 2069 3481 discretio:
2115 3442 2181 3482 eo

583 3527 729 3598 quod
761 3524 879 3579 hare
906 3523 1110 3579 Sicilite
1141 3537 1268 3591 pars
1296 3522 1571 3590 quondam
1607 3521 1821 3575 Bruttio
1846 3534 1978 3589 agro
2008 3520 2181 3574 Italiae

585 3618 902 3681 cohaerens,
937 3630 1061 3670 mox
1100 3612 1370 3667 interfuso
1402 3614 1540 3667 mari
1582 3613 1654 3668 sit
1685 3613 1902 3677 avulsa,
1946 3610 2181 3681 quinde-

585 3713 690 3768 cim
720 3724 979 3780 passuum
1013 3707 1357 3777 longitudine
1384 3706 1555 3773 freto,
1593 3708 1645 3759 in
1679 3704 1967 3759 latitudine
1996 3710 2180 3757 autem

589 3805 753 3860 modo
779 3804 936 3873 juxta
962 3802 1276 3856 columnam
1308 3800 1572 3870 thegiam
1601 3799 1709 3871 [Αι.
1742 3798 1959 3870 Regio],
1989 3800 2041 3852 in
2074 3811 2184 3867 quo

587 3897 731 3952 freto
778 3904 863 3951 est
911 3896 1170 3964 scopulus
1220 3891 1443 3964 Scylla,
1490 3893 1624 3946 item
1670 3890 1977 3961 Charybdis
2032 3905 2184 3946 mare

594 4002 613 4028 ο
634 3994 966 4045 verticosum
994 4028 1009 4052 ,
1039 3986 1202 4041 ambo
1228 3986 1381 4039 clara
1410 3984 1641 4039 saevitia.

1374 4078 1412 4132 S

660 4177 901 4233 Samaria
949 4177 1088 4245 (Act.
1118 4174 1262 4244 vttt),
1296 4172 1493 4228 civitas
1550 4170 1755 4240 regalis
1807 4171 1859 4224 itt
1910 4170 2079 4226 Israel
2132 4171 2187 4226 in

592 4270 804 4324 vertice
851 4267 1058 4322 montis
1102 4266 1298 4320 Somer
1330 4264 1527 4334 posita.
1557 4261 1665 4318 Sed
1696 4270 1752 4317 et
1788 4263 1969 4317 omnis
1995 4264 2144 4333 regio
2169 4307 2182 4333 ,

590 4380 713 4434 qua:
764 4364 909 4417 circa
964 4376 1085 4416 eam
1123 4360 1264 4425 fuit,
1295 4375 1324 4412 a
1380 4359 1602 4413 civitate
1655 4357 1930 4427 quondam
1984 4374 2185 4415 nomen

590 4462 910 4523 acceperat:
942 4452 1116 4506 media
1161 4453 1302 4506 inter
1331 4451 1575 4505 Judmam
1609 4459 1665 4504 ct
1704 4449 1981 4505 Galilaeam
2019 4451 2182 4521 jacet.

587 4547 718 4602 Haec
747 4550 816 4601 ab
850 4545 1064 4599 Herode
1094 4546 1369 4612 Antipatri
1412 4546 1523 4599 tilio
1552 4545 1605 4599 in
1637 4545 1907 4600 honorem
1960 4548 2187 4616 Augusti

2284 3344 2363 3398 sia
2391 3361 2404 3395 :
2437 3342 2592 3412 cujus
2619 3341 2791 3396 Lucas
2823 3343 2889 3397 ita
2926 3342 3176 3397 meminit
3205 3360 3217 3395 :
3248 3342 3310 3396 Et
3347 3343 3563 3414 pelagus
3610 3341 3798 3395 Cilicia:
3830 3344 3867 3388 et

2287 3435 2615 3506 Pamphylia:
2644 3436 2945 3504 navigantes
2972 3437 3200 3489 venimus
3233 3437 3284 3488 in
3318 3433 3335 3472 ί
3373 3435 3659 3505 Smyrnam
3690 3430 3861 3502 Lycia.

2288 3529 2391 3583 Pro
2420 3544 2528 3597 quo
2553 3526 2718 3598 aliqui
2740 3527 2961 3583 codices
2990 3528 3191 3583 habent
3219 3544 3234 3579 :
3265 3526 3516 3581 Venimus
3543 3529 3600 3580 in
3626 3525 3864 3595 Lystram,

2286 3638 2401 3692 qua:
2430 3631 2503 3675 est
2539 3623 2591 3674 in
2620 3620 2823 3675 Cilicia.
2856 3621 3029 3676 Porro
3075 3622 3438 3693 Hieronymus
3490 3622 3545 3675 in
3590 3618 3745 3674 libris
3775 3615 3864 3669 lie-

2288 3715 2558 3769 hrteorum
2585 3716 2866 3770 nominum
2890 3716 3044 3787 ponit
3064 3714 3369 3787 Smyrnam,
3391 3723 3444 3769 et
3468 3714 3859 3782 interpretator.

2288 3823 2541 3861 amarunt.

2361 3899 2581 3955 Saltnon
2613 3898 2753 3971 (Act.
2797 3898 3214 3969 xxvu),civitas
3262 3898 3535 3954 maritima
3584 3896 3754 3954 Cretae
3798 3890 3865 3944 in-

2292 3993 2448 4048 sulse:
2972 3973 2980 3982 ’

2364 4086 2552 4158 Syrtes
2582 4086 2717 4157 (Act.
2762 4087 2953 4157 xxvn),
2984 4101 3213 4142 arenosa
3256 4088 3309 4141 in
3342 4086 3480 4142 mari
3529 4097 3718 4157 magno
3760 4081 3865 4135 loca

2293 4182 2519 4236 multum
2545 4180 2805 4236 terribilia
2836 4191 2892 4237 et
2913 4181 3224 4249 metuenda,
3252 4197 3317 4237 eo
3341 4182 3485 4253 quod
3526 4181 3589 4235 ad
3612 4194 3671 4233 se
3700 4172 3867 4228 omnia

2291 4274 2529 4345 diripere
2557 4274 2791 4339 soleant,
2819 4284 2872 4330 et
2916 4275 3416 4345 appropinquantes
3448 4273 3550 4347 [Αι.
3585 4262 3868 4339 appropin-

2292 4364 2502 4437 quanti]
2532 4365 2736 4421 vadoso
2763 4367 2901 4420 mari
2942 4367 3208 4422 haereant.
3246 4367 3335 4421 llae
3388 4378 3569 4422 autem
3615 4361 3680 4417 ad
3732 4367 3866 4413 mare

2294 4457 2608 4528 Egyptium
2635 4459 2827 4515 vicinae
2854 4470 3000 4529 sunt,
3033 4468 3090 4514 et
3124 4460 3325 4527 pariter
3349 4460 3732 4515 admiscentur.

2368 4553 2633 4621 Syracusa
2658 4552 2795 4621 (Act.
2822 4554 3031 4623 xxvnt),
3058 4554 3379 4621 metmpolis
3400 4554 3616 4616 Sicilite,
3640 4547 3733 4607 sub
3756 4558 3868 4616 prO‘

588 4639 821 4696 Caesaris
878 4638 1073 4693 GMCO
1115 4637 1339 4691 nomine
1369 4636 1598 4693 Sebaste
1618 4679 1634 4703 ,
1664 4638 1717 4692 id
1750 4646 1834 4693 εει
1855 4679 1869 4703 ,
1900 4638 2136 4710 Augusta
2169 4680 2185 4705 ,
2216 4608 2268 4669 Β
2300 4608 2573 4697 meritorio
2608 4608 2864 4713 Pachyno
2896 4662 2906 4696 :
2936 4608 3203 4714 siquidem
3236 4608 3417 4702 Sicilia
3452 4647 3565 4715 ipsa
3609 4608 3769 4699 tribus
3793 4644 3865 4691 est

589 4743 778 4792 vocata
811 4740 916 4788 CSL

659 4827 877 4885 Sichem
940 4825 1076 4896 (Act.
1110 4825 1229 4891 vn),
1280 4824 1471 4879 civitas
1500 4824 1694 4891 .lacob,
1745 4839 1888 4878 nunc
1937 4825 2194 4895 Neapolis

588 4923 754 4989 dicta,
802 4921 955 4991 juxta
1003 4919 1313 4990 sepulcrum
1370 4919 1592 4990 Joseph,
1628 4934 1749 4988 quae
1780 4935 1809 4972 a
1863 4918 1975 4974 filio
2022 4920 2191 4975 Emor

590 5020 674 5074 sui
706 5018 850 5087 regis
880 5015 1212 5071 vocabulum
1246 5016 1478 5084 sumpsit
1504 5033 1516 5068 :
1544 5014 1705 5083 juxta
1739 5028 1899 5083 quam
1927 5014 2189 5069 Dominus

591 5110 951 5168 Samaritanrc
969 5108 1186 5163 mulieri
1220 5108 1463 5177 loquitur
1486 5104 1595 5160 add
1631 5114 1850 5175 puteum
1887 5105 2017 5159 :ubi
2050 5122 2191 5161 nunc

588 5204 821 5261 ecclesia
856 5202 1117 5257 fabricata
1144 5208 1231 5255 est
1252 5214 1320 5254 ex
1350 5200 1522 5253 latere
1551 5198 1755 5254 montis
1785 5196 2045 5252 Garizim.

667 5334 693 5360 α
731 5323 930 5377 Vocem
960 5319 1222 5390 quondam
1249 5332 1352 5390 ms.
1381 5317 1593 5390 ignorat

664 5396 691 5433 δ
716 5395 865 5449 Mens
898 5387 1000 5444 ms.
1035 5388 1222 5443 addito
1252 5387 1378 5441 urbs
1408 5388 1648 5443 nomine.
1676 5387 1838 5454 paulo
1857 5387 2183 5457 elegantius,

592 5468 778 5527 Roma,
810 5462 929 5516 urbs
957 5462 1112 5515 totius
1132 5458 1397 5530 quondam
1423 5458 1580 5521 orbis,
1614 5468 1720 5512 etc.
1758 5456 2014 5511 Notatu’tn
2048 5473 2186 5513 vero

589 5548 677 5592 est
706 5536 883 5591 doctis
905 5532 1067 5593 viris,
1100 5534 1324 5601 ipsaque
1357 5546 1444 5583 res
1465 5530 1695 5593 clamat,
1725 5543 2062 5596 nequaquam
2089 5530 2185 5601 ahs

594 5609 925 5676 Hieronymo
949 5604 1016 5658 de
1032 5598 1205 5656 Roma
1220 5600 1358 5666 haec,
1375 5610 1429 5655 et
1446 5616 1568 5669 quae
1590 5600 2001 5666 subsequuntur
2020 5598 2185 5653 scribi

633 5680 860 5733 otuisse.

694 5695 860 5731 llISSB.

596 5695 691 5787 po:
714 5748 887 5801 Malim
914 5745 1099 5814 utique
1123 5745 1433 5798 verticosum
1465 5739 1693 5814 rescribi
1708 5753 1818 5814 pro
1849 5739 2179 5814 verticosum.

664 5812 687 5850 η
719 5816 930 5881 Vulgati
958 5810 1138 5881 antea,
1164 5817 1232 5867 nr!
1272 5819 1480 5882 forttmn.
1520 5811 1804 5868 HiStoricae
1821 5810 2035 5865 veritati
2062 5826 2185 5882 pro-

2298 4734 2552 4788 distincta
2598 4733 2988 4803 promontoriis
3020 4751 3030 4786 :
3060 4735 3206 4791 unde
3250 4744 3305 4792 et
3342 4751 3372 4790 a
3405 4736 3655 4807 trianguli
3683 4728 3859 4800 specie.

2297 4824 2573 4880 Trinacria
2601 4825 2876 4895 quondam
2899 4838 3113 4892 vocata,
3142 4842 3269 4883 mox
3292 4844 3319 4881 a
3343 4827 3529 4883 Siculo
3553 4842 3677 4898 rege
3698 4818 3859 4879 Sicilia

2297 4917 2437 4973 dicta
2468 4930 2571 4973 est.
2601 4919 2842 4974 Primum
2869 4923 3300 4988 promontorium
3326 4922 3526 4977 dicitur
3544 4923 3796 4981 Pelorum,
3814 4920 3861 4967 et

2298 5012 2596 5083 spectatad
2627 5014 2939 5082 aquilonem
2973 5033 2985 5067 :
3021 5015 3107 5069 cui
3145 5015 3393 5070 Messana
3424 5015 3618 5069 civitas
3639 5008 3858 5083 proxima

2300 5112 2386 5159 est
2411 5122 2423 5157 :
2453 5113 2507 5159 et
2530 5104 2826 5159 adversum
2847 5120 2914 5160 ex
2939 5104 3090 5160 Italia
3113 5105 3319 5160 dictum
3344 5115 3428 5161 est
3456 5101 3858 5176 promontorium

2299 5194 2507 5265 Genus,
2540 5196 2830 5253 duodecim
2885 5199 3186 5254 stadiorum
3232 5200 3548 5256 intervallo.
3583 5193 3855 5258 Secundum

2307 5316 2428 5387 pior
2455 5317 2560 5387 mei
2593 5332 2693 5371 ms.
2724 5316 2889 5371 lectio
2911 5326 3012 5370 est.

2374 5397 2395 5424 ο
2426 5386 2610 5444 Hocce
2641 5386 3097 5453 additamentum,
3138 5400 3185 5442 et
3213 5390 3326 5458 ipsa
3352 5389 3544 5457 artifex
3571 5388 3704 5454 vitri,
3730 5391 3856 5439 meus

2300 5472 2405 5515 IIIS.
2441 5474 2548 5511 ιιοιι
2590 5470 2852 5518 agnoscu.

2375 5528 2391 5566 τ
2426 5529 2530 5582 Pro
2560 5529 2837 5599 Smyrnam
2867 5544 3018 5581 meus
3050 5544 3153 5582 ms.
3182 5530 3348 5584 habet
3379 5530 3635 5591 Smiram,
3663 5523 3857 5598 propius

2293 5616 2380 5664 eo,
2428 5600 2571 5668 quod
2602 5598 2775 5670 Graeci
2817 5598 2977 5654 codd.
3010 5600 3078 5652 ah
3105 5603 3344 5655 Auctore
3376 5602 3544 5654 notati
3595 5599 3851 5670 praeferunt

2293 5676 2363 5798 gi,-
2392 5672 2560 5798 3113p“,
2594 5669 2838 5741 Myram:
2871 5672 3058 5739 sicque
3092 5670 3323 5727 inferius
3350 5669 3741 5742 Myrrantlegit
3776 5674 3855 5733 pro

2341 5760 2399 5798 me
2430 5758 2595 5797 ruam.

2341 5750 2595 5811 tut/ruam.
