4006 6298
96 321 125 374 ί
138 319 256 376 305

1249 315 1336 370 DE
1377 313 1514 369 Ι)Εο
1554 313 1643 368 ET
1683 311 2057 368 NOMINIBUS
2099 310 2283 367 EJUS.

3289 307 3432 364 1506

85 433 320 490 dicitur
374 435 718 506 Pachynum,
761 432 903 504 quod
951 433 1176 504 respicit
1231 431 1300 487 ad
1351 431 1708 486 Euronotum.
1740 438 1791 498 Α
1820 429 1872 484 in
1898 429 2049 484 brevi
2081 427 2220 482 freto
2240 427 2532 498 aggeribus
2561 426 2919 497 comportatis
2947 443 2960 479 :
2985 424 3144 494 cujus
3183 424 3425 481 maxime

85 525 366 583 Tertium
417 526 724 597 appellatur
762 525 1082 598 Lilybaeum,
1133 524 1409 580 civitatem
1464 523 1714 595 ejusdem
1817 523 2079 580 nobilitas
2110 521 2396 593 conchylio
2426 531 2590 591 atque
2622 535 2860 592 purpura
2889 528 3125 576 constat.

85 619 352 676 nominis
377 618 613 688 habens,
637 629 695 675 et
717 619 968 691 dirigitur
993 619 1047 674 iu
1073 634 1347 674 occasum.

889 801 932 854 T

166 985 383 1040 Tarsus
417 984 555 1053 (Act.
589 981 740 1050 χιιι),
775 982 965 1038 civitas
997 983 1317 1053 metropolis
1339 982 1550 1038 Ciliciae
1578 998 1704 1054 pro—

74 1079 329 1143 vincim,
365 1077 533 1130 Paulo
558 1075 826 1147 Apostolo
849 1076 1115 1144 gloriosa.

157 1171 355 1241 Tyrus
405 1170 548 1240 (Act.
593 1167 731 1239 ut),
766 1168 1088 1239 metrOpolis
1141 1167 1431 1225 thnices
1477 1169 1532 1224 in
1563 1170 1705 1224 tribu

70 1262 758 1334 Nephthalim,vicesitno
784 1276 953 1331 prope
976 1260 1233 1315 milliario
1256 1277 1283 1313 a
1315 1261 1555 1315 Cmsaria
1586 1260 1708 1314 Phi-

63 1357 253 1427 lippi.
285 1356 411 1410 Hecc
454 1355 730 1422 quondam
763 1352 939 1409 insula
991 1353 1095 1409 fuit
1125 1353 1354 1422 prmalto
1391 1352 1553 1418 mari,
1581 1368 1705 1423 sep-

65 1450 363 1520 tingentis
413 1449 665 1518 passibus
711 1446 886 1501 divisa
917 1463 929 1499 :
959 1445 1055 1500 sed
1105 1447 1175 1501 ab
1204 1446 1517 1501 Alexandro
1558 1457 1704 1500 terra

62 1543 388 1597 continens
418 1542 559 1595 faeta
591 1549 694 1607 est,
729 1550 954 1611 propter
995 1540 1487 1610 expugnationem,
1520 1543 1705 1596 multis

704 1677 903 1694 *κ

1889 615 2063 670 Troas
2113 614 2253 687 (Act.
2291 615 2407 680 xx),
2455 613 2651 668 civitas
2701 614 2846 668 Asia:
2884 610 3184 677 maritima,
3231 609 3425 667 eadem

1818 708 2119 780 Antigonia
2143 708 2308 763 dicta.

1889 802 2151 874 Thyatira
2187 800 2326 872 (Act.
2356 801 2488 873 xvi).
2524 801 2719 857 civitas
2767 799 2978 872 Libyae,
3010 814 3130 871 quae
3168 807 3253 854 est
3297 813 3422 869 ιιι-ο-

1817 896 1995 952 vincia
2028 896 2191 962 Asiae,
2230 896 2436 965 templo
2494 897 2766 966 quondam
2820 893 3121 963 Esculapii
3163 894 3370 948 famosa
3402 909 3416 948 :

1812 991 1971 1059 cujus
2002 991 2136 1046 civis
2167 999 2288 1043 erat
2321 990 2410 1044 illa
2441 988 2605 1060 Lydia
2637 988 3048 1066 πορφυρόπωλις,
3084 985 3135 1040 id
3165 995 3271 1052 est,
3291 1001 3421 1056 pur-

1813 1101 1959 1154 pura:
1983 1083 2407 1153 venditrix,qua3
2436 1083 2487 1136 iu
2519 1081 2786 1152 Philippis
2817 1081 2979 1136 Iidem
3003 1079 3204 1136 Christi
3231 1093 3418 1134 susce-

1812 1177 1909 1246 pit.

1882 1268 2277 1323 Thessalonica
2309 1267 2449 1337 (Act.
2478 1268 2612 1338 xvi),
2643 1265 2842 1322 civitas
2875 1255 3229 1321 Macedonia).
3297 1325 3302 1329 _

1882 1359 2180 1413 Theatrum
2211 1358 2348 1428 (Act.
2396 1357 2536 1430 xxx),
2571 1361 2721 1413 locus
2752 1373 2780 1411 a
2831 1357 3145 1428 spectaculo
3177 1356 3417 1412 vocabu-

1810 1451 1920 1506 lum
1953 1461 2233 1518 mutuans,
2262 1452 2406 1521 quod
2439 1453 2492 1506 in
2523 1468 2589 1506 eo
2629 1451 2858 1522 p0pulns
2883 1459 3033 1504 stans
3059 1449 3298 1520 desuper
3329 1457 3416 1503 at-

1808 1559 1915 1615 que
1941 1553 2217 1614 spectans,
2246 1543 2402 1598 ludos
2432 1543 2682 1598 scenicos
2705 1543 3194 1612 contemplaretur.

151 1779 506 1835 Subnectitur
533 1780 585 1834 in
620 1796 734 1834 meo
766 1796 863 1836 ms.
887 1781 1066 1838 istlttec
1087 1783 1222 1836 lectu
1280 1801 1384 1837 non
1436 1784 1678 1858 indigna,
1708 1796 1758 1839 et
1810 1787 2092 1840 maximam
2120 1797 2315 1853 partem
2337 1804 2401 1841 ea:
2429 1787 2752 1859 Hieronymo
2779 1795 3018 1857 excepta,
3054 1785 3301 1841 Hebraici
3333 1785 3416 1840 al-

67 1870 303 1941 phabeii
357 1870 734 1940 interpretatio.
767 1880 874 1924 tum
928 1889 959 1926 α
990 1873 1213 1940 quodam
1253 1874 1516 1943 Symeone
1558 1873 1746 1929 Judteo
1787 1877 2020 1947 exposita
2067 1877 2240 1935 decem
2271 1877 2368 1932 Dei
2400 1881 2628 1942 nomina,
2652 1896 2770 1950 quia
2798 1896 2900 1932 non
2922 1880 3011 1932 abs
3049 1892 3204 1932 reme
3238 1877 3413 1947 factu-

66 1978 200 2016 rum
229 1962 430 2032 putavi,
467 1961 512 2013 si
540 1961 625 2013 hic
654 1961 1012 2033 adiungerent,
1046 1965 1268 2018 maxime
1297 1975 1477 2018 cumet
1503 1964 1622 2032 illa,
1650 1977 1696 2022 et
1743 1968 1902 2022 aliam
1930 1973 2086 2040 paulo
2136 1971 2427 2041 longiorem
2472 1971 2771 2025 earumdem
2804 1968 3090 2024 Nominum
3121 1970 3408 2040 expositio-

69 2069 202 2108 nem
236 2070 273 2106 a
302 2050 612 2105 Martianwo
642 2052 954 2108 incuriosius
979 2053 1173 2108 editam
1213 2064 1351 2109 (omo
1384 2054 1446 2118 V,
1479 2072 1542 2108 ne
1568 2057 1694 2126 quid
1734 2059 2258 2128 desideraretur,huc
2289 2063 2651 2132 trausferri,et
2681 2062 2798 2131 ipsa
2833 2061 3128 2128 scriptionis
3176 2057 3404 2126 indoles,

67 2154 122 2200 at
153 2145 432 2199 institutus
452 2161 483 2197 a
522 2144 667 2198 nobis
714 2145 768 2198 in
796 2144 894 2198 hac
915 2147 1200 2217 digerenda
1225 2147 1530 2203 collectione
1549 2151 1677 2204 ordo
1702 2151 2007 2222 postularet.

937 2259 1318 2324 HEBRAICI
1367 2261 1820 2328 ALPHABETI
1865 2267 2590 2344 INTERPBETATIO.’§

155 2377 200 2424 ts
231 2363 382 2429 Alei,
415 2362 586 2430 mille,
613 2370 638 2399 α
667 2361 750 2417 vel
779 2362 1015 2417 doctrina

157 2471 200 2519 :1
225 2457 390 2523 Beth,
416 2457 620 2511 domus.

159 2561 191 2611 λ
213 2548 390 2604 Gimel
426 2545 536 2620 [ΑΙ.
560 2548 794 2619 Gemel],
831 2549 1142 2615 retributio,
1175 2551 1260 2605 vcl
1294 2553 1582 2621 plenitudo.

157 2651 198 2701 ’τ
232 2639 400 2695 Daled
434 2637 538 2713 [ΑΙ.
572 2639 784 2710 Deled],
817 2656 1051 2711 pauper,
1085 2643 1174 2698 vel
1223 2642 1434 2712 tabulis,
1477 2646 1702 2717 siveja-

86 2750 228 2790 nua.

163 2839 206 2885 Π
233 2825 336 2893 He,
362 2827 502 2897 ipsa,
531 2827 618 2881 vel
645 2827 768 2893 ista,
796 2829 909 2882 sive
937 2829 1262 2899 suscipiens.

165 2928 190 2979 Ἰ
226 2920 370 2985 Van,
401 2931 470 2985 et,
499 2921 637 2990 ipse,
668 2920 786 2975 sive
819 2920 957 2976 haec.

164 3014 356 3072 T'Zain
389 3013 498 3086 [ΑΙ.
530 3013 668 3086 Zui].
701 3015 865 3080 oliva,
896 3016 980 3071 vel
1015 3014 1329 3084 iornicatio,
1363 3018 1492 3072 haec.

166 3122 212 3171 Π
242 3109 402 3174 Heth,
439 3111 562 3175 rita,
597 3110 682 3164 vel
711 3109 998 3164 vivacitas.

166 3218 220 3262 Ὠ
251 3203 430 3259 Thetli
457 3245 470 3268 ,
507 3205 717 3258 bonum.

168 3309 187 3336 “
210 3297 313 3354 Jod
333 3296 439 3369 [AL
470 3296 644 3369 Joth].
670 3296 921 3364 scicntia,
938 3299 1024 3354 vel
1049 3300 1382 3371 principium,
1407 3310 1496 3356 aut
1520 3301 1691 3356 domi-

92 3403 283 3452 l‘IﬂlOl‘.

168 3498 203 3544 ε
233 3483 373 3540 Chai
398 3482 504 3555 [Αἰ.
540 3481 738 3556 Caph],
765 3501 968 3552 manus,
997 3485 1022 3524 δ
1051 3486 1248 3555 palma,
1282 3488 1365 3542 vel
1391 3488 1533 3542 vola.

1733 2383 1782 2442 Β
1885 2381 1907 2412 ο
1938 2356 1971 2430 '7
2002 2371 2228 2438 Lamed,
2259 2371 2532 2438 doctrina,
2561 2371 2678 2427 sive
2713 2371 3016 2442 disciplina.

1877 2476 1928 2525 γε
1951 2465 2112 2530 Mem,
2141 2480 2204 2519 ex
2233 2480 2358 2534 quo,
2394 2465 2479 2519 vel
2502 2481 2567 2518 ex
2596 2465 2744 2532 ipsis.
2770 2464 2885 2517 sive
2915 2477 3074 2531 aqua.

1875 2571 1900 2616 :l
1928 2557 2072 2623 Non,
2097 2555 2123 2592 ἀ
2159 2557 2319 2623 fetus,
2354 2557 2439 2612 vel
2466 2557 2651 2626 piscis,
2685 2557 2802 2610 sive
2831 2555 3251 2624 sempiternuth

1876 2663 1915 2710 D
1935 2650 2190 2716 Samech,
2209 2651 2636 2714 tirmamcntum,
2662 2649 2787 2703 licet
2803 2649 3022 2717 quidam
3043 2646 3406 2716 erectionem,

1806 2746 1896 2802 vel
1925 2747 2266 2819 adjutorium,
2287 2745 2406 2800 sive
2435 2743 2690 2798 fulturam
2722 2749 2932 2813 putant.

1876 2849 1915 2902 ιτ
1941 2838 2064 2904 Ain,
2091 2841 2227 2909 fons,
2256 2839 2371 2892 sive
2403 2836 2603 2890 oculus.

1878 2929 2025 2997 DPe,
2050 2930 2216 2984 immo
2233 2928 2328 2996 Fe,
2356 2945 2411 2982 os
2425 2928 2487 2982 ab
2510 2944 2618 2995 ore,
2643 2943 2745 2981 non
2769 2927 2832 2980 ab
2861 2941 2994 2988 osse,
3025 2923 3404 2994 sivelaqueus,

1806 3022 1892 3078 vel
1922 3022 2197 3093 decipula.

1879 3127 1918 3174 ξιτ
1947 3116 2075 3169 Zadi
2102 3115 2209 3186 [AL
2240 3115 2425 3187 Sade],
2453 3115 2626 3184 regio,
2659 3113 2776 3168 sive
2799 3112 3033 3185 justitia.

1876 3220 1916 3298 Ρ
1947 3207 2068 3275 Cof,
2101 3210 2318 3262 vacatio.

1879 3315 1906 3356 'l
1931 3303 2063 3370 Res,
2094 3312 2270 3374 caput.

1874 3409 1927 3457 ω
1955 3398 2075 3463 Sin,
2103 3399 2303 3451 dentes.

1875 3503 1918 3551 Π
1947 3490 2106 3557 Thai,
2137 3493 2364 3562 signum,
2400 3491 2484 3545 vel
2508 3499 2627 3543 e....

684 3601 1086 3663 SYMEONIS
1127 3604 1378 3665 JUDJEI
1426 3605 1698 3669 DECEM
1744 3607 1878 3669 DEI
1922 3606 2302 3668 NOMINUM
2352 3603 2805 3666 EXPOSITIO.

167 3705 431 3770 Sabaoth,
466 3703 520 3758 id
550 3715 656 3771 est,
692 3704 955 3759 Dominus
986 3708 1273 3774 virtutum,
1305 3708 1568 3764 Dominus
1597 3709 1698 3764 mi-
1726 3712 1771 3774 C
1875 3712 2074 3783 Elyon,
2106 3712 2393 3766 Excelsus.

80 3798 341 3856 litiarum
367 3841 381 3865 ,
416 3796 677 3852 Dominus
709 3797 889 3851 omnia
922 3806 1130 3853 tenens.

164 3891 331 3962 Eloy.
368 3889 528 3946 Deus.

166 3983 446 4048 Saddecb,
470 3983 678 4039 Justus.

167 4083 410 4148 Adonai,
441 4082 728 4139 Dominus.

168 4177 256 4244 El,
286 4175 485 4231 Fortis.

169 4329 196 4355 τι
220 4319 353 4384 Quae
397 4331 498 4372 nos
528 4315 791 4370 vocabula
830 4314 1016 4368 Italico
1039 4314 1356 4369 charactere
1401 4313 1692 4381 descripsi-

93 4406 239 4449 mus.
267 4404 391 4456 cum
424 4388 742 4456 Hieronym.
773 4387 1223 4453 interpretatione
1245 4384 1617 4440 consentiunt.

169 4461 197 4500 ιι
223 4460 428 4515 Vitiose
456 4458 591 4527 legit
613 4457 868 4512 Martian.
895 4457 1070 4527 palpa.

172 4544 192 4572 ε
222 4531 421 4586 lterum
452 4539 730 4599 corrupte,
763 4527 894 4592 Lab,
921 4544 1019 4597 pro
1048 4527 1266 4581 Lamed.

167 4602 194 4640 ἀ
219 4602 362 4659 Idem
395 4599 553 4667 Feta,
587 4598 642 4654 et
672 4599 875 4655 deinde
903 4603 1276 4670 serpentinum,
1297 4611 1398 4667 pro
1430 4598 1696 4669 sempiter-

94 4693 238 4733 num.

1873 3804 2171 3869 Coneacol,
2203 3803 2586 3873 Omnipotens.

1881 3897 1900 3935 ί
1935 3899 2056 3964 Aia,
2097 3896 2198 3964 Qui
2232 3904 2367 3959 erat,
2397 3907 2452 3949 et
2478 3895 2570 3965 qui
2600 3894 2729 3950 erit.

1876 3989 2215 4053 Barucabba,
2247 3986 2575 4042 Benedictus
2609 3997 2778 4056 pater.

1880 4081 2072 4146 Baruc,
2107 4079 2452 4136 Benedictus.

1875 4325 1898 4350 θ
1928 4315 2278 4369 Evannerunt
2303 4312 2356 4367 in
2383 4326 2482 4364 ms.
2516 4325 2637 4364 meo
2664 4309 2857 4363 littera:
2876 4307 3104 4378 alteram
3124 4307 3397 4378 etymolo-

1797 4386 1939 4455 giam
1996 4385 2305 4448 ellcrentes,
2348 4383 2549 4451 vixque
2580 4381 2772 4452 legitur
2805 4380 2916 4432 but.
2945 4377 3291 4431 Martianaaus
3345 4378 3400 4431 in

1801 4458 1914 4511 suis
1938 4456 2148 4522 legerat
2178 4457 2368 4508 subter.

1878 4527 1896 4566 ί
1932 4519 2180 4581 mania...
2216 4526 2314 4577 Aio
2358 4534 2635 4596 :_et_mox
2685 4519 2921 4596 Borucae
2973 4519 3121 4589 legit,
3159 4534 3257 4590 pro
3286 4533 3394 4596 quo

1802 4600 1985 4652 mallet
2015 4596 2218 4652 Baruca
2249 4611 2314 4649 ex
2363 4594 2594 4649 Arabica
2638 4591 3015 4648 terminatione
3050 4610 3062 4644 :
3096 4601 3152 4646 et
3201 4591 3401 4646 rectius

1802 4683 1966 4740 supra
1996 4667 2225 4722 omnium
2253 4681 2538 4737 possessor,
2567 4681 2665 4736 pro
2696 4663 3039 4733 omnipotens.

91 4847 2617 4878 Μ

859 5013 1020 5094 DE
1077 5011 1322 5094 DEO
1378 5011 1531 5093 ET
1588 5007 2251 5094 NOMINIBUS
2312 5003 2630 5090 EJUS.

153 5353 523 5412 Beatissimus
543 5345 932 5417 Hieronymus,
950 5346 1034 5400 vir
1050 5345 1453 5401 eruditissimus
1479 5352 1536 5400 et
1563 5344 1695 5399 mul-

90 5461 256 5504 tarum
290 5447 616 5514 linguarum
643 5438 875 5508 peritus.
910 5438 1262 5493 Hebraeorum
1296 5436 1587 5491 Nominum
1620 5437 1702 5491 in-

92 5537 549 5612 terpretationem
574 5532 782 5602 primus
805 5533 856 5586 in
884 5531 1128 5587 Latinam
1153 5532 1392 5602 linguam
1413 5531 1697 5596 convertit,

97 5633 374 5702 exquibus
408 5643 512 5698 pro
537 5626 807 5681 brevitate
830 5625 1210 5696 praetermissis
1229 5625 1433 5690 multis,
1455 5623 1700 5694 quaedam

99 5725 217 5780 huic
262 5719 427 5793 Operi
474 5716 710 5788 adjectis
748 5711 1292 5787 interpretationibus
1351 5717 1705 5786 interponere

1809 5343 1976 5399 velint
2026 5344 2275 5412 intelligi.
2329 5343 2386 5399 In
2416 5344 2684 5413 principio
2720 5350 2900 5397 autem
2952 5341 3143 5397 decem
3184 5335 3405 5392 nomina

1812 5437 2083 5507 ponimus,
2117 5437 2313 5505 quibus
2341 5438 2484 5507 apud
2514 5437 2773 5492 Hebrteos
2807 5435 2949 5489 Dens
2987 5441 3231 5488 vocatur.

1881 5535 2121 5590 Primum
2162 5534 2315 5605 apud
2349 5533 2605 5590 Hebraeos
2635 5533 2729 5588 Dei
2776 5547 2975 5587 nomen
3017 5532 3121 5598 Ει,
3163 5527 3400 5594 dicitur,

1812 5628 1953 5698 quod
1984 5628 2075 5682 alii
2098 5627 2284 5694 Deum,
2317 5627 2407 5681 alii
2437 5627 2819 5698 etymologiam
2859 5624 2978 5693 ejus
3002 5625 3398 5695 exprimentes,

1811 5721 2036 5778 Schiros
2090 5721 2238 5794 [Leg.
2287 5720 2592 5798 ἰσχυρός],
2647 5720 2700 5775 id
2743 5728 2851 5788 est,
2883 5721 3072 5790 fortem
3127 5720 3403 5788 interpre~

102 5802 1165 5886 studui,vocnbnlbrumenimeitpoSitio
1181 5807 1552 5880 Satisindieat,
1576 5810 1703 5881 quid
1733 5787 1786 5848 Ῑ)
1814 5814 1906 5894 tati
1936 5823 2060 5869 sunt
2087 5787 2110 5865 ἶ
2131 5787 2206 5870 eo
2227 5787 2554 5881 quodnnulla.
2579 5787 2896 5871 infirmitate
2926 5798 3397 5885 opprhuilur,ecd
