4006 6284
640 289 773 348 1307

1420 294 1514 348 AD
1551 293 1794 352 TOMUM
1836 293 1900 353 lli
1941 289 2230 360 UPERUM
2271 301 2330 362 S.
2371 297 2754 363 HIERONYMI
2782 306 3155 364 APPENDIX.

3799 305 3946 398 laesi

633 405 793 462 fortis
836 416 913 461 cst
943 447 958 474 ,
992 413 1045 462 et
1071 401 1366 497 sufﬁciens
1393 407 1459 463 ad
1502 411 1682 465 omnia
1716 409 2106 483 perpetranda.
2137 417 2236 474 Se-
2266 429 2316 488 Α
2343 419 2482 476 misit
2527 437 2605 478 me
2637 423 2706 476 ad
2737 437 2846 489 vos,
2902 427 3174 495 tamquam
3224 419 3279 480 in
3309 425 3430 495 ejus
3461 425 3898 497 comparationem

634 500 870 554 cundum
898 513 1115 566 nomen,
1145 495 1338 558 Econt.
1359 495 1628 572 Tertium,
1652 503 1820 562 ELOE.
1845 505 1999 577 Quod
2024 513 2234 567 tttrum-

628 609 733 664 que
758 593 810 647 in
847 594 1094 648 Latinum
1121 594 1263 649 Deus
1293 595 1512 651 dicitur.
1551 597 1645 652 Est
1679 609 1858 655 autem
1891 601 1942 657 In
1977 602 2230 660 Latinum

631 709 696 750 ex
719 694 906 748 Graeca
932 695 1307 764 appellatione
1332 696 1681 764 translatum,
1717 714 1838 754 nam
1873 697 2015 757 Deus
2043 701 2233 759 Graece

628 777 835 852 Theos,
889 785 1043 842 fehos
1099 786 1257 860 [Lege
1283 783 1455 863 φόϐος]
1513 787 1753 860 dicitur,
1812 787 1863 847 id
1892 799 1998 861 est,
2055 787 2231 849 timor.

630 877 785 936 Unde
823 888 1056 934 tractum
1089 887 1172 937 est
1203 875 1370 948 Deus,
1401 881 1545 952 quod
1573 897 1696 938 eum
1725 884 2036 940 colentibus
2068 888 2138 942 sit
2169 888 2235 943 ti-

633 987 777 1028 mor.
812 972 956 1028 Deus
985 981 1167 1028 autem
1203 973 1420 1044 preprie
1453 987 1650 1030 nomen
1681 985 1764 1031 est
1791 976 2078 1036 Trinitatis
2113 995 2235 1052 per-

636 1068 818 1122 tinens
845 1067 908 1122 ad
941 1065 1154 1122 Patrem
1182 1113 1194 1133 ,
1230 1077 1284 1123 et
1314 1067 1530 1135 Filium,
1567 1078 1622 1125 et
1649 1069 1915 1141 Spiritum
1957 1085 2229 1131 sanctum.

633 1162 714 1217 Ad
742 1178 902 1232 quam
935 1161 1260 1218 Trinitatem
1293 1163 1460 1218 etiam
1506 1163 1734 1235 reliqua,
1767 1181 1888 1236 qua:
1919 1167 1971 1222 in
2002 1167 2233 1226 Domino

635 1254 776 1310 intra
810 1262 938 1308 sunt
968 1253 1141 1324 posita
1179 1253 1439 1310 vocabula
1465 1255 1730 1311 referunt.

711 1349 976 1414 Quartum
1007 1364 1204 1403 nomen
1231 1349 1426 1404 dicitur
1453 1391 1467 1415 ,
1494 1349 1747 1407 Sasaoru
1778 1393 1792 1418 ,
1821 1353 1964 1424 quod
2005 1355 2233 1411 vertitur

631 1444 684 1498 itt
709 1441 986 1506 Latinum,
1023 1443 1360 1496 exercituum.
1389 1446 1527 1500 Sunt
1549 1447 1694 1501 enim
1718 1447 1770 1502 in
1802 1445 2111 1518 hujusmodi
2141 1467 2233 1508 or-

632 1536 919 1591 dinatione
963 1536 1198 1591 virtutes
1241 1536 1450 1605 multat,
1506 1549 1562 1592 ut
1611 1540 1826 1610 Angeli,
1876 1539 2228 1615 Archangeli,

628 1628 999 1700 Principatus,
1035 1639 1090 1686 et
1118 1630 1424 1686 Potestates
1457 1652 1468 1687 :
1498 1635 1788 1704 cunctique
1817 1636 2058 1692 caelestis
2086 1639 2228 1692 tnili-

627 1723 718 1778 tiae
740 1725 982 1790 ordines,
1009 1739 1241 1794 quorum
1261 1734 1441 1779 tamen
1475 1725 1564 1780 ille
1591 1726 1854 1782 Dominus
1876 1737 1961 1783 est
1992 1747 2002 1782 :
2036 1745 2231 1786 omnes

2338 517 2426 586 qui
2457 531 2585 574 vere
2610 527 2717 583 est,
2754 519 2875 588 quia
2911 517 3374 573 incommutabilis
3403 529 3508 584 est,
3544 535 3614 574 ea
3649 535 3767 592 quae
3792 537 3902 577 cont-

2336 611 2618 666 mutabilia
2647 611 2791 666 facta
2819 619 2965 674 sunt,
2996 612 3148 681 quasi
3172 625 3279 666 nun
3310 613 3420 666 sint
3452 629 3466 665 :
3499 613 3654 682 quod
3688 615 3824 668 enim
3848 615 3900 669 di-

2336 705 2478 758 citur
2504 749 2517 771 ,
2546 705 2677 771 luit,
2713 721 2818 758 non
2847 715 2972 770 est;
3004 715 3057 760 et
3082 706 3228 773 quod
3261 705 3486 771 dicitur,
3515 709 3631 762 erit
3655 749 3672 774 ,
3709 709 3902 763 nondum

2337 805 2440 851 est.
2474 795 2620 850 Deus
2649 807 2830 850 autem
2863 812 2988 852 esse
3017 805 3223 850 tanttnn
3254 795 3430 863 novit,
3465 799 3673 864 fuisse,
3703 799 3905 853 futurum

2338 902 2460 943 esse
2511 905 2615 942 non
2667 889 2834 943 novit.
2881 888 3042 945 Solus
3087 901 3268 943 autem
3313 889 3476 945 Pater
3524 905 3658 945 cum
3708 891 3836 946 Filio
3869 905 3907 948 et

2337 981 2540 1051 Spiritu
2569 993 2755 1036 sancto
2786 983 3056 1037 veraciter
3079 987 3200 1049 est,
3231 982 3383 1051 cujus
3414 983 3689 1038 essentia
3728 995 3908 1056 compa-

2338 1087 2511 1131 ratum
2541 1092 2662 1132 esse
2683 1084 2950 1143 nostrum,
2982 1090 3091 1131 non
3117 1088 3239 1130 esse
3269 1079 3372 1130 est.
3406 1071 3568 1130 Unde
3603 1082 3664 1131 et
3696 1077 3749 1130 in
3772 1077 3909 1131 collo-

2335 1171 2464 1241 quio
2494 1169 2748 1236 dicimus,
2788 1169 2918 1225 vivit
2952 1166 3094 1225 Deus
3119 1212 3132 1236 ,
3166 1169 3292 1240 quia
3330 1167 3582 1226 essentia
3618 1171 3734 1225 vita
3764 1171 3907 1238 vivit,

2335 1280 2493 1334 quam
2527 1279 2675 1319 mors
2704 1279 2811 1319 non
2846 1261 3033 1318 habet.

2405 1357 2736 1428 Septimum,
2779 1358 3008 1422 Aoouu,
3040 1355 3183 1428 quod
3227 1356 3568 1427 generaliter
3613 1357 3910 1428 interpreta-

2335 1460 2423 1507 tur
2451 1448 2729 1514 Dominus,
2760 1449 2903 1520 quod
2932 1449 3245 1505 dominetur
3273 1458 3551 1505 creatura:
3585 1459 3821 1517 cunctae,
3848 1452 3908 1505 vel
3972 1489 3973 1504 χ

2334 1543 2480 1616 quod
2511 1551 2757 1598 creatura
2787 1543 2966 1597 omnis
2993 1541 3297 1597 dotninatui
3330 1543 3450 1612 ejus
3493 1542 3802 1598 deserviat.
3829 1539 3907 1597 Do-

2336 1637 2513 1692 minus
2535 1652 2665 1707 ergo
2688 1635 2889 1690 dicitur
2910 1643 2966 1690 et
2988 1635 3152 1701 Deus,
3178 1635 3262 1690 vel
3289 1634 3435 1706 quod
3467 1635 3795 1692 dominetur
3821 1649 3909 1691 om-
3974 1635 3975 1690 ἲ

2336 1731 2521 1797 nibus,
2553 1731 2639 1785 vel
2677 1730 2821 1800 quod
2855 1730 3115 1784 timeatur
3146 1743 3177 1782 a
3205 1728 3438 1782 cunctis.

640 1816 783 1870 enim
820 1814 922 1869 sub
962 1815 1080 1885 ipso
1122 1825 1270 1881 sunt,
1303 1816 1529 1887 ejusque
1567 1817 1872 1874 domittatui
1914 1821 2223 1891 subiacent.
2263 1825 2306 1884 Β
2403 1821 2690 1888 Octavum,
2723 1822 2800 1885 la,
2835 1821 2981 1892 quod
3009 1822 3060 1875 in
3086 1821 3255 1876 Deum
3281 1830 3488 1875 tantum
3519 1822 3769 1891 ponitur,
3797 1819 3910 1892 quod

698 1907 980 1974 Quintum.
1019 1909 1216 1974 Euvou,
1241 1909 1386 1978 quod
1411 1911 1805 1979 interpretatur
1827 1912 2079 1980 excelsus,
2105 1915 2230 1985 quia

631 2013 798 2069 super
829 1999 998 2055 emlos
1022 2010 1129 2064 est,
1162 2002 1305 2055 sicut
1351 2003 1614 2072 scriptum
1644 1995 1727 2059 esi
1755 2004 1822 2059 de
1849 2019 1914 2060 eo
1940 2022 1953 2060 :
1980 2006 2234 2064 Excelsus

629 2092 888 2148 Dominus
915 2110 1078 2164 supra
1103 2095 1255 2148 σωιοδ
1284 2093 1450 2165 gloria
1479 2097 1612 2160 eius.
1652 2097 1912 2153 Excelsus
1945 2109 2126 2155 autem
2149 2101 2206 2156 di

631 2187 775 2241 citur
800 2228 815 2254 ,
849 2202 945 2258 pro
971 2187 1127 2243 valde
1155 2187 1356 2250 celsus,
1399 2190 1541 2243 sicut
1568 2191 1804 2247 eximius
1829 2229 1844 2259 ,
1890 2194 2046 2263 quasi
2075 2195 2232 2250 valde

639 2279 908 2335 eminens.

698 2373 921 2428 Sextum
947 2413 962 2438 ,
997 2363 1189 2438 Euste,
1218 2369 1271 2426 id
1294 2381 1397 2441 est,
1431 2371 1518 2443 qui
1563 2382 1633 2428 est
1677 2391 1695 2428 :
1728 2373 1872 2430 Deus
1903 2373 2050 2432 enim
2082 2380 2234 2436 solus

627 2465 754 2537 quia
777 2473 1019 2521 aeternus
1042 2475 1149 2531 est,
1180 2465 1282 2520 hoc
1304 2474 1408 2535 est,
1440 2465 1564 2536 quia
1588 2465 1878 2524 exordium
1905 2485 2011 2525 non
2043 2469 2231 2541 habet,

630 2559 930 2614 essentium
987 2572 1186 2613 nomen
1218 2573 1347 2614 vere
1394 2566 1564 2614 tenet.
1617 2559 1727 2615 Hoc
1754 2562 1900 2617 enim
1934 2579 2131 2619 nomen
2164 2565 2230 2620 ad

627 2661 878 2709 sanctum
901 2649 1122 2723 Moysen
1149 2667 1244 2722 per
1265 2651 1536 2722 Angelnm
1559 2661 1644 2707 est
1668 2645 1928 2722 delatum,
1958 2658 2233 2726 quaerenti

630 2745 803 2810 enim,
832 2743 974 2814 quod
1007 2753 1091 2798 est
1122 2759 1317 2800 nomen
1342 2743 1484 2814 ejus,
1515 2745 1606 2816 qui
1633 2760 1756 2800 eum
1781 2761 2008 2816 pergere
2037 2749 2228 2817 praeci-

628 2836 821 2906 piebat
859 2836 926 2890 ad
952 2837 1208 2907 populum
1238 2852 1307 2893 ex
1336 2836 1578 2910 Egypto
1609 2836 1978 2906 liberandum,
2003 2847 2232 2910 respbn-

2335 1914 2498 1970 etiam
2530 1913 2748 1968 alleluia
2779 1913 2835 1967 in
2861 1914 3158 1967 novissima
3188 1912 3394 1984 syllaba
3427 1923 3613 1967 sonat.
3976 1980 3977 1990 χ

2407 2008 2643 2074 Nonum,
2669 2006 2853 2062 Terea
2882 2007 3241 2074 Gnauuarou,
3275 2005 3379 2061 hoc
3403 2013 3507 2071 est,
3541 2015 3777 2077 quatuor
3803 2007 3910 2060 litu-

2337 2125 2537 2176 rarum,
2570 2109 2710 2178 quod
2742 2110 2963 2178 proprie
2991 2108 3132 2178 apud
3165 2106 3426 2160 Hebrteos
3455 2104 3510 2158 in
3549 2104 3667 2159 Deo
3701 2103 3910 2172 ponitur.

2339 2203 2391 2258 id
2427 2213 2511 2257 est
2545 2202 2755 2257 duabus
2799 2217 2872 2267 ιλ,
2918 2215 3040 2271 quis
3082 2199 3356 2268 duplicata
3404 2195 3695 2251 incﬂ‘abile
3725 2194 3842 2248 illud
3871 2200 3912 2245 et

2336 2296 2631 2366 gloriosum
2663 2295 2760 2350 Dei
2793 2309 2991 2350 nomen
3019 2291 3262 2348 efﬁciunt
3293 2309 3307 2347 :
3352 2290 3559 2345 dicitur
3588 2300 3774 2344 autem
3802 2285 3912 2340 inei-

2335 2389 2538 2456 l'abilis,
2595 2404 2700 2444 non
2744 2388 2870 2458 quia
2912 2387 3020 2441 dici
3063 2401 3171 2440 non
3225 2391 3426 2454 potest,
3477 2379 3577 2435 sed
3626 2381 3755 2451 quia
3799 2377 3913 2432 ﬁniri

2337 2499 2502 2538 sensu
2531 2493 2585 2538 et
2625 2483 2901 2538 intellectu
2943 2481 3180 2535 humano
3220 2479 3536 2532 nullatenus
3567 2485 3776 2546 potest,
3818 2472 3913 2527 ideo

2333 2577 2467 2632 nihil
2499 2578 2566 2631 de
2607 2593 2673 2630 eo
2703 2576 2866 2646 digne
2913 2574 3018 2628 dici
3067 2581 3273 2643 potest,
3317 2571 3444 2640 quia
3491 2567 3792 2624 ineﬂabilis
3826 2573 3911 2620 est.

2411 2671 2711 2738 Decimum,
2747 2672 2966 2735 SADDAI,
2999 2667 3051 2723 id
3071 2679 3174 2733 est,
3202 2667 3523 2737 omnipotens
3554 2675 3810 2725 vocatur;
3839 2675 3914 2712 vo-

2337 2773 2494 2819 catur
2519 2777 2702 2819 autem
2733 2765 3105 2833 omnipotens,
3131 2760 3255 2830 quia
3279 2759 3461 2813 omnia
3491 2766 3700 2826 potest,
3735 2751 3826 2810 sed
3855 2751 3915 2806 l'a—

2337 2860 2534 2915 ciendo
2561 2859 2706 2930 quod
2731 2858 2847 2914 vult
2869 2900 2884 2924 ,
2915 2872 3021 2913 non
3053 2853 3308 2926 patiendo
3340 2851 3488 2922 quod
3516 2868 3628 2906 non
3652 2849 3794 2905 vult.

624 2929 706 2984 dit
731 2947 742 2982 :
775 2925 887 3001 Ego
913 2947 1026 2984 sum
1049 2933 1138 3000 qui
1160 2949 1313 2987 sum:
1340 2941 1415 2998 et,
1448 2931 1602 2986 Dices
1625 2933 1750 3002 ﬁliis
1780 2929 1952 2987 Israel
1979 2949 1998 2987 .°
2031 2932 2133 3000 Qui
2155 2942 2226 2988 est

627 3042 3893 3071 _________________________________________..

1100 3175 1738 3252 ADMONITIO
1812 3177 1924 3252 IN
1996 3169 2680 3266 SUBSEQUENS
2761 3173 3446 3250 OPUSCULUH.

698 3451 903 3509 Nedum
946 3452 1300 3526 Hieronymo,
1331 3453 1634 3524 Augustino
1660 3455 1825 3511 etiam
1853 3455 2109 3510 tribuitur
2141 3455 2359 3512 libellus
2383 3455 2483 3508 iste
2511 3451 2580 3508 de
2606 3450 3062 3507 Benedictiouibus
3087 3446 3270 3512 Jocob,
3297 3453 3422 3502 eum
3450 3443 3504 3498 in
3536 3456 3700 3509 mss.,
3737 3450 3842 3494 tum
3868 3438 3912 3491 in

623 3549 858 3618 vulgatis
879 3564 1026 3620 saepe
1059 3549 1235 3604 libris.
1266 3547 1534 3604 Nimirum
1565 3563 1628 3603 ex
1655 3549 1941 3618 utriusque
1964 3549 2136 3604 Patris
2171 3547 2555 3617 Quwstionious
2583 3549 2637 3600 in
2663 3546 2903 3601 Genesim
2935 3543 3243 3612 descriptus
3274 3538 3509 3594 subinde
3543 3545 3630 3592 est
3660 3555 3671 3590 :
3706 3545 3759 3590 et
3786 3532 3914 3599 prior

623 3645 844 3715 quidem
873 3646 1147 3715 expositio
1179 3647 1440 3700 historica
1483 3645 1711 3700 totidem
1749 3643 1862 3700 fere
1888 3644 2070 3699 verbis
2093 3661 2159 3698 ex
2185 3644 2516 3714 llieronynto
2549 3642 2816 3710 excipitur
2839 3681 2854 3702 ,
2883 3639 3080 3711 quibus
3113 3635 3368 3691 nonnulla
3399 3649 3464 3686 ex
3494 3631 3800 3702 Augustino
3838 3628 3911 3680 in-

625 3743 1013 3798 termiscentnr
1067 3759 1079 3795 :
1122 3743 1316 3808 altera,
1349 3742 1462 3797 sive
1495 3740 1804 3811 Allegorica
1828 3781 1842 3808 ,
1873 3738 2330 3810 quemadmodum
2371 3737 2462 3792 cll.
2511 3735 2851 3791 Benedictini
2882 3732 3404 3803 Augustinianorum
3431 3741 3662 3795 operum
3691 3723 3912 3778 editores

625 3845 866 3902 monent,
892 3835 1036 3906 apud
1059 3835 1381 3907 Gregorium
1404 3837 1458 3890 in
1482 3835 1636 3890 libris
1656 3833 1941 3889 Moralium
1971 3833 2025 3888 in
2049 3833 2152 3889 Job
2173 3833 2469 3890 invenitur.
2492 3831 2644 3902 Opus
2671 3845 2801 3886 vero
2823 3831 2998 3900 ipsum
3029 3827 3097 3882 ita
3121 3828 3189 3879 ab
3210 3823 3440 3879 Alenino
3462 3821 3908 3882 consarcinatum,

625 3946 735 3986 non
767 3941 848 3986 cst
879 3931 972 4001 qui
1003 3929 1238 3996 dubitet,
1269 3929 1373 3984 sub
1401 3928 1556 4000 cujus
1589 3943 1808 4000 quoque
1839 3929 2062 3984 nomine
2088 3929 2368 3999 vulgatum
2400 3937 2483 3983 est
2526 3928 2576 3980 in
2607 3926 2724 3996 ejus
2753 3939 2982 3995 operum
3013 3919 3336 3977 collectione
3369 3934 3384 3983 ;
3417 3917 3671 3983 tametsi,
3699 3913 3754 3969 id
3783 3909 3912 3983 quod

623 4026 825 4082 laudati
855 4023 1201 4081 Benedictini
1226 4033 1510 4089 annotant,
1546 4033 1778 4094 utraque
1802 4038 1872 4080 ex
1900 4024 2114 4094 Integra
2142 4023 2444 4092 BXpOSiliO,
2469 4021 2562 4076 sed
2597 4020 2788 4075 ordine
2817 4017 3063 4074 nonnihil
3098 4016 3350 4077 diverso,
3380 4021 3543 4082 atque
3573 4012 3778 4080 aliquot
3803 4021 3911 4078 per-

625 4119 850 4174 mutatis
879 4117 1103 4174 vocibus
1128 4116 1387 4171 habeatur
1411 4119 1462 4170 in
1493 4116 1656 4171 tertio
1685 4115 1826 4170 libro
1844 4114 2375 4170 Commentariorum
2400 4115 2453 4169 in
2484 4114 2761 4180 Genesim,
2797 4112 2890 4182 qui
2915 4111 3190 4166 Eucherio
3217 4099 3561 4178 Lugdunensi
3589 4104 3768 4159 tributi
3796 4097 3910 4154 olim

620 4213 760 4268 falso
787 4211 961 4277 fuere,
996 4211 1238 4280 editique
1267 4211 1320 4265 in
1347 4209 1680 4265 Bibliotheca
1705 4208 1947 4263 Patrum.
1973 4209 2112 4276 Quin
2137 4207 2282 4262 aliud
2307 4222 2522 4278 quoque
2542 4204 2784 4276 ejusdem
2805 4204 3168 4274 expositiOnis
3190 4200 3471 4269 exemplar
3495 4199 3750 4263 occurrit,
3775 4191 3909 4264 quod

621 4320 652 4360 a
680 4293 993 4360 Martianmo
1034 4303 1207 4359 Tomo
1239 4303 1280 4360 ν
1316 4301 1860 4377 llicronyntianorum
1890 4312 2141 4372 operum,
2180 4305 2272 4374 qui
2303 4299 2647 4373 supposilitia
2680 4301 2946 4364 continet,
2979 4299 3288 4360 exhibetur,
3325 4295 3644 4364 inscriptum
3672 4290 3909 4347 Benedic-

619 4402 784 4454 tiones
810 4400 874 4455 de
901 4400 1059 4455 Filiis
1084 4402 1273 4469 Jacob,
1298 4413 1354 4458 et
1377 4403 1526 4458 brevi
1561 4400 1977 4458 Prrelatiuncula
2004 4401 2410 4470 praemunitum,
2437 4407 2492 4454 et
2524 4406 2803 4468 postrema
2835 4397 2915 4452 sui
2951 4405 3105 4466 parte
3134 4396 3198 4448 de
3231 4391 3395 4448 verbo
3421 4385 3485 4446 ad
3513 4389 3740 4444 verbum
3773 4403 3834 4441 ex
3857 4379 3906 4438 S.

624 4491 858 4549 Doctore
890 4507 1232 4564 expressum.
1267 4495 1377 4550 Nos
1406 4496 1497 4566 qui
1536 4497 1686 4565 prius
1715 4494 1856 4550 istud
1886 4494 2176 4563 exemplar
2215 4509 2281 4550 ex
2309 4493 2594 4564 Augustini
2618 4492 2858 4548 editione
2887 4507 2918 4546 a
2958 4490 3328 4546 Benedictinis
3365 4487 3624 4542 adornata
3653 4481 3907 4538 describi-

623 4600 765 4650 mus,
794 4594 848 4640 et
877 4585 1238 4656 supposititiis
1269 4587 1584 4660 llieronymi
1617 4589 1836 4659 scriptis
1867 4589 2101 4660 primum
2135 4592 2512 4656 accensenttls,
2545 4585 2774 4642 alterum
2809 4599 3024 4657 quoque
3057 4584 3160 4639 huc
3185 4583 3436 4639 duximus
3460 4576 3903 4640 transferendum,

622 4686 682 4735 ut
711 4695 780 4736 ne
810 4680 938 4752 quid
962 4691 1127 4750 esset,
1170 4682 1315 4752 quod
1340 4683 1463 4753 jure
1484 4700 1512 4738 a
1547 4683 1704 4739 nobis
1726 4683 1922 4741 Lector
1950 4694 2044 4741 aut
2072 4684 2344 4752 eruditus,
2385 4694 2476 4739 aut
2511 4683 2820 4740 ineruditus
2847 4681 3210 4738 desideraret.

1029 4797 1224 4816 In..-

949 4955 1109 5037 DE
1184 4953 2253 5040 BENEDIGTIONIBUS
2323 4953 2708 5039 JACOB-
2766 4952 3594 5040 PATBIABCHZE.

687 5258 828 5328 Quid
857 5256 1264 5328 intelligendum
1293 5258 1462 5313 estde
1495 5257 1987 5324 benedictionibus,
2020 5256 2218 5326 quibus

613 5352 783 5408 Jaeob
800 5351 1109 5422 patriarcha
1133 5351 1411 5408 benedixit
1434 5352 1575 5406 lilios
1594 5367 1722 5407 suos
1743 5367 1835 5406 :an
1863 5350 2124 5407 historice
2137 5350 2221 5406 vel

609 5445 906 5516 allegorice
929 5443 1298 5516 intelligenda:
1324 5446 1452 5512 sint,
1477 5445 1604 5500 dum
1631 5445 1780 5511 dicit,
1805 5444 2222 5517 Congregamini,

609 5537 710 5604 ﬁlii
728 5538 978 5603 Jacob,ut
1001 5540 1303 5592 annuntiem
1329 5540 1469 5592 vobis
1494 5554 1608 5608 qua:
1628 5547 1973 5591 renturasunt
1989 5539 2041 5591 in
2058 5539 2228 5594 novis-

608 5629 754 5685 simis
785 5631 963 5683 diebus
983 5627 1303 5697 (Gengxuv,
1335 5630 1415 5702 ﬂ);
1442 5633 1563 5684 etsi
1596 5623 1810 5685 videtur
1833 5647 1898 5685 ex
1927 5630 2011 5684 his
2045 5629 2224 5686 verbis

611 5721 786 5788 magis
814 5719 1133 5790 allegoriam
1162 5739 1356 5779 sonare
1382 5738 1543 5794 quam
1570 5715 1845 5779 historiam
1869 5723 1891 5778 ?
1913 5719 2218 5793 Utrumque

607 5822 736 5872 vero
762 5848 777 5878 ,
808 5819 864 5868 et
898 5810 1185 5882 historiam
1207 5822 1263 5874 et
1285 5815 1605 5898 allegoriam
1630 5834 1644 5876 :
1669 5817 1957 5901 historiam
1985 5816 2053 5878 de
2071 5815 2215 5874 divi-

2324 5257 2480 5313 sione
2507 5267 2666 5313 terra:
2693 5258 3157 5328 repromissionis,
3188 5274 3305 5329 qua:
3328 5257 3598 5314 divisione
3621 5253 3904 5313 dividendtc

2329 5360 2486 5406 erant
2513 5345 2801 5420 nepotibus
2831 5365 3019 5405 eorum
3053 5369 3064 5403 :
3097 5357 3149 5406 et
3176 5343 3490 5420 allegoriam
3519 5347 3590 5405 de
3632 5347 3838 5406 Christo
3859 5355 3903 5400 et

2325 5439 2394 5498 de
2436 5441 2680 5498 Ecclesia
2730 5442 2782 5498 in
2831 5443 3142 5498 novissimis
3184 5441 3518 5512 temporibus
3563 5439 3762 5498 futura.
3807 5435 3900 5494 Sed

2328 5534 2479 5606 prius
2507 5532 2749 5590 historia:
2785 5531 3132 5590 fundamenta
3183 5531 3427 5604 ponenda
3458 5543 3586 5588 sunt
3611 5577 3625 5600 ,
3659 5545 3716 5589 ut
3742 5534 3899 5606 aptius

2326 5629 2602 5701 allegoriae
2626 5627 2837 5685 culmen
2872 5629 3040 5698 priori
3069 5637 3356 5685 structura:
3385 5635 3806 5700 superponatur.

2397 5721 2578 5777 Ruben
2607 5724 2972 5795 primogenitus
3003 5737 3172 5788 meus,
3216 5731 3268 5777 tu
3309 5721 3561 5794 fortitudo
3610 5739 3741 5790 mea,
3775 5717 3900 5793 prin-

2326 5815 2523 5890 ;ipium
2567 5813 2762 5874 doloris
2795 5813 2893 5869 mei
2919 5829 2936 5867 .’
2963 5813 3108 5884 prior
3141 5815 3194 5870 in
3235 5813 3406 5882 donis,
3459 5817 3634 5888 major
3675 5811 3895 5886 imperio.
