4006 6304
147 346 321 400 1509

1067 342 1158 396 DE
1200 339 1818 399 BENEDICTIONIBUS
1855 343 2069 400 λειϐοΒ
2105 343 2600 400 ΡΛἸἪΙΑΒΟΗΑΕ.

3337 347 3479 403 1510

144 458 402 526 Effusas
416 476 471 514 es
493 460 622 512 sicut
643 474 812 529 aqua;
847 475 945 511 non
968 473 1164 512 crescas
1193 474 1210 510 :
1239 457 1356 523 quia
1383 457 1657 510 ascendisti
1689 474 1777 510 cu-
1806 462 1860 521 Α
1886 459 2221 529 supersedit.
2253 459 2494 516 Ecclesia
2513 477 2579 517 es
2609 463 2920 520 potionibus
2947 445 3296 534 congregata.
3322 463 3478 532 Quod

141 552 276 606 bile
295 552 469 622 patris
485 552 580 617 tui,
606 559 653 605 et
674 549 946 604 maculasti
968 558 1189 604 stratum
1213 553 1324 622 ejus
1348 549 1499 622 (Gen.
1527 550 1768 620 xus,5).

147 655 182 684 ει
219 647 331 702 Est
363 655 541 700 autem
585 659 778 700 sensus
823 644 928 712 hic,
979 653 1033 698 tu
1066 660 1124 700 es
1155 645 1548 714 primogenitus
1581 659 1732 698 incus
1756 683 1772 710 ,

143 738 354 808 major
382 738 436 792 in
463 737 649 793 liberis
673 779 688 805 ,
721 747 776 793 et
805 737 1044 792 debebas
1074 777 1089 804 ,
1118 737 1269 808 juxta
1303 737 1552 792 ordinem
1583 737 1776 791 nativi-

146 830 304 885 tatis
328 839 436 884 tute
466 871 480 893 ,
514 829 913 895 haereditatem,
962 845 1082 900 qum
1115 830 1492 901 primogenitis
1528 830 1652 900 jure
1680 830 1775 886 de-

143 924 444 988 bebatur,
504 925 868 980 sacerdotium
920 926 1174 995 accipere
1229 935 1283 980 et
1333 940 1581 995 regnum.
1661 925 1775 982 Hoc

144 1018 380 1088 quippe
408 1018 459 1072 in
489 1018 756 1087 portando
797 1019 1005 1073 honore
1047 1017 1065 1091 [
1097 1018 1228 1090 Lege
1255 1019 1460 1091 onere]
1487 1029 1543 1075 et
1571 1036 1773 1088 praeva-

144 1109 285 1164 lido
312 1111 512 1166 robore
542 1110 977 1167 demonstratur.
1016 1110 1216 1167 Verum
1257 1114 1381 1182 quia
1413 1114 1691 1180 peccasti,
1720 1125 1774 1168 et

147 1203 331 1274 quasi
353 1218 488 1272 aqua
513 1219 634 1274 quae
666 1204 916 1273 quolibet
942 1207 1165 1260 vasculo
1188 1221 1293 1259 non
1325 1215 1559 1271 tenetur,
1583 1207 1775 1276 volup-

150 1295 302 1350 tatis
356 1295 564 1352 ell‘usus
605 1311 666 1351 es
696 1297 899 1366 impetu
952 1315 964 1350 :
1019 1297 1221 1353 idcirco
1250 1298 1507 1367 praccipio
1548 1297 1675 1364 tibi,
1715 1309 1776 1355 ut

153 1391 320 1445 ultra
355 1405 458 1446 non
497 1406 721 1461 pecces,
751 1392 938 1462 sisque
969 1393 1022 1447 in
1048 1391 1272 1447 fratrum
1303 1409 1547 1460 numero,
1586 1409 1775 1461 pinnas

151 1487 385 1554 peccati
418 1483 597 1550 luens,
629 1483 771 1554 quod
806 1485 1154 1555 primogeniti
1187 1484 1433 1540 ordinem
1465 1483 1769 1554 perdidisti.

149 1574 226 1647 [δ
268 1576 606 1646 Principium
638 1585 818 1632 autem
853 1577 1059 1632 doloris
1103 1586 1186 1632 est
1215 1579 1392 1632 omnis
1434 1578 1771 1648 primogeni-

153 1678 284 1735 tns,
316 1669 441 1740 quia
474 1685 574 1740 pro
624 1685 689 1725 eo
722 1680 1134 1727 commoventur
1165 1673 1376 1727 viscera
1427 1673 1773 1745 parentium]

157 1762 392 1817 Simeon
435 1774 479 1816 et
535 1761 659 1817 Levi
681 1763 900 1833 fratres,
958 1780 1080 1818 uasa
1122 1765 1411 1834 iniquitatis
1462 1764 1706 1819 bellantia
1753 1780 1772 1819 .'

1879 563 2058 606 autem
2091 551 2242 618 dicit,
2290 551 2400 608 Fili
2451 555 2543 621 mi,
2582 565 2604 593 ε
2636 557 3058 614 conversionem
3103 557 3172 614 Id
3201 557 3476 614 Christum

1879 647 1946 702 de
1985 647 2106 717 ipso
2153 647 2294 704 Juda
2338 649 2487 715 facit,
2530 664 2598 705 eo
2638 651 2781 719 quod
2827 651 3077 708 Christus
3107 652 3181 708 sit
3221 653 3477 708 universa

1879 739 2143 795 facturus.
2207 738 2279 813 [ἀ
2311 741 2463 809 Quod
2514 752 2693 797 autem
2752 743 2987 812 dicitur,
3042 745 3166 798 Non
3213 750 3478 818 auferetur

1879 843 2142 900 sceptrum
2188 833 2252 887 de
2300 832 2465 897 Juda,
2517 844 2564 887 et
2596 835 2708 889 dua:
2749 835 2815 890 de
2843 837 3128 907 fautoribus
3159 841 3272 910 ejus
3311 839 3475 894 donec

1877 926 2047 979 veniat
2096 924 2188 980 ille
2231 927 2317 995 qui
2353 927 2632 980 mittendus
2664 938 2772 988 est;
2808 938 2854 982 et
2894 929 3005 999 ipse
3035 930 3131 983 erit
3161 931 3476 1001 exspectatio

1877 1021 2124 1092 gentium,
2157 1020 2426 1090 signiﬁcat
2457 1021 2599 1090 quod
2630 1035 2736 1076 non
2773 1021 3071 1077 deﬁcerent
3101 1023 3376 1092 principes
3404 1022 3474 1080 de

1879 1115 2020 1170 tribu
2051 1113 2188 1170 Juda
2236 1130 2408 1185 usque
2454 1114 2522 1169 ad
2555 1125 2799 1186 tempus,
2829 1129 2936 1184 quo
2970 1125 3131 1170 natus
3161 1122 3246 1169 est
3290 1115 3479 1172 Chris-

1876 1215 1966 1262 tus
1992 1247 2005 1273 ,
2040 1209 2128 1277 qui
2179 1208 2378 1262 missus
2407 1223 2438 1262 a
2478 1208 2641 1264 Patre
2687 1209 3025 1277 exspectatio
3057 1217 3142 1263 est
3167 1208 3476 1280 gentium]

1877 1299 2114 1356 Zabulon
2159 1303 2208 1354 in
2239 1300 2412 1356 littore
2443 1303 2602 1356 maris
2631 1301 2905 1368 habitabit,
2940 1310 2986 1354 et
3032 1301 3087 1355 in
3130 1301 3352 1356 statione
3381 1318 3476 1356 na-

1878 1398 2035 1461 vium,
2088 1397 2386 1467 pertingens
2429 1412 2590 1465 usque
2639 1395 2707 1450 ad
2748 1394 3019 1450 Sidonem.
3050 1392 3270 1448 Isacltar
3298 1394 3476 1448 asinus

1878 1492 2029 1561 [ortis
2083 1489 2340 1544 accubans
2385 1491 2520 1544 inter
2549 1489 2817 1556 terminos,
2872 1489 3000 1542 vidit
3056 1487 3284 1555 requiem
3337 1489 3477 1558 quod

1877 1593 2006 1638 esset
2036 1583 2191 1650 bona,
2220 1593 2268 1638 et
2297 1593 2487 1637 terram
2506 1582 2645 1654 quod
2669 1583 2862 1652 Optima
2891 1598 2909 1637 :
2937 1591 2982 1636 et
3007 1583 3278 1653 supposuit
3299 1581 3481 1636 hume-

1877 1691 1993 1731 rum
2018 1693 2168 1731 suum
2187 1680 2257 1732 ad
2271 1677 2610 1750 portandum,
2636 1681 2904 1749 {uetusque
2925 1687 3000 1732 est
3031 1677 3232 1732 tributis
3253 1677 3478 1731 serviens

1879 1771 2033 1845 (Gen.
2068 1785 2190 1826 λιιι
2213 1813 2229 1840 ,
2268 1771 2378 1843 i3).
2429 1772 2564 1839 Quia
2595 1787 2758 1841 supra
2791 1771 3033 1827 Zabulon
3061 1771 3297 1839 dixerat,
3328 1770 3475 1839 quod

150 1856 218 1910 in
251 1855 529 1910 consilium
551 1873 726 1911 eorum
747 1875 849 1912 non
875 1859 1043 1912 veniat
1081 1859 1257 1912 anima
1297 1874 1430 1926 mea,
1477 1869 1523 1913 et
1565 1860 1620 1913 in
1643 1867 1776 1914 creta
1805 1852 1852 1912 B
1879 1863 2045 1918 maris
2065 1865 2242 1934 magni
2273 1865 2456 1920 littora
2481 1873 2628 1920 esset
2654 1877 3030 1933 possessorus,
3049 1865 3310 1922 Sidonem
3338 1882 3476 1935 quo-

154 1949 387 2003 illorunt
409 1967 510 2004 non
531 1952 595 2004 sit
625 1952 793 2023 gloria
823 1968 935 2007 utea
969 1967 986 2006 :
1011 1953 1134 2018 quia
1162 1957 1214 2005 in
1247 1953 1424 2023 [tirore
1445 1969 1540 2005 suo
1566 1953 1770 2006 occide.

157 2051 295 2096 runt
341 2043 526 2111 uirum,
585 2053 631 2096 et
673 2045 724 2098 in
746 2046 1006 2099 voluntate
1049 2062 1143 2100 sua
1183 2045 1510 2112 suffoderunt
1544 2063 1768 2099 inurunt.

165 2133 492 2188 Maledictits
549 2138 694 2206 [uror
757 2153 979 2202 eorum,
1031 2138 1153 2209 quia
1216 2139 1492 2208 pertinax;
1553 2147 1598 2191 et
1637 2137 1776 2191 indi-

159 2228 352 2297 gnatio
403 2243 617 2295 eorum,
665 2230 787 2298 quia
839 2228 994 2283 (iura.
1046 2228 1297 2282 Dividunt
1350 2246 1438 2284 eos
1483 2230 1536 2282 in
1585 2227 1770 2297 Iacob,

165 2332 223 2377 et
253 2323 548 2394 dispergm
575 2322 697 2377 illos
726 2326 780 2376 in
813 2322 984 2377 Israel
1014 2320 1170 2395 (Gen.
1197 2339 1342 2388 itus,
1379 2323 1459 2395 5).
1495 2323 1777 2394 Signiﬁcat

171 2425 506 2471 autemnon
561 2418 646 2472 sui
698 2418 916 2472 consilii
971 2416 1182 2485 fuisse,
1240 2418 1382 2487 quod
1440 2417 1660 2474 Sichem
1721 2427 1778 2474 et

171 2509 355 2564 Emor
401 2510 702 2567 ltederatos
732 2513 878 2568 viros
920 2514 1334 2577 interfecerunt,
1372 2523 1428 2568 et
1466 2524 1658 2568 contra
1695 2514 1776 2570 las

176 2601 237 2655 in
280 2603 428 2670 pacis
458 2610 514 2657 et
545 2604 910 2660 amicitiarum
944 2611 1192 2676 tempore
1245 2608 1570 2676 sanguinem
1626 2605 1776 2664 fude-

175 2704 311 2748 runt
371 2695 760 2764 innocentem,
813 2707 868 2753 et
915 2699 1069 2768 quasi
1124 2699 1356 2770 quodam
1412 2701 1636 2767 furore,
1698 2702 1778 2756 sic

177 2787 510 2843 crudelitate
539 2793 762 2860 raptati,
807 2808 994 2847 muros
1020 2794 1248 2863 hospitae
1283 2794 1429 2848 urbis
1460 2804 1782 2850 everterunt

181 2882 341 2953 (Gen.
387 2885 587 2953 xxxiv).
626 2884 783 2941 Unde
824 2887 956 2942 dicit
1005 2905 1017 2940 :
1052 2888 1364 2941 Maledictus
1399 2892 1548 2958 [uror
1576 2904 1776 2954 eorunt,

177 2976 305 3046 quia
337 2978 577 3048 pertinax
626 2978 808 3052 (Josue
840 2996 953 3046 ut,
987 2980 1104 3050 20),
1136 2991 1190 3036 et
1221 2983 1448 3051 reliqua.
1480 2981 1546 3034 Et
1579 2983 1781 3051 disper-

178 3086 306 3141 gam
359 3071 481 3126 illos
526 3073 580 3126 in
638 3071 828 3128 Israel.
866 3075 995 3131 Levi
1025 3076 1169 3129 enim
1220 3076 1596 3132 hatreditatem
1656 3089 1781 3146 pro-

180 3162 360 3231 priam
392 3180 499 3218 non
542 3168 775 3235 accepit,
815 3169 910 3224 sed
943 3169 996 3224 in
1028 3169 1281 3225 omnibus
1312 3173 1545 3240 sceptris
1578 3186 1778 3240 paucas

1878 1972 1984 2026 que
2009 1965 2062 2012 et
2112 1957 2351 2027 reliquas
2400 1957 2688 2012 Pbteniccs
2719 1958 2886 2012 urbes
2933 1959 3302 2028 contingeret,
3331 1972 3478 2014 nunc

1877 2049 1944 2103 ad
1977 2048 2431 2105 mediterraneum
2473 2049 2808 2118 provinciam
2842 2048 3002 2115 redit,
3036 2059 3090 2104 et
3117 2049 3354 2114 lsachar,
3384 2047 3477 2120 qui

1875 2144 2024 2213 juxta
2046 2142 2393 2212 Nephthalitn
2421 2142 2842 2212 pulcherrimam
2867 2143 2920 2197 ln
2945 2141 3168 2199 Galiltea
3196 2142 3475 2211 regionem

1879 2252 2232 2307 possessurus
2259 2245 2366 2303 est,
2395 2235 2777 2296 benedictione
2808 2250 2903 2290 sua
2927 2234 3292 2290 habitatorem
3320 2234 3476 2290 facit.

1880 2331 2102 2387 Asinum
2135 2342 2314 2386 autem
2364 2343 2584 2386 osseum
2620 2332 2703 2386 vel
2735 2331 2926 2385 fortem
2959 2335 3152 2394 vocat,
3193 2336 3250 2385 et
3281 2328 3477 2384 hume-

1879 2437 2001 2479 rum
2031 2423 2163 2478 dicit
2210 2424 2563 2494 supposuisse
2607 2424 2676 2479 ad
2729 2423 3089 2494 pertandum;
3141 2423 3270 2494 quia
3312 2422 3365 2476 in
3398 2423 3478 2476 lat-

1881 2517 2012 2572 bore
2037 2527 2194 2572 terra:
2219 2526 2274 2572 et
2303 2514 2567 2573 vehendis
2593 2517 2660 2572 ad
2692 2527 2859 2584 mare,
2894 2531 3013 2587 quae
3046 2517 3096 2570 ln
3131 2515 3324 2570 ﬁnibus
3357 2514 3476 2571 suis

1881 2610 2268 2675 nascebantur,
2319 2611 2606 2680 plurimum
2652 2609 2948 2676 laboraret,
2997 2609 3212 2679 regibus
3255 2621 3476 2678 quoque

1880 2703 2082 2756 tributa
2114 2712 2489 2772 eomportans.
2525 2702 2692 2756 Aiunt
2725 2702 2934 2758 llebraai
2979 2711 3074 2773 per
3098 2701 3476 2772 metaphoram

1880 2797 2217 2867 signiﬁcari,
2275 2797 2423 2867 quod
2476 2796 2785 2865 Scripturas
2847 2804 3063 2852 sanctas
3135 2795 3206 2851 de
3259 2795 3349 2851 die
3415 2805 3478 2851 ac

1883 2898 2043 2946 nocte
2092 2890 2368 2946 meditans
2411 2890 2650 2946 studium
2681 2903 2839 2944 suum
2872 2888 3084 2945 dederit
3121 2889 3185 2942 ad
3219 2888 3474 2942 laboram-

1882 2980 2007 3035 dum
2049 2998 2060 3034 :
2089 2991 2143 3036 et
2195 2981 2399 3036 idcirco
2428 2981 2476 3034 ei
2505 2991 2697 3034 Omnes
2727 2980 2996 3044 serviunt,
3028 2979 3182 3048 quasi
3217 2977 3479 3048 magistro

1881 3074 2021 3128 dona
2054 3081 2358 3143 portantes.
2410 3071 2528 3126 Dan
2561 3072 2824 3144 judicabit
2868 3071 3115 3144 pOpulunt
3142 3085 3316 3137 suum,
3348 3070 3482 3124 sicut

1885 3173 1930 3218 et
1963 3165 2069 3219 alia
2101 3166 2262 3219 tribus
2285 3167 2338 3219 in
2361 3163 2550 3218 Israel.
2574 3161 2697 3217 Fiat
2720 3163 2836 3217 Dan
2858 3163 3067 3218 coluber
3093 3163 3145 3216 in
3181 3163 3284 3226 via,
3311 3175 3481 3216 ceras-

183 3255 353 3310 urbes
383 3257 449 3310 ad
474 3257 888 3314 inhabitandunt
917 3262 1128 3317 habuit.
1176 3263 1249 3317 De
1275 3239 1531 3318 Simeone
1557 3239 1685 3316 vero
1719 3264 1771 3317 in
1802 3239 1845 3299 (ἶ
1881 3269 1955 3313 tes
1978 3260 2028 3311 in
2061 3260 2272 3324 semita,
2305 3259 2544 3312 mordens
2574 3257 2796 3328 ungulas
2825 3256 2962 3328 equi,
2988 3266 3042 3309 ut
3067 3257 3217 3310 cadat
3241 3271 3484 3309 ascensor

179 3349 325 3404 libro
350 3351 476 3406 Jesu
509 3354 778 3422 scriptum
803 3365 884 3408 est
919 3354 1102 3428 (Josue
1131 3371 1247 3419 XIX,
1281 3355 1356 3426 i),
1392 3355 1534 3425 quod
1564 3366 1618 3410 et
1662 3357 1776 3426 ipse

182 3446 465 3512 preprium
487 3446 786 3503 laniculum
809 3464 919 3504 non
944 3451 1239 3519 acceperit;
1266 3451 1358 3504 sed
1384 3451 1448 3503 dc
1479 3452 1618 3504 tribu
1637 3451 1776 3507 Juda

178 3539 438 3608 quiddam
481 3545 756 3613 acceperit
787 3562 799 3596 :
828 3543 991 3610 Iuda,
1024 3554 1070 3598 te
1111 3544 1397 3598 laudabunt
1439 3547 1621 3614 fratres
1675 3548 1770 3613 tui,

180 3649 367 3686 manus
399 3642 501 3687 tute
527 3635 581 3688 in
626 3636 911 3689 cervicibus
957 3637 1283 3689 inimicorum
1321 3646 1558 3701 tuorum;
1591 3637 1777 3691 adoras

177 3727 304 3781 bunt
325 3737 374 3780 te
386 3729 484 3794 ﬁlii
507 3729 667 3799 patris
690 3728 1022 3783 ttti.Catulus
1045 3730 1204 3784 leonis
1233 3727 1403 3792 Juda,
1425 3731 1493 3782 ad
1522 3731 1772 3797 prmdant,

175 3819 257 3890 ﬁli
299 3821 388 3886 mi,
421 3821 720 3889 ascendisti,
764 3823 1086 3891 requiescens
1133 3823 1413 3877 accubuiin
1468 3833 1522 3876 ut
1575 3824 1674 3886 leo,
1729 3833 1775 3876 ct

175 3913 325 3981 quasi
347 3911 530 3968 letena.
558 3914 684 3981 Quis
710 3915 978 3969 suscitabit
1007 3933 1125 3970 eum
1153 3915 1304 3987 (Gen.
1343 3931 1494 3981 suit,
1527 3915 1619 3985 8)?
1641 3914 1773 3979 Quia

174 4005 317 4060 Juda
357 4005 630 4062 confessio
672 4007 787 4062 sive
817 4008 936 4063 laus
968 4009 1388 4076 interpretatur,
1438 4013 1586 4062 recte
1639 4006 1776 4060 scri-

175 4099 326 4152 bitur
355 4097 423 4153 de
449 4099 586 4153 Juda
607 4137 620 4162 ,
655 4097 1048 4167 Conﬁtebuntur
1079 4100 1171 4153 tibi
1201 4103 1388 4172 fratres
1409 4140 1421 4162 ,
1460 4100 1540 4153 vel
1589 4097 1774 4152 lauda-

174 4189 298 4244 bunt
330 4199 396 4244 te.
443 4191 510 4245 Et
540 4190 667 4246 licet
705 4192 774 4246 de
821 4191 1043 4247 Christo
1071 4192 1278 4263 grande
1324 4192 1645 4263 mysterium
1679 4189 1770 4258 sit,

175 4293 351 4340 tamen
382 4286 684 4341 secundum
719 4287 956 4342 litteram
983 4288 1278 4357 signiﬁcat,
1306 4288 1448 4358 quod
1476 4302 1571 4357 per
1596 4287 1771 4343 David

172 4378 397 4446 stirpem
427 4386 831 4447 generarentur
862 4395 1041 4450 reges,
1072 4385 1127 4434 et
1147 4380 1293 4446 quod
1320 4379 1613 4434 adorarent
1644 4385 1770 4434 eum

173 4487 363 4529 omnes
395 4475 589 4530 tribus.
623 4475 740 4531 Non
772 4476 918 4532 enim
963 4477 1060 4541 ait,
1091 4475 1191 4529 ﬁlii
1237 4474 1426 4529 matris
1464 4485 1601 4540 tute;
1647 4474 1768 4542 sed,

174 4565 268 4635 ﬁlii
296 4567 464 4634 patris
485 4568 582 4622 tui.
616 4568 680 4622 Et
710 4568 853 4638 quod
882 4568 1154 4638 sequitur,
1181 4567 1262 4620 Ad
1284 4565 1533 4636 prtcdam,
1568 4567 1646 4635 ﬁli
1672 4567 1762 4633 mi,

170 4658 448 4714 ascendisti
480 4657 657 4729 (Psal.
688 4637 838 4714 ιιινιι
860 4700 875 4726 ,
913 4637 1006 4728 iii)
1032 4695 1047 4725 ,
1083 4658 1324 4714 ostendit
1364 4674 1487 4713 eum
1519 4661 1765 4727 captivos
1793 4637 1846 4701 Ῑ)

170 4748 396 4818 populos
435 4765 560 4806 esse
591 4751 902 4816 ducturum,
925 4759 980 4806 et
1017 4751 1171 4820 juxta
1214 4750 1630 4816 intelligentiam
1678 4765 1766 4806 sa-

169 4841 461 4898 cratiorem
493 4844 811 4900 ascendisse
842 4845 896 4899 in
927 4844 1123 4910 altum,
1168 4853 1222 4899 et
1248 4844 1516 4914 captivam
1544 4845 1768 4901 duxisse

170 4936 544 5006 captivitatem
576 4936 794 5008 (Ephes.
827 4951 906 5003 tv,
936 4937 1012 5007 8).
1045 4936 1172 4992 Sive
1200 4935 1344 5004 quod
1372 4935 1566 4992 melius
1597 4945 1764 5005 puto,

171 5027 454 5096 captivitas
499 5026 838 5096 passionem,
886 5039 1152 5082 ascensus
1182 5027 1662 5090 resurrectionem,
1697 5027 1773 5080 si-

173 5121 406 5190 gniﬁcat.
442 5120 680 5193 Alligans
711 5122 781 5174 ad
812 5121 1014 5174 vineam
1038 5122 1240 5190 pullum
1257 5135 1431 5185 suum,
1456 5129 1504 5174 et
1527 5121 1595 5174 ad
1616 5121 1766 5174 uitem

174 5216 363 5270 asinam
391 5229 538 5268 suam
568 5214 752 5287 (Joan.
792 5230 892 5280 ιιι,
924 5214 1038 5283 14).
1073 5215 1226 5282 Quod
1261 5215 1514 5271 videlicet
1554 5215 1757 5284 pullum

173 5311 353 5374 sime,
386 5309 471 5364 cui
504 5310 817 5378 supersedit
843 5311 1024 5375 Jesus,
1055 5308 1159 5364 hoc
1203 5319 1306 5372 est,
1340 5309 1624 5377 gentilium
1658 5322 1752 5378 po-

173 5403 368 5475 pulum,
430 5402 604 5458 vinete
647 5403 1059 5474 Apostolorum,
1117 5402 1208 5470 qui
1262 5417 1326 5454 ex
1370 5400 1570 5454 Judaeis
1604 5408 1752 5466 sunt,

174 5495 532 5565 copulaverit;
555 5503 611 5551 et
634 5495 700 5551 ad
724 5499 914 5560 vitem,
937 5495 1072 5560 slve,
1097 5503 1155 5549 ut
1177 5494 1230 5548 in
1253 5493 1481 5548 llcbrtL-o
1506 5494 1755 5558 habetur,

175 5588 388 5655 Sorecb,
426 5590 478 5644 id
501 5598 608 5658 est,
633 5591 850 5646 electam
873 5590 1048 5654 uitem,
1077 5585 1384 5659 alligaverit
1411 5588 1646 5657 asinam,
1672 5589 1758 5644 cui

244 5738 263 5800 9
291 5725 366 5784 Ex
389 5729 740 5800 Hieronymo,
770 5721 867 5785 lib.
897 5729 1102 5797 Quarst.
1139 5730 1190 5784 in
1216 5729 1414 5785 Cenes.

243 5799 266 5838 δ
290 5801 412 5874 llmc
437 5799 649 5858 uncinis
683 5803 889 5874 inclusa
918 5819 1024 5856 non
1054 5813 1177 5856 sunt
1211 5801 1546 5874 Hirronymi.

246 5882 265 5928 ρ
294 5872 512 5942 llicron.
542 5884 599 5955 ett
620 5891 725 5938 ms.
753 5873 972 5933 Corbei.
1003 5873 1352 5947 apostmphen
1381 5872 1448 5931 ad
1469 5877 1638 5947 ipsum
1661 5875 1761 5940 Ju—

1882 3355 1994 3422 ejus
2024 3362 2183 3406 retro.
2220 3352 2468 3408 Salutare
2499 3362 2641 3406 tuum
2671 3353 2974 3425 exspectabo
2993 3391 3010 3421 ,
3044 3349 3267 3406 Domine
3307 3349 3470 3424 (Ibid.

1885 3446 1950 3500 iﬁ
1983 3456 2030 3499 et
2081 3446 2270 3517 seqq.).
2307 3447 2537 3502 Samson
2573 3446 2744 3515 judex
2782 3445 2836 3500 in
2869 3445 3033 3500 Israel
3064 3443 3134 3498 de
3176 3443 3316 3498 tribu
3365 3443 3479 3498 Dan

1881 3539 1984 3593 fuit
2022 3538 2174 3610 (Jud.
2228 3554 2346 3606 ιιιιι,
2399 3538 2476 3609 2).
2509 3538 2622 3592 Hoc
2646 3554 2776 3610 ergo
2806 3538 2936 3593 dicit
2967 3546 2980 3590 ι
3011 3536 3166 3590 Nunc
3201 3536 3392 3589 videns
3423 3537 3478 3590 in

1877 3631 2081 3700 spiritu
2117 3641 2328 3685 comam
2364 3631 2574 3684 nutrire
2603 3630 2925 3685 Samsonem
2955 3627 3266 3683 Nazurazum
3301 3636 3478 3694 tuum,

1880 3729 2149 3796 οίεείειιιιυ
2195 3727 2445 3782 hostibus
2489 3725 2868 3792 triumphare,
2905 3723 3049 3792 qttod
3084 3725 3136 3778 in
3168 3707 3482 3777 similitudi-

1881 3835 2003 3874 nem
2033 3819 2245 3873 colubri
2275 3818 2559 3887 regulique
2587 3814 2844 3871 obsidens
2869 3815 2982 3869 vias
3005 3815 3215 3870 nullutn
3249 3829 3343 3885 per
3368 3824 3478 3869 ter-

1879 3925 1993 3964 rant
2043 3909 2212 3963 Israel
2257 3909 2494 3963 transire
2538 3908 2819 3976 permittat
2861 3922 2875 3959 :
2921 3904 3016 3960 sed
3058 3906 3222 3960 etiam
3263 3905 3308 3960 si
3353 3905 3476 3974 quis

1881 3999 2230 4066 temerarius,
2252 4001 2452 4054 virtute
2473 4013 2567 4054 sua
2588 3998 2744 4071 quasi
2764 3995 3198 4065 velucitatcequi
3218 3995 3480 4065 conﬁsus,

1878 4109 1998 4148 eam
2023 4093 2264 4148 voluerit
2294 4091 2570 4162 prmdonis
2591 4103 2742 4146 more
2784 4090 3061 4161 populari,
3085 4101 3194 4144 non
3237 4087 3480 4158 eﬁ‘iigere

1878 4187 2103 4243 valebit.
2136 4188 2334 4244 Totum
2361 4195 2545 4241 autem
2581 4201 2678 4256 per
2709 4185 3087 4254 metaphoram
3119 4185 3393 4252 serpentis
3423 4191 3479 4239 et

1877 4281 2079 4352 equitis
2105 4280 2372 4351 loquitur.
2411 4279 2618 4336 Videas
2644 4291 2773 4348 ergo
2795 4286 2903 4332 tam
2934 4277 3125 4332 fortem
3159 4276 3478 4332 Nasarteum

1879 4385 2052 4439 tuum,
2083 4373 2230 4444 quod
2261 4374 2378 4443 ipse
2419 4382 2643 4442 prepter
2685 4371 3033 4426 meretricem
3077 4375 3329 4425 mortuus
3352 4379 3435 4425 est
3459 4411 3476 4439 ,

1874 4477 1929 4523 et
1959 4468 2204 4524 moriens
2244 4473 2462 4520 nostros
2503 4463 2706 4519 occidit
2745 4463 3003 4520 inimicos
3033 4462 3188 4536 (Iud.
3217 4461 3472 4536 “1,29),

1877 4563 2088 4632 putavi,
2119 4575 2152 4615 ο
2180 4560 2348 4625 Deus,
2397 4559 2575 4627 ipsum
2606 4573 2727 4613 esse
2751 4556 3032 4613 Christum
3068 4557 3238 4612 lilium
3273 4568 3423 4613 tttum
3459 4571 3474 4611 :

1872 4669 2058 4713 verum
2091 4657 2217 4727 quia
2248 4662 2497 4710 mortuus
2536 4661 2643 4720 est,
2673 4663 2728 4708 et
2760 4667 2870 4708 non
2898 4652 3223 4720 resurrexit,
3255 4660 3311 4707 et
3348 4667 3472 4705 rur-

1871 4765 1989 4805 sum
2039 4749 2236 4805 ductus
2293 4756 2378 4804 est
2417 4741 2585 4802 Israel
2617 4745 2671 4801 in
2712 4747 3106 4816 captivitatem,
3153 4745 3297 4799 alios
3339 4743 3474 4800 mihi

1871 4843 2118 4899 Salvator
2160 4839 2342 4898 mundi
2372 4884 2385 4908 ,
2416 4849 2471 4896 et
2515 4840 2621 4894 mei
2653 4838 2875 4908 generis
2905 4836 3304 4906 priestolandus
3333 4845 3416 4890 εει
3445 4873 3461 4903 ,

1873 4943 1932 4990 ιιι
1969 4935 2155 4989 veniat
2207 4934 2295 4989 cui
2344 4933 2649 5004 repositum
2689 4939 2809 4995 est,
2852 4938 2911 4985 et
2966 4931 3088 4999 ipse
3126 4930 3468 4999 erspeCtatlo

1868 5029 2132 5099 gentium.
2168 5027 2285 5082 Gud
2314 5029 2572 5081 accinctus
2605 5023 3084 5093 prreliabitur'ante
3115 5032 3252 5090 eum,
3287 5032 3332 5078 et
3363 5025 3479 5096 ipse

1872 5121 2169 5193 accingetur
2223 5129 2503 5173 retrorsum
2555 5113 2714 5190 (Gen.
2768 5127 2918 5184 mit,
2978 5116 3093 5188 i9).
3151 5115 3470 5186 Signiﬁcat,

1871 5215 2014 5284 quod
2070 5213 2206 5279 Call,
2274 5213 2482 5276 Ruben,
2537 5221 2595 5266 et
2639 5211 2864 5266 dimidia
2907 5210 3086 5266 tribus
3120 5203 3366 5264 Manasse
3401 5207 3469 5264 ad

1875 5309 2037 5373 ﬁlios,
2072 5321 2213 5377 quos
2257 5314 2406 5361 trans
2444 5305 2736 5362 Jordanem
2769 5307 2822 5360 in
2865 5305 3272 5374 possessionem
3305 5301 3468 5358 dimi-

1876 5409 2047 5467 serat,
2071 5411 2196 5472 post
2227 5401 2638 5472 quatuordecim
2681 5411 2854 5454 annos
2877 5406 3181 5461 revertens,
3216 5397 3464 5467 prndium

1871 5496 2136 5550 adversus
2173 5509 2270 5550 eos
2295 5493 2536 5564 gentium
2573 5494 2871 5548 vicinarum
2925 5492 3130 5561 grande
3173 5490 3461 5562 repererit,

1869 5595 1925 5645 et
1956 5588 2117 5644 victis
2163 5586 2410 5644 hostibus
2448 5584 2666 5640 fortiter
2696 5583 3058 5640 dimicaverit.
3092 5583 3236 5656 Lege
3275 5583 3464 5640 Jesum

1862 5734 1982 5788 dam
2013 5735 2159 5799 facit.

1935 5805 1960 5844 ἀ
1993 5804 2113 5864 Non
2139 5817 2267 5880 sunt
2292 5806 2408 5864 haec
2435 5804 2774 5883 Hieronymi.
