4006 6330
526 356 660 415 1511

1295 355 1390 411 AD
1430 352 1678 410 TOMUM
1717 352 1784 407 lll
1822 350 2111 408 OPERUM
2154 350 2214 408 S.
2259 349 2643 407 HIERONYMI
2685 349 3054 408 APPENDIX.

3732 353 3858 409 1519

521 477 671 533 Nave
721 473 905 546 (Iosue
941 488 1062 541 xui,
1113 473 1172 545 7)
1225 482 1281 528 et
1336 473 1790 543 Paralipomenon
1834 472 1882 541 (l
1931 471 2114 526 Paral.
2146 473 2353 533 Asunt
2407 473 2623 543 eloquia
2677 473 2772 529 Dei
2834 473 3014 546 (Rom.
3047 489 3130 542 ιιι,
3183 473 3265 544 2),
3320 482 3377 528 et
3432 471 3773 542 legislatio,
3816 483 3861 526 et

519 586 574 634 γ,
609 565 687 634 1).
723 565 1033 636 Neptltalim
1063 607 1078 633 ,
1120 582 1300 620 cervus
1342 567 1559 620 emissus
1611 566 1741 619 dans
1773 565 1981 636 eloquia
2007 565 2126 634 pul—

528 659 883 724 chritudinis;
923 661 1040 714 sive
1101 658 1448 728 Nephthalim
1490 676 1616 730 ager
1645 678 1648 686 ’
1674 661 1902 732 irrignus
1969 657 2120 728 (Gen.

527 771 678 820 χιιι,
718 754 839 826 21).
895 754 1197 826 Utrumque
1228 754 1502 825 signiﬁcat
1534 754 1823 809 Hebraeum
1864 751 2122 820 verbum,

528 864 690 904 AIALA
738 861 947 902 SELUIIA
989 846 1033 918 (1
1072 846 1256 900 Paral.
1320 845 1514 916 v,H).
1564 845 1846 915 Signiﬁcat
1901 853 2123 908 autem,

526 941 675 1013 quod
703 929 876 1012 aquae.
901 941 1093 996 calidas
1140 942 1252 1013 ipsa
1287 949 1586 996 nascantur
1619 940 1758 994 tribu
1790 980 1806 1007 ,
1839 941 1955 994 sive
1983 937 2128 1009 quod

529 1052 697 1108 super
736 1038 913 1091 lacum
959 1035 1205 1091 Genesar
1254 1037 1462 1091 ﬂuento
1511 1033 1767 1089 Jordanis
1813 1043 1961 1090 esset
2008 1032 2130 1086 irri-

528 1147 632 1202 gua
685 1131 806 1203 [Αι.
853 1130 1155 1202 irriguos].
1192 1130 1404 1184 llebrzei
1453 1138 1635 1183 autem
1667 1128 1860 1182 volunt
1907 1138 2130 1198 propter

530 1223 918 1296 Tyberiadem,
952 1240 1072 1294 quae
1103 1224 1266 1294 Legis
1297 1222 1586 1278 videbatur
1614 1221 1817 1276 habere
1844 1221 2128 1285 notitiam,

531 1333 722 1388 agrum
754 1315 1018 1382 irriguum
1047 1360 1061 1383 ,
1089 1325 1146 1370 et
1186 1315 1398 1384 eloquia
1433 1312 1860 1384 pulchritudinis
1893 1312 2129 1382 prophe-

530 1411 660 1465 tari.
701 1408 908 1464 Cervus
954 1417 1137 1465 autem
1184 1408 1416 1462 emissus
1462 1418 1842 1475 temporaneas
1866 1404 2050 1475 fruges
2080 1413 2135 1460 et

527 1501 874 1558 velocitatem
909 1512 1072 1556 terra:
1107 1499 1378 1555 uberioris
1407 1499 1673 1554 ostendit.
1709 1498 1817 1553 Sed
1861 1498 2058 1552 melius
2085 1497 2131 1551 si

530 1597 597 1652 ad
627 1595 931 1652 doctrinam
964 1594 1270 1651 Salvatoris
1293 1603 1483 1648 cuncta
1519 1592 1848 1653 referamus.
1879 1590 2024 1661 quod
2058 1591 2131 1645 ibi

529 1691 617 1745 vel
684 1689 924 1743 maxime
972 1687 1229 1743 docuerit
1282 1686 1570 1752 Salvator,
1619 1697 1676 1738 ut
1726 1685 1779 1739 in
1842 1681 2132 1753 Evangelio

532 1780 754 1856 (Matth.
803 1797 879 1846 ιν,
932 1780 1020 1852 15)
1063 1795 1281 1850 quoque
1324 1779 1588 1844 scriptum
1630 1788 1735 1833 est.
1786 1775 1960 1830 Filius
1992 1792 2132 1830 meus

2229 565 2666 633 Testamentum,
2691 567 2807 622 sive
2841 567 3156 636 promissio.
3190 567 3297 622 lste
3328 565 3532 636 major
3593 565 3862 632 imperio;

2228 656 2414 728 utique
2448 673 2545 725 pro
2569 659 2940 729 magnitudine
2972 660 3171 715 virium
3196 659 3321 730 quia
3347 659 3670 730 copiosius
3716 668 3866 712 επιε-

2225 751 2304 806 ris
2329 751 2381 805 in
2413 751 2513 806 hoc
2534 753 2740 807 Saecula
2769 753 3003 824 populus
3036 754 3180 809 idem
3206 755 3486 824 regnavit.
3536 750 3776 806 Eﬂ'usus
3799 761 3867 806 est

2229 854 2410 898 autem
2442 845 2588 899 sicut
2610 861 2773 915 aqua,
2809 846 3085 915 peccando
3117 847 3170 901 in
3201 844 3527 913 Christum,
3558 860 3702 915 qua:
3752 858 3866 897 vasa

2230 937 2356 992 culo
2379 952 2485 992 non
2521 948 2738 993 tenetur
2769 957 2781 992 :
2815 940 3113 1008 voluptatis
3143 938 3349 994 eﬁ‘usus
3399 947 3501 994 est
3540 939 3791 1007 impetu,
3825 947 3872 991 et

2232 1033 2440 1087 idcirco
2471 1032 2700 1100 addidit,
2731 1033 2882 1088 Ultra
2910 1050 3009 1087 non
3042 1043 3270 1100 crescat;
3299 1034 3423 1103 quia
3464 1031 3870 1103 populusipse

2233 1134 2518 1192 postquam
2552 1124 2603 1177 in
2630 1124 2890 1178 universo
2911 1124 3046 1178 orbe
3075 1123 3357 1193 dispersus
3382 1132 3502 1188 est,
3572 1121 3756 1177 valde
3784 1119 3875 1174 im—
3961 1113 3963 1130 ⁵

2232 1214 2470 1268 minutus
2497 1225 2598 1269 est.
2634 1215 2744 1270 Sed
2791 1230 2959 1284 quare
2982 1214 3110 1268 talia
3159 1216 3382 1280 meruit,
3441 1215 3531 1269 ita
3604 1213 3871 1284 subjecit:

2235 1307 2369 1374 Quia
2401 1308 2683 1362 ascendisti
2709 1307 2876 1362 cubile
2903 1310 3069 1378 patris
3088 1310 3183 1364 tui.
3214 1309 3636 1379 Primogenitae
3696 1319 3870 1363 autem

2233 1402 2412 1473 plebis
2443 1403 2724 1456 audaciam
2758 1402 3016 1470 praedicat
3043 1445 3057 1470 ,
3091 1419 3211 1473 quae
3243 1404 3496 1460 ascendit
3559 1403 3762 1458 cubile
3791 1418 3876 1471 pa-

2233 1498 2330 1552 tris
2362 1497 2467 1558 sui,
2495 1506 2548 1551 et
2569 1497 2863 1552 maculavit
2918 1506 3150 1553 stratum
3189 1499 3329 1566 ejus,
3368 1497 3618 1568 quando
3676 1511 3873 1566 corpus

2235 1590 2594 1654 Dominicum,
2630 1591 2682 1645 in
2703 1607 2810 1662 quo
2844 1590 3126 1660 plenitudo
3151 1591 3465 1645 divinitatis
3541 1594 3871 1659 requiesce-

2233 1681 2572 1750 bat(Coloss.
2604 1698 2664 1748 ιι,
2698 1683 2774 1753 9),
2833 1691 3052 1752 raptum
3105 1684 3157 1737 iu
3205 1698 3371 1737 cruce
3422 1682 3770 1752 suspendit,
3825 1691 3871 1736 et

2234 1774 2381 1830 ferro
2413 1776 2854 1831 commaculavit.
2886 1777 3097 1831 Simeon
3119 1788 3168 1831 ct
3189 1775 3310 1830 Levi
3341 1780 3541 1846 fratres
3565 1817 3584 1841 ,
3626 1775 3873 1828 vaccini-

529 1869 735 1941 Joseph
779 1887 1077 1926 accrescens
1104 1913 1119 1936 ,
1155 1870 1298 1940 ﬁlius
1328 1887 1472 1923 meus
1503 1885 1800 1923 accrescens
1835 1878 1882 1921 et
1913 1869 2128 1921 decorus
2159 1856 2207 1917 Β
2231 1872 2442 1942 quitatis
2473 1871 2718 1924 bellantia
2752 1871 2908 1942 (Gen,
2945 1887 3092 1936 χιικ,
3121 1873 3203 1939 5).
3240 1873 3341 1925 Per
3374 1870 3626 1925 Simeon
3661 1882 3723 1926 et
3750 1869 3873 1924 Levi

533 1973 747 2036 aspectu
765 1981 784 2030 ;
817 1963 941 2033 ﬁlia:
969 1963 1306 2018 decurrerunt
1358 1978 1511 2031 super
1535 1977 1778 2025 murum;
1799 1960 1888 2014 sed
1917 1975 2133 2028 exaspe-

531 2063 774 2110 raverunt
805 2071 952 2120 eum,
979 2064 1027 2108 ct
1064 2056 1268 2128 jurgati
1310 2064 1458 2119 sunt,
1491 2053 1884 2124 invideruntque
1931 2053 2012 2105 illi
2040 2053 2133 2104 Ita-

534 2152 706 2204 bentes
745 2149 950 2221 jacula.
984 2147 1132 2202 Sedit
1159 2148 1213 2200 in
1242 2147 1367 2216 [orti
1411 2162 1562 2200 arcus
1593 2148 1730 2216 ejus,
1773 2154 1820 2197 et
1877 2144 2134 2202 dissoluta

536 2251 658 2296 sunt
703 2241 912 2296 vincula
941 2239 1274 2295 brachiorum
1322 2249 1367 2294 et
1419 2255 1670 2293 manuum
1723 2241 1836 2311 ejus
1878 2256 1969 2308 per
2024 2255 2136 2292 ma-

539 2352 639 2390 nus
697 2335 921 2407 potentis
974 2332 1162 2388 Iacob.
1224 2333 1357 2387 Inde
1389 2342 1568 2404 pastor
1597 2347 1832 2404 egressus
1879 2341 1954 2385 est
2002 2332 2137 2403 lapis

530 2426 726 2484 Israel.
791 2425 946 2498 (Gen.
1007 2441 1154 2492 xux,
1199 2424 1318 2496 ‘22.)
1367 2425 1412 2479 0
1470 2424 1569 2490 ﬁli,
1612 2422 1851 2492 Ioseph,
1885 2424 1978 2492 qui
2030 2433 2138 2477 tam

535 2520 768 2591 pulcher
797 2534 880 2585 es,
912 2527 970 2573 ut
1018 2529 1070 2574 te
1100 2526 1211 2572 tota
1252 2517 1323 2572 de
1369 2516 1538 2571 muris
1580 2524 1637 2570 et
1682 2515 1924 2571 turribus
1967 2529 2032 2569 ac
2063 2516 2142 2570 fe-

538 2613 744 2670 nestris
773 2612 1078 2682 puellarum
1116 2609 1335 2681 Egypti
1371 2608 1531 2663 turba
1561 2618 1894 2679 prospectet,
1931 2607 2142 2662 invide~

537 2719 667 2764 runt
709 2707 843 2773 tibi,
875 2718 929 2763 et
958 2706 1025 2760 ad
1070 2703 1408 2759 iracundiam
1457 2714 1510 2758 te
1560 2710 1998 2773 provocaverunt
2039 2701 2145 2756 fra-

537 2813 652 2860 tres
701 2803 808 2866 tui,
870 2801 1130 2856 habentes
1185 2797 1375 2852 livoris
1413 2797 1756 2866 sagittas,et
1803 2796 1907 2851 zeli
1949 2795 2146 2864 jaculis

534 2897 828 2952 vulnerati.
899 2895 1101 2950 Verum
1159 2907 1344 2947 arcum
1392 2900 1543 2945 tuum
1575 2898 1628 2945 et
1670 2905 1820 2944 arma
1867 2887 2146 2959 pugnandi

546 2987 772 3058 posuisti
817 2987 871 3041 in
913 2986 1060 3040 Deo:
1095 2985 1185 3055 qui
1220 2984 1379 3038 fortis
1401 2991 1487 3039 est
1513 2990 1786 3054 pugnator
1817 2999 1829 3034 :
1856 2991 1910 3036 et
1934 2980 2148 3034 vincula

539 3091 657 3145 tua,
689 3081 889 3149 quibus
921 3091 973 3134 te
1005 3079 1202 3134 fratres
1223 3079 1552 3149 ligaverunt.
1587 3075 1792 3146 abipso
1821 3077 1995 3130 soluta
2026 3081 2153 3128 sunt

445 3167 448 3169 Α
545 3181 603 3228 et
629 3173 900 3240 disrupta,
927 3181 988 3224 ut
1023 3187 1088 3225 ex
1117 3181 1214 3225 tuo
1259 3172 1468 3226 semine
1504 3170 1680 3225 tribus
1713 3179 1971 3224 nascatur
2005 3168 2150 3236 Eph-

2236 1963 2446 2018 Scribaa
2476 1973 2533 2018 et
2555 1963 2820 2019 Pharisaei
2850 1973 2905 2019 et
2927 1964 3244 2019 sacerdotes
3289 1962 3509 2018 Judaici
3567 1963 3772 2033 populi
3801 1962 3875 2014 in-

2239 2058 2581 2128 telliguntur.
2613 2057 2691 2112 De
2720 2056 2976 2113 Simeonc
3003 2057 3148 2113 enim
3174 2057 3385 2114 Scriba:
3416 2065 3593 2112 erant
3655 2055 3876 2110 Judaeu-

2241 2167 2384 2216 rum,
2413 2150 2482 2206 de
2507 2151 2647 2205 tribu
2671 2166 2803 2206 vero
2843 2151 2970 2206 Levi
3017 2152 3289 2222 principes
3341 2151 3738 2214 sacerdotum,
3791 2147 3874 2218 qui

2239 2244 2528 2299 consilium
2559 2243 2828 2308 fecerunt,
2859 2253 2918 2298 ut
2943 2243 3128 2299 Jesum
3163 2243 3291 2298 dolo
3317 2252 3588 2299 tenerent
3622 2252 3686 2298 et
3736 2241 3877 2296 occi-

2240 2335 2452 2393 derent.
2483 2337 2558 2391 De
2611 2350 2723 2406 quo
2751 2337 2986 2392 consilio
3033 2336 3194 2391 dicit:
3241 2335 3304 2389 In
3352 2338 3650 2391 consilium
3703 2349 3872 2389 eorum

2241 2445 2304 2483 ne
2324 2431 2690 2483 eeniatanima
2717 2446 2852 2483 mea.
2888 2429 3162 2484 Horrebat
3218 2431 3365 2484 enim
3409 2438 3570 2484 tanta
3629 2427 3869 2490 scelera,

2243 2539 2366 2592 quae
2423 2521 2742 2578 novissimis
2790 2522 3132 2592 temporibus
3189 2523 3386 2577 facturi
3455 2531 3629 2577 erant
3679 2519 3872 2576 Judmi.

2248 2615 2384 2681 Quia
2400 2617 2453 2669 in
2479 2619 2655 2686 furore
2678 2630 2772 2669 suo
2800 2615 3097 2668 occiderunt
3117 2615 3300 2680 virum,
3321 2614 3374 2668 id
3397 2622 3504 2678 est,
3553 2614 3871 2675 Christum,

2247 2707 2439 2778 dequo
2470 2707 2702 2762 dicitur:
2740 2706 2871 2761 Ecce
2898 2709 2976 2761 vir
3001 2709 3173 2762 oriens
3201 2723 3386 2761 nomen
3419 2707 3535 2778 ejus
3565 2705 3767 2777 (Zach.
3799 2718 3866 2767 vr,

2255 2800 2364 2868 12).
2392 2802 2457 2856 Ει
2493 2802 2624 2856 alibi
2651 2819 2664 2854 :
2698 2800 2916 2855 Femina
2940 2801 3455 2855 circumdabitvirum
3474 2799 3707 2868 (Jerem.
3731 2813 3868 2860 xxxt,

2249 2897 2367 2963 22).
2416 2896 2756 2962 Sit/foderunt
2813 2913 3038 2961 nutritur,
3096 2895 3147 2950 id
3193 2904 3302 2961 est,
3347 2896 3503 2949 illum
3553 2893 3866 2962 Spiritalem

2253 2989 2608 3043 fortissimum
2642 3004 2882 3056 murum,
2913 2989 3005 3058 qui
3021 2988 3258 3043 custodit
3293 2987 3484 3048 Israel.
3517 2987 3722 3040 lancea
3747 2998 3870 3038 con-

2253 3080 2528 3137 foderunt.
2585 3080 2899 3135 Maledictus
2946 3081 3094 3149 furor
3145 3096 3355 3147 eorum,
3405 3081 3531 3149 quia
3571 3078 3864 3150 pertinax:

2258 3173 2445 3242 utique
2494 3173 2718 3244 quando
2773 3173 2958 3227 furore
3006 3174 3224 3228 accensi
3263 3180 3319 3227 et
3372 3171 3476 3237 ira,
3545 3171 3867 3225 obtulerunt

541 3265 684 3321 raim
712 3237 874 3319 fortis
907 3270 962 3317 et
991 3263 1228 3328 stabilis,
1264 3272 1318 3317 et
1359 3263 1537 3316 instar
1563 3262 1760 3332 lapidis
1798 3262 2040 3317 durioris
2071 3261 2155 3316 in-
2180 3237 2223 3299 Ο
2257 3237 2532 3321 Christum
2560 3265 2755 3321 Pontio
2779 3265 2954 3320 Pilato
2973 3266 3254 3321 dicentes:
3279 3265 3572 3335 Crucilige,
3603 3261 3862 3330 cruciﬁgc

543 3359 710 3423 victa,
745 3359 1023 3424 imperans
1056 3368 1272 3423 quoque
1293 3354 1482 3409 decem
1513 3354 1768 3408 tribubus
1800 3354 1992 3408 Israel.
2021 3353 2157 3407 Ben-

545 3453 733 3524 iamin,
759 3450 912 3514 lupus
943 3465 1130 3517 rapax,
1155 3464 1306 3501 mane
1337 3448 1565 3502 comedet
1590 3448 1846 3514 prwdam,
1873 3457 1921 3500 et
1949 3463 2157 3517 vespere

546 3546 740 3601 dividet
789 3545 959 3616 spolia
1009 3541 1166 3613 (Gen.
1217 3541 1512 3612 x1.1x,2'l).
1567 3539 1740 3608 Quam
1790 3540 1857 3596 de
1905 3542 2155 3610 apostolo

544 3636 849 3704 Pauloqum
862 3635 1004 3690 dicta
1031 3647 1159 3690 sunt.
1178 3634 1317 3705 (Act.
1339 3649 1457 3699 vm,
1475 3634 1527 3698 '5;
1548 3631 1670 3686 Gal.
1692 3631 1878 3704 1,15),
1898 3632 2158 3688 manifes-

549 3717 764 3784 tissitﬁa
794 3727 866 3781 sit
894 3726 1204 3796 prophetia,
1232 3725 1489 3780 omnibus
1516 3732 1688 3795 patet,
1719 3723 1862 3794 quod
1919 3725 1972 3778 in
2024 3723 2156 3778 ado-

527 3819 811 3874 lescentia
837 3827 1158 3888 persecutus
1180 3817 1252 3872 sit
1276 3815 1603 3882 Ecclesiam,
1633 3816 1685 3869 in
1713 3822 1996 3870 senectute
2021 3831 2159 3884 prae-

545 3910 762 3966 dicator
789 3910 1069 3981 Evangelii
1093 3909 1283 3965 fuerit.
1306 3909 1522 3964 Hebraei
1555 3919 1738 3964 autem
1769 3908 1842 3962 ita
1875 3907 2154 3962 dixerunt:

543 4005 738 4060 Altare
786 4004 842 4059 in
887 4019 994 4073 quo
1026 4003 1458 4059 immolabantur
1499 4001 1699 4056 hostias
1729 4011 1785 4057 et
1812 4001 2158 4069 victimarum

560 4096 785 4166 sanguis
816 4095 882 4150 ad
909 4095 1084 4150 basim
1117 4096 1266 4150 illius
1299 4093 1624 4149 fundebatur
1649 4135 1664 4158 ,
1707 4095 1761 4149 in
1800 4103 1954 4164 parte
1985 4094 2160 4148 tribus

553 4188 841 4256 Beniamin
871 4188 1014 4252 fuit;
1041 4189 1164 4252 hoc,
1193 4189 1467 4258 inquiunt,
1494 4187 1788 4258 signiﬁcat,
1813 4188 1956 4256 quod
1980 4203 2162 4243 sacer-

549 4281 706 4336 dotes
720 4281 1005 4336 iinmolant
1023 4297 1181 4337 mane
1196 4283 1419 4347 hostias,
1437 4280 1502 4336 ad
1517 4295 1800 4351 vesperam
1815 4281 2157 4347 dividuntea,

547 4388 671 4440 qum
688 4374 790 4427 sibi
808 4389 874 4428 ex
888 4373 1034 4444 Lege
1048 4375 1240 4430 collata
1262 4383 1406 4439 sunt,
1431 4376 1611 4444 lupum
1627 4373 2063 4442 sanguinarium,
2082 4375 2163 4428 lu-

553 4480 681 4536 pum
705 4479 956 4520 voracem
991 4481 1154 4536 super
1177 4467 1365 4521 altaris
1397 4467 1852 4538 interpretatione
1872 4476 2161 4534 ponentes,

551 4567 609 4613 et
638 4558 936 4626 spoliorum
965 4560 1258 4615 divisorem
1291 4576 1455 4629 super
1488 4559 1886 4623 sacerdotibus.
1922 4561 2011 4630 qui
2042 4575 2160 4616 ser-

553 4651 768 4706 vientes
784 4650 962 4718 altari,
982 4653 1166 4707 vivunt
1186 4653 1254 4708 de
1273 4651 1453 4706 altari.
1476 4661 1501 4688 ει
1526 4653 1652 4707 Haec
1675 4664 1857 4708 autem
1878 4652 2159 4708 historice.

631 4742 966 4814 Spiritaliter
997 4752 1177 4798 autem
1212 4745 1264 4798 in
1297 4743 1486 4799 Ruben
1519 4745 1719 4813 prioris
1743 4746 1928 4813 populi
1951 4745 2169 4802 Juda'o-

556 4854 676 4893 rum
710 4837 949 4892 ostendit
980 4852 1104 4893 esse
1135 4852 1450 4907 personam,
1483 4838 1571 4893 cui
1603 4853 1632 4892 a
1696 4839 2160 4910 Domino'dicitur,

556 4928 726 4986 Israel
741 4933 1120 5002 primogenitus
1143 4948 1289 4987 meus
1311 4931 1468 5002 (Gen.
1499 4949 1644 5002 mx,
1676 4932 1756 5004 5):
1784 4936 1984 4988 etenim
2013 4935 2164 5004 juxta

564 5023 712 5093 quod
746 5024 1107 5094 primogenita
1153 5025 1474 5091 debebatur,
1534 5025 1705 5094 ipsius
1755 5035 1873 5082 erat
1920 5028 2169 5096 accipere

562 5113 930 5170 sacerdotium
967 5125 1023 5171 et
1047 5133 1297 5187 regnum.
1327 5117 1581 5185 Additur,
1598 5126 1652 5171 tu
1667 5119 1827 5172 virtus
1840 5119 2160 5187 mea(Exod.

561 5222 641 5271 tv,
675 5207 794 5277 22).
829 5208 1026 5279 Utique
1055 5209 1198 5278 quod
1224 5225 1288 5264 ex
1318 5211 1439 5280 ipso
1490 5209 1691 5279 populo
1746 5209 2161 5265 fundamentum

561 5299 716 5366 fidei,
748 5315 814 5355 ex
843 5300 966 5376 ipso
991 5301 1168 5355 virtus
1196 5302 1313 5366 Dei,
1348 5302 1436 5370 qui
1483 5310 1568 5356 est
1619 5299 1890 5368 Christus,
1947 5301 2170 5357 advenit

561 5391 608 5463 (1
641 5391 762 5448 Cor.
797 5409 837 5462 ι,
871 5393 988 5464 24).
1021 5395 1308 5461 Quomodo
1347 5400 1528 5448 autem
1579 5394 1697 5463 ipse
1735 5394 1807 5448 sit
1839 5394 2164 5464 principium

565 5486 840 5552 dolorum,
875 5488 1136 5543 nisidum
1187 5487 1336 5543 Patri
1392 5487 1507 5542 Deo
1567 5501 1786 5554 semper
1843 5486 2173 5556 irrogaverit

564 5579 857 5650 injuriam:
891 5581 1020 5636 dum
1053 5581 1328 5636 convertit
1353 5581 1419 5635 ad
1450 5597 1574 5636 eum
1597 5580 1849 5646 dorsum,
1869 5590 2056 5635 etnon
2083 5579 2168 5634 fa-

561 5671 723 5729 ciem.
758 5673 866 5729 lste
896 5675 1045 5742 prior
1071 5675 1127 5730 in
1157 5675 1338 5744 donis,
1371 5674 1498 5745 quia
1533 5674 1771 5744 primum
1801 5673 1935 5744 ipsis
1955 5674 2168 5731 credita

700 5852 978 5920 "ustisque
1005 5851 1444 5920 ex'liiet'énfnitli.

2255 3359 2435 3433 (Joan.
2461 3375 2571 3426 λιιι,
2604 3360 2684 3430 6).
2718 3359 2784 3412 Et
2813 3360 3105 3427 indignatio
3136 3374 3333 3424 eorum,
3362 3359 3486 3428 quia
3519 3357 3700 3410 dura:
3731 3354 3854 3409 dum

2259 3454 2552 3510 Barrabam
2577 3455 2840 3510 latronem
2877 3461 3147 3522 peterent,
3170 3461 3227 3508 et
3248 3452 3550 3521 principem
3580 3452 3717 3505 vita-
3741 3462 3857 3502 cru-

2258 3546 2582 3616 ciﬁgendum
2611 3545 3187 3616 postularent(Matth.
3248 3559 3417 3607 xxv“,
3456 3541 3574 3614 Si).
3625 3540 3860 3596 Dividam

2257 3654 2344 3692 eos
2365 3639 2416 3690 in
2442 3636 2626 3704 Jacob,
2657 3648 2704 3691 et
2733 3639 3024 3710 dispergam
3050 3636 3168 3691 illos
3217 3637 3272 3690 in
3301 3634 3507 3690 Israel:
3559 3636 3691 3705 quia
3733 3645 3859 3688 non-

2259 3728 2394 3784 nulli
2434 3744 2498 3784 ex
2538 3729 2673 3797 ipsis
2723 3729 3096 3793 crediderunt,
3157 3727 3375 3798 quidam
3436 3729 3488 3782 in
3538 3726 3856 3782 inﬁdelitate

2259 3830 2702 3890 permanserunt.
2734 3823 2998 3876 Dicuntur
3037 3821 3184 3876 enim
3230 3819 3392 3874 divisi
3417 3820 3477 3884 ii,
3536 3819 3632 3890 qui
3665 3818 3736 3874 ab
3785 3815 3856 3870 eis

2259 3924 2681 3984 separantur,et
2719 3917 2943 3971 veniunt
2995 3915 3061 3970 ad
3107 3914 3268 3970 ﬁdem
3313 3933 3326 3969 :
3367 3914 3606 3984 dispersi
3649 3923 3844 3973 autem,

2260 4021 2491 4077 quorum
2512 4008 2682 4076 patria
2713 4008 3027 4078 temploque
3048 4007 3334 4072 subverso,
3364 4021 3460 4074 per
3485 4006 3677 4061 orbem
3703 4016 3855 4060 terra:

2262 4097 2600 4153 incredulum
2637 4114 2810 4168 genus
2837 4099 3134 4169 spargitur.
3161 4097 3322 4163 Iuda,
3355 4109 3404 4152 te
3430 4097 3718 4151 laudabunt
3745 4100 3854 4166 [ra-

2263 4200 2362 4246 tres
2393 4191 2467 4244 tui
2488 4191 2507 4264 (
2529 4192 2658 4246 Gen.
2694 4208 2850 4256 χιιι,
2882 4191 2961 4263 8).
2996 4193 3097 4247 Per
3135 4191 3279 4246 hunc
3317 4190 3512 4246 Judam
3541 4206 3698 4246 verus
3726 4202 3857 4244 con-

2263 4282 2439 4337 fessor
2469 4282 2791 4350 eXprimitur
2829 4282 3096 4350 Christus,
3122 4282 3214 4353 qui
3248 4299 3312 4338 ex
3344 4282 3466 4352 ejus
3492 4281 3632 4336 tribu
3661 4294 3854 4336 secun-

2263 4378 2390 4432 dum
2421 4392 2639 4433 carnem
2679 4387 2762 4433 est
2785 4377 3025 4449 genitus.
3083 4376 3267 4446 Ipsum
3321 4377 3617 4431 laudabunt
3659 4374 3852 4429 fratres

2265 4471 2374 4536 sui,
2407 4471 2657 4540 Apostoli
2687 4471 2922 4534 scilicet,
2951 4483 3000 4526 et
3027 4485 3218 4525 omnes
3256 4469 3574 4526 cohmredes
3598 4469 3735 4538 ejus,
3767 4467 3854 4536 qui

2267 4564 2364 4633 per
2394 4561 2741 4632 adoptionem
2768 4564 2965 4632 Patris,
2991 4563 3083 4618 ﬁlii
3111 4565 3203 4620 Dei
3227 4563 3403 4619 effecti
3422 4572 3569 4629 sunt,
3589 4573 3642 4618 et
3662 4557 3855 4617 Christi

2273 4655 2469 4710 fratres
2495 4670 2592 4726 per
2618 4656 2874 4723 gratiam,
2895 4672 3129 4727 quorum
3174 4657 3293 4727 ipse
3333 4666 3418 4711 est
3451 4656 3717 4711 Dominus
3766 4665 3857 4724 per

2273 4757 2544 4801 naturam.
2575 4746 2765 4801 Manus
2789 4757 2891 4802 truc
2911 4748 2963 4801 in
2991 4747 3268 4802 cervicibus
3289 4748 3620 4801 inimicorum
3640 4759 3850 4801 tuorum.

2272 4837 2492 4892 Eisdem
2523 4838 2668 4894 enim
2699 4839 2951 4893 manibus
2991 4849 3154 4910 atque
3190 4840 3380 4894 eodem
3432 4839 3618 4894 crucis
3661 4848 3850 4907 tropico

2267 4941 2322 4985 et
2353 4945 2481 4986 suos
2505 4932 2659 4997 texit,
2687 4940 2743 4987 ct
2771 4932 3019 4986 inimicos
3050 4940 3106 4987 et
3161 4931 3505 4987 adversaries
3565 4937 3852 5000 potestates

2272 5022 2546 5076 curvavit.
2580 5023 2738 5076 Juxta
2766 5021 2911 5091 quod
2943 5032 2996 5076 et
3025 5022 3188 5077 Pater
3217 5021 3489 5090 promittit
3543 5022 3595 5076 ei
3645 5022 3848 5076 dicens:

2274 5115 2408 5169 Sede
2427 5115 2495 5168 ad
2524 5114 2786 5169 dexteram
2817 5131 3003 5182 meam,
3035 5115 3195 5168 donec
3224 5130 3416 5186 ponam
3469 5114 3708 5167 inimicos
3751 5122 3850 5165 tuo;

2272 5206 2550 5262 scabellum
2574 5208 2760 5278 pedum
2789 5217 2996 5260 tuorum
3023 5206 3139 5278 (Ps.
3172 5221 3282 5270 cu,
3341 5207 3422 5274 1).
3472 5204 3772 5259 Adorabunt
3813 5210 3850 5253 lc

2272 5301 2370 5372 ﬁlii
2395 5303 2558 5372 patris
2587 5303 2662 5354 tui
2688 5317 2707 5355 :
2735 5300 2948 5370 quando
2976 5299 3132 5355 multi
3157 5315 3223 5355 ex
3255 5300 3378 5354 ﬁliis
3419 5298 3588 5354 Jacivb
3643 5299 3853 5353 adorant

2275 5411 2421 5459 eum,
2459 5410 2554 5463 per
2576 5393 2901 5449 electionem
2923 5393 3113 5462 gratiae
3145 5393 3279 5446 salvi
3300 5391 3451 5446 facti.
3475 5389 3692 5446 Catulus
3704 5388 3851 5445 leonis

2275 5486 2442 5542 Juda.
2465 5485 2694 5554 Quando
2722 5483 2995 5540 nascendo
3037 5483 3215 5538 factus
3267 5493 3351 5539 est
3397 5482 3677 5553 parvulus,
3726 5481 3854 5536 sicut

2278 5583 2542 5651 scriptum
2567 5588 2681 5635 est:
2708 5575 2964 5633 Parvulas
2985 5585 3141 5630 natus
3163 5584 3235 5630 est
3283 5575 3428 5629 nobis
3467 5574 3650 5646 (Rom.
3683 5587 3759 5643 ιιι,
3782 5570 3846 5642 5).

2278 5675 2359 5729 Ad
2383 5674 2632 5745 prtcdam,
2666 5671 2745 5741 ﬁli
2774 5673 2866 5739 mi,
2915 5670 3194 5725 ascendisti
3234 5667 3393 5742 (Isai.
3417 5683 3492 5735 Ix,
3553 5665 3639 5736 6):
3668 5667 3722 5724 id
3758 5672 3848 5731 est,
