4006 6368
88 385 243 441 1⁸513

988 375 1079 433 DE
1121 372 1743 435 BENEDICTIONIBUS
1771 374 1985 435 JACOB
2024 374 2513 435 PATRIARCHE.

3234 374 3237 381 ’
3262 371 3405 431 1514

84 484 415 555 ascendens
440 495 495 552 in
524 507 737 551 crucem
769 535 783 557 ,
831 494 1079 563 captivos
1108 492 1345 564 populos
1375 490 1657 546 redemisti
1684 508 1699 555 ;
1731 497 1777 553 Α
1809 491 1939 559 ipsis
1962 490 2099 545 locis
2134 492 2420 545 Dominum
2448 504 2594 556 szepe
2614 488 2893 553 docuisse,
2952 486 3096 543 sicut
3139 485 3405 555 scriptum

87 600 156 647 et
184 605 324 661 quos
348 590 441 645 ille
454 598 644 645 contra
656 589 766 642 rius
783 586 1083 651 invaserat,
1105 596 1160 640 tu
1177 584 1419 639 moriens
1434 581 1707 651 eripuisti:

88 684 345 754 denique
374 682 595 738 rediens
621 682 689 734 ab
716 679 929 746 inferis,
956 678 1249 734 ascendisti
1278 678 1332 731 in
1356 677 1548 742 altum,
1578 690 1712 742 cap—

90 776 279 833 tivam
307 777 515 831 duxisti
555 776 949 845 captivitatem.
985 775 1323 843 Requiescens
1356 771 1635 825 accubuisti
1657 778 1714 822 ut

89 871 187 925 leo
213 869 391 941 (Psal.
423 885 590 936 vau,
617 866 726 939 19).
760 866 1204 923 Manifestissimc
1230 865 1482 920 Christus
1504 865 1557 918 in
1584 878 1736 934 pas--

92 963 262 1019 sione
292 962 565 1028 accubuit,
590 962 808 1029 quando
863 958 1123 1013 inclinato
1152 958 1329 1028 capite
1351 956 1572 1011 tradidit
1605 954 1717 1024 spi-

94 1056 276 1111 ritum
300 1051 480 1126 (Joan.
516 1068 624 1117 xix,
652 1051 774 1120 30):
810 1060 865 1105 et
884 1050 1102 1119 quando
1124 1050 1175 1104 in
1198 1050 1711 1119 sepulcrosecurus,

95 1144 789 1218 velutquodamcmporis
809 1159 1003 1199 somno
1023 1144 1251 1214 quievit.
1287 1143 1395 1198 Sed
1443 1158 1614 1213 quare
1658 1150 1717 1194 ut

98 1243 225 1308 leo,
252 1250 307 1295 et
336 1240 481 1295 velut
510 1240 719 1293 catulus
754 1238 970 1292 leonis?
1000 1238 1061 1292 In
1092 1252 1288 1292 somno
1309 1238 1453 1292 enim
1485 1251 1583 1289 suo
1631 1234 1717 1289 leo

100 1335 243 1400 fuit,
278 1331 494 1402 quando
525 1346 635 1386 non
669 1331 1020 1397 necessitate,
1052 1330 1147 1384 sed
1179 1337 1450 1399 potestate
1489 1327 1591 1382 hoc
1632 1328 1712 1395 ip-

100 1440 238 1480 sum
280 1425 600 1492 complevit,
625 1424 764 1478 sicut
794 1425 908 1491 ipse
936 1423 1104 1477 dicit:
1166 1422 1330 1475 Nemo
1386 1421 1521 1474 tollit
1565 1436 1597 1471 a
1640 1434 1720 1471 me

102 1518 349 1570 animum
373 1531 562 1582 meam,
588 1516 676 1568 sed
702 1531 795 1585 ego
825 1531 963 1586 pono
990 1531 1125 1568 eam.
1166 1514 1321 1581 Quod
1365 1528 1497 1567 vero
1545 1510 1717 1577 addit,

102 1618 161 1663 et
192 1618 249 1661 ut
280 1609 480 1661 catulus
513 1608 712 1661 leonis:
737 1606 861 1662 inde
883 1608 1030 1662 enim
1058 1616 1302 1661 mortuus
1343 1605 1486 1659 unde
1539 1614 1716 1658 natus.

104 1702 271 1757 Bene
302 1716 433 1771 ergo
452 1698 703 1755 Christus
730 1711 789 1753 ut
811 1701 897 1755 leo
923 1701 1212 1769 requievit,
1257 1699 1350 1769 qui
1392 1714 1498 1752 non
1542 1698 1720 1752 solum

110 1792 322 1847 mortis
350 1790 702 1846 acerbitatem
729 1806 834 1844 non
862 1791 1059 1859 timuit,
1084 1790 1179 1845 sed
1204 1801 1258 1845 et
1279 1790 1332 1843 in
1383 1790 1497 1858 ipsa
1548 1802 1723 1843 morte

1814 593 1919 647 est,
1946 583 2108 637 Terra
2130 583 2393 646 Zabulon,
2418 592 2462 636 et
2494 592 2636 636 terra
2662 580 3030 651 .Veplttltulim,
3057 582 3282 652 papulas
3322 579 3411 649 qui

1812 675 2018 729 sedebat
2052 677 2101 727 in
2131 676 2371 741 tenebris,
2396 676 2521 727 vidit
2553 674 2719 727 lucem
2740 670 3411 744 magnam(Mutth.tv,15,

1819 771 1918 837 16,
1948 789 2009 825 ex.
2034 771 2165 826 lsai.
2198 787 2272 838 Ix,
2308 770 2383 842 1).
2418 771 2587 826 Sidon
2628 772 3020 841 interpretatur
3056 778 3290 835 venator,
3324 767 3414 823 vel

1818 867 2069 918 venatrix.
2108 864 2405 919 Venatnres
2432 866 2521 935 qui
2553 875 2701 931 sunt,
2737 865 2840 919 nisi
2869 864 3152 933 Apostoli?
3189 862 3315 931 Qui,
3358 867 3420 915 ut

1817 971 1980 1027 supra
1994 958 2251 1027 diximus,
2279 975 2345 1015 ex
2371 958 2484 1013 illis
2508 959 2645 1013 locis
2671 959 2935 1027 assnmpti
2961 969 3109 1023 sunt,
3132 958 3201 1012 de
3220 955 3419 1026 quibus

1819 1051 2053 1107 dicitur:
2091 1053 2299 1108 Mittunt
2326 1062 2587 1107 venatores
2621 1054 2832 1119 multos,
2876 1062 2922 1106 et
2952 1053 3272 1106 venabantur
3330 1066 3418 1102 vos

1820 1146 1870 1197 in
1899 1148 2037 1198 onmi
2060 1156 2247 1201 monte.
2280 1145 2493 1202 Istic/tur
2522 1148 2697 1200 asinus
2718 1148 2867 1217 fortis
2901 1143 3117 1207 (lerem.
3154 1159 3243 1197 XVI
3265 1184 3279 1209 ,
3307 1141 3418 1212 16).

1821 1236 2040 1291 lsachar
2066 1240 2157 1307 qui
2192 1240 2585 1309 interpretatur
2606 1255 2822 1303 merces,
2855 1238 3095 1292 refertur
3117 1236 3184 1291 ad
3247 1251 3421 1306 popu-

1819 1328 1931 1382 lum
1959 1330 2226 1398 gentium,
2274 1347 2432 1400 quem
2487 1333 2748 1385 Dominus
2789 1330 3071 1400 sanguinis
3115 1330 3196 1383 sui
3254 1327 3426 1398 pretio

1823 1432 2100 1475 mercatus
2121 1431 2224 1477 est.
2262 1424 2356 1477 llic
2386 1424 2801 1479 Isacharasinus
2816 1424 2971 1478 furtis
2987 1420 3425 1494 scribitur(Gen.

1824 1530 1970 1579 χιιι,
2000 1513 2112 1583 14),
2144 1516 2267 1583 quia
2302 1516 2453 1583 prius
2479 1516 2713 1587 populus
2742 1516 2961 1582 gentilis
3008 1513 3159 1585 quasi
3208 1514 3428 1568 brutum

1826 1615 1880 1660 et
1901 1606 2241 1661 luxuriosum
2266 1609 2488 1673 animal,
2515 1610 2768 1678 nullaque
2796 1610 3007 1661 ratione
3034 1607 3299 1670 substitit,
3333 1605 3431 1659 sed

1825 1698 2173 1768 postmodum
2226 1700 2411 1771 jugum
2459 1700 2763 1768 disciplina:
2808 1700 3145 1770 Evangelicaa
3194 1699 3432 1752 libenter

1826 1794 2078 1862 portavit.
2115 1794 2218 1847 Hic
2247 1797 2502 1848 accubans
2532 1795 2664 1847 inter
2692 1795 2956 1861 terminos,
3014 1795 3137 1848 vidit
3198 1795 3430 1864 requiem

113 1886 325 1941 mortis
347 1884 631 1954 imperium
658 1885 801 1938 vicit.
831 1883 984 1951 Quod
1009 1892 1192 1937 autem
1226 1883 1379 1948 dicit,
1410 1882 1539 1944 (luis
1560 1882 1727 1934 susci-
1757 1888 1802 1947 Β
1830 1888 1967 1956 quod
1990 1900 2117 1941 esset
2158 1888 2312 1953 bona,
2345 1898 2391 1942 et
2422 1898 2611 1943 terram
2632 1891 2768 1960 quod
2800 1891 3011 1961 Optima.
3040 1899 3063 1925 τι
3124 1889 3271 1944 Inter
3328 1898 3437 1944 ιρι-

114 1978 253 2030 (abit
287 1978 443 2029 eum?
470 1976 605 2042 Quia
630 1976 813 2029 nullus
846 1976 946 2027 nisi
982 1974 1289 2044 ipse,juxta
1310 1974 1450 2043 quod
1481 1976 1597 2043 ipse
1611 1973 1721 2026 ait:

117 2071 586 2139 Solvitetemplum
607 2068 723 2135 hoc,
746 2076 791 2122 et
807 2070 856 2121 in
874 2068 1046 2121 triduo
1066 2066 1378 2121 resuscitabo
1394 2066 1523 2118 illud
1545 2064 1725 2135 (Joun.

117 2177 187 2228 ιι,
228 2162 336 2229 19).
369 2161 486 2214 Non
519 2161 717 2228 deﬁciet
749 2160 859 2213 dux
897 2159 961 2212 de
1001 2158 1169 2225 Iuda,
1219 2168 1273 2213 et
1324 2157 1556 2227 reliqua.
1618 2157 1728 2210 lloc

118 2255 572 2311 manifestissime
600 2255 666 2309 ad
688 2254 880 2308 Judam
905 2254 1161 2309 refertur.
1212 2253 1310 2307 Diu
1355 2253 1502 2307 enim
1527 2252 1627 2305 fuit
1664 2266 1727 2304 ex

120 2350 347 2404 semine
380 2348 524 2401 illius
558 2348 878 2402 intemerata
902 2348 1043 2416 apud
1076 2346 1295 2402 Judteos
1340 2346 1618 2401 successio
1648 2361 1733 2400 re-

121 2443 249 2513 gni,
273 2442 447 2497 donec
479 2441 729 2496 Christus
748 2451 1085 2506 nasceretur,
1106 2443 1250 2499 sicut
1278 2454 1442 2510 supra
1472 2440 1728 2495 diximus.

124 2536 373 2607 Alligans
400 2537 468 2586 ad
490 2537 685 2588 vineam
708 2533 911 2605 pullum
936 2550 1107 2587 suum.
1134 2534 1321 2588 Pullus
1352 2548 1482 2587 suus
1503 2534 1735 2604 populus

130 2637 223 2682 cst
249 2643 314 2681 ex
344 2626 618 2697 gentibus,
663 2628 746 2681 cui
801 2626 979 2681 adhuc
1026 2642 1317 2695 numquam
1357 2624 1535 2682 fuerat
1578 2626 1739 2697 Legis

136 2734 283 2775 onus
316 2719 649 2789 impositum.
680 2718 831 2774 llunc
852 2720 1125 2789 copulavit
1146 2719 1212 2773 ad
1236 2720 1472 2786 vineam,
1500 2719 1568 2774 ad
1594 2720 1740 2788 Apo-

139 2812 318 2867 stolus
341 2812 578 2876 scilicet,
602 2810 690 2881 qui
710 2826 774 2864 ex
795 2810 995 2865 Judaais
1021 2821 1166 2865 sunt.
1186 2811 1321 2868 Nam
1343 2811 1498 2865 vinea
1528 2811 1742 2866 Domini

135 2906 382 2962 Sabaoth
411 2905 606 2960 domus
634 2903 800 2960 Israel
824 2914 909 2959 est
966 2902 1101 2975 (Isa.
1139 2920 1189 2969 v,
1221 2904 1297 2974 7).
1356 2904 1422 2957 Et
1463 2904 1531 2957 ad
1593 2906 1741 2958 vitem

134 3000 339 3052 asinam
362 3014 530 3051 suam.
565 2996 686 3067 Ipse
706 2998 861 3065 dicit,
890 2995 1005 3067 Ego
1026 3014 1141 3050 sum
1172 2998 1285 3050 vitis
1308 3013 1422 3051 vera
1445 2996 1623 3067 (Joan.
1652 3013 1738 3065 xv,

136 3092 218 3162 1).
245 3093 327 3148 Ad
360 3094 499 3148 hanc
528 3109 656 3163 ergo
677 3095 841 3148 vitem
856 3094 1052 3164 alligat
1080 3094 1286 3148 asinam
1301 3108 1477 3160 suam,
1502 3092 1747 3164 Synago-

133 3202 260 3257 gam
286 3186 649 3257 tardigradam
674 3187 904 3251 scilicet,
933 3197 989 3242 et
1013 3186 1170 3257 gravi
1198 3186 1358 3258 Legis
1384 3188 1624 3257 pondere
1645 3187 1745 3241 de-

1835 1982 2014 2035 minos
2045 1993 2223 2035 autem
2248 1984 2471 2049 cubare,
2502 1992 2585 2037 est
2618 1988 2931 2053 praestolata
2954 1982 3140 2037 mundi
3190 1985 3297 2039 fine
3349 1998 3437 2037 re-

1832 2071 2135 2140 quiescere,
2161 2072 2403 2143 nihilque
2430 2074 2499 2127 de
2524 2075 2591 2128 iis
2620 2090 2738 2142 qnte
2763 2090 2905 2129 nunc
2934 2083 3217 2129 versantur
3246 2076 3298 2129 in
3323 2090 3437 2130 nte-

1833 2164 1945 2232 dio,
1972 2181 2239 2235 quaat'ere,
2266 2168 2359 2221 sed
2382 2167 2571 2221 ultima
2591 2166 2930 2222 desiderare.
2957 2168 3021 2221 Et
3064 2167 3219 2223 fortis
3249 2169 3435 2223 asinus

1835 2260 2075 2328 requiem
2096 2269 2361 2314 etterram
2376 2259 2821 2327 optimamvidet,
2837 2275 2961 2314 cum
2975 2260 3211 2329 simplex
3225 2260 3439 2330 gentili-

1838 2362 1917 2406 tas
1935 2352 2144 2408 idcirco
2156 2368 2214 2407 se
2234 2354 2299 2407 ad
2319 2354 2479 2409 robur
2491 2354 2615 2409 boni
2631 2355 2813 2424 operis
2827 2356 3008 2425 erigit,
3040 2358 3165 2426 quia
3182 2355 3249 2409 ad
3280 2366 3441 2410 teter-

1838 2462 1920 2501 naz
1958 2448 2085 2501 vita:
2131 2449 2359 2515 patriam
2403 2448 2595 2502 tendit.
2660 2448 2813 2504 Unde
2854 2454 3019 2504 etiam
3070 2451 3294 2521 apponit
3342 2449 3443 2505 lut-

1839 2558 2048 2597 merum
2093 2558 2248 2598 suum
2287 2543 2354 2598 ad
2396 2543 2743 2613 portandum,
2778 2544 2902 2615 quia
2930 2545 3057 2599 dum
3098 2545 3166 2599 ad
3210 2545 3443 2616 promis-

1840 2651 1952 2691 sam
1972 2638 2213 2707 requiem
2232 2636 2514 2707 pervenire
2531 2637 2823 2703 desiderat,
2858 2646 3051 2692 cuncta
3065 2638 3441 2694 mandatorum

1842 2722 2011 2785 onera
2028 2731 2261 2785 libenter
2277 2740 2471 2801 portat.
2492 2730 2643 2786 Unde
2657 2731 2829 2784 factus
2842 2741 2923 2785 est
2942 2730 3155 2786 tributis
3173 2733 3441 2795 serviens,

1845 2824 1945 2878 hoc
1960 2832 2066 2889 est,
2084 2825 2299 2879 Christo
2316 2825 2425 2894 regi
2440 2839 2552 2878 sua:
2576 2824 2699 2877 fidei
2714 2824 2850 2879 bona
2868 2834 2919 2879 et
2933 2839 3157 2893 operum
3176 2824 3443 2880 bonorum

1844 2917 2082 2974 offerens
2096 2934 2337 2974 munera.
2356 2915 2475 2970 Dan
2480 2916 2739 2989 judicabit
2755 2917 3002 2987 populum
3013 2933 3163 2970 suum
3176 2917 3307 2970 sicut
3325 2916 3446 2970 alia:

1849 3015 1911 3067 tri
1918 3014 2009 3066 bus
2024 3013 2075 3065 in
2089 3011 2279 3067 Israel.
2296 3012 2419 3065 Fiat
2436 3011 2549 3065 Dan
2564 3012 2771 3065 coluber
2783 3012 2834 3065 in
2849 3013 2949 3075 via,
2966 3022 3189 3066 cerastes
3200 3013 3253 3064 in
3266 3010 3449 3065 semita

1851 3106 2002 3177 (Gen.
2034 3123 2182 3172 xux,
2205 3106 2314 3178 16),
2351 3118 2404 3161 et
2434 3106 2663 3176 reliqua.
2687 3105 3121 3177 Dicuntquidam
3146 3104 3450 3161 Antichris-

1854 3212 1965 3256 tum
2000 3220 2093 3273 per
2126 3203 2243 3257 haec
2275 3203 2438 3257 verba
2463 3200 2489 3239 ι)
2515 3202 2733 3271 praedici
2759 3201 2826 3256 de
2850 3201 2961 3255 ista
2998 3200 3141 3254 tribu
3182 3202 3446 3265 futurum,

136 3294 410 3351 pressam.
436 3278 585 3333 Lavit
606 3281 659 3333 in
688 3281 1009 3333 vinostolam
1038 3297 1186 3333 suam
1208 3279 1427 3351 (Matth.
1450 3277 1700 3348 xxvt,28)
1724 3320 1737 3344 ,
1770 3281 1813 3343 C
1848 3314 1943 3369 pro
1964 3314 2030 3353 eo
2068 3298 2210 3369 quod
2239 3297 2339 3352 hoc
2372 3297 2493 3352 ιοεο
2546 3297 2659 3351 Dan
2711 3304 2766 3351 ει
2809 3296 3036 3350 coluber
3086 3294 3350 3351 assem,“-
3395 3302 3452 3348 ει

136 3375 258 3429 sive
288 3389 511 3429 carnem
540 3390 693 3429 suam
728 3378 779 3429 in
809 3375 1075 3445 sanguine
1107 3374 1396 3444 passionis,
1429 3374 1541 3429 sive
1580 3389 1741 3428 sane-

140 3478 254 3525 tam
288 3470 590 3525 Ecclesium
624 3471 720 3525 illo
752 3470 899 3537 vino,
924 3469 1067 3539 quod
1099 3486 1197 3539 pro
1226 3468 1415 3523 multis
1438 3468 1745 3524 eﬂ‘undetur

139 3566 198 3620 in
228 3563 610 3619 remissionem
646 3572 1020 3633 peccatorum.
1056 3562 1123 3616 Et
1145 3564 1199 3617 in
1213 3562 1467 3635 sanguine
1496 3578 1603 3617 uva:
1624 3560 1744 3631 pal-

143 3656 274 3710 lium
301 3670 473 3708 suum.
496 3655 728 3709 Pallium
753 3664 945 3726 gentes
995 3664 1142 3721 sunt,
1192 3670 1329 3724 quas
1379 3654 1597 3722 corpori
1650 3666 1749 3707 suo

136 3747 349 3817 junxit,
372 3748 513 3803 sicut
532 3748 814 3811 scribitur,
866 3746 991 3801 Vivo
1020 3764 1134 3818 ego,
1164 3746 1288 3799 dicit
1341 3744 1615 3813 Dominus,
1649 3746 1751 3799 nisi

144 3839 241 3894 hos
262 3855 438 3894 omnes
459 3839 676 3893 induam
695 3840 827 3893 sicut
846 3840 1219 3894 vestimentum.
1246 3837 1586 3893 Pulchriores
1614 3838 1753 3892 oculi

143 3936 262 4006 ejus
290 3936 405 3987 vino
435 3931 587 4003 (Gen.
612 3948 762 3999 χιιι,
800 3933 912 4003 12).
941 3934 1096 3988 Oculi
1122 3933 1326 3989 Christi
1357 3934 1605 4005 Apostoli
1628 3943 1751 3988 sunt

145 4034 208 4083 et
234 4026 625 4095 Evangelistte,
657 4028 750 4095 qui
778 4026 964 4080 lumen
1010 4028 1260 4081 scientiae
1310 4027 1567 4083 Ecclesice
1615 4042 1753 4097 prte-

145 4126 338 4175 stant:
371 4134 603 4189 quorum
656 4128 929 4190 praecepta
998 4121 1377 4176 austeritatem
1410 4121 1521 4175 vini
1562 4121 1754 4190 prisca:

146 4208 314 4281 Legis
344 4221 625 4282 superant,
657 4212 783 4281 quia
816 4212 977 4282 longe
1005 4212 1209 4267 leviora
1265 4224 1413 4268 sunt.
1466 4212 1534 4266 Et
1580 4212 1753 4266 dentes

149 4308 267 4376 ejus
283 4304 414 4358 laete
441 4306 786 4360 candidiores.
807 4305 1007 4361 Dentes
1039 4316 1403 4377 praeceptores
1420 4309 1752 4373 suntsancti,

151 4397 249 4467 qui
280 4397 581 4465 praecidunt
611 4398 680 4451 ab
703 4398 988 4453 erroribus
1026 4397 1302 4464 homines,
1348 4410 1403 4453 et
1450 4414 1544 4454 eos
1601 4402 1757 4470 quasi

160 4490 507 4547 comedendo
538 4492 590 4545 in
621 4491 822 4547 Christi
862 4508 1062 4563 corpus
1117 4493 1511 4547 transmittunt.
1560 4492 1761 4548 Candi-

155 4584 343 4641 diores
371 4594 555 4641 autem
579 4584 757 4641 elfecti
776 4594 906 4642 sunt
936 4586 1189 4641 doctores
1218 4586 1474 4641 Ecclesiae
1503 4586 1641 4641 lacte
1671 4601 1761 4642 ve-

1851 3392 2130 3458 mordens,
2162 3402 2342 3461 etquo
2373 3390 2514 3445 inter
2545 3391 2719 3444 tribus
2744 3389 2909 3443 lsrael
2956 3390 3161 3459 primus
3221 3389 3332 3442 Dan
3380 3386 3449 3442 ad

1867 3484 2192 3555 Aquilonem
2224 3492 2641 3538 castrametatus
2662 3491 2766 3550 est,
2811 3483 2961 3537 illum
2994 3481 3315 3553 significans
3362 3480 3455 3547 qui

1852 3592 1911 3632 se
1936 3579 1987 3631 in
2012 3576 2273 3632 lateribus
2294 3576 2577 3646 Aquilonis
2611 3574 2806 3630 sedere
2835 3575 2967 3628 dicit
3015 3574 3206 3645 (Num.
3230 3589 3289 3639 ιι,
3331 3571 3451 3643 25),

1857 3680 1913 3724 et
1944 3668 2012 3723 de
2042 3684 2149 3739 quo
2172 3669 2468 3739 figuraliter
2491 3668 2619 3723 dicit
2649 3666 2946 3737 Propheta,
2974 3664 3019 3718 A
3062 3663 3183 3719 Dan
3244 3665 3455 3720 auditus

1854 3774 1927 3818 est
1951 3764 2187 3835 fremitus
2220 3780 2471 3833 equorum
2492 3764 2603 3834 ejus
2630 3760 2850 3833 (Ierem.
2882 3775 2995 3825 vm,
3052 3760 3160 3830 16).
3205 3759 3306 3827 Qui
3348 3774 3457 3815 non

1856 3856 2031 3910 solum
2063 3854 2308 3921 coluber,
2340 3855 2437 3910 sed
2495 3855 2655 3909 etiam
2689 3862 2932 3909 cerastes
2953 3862 3200 3908 vocatur.
3260 3852 3455 3927 sipara:

1858 3948 2001 4003 enim
2032 3947 2223 4003 Graece
2245 3962 2443 4000 cornua
2473 3946 2747 4001 dicuntur.
2777 3946 3016 4015 Serpens
3044 3959 3176 4015 ergo
3207 3944 3302 3999 ille
3331 3958 3459 3998 cor-

1858 4052 2023 4095 nutus
2045 4053 2167 4095 esse
2186 4039 2525 4111 perhibetur,
2559 4054 2654 4109 per
2682 4053 2844 4110 quem
2873 4038 3038 4108 digne
3092 4035 3459 4092 Antichristus

1859 4133 2295 4202 asseritur,quia
2349 4142 2540 4186 contra
2589 4132 2755 4186 vitam
2800 4130 3039 4199 fidelium
3097 4144 3217 4185 cum
3273 4143 3458 4184 morsu

1863 4224 2142 4295 pestiferae
2197 4223 2603 4293 pradicationis
2641 4224 2945 4279 armabitur
2990 4222 3154 4277 etiam
3198 4221 3460 4276 cornibus

1862 4318 2165 4389 potestatis.
2199 4318 2330 4385 Quis
2360 4324 2541 4371 autem
2569 4317 2775 4370 nesciat
2795 4314 3043 4369 semitam
3088 4313 3458 4383 angustiorem

1862 4424 1986 4465 esse
2006 4424 2169 4480 quam
2201 4409 2376 4464 viam?
2402 4408 2491 4463 Fit
2533 4424 2663 4477 ergo
2697 4407 2807 4461 Dan
2830 4406 3059 4462 coluber
3087 4407 3140 4461 in
3172 4406 3256 4461 via
3282 4447 3296 4471 ,
3329 4405 3458 4476 quia

1864 4504 1917 4558 in
1950 4503 2237 4573 praesentis
2264 4503 2387 4556 vita:
2416 4500 2705 4555 latitudine
2726 4514 2821 4555 eos
2848 4499 3133 4555 ambulare
3159 4505 3463 4570 provocat,

1866 4598 2062 4667 quibus
2085 4597 2238 4667 quasi
2274 4594 2545 4665 parcendo
2574 4594 2848 4649 blanditur
2872 4609 2885 4647 :
2912 4592 3009 4649 sed
3034 4594 3087 4649 in
3110 4596 3194 4648 via
3224 4591 3462 4659 mordet,

157 4680 293 4736 teris
312 4680 493 4751 Legis.
527 4679 759 4737 Zabulon
794 4682 1038 4735 habitavit
1068 4682 1123 4734 in
1172 4681 1342 4735 littore
1389 4682 1570 4746 maris,
1612 4691 1657 4735 et
1706 4682 1756 4735 in

1866 4692 1989 4761 quia
2017 4704 2112 4745 eos
2132 4689 2328 4758 quibus
2357 4688 2664 4745 libertatem
2692 4688 3124 4755 tribuit,erroris
3147 4687 3230 4743 sui
3254 4700 3466 4741 veneno

160 4776 385 4829 statione
410 4776 618 4829 navium
642 4774 796 4847 (Gen.
821 4773 1348 4846 xux,i'5).Zabulon
1374 4774 1765 4845 interpretatur

165 4865 527 4921 habitaculum
547 4869 889 4939 fortitudinis,
914 4879 971 4924 et
993 4868 1289 4923 Ecclesiam
1321 4868 1614 4939 significat.
1642 4870 1767 4926 Haec

169 4960 225 5016 in
251 4961 436 5015 littore
460 4960 625 5014 maris
660 4961 869 5016 habitat
895 4962 1025 5017 etin
1056 4962 1290 5016 statione
1313 4964 1550 5029 navium,
1578 4972 1769 5017 utere—

162 5058 418 5114 dentihus
449 5056 827 5127 sitrefuginm,
862 5067 917 5112 et
946 5058 1381 5127 periclitantibus
1428 5059 1773 5114 demonstret

160 5151 284 5206 ﬁdei
310 5161 553 5220 portmn.
586 5149 711 5205 Htec
735 5160 923 5205 COIlll‘a
955 5166 1147 5206 omnes
1172 5152 1417 5207 turbines
1440 5153 1627 5208 saeculi
1680 5156 1769 5206 in-

164 5258 433 5300 concussa
467 5242 725 5298 firmitate
756 5243 929 5298 solida
952 5254 1163 5314 spectat
1195 5246 1532 5315 naufragium
1552 5246 1772 5301 .ludaeo-

167 5354 315 5401 rum,
346 5346 402 5392 et
432 5336 817 5394 haereticorum
840 5340 1131 5409 procellas,
1178 5342 1270 5412 qui
1318 5343 1773 5398 circumferuntur

167 5430 320 5486 omni
359 5438 527 5485 vento
556 5429 849 5499 doctrinae,
906 5448 1138 5503 quorum
1171 5434 1272 5489 etsi
1303 5435 1547 5489 tunditur
1596 5436 1773 5490 flucti-

168 5524 291 5586 bus,
308 5537 420 5577 non
442 5533 623 5578 tamen
642 5524 931 5595 frangitur.
950 5523 1217 5580 Pertendit
1238 5538 1408 5580 autem
1425 5528 1661 5598 usquead
1686 5529 1772 5584 Si-

172 5619 360 5672 donem
387 5658 403 5683 ,
436 5615 543 5673 hoc
572 5627 679 5685 est,
700 5633 871 5687 usque
893 5618 959 5672 ad
983 5629 1200 5690 gentes.
1231 5618 1454 5689 Legitur
1499 5622 1663 5674 etiam
1719 5621 1773 5675 in

172 5710 475 5783 Evangelia
500 5710 629 5767 inde
656 5723 967 5782 assumptos
997 5727 1121 5769 esse
1142 5712 1438 5783 Aposwlos
1467 5713 1700 5785 aliquos,
1723 5724 1777 5771 et

252 5887 276 5917 ⁸
300 5875 391 5936 Ea:
426 5875 707 5947 Gregorio,
736 5876 827 5931 lib.
853 5892 869 5930 ι
904 5873 1097 5931 Morel.
1118 5892 1164 5929 ε.
1193 5875 1246 5930 6.

1868 4782 2158 4839 consumit.
2194 4780 2545 4839 Fitcerastes
2577 4783 2628 4837 in
2653 4784 2843 4839 semita
2891 4801 2904 4837 :
2950 4784 3075 4854 quia
3103 4796 3241 4851 quos
3278 4778 3466 4834 ﬁdeles

1870 4877 2097 4946 reperit,
2152 4886 2207 4930 et
2237 4876 2529 4931 seseinter
2560 4885 2785 4948 angusta
2826 4874 3084 4947 praecepti
3112 4872 3353 4928 caelestis
3383 4868 3470 4924 iti—

1872 4984 2003 5024 nera
2029 4970 2485 5040 constringentes,
2507 4986 2614 5025 non
2646 4972 2822 5025 solum
2848 4970 3090 5037 nequitia
3112 4965 3324 5022 callida:
3342 4979 3470 5034 per-

1873 5060 2145 5116 suasionis
2172 5062 2407 5131 impetit,
2461 5061 2557 5117 sed
2592 5062 2759 5116 etiam
2794 5069 3009 5115 terrore
3037 5060 3326 5130 potestatis
3350 5073 3474 5126 pre-

1876 5156 1976 5209 mit
2006 5194 2021 5221 ,
2054 5163 2109 5209 et
2166 5154 2221 5208 in
2253 5152 2648 5224 persecutionis
2680 5154 2939 5223 languore
2966 5194 2979 5219 ,
3039 5159 3165 5221 post
3210 5150 3475 5207 beneficia

1874 5247 2016 5301 ficta:
2046 5246 2351 5302 dulcedinis
2381 5256 2611 5302 exercet
2665 5260 2869 5300 cornua
2923 5243 3235 5317 potestatis.
3284 5242 3473 5309 Equus

1872 5343 1975 5397 iste
1999 5384 2012 5407 ,
2041 5341 2196 5413 cujus
2240 5342 2469 5413 ungulas
2497 5350 2742 5397 cerastes
2772 5338 3023 5395 mordere
3047 5337 3281 5402 dicitur,
3326 5337 3479 5389 hunc

1878 5434 2137 5491 mundum
2167 5434 2443 5500 insinuat,
2468 5435 2559 5506 qui
2591 5450 2689 5506 per
2716 5434 3008 5490 elationem
3038 5446 3189 5486 suam
3222 5430 3273 5484 in
3314 5441 3481 5483 cursu

1874 5530 2170 5585 labentium
2202 5538 2509 5601 temporum
2542 5541 2778 5602 Spumat.
2822 5528 2890 5583 Et
2941 5528 3063 5598 quia
3110 5526 3483 5581 Antichristus

1878 5632 2122 5677 extrema
2153 5622 2341 5677 mundi
2371 5622 2536 5693 hujus
2584 5619 2999 5693 apprehendere
3031 5618 3219 5673 nititur
3240 5658 3256 5684 ,
3298 5629 3485 5672 ceras-

1880 5724 1963 5773 tes
1994 5717 2096 5773 iste
2133 5717 2258 5789 equi
2284 5718 2514 5789 ungulas
2548 5718 2802 5773 mordere
2844 5715 3180 5786 perhibetur.
3246 5712 3489 5785 Ungulas

1986 5877 2430 5952 ngx;Gregorio,
2457 5880 2545 5935 lib.
2571 5895 2697 5935 xm
2724 5876 2917 5935 Horat.
2946 5894 2992 5933 c.
3022 5877 3109 5939 ιο.
