4006 6310
619 249 758 310 1315
1331 291 1337 298 -
1396 256 1489 313 AD
1527 255 1774 315 TOMUM
1811 256 1878 316 lil
1919 257 2204 316 OPERUM
2236 259 2294 318 ε.
2342 263 2719 325 illERONYMI
2761 267 3135 328 APPENDIX.
3773 281 3881 337 15ὶῦ

611 374 814 444 quippe
842 373 965 443 equi
1014 371 1266 428 mordere
1293 416 1306 440 ,
1344 384 1427 429 est
1456 383 1698 430 extrema
1745 377 1932 432 saeculi
1972 376 2222 433 feriendo
2249 384 2300 446 Α
2330 396 2479 448 cens,
2516 384 2762 438 Salutnre
2787 397 2930 440 tuum
2973 389 3299 459 exspectabo,
3327 389 3589 449 Domine:
3613 395 3665 451 id
3687 405 3879 463 est,non

609 469 947 537 contingere.
978 475 1004 503 ³
1049 465 1117 521 Ut
1158 467 1314 521 cadat
1388 484 1636 524 ostensor
1665 473 1780 543 ejus
1825 481 1986 526 retro.
2048 473 2216 528 Plebs
2327 474 2465 528 sicut
2501 475 2752 532 inﬁdeles
2776 479 3191 548 Antichristum,
3217 483 3312 539 sed
3343 500 3467 540 eum
3499 487 3590 556 qui
3623 489 3676 542 in
3705 489 3882 544 redeat-

607 559 846 614 infldelis
898 557 1120 627 Iudaea,
1177 562 1384 616 erroris
1443 561 1528 616 sui
1602 562 1811 633 laqueis
1859 573 2047 635 capta,
2115 583 2216 635 pro

601 651 826 708 Christo
848 652 1241 708 Antichristum
1264 661 1567 724 exspectat.
1606 655 1753 711 Bene
1794 655 1968 714 Jacob
2013 657 2209 713 eodem

602 746 726 804 loco
743 757 966 818 repente
994 749 1048 802 in
1079 747 1379 806 electorum
1410 764 1600 808 vocem
1643 764 1944 806 conversus
1996 761 2082 808 est
2130 753 2211 806 di-

2323 662 2620 719 Christum.
2653 666 2843 721 Amen.

677 896 703 966 ξ
743 887 804 966 in
833 864 1000 966 (lori).
1032 903 1160 966 _ms_._
1211 889 1290 966 sic
1337 889 1575 966 desinit:
1661 892 1917 966 Ascensor
1971 895 2059 964 qui
2110 906 2207 960 est,
2320 913 2399 960 ινο
2427 904 2611 964 cadere
2639 907 2847 966 αεεειω..

2324 569 2562 638 ptionem
2587 580 2829 626 nostram
2851 582 3111 630 venturus
3136 586 3243 645 est,
3269 592 3458 634 verum
3491 579 3660 636 credo
3689 581 3882 639 fideliter
3965 569 3971 640 l

601 960 833 1032 quisquis
873 960 1236 1029 iniquitatibus
1265 960 1424 1034 hujus
1467 966 1650 1019 mundi
1677 960 2086 1035 extollitur,'qui
2113 984 2197 1020 re-

614 1091 3865 1130 ._____________________________________

947 1261 1108 1346 DE
1181 1258 2244 1346 BENEDICTIONIBUS
2319 1259 2688 1348 JACOB
2764 1261 3598 1355 PATRIARCH/E.

1661 1414 1998 1490 ALIUD
2071 1407 2099 1436 ⁸
2173 1415 2818 1494 EXEMPLAB.

669 1693 1029 1750 Sacrosaneta
1077 1699 1246 1761 atque
1296 1704 1542 1760 prmsaga
1591 1696 1909 1743 auctorum
1955 1685 2194 1740 Patriaro
2225 1689 2274 1749 B
2303 1701 2388 1740 res
2434 1700 2538 1740 non
2579 1686 2843 1742 mediocri
2886 1687 3082 1745 dolore
3117 1704 3245 1746 eum
3276 1692 3598 1752 stimulasse
3624 1695 3869 1753 credenda

592 1786 822 1843 sitarum
856 1785 1189 1852 benedictio,
1242 1800 1362 1856 qtltB
1392 1800 1490 1855 per
1532 1783 1797 1864 Spiritum
1831 1790 2079 1838 sanetum
2112 1790 2197 1836 at-

592 1895 701 1950 que
727 1895 788 1934 os
818 1879 964 1934 beati
995 1879 1166 1935 Jaeob
1187 1878 1420 1949 singulis
1445 1887 1530 1933 est
1557 1877 1891 1948 competenti
1930 1876 2194 1946 qualitate

591 1972 908 2042 distributa,
940 1989 1038 2028 nee
1071 1989 1168 2043 per
1199 1974 1384 2027 omnia
1415 1987 1580 2028 sensu
1602 1971 1875 2027 litterario
1901 1979 2081 2041 potest
2111 1970 2195 2023 in-

589 2066 759 2138 telligi
787 2083 802 2119 :
836 2066 1074 2121 maxime
1101 2079 1224 2122 cum
1260 2065 1402 2121 idern
1445 2066 1637 2120 beatus
1668 2063 1987 2119 Patriarcba
2019 2062 2187 2129 dicat,

589 2157 660 2216 Ut
683 2161 993 2215 annuntiem
1016 2160 1157 2214 vobis
1179 2175 1296 2231 quae
1314 2168 1525 2213 ventura
1550 2168 1668 2213 sunt
1688 2158 1744 2211 in
1767 2155 2056 2212 novissimis
2078 2155 2188 2209 die-

587 2252 715 2320 bus;
768 2267 869 2307 nec
898 2256 974 2306 ita
1024 2252 1372 2307 extenuanda
1405 2267 1502 2322 per
1532 2267 1752 2307 sensum
1798 2249 2181 2318 allegoricum,

584 2355 646 2400 ut
671 2347 992 2401 omnimodo
1013 2344 1168 2418 (Cod.
1201 2342 1449 2415 omnino]
1481 2343 1736 2399 evacuari
1766 2341 1964 2398 debeat
1988 2355 2185 2395 sensus

581 2439 911 2496 historicus:
946 2439 1069 2509 quia
1095 2448 1151 2494 et
1179 2440 1453 2508 quaedam,
1486 2436 1563 2493 uti
1597 2445 1719 2506 post
1746 2435 2073 2500 videbimus,
2106 2434 2185 2490 sic

580 2531 738 2604 [ϐοά.
756 2531 851 2603 ita]
866 2533 944 2586 eis
968 2530 1234 2601 praedicta
1256 2538 1406 2594 sunt,
1438 2526 1534 2584 utb
1559 2528 1612 2582 iu
1639 2526 2178 2597 proximoquaedam,

575 2627 825 2696 quaedam
861 2627 1034 2681 multo
1079 2634 1202 2693 post
1230 2624 1481 2681 venerint
1516 2640 1530 2677 :
1562 2631 1745 2678 tamen
1785 2621 1937 2692 plura
1972 2637 2040 2677 ex
2075 2621 2181 2676 illis

575 2719 632 2775 in
681 2719 846 2775 finem
888 2727 1105 2774 servata
1156 2727 1305 2772 sunt.
1349 2718 1482 2785 Quae
1529 2732 1662 2787 ergo
1693 2715 1892 2788 [Antea
1923 2714 2060 2787 ego]
2107 2713 2182 2768 bio

574 2812 876 2866 storialiter
902 2812 955 2866 in
985 2811 1115 2880 ipsis
1154 2811 1339 2868 verbis
1370 2808 1679 2880 intelligere
1711 2823 2027 2878 possumus,
2065 2807 2170 2874 pri.

573 2917 722 2957 mum
752 2903 912 2974 quasi
951 2903 1306 2959 fundamenta
1345 2902 1621 2973 jaeiendo,
1651 2901 1891 2956 donante
1925 2899 2173 2966 Domino,

2299 1789 2405 1834 est.
2436 1779 2582 1835 Bene
2608 1791 2792 1835 autem
2817 1781 3016 1838 dicitur
3035 1785 3367 1854 principium
3391 1787 3608 1846 doloris
3635 1791 3751 1858 iste,
3767 1792 3872 1861 quia

2297 1881 2353 1927 et
2380 1873 2572 1943 reliqui
2609 1874 2810 1931 fratres
2838 1877 3082 1932 accusati
3106 1889 3231 1933 sunt
3263 1895 3294 1936 a
3327 1880 3493 1936 beato
3520 1884 3723 1955 Joseph
3755 1884 3874 1956 apud

2298 1975 2505 2035 patretn
2556 1969 2786 2023 crimine
2821 1971 3079 2039 pessimo.
3145 1972 3300 2038 Quod
3335 1985 3521 2030 autem
3549 1978 3644 2045 ait,
3674 1979 3805 2050 prior
3828 1980 3871 2031 in

2293 2058 2464 2124 donis,
2494 2060 2558 2113 ad
2583 2062 2945 2133 primogenita
2970 2065 3210 2133 pertinet
3235 2082 3355 2135 qure
3388 2067 3464 2122 illi
3491 2079 3763 2141 tamquam
3781 2071 3870 2140 pri-

2293 2153 2570 2221 mogenito
2611 2153 2987 2210 debebantur:
3033 2158 3177 2228 quod
3213 2174 3344 2214 vero
3375 2162 3685 2234 subjungit,
3727 2167 3870 2236 major

2289 2245 2526 2318 imperio,
2551 2260 2740 2320 aperte
2766 2251 3080 2304 declaratur
3108 2251 3174 2305 ad
3201 2267 3323 2307 eum
3354 2256 3710 2323 pertinuisse,
3740 2268 3789 2310 ut
3805 2256 3862 2310 de

2288 2339 2407 2410 ejus
2446 2342 2656 2396 semine
2696 2357 2854 2413 reges
2895 2343 3230 2413 reliquorum
3275 2346 3505 2402 fratrum
3549 2359 3862 2404 crearentur.

2286 2432 2442 2500 Quod
2473 2449 2604 2489 vero
2634 2435 2730 2501 ait,
2761 2433 2959 2501 effusus
2988 2452 3039 2490 es
3069 2437 3204 2490 sicut
3225 2454 3380 2508 aqua,
3412 2439 3561 2494 hunc
3585 2440 3740 2496 habet
3759 2455 3864 2496 scu-

2285 2542 2404 2582 snm
2441 2549 2452 2582 :
2491 2529 2642 2584 Sit-ut
2683 2544 2820 2598 aqua
2855 2545 2976 2597 qua:
3008 2544 3136 2584 vase
3171 2545 3278 2584 non
3308 2532 3624 2598 cohibetur,
3648 2547 3860 2603 quaqua-

2283 2638 2500 2678 versum
2544 2622 2684 2692 iluit,
2733 2634 2787 2678 et
2830 2625 2918 2679 ubi
2956 2624 3226 2679 declivior
3257 2625 3410 2680 locus
3443 2626 3786 2682 humiliorem
3806 2641 3858 2682 se

2283 2717 2605 2783 priebuerit,
2636 2725 2752 2771 toto
2783 2719 2985 2787 impetu
3015 2716 3218 2772 decidit
3247 2736 3261 2773 :
3292 2719 3367 2772 ita
3399 2727 3456 2774 tn
3488 2723 3640 2775 nulla
3664 2734 3856 2775 mensu-

2279 2824 2335 2863 ra
2362 2810 2481 2877 conj
2493 2809 2631 2880 ugali
2657 2808 2938 2864 libidinem
2963 2808 3262 2864 cohibuisti
3285 2829 3294 2862 :
3317 2810 3414 2866 sed
3434 2827 3547 2884 quo
3570 2820 3624 2867 te
3649 2812 3855 2881 impetus

2277 2905 2570 2973 voluptatis
2599 2905 2786 2960 allexit
2814 2903 2932 2978 [ΑΙ.
2962 2906 3325 2980 allexeruut],
3353 2923 3418 2963 eo
3455 2913 3729 2964 sentinam
3764 2921 3854 2964 tua:

572 2995 804 3051 strictim
851 2996 1190 3065 paudamus:
1221 3011 1342 3067 quas
1371 3009 1555 3051 autem
1598 2994 1931 3049 omnimodis
1965 3003 1986 3032 ο
2023 2991 2174 3047 iitte—
2275 2999 2734 3067 concupiscentiae
2766 2998 3057 3054 difiudisti.
3097 3000 3231 3055 Cum
3269 3017 3400 3056 vero
3432 3003 3733 3077 subjungit,
3764 3019 3852 3056 non

497 3099 507 3108 ’
568 3106 686 3148 ram
718 3089 1018 3160 refugiunt,
1051 3105 1114 3148 ea
1147 3107 1248 3162 per
1272 3090 1573 3162 spiritalem
1608 3088 2024 3159 intelligentiam
2057 3086 2162 3142 sic-
2197 3117 2244 3184 α
2273 3106 2496 3156 crcscas,
2525 3090 2783 3160 prohibet
2817 3107 2940 3146 eum
2974 3093 3201 3148 ulterius
3243 3109 3271 3147 a
3303 3095 3394 3149 tali
3424 3104 3474 3150 et
3507 3097 3676 3152 simili
3703 3095 3854 3166 turpi-

567 3197 626 3243 ut
672 3195 727 3242 et
767 3185 999 3257 spiritali
1047 3195 1175 3242 sunt
1221 3187 1501 3242 intellectu
1548 3183 1857 3255 carpenda,
1903 3182 2168 3239 discutia-
2211 3180 2242 3184 ⁷
2277 3180 2486 3236 tudine.
2532 3181 2685 3237 Unde
2709 3190 2765 3238 et
2792 3182 3057 3239 Dominus
3085 3184 3153 3238 ad
3179 3182 3314 3239 Cain
3377 3183 3538 3256 (Cod.
3569 3186 3715 3259 eum]
3746 3203 3849 3256 pec-

569 3295 714 3336 πηιε,
2272 3276 2400 3329 casti
2425 3283 2500 3343 tu,
2531 3276 2757 3346 quiesce.
2801 3275 2920 3344 Quo
2949 3288 3132 3331 autern
3159 3277 3261 3332 ista
3293 3279 3539 3344 tendant,
3584 3279 3848 3350 subjuncta

2269 3373 2436 3426 verba
2475 3381 2785 3427 testantur:
2831 3373 2952 3442 quia
2994 3373 3273 3427 ascendiin
3310 3374 3479 3428 cubile
3505 3378 3673 3446 patris
3702 3376 3849 3440 tui,“

2268 3467 2544 3521 maculasti
2592 3476 2812 3521 stratum
2865 3469 2997 3537 ejus.
3041 3467 3328 3522 Manifesta
3362 3469 3510 3523 enim
3563 3471 3646 3526 his
3684 3470 3847 3526 verbis

2268 3563 2462 3619 incesti
2493 3563 2735 3626 crimen,
2771 3560 2915 3630 quod
2948 3560 3039 3616 ille
3066 3560 3120 3614 in
3145 3560 3328 3615 Baiam
3360 3563 3723 3618 concubinam
3761 3577 3844 3632 pa-

2267 3655 2368 3710 tris
2398 3655 2477 3708 sui
2517 3652 2889 3719 commiserat,
2915 3662 3282 3724 exaggeratur
3313 3671 3326 3706 :
3358 3655 3504 3724 quod
3535 3671 3605 3711 ne
3633 3656 3718 3712 cui
3747 3653 3844 3709 for-

2261 3761 2356 3800 .san
2383 3748 2680 3801 violentum
2707 3746 2956 3802 videatur
2982 3761 3050 3801 eo
3071 3745 3212 3818 quod
3235 3749 3490 3819 superius
3515 3749 3841 3822 pramissum

2259 3850 2341 3894 est
2366 3837 2479 3910 [AL
2517 3841 2853 3908 prternissum
2887 3837 3014 3910 sit].

2330 3933 2657 3988 Annuntiabo
2689 3933 2829 3987 vobis
2877 3948 2994 4004 quor
3042 3941 3254 3987 rentum
3297 3944 3418 3988 sunt
3456 3936 3510 3989 in
3567 3934 3840 3990 novissimis

2256 4028 2434 4084 diebus
2476 4046 2495 4083 :
2523 4029 2706 4083 audiat
2733 4027 2864 4098 quid
2912 4027 3056 4083 liber
3085 4028 3543 4100 Paralipomenon
3569 4031 3638 4085 de
3671 4031 3765 4085 hac
3785 4043 3839 4084 re

2253 4124 2435 4180 dicat:
2461 4122 2590 4178 Filii
2617 4141 2819 4195 quoque
2844 4123 3046 4189 Ruben,
3074 4122 3094 4162 τ
3122 4125 3218 4178 iste
3247 4126 3622 4199 primogenitus
3642 4123 3840 4179 Israel:

2253 4219 2369 4289 ipse
2387 4219 2585 4288 quippe
2608 4217 2709 4272 fuit
2732 4217 3129 4288 primogenitus
3150 4217 3302 4288 ejus;
3327 4219 3424 4273 sed
3441 4233 3560 4274 cum
3588 4217 3840 4272 violasset

1104 3372 1213 3427 DE
1281 3371 1614 3428 RUBEN.

635 3469 821 3524 Ruben
868 3468 1243 3541 primogenitus
1289 3484 1453 3532 meus,
1509 3477 1563 3520 tu
1615 3464 1873 3536 fortitudo
1922 3481 2058 3528 mea,
2116 3471 2165 3516 et

564 3564 882 3635 principium
903 3563 1100 3617 doloris
1123 3561 1224 3615 mei
1249 3577 1266 3616 :
1290 3561 1434 3633 prior
1447 3561 1500 3614 in
1528 3558 1700 3624 donis,
1728 3561 1899 3629 major
1919 3556 2159 3624 imperio.

559 3653 586 3694 τι
618 3658 777 3713 Patet
812 3657 1012 3712 littera:
1052 3671 1283 3722 sensus,
1315 3656 1441 3724 quia
1488 3654 1680 3712 beatus
1718 3651 1887 3707 Jaeob
1926 3647 2156 3719 primum

558 3751 730 3806 filium
761 3749 949 3806 Ruben
983 3765 1051 3803 ex
1084 3751 1177 3804 Lia
1212 3764 1383 3804 uxore
1406 3763 1502 3803 sua
1535 3746 1862 3814 susceperit,
1892 3744 1982 3812 qui
2019 3744 2065 3797 si
2097 3755 2158 3797 se

554 3845 718 3916 digne
740 3853 890 3900 tanto
913 3853 1067 3914 patre
1093 3854 1404 3910 tractasset,
1431 3842 1497 3896 ad
1525 3857 1648 3896 eum
1679 3838 2038 3910 primogenita
2071 3851 2154 3892 re-

551 3953 828 4010 gnumque
862 3939 1184 4008 pertineret.
1246 3936 1401 3992 Unde
1431 3934 1568 3990 dicit
1599 3933 1701 3988 sibi
1731 3949 1854 3990 eum
1883 3933 2155 4003 primoge-

551 4034 748 4098 nitum,
782 4031 937 4103 quasi
966 4032 1054 4087 cui
1077 4031 1408 4087 deberentur
1439 4030 1579 4085 dona
1605 4028 1971 4099 primogenita
1997 4044 2009 4079 :
2053 4025 2150 4081 sed

546 4135 602 4181 et
630 4125 1007 4182 fortitudinem
1041 4140 1195 4179 suam
1225 4141 1347 4178 eum
1373 4126 1644 4190 nominat,
1690 4138 1756 4176 eo
1791 4119 1937 4192 quod
1979 4119 2148 4174 robur

545 4215 763 4288 imperii
790 4217 856 4272 ad
880 4233 1002 4273 eum
1032 4216 1285 4273 debuerit
1311 4216 1612 4271 declinare.
1672 4213 1800 4268 Haec
1831 4220 2013 4268 autem
2039 4225 2145 4266 non

544 4308 673 4364 ideo
715 4309 1008 4365 indicative
1042 4309 1290 4380 protulit,
1341 4307 1487 4378 quod
1538 4307 1612 4362 ita
1661 4305 1846 4360 futura
1885 4320 2009 4362 esse
2053 4311 2148 4358 aut

2280 4328 2432 4368 orum
2466 4314 2636 4384 patris
2678 4312 2781 4378 sui,
2829 4312 2954 4367 data
2997 4320 3126 4367 sunt
3169 4313 3526 4386 primogenita
3569 4311 3687 4380 ejus
3716 4309 3837 4363 ﬁliis

545 4401 884 4472 praeviderit,
921 4402 1003 4456 vel
1039 4403 1313 4465 voluerit;
1349 4402 1444 4456 sed
1480 4409 1537 4455 ut
1569 4416 1693 4455 eum
1729 4415 1825 4469 per
1848 4398 1964 4453 haec
1995 4397 2140 4454 dicta

2281 4408 2476 4477 osepb,
2509 4407 2633 4462 filiis
2665 4406 2849 4473 Israel,
2873 4413 2929 4460 et
2953 4420 3059 4461 non
3089 4417 3174 4462 est
3200 4407 3540 4480 reputatusin
3564 4407 3836 4475 primoge-

541 4495 610 4551 ad
665 4495 1049 4566 paenitentiam
1103 4496 1517 4559 cohortaretur,
1565 4511 1688 4549 cum
1751 4491 2051 4555 recoleret.
2112 4505 2140 4546 a
2173 4520 2225 4584 Β
2251 4500 2422 4554 nitum
2459 4519 2470 4554 :
2502 4500 2681 4570 typice
2712 4507 2888 4554 autem
2915 4498 3222 4554 ltuheniste
3250 4501 3638 4572 prirnogenltus
3665 4512 3834 4568 pepu-

538 4604 742 4666 quanta
774 4593 1037 4663 dignitate
1061 4593 1337 4662 peccando
1369 4592 1686 4648 decidisset.
1729 4592 1886 4648 Unde
1911 4591 2060 4656 dicit,
2092 4601 2139 4644 et
2249 4593 2356 4646 iuni
2387 4592 2638 4662 designat
2681 4591 2963 4647 Judaicum
2985 4634 3000 4660 ,
3032 4594 3122 4662 qui
3164 4595 3559 4665 primogenitus
3586 4592 3683 4646 fuit
3718 4587 3827 4654 Dei,

538 4687 855 4760 principium
891 4683 1091 4741 doloris
1123 4686 1255 4753 mei;
1297 4685 1625 4756 principium
1661 4701 1898 4754 namque
1928 4684 2138 4739 doloris
2239 4685 2387 4754 juxta
2422 4684 2568 4755 quod
2600 4685 2667 4740 de
2701 4685 2793 4739 illo
2833 4686 3095 4740 Dominus
3126 4686 3195 4742 ad
3239 4687 3461 4758 Moysen
3488 4687 3562 4741 ait
3607 4702 3621 4739 :
3668 4681 3830 4737 Filias

537 4783 686 4840 illius
732 4781 867 4847 fuit,
917 4781 1008 4851 qui
1039 4781 1212 4852 ruptis
1243 4780 1587 4836 castimoniae
1621 4778 1877 4846 habenis,
1907 4778 2137 4834 infrenis
2241 4780 2610 4850 primogenittts
2642 4797 2784 4834 meus
2817 4779 2988 4834 Israel
3034 4789 3131 4834 est.
3190 4779 3257 4835 Et
3305 4780 3496 4834 beatus
3546 4776 3824 4844 Jeremias,

540 4888 564 4918 ο
609 4880 772 4936 irruit
818 4877 886 4934 ad
935 4876 1399 4948 constuprandarn
1449 4876 1738 4947 conjugem
1784 4873 1976 4945 patris,
2013 4889 2136 4946 quae
2242 4871 2469 4927 Sanctus
2513 4871 2683 4928 Israel
2714 4871 2938 4928 Domino
2965 4917 2978 4940 ,
3015 4874 3258 4944 primitia:
3284 4873 3493 4945 frugum
3522 4877 3634 4948 ejus
3673 4888 3694 4926 :
3731 4869 3825 4937 Qui

2228 5056 2371 5112 idem
2403 5073 2506 5112 ms.
2542 5059 2741 5128 futura,
2799 5057 3061 5113 videlicet
3100 5059 3153 5113 in
3200 5060 3358 5128 ﬁnem
3407 5063 3589 5133 futura
3630 5065 3826 5113 serrata

2228 5140 2372 5184 sunt.

2305 5211 2326 5239 ο
2369 5201 2621 5270 Legimus
2642 5216 2758 5272 qua:
2773 5210 2946 5256 autem
2962 5201 3272 5258 omnimodis
3289 5203 3518 5262 litteram
3533 5202 3817 5275 refugiunt,

2227 5287 2285 5326 ea
2313 5283 2592 5350 pcr,ctc.e
2614 5271 2711 5326 ms.
2743 5275 2866 5327 cod.
2891 5289 3034 5340 cum,
3065 5285 3223 5329 antea
3245 5285 3392 5330 esset
3412 5291 3527 5350 qua:
3549 5271 3720 5328 autem
3739 5271 3820 5323 lit-

2228 5352 2336 5418 tera
2362 5345 2648 5418 refugiunt,
2684 5353 2788 5398 etc.

2298 5414 2324 5454 ἀ
2365 5414 2655 5471 (iuuit-ario
2684 5430 2850 5470 sensu
2897 5423 3056 5469 antea
3090 5425 3212 5470 erat
3246 5415 3417 5472 Latet.
3477 5417 3711 5472 Leviora
3741 5414 3817 5468 in-

2228 5486 2308 5544 fra
2339 5489 2713 5543 enteudatuus.

2301 5568 2340 5643 ο.
2365 5563 2542 5630 Atque
2590 5559 2676 5614 hic
2722 5558 2877 5613 irruit
2925 5557 3157 5630 legimus
3201 5574 3232 5614 c
3259 5574 3362 5616 ms.
3398 5574 3495 5633 pro
3524 5573 3634 5636 quo
3661 5567 3812 5616 antea

2222 5640 2387 5685 aruit.

2290 5647 2387 5685 uir.

2298 5701 2316 5740 ί
2353 5702 2408 5757 In
2446 5699 2568 5758 cod.
2611 5699 2798 5755 Ruben
2831 5699 3172 5770 primogeniti
3203 5699 3396 5771 lsracl,
3432 5703 3547 5772 ipse
3575 5714 3808 5774 quoque.

605 5071 632 5098 ει
670 5059 752 5115 Ad
784 5075 888 5114 ms.
916 5058 1043 5114 cod.
1065 5057 1416 5112 Bibliotheca:
1443 5053 1502 5110 S.
1530 5055 1849 5119 Salvatoris,
1879 5072 1999 5127 qua;
2020 5056 2126 5112 Bo-

539 5135 725 5188 nonia:
756 5141 862 5196 est,
894 5130 1256 5200 fragmentum
1316 5129 1422 5184 hoc
1473 5129 1879 5197 recensuimus,
1953 5143 2132 5198 neque

531 5209 675 5264 enim
716 5203 949 5258 instituti
1007 5201 1178 5258 nostri
1209 5209 1315 5268 est,
1347 5209 1518 5258 totum
1551 5201 1876 5266 opusculum
1918 5200 2126 5256 exscri—

525 5276 677 5344 bere,
719 5275 861 5346 quod
897 5287 1070 5346 nuper
1099 5273 1166 5326 cl.
1198 5272 1259 5327 P.
1291 5272 1662 5346 Miugarellius
1697 5271 1961 5326 Anecdot.
1989 5283 2120 5325 tom.

525 5346 572 5403 Il
615 5344 866 5418 perfecit.
907 5344 1051 5412 Quin
1100 5346 1260 5418 etiam
1294 5345 1555 5412 quidquid
1583 5345 1685 5398 hoc
1716 5354 1797 5397 est
1829 5360 2010 5411 Operze
2033 5358 2120 5418 se-

525 5415 718 5475 cundis
756 5419 904 5472 curis
945 5417 1373 5480 rescrvavimus;
1421 5431 1547 5470 nam
1589 5432 1714 5470 cum
1760 5433 1788 5469 ει
1843 5419 1913 5469 cl.
1960 5432 2006 5468 v.
2058 5415 2118 5470 P.

527 5492 632 5548 Ab.
663 5489 998 5549 'l‘romhcllio
1031 5489 1256 5545 nussum
1286 5488 1354 5545 ad
1390 5503 1489 5545 nos
1519 5498 1602 5544 est
1631 5487 1754 5556 ejus
1785 5502 1888 5542 ms.
1935 5501 2119 5543 exem-

563 5563 665 5632 lar,
712 5569 930 5637 peracta
955 5561 1067 5631 jam
1110 5558 1354 5619 editione
1395 5560 1578 5630 priore
1620 5558 1711 5612 illa
1749 5568 1959 5625 nostra,
2009 5571 2114 5612 non

548 5635 703 5691 icuit.

591 5705 618 5742 ιι
662 5704 838 5760 Verba
869 5704 920 5756 in
949 5705 1186 5774 proximo
1211 5701 1480 5772 quietiam,
1513 5716 1634 5774 qua
1656 5699 1899 5774 ejusdem
1924 5715 2113 5774 recur-

518 5787 581 5827 su
627 5775 778 5828 vocis
821 5771 1157 5842 exciderant,
1212 5771 1243 5832 c
1297 5791 1400 5833 ms.
1443 5771 1780 5832 suﬂ‘eeimus.
1812 5771 1932 5828 Mox
1965 5771 2113 5829 addit
