4006 6350
113 346 273 410 1517

543 349 631 406 ns
673 347 904 408 ascen
943 339 1504 418 TENTATIONIBUS
1545 353 1796 414 eorum
1836 355 2084 420 ISRAEL
2122 356 2190 418 1N
2233 357 2574 422 passuro.
2616 359 3013 420 ADMONITIO.

3288 361 3430 422 1518

108 462 396 519 fortitudo
423 453 566 520 illius
598 464 719 535 fuit,
751 466 972 537 quando
1001 465 1186 538 [Forte
1211 469 1510 542 quondam]
1542 471 1594 524 in
1623 471 1726 526 Pa-
1752 477 1806 536 Α
1831 477 2049 532 cendiin
2077 476 2243 534 cubile
2271 481 2434 549 patris
2464 481 2562 548 tui,
2597 491 2644 535 et
2689 482 2966 536 maculasti
3010 490 3232 536 stratum
3262 487 3376 556 ejrs
3411 501 3430 539 :

107 558 379 611 triarcltis
396 566 452 611 et
469 557 756 627 Propltetis
780 569 832 613 et
853 561 1066 614 caneris
1078 560 1387 630 quibusque
1414 563 1723 618 fortissimis

103 647 254 702 viris
274 658 465 710 contra
494 650 949 722 idololatt-iam,et
980 654 1236 712 vitiorum
1269 657 1512 716 omnium
1543 659 1721 732 impu-

102 758 236 798 ram
286 756 564 800 catervam
610 745 822 801 fortiter
848 747 1148 813 dimicavit,
1177 750 1267 820 qui
1301 759 1480 806 tamen
1517 752 1721 820 princi—

103 837 270 907 pium
317 838 524 894 doloris
565 839 686 909 ejus
715 850 741 878 ει
772 843 1117 912 prteexstitit,
1149 845 1366 916 quando
1396 846 1723 906 adveniente

99 930 401 988 Salvatore
446 934 499 988 in
564 934 947 992 incredulitate
1006 952 1368 1008 permanens,
1417 937 1720 997 doctrinam

100 1024 266 1080 illius
310 1027 590 1097 suscipere
621 1036 803 1083 mente
838 1030 1041 1084 tumida
1084 1033 1374 1088 recusavit.
1424 1033 1578 1090 Unde
1611 1035 1720 1090 Do-

100 1117 300 1172 minus
329 1117 520 1173 videns
550 1119 826 1176 civitatem
866 1119 1197 1187 Jerusalem,
1225 1122 1442 1181 ﬂevisse
1472 1125 1673 1180 dicitur
1704 1144 1718 1180 :

100 1219 162 1266 et
193 1213 250 1264 in
298 1209 487 1266 Lazari
534 1212 952 1268 resuscitationc
983 1229 1079 1283 pro
1111 1214 1229 1286 ejus
1258 1217 1444 1288 pepuli
1475 1218 1722 1274 erecitate

99 1304 452 1378 lacrymatus
499 1319 624 1360 esse
689 1306 1029 1375 perhibetur.
1077 1307 1210 1363 Cum
1259 1319 1442 1366 autem
1499 1309 1718 1377 dicitur,

102 1397 262 1467 prior
291 1397 345 1450 in
372 1396 564 1452 donis:
590 1397 898 1454 ostenditur
926 1398 1146 1470 quidem
1185 1401 1534 1471 prtecessisse
1562 1418 1718 1462 eum-

101 1491 239 1547 dem
269 1490 530 1564 pepulttm
560 1492 884 1548 muneribus
912 1507 941 1547 a
974 1493 1084 1549 Deo
1109 1494 1346 1563 collatis,
1395 1495 1720 1551 subsecutu-

99 1597 231 1636 ram
267 1597 397 1636 vero
425 1583 666 1651 gentium
701 1583 1032 1649 I'Jcclesiam,
1065 1601 1186 1654 quae
1216 1585 1422 1640 eisdem
1463 1597 1517 1641 et
1548 1587 1720 1643 multo

101 1677 424 1746 potioribus
453 1686 601 1732 esset
637 1676 890 1733 donanda
931 1679 1382 1736 cltaristnatibtts.
1423 1680 1557 1740 Cum
1588 1696 1719 1737 vero

100 1771 425 1844 subjungit,
456 1773 624 1842 major
648 1773 889 1847 imperio,
923 1790 1030 1832 non
1077 1776 1273 1832 mirum
1328 1777 1374 1832 si
1419 1776 1720 1834 honoretur

1826 583 1925 638 per
1954 569 2136 625 cubile
2159 571 2325 640 patris
2351 582 2373 610 ε
2402 573 2501 639 lui,
2527 588 2746 628 carnem
2773 574 3074 629 Salvatoris
3105 575 3387 632 insinuans
3414 595 3426 631 :

1827 677 1930 718 nec
1957 663 2155 721 mirum
2186 663 2368 722 cubile
2399 667 2570 736 patris
2598 666 2748 735 ejus,
2780 676 2968 736 gentes
2997 675 3051 722 et
3079 682 3279 742 corpus
3323 671 3428 723 Do-

1825 755 2084 815 minicutn
2115 755 2344 826 intelligi
2389 773 2402 809 :
2429 757 2552 820 quia
2583 757 2650 811 ab
2678 772 2745 812 eo
2775 758 2916 813 idem
2952 761 3183 828 populus
3213 769 3428 816 creatus

1827 856 1931 903 est.
1963 847 2094 904 Nam
2128 848 2390 918 scriptum
2419 847 2488 904 de
2511 865 2575 902 eo
2597 848 2784 904 Omnia
2815 867 2904 920 per
2922 852 3089 923 ipsum
3115 853 3254 923 facta
3273 861 3430 920 sunt;

1827 955 1922 1009 per
1939 949 2164 998 stratum
2187 956 2318 1001 vero
2344 940 2484 997 idem
2507 956 2710 1012 corpus
2728 943 3050 1014 intelligitur
3074 961 3087 998 :
3113 945 3254 1015 quod
3275 945 3428 1016 quasi

1824 1047 1853 1086 a
1872 1031 2072 1090 Judaiis
2093 1034 2420 1092 maculatum
2444 1043 2550 1101 est,
2577 1034 2795 1109 quando
2817 1051 3006 1094 eorum
3033 1038 3429 1093 acclamatione

1826 1125 2087 1185 Dominus
2134 1129 2186 1184 in
2219 1142 2383 1184 cruce
2410 1143 2727 1200 suspensus,
2759 1140 2812 1185 et
2843 1129 3034 1186 lancea
3066 1129 3431 1186 transverbe-

1825 1230 1974 1276 ratus
2001 1229 2164 1300 atque
2189 1236 2385 1277 cruore
2412 1220 2634 1293 proprio
2663 1228 2749 1278 est
2776 1221 3054 1300 perfusus.

2028 1355 2393 1416 SECUNDUS
2432 1354 2912 1426 PATRIARCHA,
2955 1353 3230 1416 SIMEON.

1899 1490 2109 1546 Sintcon
2157 1501 2206 1547 et
2236 1492 2360 1546 Levi
2385 1491 2413 1529 ἀ
2445 1508 2567 1547 vasa
2616 1493 2904 1565 iniquitatis
2955 1493 3218 1547 bellantia.
3274 1493 3433 1550 Patet

1825 1583 2021 1641 littera:
2051 1601 2267 1651 sensus,
2303 1586 2430 1657 quia
2475 1587 2531 1642 hi
2561 1586 2668 1642 duo
2717 1585 2914 1642 fratres
2958 1589 3030 1642 ob
3060 1587 3428 1643 ulciscendum

1823 1687 2076 1746 stuprum
2122 1678 2360 1745 sororis,
2409 1679 2706 1735 subornata
2755 1694 2893 1748 pace
2923 1689 2975 1734 et
3009 1679 3148 1735 ﬁctis
3174 1681 3434 1736 amicitiis

1823 1769 2161 1841 deceperunt
2190 1771 2422 1843 Sychem
2454 1782 2508 1826 et
2530 1771 2698 1827 Emor
2720 1781 2930 1842 patrem
2957 1772 3122 1840 illius,
3151 1789 3288 1843 quos
3309 1790 3433 1828 vasa

102 1864 307 1919 eadem
350 1879 510 1936 genS,
553 1881 676 1936 quae
704 1867 878 1938 prima
924 1868 1158 1923 credidit
1200 1871 1564 1944 praerogativa
1610 1871 1716 1947 [ΑΙ.
1754 1873 1796 1933 Β
1826 1865 2118 1935 iniquitatis
2149 1864 2686 1932 bellantianominat,
2717 1867 2846 1936 quia
2875 1867 3120 1937 iniquum
3151 1868 3306 1923 valde
3330 1869 3434 1924 fuit

104 1959 420 2032 progativo]
449 1971 661 2034 patrum
702 1979 715 2014 :
746 1962 962 2034 quando
991 1963 1181 2018 beatus
1206 1967 1488 2035 apostolus
1519 1966 1722 2023 Paulus

103 2053 343 2106 multum
380 2069 476 2123 per
499 2069 715 2109 omnem
751 2056 969 2109 modum
1003 2058 1234 2124 amplius
1264 2073 1388 2116 esse
1414 2058 1603 2114 Judteo
1634 2058 1722 2116 die

103 2154 219 2201 cat.
274 2145 444 2200 Addit
487 2147 719 2214 interea,
747 2147 943 2215 effusus
969 2166 1020 2202 es
1051 2149 1182 2206 sicut
1210 2167 1365 2222 aqua,
1409 2151 1721 2208 elirenatio-

102 2255 236 2295 neut
269 2238 416 2295 illius
446 2240 628 2312 populi
661 2251 842 2300 mente
863 2244 1238 2313 considerans,
1265 2245 1354 2317 qui
1379 2261 1718 2318 nequaquam

103 2345 240 2386 vase
266 2332 400 2404 legis
422 2348 486 2387 ac
516 2347 915 2406 praeceptorum
940 2334 968 2374 δ
997 2336 1306 2392 divinorum
1336 2339 1606 2395 coercitus
1635 2348 1722 2400 est

105 2441 392 2492 mensura,
413 2429 508 2482 sed
532 2429 760 2498 abjectis
787 2431 1027 2485 omnium
1061 2445 1456 2504 praeceptorum
1481 2433 1575 2495 Dei
1604 2436 1721 2496 vin-

105 2519 270 2579 culis.
307 2519 357 2572 in
388 2520 681 2576 Salvatoris
711 2537 901 2578 necem
929 2534 1040 2578 toto
1062 2537 1262 2580 conatu
1297 2525 1586 2581 locutionis
1607 2541 1719 2582 sua:

106 2615 258 2669 rivos
287 2612 496 2669 effudit.
526 2613 658 2670 Nam
689 2616 831 2688 quod
865 2632 960 2687 per
989 2633 1182 2690 aquam
1215 2619 1416 2674 locutio
1443 2619 1608 2690 bona,
1633 2622 1718 2680 vel

107 2710 252 2763 mala
288 2708 646 2780 signiﬁcetur,
677 2711 962 2781 Scriptura
993 2713 1148 2768 testis
1173 2724 1254 2770 est
1279 2713 1484 2783 divina,
1509 2730 1630 2785 quae
1663 2715 1717 2772 in

108 2800 257 2855 bono
287 2801 417 2856 dicit
449 2818 464 2857 :
497 2801 647 2876 Aqua
678 2805 940 2876 profunda
965 2807 1115 2864 verba
1142 2823 1206 2862 ea:
1229 2823 1315 2861 ore
1337 2809 1452 2875 viri,
1479 2809 1720 2879 itemque

110 2891 163 2948 in
205 2893 354 2947 malo
383 2933 397 2958 ,
448 2893 548 2961 Qui
601 2895 810 2949 dimittit
848 2913 1035 2966 aquam
1093 2906 1250 2968 caput
1289 2908 1363 2951 est
1391 2899 1716 2972 jurgiorunt.

110 2984 266 3056 Quod
299 3001 430 3041 vero
459 2986 763 3059 subjuugit,
798 2987 919 3044 Non
951 3005 1170 3057 crescas,
1203 2989 1442 3046 ostendit
1463 2991 1717 3047 eumdem

110 3079 394 3150 pupulum,
419 3081 559 3133 sicut
584 3093 635 3134 et
659 3080 832 3134 oculis
853 3083 1152 3150 cernimus,
1181 3082 1324 3137 inter
1343 3092 1569 3140 cunctas
1588 3101 1720 3156 gen-

109 3176 198 3224 tes
225 3170 553 3241 paucissimo
572 3187 799 3226 numero
815 3173 1141 3228 diminutum
1174 3190 1188 3227 :
1213 3190 1382 3245 quare
1415 3187 1597 3234 autem
1614 3178 1719 3232 ista

1827 1956 2121 2011 amicitiam
2151 1957 2530 2026 praetendisse,
2557 1965 2612 2011 et
2641 1972 2757 2011 eam
2790 1967 2976 2028 postea
3013 1957 3337 2028 prodidisse.
3369 1959 3433 2015 In

1826 2049 2046 2104 concilio
2076 2065 2255 2104 eorum
2282 2066 2346 2104 ne
2380 2051 2552 2104 veniat
2595 2050 2772 2103 anima
2811 2068 2942 2118 mea,
2977 2052 3228 2107 videlicet
3262 2069 3432 2110 exse-

1823 2158 1986 2199 crans
2015 2159 2234 2199 omnem
2266 2145 2571 2198 simulatam
2599 2159 2811 2214 pacem.
2837 2145 2993 2202 Unde
3023 2156 3080 2202 et
3106 2147 3294 2203 beatus
3323 2149 3429 2204 Da-

1825 2236 1912 2290 vid
1941 2236 2134 2290 talibus
2155 2237 2461 2306 quibusque
2484 2237 2626 2292 lictis
2649 2237 3000 2308 imprecetur,
3029 2242 3116 2310 qui
3141 2238 3430 2310 loquuntur

1825 2348 2000 2400 pacem
2029 2348 2145 2385 cum
2171 2333 2411 2403 proximo
2438 2349 2554 2394 suo.
2586 2339 2724 2387 mala
2747 2342 2920 2387 autem
2949 2344 3068 2389 sunt
3098 2335 3150 2389 in
3187 2336 3430 2391 cordibus

1823 2440 2022 2478 eorum.
2057 2423 2139 2478 Da
2167 2423 2276 2479 illis
2303 2424 2589 2480 secundum
2639 2441 2795 2497 Opera
2825 2426 3081 2494 ipsorum.
3112 2427 3266 2495 Quod
3298 2445 3430 2486 vero

1823 2522 2120 2596 subjungit,
2152 2535 2205 2578 et
2237 2523 2291 2576 in
2320 2533 2451 2578 cwtu
2481 2523 2692 2577 illorum
2720 2539 2823 2576 non
2853 2523 2920 2575 sit
2944 2525 3112 2592 gloria
3143 2541 3252 2576 mea
3279 2525 3432 2580 nolco

1825 2613 1916 2668 bat
1949 2616 2132 2684 utique
2179 2615 2270 2668 tali
2304 2613 2526 2670 victoria
2575 2624 2631 2669 et
2675 2616 2857 2685 potius
2904 2614 3054 2668 ccede
3082 2615 3341 2685 gloriari,
3376 2617 3427 2670 iu

1823 2723 1928 2778 qua
1957 2724 2062 2764 non
2093 2710 2265 2765 virtus
2295 2709 2584 2766 bellatoris
2618 2721 2831 2780 poterat
2860 2710 3088 2777 laudari,
3117 2711 3210 2766 sed
3251 2713 3429 2780 petlus

1823 2801 2032 2858 falsitas
2062 2802 2375 2875 deceptoris
2419 2806 2662 2874 coargui.
2703 2805 2835 2870 Quia
2882 2806 2935 2857 in
2965 2806 3142 2875 furore
3168 2821 3264 2858 suo
3293 2806 3431 2858 orci-

1823 2894 2009 2949 derunt
2039 2895 2225 2965 virum,
2256 2905 2304 2950 et
2333 2897 2387 2950 in
2415 2897 2802 2951 uoluntate'sua
2832 2895 3159 2963 itu/foderunt
3199 2912 3427 2951 murum.

1822 2987 1928 3044 Per
1951 2988 2124 3043 vitum
2152 2988 2390 3062 Sycbem
2425 2990 2655 3064 intelligi
2689 2990 2871 3056 debet,
2893 3001 2948 3045 et
2976 3005 3072 3060 per
3093 3004 3216 3044 eum
3241 3005 3432 3046 omnes

1823 3081 1914 3154 qui
1943 3081 2063 3152 ejus
2089 3096 2252 3136 causa
2287 3083 2555 3154 perempti
2588 3093 2733 3138 sunt.
2765 3082 3034 3139 Suffossio
3065 3094 3249 3138 autem
3294 3083 3435 3140 muri

1823 3174 2186 3254 nonquidcm
2218 3176 2270 3231 in
2304 3175 2450 3234 libro
2480 3176 2757 3236 Geneseos
2793 3176 2994 3248 legitur
3031 3175 3234 3232 ibidem
3265 3175 3434 3234 fuisse

111 3275 408 3334 perpessus
454 3265 524 3320 sit
558 3282 571 3318 :
605 3264 890 3338 subjuncta
923 3266 1086 3322 verba
1135 3276 1426 3339 testantur,
1467 3270 1591 3340 quia
1635 3286 1719 3323 as-
1747 3263 1791 3326 C
1826 3283 2057 3343 patrata.

183 3429 213 3462 ι
235 3419 598 3495 Lacunculam
619 3419 993 3495 supplevimus
1024 3435 1055 3476 e
1084 3436 1187 3477 ms.
1219 3421 1390 3478 verbo
1410 3425 1716 3495 praemetuit

111 3491 262 3566 quod
271 3503 447 3566 antea
470 3491 666 3566 deerat
698 3509 711 3544 :
748 3508 873 3547 mox
901 3493 1065 3550 etiam
1096 3495 1317 3550 verbum
1351 3491 1656 3566 suscipere.

183 3561 213 3602 δ
248 3562 418 3620 Vrrba
457 3561 769 3618 Divinarum
799 3567 1048 3620 coercitus
1078 3578 1150 3622 est
1189 3582 1427 3621 mensura
1448 3607 1463 3632 ,
1504 3561 1597 3622 sed
1627 3567 1718 3624 ab-

103 3636 262 3706 jectis
295 3635 523 3688 omnium
554 3644 946 3706 prwceptorum,
981 3651 1104 3706 qua:
1136 3637 1336 3692 ultimm
1379 3639 1539 3708 hujus
1568 3640 1719 3694 vocis

112 3720 374 3778 recursu,
405 3709 636 3760 solemni
672 3709 1089 3762 amanuensiunt
1119 3708 1270 3778 lapsu
1301 3709 1652 3777 exciderant,
1685 3727 1716 3767 e

113 3793 220 3832 ms.
255 3776 586 3833 suﬂ‘ecimus.

189 3859 211 3887 ε
244 3847 302 3926 lu
327 3863 430 3926 ms.
459 3851 536 3926 tui
565 3858 724 3906 tacet.
755 3849 840 3926 Es
860 3864 969 3921 quo
991 3865 1118 3907 mox
1147 3851 1306 3926 verba
1329 3861 1503 3926 gentes
1529 3861 1576 3910 et
1602 3870 1720 3910 cor-

112 3937 210 3993 pus
253 3917 618 3987 Dominicum,
649 3917 1004 3976 cmendainus
1043 3937 1138 3996 pro
1168 3917 1364 3992 quibus
1394 3935 1512 3979 erat
1551 3927 1718 4000 gentis

1823 3443 2010 3484 corvus
2041 3425 2350 3484 Dominicat.

1945 3499 2340 3576 Prosequituut'
2361 3517 2426 3560 ex
2449 3505 2644 3561 eodem
2665 3518 2767 3561 tns.
2788 3505 3086 3576 pericopen
3107 3503 3248 3576 lianc
3269 3503 3428 3576 aliam

1823 3569 2148 3650 desiturou
2196 3573 2265 3650 ad
2298 3573 2464 3631 ﬁnem
2507 3591 2698 3650 usque,
2731 3569 2843 3650 pro
2872 3569 2996 3645 qua'
3027 3575 3078 3628 in
3131 3573 3429 3650 liiartiauaei

1824 3640 2063 3716 editione
2098 3645 2255 3716 pauci
2278 3661 2484 3708 versus
2521 3640 2748 3702 ex'vero
2786 3640 3118 3716 Hieronymo
3149 3644 3432 3716 describe-

1827 3712 2042 3788 bantur,
2071 3712 2388 3788 monuitque
2411 3719 2526 3788 ipse
2548 3719 2725 3773 editor
2749 3727 2944 3772 caetera
2975 3712 3161 3770 [iuberi
3202 3715 3428 3788 totidem

1825 3784 2182 3912 versibu‘sloin
2233 3784 2354 3859 ejus
2390 3784 2448 3846 SI
2485 3790 2662 3846 Putris
2706 3789 3098 3861 quaestionibus
3146 3786 3430 3848 Hebraicis

1825 3870 1992 3912 supra
2021 3871 2050 3912 e
2094 3868 2204 3912 ttts.

1825 3870 1992 3929 supra
2021 3868 2204 3918 cuius.

107 4044 2280 4069 Μ

347 4191 1027 4280 ADMONITIO
1102 4196 1223 4280 IN
1298 4197 1620 4286 DUOS
1696 4198 2392 4312 SEQUENTES
2469 4194 3208 4286 TBACTATUS.

1432 4361 2107 4388 Μ

192 4470 596 4541 Quzestlonibus
626 4475 911 4532 Hebraicis
936 4477 988 4532 in
1021 4476 1300 4544 Genesim,
1333 4481 1569 4549 genuino
1611 4481 1932 4553 Hieronymi
1965 4479 2141 4551 operi,
2169 4476 2314 4550 quod
2343 4487 2506 4544 supra
2532 4467 2931 4532 recensuimus,
2955 4465 3092 4520 ἀυῦδ
3118 4463 3282 4520 110³00
3303 4477 3435 4535 θρο-

119 4567 358 4641 cryphos
383 4569 670 4626 Tractattts
701 4573 962 4627 continuo
991 4573 1233 4628 subdunt
1263 4572 1506 4643 plerique
1539 4591 1675 4630 mss.
1711 4575 1857 4641 libri,
1891 4591 2033 4646 quos
2061 4575 2204 4629 inter
2225 4581 2278 4626 et
2307 4583 2482 4630 meus,
2513 4580 2622 4637 quo
2652 4562 2958 4635 saepissime
2981 4571 3106 4617 utor
3132 4562 3236 4616 ltec
3259 4569 3430 4616 tomo.

121 4663 191 4718 Et
237 4663 382 4731 prior
413 4664 628 4734 quidem
651 4706 667 4733 ,
701 4667 788 4735 qttl
839 4665 910 4720 ibi
951 4666 1268 4736 Explanatio
1300 4668 1474 4721 decem
1508 4665 1874 4721 Tentntionum
1905 4683 1968 4720 ea:
2004 4661 2403 4718 Deuteronomio
2436 4655 2784 4723 inscribitur,
2813 4653 3023 4726 jamdiu
3059 4664 3217 4708 antea
3252 4652 3432 4706 locum

121 4755 264 4811 inter
293 4754 434 4812 falso
464 4757 661 4811 tributa
695 4757 754 4811 S.
787 4757 1004 4812 Doctori
1035 4772 1198 4826 Opera
1231 4757 1544 4824 obtinebat;
1573 4757 1715 4813 alter
1745 4773 1900 4822 vero,
1936 4755 2092 4826 cujus
2119 4758 2247 4808 item
2277 4749 2466 4805 titulus
2490 4748 2543 4803 in
2577 4763 2642 4802 eo
2674 4764 2776 4803 ms.
2807 4753 2912 4809 est.
2948 4744 3266 4815 Emptanatio
3296 4740 3434 4795 Can-

122 4851 209 4904 tici
244 4850 494 4908 Debborw
519 4861 565 4904 et
614 4850 816 4906 Barach
843 4868 905 4906 ex.
933 4852 1065 4906 libro
1085 4850 1355 4919 Judicum,
1392 4852 1625 4924 primum
1659 4851 1959 4908 subdititiis
1991 4848 2193 4905 fetibus
2233 4861 2262 4900 a
2291 4845 2608 4900 Martiantco
2636 4842 2926 4913 adjunctus
2952 4850 3036 4897 est
3066 4857 3130 4896 ac
3159 4838 3434 4907 vulgatus.

123 4941 418 5018 Utriusque
449 4944 769 5009 Auctorem,
791 4962 952 5013 quem
979 4961 1144 5000 unum
1170 4946 1533 5015 eumdetnquc
1563 4962 1688 5001 esse
1711 4961 1777 5000 ex
1809 4944 1933 5013 styli
1963 4959 2026 4997 ac
2051 4941 2449 4996 sententiarum
2481 4937 2882 5001 similitudine,
2908 4936 3145 4989 nihilost
3172 4932 3395 4988 dubium
3415 4967 3436 4999 ,

123 5033 299 5090 editor
331 5036 717 5091 Benedictinus
747 5051 870 5092 eum
907 5046 1060 5106 putat
1103 5052 1225 5092 esse
1274 5037 1585 5104 Hebrmum,
1619 5041 1807 5092 nescio
1835 5049 1997 5107 quem
2031 5049 2060 5088 a
2091 5031 2317 5086 Rabano
2376 5029 2655 5085 laudatum
2708 5029 2761 5082 in
2800 5025 3220 5081 Praefationibus
3270 5022 3438 5080 Com-

124 5130 520 5188 mentariorum
549 5128 602 5186 in
636 5129 806 5186 libros
835 5130 1041 5200 Hegtnn
1070 5140 1126 5186 et
1176 5130 1661 5199 Paralipomenon,
1695 5144 1857 5201 quem
1886 5141 2077 5188 rursus
2105 5124 2360 5184 eumdem
2391 5139 2515 5180 eum
2549 5138 2616 5180 eo
2647 5120 2797 5189 facit,
2830 5121 2923 5190 qui
2971 5122 3025 5181 in
3057 5122 3204 5194 ipsos
3228 5121 3434 5193 Regum

124 5233 175 5280 et
205 5223 663 5294 Paralipomenon
714 5223 883 5278 libros
906 5223 1251 5290 Qumstiones
1297 5224 1618 5291 llebrairas,
1654 5223 1791 5278 falso
1824 5221 2012 5278 itidem
2043 5220 2378 5291 Hieronymo
2407 5217 2728 5288 inscriptas,
2756 5229 2995 5285 moxque
3021 5230 3052 5270 a
3084 5215 3244 5271 nobis
3277 5231 3437 5276 reca-

124 5317 464 5388 guoscendas
485 5317 854 5374 concinnavit.
881 5315 939 5376 ln
972 5332 1132 5386 quant
1163 5332 1263 5390 ego
1294 5317 1625 5372 sententiam
1657 5332 1765 5371 non
1802 5315 2006 5370 invitus
2047 5310 2413 5368 concesserim
2442 5328 2453 5364 :
2488 5308 2754 5380 siquidem
2789 5307 3022 5363 maxima
3055 5307 3108 5362 in
3142 5307 3436 5364 scribendo

125 5413 263 5472 inter
285 5423 582 5481 utrumque
607 5409 1112 5481 interceditingcnii
1141 5410 1464 5468 similitudo.
1489 5409 1691 5466 Verum
1717 5423 1896 5479 neque
1927 5406 2070 5465 istud
2102 5414 2424 5476 praeteream
2447 5403 2903 5468 animadvertere,
2932 5416 3038 5456 nou
3070 5399 3241 5457 videri
3268 5401 3436 5460 Trac-

127 5519 268 5568 latus
301 5516 458 5577 istos,
491 5512 716 5582 ejusque
761 5514 1049 5565 Auctorem
1098 5509 1324 5566 ltabauo
1365 5509 1695 5570 innotuisse,
1727 5523 1848 5561 cum
1897 5501 2311 5560 Deuteronontii
2356 5516 2423 5556 ac
2451 5500 2705 5557 Judicntn
2752 5500 2923 5556 libros
2955 5499 3437 5567 interpretaretur.

126 5604 370 5680 Denique
393 5605 678 5669 Erasmus,
701 5602 766 5655 de
793 5602 996 5670 priore,
1021 5600 1166 5668 quod
1195 5600 1520 5668 planetlieas
1546 5607 1600 5652 et
1621 5597 1689 5653 de
1712 5597 1910 5664 altero,
1936 5597 2016 5651 sic
2039 5593 2324 5666 judicavit.
2358 5593 2548 5664 Stylus
2573 5600 2657 5648 est
2680 5607 2786 5645 non
2814 5590 3044 5659 alicujus
3074 5591 3436 5647 recentioris:

125 5713 347 5777 apparet
381 5701 745 5773 fragmentum
779 5714 904 5755 esse
930 5699 1246 5766 decerptum
1276 5712 1343 5752 ex
1375 5693 1799 5750 Commentariis
1823 5693 2058 5787 alicujus
2090 5705 2273 5787 Anam
2302 5699 2356 5746 et
2400 5689 2693 5787 abruptum
2719 5694 2806 5740 est
2835 5685 3048 5787 initium
3095 5695 3152 5787 et
3183 5685 3440 5787 similiter

125 5775 352 5866 desinit,
391 5805 451 5854 ut
482 5794 694 5868 incipit.
726 5793 916 5866 Neque
962 5791 1122 5850 video
1149 5804 1246 5846 cur
1277 5787 1566 5860 quisquam
1598 5787 1704 5842 hoc
1727 5785 2054 5846 existimarit
2087 5783 2416 5857 Hieronymo
2440 5777 2789 5839 tribuendum
2818 5817 2831 5844 ,
2868 5775 2971 5837 nisi
3004 5775 3147 5836 forte
3174 5777 3437 5850 deceptus

126 5895 223 5950 hac
252 5891 592 5963 conjectura,
627 5888 770 5959 qut-ti
803 5889 1196 5956 interpretatur
1225 5884 1436 5954 aliquot
1464 5895 1631 5941 voces
1658 5879 1975 5942 Hebraicas.
