4006 6284
625 250 766 310 1319

1397 247 1492 310 AD
1529 245 1778 312 TOMUM
1816 251 1886 310 Ill
1920 245 2205 311 OPERUM
2244 251 2305 311 S.
2346 246 2731 312 HIERONYMI
2769 248 3139 314 APPENDIX.

3799 260 3907 318 I520

832 553 1202 624 DECEM
1256 550 1899 626 TENTATION
1911 548 2032 623 ES
2083 549 2476 625 POPULI
2533 549 2942 623 ISRAEL
2997 552 3112 626 IN
3164 549 3710 629 DESERTO.

2057 690 2468 706 -Ἢ

691 772 822 834 Haec
850 785 970 832 sunt
999 777 1170 845 verba,
1201 793 1315 850 qua:
1341 777 1543 833 locutus
1574 785 1646 832 est
1677 777 1886 849 Moyses
1915 777 1983 830 ad
2013 793 2215 832 onmem
2242 780 2299 840 Α
2321 777 2518 849 (Ibid.,
2558 779 2658 846 16,
2692 779 2883 850 seqq.).
2920 778 3106 834 Altera
3141 779 3246 835 fuit
3285 779 3519 836 tentatio
3538 821 3554 847 ,
3585 779 3664 836 de
3687 795 3793 852 qua
3821 791 3918 852 post

616 869 810 938 Israel,
844 872 898 926 in
929 873 1152 927 transitu
1175 869 1458 938 Iordanis,
1490 871 1546 924 in
1567 870 1848 925 solitudine
1868 911 1882 934 ,
1912 871 1964 924 in
1993 886 2222 939 campes—

614 966 706 1030 tri,
739 973 918 1020 contra
948 982 1090 1020 mare
1115 963 1373 1031 Rubrum,
1401 965 1534 1018 inter
1559 962 1778 1017 Pharan
1810 972 1857 1018 et
1885 961 2140 1035 ThOpltel,
2173 970 2220 1014 et

618 1056 799 1114 Laban
833 1068 880 1114 et
908 1060 1125 1113 Aseroth
1157 1069 1206 1112 et
1243 1058 1361 1111 auri
1395 1057 1788 1110 abundantiam.
1825 1055 2074 1111 Undecim
2105 1054 2216 1108 die-

616 1167 736 1206 rum
757 1153 854 1206 iter
877 1151 941 1206 de
966 1151 1144 1206 Horeb
1170 1152 1238 1205 ad
1259 1159 1484 1204 montem
1509 1150 1649 1214 Seir,
1671 1164 1830 1220 usque
1856 1147 2222 1203 Cades-Barne

621 1249 798 1322 (Deut.
831 1266 886 1316 t,
922 1251 973 1316 1,
1003 1249 1085 1320 2).
1131 1249 1261 1304 Haec
1309 1256 1437 1303 sunt
1480 1247 1680 1314 verba,
1725 1245 1920 1315 quibus
1960 1245 2221 1314 corripuit

616 1344 834 1418 Moyses
865 1344 1008 1400 ﬁlios
1043 1343 1209 1400 lsi‘ael
1253 1359 1348 1414 pro
1377 1343 1566 1399 decem
1620 1341 2048 1407 tentationibus,
2093 1341 2218 1411 qui-

622 1439 724 1496 bus
755 1438 1044 1494 Dominum
1086 1446 1456 1492 tentavernnt.
1495 1434 1653 1491 Unde
1683 1433 1949 1489 Dominus
1981 1435 2036 1487 in
2079 1432 2222 1487 libro

622 1534 984 1591 Numerorum
1007 1531 1172 1587 dicit:
1196 1530 1261 1586 At
1289 1547 1461 1584 omnes
1484 1530 1715 1583 homines
1739 1530 1826 1598 qui
1851 1527 2088 1580 viderunt
2112 1543 2221 1579 ma-

609 1629 854 1700 iestatem
876 1642 1041 1681 meam
1060 1666 1076 1693 ,
1106 1635 1155 1680 et
1182 1624 1331 1696 signa
1365 1639 1482 1693 quas
1517 1623 1612 1692 feci
1638 1626 1693 1676 in
1719 1620 1955 1692 Egypto
1980 1631 2026 1674 et
2056 1621 2108 1674 in
2135 1636 2219 1674 so-

617 1722 870 1785 litudine,
911 1728 956 1773 et
991 1726 1312 1774 tentaverunt
1342 1717 1420 1771 me
1452 1719 1570 1789 jam
1598 1731 1690 1788 per
1722 1715 1893 1769 decem
1931 1715 2099 1779 vices,
2129 1731 2220 1768 nec

620 1815 919 1869 obedierunt
945 1814 1056 1868 voci
1086 1827 1242 1878 mete,
1272 1827 1377 1865 non
1399 1809 1638 1863 videbunt
1662 1817 1855 1864 terram
1886 1824 1979 1878 pro
2004 1825 2107 1879 qua
2129 1809 2221 1878 ju-

617 1910 728 1964 ravi
760 1909 992 1978 patribus
1018 1923 1197 1962 eorum
1218 1904 1409 1979 (Num.
1442 1920 1552 1970 xw,
1581 1903 1696 1973 22).
1717 1903 1864 1972 Quas
1887 1904 2220 1958 tentationes

615 2002 705 2058 bic
733 2003 973 2058 breviter
999 2009 1055 2056 et
1080 2001 1316 2055 obscure
1343 1999 1560 2068 Moyses
1586 1995 2082 2053 enumeratdicens
2109 2014 2119 2048 :
2150 1993 2217 2047 In

613 2098 928 2162 solitudine,
978 2097 1034 2151 in
1079 2109 1186 2165 qua
1231 2093 1474 2149 ostendit
1520 2108 1615 2148 eos
1666 2106 1763 2162 pro
1793 2107 1949 2160 aqua:
1995 2091 2215 2161 penuria

2328 885 2497 940 pauca
2531 872 2582 925 in
2617 872 2805 938 eodem
2849 871 2990 927 libro
3029 871 3268 927 dicitur:
3313 872 3424 928 Sea:
3453 873 3645 927 diebus
3676 874 3916 946 colligite,

2325 965 2380 1018 in
2431 965 2516 1019 die
2547 974 2718 1020 autent
2759 965 2978 1036 septima
3025 965 3310 1020 Sabbatum
3345 975 3419 1020 est
3447 965 3709 1035 Domini,
3753 967 3919 1020 idcirco

2327 1073 2430 1111 non
2460 1059 2768 1113 invenietur.
2802 1055 2952 1111 Venit
2984 1069 3153 1112 autem
3180 1059 3397 1129 septima
3423 1057 3558 1126 dies,
3592 1068 3645 1113 et
3667 1058 3856 1128 egressi
3872 1058 3920 1110 de

2325 1152 2520 1222 populo
2570 1161 2628 1205 ut
2671 1153 3006 1224 colligerent,
3054 1170 3159 1206 non
3196 1153 3522 1207 invenerunt.
3579 1151 3739 1206 Dixit
3775 1164 3920 1207 autent

2325 1242 2582 1298 Dominus
2627 1246 2697 1298 ad
2737 1243 2953 1316 Moysen
2996 1261 3016 1300 :
3058 1244 3332 1317 Usquequo
3379 1263 3482 1301 non
3534 1246 3705 1302 vultis
3745 1261 3922 1301 seruarc

2324 1337 2575 1390 mandata
2603 1354 2740 1400 mea,
2774 1347 2823 1391 et
2849 1337 3013 1408 legem
3043 1338 3238 1393 meam?
3256 1349 3362 1394 etc.
3399 1339 3598 1409 (Ibid.,
3632 1340 3732 1406 26,
3752 1341 3915 1412 seqq.).

2325 1429 2488 1486 Sexta
2514 1431 2742 1486 tentatio
2763 1431 3076 1486 continetur
3101 1432 3153 1485 in
3180 1446 3247 1486 eo
3273 1432 3420 1502 quod
3452 1432 3529 1486 ait
3556 1450 3568 1484 :
3597 1432 3673 1487 Et
3704 1434 3916 1488 Aseroth.

2323 1522 2560 1576 Aseroth
2591 1537 2724 1576 vero
2750 1522 2944 1577 civitas
2985 1529 3071 1577 est
3101 1523 3282 1577 vicina
3324 1523 3649 1590 solitudini,
3682 1535 3740 1580 et
3769 1525 3917 1579 inter-

2323 1621 2573 1683 pretatur
2605 1613 2782 1682 Villa,
2815 1615 2868 1669 in
2899 1613 3055 1685 cujus
3084 1615 3392 1681 territorio,
3423 1615 3474 1670 id
3499 1624 3623 1682 cst,
3672 1615 3728 1671 in
3760 1616 3917 1687 sepul«

2322 1710 2430 1764 eris
2455 1710 2917 1780 concupiscentiae
2943 1711 3084 1766 facta
3115 1711 3281 1766 fuisse
3309 1709 3513 1780 legitur
3535 1710 3791 1767 secunda
3823 1718 3916 1766 teu-

2325 1803 2461 1858 tatio
2499 1804 2784 1870 carnium,
2829 1803 2884 1858 in
2933 1819 3038 1874 qua
3082 1812 3139 1859 et
3184 1804 3358 1874 prima
3406 1804 3648 1860 tentatio
3693 1802 3914 1860 carnium

2322 1896 2723 1964 complectitur.
2755 1894 2835 1950 De
2877 1898 3052 1966 prima
3093 1895 3166 1951 ita
3197 1896 3250 1951 in
3287 1895 3430 1951 libro
3467 1897 3649 1952 Exodi
3697 1897 3913 1967 legitur:

2321 1984 2584 2041 Dixerunt
2633 1986 2840 2059 Moyses
2886 1999 2934 2042 et
2981 1989 3156 2042 Aaron
3210 1991 3280 2043 ad
3309 2006 3484 2045 omnes
3533 1989 3682 2059 filios
3739 1989 3911 2056 Israel,

2321 2095 2525 2146 vespere
2571 2082 2768 2148 scietis,
2821 2082 2946 2152 quia
2979 2081 3230 2137 Dominus
3278 2083 3511 2137 eduxerit
3553 2099 3652 2139 vos
3695 2084 3758 2138 de
3795 2093 3915 2136 terra

613 2189 825 2247 duabus
856 2188 1066 2245 vicibus
1097 2195 1342 2244 tentasse
1372 2185 1683 2241 Dominum.
1721 2185 1798 2240 De
1829 2185 2002 2254 prima
2037 2192 2205 2238 tenta-

2318 2170 2541 2244 ngyptt'
2561 2215 2574 2240 ,
2609 2182 2657 2226 et
2703 2189 2854 2228 mane
2897 2174 3136 2229 videbitis
3184 2175 3405 2246 gloriam
3437 2174 3702 2231 Domini:
3733 2176 3915 2229 audivit

611 2285 760 2340 tione
799 2283 868 2338 ita
901 2282 955 2337 in
991 2281 1182 2336 Exodo
1209 2279 1409 2352 legitur
1443 2277 1738 2350 :Jurgatus
1774 2278 1998 2352 papulas
2033 2286 2215 2332 contra

611 2377 830 2449 Moysen
852 2377 960 2431 ait:
977 2374 1061 2428 Da
1075 2376 1220 2429 nobis
1233 2391 1421 2445 aquam
1438 2383 1493 2427 ut
1517 2373 1750 2427 bibamus
1770 2372 1947 2445 (Exod
1957 2413 1968 2426 .
1990 2370 2210 2443 xvu,5).

611 2470 820 2540 Quibus
849 2466 1131 2537 reSpondit
1158 2467 1372 2538 Moyses
1395 2483 1407 2519 :
1435 2465 1576 2533 Quid
1591 2465 1884 2538 jurgamini
1905 2474 2085 2518 contra
2103 2480 2213 2519 me:

609 2581 701 2618 cur
742 2563 950 2618 tentatis
991 2560 1310 2616 Dominum?
1339 2560 1416 2615 De
1457 2560 1695 2616 secunda
1723 2560 2024 2615 tentatione
2055 2560 2128 2614 ita
2158 2560 2210 2614 in

607 2657 751 2711 libro
781 2654 1143 2710 Numerorum
1175 2652 1410 2707 dicitur:
1439 2649 1665 2721 Cumque
1683 2652 1936 2723 indigeret
1961 2668 2099 2720 aqua
2120 2668 2212 2722 po-

611 2749 796 2820 pulus,
834 2756 941 2803 etc.
981 2744 1176 2819 (Num.
1210 2759 1317 2811 xx,
1348 2741 1438 2816 2),
1474 2758 1648 2814 nsque
1685 2744 1752 2797 ad
1777 2759 1902 2799 eum
1935 2744 2115 2798 locum
2155 2743 2207 2798 in

607 2857 718 2913 quo
745 2842 866 2896 ait:
915 2839 1034 2895 Hoc
1070 2848 1174 2904 est,
1218 2854 1357 2910 aqua
1399 2837 1854 2901 contradictionis,
1897 2837 1983 2890 ubi
2004 2837 2210 2908 jurgati

608 2944 729 2990 sunt
758 2933 857 3005 ﬁlii
883 2933 1051 2988 Israel
1076 2941 1259 2987 contra
1283 2931 1590 2998 Dominum,
1615 2944 1663 2984 et
1686 2931 2041 3001 sanctiﬁcatus
2054 2939 2127 2985 est
2155 2931 2209 2985 in

608 3031 682 3086 eis
714 3029 902 3102 (Ibid.,
935 3029 1048 3099 l3).
1075 3028 1256 3083 Tertia
1291 3027 1522 3082 tentatio
1548 3026 1864 3081 continetur
1887 3028 1942 3080 in
1972 3042 2038 3080 eo
2063 3025 2206 3093 quod

606 3126 722 3181 ait:
767 3122 834 3176 In
863 3123 1137 3191 campestri
1168 3130 1350 3175 contra
1381 3137 1523 3174 mare
1552 3119 1806 3174 Rubrum.
1841 3119 1896 3174 In
1937 3134 2046 3190 quo
2087 3119 2208 3175 loco

607 3227 981 3273 murmurass-e
1013 3211 1273 3266 dicuntur
1303 3220 1497 3266 contra
1530 3209 1851 3277 Dominum,
1883 3215 2007 3280 quia
2036 3211 2053 3241 ¹
2085 3225 2208 3281 per—

608 3317 821 3376 emptos
879 3305 1166 3378 IEgyptios
1226 3304 1429 3370 luisse,
1475 3304 1648 3376 Moysi
1699 3321 1808 3360 non
1856 3306 2208 3362 crediderunt

605 3401 710 3458 sibi
737 3399 806 3456 de
833 3398 1001 3454 verbo
1024 3395 1241 3450 Domini
1270 3395 1496 3462 dicenti,
1527 3397 1621 3451 sed
1648 3397 1828 3467 potius
1859 3412 1956 3452 eos
1985 3413 2046 3454 se
2077 3399 2205 3452 sub-

607 3491 765 3563 sequi
795 3491 1110 3546 timuerunt.
1153 3486 1311 3543 Unde
1346 3485 1546 3543 dicitur
1567 3497 1593 3524 ⁸
1625 3505 1640 3542 :
1676 3486 1866 3542 Patres
1900 3490 2065 3542 nostri
2102 3506 2204 3544 non

607 3585 971 3640 intellexerunt
1003 3578 1290 3646 mirabilia,
1321 3589 1424 3634 etc.
1461 3577 1636 3650 (Psal.
1667 3595 1762 3646 cv,
1788 3578 1868 3651 7).
1899 3579 2105 3648 Quarta
2149 3591 2205 3637 et

605 3677 791 3751 quinta
821 3675 1050 3732 tentatio
1076 3672 1388 3730 continetur
1415 3672 1467 3726 in
1491 3686 1558 3727 eo
1586 3672 1728 3742 quod
1750 3673 1856 3727 ait:
1890 3671 2038 3726 Inter
2061 3671 2203 3726 Plia-

604 3787 703 3827 rau
731 3779 776 3826 et
803 3766 1076 3840 Thopltel,
1103 3775 1148 3820 et
1177 3763 1380 3819 Laban.
1411 3762 1622 3818 Pharan
1657 3764 2048 3835 interpretatur
2074 3781 2204 3819 ona-

605 3882 730 3939 ger;
759 3863 1005 3934 Tltopbel
1028 3904 1043 3931 ,
1074 3860 1324 3921 stultitia;
1356 3858 1560 3920 Laban,
1594 3858 1791 3914 album.
1825 3858 1981 3927 Quod
2016 3859 2089 3914 ita
2120 3859 2203 3913 in-

604 3960 888 4031 telligitur,
919 3959 1046 4029 quia
1076 3955 1283 4012 similes
1302 3968 1508 4024 onagro
1532 3952 1657 4008 facti
1691 3953 1785 4008 ﬁlii
1807 3954 2000 4020 Israel,
2033 3954 2202 4012 stulte

604 4063 836 4128 egerunt
880 4058 1156 4108 tentantes
1203 4047 1491 4103 Dominum
1528 4045 1741 4103 duabus
1779 4047 1988 4104 vicibus
2035 4062 2202 4118 super

605 4148 753 4214 albo,
781 4145 836 4202 id
864 4153 946 4201 est
968 4189 981 4212 ,
1015 4157 1181 4213 super
1209 4154 1427 4196 manna.
1458 4139 1649 4195 Manna
1677 4155 1808 4196 vero
1844 4141 2025 4197 album
2063 4141 2198 4198 dici-

604 4251 713 4307 tur,
745 4249 805 4296 ut
832 4247 916 4294 est.
955 4235 1086 4291 illud
1123 4233 1288 4289 Exodi
1319 4252 1330 4287 ε
1374 4232 1772 4303 Appellavitque
1799 4235 1984 4288 domus
2029 4233 2198 4290 Israel

607 4349 792 4390 nomen
817 4336 929 4405 ejus
963 4329 1089 4384 Man
1109 4370 1124 4396 ,
1156 4327 1295 4399 quod
1326 4335 1434 4382 erat
1463 4327 1613 4398 quasi
1632 4342 1805 4382 semen
1825 4330 2091 4383 coriandri
2118 4329 2196 4383 al-

605 4427 724 4482 bum
753 4423 953 4497 (Exod.
988 4438 1114 4486 1m,
1145 4422 1261 4493 51).
1301 4419 1416 4476 Una
1462 4419 1692 4475 tentatio
1727 4419 1827 4474 fuit
1855 4435 2023 4490 super
2054 4422 2197 4478 idem

605 4532 835 4582 manna,
869 4518 1010 4570 sicut
1039 4513 1095 4568 in
1127 4511 1314 4567 Exodo
1345 4510 1546 4565 dicitur
1580 4527 1593 4564 :
1622 4511 1724 4564 Hic
1753 4520 1827 4566 est
1851 4527 2021 4567 sermo
2049 4529 2198 4583 quem

604 4609 849 4686 pracepit
869 4606 1157 4662 Dominus:
1180 4602 1388 4675 colligat
1413 4619 1477 4658 ea:
1497 4619 1556 4658 eo
1578 4608 1926 4676 unusquisque
1948 4617 2198 4678 quantum

601 4703 786 4778 sufﬁcit
823 4701 891 4757 ad
933 4697 1255 4754 vescendum.
1304 4695 1371 4749 Et
1409 4704 1530 4765 post
1577 4711 1744 4766 pauca
1783 4715 1796 4750 :
1830 4696 1979 4754 Dixit
2004 4700 2075 4754 ad
2113 4718 2198 4756 eos

599 4798 841 4870 Moyses,
868 4791 898 4833 ι)
931 4788 1130 4849 Nullus
1152 4804 1218 4844 ea:
1243 4803 1303 4844 eo
1324 4795 1542 4843 reservet
1569 4788 1623 4842 in
1645 4804 1817 4844 mane.
1849 4789 1950 4857 Qui
1973 4809 2077 4847 non
2106 4809 2197 4847 au-

597 4894 807 4950 dierunt
834 4905 983 4957 eum,
1013 4885 1102 4942 sed
1130 4884 1434 4940 dimiserunt
1457 4899 1522 4939 ex
1548 4900 1608 4940 eo
1627 4884 1840 4954 quidam
1861 4902 2020 4958 usque
2046 4904 2196 4945 mane

2316 2264 2453 2320 enim
2493 2281 2729 2320 murmur
2775 2276 3032 2334 vestrum;
3078 2284 3170 2322 ηεε
3210 2279 3393 2323 οοηιηι
3436 2285 3529 2324 1108
3569 2281 3653 2326 εει
3694 2286 3912 2324 murmur

2316 2368 2540 2414 uestrum
2557 2399 2572 2425 ,
2601 2358 2693 2412 sed
2723 2369 2900 2414 contra
2924 2359 3204 2415 Dominum
3222 2361 3413 2432 (Ibid.,
3438 2362 3472 2418 6
3492 2363 3664 2435 seqq.)
3687 2385 3702 2430 ;
3731 2375 3786 2420 et
3806 2372 3912 2435 post

2316 2469 2487 2525 pauca
2523 2472 2536 2508 :
2565 2453 2794 2509 Locutus
2817 2465 2892 2509 est
2923 2455 3182 2512 Dominus
3215 2460 3284 2512 ad
3311 2457 3528 2530 Moysen
3555 2460 3742 2516 dicens
3769 2477 3786 2516 :
3817 2461 3910 2513 Au-

2315 2547 2423 2601 divi
2454 2549 2888 2603 murmurationes
2920 2549 3155 2618 ﬁliorum
3195 2547 3406 2615 Israel;
3448 2551 3662 2620 loquere
3692 2552 3763 2606 ad
3791 2566 3908 2606 eos:

2320 2638 2544 2711 Vespere
2574 2643 2850 2695 comedetis
2879 2657 3059 2696 carnes
3082 2685 3096 2710 ,
3127 2652 3174 2697 et
3192 2659 3344 2697 mane
3367 2644 3744 2699 saturabimini
3768 2645 3908 2716 pani-

2313 2731 2437 2800 bus,
2487 2735 2758 2804 scietisque
2805 2735 2946 2806 quod
2984 2754 3077 2807 ego
3105 2753 3218 2791 sum
3246 2736 3504 2793 Dominus
3544 2737 3694 2795 Deus
3737 2751 3902 2794 tester.

2314 2825 2538 2883 Factum
2585 2839 2656 2885 est
2707 2846 2826 2900 ergo
2873 2846 3080 2902 uespere
3104 2876 3117 2898 ,
3169 2843 3217 2886 et
3268 2834 3619 2888 conscendens
3675 2835 3905 2890 coturnis:

2311 2921 2514 2992 operuit
2541 2930 2712 2974 castra
2745 2922 2934 2994 (lbid.,
2965 2923 3025 2977 11
3057 2924 3242 2996 seqq.).
3280 2926 3354 2981 De
3396 2927 3417 2957 ⁸
3461 2926 3707 2982 secunda
3738 2936 3900 2982 autent

2311 3013 2366 3066 in
2398 3012 2649 3068 Numeris
2671 3013 2867 3070 dicitur
2893 3034 2904 3068 :
2937 3012 3146 3070 Interea
3169 3027 3338 3071 ortum
3366 3028 3441 3072 est
3473 3035 3716 3074 murmur
3736 3018 3902 3091 papuli

2309 3106 2461 3177 quasi
2507 3105 2798 3161 dolentium
2843 3124 2937 3178 pro
2991 3107 3163 3163 labore
3200 3120 3377 3164 contra
3417 3110 3726 3166 Dominum.
3764 3110 3901 3180 Quod

2308 3216 2423 3253 cum
2458 3200 2721 3269 audisset,
2753 3203 2920 3256 iratus
2957 3213 3055 3269 est,
3094 3215 3115 3243 ο
3154 3214 3199 3257 et
3226 3222 3472 3260 accensus
3512 3207 3652 3277 ignis
3702 3205 3900 3262 Domini

2308 3289 2568 3351 devoravit
2607 3307 2886 3353 extremam
2927 3311 3124 3372 partem
3146 3313 3434 3358 castrorum
3471 3303 3666 3375 (Num.
3698 3321 3787 3371 ιι,
3822 3303 3896 3374 1)ξ;

2308 3398 2361 3444 et
2394 3399 2518 3460 post
2551 3406 2718 3459 pauca
2751 3409 2764 3445 :
2800 3392 3219 3461 Sancti/icamini
3242 3437 3256 3460 ,
3282 3412 3396 3450 cras
3425 3399 3609 3452 etenim
3634 3397 3896 3453 comedetis

2308 3497 2506 3535 carnes.
2548 3481 2662 3553 Ego
2700 3484 2836 3536 enim
2873 3484 3053 3537 audivi
3079 3501 3168 3540 vos
3193 3486 3396 3553 dicere,
3433 3487 3565 3554 Quis
3596 3488 3745 3544 dabit
3767 3488 3896 3541 nobis

2233 3559 2278 3621 C
2309 3590 2480 3628 escam
2520 3577 2792 3630 carnium?
2831 3575 2972 3632 Bene
2995 3578 3140 3632 nobis
3179 3589 3286 3634 erat
3321 3581 3391 3635 ‘in
3445 3581 3700 3655 /Egypto.
3751 3581 3897 3635 Dabit

2307 3669 2564 3724 Dominus
2593 3672 2733 3726 vobis
2763 3688 2944 3727 carnes
2966 3715 2981 3740 ,
3011 3684 3059 3728 et
3089 3675 3366 3730 comedetis
3407 3692 3510 3730 non
3537 3693 3639 3732 uno
3671 3678 3784 3745 die,
3816 3693 3893 3731 nec

2305 3765 2505 3821 duobus
2529 3807 2544 3833 ,
2576 3768 2654 3821 rel
2685 3769 2940 3838 quinque,
2976 3778 3067 3823 aut
3090 3770 3262 3824 decent
3283 3811 3298 3839 ,
3323 3786 3417 3824 nec
3440 3771 3624 3842 viginti
3653 3771 3891 3843 quidem,

2304 3861 2394 3915 sed
2426 3879 2588 3932 usque
2615 3865 2684 3917 ad
2723 3880 2947 3919 mensem
2983 3864 3221 3932 dierum,
3261 3865 3422 3920 donec
3458 3877 3604 3921 exeat
3633 3883 3722 3938 per
3750 3882 3891 3921 nares

2303 3965 2498 4012 uestras
2521 4000 2534 4024 ,
2573 3967 2618 4010 et
2657 3968 2884 4013 vertatur
2921 3959 2976 4013 in
3013 3974 3299 4024 nauseam;
3336 3977 3392 4014 eo
3430 3961 3570 4031 quod
3608 3959 3891 4034 repuleritis

2305 4047 2590 4104 Dominum
2620 4053 2708 4122 qui
2738 4052 2794 4104 in
2824 4052 2992 4106 medio
3022 4052 3174 4106 vestri
3205 4062 3312 4120 est,
3357 4062 3404 4106 et
3441 4054 3684 4123 ﬂeveritis
3724 4068 3891 4107 coram

2303 4159 2362 4198 eo
2385 4144 2608 4198 dicentes
2629 4189 2643 4214 ,
2682 4145 2853 4213 Quare
2884 4147 3074 4217 egressi
3113 4163 3294 4203 sumus
3333 4163 3397 4203 ea:
3425 4145 3660 4220 Alyypto
3689 4146 3852 4221 (Ibid.
3877 4189 3890 4212 ,

2305 4237 2374 4293 18
2401 4235 2603 4310 seqq.)?
2627 4237 2761 4294 Item
2794 4239 2955 4308 paulo
2987 4249 3112 4310 post
3140 4257 3152 4292 :
3183 4240 3368 4295 Adhuc
3394 4257 3567 4294 carnes
3589 4250 3732 4294 erant
3759 4239 3894 4292 inter

2304 4329 2478 4385 dentes
2498 4347 2701 4400 eorum,
2735 4347 2827 4386 nec
2851 4332 3110 4403 defecerat
3142 4332 3493 4402 hujuscemodi
3514 4331 3677 4399 cibus,
3709 4341 3757 4387 et
3782 4346 3891 4386 ecce

2300 4424 2449 4494 furor
2479 4423 2690 4479 Domini
2727 4426 3015 4480 cancilatus
3056 4426 3110 4481 in
3154 4427 3437 4499 papulum,
3478 4426 3730 4492 percussit
3779 4441 3889 4479 eum

2301 4515 2460 4589 plaga
2473 4534 2663 4591 magna
2679 4519 2835 4573 nimis
2862 4515 3052 4588 (Ibid.,
3081 4519 3152 4575 53
3178 4518 3368 4591 seqq.).
3393 4517 3636 4589 Septima
3664 4517 3888 4574 tentatio

2303 4612 2618 4669 continetur
2645 4613 2697 4668 in
2738 4629 2805 4669 eo
2834 4612 2977 4684 quod
3005 4613 3082 4668 ait
3113 4631 3127 4668 :
3160 4613 3260 4670 Ubi
3299 4615 3418 4669 auri
3465 4623 3541 4669 est
3589 4612 3884 4683 plurimum.

2301 4703 2611 4760 Notandum
2649 4720 2884 4777 namque
2935 4704 3080 4777 quod
3117 4705 3170 4761 in
3214 4705 3445 4762 llebrmo
3475 4715 3533 4762 et
3571 4704 3886 4760 abundantia

2301 4799 2420 4852 auri
2449 4798 2732 4855 habeatur.
2763 4797 3106 4854 Abundantia
3131 4798 3277 4855 enim
3306 4799 3427 4854 auri
3455 4797 3772 4869 intelligitur
3801 4795 3883 4851 vi-

2303 4891 2449 4946 tulus
2479 4905 2706 4960 aureus,
2747 4905 2906 4963 quem
2941 4889 3192 4947 labricati
3233 4900 3361 4947 sunt
3386 4891 3490 4946 sibi
3522 4890 3619 4946 lilii
3640 4887 3802 4946 Israel
3831 4887 3883 4944 in

666 5030 682 5061 ί
715 5027 861 5085 Editi
891 5023 1029 5098 libri
1057 5023 1210 5098 hunc
1234 5021 1412 5098 locum
1445 5029 1767 5098 mutarunt,
1791 5021 1983 5092 legunt
2014 5025 2193 5098 enim:
2223 5025 2278 5088 D
2304 5027 2378 5082 ita
2437 5028 2814 5097 castigandum
2869 5038 3228 5098 putaverunt,
3279 5039 3340 5084 ut
3393 5045 3658 5086 numerus
3701 5031 3883 5086 decem

600 5103 739 5174 Quia
765 5095 1088 5175 perimendos
1114 5091 1416 5175 _/Egyptios
1455 5108 1563 5146 esse
1595 5091 1767 5174 Moysi
1813 5110 1912 5175 non
1961 5096 2194 5175 credide-

592 5166 889 5240 runt,'sibi
932 5169 1029 5233 de,
1073 5172 1180 5220 etc.
1217 5166 1347 5221 Mss.
1381 5177 1573 5218 omnes
1603 5167 1877 5230 retinent,
1916 5166 2062 5236 quod
2093 5182 2194 5224 nos

589 5247 1025 5371 edidmgidam
1054 5306 1196 5362 hanc
1217 5305 1518 5381 lectionem
1547 5305 1677 5362 editi
1711 5306 1870 5376 libri,
1901 5317 1956 5365 et
1981 5325 2081 5381 pro
2108 5328 2190 5367 se-

591 5389 794 5454 cunda,
840 5391 1051 5456 ponunt
1092 5380 1345 5450 septima:
1397 5391 1494 5456 pro
1538 5381 1758 5456 septima
1792 5380 2190 5456 conchuenter

587 5449 803 5524 octava;
832 5449 888 5513 ét
914 5468 1011 5526 pro
1042 5449 1243 5517 octava,
1280 5464 1416 5502 nona
1441 5449 1496 5504 in
1519 5450 1601 5505 eis
1622 5450 1842 5521 legitur.
1868 5449 2184 5510 Hoc'autem

663 5589 690 5616 ει
720 5577 779 5632 In
811 5587 935 5630 meo
964 5585 1093 5636 ms.,
1127 5565 1262 5620 unde
1303 5565 1493 5638 dicitur
1531 5565 1584 5618 in
1619 5565 1841 5638 psalmo,
1874 5567 2059 5624 Patres
2089 5587 2187 5626 no-

589 5651 685 5706 διτί
722 5649 780 5703 in
817 5644 1052 5716 Egypto
1075 5655 1189 5716 non
1225 5637 1608 5716 intellexerunt
1631 5637 1890 5716 mirabilia
1916 5649 2038 5707 tua,
2081 5659 2185 5716 non

589 5730 712 5775 sunt
754 5707 1012 5771 recordati
1040 5707 1393 5765 multitudinis
1434 5708 1803 5763 misericordia:
1852 5720 1982 5776 tute,
2023 5723 2071 5768 et
2118 5715 2187 5767 ad

584 5787 917 5848 iracundiam
972 5789 1379 5854 prouocauerunt
1430 5789 1478 5836 te
1539 5796 1691 5854 super
1749 5797 1889 5838 mare
1941 5784 1998 5839 in
2054 5787 2189 5842 mari

2301 5098 2687 5175 Tentationum
2731 5099 3073 5175 manifestius
3119 5111 3412 5175 appareret
3452 5104 3517 5175 in
3553 5102 3888 5175 expositione

2299 5185 2486 5245 earum
2527 5187 2540 5226 :
2593 5172 2690 5228 sed
2733 5174 2942 5245 monuit
2985 5188 3093 5245 nos
3124 5172 3330 5228 Auctor
3372 5174 3599 5240 hujusce
3625 5172 3884 5245 Dpnsculi

2298 5241 2433 5297 duas
2463 5257 2588 5299 esse
2615 5243 2921 5298 tentationes
2948 5243 3183 5297 carnium
3213 5252 3269 5300 et
3291 5245 3576 5299 secundam
3607 5241 3730 5302 esse
3756 5259 3882 5300 con-

2298 5321 2500 5388 tentam
2535 5314 2586 5388 in
2615 5316 2805 5385 prima.
2837 5314 2989 5371 Unde
3020 5329 3276 5388 numerus
3297 5316 3570 5385 septimus
3593 5327 3774 5388 potest
3801 5329 3883 5372 ac-

2296 5383 2403 5456 cipi
2435 5384 2539 5442 hoc
2567 5383 2688 5442 loco
2717 5401 2818 5458 pro
2843 5395 3038 5443 octavo
3068 5385 3232 5442 etiam
3260 5383 3512 5442 numero.

2297 5573 2498 5629 Rubro.

2362 5644 2388 5682 ι)
2416 5645 2561 5718 [dem
2591 5660 2729 5703 ms.:
2759 5645 2954 5718 Nullus
2983 5646 3306 5718 relinquatur
3325 5665 3391 5704 ea:
3421 5666 3481 5705 eo
3510 5651 3563 5706 in
3595 5667 3766 5706 mane.

2294 5786 2344 5843 Β
2367 5727 2388 5756 ε
2422 5716 2656 5800 Bursam
2689 5719 2740 5773 in
2771 5717 2962 5774 eodem
2985 5716 3185 5785 ms.,‘et
3213 5735 3461 5777 accensus
3479 5723 3630 5778 estin
3659 5723 3730 5777 eis
3757 5719 3879 5793 ignis

2349 5805 2527 5843 omini.

2349 5805 2527 5844 οηιιηε.
