4006 6302
93 302 226 359 1'52!
382 378 385 380 η
525 301 542 349 ε

1005 300 1554 360 COMMENTARIUS
1594 302 1658 358 IN
1698 302 2056 362 CAN'I‘ICUM
2101 304 2467 362 DEBBORAE.

3247 309 3386 368 152?.

90 418 256 483 deos,
291 424 542 473 morante
571 416 754 490 Moyse
783 432 904 474 cum
939 417 1171 474 Domino
1200 419 1252 474 in
1292 428 1475 473 monte
1512 418 1684 474 Sinai.
1718 426 1764 483 Λ
1795 431 1870 475 tes
1897 431 1944 476 et
1973 419 2322 490 Chananteus,
2355 424 2443 493 qui
2489 423 2787 476 habitabant
2827 425 2880 477 in
2910 434 3107 491 monte,
3133 433 3181 480 et
3203 444 3391 498 percu-

92 511 301 567 Idcirco
326 512 659 567 abundantia
690 515 807 569 auri
836 515 1058 581 dicitur,
1101 518 1221 586 quia
1252 517 1302 569 in
1339 516 1485 570 idolo
1517 517 1691 570 moles

88 607 329 662 omnium
362 619 711 678 peccatorum
740 609 1020 673 consistit,
1061 620 1114 663 et
1151 610 1358 664 idolum
1391 627 1488 680 pro
1518 611 1694 664 omni-

89 699 187 754 bus
217 703 456 770 peccatis
485 704 751 757 atmndat.
776 705 977 758 Octava
1001 713 1027 740 ε
1047 705 1276 758 tentatiu
1303 707 1616 760 continetur
1639 706 1691 759 in

89 809 151 849 co
179 794 321 863 quod
353 795 429 848 ait
457 813 470 848 :
506 795 754 851 Undecim
779 797 958 851 diebus
979 798 1042 851 de
1066 796 1246 851 Horeb
1277 815 1370 870 per
1388 801 1525 853 aiant
1549 817 1691 853 mon.

90 887 154 941 tis
202 886 342 942 Seir.
397 888 548 954 Quod
596 890 646 943 in
695 889 930 945 Hebraeo
981 892 1052 944 ita
1107 891 1383 945 habetur:
1445 892 1694 947 Undecim

89 981 284 1035 dierum
315 981 413 1036 iter
445 981 508 1034 de
538 980 711 1035 Horeb
745 981 813 1034 ad
847 991 1071 1036 montem
1110 982 1246 1038 Seir.
1284 983 1572 1039 Falnicato
1597 987 1697 1040 ita-

91 1088 194 1144 que
226 1074 279 1127 in
314 1073 497 1129 Iloreb
520 1073 690 1139 idolo,
717 1074 1010 1129 undecimo
1041 1075 1132 1128 die
1161 1084 1430 1131 venerunt
1455 1076 1520 1128 ad
1550 1093 1698 1131 mon-

90 1172 199 1221 tem
218 1165 365 1234 δεῖν,
389 1167 584 1237 quiest
615 1167 666 1220 in
696 1166 1014 1221 suburbano
1037 1166 1276 1222 civitatis
1289 1165 1694 1234 Gades-Barac,

92 1257 185 1312 ubi
218 1257 312 1310 lilii
349 1257 514 1311 Israel
549 1264 898 1311 tentaverunt
928 1256 1254 1322 Dominum,
1287 1257 1429 1310 sicut
1451 1259 1502 1311 in
1533 1257 1698 1312 Libro

94 1349 455 1405 Numerorum
485 1349 742 1404 seribitur
775 1369 785 1402 :
825 1349 1099 1420 Usquequo
1125 1349 1410 1403 multitudo
1441 1350 1551 1403 haec
1583 1367 1698 1421 pes-

94 1444 220 1497 sima
254 1451 541 1496 murmurat
589 1453 770 1496 contra
813 1444 930 1496 me?
974 1446 1209 1514 querelas
1263 1444 1498 1508 ﬁliorum
1531 1442 1700 1496 Israel

94 1535 301 1600 audivi;
345 1534 432 1588 dic
475 1549 597 1604 ergo
627 1535 731 1601 eis,
787 1533 915 1588 Vivo
946 1551 1072 1606 ego,
1113 1536 1184 1587 ait
1232 1532 1520 1600 Dominus,
1567 1537 1699 1588 sicut

94 1628 253 1684 locuti
278 1627 436 1692 estis,
484 1628 729 1694 audiente
758 1644 868 1690 me,
897 1628 972 1680 sic
999 1627 1194 1694 faciant
1223 1627 1383 1680 vobis.
1418 1625 1483 1680 In
1513 1627 1698 1680 solitu-

96 1721 212 1774 dine
225 1721 318 1773 hac
331 1720 569 1787 iacebunt
584 1719 834 1773 cadavera
852 1716 1217 1790 vestra(Num.
1239 1733 1349 1784 xw,
1364 1718 1433 1771 :27
1450 1716 1692 1787 etseqq.).

98 1814 162 1870 Et
217 1823 340 1883 post
399 1813 683 1883 paululum
735 1829 750 1866 ε

97 1905 289 1961 dierum
330 1905 522 1976 quibus
569 1904 939 1956 consilerastis
991 1911 1213 1967 terram,
1260 1917 1431 1954 annus
1469 1917 1560 1970 pro
1617 1902 1701 1955 die

96 1997 502 2066 computabitur.
538 1995 899 2067 Quadraginta
923 1996 1071 2049 annis
1111 1994 1372 2061 recipietis
1403 1994 1700 2064 iniquitates

100 2098 310 2155 uestras,
345 2095 394 2140 et
420 2088 592 2140 scietis
616 2087 863 2140 ultionem
893 2103 1053 2140 nteant
1080 2104 1097 2150 ;
1127 2085 1372 2153 quoniam
1396 2085 1528 2137 sicut
1559 2085 1702 2138 locu-

105 2188 181 2233 tus
203 2196 348 2244 sunt,
383 2179 458 2232 ita
480 2179 672 2249 faciam
699 2177 725 2215 δ
757 2179 878 2231 huic
922 2178 1244 2231 multitudini
1273 2177 1512 2246 pessimae
1532 2220 1544 2237 ,
1589 2194 1702 2247 qua:

104 2271 426 2324 consurrexit
459 2270 735 2323 adversum
761 2285 860 2322 nte.
896 2267 962 2322 In
1001 2269 1282 2322 solitudine
1303 2267 1400 2320 hac
1427 2268 1629 2334 deficiet
1653 2277 1699 2320 et

98 2365 336 2418 morietur
392 2362 592 2432 (Ibid.,
653 2361 722 2417 54
771 2364 957 2434 seqq.).
1015 2362 1302 2432 Itemque:
1345 2359 1576 2416 Locutus
1625 2369 1701 2415 est

100 2455 299 2527 Moyses
345 2459 591 2510 universa
622 2453 771 2509 verba
801 2453 910 2509 haec
951 2454 1022 2506 ad
1052 2453 1190 2523 ﬁlios
1232 2453 1439 2521 Israel,
1493 2464 1540 2508 et
1570 2455 1705 2508 luxit

101 2551 320 2618 papulas
352 2551 536 2604 nimis.
575 2549 636 2603 Et
668 2566 784 2603 ecce
810 2565 960 2601 mane
998 2550 1168 2620 primo
1194 2558 1493 2620 surgentes,
1524 2566 1703 2602 ascen-

99 2643 276 2697 derunt
319 2647 565 2697 verticem
609 2644 796 2696 montis
821 2682 836 2708 ,
887 2652 934 2694 et
970 2642 1215 2695 dixerunt
1258 2658 1276 2695 :
1313 2641 1492 2694 Parati
1522 2657 1702 2695 sumus

103 2738 368 2793 ascendere
395 2738 466 2791 ad
497 2737 692 2804 locum,
727 2737 791 2790 de
816 2753 915 2805 quo
949 2735 1153 2790 locutus
1177 2743 1250 2789 est
1280 2734 1559 2798 Dominus,
1582 2735 1704 2804 quia

101 2833 430 2903 peccavimus.
468 2830 672 2898 Quibus
704 2831 956 2902 Moyses:
995 2828 1121 2895 Cur,
1145 2830 1340 2899 inquit,
1381 2829 1706 2901 transgredi-

99 2929 445 2983 minioerbunt
471 2925 728 2993 Domini,
761 2927 898 2997 quod
929 2926 1069 2979 vobis
1091 2940 1192 2978 non
1220 2923 1361 2977 cedet
1401 2924 1453 2976 in
1486 2939 1704 2994 prospe-

100 3021 242 3073 rum?
271 3019 450 3074 Nolite
471 3019 755 3072 ascendere
776 3061 789 3084 ,
817 3036 919 3071 non
943 3019 1081 3073 enim
1108 3024 1182 3071 est
1210 3015 1464 3069 Dominus
1495 3017 1550 3068 in
1590 3030 1702 3068 tue-

101 3113 179 3166 dio
204 3123 448 3175 vestrum,
487 3129 556 3166 ne
580 3113 836 3166 corruatis
859 3129 1033 3166 coram
1054 3113 1278 3166 inimicis
1303 3111 1481 3164 tte-tris
1508 3107 1697 3180 (Ibid.,

1795 515 1924 566 tiens
1953 532 2037 567 eos
2083 526 2236 584 atque
2285 517 2587 582 concidens,
2639 526 2934 584 persecutus
2981 529 3053 571 est
3102 536 3188 574 eos
3230 537 3392 588 usque

1797 603 1998 657 Hormo
2028 605 2214 676 (Ibid.,
2249 605 2316 659 M
2345 605 2532 676 seqq.).
2563 608 2716 661 Mons
2746 608 2871 673 iste,
2900 610 2950 662 in
2979 626 3083 679 quo
3119 611 3390 666 Amalcci—

1799 706 1879 750 tes
1910 707 1964 751 et
1990 697 2331 753 Ctiauanmus
2362 699 2608 754 habitare
2639 700 2920 770 dicuntur,
2954 719 3110 757 mons
3153 703 3276 758 Seir
3314 703 3394 756 in-

1800 788 2063 858 telligitttr
2095 808 2110 842 :
2142 790 2288 844 sicut
2317 789 2368 844 in
2405 790 2824 846 Deuteronomio
2869 793 3126 846 scribitur
3157 812 3167 847 :
3213 793 3398 866 Itaque

1797 895 2035 949 egressus
2080 881 2442 949 Antorrltams,
2493 884 2581 948 qui
2620 884 2877 937 habitabat
2918 886 2973 938 in
3014 887 3305 951 montibus,
3347 896 3397 940 et

1798 973 1998 1028 obviam
2025 976 2230 1030 veniens
2251 1019 2264 1043 ,
2311 987 2606 1044 pertrecutus
2635 988 2707 1031 est
2738 995 2855 1044 vos,
2897 980 3029 1031 sicut
3070 979 3238 1032 solent
3269 996 3394 1046 apes

1800 1068 2066 1135 persequi:
2089 1078 2134 1120 et
2157 1068 2342 1122 cecidit
2365 1068 2428 1122 de
2452 1069 2570 1123 Seir
2593 1077 2750 1135 usque
2771 1069 2826 1122 II
2831 1086 2973 1122 arma
2994 1069 3172 1138 (Deut.
3201 1086 3254 1135 ι,
3278 1069 3398 1141 44).

1800 1159 2021 1214 Decima
2064 1161 2292 1214 teututio
2336 1162 2654 1216 continetur
2696 1162 2750 1215 in
2791 1177 2858 1216 eo
2885 1161 3024 1231 quod
3069 1161 3146 1215 ait
3182 1181 3192 1215 :
3230 1161 3404 1232 Usque

1800 1252 2212 1320 Gades-Barac;
2269 1256 2413 1310 unde
2451 1255 2668 1326 Moyses
2720 1257 2866 1310 misit
2911 1257 3292 1325 exploratores
3333 1259 3402 1312 ad

1803 1357 2004 1402 terram
2040 1349 2501 1404 considerandam
2530 1350 2820 1413 Chanaan,
2857 1352 3002 1404 sicut
3036 1353 3088 1404 in
3121 1350 3258 1404 libro
3289 1350 3404 1405 Nu-

1803 1457 2075 1495 merorum
2105 1441 2307 1496 dicitur
2331 1467 2343 1496 ;
2369 1441 2437 1497 Et
2467 1444 2667 1498 locutus
2690 1455 2761 1497 est
2789 1444 3042 1498 Dominus
3063 1446 3132 1498 ad
3155 1444 3406 1516 Moysen:

1806 1533 1954 1587 Mitte
2000 1535 2137 1587 viros
2177 1535 2266 1604 qui
2303 1536 2632 1588 considerent
2671 1546 2860 1590 (errant
2890 1534 3161 1602 Chanaan,
3199 1548 3219 1575 ε
3247 1555 3405 1606 quam

1803 1626 2022 1681 daturus
2046 1644 2161 1681 sum
2178 1627 2305 1698 ﬁliis
2330 1626 2498 1682 Israel
2521 1628 2710 1700 (Nunt.
2735 1645 2850 1684 xm.
2875 1630 2951 1697 5).
2978 1630 3043 1682 Ει
3067 1631 3226 1699 paulo
3250 1641 3405 1697 post:

1803 1716 1870 1770 Et
1919 1719 2049 1772 dixit
2100 1718 2350 1772 Dominus
2401 1719 2470 1771 ad
2522 1718 2737 1790 Moysen
2778 1735 2796 1773 :
2849 1718 3123 1790 Usqttequo
3172 1720 3404 1774 detrahet

803 1811 966 1866 quta
1025 1827 1297 1864 numerum
1347 1809 1698 1880 quadraginta
1731 1817 1774 1877 Β
1806 1807 1931 1861 mihi
1961 1812 2187 1880 papulas
2217 1811 2347 1864 iste?
2375 1809 2654 1877 Quousque
2693 1828 2793 1864 tton
2821 1811 3032 1864 credent
3061 1811 3186 1863 mihi
3214 1812 3269 1863 in
3297 1828 3406 1863 om.

1803 1900 1952 1955 nibus
1980 1903 2173 1974 signis,
2216 1919 2332 1973 qua:
2362 1906 2461 1973 feci
2500 1920 2674 1957 coram
2705 1904 2822 1957 eis?
2871 1901 3086 1956 Feriam
3128 1903 3290 1972 igitur
3321 1919 3409 1959 eos

1804 1997 2094 2063 pestilentia
2122 2040 2136 2064 ,
2195 2011 2350 2067 atque
2398 2013 2719 2050 consumam.
2768 1996 2842 2049 Te
2887 2006 3060 2049 autent
3115 1997 3305 2066 faciam
3350 1997 3405 2051 in

1799 2100 2000 2158 gentem
2042 2089 2504 2162 magnam(Num.
2554 2105 2669 2156 xw,
2722 2089 2835 2160 Il).
2895 2089 3026 2143 Item
3087 2098 3209 2158 post
3267 2103 3403 2157 pau-

1805 2181 1913 2234 lum
1948 2199 1959 2233 :
1998 2183 2238 2234 Attamen
2267 2197 2440 2235 omnes
2469 2181 2730 2245 homines,
2763 2182 2848 2250 qui
2891 2181 3127 2234 viderunt
3159 2183 3406 2253 majesta-

1805 2283 1906 2328 tem
1953 2290 2148 2341 meam,
2183 2291 2298 2344 qua:
2328 2275 2429 2342 feci
2455 2276 2510 2328 in
2538 2273 2803 2346 ./Egypto,
2845 2283 2892 2328 et
2932 2275 2986 2326 in
3017 2272 3325 2339 solitudine,
3359 2282 3408 2327 et

1805 2375 2129 2420 tentaverunt
2162 2384 2240 2419 me
2268 2368 2385 2437 jam
2430 2384 2519 2434 per
2560 2368 2732 2421 decem
2773 2370 2938 2430 uices,
2971 2383 3063 2420 nec
3110 2366 3410 2420 obedierunt

1803 2462 1915 2515 voci
1947 2477 2072 2514 mea:
2091 2502 2104 2524 ,
2134 2478 2234 2513 non
2264 2460 2503 2514 videbunt
2526 2472 2718 2513 terram
2745 2501 2758 2524 ,
2790 2477 2886 2531 pro
2916 2476 3019 2527 qua
3041 2459 3219 2525 jurari
3245 2459 3411 2527 patri-

1804 2553 1897 2606 bus
1925 2567 2126 2616 eorum,
2161 2567 2253 2605 nec
2280 2551 2553 2622 quisquam
2579 2569 2642 2605 ex
2665 2553 2794 2613 illis,
2826 2552 2917 2619 qui
2943 2550 3222 2602 detraxerit
3257 2548 3403 2615 nnhi,

1802 2646 2083 2699 intuebitur
2123 2661 2232 2698 eam
2288 2643 2474 2714 (Nam.
2511 2660 2624 2712 xw,
2669 2645 2761 2706 ‘22,
2804 2643 2920 2710 25).
2971 2642 3083 2697 Nec
3124 2651 3410 2696 moveatur

1804 2738 1958 2807 quis,
1993 2735 2137 2806 quod
2169 2752 2198 2790 a
2241 2735 2460 2791 deserto
2491 2737 2703 2790 Pltaran
2727 2779 2740 2800 ,
2775 2752 2886 2789 non
2919 2739 2988 2790 de
3030 2734 3414 2789 CﬂtIes-BJI‘I’IG

1807 2831 2023 2903 Moyses
2051 2831 2430 2900 exploratores
2476 2833 2648 2885 misit.
2677 2829 2856 2884 Cades
2885 2831 3029 2885 enim
3078 2828 3256 2882 Bai-nc
3295 2828 3411 2896 ipsa

1806 2935 1890 2981 est
1922 2926 2137 2980 Pltaran
2164 2969 2178 2990 ,
2234 2925 2375 2996 quod
2417 2926 2469 2979 itt
2515 2925 2656 2979 libro
2711 2923 2878 2979 Iosue
2907 2924 2976 2976 ita
3011 2923 3212 2976 dicitur
3245 2938 3260 2974 :
3309 2919 3414 2974 Lo-

1807 3031 1956 3072 cutus
1983 3029 2056 3072 est
2094 3018 2250 3072 Caleb
2277 3018 2346 3070 ad
2375 3017 2539 3072 .Iosue
2569 3035 2587 3072 :
2621 3017 2778 3070 Νυκτὶ
2817 3017 2943 3087 quid
2972 3015 3175 3068 locutus
3204 3015 3270 3066 sit
3303 3012 3411 3065 Do-

1808 3111 1973 3164 minus
2023 3110 2091 3164 ad
2140 3109 2356 3180 Moysen
2397 3110 2461 3163 de
2491 3125 2569 3163 me
2598 3119 2645 3163 et
2674 3121 2720 3164 te
2749 3111 2802 3162 in
2849 3105 3238 3162 Cades-Barne.
3271 3104 3414 3171 Qua-

101 3203 163 3260 39
199 3208 379 3275 seqq.).
414 3206 666 3275 Itemque
701 3223 711 3258 :
761 3204 825 3258 At
865 3203 948 3258 illi
978 3203 1326 3258 contenebrati
1365 3201 1707 3256 ascenderunt
1734 3207 1780 3269 C
1811 3203 2056 3272 draginta
2097 3219 2357 3256 annorum
2388 3219 2561 3264 erant,
2589 3204 2798 3271 quando
2824 3217 2903 3253 me
2934 3200 3069 3253 ntisit
3109 3198 3315 3269 Moyses
3345 3199 3415 3252 ad

103 3299 324 3350 verticem
371 3298 602 3362 montis;
651 3297 784 3351 Area
821 3307 992 3351 autem
1032 3297 1314 3350 testamenti
1368 3293 1610 3356 Domini,
1655 3303 1702 3347 et

103 3387 296 3461 Moyses
326 3408 429 3447 non
458 3402 782 3445 recesserunt
804 3391 867 3444 de
895 3391 1102 3445 castris.
1137 3387 1417 3445 Descendit
1446 3386 1707 3442 Amaleci-

170 3558 191 3584 ο
223 3549 380 3603 Addit
410 3563 574 3604 meus
599 3565 730 3617 ms.,
761 3559 808 3604 et
836 3567 976 3602 nona
1007 3550 1244 3614 tentatio,
1268 3559 1374 3606 etc.

165 3617 190 3656 δ
213 3617 410 3685 Idetn.,
443 3621 592 3674 omni
624 3623 949 3675 multitudini
974 3620 1098 3674 huic
1120 3665 1133 3687 ,
1167 3630 1274 3675 etc.

171 3701 192 3730 ο
224 3693 414 3748 Totam
450 3692 603 3747 banc
642 3695 936 3762 pericupeu
971 3692 1262 3747 duodecim
1305 3692 1421 3748 fere
1451 3706 1704 3748 versuum

106 3821 169 3843 με.

1811 3295 2241 3350 considerandam
2274 3305 2464 3351 terrant
2505 3293 2645 3366 (Jos.
2675 3309 2786 3362 XIV,
2821 3293 2874 3360 6,
2903 3293 2978 3363 7).

1815 3550 2014 3679 ex‘i‘ude
2045 3567 2215 3624 usque
2238 3552 2303 3606 ad
2336 3553 2498 3608 verba
2521 3597 2534 3621 ,
2570 3554 2855 3608 intuebitur
2884 3566 3018 3615 eam,
3054 3563 3120 3604 ex
3150 3561 3271 3604 meo
3302 3565 3409 3606 ms.

1815 3638 1877 3678 ευ
1924 3641 2027 3679 CCI.

1815 3638 2027 3680 ευηεοι.

1592 3995 1616 4021 ι
1650 3969 1948 4052 ΙΤΕΜ

666 4111 694 4150 δ
721 4101 1162 4167 SUCCINCTA
1204 4103 1872 4169 COMMEMORATIO
1915 4105 2189 4168 DECEM
2233 4107 2840 4170 TENTATIONUM.

1587 4247 1930 4260 —_

167 4368 334 4425 Prima
370 4365 610 4428 tentatio
640 4364 694 4421 iu
725 4365 861 4421 mari
891 4365 1081 4421 Rubro
1108 4383 1119 4419 :
1152 4364 1296 4420 unde
1321 4367 1586 4435 scriptum
1610 4373 1696 4420 est
1720 4367 1772 4426 D
1799 4377 1969 4434 aquas
1999 4366 2481 4422 contradictionis:
2505 4380 2607 4420 una
2634 4375 2762 4421 ante
2794 4374 3029 4421 mortem
3061 4364 3272 4430 Mariae,
3295 4365 3402 4422 alia

102 4463 152 4519 in
178 4468 400 4535 psalmo,
435 4466 501 4521 Et
534 4463 872 4518 irritaverant
912 4461 1246 4515 ascendentes
1289 4461 1340 4512 in
1373 4461 1528 4524 ntari,
1561 4460 1692 4513 mari
1787 4466 1914 4527 post
1938 4472 2171 4516 mortem
2203 4460 2407 4514 Mariae.
2441 4462 2627 4522 Sexta,
2671 4461 2893 4529 quando
2937 4476 3136 4514 manna
3179 4476 3405 4532 compu-

102 4557 286 4612 Rubro.
330 4558 614 4625 Secunda,
645 4555 713 4609 de
753 4554 1037 4610 creatione
1080 4552 1262 4607 vituli.
1295 4553 1506 4616 Tertia,
1548 4550 1692 4621 quod

100 4652 566 4706 murmuraverint
603 4647 849 4703 dicentes
895 4665 907 4700 :
971 4645 1150 4712 Quare
1204 4660 1296 4698 nos
1350 4643 1573 4697 eduxisti
1633 4644 1697 4696 de

103 4739 328 4814 /Egypto
347 4744 368 4796 ἵ)
389 4743 595 4796 Anima:
616 4749 808 4794 nostra:
829 4751 1082 4793 nauseant
1106 4752 1259 4808 super
1277 4735 1390 4789 cibo
1417 4735 1694 4790 levissimo.

102 4830 164 4885 Et
194 4837 322 4888 misit
351 4836 425 4889 eis
465 4843 732 4903 serpentes
773 4833 990 4904 ignitos.
1032 4831 1238 4897 Quarta
1280 4839 1337 4882 et
1374 4827 1585 4897 quinta,
1627 4831 1694 4885 ad

167 4981 190 5010 ⁴¹
228 4973 369 5028 Idem
400 4989 506 5027 ms.
535 4974 676 5038 quod
713 4988 776 5025 ex
804 4971 939 5025 libro
988 4970 1120 5023 Iesu
1145 4967 1495 5038 animadverti
1536 4968 1692 5037 facile

103 5053 274 5113 potest.
310 5043 395 5098 Ita
420 5037 613 5099 etenim
639 5046 692 5096 in
715 5043 893 5098 eodem
931 5041 1065 5096 libro
1096 5042 1340 5095 scribitur
1391 5055 1407 5091 :
1438 5037 1686 5107 Locutus,

101 5123 200 5168 CIC.

1794 4553 1930 4606 truit
1958 4556 2062 4619 eis,
2097 4565 2148 4607 et
2193 4552 2476 4606 vermibus
2511 4552 2782 4608 ebullivit.
2810 4553 3055 4623 Septima
3091 4562 3146 4608 et
3188 4566 3404 4620 octava,

1799 4645 1868 4702 de
1897 4648 2297 4702 coturnicibus.
2333 4646 2506 4713 Nona,
2529 4648 2599 4702 de
2625 4647 2828 4704 Chorc.
2846 4649 3091 4718 Decima,
3117 4650 3187 4706 de
3213 4666 3274 4705 es
3288 4651 3406 4720 plo-

1803 4748 1926 4795 rato
1937 4741 2110 4794 ribus.

1871 4971 1899 5046 ιζ
1939 4972 2091 5026 Ilauc
2131 4970 2436 5046 superioris
2477 4971 2648 5028 libelli
2677 4973 2826 5028 velut
2863 4973 3300 5046 ἀνακεφαλαίωσιν
3334 4989 3403 5032 ex

1799 5041 1991 5098 eodem
2017 5059 2138 5099 meo
2163 5058 2267 5098 ms.
2294 5043 2584 5100 subnecte.

150 5216 3394 5246 W

489 5356 1438 5443 COMMENTARIUS
1515 5355 1638 5437 IN
1713 5348 2335 5436 CANTICUM
2409 5347 3011 5436 DEBBOR/E.

171 5621 330 5692 (Iud.
385 5625 444 5678 V.
471 5657 541 5665 —
571 5626 729 5683 Vers.
766 5629 816 5683 1.
843 5629 863 5698 )
895 5628 1307 5700 Cecineruntque
1359 5625 1602 5681 Debbora
1648 5634 1695 5680 et

105 5707 265 5766 Barac
287 5716 427 5782 ﬁlius
455 5717 724 5775 Abinoem.
749 5720 922 5778 Barac
949 5723 1031 5776 vir
1052 5722 1321 5777 Debborm
1349 5718 1695 5791 prophetidis

102 5801 264 5859 fuisse
293 5809 546 5865 traditur.
596 5812 722 5883 Ipse
761 5815 929 5870 etiam
967 5814 1204 5870 Baracin
1254 5813 1695 5885 praecedentibus

626 5910 903 5970 ΡΑτιιοι.
953 5909 1193 5970 XXIII.

1806 5624 2072 5695 Lapidoth
2111 5633 2365 5680 vocatur.
2432 5622 2705 5694 Lapidoth
2771 5625 2916 5679 enim
2982 5624 3405 5696 interpretatur,

1803 5716 1980 5789 fulgur
2010 5734 2028 5772 :
2062 5717 2232 5772 Barac
2253 5729 2494 5786 quoque,
2526 5713 2748 5777 fulmen.
2781 5713 2989 5786 Fulgur
3017 5715 3244 5784 idcirco,
3278 5721 3410 5789 quia

1804 5820 2097 5880 antequam
2133 5811 2494 5866 ulcisceretur
2531 5806 2701 5863 Israel
2748 5807 2818 5864 de
2853 5807 3214 5878 Chananteis,
3249 5813 3413 5884 quasi

2918 5906 2998 5967 Ιιὲ
