4006 6314
579 303 717 363 1527

1365 288 1457 343 AD
1496 281 1742 341 TOMUM
1782 280 1847 337 Ill
1886 275 2170 335 OPERUSI
2209 276 2268 333 S.
2311 268 2692 330 IIIERONYMI
2734 264 3107 325 APPENDIX.

3780 247 3903 305 I32!

570 429 646 475 est
677 435 694 472 :
725 429 791 469 eo
825 409 968 483 quod
1014 405 1152 460 ntale
1192 401 1424 467 fecerit,
1478 399 1763 471 imperium
1806 393 2023 450 Domini
2055 408 2178 463 par-
2206 399 2259 457 Α
2286 389 2410 443 ﬁliis
2441 387 2630 450 Israel,
2661 393 2713 439 et
2745 381 3013 454 [Egyptiis
3046 371 3433 447 pereuntibus.
3486 367 3561 424 Et
3590 365 3726 438 quia
3766 379 3910 417 mare

567 509 874 580 vipendens
902 512 953 557 et
981 501 1247 568 superbus
1273 496 1534 549 existens.

646 598 829 669 (Vers.
866 592 980 661 I7.)
1011 589 1128 645 Gud
1156 599 1299 641 trans
1320 585 1608 640 Iordanem
1636 581 1945 652 quiescebat.
1979 578 2044 631 Et
2072 576 2176 629 hoc

576 689 916 760 increpando
950 686 1272 756 ponitur,eo
1298 680 1439 751 quod
1462 684 1781 734 remanente
1806 674 2020 735 ltuben,
2050 685 2172 724 cum

574 802 641 842 eo
669 784 782 839 Cad
818 782 934 853 pari
962 778 1195 835 consilio
1225 772 1513 829 remansit.
1552 769 1618 823 Et
1650 768 1765 821 Dan
1798 764 2008 819 vacabat
2037 763 2179 815 nari-

572 878 687 932 bus.
717 876 852 944 Quia
903 872 1096 926 videns
1122 868 1266 939 quod
1299 867 1472 920 tribus
1518 863 1709 917 Ruben
1741 870 1797 913 et
1840 858 2017 912 tribus
2061 853 2176 909 Gad

572 986 680 1024 non
724 971 868 1022 irent
897 981 1018 1020 cum
1072 962 1333 1015 fratribus
1361 960 1473 1012 suis
1505 957 1571 1009 ad
1605 952 1946 1013 bellandum,
1982 951 2177 1002 timore

571 1062 925 1133 petterritus,
972 1057 1197 1111 navibus
1230 1052 1499 1116 vaCando,
1545 1049 1724 1117 fugam
1767 1044 2018 1114 arripuit.
2051 1041 2178 1093 Aser

574 1132 839 1209 habitabat
862 1154 915 1205 in
942 1148 1116 1204 littore
1137 1147 1319 1209 maris,
1341 1154 1387 1198 et
1409 1146 1461 1197 in
1491 1140 1721 1211 portibus
1747 1138 2066 1189 morabatur.
2093 1132 2177 1187 Si-

572 1247 780 1303 militer
826 1243 929 1298 hoc
959 1238 1290 1307 increpando
1324 1237 1567 1306 ponitur,
1600 1246 1667 1285 eo
1696 1228 1838 1299 quod
1866 1235 1919 1280 et
1955 1228 2092 1279 Aser
2124 1224 2175 1275 in

563 1340 751 1394 littore
782 1336 949 1392 maris
993 1335 1270 1393 habitans,
1307 1330 1360 1384 in
1409 1326 1654 1397 portibus
1685 1331 1929 1375 moratus
1957 1319 2049 1381 sit,
2098 1317 2177 1368 fn-

571 1448 694 1504 gam
758 1431 933 1500 potius
988 1437 1339 1495 arrepturus,
1392 1435 1555 1491 quam
1617 1413 1877 1471 fratribus
1930 1408 2174 1465 cumbel-

576 1528 805 1581 laturus.

650 1611 1209 1691 (Vers.18.)Zabulon
1235 1618 1281 1661 et
1301 1596 1948 1677 Neplttltalimobtulerunt
1972 1594 2175 1646 animas

574 1727 695 1765 suas
718 1706 894 1766 morti.
928 1706 981 1756 in
1017 1705 1224 1771 regione
1256 1698 1512 1751 Moronze.
1548 1694 1603 1748 In
1638 1692 1892 1754 IIebra-o,
1920 1701 2075 1758 super
2096 1701 2178 1737 re-

573 1807 777 1878 gionem
800 1798 1056 1853 Morome.
1086 1797 1150 1848 Et
1178 1804 1261 1849 est
1289 1806 1506 1848 sensus,
1529 1787 1666 1854 Quia
1693 1785 1906 1840 cancris
1930 1778 2176 1834 tribubus

574 1901 657 1952 ire
686 1888 1032 1952 uolentibus,
1089 1888 1169 1940 lue
1209 1886 1334 1939 dua:
1366 1883 1541 1936 tribus
1587 1880 1796 1932 animas
1844 1889 1972 1928 suas
2015 1869 2177 1924 morti

576 1990 867 2046 dederunt.
894 1985 1072 2053 Super
1094 1981 1355 2049 regionem
1376 1976 1632 2030 Moronte.
1656 1972 1898 2025 Morome
1922 1967 2067 2021 enim
2097 1964 2177 2016 in-

572 2092 917 2152 terpretatur
937 2077 1169 2132 excelsus
1189 2090 1205 2129 :
1225 2089 1320 2144 pro
1339 2071 1562 2141 regione
1577 2070 1722 2123 enim
1743 2064 1972 2124 exet-lsi,
1997 2060 2051 2114 id
2069 2066 2173 2124 e~t,

574 2175 695 2238 Dei,
721 2172 986 2227 obtulisse
1007 2169 1264 2222 dicuntur
1287 2166 1495 2217 animas
1518 2177 1667 2225 suas,
1699 2169 1753 2213 et
1776 2157 1897 2209 ideo
1924 2152 2176 2207 laudibus

573 2265 898 2329 efferuntur,
925 2276 1046 2315 cum
1079 2269 1292 2313 caeterm
1327 2256 1500 2309 tribus
1532 2248 2031 2321 reprehendantur.

646 2358 831 2431 (Vers.
870 2353 981 2425 19.)
1024 2352 1287 2406 Venerunt
1312 2364 1479 2417 reges,
1511 2356 1557 2399 et
1590 2350 1967 2416 pugnaverunt.
2001 2338 2178 2407 Reges

532 2484 535 2487 -
570 2460 742 2506 terrm
778 2448 1034 2503 Chanaan
1067 2444 1221 2508 dicit,
1267 2441 1360 2510 qui
1405 2440 1516 2509 regi
1556 2437 1711 2492 Jabiu
1756 2433 1957 2488 subditi
1991 2438 2174 2485 erant.

570 2544 948 2614 Pugnaverunt
981 2554 1124 2610 reges
1154 2535 1429 2589 Chanaan.
1465 2533 1700 2601 ldipsmn
1734 2528 1954 2597 repetit,
1980 2525 2044 2578 In
2071 2524 2177 2577 Ta-

572 2638 730 2692 nacb.
761 2632 981 2689 Tanach
1006 2632 1149 2685 enim
1180 2628 1456 2698 provincia
1480 2635 1586 2690 est,
1624 2622 1715 2678 ubi
1736 2632 1821 2676 est
1856 2630 2073 2674 torrens
2093 2618 2181 2672 Ci-

575 2744 700 2784 son.
728 2726 892 2781 Juxta
912 2740 1073 2794 aquas
1105 2719 1391 2793 Mageddo.
1418 2716 1684 2787 Magcddo
1712 2716 1856 2769 enim
1882 2714 2074 2767 civitas
2096 2721 2183 2765 est

570 2822 754 2892 posita
785 2832 952 2889 super
980 2823 1278 2870 torrentem
1298 2813 1485 2866 Cison.
1518 2809 1585 2862 Et
1606 2806 1751 2878 quod
1773 2806 1991 2867 dicitur,
2014 2801 2180 2855 Juxta

573 2890 739 2984 aquas
765 2908 1055 2977 Magcddo,
1098 2902 1597 2972 intelligiturjuxta
1635 2906 1938 2952 torrentem
1985 2890 2176 2957 Cison,

574 3008 768 3062 civitas
814 3003 1100 3074 Mageddo.
1161 3000 1355 3053 Tamen
1407 2998 1661 3052 niltutere
1713 2993 2024 3064 prtetlanles.
2067 2990 2182 3044 Iloc

573 3094 966 3154 subsanuando
1014 3094 1252 3157 dicitur,
1314 3108 1436 3147 cum
1488 3105 1597 3143 non
1648 3087 1825 3141 solum
1853 3084 1930 3139 nil
1984 3082 2179 3151 prtedae

576 3187 831 3251 tulerint,
864 3186 993 3255 quin
1026 3184 1210 3253 potius
1242 3185 1452 3236 animas
1484 3196 1681 3237 eruere
1713 3175 2081 3248 nequiverint.

656 3279 850 3353 (Vcrs.
878 3278 968 3332 20.
991 3278 1008 3347 )
1038 3276 1116 3329 De
1136 3276 1262 3329 calo
1286 3276 1591 3330 dimicatum
1613 3286 1685 3329 est
1715 3282 1895 3328 contra
1919 3288 2024 3327 eos.
2051 3270 2185 3337 Quia

577 3375 633 3429 in
664 3370 1022 3443 quadraginta
1054 3367 1296 3422 millibus
1325 3368 1485 3422 Israel
1520 3370 1745 3438 clypeus
1772 3376 1825 3420 et
1856 3365 2013 3418 hasta
2040 3365 2187 3417 iuve-

574 3467 687 3523 niri
721 3482 828 3518 non
854 3472 1088 3534 poterat,
1121 3460 1325 3514 idcirco
1361 3461 1621 3513 Dominus
1649 3460 1717 3513 de
1745 3461 1885 3514 caalo
1918 3458 2189 3527 lapidibus

580 3556 885 3628 grandinis,
939 3562 995 3610 et
1044 3556 1165 3624 igne
1194 3551 1477 3607 dimicavit
1520 3568 1618 3621 pro
1648 3552 1726 3606 eis
1767 3560 1953 3606 contra
2004 3554 2188 3624 hostes

580 3664 737 3706 suos.
761 3647 912 3703 Sicut
942 3656 1026 3700 est
1056 3655 1109 3701 et
1131 3645 1261 3699 illttd
1293 3645 1346 3699 in
1379 3644 1517 3700 libro
1546 3646 1742 3700 Josue:
1771 3642 1952 3698 Stella:
1980 3618 2191 3695 ηιιυιεηξ

589 3756 663 3798 tes
690 3745 743 3796 in
766 3742 948 3796 ordine
974 3757 1090 3801 suo,
1124 3749 1169 3792 et
1202 3756 1359 3793 cursu
1385 3741 1630 3791 adversus
1672 3738 1906 3791 Sisaram
1931 3752 2191 3807 pugnave-

584 3846 709 3891 runt
743 3834 895 3906 (Jos.
933 3851 987 3899 χ,
1036 3834 1160 3903 II).
1193 3831 1378 3888 Stella:
1420 3831 1612 3901 Angeli
1666 3831 2067 3901 intelliguntur,
2101 3830 2188 3899 qui

586 3932 656 3987 de
685 3931 828 3986 ccelo
853 3942 1042 3984 contra
1075 3927 1315 3982 Sisaram
1345 3936 1743 3997 pugnaverunt.

664 4024 683 4095 (
703 4022 861 4078 Vers.
889 4020 1021 4092 9.1.)
1054 4019 1283 4075 Torrens
1308 4018 1465 4073 Cison
1500 4022 1658 4073 traxit
1708 4019 1956 4074 cadavera
1991 4036 2185 4073 eorum.

590 4116 692 4172 Est
724 4115 869 4170 enim
896 4113 983 4167 hic
1018 4112 1298 4177 defectus;
1330 4121 1384 4166 et
1414 4111 1569 4181 quasi
1618 4111 2028 4182 interrogando,
2065 4112 2194 4167 ubi?

589 4218 645 4261 et
675 4206 1115 4277 respondeatur:
1160 4203 1215 4257 In
1250 4213 1545 4258 torrentem
1580 4203 1867 4269 Cadumin,
1899 4203 1951 4258 id
1999 4214 2104 4269 est,
2141 4205 2191 4258 in

589 4300 731 4355 mari
764 4299 990 4363 Rubro;
1030 4296 1171 4352 unde
1198 4296 1481 4367 sequitur:
1525 4296 1749 4350 Torrens
1781 4294 2058 4363 Cadamin,
2092 4307 2195 4350 tor—

592 4408 710 4445 rens
733 4389 1249 4446 Cison.'l‘orrcntem
1278 4390 1543 4445 Cadumin
1573 4406 1721 4445 mare
1750 4389 1988 4444 Rubrum
2014 4402 2190 4445 vocat.

589 4483 859 4539 Cadumin
906 4486 1052 4538 enim
1087 4484 1477 4552 interpretatur
1506 4494 1531 4522 ει
1558 4486 1906 4553 antiquorum,
1956 4500 2020 4539 eo
2051 4486 2193 4555 quod

2278 485 2522 539 Rubrum
2575 478 2859 550 {Egyptios
2908 482 3186 531 emortuos
3232 466 3512 530 evomuit,
3569 465 3655 515 ita
3706 471 3773 511 ut
3826 472 3907 511 eas

2280 590 2527 635 mortuos
2574 575 2839 631 Israelita:
2888 585 3053 639 super
3103 567 3258 621 littus
3288 562 3464 618 maris
3517 556 3825 615 viderent,
3867 562 3908 604 et

2279 674 2471 729 eadem
2515 669 2785 725 cadavera
2823 663 3063 734 piscibus
3093 670 3147 714 et
3175 655 3367 712 bestiis
3404 654 3581 706 maris
3631 648 3909 701 abstracta

2279 769 2522 822 fuerint:
2562 764 2769 818 idcirco
2820 760 2985 813 traxit
3030 768 3249 810 torrens
3297 749 3465 805 Cison
3498 744 3801 800 cadavera
3830 754 3911 793 eo-

2278 876 2420 925 rum,
2474 866 2532 911 ut
2573 872 2670 927 pro
2711 849 3069 909 cadaveribus
3101 842 3484 916 Egyptiorum
3521 839 3637 891 sibi
3692 834 3912 893 ablatis,

2280 951 2543 1007 cadavera
2571 947 3007 1003 Chananaeorutn
3032 939 3205 1009 ipsius
3237 935 3407 990 maris
3428 931 3609 986 Rubri
3648 929 3844 999 ρὶεε-ες
3873 934 3916 977 et

2282 1046 2473 1100 beSIiae
2506 1040 2868 1097 comederint.
2903 1032 3184 1097 Conculca,
3232 1030 3408 1083 anima
3456 1042 3599 1093 mea,
3650 1026 3914 1075 robustos.

2282 1138 2411 1192 Haec
2435 1137 2680 1191 Debbora
2706 1134 2758 1187 in
2786 1143 3021 1202 persona
3050 1129 3215 1181 totius
3246 1122 3417 1177 Israel
3440 1120 3604 1184 dicit,
3636 1127 3701 1169 ut
3729 1128 3918 1169 omnes

2280 1248 2390 1285 uno
2432 1230 2613 1283 animo
2659 1226 3041 1286 robustorum,
3091 1218 3143 1272 id
3188 1225 3291 1281 εει,
3327 1212 3781 1268 fortissimorum
3818 1206 3915 1259 iui-

2283 1326 2549 1379 tnicorum
2595 1333 2818 1374 suorum
2851 1316 2994 1369 colla
3039 1309 3484 1367 conculcari-nt:
3520 1306 3676 1357 sicut
3728 1309 3817 1354 est
3866 1307 3915 1351 et

2281 1418 2413 1470 illud
2447 1418 2497 1468 in
2533 1414 2673 1468 libro
2721 1412 2891 1466 .Iosue
2923 1407 2992 1463 de
3029 1404 3273 1476 quinque
3304 1399 3534 1471 regibus
3561 1396 3911 1451 Chananmo-

2283 1528 2401 1565 rum
2434 1508 2580 1579 (Jos.
2611 1523 2669 1571 χ,
2703 1504 2831 1573 24).

2357 1600 2548 1670 (Vers.
2580 1598 2712 1665 9‘2.)
2761 1595 2907 1649 Tunc
2953 1589 3166 1664 ungula:
3196 1601 3449 1655 equorum
3481 1581 3799 1637 ceciderunt
3833 1583 3911 1648 [αι

2280 1697 2538 1769 gientibus
2560 1694 2780 1759 impetu,
2811 1700 2856 1743 et
2887 1701 3115 1758 prazceps
3142 1682 3407 1737 ruentibus
3445 1676 3766 1748 fortissimis
3792 1670 3907 1723 has-

2212 1801 2253 1859 B
2282 1765 2430 1843 tium.
2466 1786 2688 1859 Ungula:
2711 1788 2728 1816 ί
2756 1784 2783 1822 b
2803 1798 3001 1843 eorum,
3028 1782 3080 1833 in
3109 1778 3342 1832 llebrmo
3364 1774 3611 1842 legitur;
3635 1765 3907 1838 lapidbus

2281 1884 2425 1937 enim
2457 1878 2741 1951 grandinis
2768 1875 2836 1930 de
2867 1874 3047 1937 caelis,
3082 1870 3132 1924 id
3164 1878 3273 1931 est,
3303 1868 3375 1920 ab
3428 1864 3673 1934 Angelis
3716 1872 3903 1915 eorum

2280 1990 2550 2043 equorum
2578 1970 2795 2041 ungulae
2814 1965 3084 2022 cecidisse
3108 1962 3405 2016 traduntur
3430 1975 3443 2009 :
3480 1966 3539 2011 ut
3571 1956 3646 2009 sit
3672 1968 3868 2007 sensus
3895 1967 3905 1999 :

2283 2068 2337 2123 Si
2369 2066 2582 2138 ungula:
2611 2077 2876 2133 equorum
2906 2070 3053 2113 tactu
3091 2054 3333 2127 lapidum
3369 2050 3739 2112 ceciderunt,
3779 2044 3905 2116 quid

2282 2173 2441 2231 putas
2468 2158 2743 2229 equitibus
2773 2154 3084 2208 accidisse?

2353 2254 2547 2325 (Vcrs.
2578 2252 2708 2321 23.)
2743 2248 3024 2303 Maledicta
3073 2256 3212 2299 terra
3258 2240 3457 2301 Meroz,
3505 2238 3647 2291 dixit
3680 2235 3909 2305 Angelus

2282 2348 2515 2402 Domini.
2559 2345 2616 2399 In
2653 2344 2882 2398 Hebraeo
2919 2342 3158 2407 legitur:
3204 2335 3506 2390 Maledicite
3537 2331 3743 2395 Meroz,
3781 2328 3909 2379 dixit

2282 2441 2508 2511 Angelus
2532 2436 2767 2492 Domini.
2791 2435 3033 2504 Angelus
3060 2430 3275 2485 Domini
3303 2429 3371 2480 ab
3389 2425 3649 2481 Hebraeis
3674 2420 3909 2475 Michael

2283 2532 2634 2601 intelligitur,
2669 2528 2944 2598 quijuhet
2984 2540 3086 2593 per
3128 2522 3437 2577 Debboram
3470 2515 3684 2587 populo
3714 2511 3903 2575 Israel,

2282 2633 2344 2679 ut
2388 2623 2719 2677 maledit-ant
2766 2619 2967 2681 Meroz,
3014 2615 3068 2669 id
3116 2622 3223 2675 est,
3276 2606 3540 2682 potestati
3595 2607 3905 2672 Angelicaa,

2280 2730 2403 2785 quae
2435 2722 2669 2784 ρι’ςεθιηειι
2691 2710 3023 2765 Chananmis
3050 2724 3062 2759 :
3095 2706 3276 2760 Meroz
3300 2702 3449 2756 enim
3492 2702 3904 2767 interpretatur

2281 2823 2550 2861 arcanum.
2597 2805 2807 2858 Idcirco
2839 2800 3094 2855 maledici
3137 2798 3388 2867 jubetur,
3441 2794 3495 2847 id
3531 2802 3648 2856 est,
3683 2794 3907 2845 anatheo

2283 2900 2555 2962 matizari,
2590 2914 2655 2953 eo
2678 2896 2825 2967 quod
2853 2894 3081 2964 Angelis
3105 2889 3329 2946 caeteris
3372 2885 3783 2943 dimicantibus
3813 2896 3905 2953 pro

2282 2995 2474 3061 Israel,
2501 2995 2619 3062 ipse
2650 3006 2762 3045 non
2790 2990 2968 3045 solum
2994 3003 3100 3042 non
3133 2984 3475 3056 pugnaverit,
3510 2995 3711 3035 verum
3739 2978 3902 3031 etiam

2280 3087 2333 3142 in
2381 3086 2710 3142 adversitate
2740 3098 2933 3139 eorum
2970 3080 3298 3151 perstiterit.
3353 3074 3661 3128 Maledicite
3707 3071 3905 3124 habita-

2207 3184 2253 3247 C
2285 3182 2477 3235 toribus
2502 3184 2636 3253 ejus,
2669 3178 2720 3232 id
2753 3186 2859 3242 est,
2889 3176 3095 3239 Meroz,
3123 3182 3179 3227 et
3212 3171 3413 3243 popqu
3443 3168 3587 3238 ejus.
3623 3166 3694 3220 Et
3726 3163 3905 3219 reddi-

2292 3286 2377 3328 tur
2411 3289 2573 3328 causa
2614 3287 2712 3326 cur
2742 3270 3171 3333 maledicautur,
3204 3267 3325 3330 quia
3371 3261 3566 3317 scilicet
3595 3276 3701 3313 non
3754 3273 3902 3311 vene-

2292 3378 2407 3437 runt
2438 3368 2491 3420 in
2513 3366 2773 3420 auxilium
2802 3362 3038 3427 Domini,
3065 3370 3111 3414 et
3136 3360 3188 3413 in
3227 3358 3553 3431 adjutorium
3582 3354 3902 3425 fortissimo-

2290 3477 2406 3514 rum
2435 3463 2571 3531 ejus.

2364 3556 2382 3617 (
2409 3552 2566 3607 Vers.
2595 3550 2722 3624 24.)
2751 3550 3033 3605 Benedicta
3069 3550 3198 3602 inter
3236 3547 3501 3607 mulieres,
3551 3540 3733 3603 Jahel,
3772 3554 3899 3592 uxor

2298 3649 2474 3702 Haber
2500 3648 2684 3701 Cinaei.
2711 3648 2856 3702 Inter
2888 3647 3170 3708 mulieres,
3203 3643 3422 3698 scilicet
3449 3641 3669 3707 Saram,
3693 3635 3898 3690 Rebec-

2290 3758 2437 3807 cam,
2488 3742 2716 3809 Rachel,
2771 3742 2947 3804 Liam,
3012 3749 3070 3796 et
3119 3749 3348 3794 caeteras
3397 3736 3573 3791 ferme
3619 3733 3893 3788 ntttlieres.

2294 3836 2644 3890 Benedicatur
2665 3836 2718 3888 in
2752 3836 2957 3905 templo,
2993 3831 3318 3888 subauditur
3347 3828 3587 3892 Ilomini,
3637 3835 3697 3878 ut
3724 3823 3803 3877 ibi
3834 3823 3903 3875 sit

2296 3929 2617 3985 metnoriale
2647 3928 2790 3997 ejus,
2834 3928 2975 3982 sicut
3021 3935 3075 3982 ct
3121 3923 3333 3980 Judith.
3367 3924 3431 3976 Et
3454 3920 3709 3976 redditur
3735 3930 3898 3970 causa

2295 4040 2393 4080 cur
2418 4024 2795 4089 benedicatur,
2827 4024 2953 4092 quia
2972 4022 3189 4077 scilicet
3215 4021 3500 4091 sapienter
3527 4030 3577 4073 et
3603 4017 3899 4087 prudenter

2297 4119 2514 4184 fecerit,
2550 4132 2616 4172 eo
2648 4115 2792 4187 quod
2826 4116 3014 4185 petenti
3057 4130 3268 4186 aquam,
3312 4112 3395 4166 lac
3432 4111 3647 4164 dederit.
3689 4108 3899 4162 Idcirco

2298 4211 2379 4265 lac
2407 4209 2580 4277 dedit,
2617 4220 2675 4263 ut
2718 4209 2892 4262 hostis
2925 4208 3137 4277 fugiens
3165 4205 3269 4260 sibi
3300 4205 3460 4260 fidem
3497 4204 3762 4273 potiorem
3809 4214 3900 4255 ac-

2297 4303 2696 4360 commodaret.
2731 4303 2797 4357 Et
2827 4301 2870 4355 si
2892 4300 3155 4370 quavritur
3184 4313 3281 4353 cur
3307 4314 3417 4352 non
3451 4296 3631 4351 vinum
3661 4292 3896 4355 dederit,

2298 4396 2741 4468 respondendum
2793 4403 2877 4449 est
2904 4393 3029 4463 quia
3066 4391 3260 4447 domus
3306 4389 3523 4446 Rechab
3553 4388 3737 4442 vinum
3789 4400 3895 4438 non

2301 4490 2523 4556 bibunt,
2558 4488 2701 4543 sicut
2723 4486 2964 4556 habesin
2992 4483 3230 4541 Jeremia
3252 4483 3531 4555 ,propheta
3561 4479 3705 4550 (Jer.
3728 4492 3892 4541 xxxv,

569 4577 815 4669 .antiqua
850 4576 1114 4630 miracula
1146 4577 1200 4631 in
1233 4592 1300 4631 eo
1332 4578 1467 4632 facta
1502 4579 1742 4644 fuerunt,
1787 4579 2195 4635 transeuntibus
2222 4575 2276 4636 D
2306 4580 2370 4636 M
2393 4580 2434 4651 ).

671 4717 687 4746 ¹
741 4713 839 4787 Hic
881 4727 1100 4787 quoque
1144 4714 1406 4769 Hebraeus
1451 4716 1679 4777 fallitur,
1724 4717 1845 4787 quia
1882 4719 1933 4772 in
1974 4719 2203 4773 Hebrai-

612 4802 678 4844 co
698 4785 964 4857 scriptum
1002 4786 1198 4855 legitur
1226 4796 1327 4845 σε
1357 4794 1497 4873 δειρῇ
1527 4790 1634 4841 icbe
1659 4785 1769 4854 sus,
1804 4790 2034 4844 calcanei
2056 4792 2189 4863 equi,

670 4932 695 4961 α
738 4921 895 4992 Apud
928 4921 1137 4974 Raban.
1166 4922 1557 4991 interpretatur
1581 4926 1885 4979 resurrectio
1908 4926 2123 4979 inutilis.

671 4995 698 5032 δ
740 4995 794 5047 In
824 5010 945 5075 tneo
980 5003 1161 5075 autem
1193 5009 1293 5048 ms.
1329 4996 1472 5061 quod
1506 4999 1788 5050 veriSsitne
1832 4997 2097 5065 scriptum
2130 4998 2198 5051 ab

595 5075 824 5121 auctore
858 5068 974 5132 ipso
1014 5068 1278 5125 arbitror,
1310 5068 1588 5120 contrario
1615 5082 1779 5120 sensu
1814 5069 1877 5120 ad
1909 5069 2051 5121 hunc
2082 5084 2199 5121 tuo-

595 5137 725 5193 dum
760 5145 902 5190 totus
948 5135 1103 5189 locus
1135 5138 1237 5189 iste
1279 5137 1539 5191 recitatur
1579 5156 1591 5192 :
1629 5137 1845 5209 Ungula:
1888 5155 2083 5194 eorum.
2137 5138 2203 5193 In

614 5270 707 5289 ψ

1813 5275 1976 5287 ..-

1985 5262 3655 5287 -υ--ι-Μ

2313 4721 2435 4846 slive
2453 4721 2649 4793 ungula
2674 4735 2947 4791 equorum:
2977 4718 3085 4773 nisi
3103 4717 3220 4788 ipse
3245 4716 3352 4771 alio
3375 4713 3541 4771 fuerit
3563 4727 3693 4769 usus
3718 4725 3893 4767 exem-

2313 4808 2336 4846 o
2360 4809 2457 4846 art.

2303 4807 2457 4862 ptart.

2308 4927 2528 5011 Ilebrtro
2559 4930 2764 5011 legitur,
2811 4927 2954 5011 Tum:
2981 4927 3192 4999 ungula:
3218 4940 3465 5011 equorum
3493 4923 3780 5007 ceciderunt
3811 4918 3891 5011 [u-

2300 5002 2552 5071 gieatibus
2594 4994 2807 5068 impetu,
2846 5008 2893 5053 et
2945 4994 3171 5065 prmceps
3197 4994 3462 5071 ruentibus
3492 4994 3790 5066 fortissimis
3813 4995 3891 5043 lto-

2303 5070 2491 5140 stium;
2520 5072 2779 5143 lapidibus
2801 5071 2936 5125 enim
2960 5070 3253 5139 grandinis,
3277 5078 3387 5124 etc.

1062 5385 1691 5461 ADMONITIO
1766 5389 1878 5461 IN
1949 5388 2515 5462 OPUSCULA
2597 5384 3438 5470 SUBSEQUENTIA.

599 5634 890 5752 Il
910 5634 1045 5752 lianc
1072 5636 1279 5692 laudem
1306 5637 1644 5706 Martianceo,
1672 5639 1760 5707 qui
1788 5639 2209 5711 subsequentium
2236 5642 2620 5698 Hebraicarum
2660 5639 3010 5705 Qurestionum
3054 5640 3106 5691 in
3148 5636 3351 5707 Regum
3384 5642 3431 5688 et
3459 5634 3891 5708 Paralipomenon

560 5760 570 5769 -
599 5730 755 5783 ﬁbras
780 5746 1085 5807 germanum
1134 5741 1394 5787 auctorem
1412 5778 1425 5800 ,
1460 5733 1523 5788 de
1552 5750 1654 5805 quo
1684 5742 1951 5802 tantapers
1977 5746 2129 5791 antea
2160 5741 2224 5793 ab
2248 5737 2481 5793 Eruditis
2512 5738 2565 5789 in
2590 5746 2857 5801 utramque
2878 5741 3078 5799 partem
3109 5732 3435 5799 disputatum
3462 5744 3586 5801 gest,
3621 5752 3688 5790 sa;
3715 5735 3893 5793 Baiani
