4006 6290
39 333 200 388 1529
383 358 386 360 ·
957 326 1418 398 QUrESTlONES
1460 327 1621 383 HEBE

1802 329 1849 383 Ε.
1898 327 1964 384 IN
2005 328 2137 384 LIB.
2173 330 2194 385 Ι
2233 330 2498 387 REGUM.
3245 326 3384 382 1530

41 443 239 498 Mauri
272 446 574 499 testimonio
601 444 866 498 iudicavit.
894 442 1069 514 Usque
1095 445 1148 498 in
1181 460 1405 516 pra’sens
1437 453 1658 513 tempus,
1689 445 1853 511 inquit
1884 442 1976 498 ille
2003 445 2055 498 in
2085 446 2301 515 praeﬁxa
2329 447 2409 500 his
2437 446 2584 498 libris
2615 447 2979 501 Admonitione
3007 462 3164 514 quam
3186 442 3386 496 descri-

37 536 245 601 bimus,
281 553 482 607 parum
513 535 760 607 liquebat,
789 551 889 604 quo
919 529 1144 589 Auctore
1171 536 1322 589 edita:
1345 536 1560 606 fuissent
1589 537 1890 607 hujusmodi
1919 537 2240 604 Quwstiones
2259 554 2278 591 :
2300 550 2345 591 et
2369 538 2504 607 [also
2543 541 2807 607 probabile
2838 542 3116 611 putabatur
3141 538 3386 610 quaedam

34 625 92 677 in
124 627 242 680 illis
268 630 520 701 decerpta
552 632 712 699 fuisse
730 646 794 683 ex
819 628 1126 701 Hieronymi
1150 628 1568 684 Conmentariis.
1602 629 1756 684 Nunc
1796 648 1912 684 vero
1945 631 2364 699 manifestissime
2394 646 2632 701 apparet,
2667 647 2994 705 syntagmata
3021 636 3162 688 istu’c
3193 632 3389 688 Aucto-

35 734 152 771 rem
191 720 455 774 habuisse
495 721 798 790 quemdam,
833 721 1120 776 Hebrmum
1158 722 1211 775 in
1242 723 1470 777 scientia
1501 721 1659 790 Legis
1686 721 1994 785 ﬂorentem,
2043 726 2130 794 qui
2175 727 2445 794 aliquanto
2476 735 2595 780 ante
2641 727 2914 782 Rabanum
2945 729 3192 782 Maurum
3224 729 3383 780 vitam

35 812 270 865 duxisse
301 812 629 880 perhibetur.
665 812 807 866 Nam
835 815 970 867 idem
1002 814 1222 869 Maurus
1248 817 1509 886 conceptis
1535 816 1698 870 verbis
1723 818 1880 886 [idem
1912 818 2058 888 facit,
2101 817 2376 873 Hibra’um
2423 819 2569 873 illum
2599 838 2921 893 anongmum
2964 824 3184 876 edidisse
3229 819 3381 876 Com-

35 905 347 958 mentarios
395 907 448 958 in
482 905 679 977 Regum
709 917 754 959 et
789 903 1229 978 Paralipomenon
1262 905 1541 973 volumina,
1571 923 1792 977 quantm
1832 910 1938 979 ipse
1966 907 2465 964 Commmtariorum
2497 915 2726 984 capitula
2754 916 3006 968 nonnulla
3042 924 3088 967 et
3138 915 3380 966 observa-

36 1001 213 1052 tiones
239 999 481 1052 inserere
507 1000 665 1052 voluit
695 1015 808 1051 cum
835 998 1243 1062 expositionibus
1273 999 1609 1052 celebriorum
1642 998 1889 1053 Ecclesia:
1911 998 2104 1055 Christi
2128 1001 2478 1074 Scriptorum.
2510 1013 2566 1056 ut
2590 1004 2720 1058 nihil
2742 1017 3033 1073 superesset
3055 1006 3125 1058 ad
3146 1005 3378 1058 studium

37 1107 100 1142 ac
133 1090 504 1162 diligentian,
537 1107 642 1160 qua
671 1088 832 1143 libros
849 1093 967 1162 jam
999 1092 1162 1143 dictos
1186 1091 1526 1144 illustrandos
1564 1101 1882 1160 susceperat.
1921 1092 2221 1159 Plut-terea,
2258 1097 2422 1165 inquit
2453 1099 2760 1168 pt'tefatione
2787 1097 3296 1152 Commentariorum
3325 1098 3380 1149 in

37 1183 211 1238 libros
265 1182 503 1253 Regum.
552 1183 775 1238 Ηεωιιει
825 1183 1113 1252 cujusdam
1157 1183 1440 1237 modernis
1489 1183 1829 1249 temporibus
1879 1184 1932 1238 in
1985 1186 2146 1254 Legis
2175 1188 2408 1241 scientia
2443 1187 2694 1244 ﬂorentis
2733 1190 2977 1259 capitula
3026 1189 3378 1243 traditionem

36 1275 430 1330 Hebraeorum
461 1273 720 1328 habentia
745 1291 854 1328 non
888 1276 1076 1342 paucis
1105 1273 1242 1328 locis
1268 1274 1429 1328 simul
1455 1289 1577 1328 cum
1603 1273 1742 1328 Nola
1778 1277 2016 1330 nominis
2043 1277 2161 1347 ejus
2186 1279 2392 1333 inserui
2422 1298 2435 1332 :
2469 1297 2576 1334 non
2600 1283 2755 1350 quasi
2785 1284 3038 1351 ingerens
3061 1281 3221 1334 alicui
3253 1294 3381 1334 auc-

40 1369 343 1424 toritatem
377 1369 574 1440 ipsius,
607 1368 702 1424 sed
730 1369 1057 1438 simpliciter
1088 1371 1291 1438 potius,
1331 1369 1478 1439 quod
1525 1369 1787 1436 scriptum
1824 1370 2028 1438 reperi,
2061 1371 2180 1440 ejus
2217 1373 2600 1440 probationem
2637 1376 2861 1430 lectoris
2887 1374 3093 1444 judicio
3139 1373 3378 1428 derelin-

37 1479 175 1532 quo.
211 1462 432 1518 Eadem
460 1461 686 1517 inculcat
715 1463 1021 1534 prtefatione
1047 1459 1392 1516 Commentar.
1420 1461 1476 1514 in
1508 1458 1914 1531 Paralipomena
1957 1476 1974 1515 :
2005 1460 2272 1528 Quatuor,
2300 1463 2483 1529 inquit,
2510 1461 3041 1518 Commentariorum
3068 1463 3235 1517 libros
3264 1461 3380 1517 edi-

39 1557 77 1614 d
106 1600 121 1622 ,
154 1573 300 1629 quos
333 1567 390 1614 et
435 1559 813 1614 sacratissimo
843 1556 1081 1627 genitori
1115 1566 1298 1610 vestro
1335 1554 1617 1610 Ludovico
1647 1553 1970 1625 Imperatori
2005 1557 2433 1625 pt'tesenlialiter
2463 1559 2514 1611 in
2545 1569 2736 1613 nostro
2766 1560 3100 1614 monasterio
3134 1557 3328 1612 tradidi
3357 1575 3373 1622 ;

39 1650 99 1706 in
133 1651 369 1718 quibus,
401 1652 546 1705 sicut
573 1651 907 1720 etprzesenti
937 1663 1108 1719 opere
1127 1647 1256 1712 feci,
1284 1647 1512 1717 Josepbi
1539 1646 1858 1702 Judaeorum
1895 1648 2143 1703 historici
2177 1651 2574 1716 narrationem,
2609 1667 2822 1707 necnon
2854 1661 2909 1707 et
2939 1653 3159 1708 [tantum
3189 1652 3370 1722 cojus-

41 1743 169 1798 dam
203 1744 503 1798 modernis
533 1743 872 1812 temporibus
901 1743 952 1795 in
983 1741 1212 1797 scientia
1249 1741 1412 1811 Legis
1445 1741 1697 1796 ﬂorentis
1730 1742 2023 1811 opiniones
2053 1742 2323 1814 plerisque
2361 1746 2413 1798 in
2450 1745 2585 1799 locis
2633 1747 2972 1817 interposui:
3010 1747 3106 1801 sed
3138 1763 3245 1801 non
3279 1747 3377 1812 ita,

39 1845 99 1888 ut
124 1836 289 1905 quasi
323 1837 598 1890 lectorem
629 1835 865 1888 invitum
895 1836 961 1889 ad
995 1837 1237 1903 ipsorum
1265 1835 1582 1889 traditionis
1615 1851 1905 1890 assensum
1939 1838 2339 1904 pcrtrabetem,
2373 1840 2468 1894 sed
2501 1841 2673 1909 magis
2699 1841 2903 1908 judicio
2951 1856 3015 1896 ac
3063 1841 3371 1912 probationi

43 1931 219 2000 ipsius
251 1931 348 1985 illa
377 1932 796 2000 derelinquens.
827 1932 946 1985 1am
975 1935 1023 1988 si
1053 1932 1284 2006 capitula
1315 1934 1408 1986 illa
1433 1931 1644 1986 Ηώνωὶ
1668 1934 1960 2003 scriptoris,
1989 1934 2186 1987 inserta
2218 1933 2608 1987 Commentariis
2632 1933 2838 1987 Rabani
2865 1933 3065 1992 Mauri.
3088 1936 3370 1991 contendas

46 2043 163 2079 cum
179 2023 429 2080 Hebrteis
457 2027 841 2093 Qua'stionibus
858 2029 910 2082 in
933 2027 1091 2083 libros
1115 2027 1312 2099 Regum
1335 2037 1381 2080 et
1411 2026 1872 2097 Paralipomenon,
1899 2027 2082 2094 ubique
2100 2026 2276 2079 eadem
2304 2028 2472 2085 verba,
2499 2043 2591 2079 nec
2613 2026 2786 2093 plura,
2815 2042 2904 2078 nec
2924 2027 3168 2096 pauciora
3192 2031 3374 2097 depre-

45 2122 240 2178 hendes
265 2141 283 2178 :
305 2124 448 2179 unde
469 2125 906 2179 evidentissimum
933 2125 1161 2194 exsurgit
1190 2133 1570 2194 argumentum,
1598 2121 1878 2176 Hebra'um
1902 2123 2053 2174 illum
2079 2120 2257 2174 Mauri
2277 2122 2329 2173 in
2357 2121 2570 2174 scientia
2593 2121 2720 2190 legis
2742 2121 3032 2188 ﬂorentem,
3053 2122 3371 2190 ipsissimum

44 2233 152 2270 esse
175 2229 452 2286 parentem
479 2219 832 2284 Qua’stionum
856 2217 1141 2272 istarumH
1147 2219 1469 2272 ebraicarum
1483 2216 1926 2286 consequentium.
1952 2212 2099 2268 Certe
2119 2221 2210 2267 abs
2232 2213 2550 2283 Hieronymo
2572 2221 2771 2265 tantum
2788 2213 2872 2266 hic
2895 2210 3070 2278 di/fert
3093 2211 3369 2280 Hebr-reus,

48 2323 295 2380 quantum
331 2311 570 2380 differta
599 2317 881 2386 m-trgarita
908 2314 1280 2386 pretiosissima
1310 2315 1496 2366 vitrum
1531 2320 1620 2364 aut
1665 2311 2004 2364 orichalcum.
2031 2307 2097 2361 Et
2132 2310 2291 2362 miror
2333 2309 2567 2362 homines
2606 2307 2837 2362 eruditos
2877 2307 3143 2372 probabile
3186 2309 3371 2362 existi-

45 2420 209 2459 mzsse
252 2407 420 2460 multa
446 2423 511 2460 ea:
539 2405 848 2476 Hieronymi
876 2405 1271 2460 Commentariis
1308 2407 1542 2458 derivata
1577 2405 1738 2474 fuisse
1764 2404 1815 2456 in
1857 2403 2177 2468 Quiestiones
2206 2401 2497 2472 supradicti
2532 2399 2737 2454 Hebra’i
2760 2417 2777 2452 :
2812 2417 2929 2453 cum
2959 2401 3012 2452 in
3055 2398 3164 2454 illis
3190 2401 3370 2456 multa:

53 2499 314 2551 sententia
337 2499 589 2570 legantur
617 2497 1038 2569 Hieronymianis
1062 2498 1339 2552 dissimiles
1370 2512 1430 2549 ac
1451 2497 1756 2560 contrariw;
1779 2503 1828 2548 et
1851 2495 2010 2548 nulla:
2032 2510 2269 2563 prorsus,
2299 2495 2378 2547 vel
2397 2509 2674 2564 perpaucae
2693 2493 3022 2547 inveniantur
3041 2492 3369 2548 Traditioues

57 2588 324 2644 Hebraica?
339 2591 628 2658 latinitate,
654 2593 966 2653 eruditione.
993 2594 1266 2663 studioque
1289 2591 1594 2660 Hieronymi
1616 2591 1744 2644 satis
1773 2589 1965 2659 dignm.

128 2677 224 2732 His
257 2691 465 2735 tantum
495 2681 759 2748 addimus,
788 2683 948 2735 videri
977 2681 1236 2736 interdum
1263 2682 1413 2753 plura
1441 2698 1595 2750 quam
1623 2679 1708 2732 hic
1734 2689 1878 2745 sunt,
1908 2682 2000 2735 sub
2025 2681 2245 2754 hujusce
2277 2679 2488 2734 Hebrazi
2518 2681 2722 2733 nomine
2749 2681 2816 2732 ad
2838 2679 2959 2734 libri
2986 2696 3131 2733 oram
3162 2694 3368 2744 pra'noo

57 2778 174 2835 tato,
205 2781 387 2825 contra
418 2789 578 2844 quam
603 2773 945 2828 Martiana’us
972 2775 1149 2840 sentit,
1182 2791 1332 2844 penes
1379 2773 1654 2828 Rabanum
1685 2773 1914 2828 exhiberi
1940 2791 1957 2827 :
1982 2792 2096 2845 qua:
2123 2791 2241 2830 vero
2266 2791 2329 2828 ex
2360 2773 2681 2843 Hieronymo
2710 2773 2779 2827 ibi
2824 2773 3137 2840 a/feruntur,
3169 2791 3274 2828 non
3306 2791 3370 2827 ea:

62 2865 227 2933 aliquo
261 2865 629 2933 Quaestionum
663 2866 1036 2920 Hebraicarum
1064 2869 1213 2933 liln'o,
1240 2868 1327 2938 qui
1366 2867 1708 2933 interciderit,
1739 2867 1829 2920 sed
1860 2884 1922 2920 ea:
1950 2866 2344 2920 Commentariis
2371 2867 2424 2919 in
2454 2865 2772 2933 PrOphetas.
2805 2867 3024 2937 aliisque
3051 2865 3110 2920 S.
3143 2865 3370 2919 doctoris

60 2957 312 3026 aperibus,
346 2971 396 3012 et
425 2974 549 3012 cum
573 2959 754 3030 primis
776 2975 838 3012 ea:
859 2959 950 3012 illo
981 2963 1044 3013 de
1077 2957 1384 3012 Nominibus
1414 2959 1669 3012 Locorum
1695 2959 1940 3012 describi.
1970 2957 2228 3014 Caeterum
2260 2960 2373 3012 vide
2395 2976 2509 3023 qum
2531 2959 2594 3012 de
2621 2959 2920 3026 huiusmodi
2943 2958 3369 3029 Hieronymianis

64 3045 434 3110 Qumstionibus
461 3050 518 3101 in
543 3049 769 3118 reliquos
793 3047 1086 3116 Scriptura:
1112 3050 1270 3103 libros
1292 3051 1396 3103 sive
1426 3051 1725 3120 deperditis,
1759 3067 1848 3103 seu
1877 3051 2046 3104 verius
2077 3052 2285 3104 minime
2323 3049 2660 3117 elucubratis,
2704 3053 2756 3105 in
2788 3053 3017 3124 generali
3066 3052 3372 3122 prwfations

65 3138 398 3195 observamus.
432 3139 577 3194 Istos
604 3143 868 3209 exegimus
892 3142 959 3195 ad
984 3143 1142 3210 ﬁdem
1173 3143 1440 3196 domestici
1472 3162 1564 3197 ms.
1593 3144 1806 3206 codicis,
1841 3163 1940 3215 quo
1972 3147 2163 3213 saepius
2194 3147 2273 3199 usi
2300 3163 2478 3198 sumus
2506 3154 2614 3198 tum
2641 3144 2709 3196 ad
2748 3146 2916 3210 ipsius
2948 3144 3150 3199 Rabani
3191 3144 3369 3199 lectio-

64 3245 191 3299 nem,
221 3249 333 3300 qua:
353 3234 579 3288 subinde
609 3235 838 3287 melioris
864 3243 940 3290 est
972 3237 1158 3304 frugis.
1194 3235 1301 3290 Sed
1329 3246 1374 3288 et
1407 3236 1510 3290 alio
1563 3237 1641 3290 usi
1668 3254 1844 3290 sumus
1889 3254 1983 3290 ms.
2012 3237 2185 3290 codice
2216 3235 2616 3304 Mediolanensi,
2650 3235 2984 3291 Bibliotheca:
3016 3235 3370 3289 Ambrosiam:

67 3323 147 3377 sub
171 3323 214 3376 D
238 3325 430 3392 littera,
468 3337 521 3381 et
553 3344 766 3381 numero
794 3329 886 3394 88,
915 3332 1066 3400 cujus
1099 3327 1370 3382 Variantes
1401 3327 1669 3383 Lectiones
1693 3330 1744 3383 in
1775 3329 1872 3382 hac
1916 3329 2142 3383 editione
2174 3330 2350 3401 (quod
2389 3330 2444 3382 in
2475 3328 2784 3400 prweedenti
2815 3345 2909 3399 per
2939 3329 3229 3399 typothetas
3266 3342 3368 3380 non

68 3417 180 3472 satis
205 3417 383 3490 licuit)
410 3419 528 3474 suis
557 3436 786 3490 quasque
811 3420 935 3474 locis
966 3421 1325 3492 expendimus.
3071 3411 3078 3422 ’

603 3730 1747 3894 QUZESTIONES
1839 3734 2828 3863 HEBRAIC/E

1504 3942 1584 4003 IN
1629 3941 1916 4002 LIBROS

209 4104 939 4253 REGUM
1040 4108 1282 4248 ΕΤ
1383 4101 3186 4264 PARALIPOMENON.

1042 4458 1166 4542 IN
1241 4457 1704 4541 LIBRUM
1777 4458 1817 4539 Ι
1891 4457 2358 4541 REGUM.

787 3574 1088 3588 Μ

1153 3578 1404 3590 .—

153 4704 292 4778 (περ.
319 4711 356 4765 Ι-
382 4741 454 4756 —-
477 4717 640 4770 Vera.
679 4720 756 4786 1.)
796 4717 923 4772 Fuit
958 4719 1034 4772 vir
1064 4733 1200 4772 unus
1239 4717 1302 4770 de
1329 4715 1663 4771 Ramathaim
1692 4721 1746 4780 Α
1769 4716 1914 4770 citur
1935 4715 1977 4779 (1
2003 4714 2191 4769 Paral.
2213 4717 2309 4786 vi).
2335 4715 2560 4770 Matrem
2587 4731 2807 4786 quoque
2829 4717 2949 4786 ejus
2974 4718 3043 4772 de
3076 4715 3368 4773 tribulttda

98 4790 312 4865 Sophim,
355 4804 417 4857 de
439 4820 610 4861 monte
658 4807 934 4879 Ephrm‘m,
966 4821 1011 4864 et
1043 4827 1228 4864 nomen
1275 4811 1388 4880 ejus
1429 4807 1651 4875 Eleana,
1765 4807 2046 4862 esSIitisse
2076 4810 2503 4872 monstratur,in
2533 4823 2600 4863 eo
2620 4810 2763 4877 quod
2785 4809 3368 4878 Ephratautsvocatur.

96 4882 218 4946 ﬁlius
239 4897 260 4925 α
283 4889 512 4964 Jeroam,
539 4898 634 4965 ﬁlii
656 4899 800 4964 Elin,
825 4901 924 4970 [itii
956 4901 1131 4966 Thou,
1163 4903 1257 4972 ﬁlii
1283 4902 1433 4970 Suph
1457 4900 1664 4973 Epitra-
1776 4899 2100 4970 Ephratacus
2127 4901 2196 4954 ab
2240 4902 2472 4970 Ephrata
2503 4915 2675 4954 uxore
2705 4899 2905 4966 Caleb,
2959 4917 3124 4971 quam
3155 4911 3372 4957 constat

99 4979 226 5065 heus.
246 4979 574 5043 Ramathaiin
601 4992 1020 5061 interpretatur,
1053 4995 1156 5046 duo
1178 4996 1414 5048 excelsa:
1459 4995 1522 5048 Et
1549 4994 1665 5047 haec
1785 4994 1852 5048 de
1887 4994 2031 5049 tribu
2061 4993 2196 5049 Jnda
2225 4993 2416 5057 fuisse,
2445 4993 2623 5046 dictus
2644 5001 2747 5047 est.
2799 4995 2862 5047 Et
2892 4994 2936 5048 si
2960 5010 3122 5065 quem
3159 5004 3366 5063 movet,

100 5061 195 5163 tino
223 5078 448 5147 excelsa,
500 5082 620 5137 duce
648 5085 1027 5155 intelliguntur
1056 5087 1256 5141 tribus:
1294 5089 1488 5158 regalis
1514 5087 1664 5141 vide-
1778 5085 1921 5156 quod
1951 5087 1967 5116 ¹
2000 5085 2027 5123 δ
2053 5101 2158 5140 non
2188 5086 2256 5139 ab
2279 5083 2531 5154 prroim
2557 5127 2572 5150 ,
2620 5085 2714 5139 sed
2743 5083 2813 5138 ab
2843 5061 3080 5156 prrata
3103 5127 3118 5152 ,
3151 5061 3368 5154 Epitra;

99 5153 232 5252 licet,
263 5176 313 5219 et
360 5174 731 5229 sacerdomlis.
787 5153 941 5244 Quod
971 5177 1130 5233 Pater
1175 5153 1392 5233 Elcante
1420 5179 1488 5234 de
1521 5178 1664 5232 tribu
1779 5153 1918 5235 tants
1949 5190 2221 5236 vocetur:
2268 5153 2449 5235 videat
2497 5181 2550 5234 in
2593 5153 3090 5252 subsequentibus,
3141 5181 3372 5251 qualiter

101 5243 245 5348 luerit
285 5257 444 5330 Levi,
481 5267 617 5324 liber
650 5243 1106 5338 Paralipomenon
1137 5272 1452 5341 plenissime
1481 5272 1664 5335 docet,
1781 5271 1948 5326 David
1977 5272 2120 5326 ﬁlius
2151 5271 2252 5327 viri
2287 5271 2556 5342 Ephratmi
2582 5243 2809 5328 vocetur
2835 5291 2848 5329 :
2879 5288 3002 5328 cum
3043 5243 3250 5343 liquido
3276 5287 3371 5342 pa-

106 5353 150 5393 "‘
173 5360 269 5414 quo
289 5357 450 5414 series
478 5365 816 5434 genealogis:
841 5364 986 5420 illius
1017 5379 1190 5434 usque
1225 5363 1290 5417 ad
1308 5363 1438 5418 Levi
1470 5362 1668 5432 perdu-
1780 5371 1892 5419 teat
1920 5363 2174 5418 eumdem
2227 5363 2352 5431 lsai,
2403 5378 2508 5418 non
2539 5363 2609 5419 de
2657 5362 2936 5433 Ephraim,
2980 5363 3080 5419 sed
3122 5362 3193 5420 de
3226 5362 3372 5419 tribu

169 5482 276 5568 illa
303 5493 468 5568 Codex
501 5515 603 5554 ms.
639 5500 958 5555 monasterii
980 5498 1438 5556 Gemmeticensis
1472 5496 1664 5549 nostri.
1776 5497 1923 5553 Idem
1953 5497 2116 5554 habet
2145 5508 2201 5554 et
2231 5497 2485 5554 Rabanus
2512 5497 2730 5554 Maurus
2762 5497 2817 5554 in
2842 5511 2965 5568 cap.
2997 5513 3039 5564 ι,
3063 5495 3156 5552 lib.
3192 5511 3211 5552 ι
3260 5495 3370 5554 Re-

111 5547 491 5641 ﬂiincqntrario
519 5584 682 5626 sensu
718 5547 902 5636 uitium
937 5547 1058 5624 etim
1087 5569 1254 5641 editis.
1289 5568 1476 5629 libris,
1530 5569 1670 5630 quod
1776 5587 1924 5641 gum.

110 5617 164 5668 ab
193 5617 452 5703 Ephraim,
466 5617 484 5621 '
506 5617 750 5697 tant"
769 5617 1058 5716 suum
1087 5617 1663 5711 Epitr‘atin—us—vocetur.

177 5739 200 5834 ξ
344 5744 613 5858 amittam.
637 5753 909 5858 [Tungris
933 5750 1272 5858 dﬁcqboamh
1303 5823 1363 5858 ab
1400 5821 1644 5858 “una...”
1773 5767 1874 5805 non
1904 5753 1968 5805 ab
1994 5751 2230 5820 Epicrate
2263 5749 2594 5818 Ephratteus,
2630 5755 2740 5803 etc.
2769 5749 2844 5806 Ita
2885 5758 2940 5807 et
2965 5751 3220 5808 Ambros.
3254 5761 3363 5810 nisi

272 5821 311 5860 sv.
344 5827 458 5873 cum
495 5821 704 5894 pridem
737 5821 896 5879 editis
933 5823 1106 5885 libris,
1135 5821 1272 5888 quod
1301 5823 1363 5876 ab
1394 5821 1665 5891 Ephraim,
