4006 6332
1321 244 1415 299 ΑΙ)
1453 241 1701 298 ΤΟΜυΜ
1742 240 1808 296 Ill
1848 238 2135 295 OPERUM

2286 234 2658 293 lllERONYMI
2700 232 3071 289 APPENDIX.
3750 227 3781 280 1
3800 227 3908 284 δεδ

2323 350 2514 425 (lbid.)
2563 348 2630 402 Et
2675 348 2921 418 requievit
2965 348 3130 401 omnis
3179 345 3349 401 Israel
3382 356 3497 415 post
3549 343 3907 399 Dominum.

2254 441 2607 513 Roquievisse
2659 449 2780 509 post
2820 438 3106 493 Dominum
3135 438 3420 493 dicuntur:
3457 437 3587 507 quia
3630 437 3913 506 abjectis

2252 535 2519 592 idolorum
2550 533 2804 589 sordibus
2825 575 2840 599 ,
2891 532 3125 587 Domino
3155 548 3215 588 se
3255 532 3321 587 ad
3346 531 3725 588 serviendum
3781 541 3914 587 toto

2250 630 2416 686 corde
2467 628 2831 685 tradiderunt.
2872 626 3027 695 Quod
3078 635 3134 683 et
3188 628 3243 681 in
3274 626 3783 695 subsequentibus
3820 623 3915 678 di-

2251 725 2392 779 citur
2405 740 2418 777 :

2326 740 2506 889 giers.
2538 813 2622 886 4.)
2652 813 2982 869 Abstulerunt
3012 811 3111 881 ﬁlii
3151 811 3318 867 Israel
3348 810 3563 866 Baalim
3621 822 3671 866 et
3726 810 3918 866 Asta-

2255 909 2393 976 rotlt,
2414 918 2460 963 et
2487 910 2765 963 servierunt
2784 906 3008 961 Domino
3028 904 3163 960 soli:
3184 918 3231 960 et
3260 914 3619 960 convenerunt
3640 907 3704 959 in
3740 904 3922 959 Has-

551 252 693 309 i555

547 378 685 432 tum,
716 365 1055 420 audientium
1081 376 1242 415 aures
1263 359 1529 415 tinnirent
1550 369 1774 428 stupore
1805 355 2141 411 vebementi.
2177 359 2227 417 Α

624 459 810 533 (Vers.
841 456 960 529 15.)
988 454 1307 527 Aperuitque
1333 454 1466 507 ostia
1487 453 1671 506 domus
1701 448 1938 517 Domini,
1964 458 2013 503 et
2044 447 2146 504 Sa—

552 555 691 610 muel
719 554 926 607 timebat
958 551 1206 605 visionem
1232 548 1467 603 indicare
1490 545 1599 601 Eli.
1652 545 1771 601 Non
1813 553 1899 601 est
1948 542 2150 597 intelli-

553 646 793 716 gendum
826 642 970 715 quod
1030 640 1253 697 Samuel
1282 640 1563 711 aperuerit
1605 639 1745 692 ostia
1801 636 1997 691 domus
2043 634 2151 689 Do-

556 738 712 806 mini,
737 740 835 793 sed
864 736 1146 792 sacerdos.

630 830 818 902 (Vers.
843 825 1067 898 19,21.)
1094 825 1163 880 Et
1191 842 1295 880 non
1314 825 1575 879 ceciditea:
1592 822 1827 878 omnibus
1857 820 2023 876 verbis
2050 819 2153 876 Stt-

550 923 688 978 ntuel
740 925 793 977 in
836 933 1045 977 lerruut.
1100 922 1215 976 Non
1245 919 1515 975 cecidisse
1545 933 1618 972 ex
1670 916 1928 972 munibus
1967 912 2153 969 verbis

557 1017 678 1085 ejus
709 1018 764 1071 in
795 1025 997 1071 terram
1026 1015 1257 1069 dit-itur:
1303 1013 1429 1083 quia
1457 1009 1721 1081 quidquid
1763 1007 2151 1079 propltetabat,

554 1112 722 1168 rebus
750 1112 918 1181 gestis
941 1108 1439 1164 demonstrabatur.
1470 1104 1536 1160 Et
1565 1105 1726 1159 evenit
1747 1119 1913 1157 sermo
1937 1101 2156 1157 Samue-

558 1208 622 1261 lis
650 1206 889 1259 universo
931 1202 1141 1256 Israeli.
1187 1201 1384 1257 Sermo
1413 1201 1532 1269 ejus
1568 1198 1668 1252 luit
1718 1196 1781 1250 ad
1836 1197 2153 1249 universum

557 1299 753 1365 Israel,
783 1297 926 1368 quod
955 1295 1295 1367 percutiettdi
1329 1302 1514 1348 essent
1543 1307 1573 1347 a
1614 1290 1908 1346 l’ltilistteis
1931 1295 2155 1358 propter

563 1401 782 1460 peccata
840 1389 1073 1444 liliorutn
1111 1386 1225 1441 lili:
1259 1400 1420 1457 quem
1462 1396 1771 1439 sermonem
1804 1387 2030 1435 eventus
2075 1378 2155 1433 rei

561 1497 753 1557 postea
780 1483 1061 1555 probavit.

636 1575 795 1648 (Cap.
827 1574 917 1630 Vl.
947 1604 1018 1615 —
1048 1573 1204 1627 Vers.
1250 1571 1368 1641 14.)
1410 1570 1538 1625 Era!
1589 1578 1760 1624 autem
1783 1568 1853 1621 ibi
1886 1566 2018 1639 lapis
2049 1582 2159 1620 ma-

560 1686 693 1741 gnus
719 1685 738 1724 :
785 1678 833 1724 et
869 1667 1199 1722 conciderunt
1230 1664 1375 1738 ligna
1417 1663 1660 1735 plaustri.
1707 1661 1969 1732 Lapidem
1995 1659 2156 1715 istum

561 1759 775 1818 Hebrtei
808 1776 957 1815 aram
977 1760 1046 1814 ab
1079 1756 1351 1813 Abraham
1377 1755 1697 1810 aediﬁcatam
1724 1753 2059 1822 intelligunt.

638 1852 824 1923 (Vcrs.
855 1852 941 1915 17,
962 1850 1075 1920 18.)
1095 1847 1168 1903 Hi
1191 1857 1314 1902 sunt
1341 1858 1517 1902 autem
1536 1848 1809 1913 auiaurei,
1836 1862 1965 1916 quos
1989 1844 2161 1899 reddi-

566 1948 755 2001 derunt
805 1944 1087 2000 Philistiim
1120 1960 1217 2013 pro
1245 1943 1434 1997 delicto
1464 1940 1728 1995 Domino:
1758 1940 1951 1995 Azottts
1980 1955 2161 2004 unum,

569 2037 715 2094 Gaza
746 2056 947 2106 unum,
1001 2038 1225 2093 Ascalon
1277 2052 1459 2098 unum,
1510 2034 1641 2090 Geth
1693 2052 1875 2102 unum,
1923 2034 2163 2089 Acharon

565 2147 746 2185 unum.
792 2129 1041 2199 Quinque
1090 2144 1224 2182 anns
1255 2136 1313 2182 et
1343 2127 1586 2197 quinque
1617 2141 1836 2191 mures,
1872 2124 1954 2178 bac
1997 2123 2162 2194 quiu-

566 2238 673 2294 que
693 2222 941 2278 civitates
968 2221 1262 2277 dederunt.
1286 2218 1535 2290 Reliqua:
1563 2226 1746 2274 autem
1776 2216 2026 2273 civitates
2051 2229 2168 2285 pro-

570 2318 896 2384 vinciarum,
929 2329 977 2372 et
1012 2317 1157 2372 villae
1186 2331 1308 2386 qua:
1332 2324 1493 2370 erant
1520 2312 1722 2383 absque
1759 2326 1950 2372 muro.
1986 2324 2167 2365 mures

572 2420 782 2464 tantum
828 2409 1129 2465 dederunt.
1170 2407 1382 2462 Idcirco
1411 2405 1646 2471 dicitur,
1679 2404 1748 2459 ab
1776 2404 1913 2458 urbe
1958 2410 2166 2457 tuurata

570 2520 741 2576 usque
768 2505 836 2559 ad
861 2504 1047 2559 villam
1071 2519 1192 2575 qua:
1216 2513 1334 2557 erat
1364 2502 1575 2567 {illStlll‘B
1594 2516 1771 2555 muro.
1804 2498 1957 2565 Quod
1986 2507 2165 2552 autem

564 2602 842 2668 sequitur:
870 2596 936 2651 Et
966 2612 1126 2664 usque
1147 2595 1216 2647 ad
1246 2592 1374 2648 Abel
1403 2608 1673 2664 maguum,
1707 2607 1864 2663 super
1889 2605 2040 2661 quem
2069 2604 2164 2660 po-

565 2699 777 2745 suerunt
807 2704 987 2744 arcam
1023 2686 1259 2741 Domini.
1294 2686 1430 2740 Abel
1483 2699 1740 2755 magnum
1770 2684 1967 2736 civitas
1996 2691 2081 2737 est
2114 2681 2169 2735 in

565 2788 805 2842 termino
834 2785 1024 2840 Israel.
1061 2783 1197 2839 Abel
1228 2796 1484 2852 magnum
1516 2781 1718 2835 idcirco
1749 2790 1974 2834 vocatur
1998 2823 2012 2846 ,
2046 2792 2170 2832 cum

569 2886 731 2933 antea
780 2875 1087 2933 Bethsamis
1135 2874 1366 2930 vocitata
1398 2874 1503 2941 sit,
1554 2874 1676 2928 sive
1707 2880 1929 2942 prepter
1968 2871 2171 2925 luctum

572 2986 740 3041 super
769 2972 900 3025 viris
930 2969 1359 3025 Betbsamitibus
1399 2967 1475 3023 ibi
1508 2966 1708 3022 factum
1730 3008 1746 3032 ,
1802 2965 1915 3020 sive
1943 2972 2173 3034 promer

573 3044 987 3117 diStinctionem
1010 3060 1252 3115 civitatis
1276 3059 1408 3114 Abel
1439 3056 1845 3125 Betbmaca,de
1866 3071 1969 3126 qua
1992 3054 2169 3110 excla-

573 3154 738 3209 mavit
771 3150 967 3204 mulier
1005 3152 1225 3218 sapiens
1255 3149 1320 3205 ad
1352 3150 1511 3214 .Ioab,
1542 3150 1765 3205 dicens:
1814 3148 1915 3216 Qui
1943 3150 2163 3202 interro-
2201 3151 2247 3213 α

573 3254 729 3317 gant,
764 3245 1081 3315 interrogent
1118 3243 1170 3295 iu
1201 3242 1381 3295 Abela.
1411 3241 1501 3297 Sic
1532 3244 1715 3311 itaque
1754 3241 2170 3310 intelligendum

573 3346 679 3405 est,
708 3334 856 3407 quod
886 3334 954 3388 alt
985 3333 1117 3389 urbe
1150 3340 1363 3387 murata
1393 3348 1566 3403 usque
1592 3333 1659 3387 ad
1692 3333 1877 3387 villam
1908 3348 2032 3403 qua:
2057 3343 2177 3389 erat

572 3430 777 3499 absque
809 3443 991 3492 muro,
1043 3437 1098 3481 et
1123 3440 1293 3494 usque
1316 3424 1383 3478 ad
1440 3425 1571 3478 Abel
1605 3440 1887 3495 magnum,
1918 3425 2176 3479 dcdcrint

579 3537 789 3579 mures.
821 3522 999 3591 Super
1023 3534 1210 3589 quem,
1271 3517 1321 3572 id
1344 3530 1449 3583 est,
1499 3532 1666 3588 super
1696 3518 1925 3582 luctum,
1979 3533 2178 3588 pes-pe-

577 3626 710 3670 runt
734 3630 917 3669 aream
950 3613 1193 3677 Domini,
1235 3628 1359 3678 qua:
1388 3621 1509 3667 erat
1539 3629 1714 3682 usque
1739 3612 1804 3667 ad
1837 3613 1986 3691 illum
2029 3613 2174 3669 diem

578 3709 631 3763 in
662 3724 791 3779 agro
814 3707 985 3763 .losue
1015 3705 1382 3761 Betltsamitis.
1419 3705 1539 3760 Fuit
1566 3721 1698 3776 ergo
1740 3707 1790 3760 in
1822 3721 1954 3777 agro
1992 3706 2171 3776 illius,

578 3799 755 3855 donec
784 3802 836 3854 in
868 3795 1286 3854 Cariatlt-Jarim
1318 3798 1477 3852 ducta
1505 3807 1612 3853 est.

649 3890 830 3961 (Vers.
862 3888 979 3963 19.)
1011 3888 1073 3943 Et
1094 3889 1345 3961 percussit
1375 3889 1440 3942 de
1463 3890 1656 3961 populo
1682 3891 2013 3965 septuaginta
2041 3892 2178 3945 viros

576 3994 625 4039 et
650 3985 1029 4057 quinquaginta
1064 3981 1232 4037 millia
1261 3983 1445 4051 plebis.
1473 3983 1531 4037 In
1558 3982 1789 4039 Hebraeo
1809 3983 1883 4039 ita
1916 3983 2176 4039 habetur:

578 4077 645 4133 Et
672 4088 925 4151 percussit
960 4079 1025 4132 de
1059 4078 1253 4150 papulo
1288 4078 1618 4151 septuaginta
1647 4078 1783 4131 viros
1829 4086 1879 4131 et
1918 4078 2171 4149 quinqua-

579 4170 724 4240 ginta
768 4169 939 4225 millia
978 4170 1135 4225 t'iros.
1179 4170 1290 4224 Hos
1346 4167 1687 4241 septuaginta
1721 4169 1904 4237 viros,
1961 4168 2180 4225 Juuices

576 4265 918 4332 septuaginta
952 4263 1162 4319 Hebraei
1216 4264 1548 4334 intelligunt.
1607 4265 1848 4330 Quorum
1899 4266 2098 4320 merito
2125 4274 2181 4321 et

578 4355 769 4422 gloria:
799 4356 1198 4426 quinquaginta
1221 4357 1392 4412 millia
1420 4357 1524 4412 viri
1551 4357 2037 4426 comparabantur,
2071 4358 2178 4414 sic-

581 4454 640 4500 ut
681 4457 736 4501 et
772 4447 841 4502 de
891 4447 1062 4503 David
1094 4450 1323 4509 dicitur:
1379 4452 1508 4521 quia
1555 4460 1610 4506 tu
1651 4466 1794 4507 unus
1844 4467 1943 4522 pro
1986 4452 2175 4509 decem

581 4538 825 4593 millibus
850 4543 1211 4610 computatis.

650 4629 802 4701 (Cap.
831 4631 943 4687 νη.
975 4662 1047 4673 -
1077 4633 1235 4690 Vers.
1271 4634 1355 4707 2.)
1408 4634 1477 4689 Et
1505 4640 1702 4708 factum
1740 4647 1815 4691 est
1856 4653 1920 4691 ea:
1957 4654 2061 4707 qua
2090 4638 2175 4693 die

574 4726 765 4780 mansit
813 4743 939 4781 arca
993 4726 1209 4782 Domini
1236 4730 1289 4783 in
1323 4727 1736 4785 Cariath—Jarim
1764 4772 1779 4797 ,
1838 4731 2174 4804 multiplicati

575 4828 695 4874 sunt
724 4820 857 4887 dies,
890 4820 940 4875 id
967 4830 1072 4889 est,
1120 4820 1311 4891 viginti
1351 4823 1502 4878 anni.
1537 4832 1564 4860 α
1593 4828 1634 4878 Α
1666 4831 1911 4893 tempore
1954 4839 2061 4893 quo
2090 4839 2176 4879 re-

574 4914 863 4984 probatum
895 4926 981 4970 εει
1015 4913 1386 4970 sacerdotium
1442 4915 1526 4971 Eli
1571 4929 1740 4985 usque
1782 4916 1851 4970 ad
1903 4914 2178 4970 Samuelis

573 5006 852 5070 ducatum,
903 5006 1093 5078 viginti
1136 5007 1358 5063 luerunt
1403 5010 1527 5061 anni
1569 5008 1913 5063 miseriarum
1958 4999 2193 5062 referti.'

575 5097 807 5153 Peracto
832 5098 1099 5155 vicesimo
1129 5114 1299 5170 anno,
1346 5101 1606 5153 translata
1653 5108 1737 5153 est
1766 5098 1958 5153 eadem
1986 5113 2111 5153 arca
2141 5114 2174 5154 a

579 5191 838 5247 Samuele
868 5192 923 5246 in
954 5192 1222 5261 Maspltat,
1279 5200 1335 5246 et
1375 5191 1443 5247 de
1489 5191 1737 5261 Masphat
1778 5192 2175 5246 transtulerunt

574 5298 692 5339 eam
734 5284 954 5340 Samuel
1004 5294 1060 5339 et
1084 5283 1212 5339 Saul
1250 5284 1305 5337 in
1338 5282 1584 5352 Galgala.
1615 5283 1745 5340 Inde
1789 5284 2047 5340 translata
2090 5294 2176 5340 est

573 5392 604 5431 a
626 5377 753 5432 Saul
786 5376 839 5430 in
862 5375 1035 5431 Nobe.
1068 5375 1142 5431 De
1162 5375 1316 5430 Nube
1345 5377 1398 5431 in
1423 5374 1627 5432 Gabaa.
1675 5378 1751 5433 De
1778 5378 1962 5434 Gabaa
1987 5388 2171 5434 trans-

568 5468 676 5525 lata
709 5470 807 5525 est'
831 5486 857 5523 a
892 5468 1060 5524 David
1103 5468 1156 5524 in
1203 5469 1426 5524 domum
1449 5469 1601 5527 Obed
1635 5470 1825 5525 Edam.
1879 5470 1958 5527 De
2004 5472 2168 5528 domo

566 5563 718 5621 Obed
753 5555 923 5621 Edom
951 5566 1230 5621 transtulit
1255 5581 1374 5622 eam
1406 5565 1577 5621 David
1604 5566 1657 5619 in
1707 5564 1864 5620 Sion.
1917 5564 1995 5619 De
2033 5565 2165 5621 Sion

571 5660 845 5715 transtulit
871 5674 991 5715 eam
1015 5659 1270 5715 Salomon
1300 5661 1351 5717 in
1378 5660 1577 5718 Sancta
1602 5660 1953 5716 Sanctorum.

2258 1000 2404 1071 pltat.
2427 1000 2815 1071 hauseruntque
2850 1015 3059 1067 aquaut,
3106 1007 3154 1051 et
3184 996 3481 1064 effuderunt
3504 998 3560 1052 iu
3583 1008 3919 1068 coaspectu

2257 1093 2492 1149 Domini.
2545 1092 2763 1149 llebrwi
2807 1091 3031 1146 tradttnt
3076 1092 3225 1160 quod
3283 1106 3470 1146 coram
3524 1089 3799 1146 Dntnino
3852 1090 3919 1146 in

2255 1193 2505 1244 eamdem
2530 1202 2728 1257 aquam
2753 1185 3045 1241 maledicta
3076 1196 3337 1255 cOngeSta
3370 1186 3522 1240 sint:
3556 1194 3616 1239 et
3642 1186 3816 1239 sicut
3854 1184 3918 1239 in

2259 1282 2380 1351 lege
2429 1281 2625 1335 mulier
2667 1280 2918 1351 zelotypa
2968 1279 3159 1333 hausta
3192 1294 3330 1348 aqua
3365 1278 3674 1350 probatur,
3724 1279 3818 1333 ita
3846 1287 3915 1334 et

2259 1375 2349 1430 hic
2369 1376 2673 1430 idololatria
2698 1375 2799 1429 hac
2828 1389 2968 1445 aqua
2989 1374 3207 1445 probati
3235 1383 3384 1428 sunt.
3408 1373 3782 1429 Hividelicet
3803 1374 3914 1444 qui

2260 1485 2319 1525 se
2346 1470 2486 1524 idola
2510 1469 2752 1525 coluisse
2772 1471 2991 1538 penitus
3013 1467 3395 1537 denegabant:
3420 1465 3678 1521 'l‘radunt
3705 1465 3911 1522 etiam

2261 1564 2407 1636 quod
2444 1565 2778 1635 quicumque
2816 1560 3103 1616 idololatra
3144 1561 3282 1615 hanc
3333 1575 3536 1630 aquam
3573 1568 3907 1630 gustasset,

2263 1659 2403 1715 labia
2428 1658 2545 1730 ejus
2576 1660 2647 1713 ita
2674 1659 2778 1713 sibi
2810 1656 3189 1719 adltaererent,
3226 1665 3282 1709 ut
3316 1670 3666 1724 nequaquam
3701 1668 3780 1709 ea
3825 1650 3915 1707 ab

2188 1758 2233 1817 B
2261 1755 2491 1810 invicem
2514 1752 2801 1808 idololatra
2824 1766 3081 1821 separare
3104 1757 3311 1819 posset.
3342 1749 3460 1803 Hoc
3480 1748 3681 1803 indicio
3702 1747 3914 1803 idolo-

2265 1844 2398 1899 latra
2427 1843 2939 1915 deprehendebatur
2958 1851 3013 1897 et
3040 1840 3503 1898 interﬁciebatur.
3522 1839 3685 1908 Quod
3707 1849 3777 1896 et.
3798 1853 3911 1895 se-

2266 1938 2484 2009 quentia
2507 1938 2887 1992 demonstrant
2916 1938 2968 1990 in
2996 1952 3083 1999 eo,
3111 1935 3253 2007 quod
3280 1935 3359 1990 ait
3389 1954 3402 1989 :

2337 2032 2518 2102 (Vers.
2556 2032 2635 2103 6.)
2656 2029 3022 2101 Judicavitque
3049 2030 3263 2085 Samuel
3292 2029 3434 2100 ﬁlios
3473 2028 3654 2085 Israel
3677 2031 3730 2084 in
3762 2029 3909 2084 Ha—

2268 2126 2439 2198 spltat.
2459 2124 2719 2181 Judicarc
2748 2125 2802 2179 in
2830 2124 2933 2179 hoc
2955 2125 3075 2178 loco
3098 2123 3446 2190 idololatras,
3464 2124 3782 2178 secundum
3816 2122 3909 2176 le-

2268 2235 2393 2291 gem
2443 2219 2607 2274 murti
2638 2218 2856 2273 tradere
2886 2218 3302 2289 intelligendum
3336 2227 3442 2271 est.
3478 2216 3684 2272 Dicunt.
3710 2216 3913 2271 etiam

2269 2312 2413 2383 quod
2446 2312 2660 2384 Moyses
2695 2312 2796 2366 ltoc
2819 2311 2983 2365 modo
3015 2311 3340 2366 idololatras
3376 2310 3471 2380 qui
3512 2311 3619 2365 sibi
3652 2310 3910 2365 vitulum

2272 2406 2538 2472 fecerant,
2560 2406 2877 2477 probaverit
2905 2405 3122 2476 quando
3148 2404 3628 2474 arripuitvitulum
3658 2415 3716 2460 et
3736 2419 3912 2459 com-

2273 2502 2471 2565 bussit,
2516 2510 2573 2557 et
2598 2501 2900 2556 cantritum
2941 2515 3114 2570 usque
3150 2499 3218 2554 ad
3247 2499 3533 2570 pulverem
3564 2499 3805 2569 sparsit,
3848 2499 3908 2553 in

2272 2611 2492 2667 aquam,
2525 2604 2581 2651 et
2616 2595 2769 2650 dedit
2800 2610 2865 2649 ex
2893 2609 2963 2649 eo
2987 2605 3170 2664 potum
3207 2593 3334 2647 (iliis
3359 2592 3551 2648 Israel.

2345 2692 2503 2764 (Cap.
2530 2690 2621 2745 IX.
2647 2720 2719 2732 —
2743 2689 2893 2743 Vers.
2925 2689 3005 2759 7.)
3056 2686 3305 2759 Dixitque
3356 2686 3495 2743 Saul
3529 2685 3602 2740 ad
3655 2703 3901 2757 puerum

2272 2802 2426 2841 suum
2453 2800 2470 2838 :
2495 2782 2632 2837 Ecce
2670 2782 2856 2836 ibimus
2894 2798 2911 2835 :
2942 2781 3066 2851 quid
3094 2783 3319 2852 feremus
3366 2784 3435 2834 ad
3484 2780 3708 2833 virum?
3759 2778 3900 2834 Non

2272 2880 2417 2935 enim
2445 2878 2668 2948 putabat.
2693 2876 2821 2930 Saul
2853 2875 2960 2929 sibi
2986 2875 3172 2929 asinas
3194 2888 3221 2926 a
3248 2872 3507 2929 Samuele
3536 2872 3708 2926 aliter
3732 2871 3898 2925 indic

2275 2975 2408 3041 cari,
2436 2975 2537 3029 nisi
2574 2974 2753 3043 pretio
2781 2969 3158 3037 divinationis,
3194 2969 3316 3025 ideo
3341 2969 3451 3024 ait:
3484 2968 3627 3035 Quid
3652 2975 3899 3040 feremus

2277 3067 2346 3121 ad
2377 3066 2585 3121 virum?

2349 3157 2533 3230 (Vers.
2567 3154 2682 3229 12.)
2705 3155 2925 3210 Festina
2955 3170 3123 3208 nunc:
3152 3153 3306 3207 hodie
3335 3154 3469 3207 enim
3518 3155 3687 3210 veniet
3721 3155 3780 3209 in
3811 3156 3896 3209 εἰς

2276 3251 2518 3306 vitalem:
2546 3250 2669 3321 quia
2697 3248 3011 3316 sacriﬁcium
3042 3255 3115 3299 est
3156 3244 3311 3299 hodie
3345 3246 3541 3316 papula
3570 3247 3623 3300 in
3650 3246 3895 3305 excelso.

2279 3344 2616 3399 Sacriﬁcium
2661 3342 2712 3396 itt
2740 3341 2841 3395 hoc
2870 3341 2990 3395 loco
3037 3338 3325 3410 prandium
3353 3338 3712 3409 intelligitur,
3734 3338 3895 3411 quod

2279 3445 2694 3507 praeparaverat
2720 3434 2941 3491 Samuel
2967 3435 3168 3504 populo
3191 3434 3242 3487 in
3271 3431 3554 3487 Kalendis.

2351 3531 2537 3600 (Vers.
2576 3527 2886 3600 19,20.)Et
2916 3528 3173 3582 dimittant
3198 3537 3244 3582 te
3272 3543 3459 3582 mane:
3488 3537 3537 3582 et
3570 3526 3745 3581 omnia
3764 3541 3891 3596 qua:

2279 3634 2399 3677 sunt
2425 3624 2479 3676 in
2508 3621 2663 3675 corde
2694 3634 2779 3674 tuo
2800 3618 3044 3673 indicabo
3073 3619 3203 3673 tibi:
3233 3627 3281 3672 et
3308 3619 3371 3672 de
3399 3619 3585 3684 asinis,
3613 3634 3742 3690 quas
3761 3634 3894 3690 per-

2280 3714 2461 3769 didisti
2509 3712 2908 3777 nudiustertius,
2940 3727 3005 3766 ne
3034 3711 3292 3766 sollicitus
3335 3712 3445 3767 sis:
3491 3713 3617 3783 quia
3665 3717 3892 3767 iuventte

2279 3819 2421 3863 sunt.
2459 3807 2593 3862 Erat
2622 3807 2678 3861 in
2708 3807 2876 3863 corde
2897 3806 3210 3871 Saul,sieut
3233 3805 3445 3859 Hebrmi
3472 3805 3888 3877 tradunt,qnod

2280 3916 2377 3955 rex
2405 3899 2626 3954 futurus
2657 3908 2827 3966 esset,
2873 3898 2997 3967 quia
3021 3897 3234 3952 viderat
3262 3911 3357 3966 per
3379 3896 3556 3951 visum
3584 3911 3647 3953 se
3675 3897 3730 3953 in
3757 3912 3888 3955 ver-

2283 3997 2388 4052 tice
2414 3997 2629 4052 arboris
2659 3995 2855 4064 palma:
2894 3993 3177 4049 collocari.
3209 3995 3340 4060 Quae
3376 3992 3518 4050 visio
3543 3997 3757 4066 signum
3786 4009 3882 4051 re—

2281 4089 2402 4158 gale
2427 4086 2551 4142 fuit.

2358 4178 2515 4251 (Cap.
2545 4178 2615 4233 X.
2644 4176 2888 4233 —-Vers.
2908 4177 2990 4247 '5.)
3014 4176 3243 4247 Cumque
3270 4178 3457 4233 abieris
3484 4180 3623 4243 inde,
3652 4188 3701 4233 et
3734 4181 3885 4234 tltra

2284 4271 2569 4337 transieris,
2600 4280 2649 4323 et
2676 4269 2878 4322 veneris
2899 4268 2967 4321 ad
2996 4285 3237 4339 quercum
3270 4267 3498 4335 Tltabor,
3544 4270 3804 4325 invenient
3837 4284 3887 4326 te

2282 4362 2354 4415 ibi
2400 4368 2502 4414 tres
2534 4360 2632 4414 viri
2684 4358 3016 4414 ascendentes
3046 4360 3114 4413 ad
3149 4360 3429 4416 Dominum
3465 4364 3517 4415 in
3557 4360 3761 4417 Bethel.
3813 4363 3886 4420 lli

2284 4453 2387 4508 viri
2417 4468 2581 4509 causa
2613 4452 2882 4508 orationis
2904 4451 3055 4506 ibant
3096 4451 3149 4507 in
3173 4453 3389 4521 Betltel,
3420 4454 3509 4509 ubi
3532 4454 3707 4512 Jacob
3735 4457 3881 4528 lapi-

2201 4529 2254 4589 D
2280 4547 2406 4601 dem
2435 4553 2707 4600 erexerat.

2351 4638 2532 4710 (Vers.
2564 4637 2644 4708 5.)
2689 4636 2817 4693 Post
2864 4637 2973 4692 ha’c
3017 4639 3188 4692 venies
3220 4638 3290 4692 ad
3331 4636 3513 4693 collem
3544 4639 3666 4694 Dei.
3710 4640 3882 4698 Collis

2279 4733 2374 4788 Dei
2399 4735 2553 4788 locus
2576 4742 2715 4798 erat,
2768 4731 2855 4785 ubi
2890 4732 3182 4799 Pr0plteta:
3214 4731 3557 4787 habitabant.
3588 4732 3659 4787 Et
3686 4734 3880 4790 insiliet

2278 4826 2331 4879 in
2353 4833 2402 4879 te
2425 4823 2657 4893 Spiritus
2681 4823 2889 4877 Domini
2916 4831 2963 4876 et
2993 4821 3328 4891 prophetabis
3355 4840 3474 4877 cum
3505 4827 3598 4879 eis.
3634 4824 3881 4897 Prophe-

2280 4924 2425 4970 tasse
2450 4930 2575 4969 eum
2603 4914 2676 4968 ibi
2699 4912 2871 4968 Judaei
2901 4912 3092 4968 dicunt
3118 4915 3184 4968 de
3207 4914 3392 4969 futuro
3418 4915 3646 4986 smeulo,
3669 4918 3739 4972 de
3765 4917 3879 4990 (ἱοε

2278 5017 2334 5060 et
2366 5006 2579 5076 Magog,
2629 5015 2683 5059 et
2710 5004 2779 5060 de
2807 5005 3050 5074 praemiis
3075 5006 3354 5075 justorum
3403 5015 3460 5061 et
3483 5022 3652 5077 paena
3679 5009 3878 5081 impio-

2274 5114 2419 5154 rum.

2346 5192 2527 5262 (Vers.
2563 5195 2648 5263 7.)
2696 5194 2920 5262 Quando
2950 5210 3074 5266 ergo
3102 5195 3328 5250 venerint
3374 5198 3531 5270 signa
3559 5198 3674 5254 luat:
3705 5204 3877 5255 omnia

2276 5284 2388 5349 tibi,
2419 5285 2502 5355 {ac
2540 5301 2873 5357 quaecumque
2913 5287 3167 5341 invenerit
3192 5303 3380 5342 manus
3426 5299 3552 5355 tua,
3585 5292 3713 5360 quia
3743 5292 3879 5351 Deus

2280 5389 2447 5433 tecum
2487 5388 2581 5432 est.
2640 5381 2717 5434 Ac
2756 5380 2801 5434 si
2832 5379 3074 5434 diceret:
3108 5380 3191 5434 Itis
3220 5380 3397 5449 signis
3430 5397 3605 5440 nosse
3636 5388 3844 5455 poteris
3867 5430 3883 5454 ,

2276 5472 2401 5542 quia
2424 5471 2596 5526 Deum
2621 5480 2670 5524 te
2691 5485 2874 5540 regem
2902 5469 3019 5525 fore
3041 5471 3234 5525 voluit.
3253 5471 3321 5525 Et
3349 5471 3562 5531 idcirco
3594 5476 3662 5530 ad
3687 5480 3874 5536 omnia

2275 5580 2397 5636 quae
2425 5563 2518 5621 tibi
2539 5563 2750 5633 agenda
2771 5572 2896 5618 sunt
2921 5563 3179 5633 regaliter
3207 5580 3332 5636 age,
3361 5567 3491 5637 quia
3520 5569 3667 5626 Deus
3701 5579 3873 5629 tecum

2274 5670 2378 5714 CSl.

639 5782 665 5812 ει
686 5774 822 5828 Tota
874 5773 990 5831 tunc
1019 5772 1274 5845 pel-leone
1312 5791 1340 5832 a
1382 5776 1584 5844 verbis,
1626 5776 1670 5831 Α
1702 5785 1950 5846 tentpore,
1984 5789 2153 5846 usque
2172 5778 2377 5845 referri,
2411 5777 2465 5833 in
2490 5786 2613 5833 meo
2636 5789 2738 5833 ms.
2770 5774 3135 5832 desideratur.

754 6280 2163 6321 Μ

1030 6316 1199 6323 έῖκίη
1244 6313 1257 6315 ,
