4006 6284
49 321 199 378 1537

942 325 1397 394 ρυίΕδΤιυΝΕΒ
1435 328 1829 389 ΠΕΒΒΑΙΟΑΞ.
1875 335 1940 389 IN
1981 334 2112 391 LIB.
2155 337 2173 391 Ι
2214 338 2476 396 REGUM.

3197 337 3360 410 .1558

121 435 318 505 (Vers.
348 437 429 508 8.)
483 436 548 491 Et
579 438 854 493 descendes
897 448 1016 492 ante
1062 454 1142 492 me
1183 439 1237 492 in
1265 439 1527 512 Galgala:
1559 456 1650 511 ego

1769 448 1899 502 modi
1924 450 2120 519 famam
2155 453 2452 523 :percussit
2474 451 2609 508 Saul
2635 458 2908 511 stationem
2934 453 3356 508 Pliilistinorum.
3419 491 3422 494 ι

44 528 243 598 quippe
285 529 599 583 descendam
630 532 697 583 ad
728 541 776 584 te
802 541 856 584 ut
879 530 1070 598 offeras
1115 531 1456 596 oblationem,
1484 543 1530 587 et
1562 534 1658 586 im-

46 619 215 673 ntoles
260 622 504 676 victimas
554 624 829 692 paciﬁcus.
873 624 1086 694 Septem
1127 625 1306 680 diebus
1337 628 1658 699 exspectabis

47 713 215 767 donec
244 715 454 768 veniam
472 718 539 768 ad
563 726 631 782 te,
657 729 706 770 et
735 721 1002 772 ostendam
1029 721 1116 773 tibi
1142 737 1258 791 qua:
1283 721 1472 790 facias.
1503 722 1661 778 Vide-

48 815 139 858 tur
189 807 531 876 quibusdam
569 809 983 878 inculpabiliter
1021 809 1155 867 Saul
1185 812 1452 868 obtulisse
1503 812 1662 868 holo-

48 905 332 962 caustum,
352 913 476 953 cum
496 901 719 954 Samuel
743 912 1094 971 exspectatus
1117 904 1185 957 ab
1207 918 1296 966 eo,
1315 904 1468 974 juxta
1488 905 1656 973 placi-

52 998 166 1044 tum
199 1004 420 1061 septem
451 992 666 1047 dierum
699 1010 806 1048 non
836 999 1069 1050 venerit.
1095 997 1251 1065 Quod
1289 997 1335 1052 si
1366 996 1490 1068 quis
1514 998 1658 1053 hunc

51 1087 229 1142 locum
266 1087 412 1142 bene
441 1089 781 1154 distinxerit,
817 1090 1062 1146 inveniet
1092 1108 1214 1147 eum
1246 1109 1352 1146 non
1378 1091 1656 1147 immerito

52 1183 332 1251 culpatum
364 1183 535 1237 fuisse
563 1195 620 1238 et
646 1184 1060 1239 inobedientem
1087 1185 1462 1255 redargutum.
1480 1184 1658 1239 Locus

53 1288 238 1330 autem
291 1277 385 1330 hic
416 1276 564 1346 apud
601 1277 863 1333 llebra-os
907 1279 981 1333 ita
1025 1280 1406 1349 distinguitur:
1456 1278 1523 1332 Et
1569 1281 1656 1332 de-

55 1367 266 1422 scendes
295 1377 513 1421 anteme
536 1368 588 1420 in
618 1367 844 1441 Galgala
869 1386 887 1423 :
919 1387 1014 1440 ego
1031 1372 1221 1441 quippe
1247 1370 1555 1424 descendant
1586 1371 1656 1422 ad

55 1471 120 1514 te.
155 1459 222 1513 Et
253 1469 449 1529 postea
496 1459 773 1514 infertur:
825 1462 905 1514 Ad
953 1460 1245 1528 offerendas
1299 1464 1580 1516 oblationes
1609 1473 1657 1516 et

59 1551 411 1607 immolandas
433 1553 666 1606 victimas
687 1555 957 1624 paciﬁcus,
979 1564 1171 1625 septem
1194 1556 1373 1609 diebus
1397 1565 1659 1626 exspecta-

59 1647 150 1707 bis,
181 1647 346 1700 donec
394 1647 596 1700 veniant
627 1645 693 1701 ad
726 1656 794 1712 te,
837 1657 880 1702 et
906 1649 1174 1702 ostendam
1221 1650 1312 1703 tibi
1331 1665 1447 1719 quae
1467 1649 1655 1718 facias.

60 1738 173 1794 Non
200 1743 345 1795 enim
378 1740 634 1807 Samuel,
657 1757 815 1795 suum
849 1743 1152 1812 praestolari
1181 1743 1477 1797 adventum
1505 1741 1655 1798 Sauli

1764 542 1856 598 Sic
1889 545 2036 599 enim
2090 545 2502 616 intelligendum
2544 555 2667 612 est,
2726 549 2870 619 quod
2909 563 3031 602 cum
3079 545 3360 600 audissent

1763 637 2074 703 Pliilistiim,
2099 639 2442 706 subauditur,
2493 641 2800 695 conturbati
2832 650 2980 694 sunt.
3015 637 3147 694 Saul
3176 635 3359 690 cecinit

1764 731 1996 786 buccina.
2023 732 2149 787 Ilaec
2171 732 2395 787 buccina
2426 733 2638 803 signum
2671 734 2914 788 victoria:
2943 741 2994 786 et
3016 728 3352 785 exliortatim

1765 827 1849 882 nis
1879 826 2000 892 fuit,
2031 836 2088 882 ut
2116 827 2372 882 audirent
2398 839 2446 883 et
2475 836 2696 883 nossent
2727 827 2970 892 Hebraei,
3001 826 3356 878 conturbatos

1761 931 1814 976 et
1844 931 2131 989 superatos
2161 935 2285 976 esse
2333 921 2663 976 I’Iiilistteos.
2727 919 3018 989 Propterea
3077 915 3353 986 sequitur:

1762 1013 1830 1067 Et
1859 1015 2126 1069 universus
2157 1013 2326 1068 Israel
2378 1013 2575 1075 audivit
2617 1010 2916 1084 ltujustnodi
2946 1010 3171 1080 famam:
3225 1003 3357 1058 Per-

1760 1110 1920 1161 cussit
1953 1107 2087 1163 Saul
2117 1109 2389 1162 stationem
2439 1105 2866 1161 Philistinorum.
2901 1104 2994 1157 His
3025 1102 3186 1156 rebus
3208 1113 3355 1153 com-

1763 1202 1957 1271 pertis,
1989 1201 2327 1255 cvnl‘mtalus
2359 1208 2444 1255 est
2471 1201 2636 1255 Israel
2681 1207 2902 1269 prapter
2934 1195 3056 1250 hoc.
3080 1194 3148 1247 Et
3178 1191 3360 1260 sequi-

1764 1305 1879 1350 tur:
1940 1293 2008 1346 Et
2039 1295 2198 1348 erea'it
2230 1311 2283 1348 se
2317 1293 2488 1348 Israel
2516 1293 2761 1347 adversus
2794 1288 3116 1354 Pltilisttros,
3166 1286 3218 1340 id
3248 1293 3355 1352 est,

1763 1389 1992 1443 viriliter
2022 1389 2188 1457 erepit
2218 1403 2380 1458 agere
2411 1397 2598 1443 contra
2632 1386 2962 1440 Pliilistaeos.

1833 1481 2013 1554 (Vers.
2050 1482 2128 1549 6.)
2177 1480 2331 1548 Quod
2388 1495 2505 1534 cum
2534 1480 2776 1533 vidissent
2810 1488 2831 1514 π
2879 1475 2977 1546 filii
3007 1473 3176 1530 Israel
3221 1489 3275 1528 se
3303 1473 3358 1528 in

1762 1584 1903 1627 arcto
1941 1573 2175 1644 positos:
2201 1572 2430 1643 afﬂictus
2452 1571 2586 1625 enint
2630 1579 2737 1623 erat
2765 1567 3024 1640 populus:
3069 1563 3354 1619 absconde-

1761 1674 1878 1717 rant
1901 1680 1954 1718 se
1978 1665 2029 1718 iit
2057 1662 2319 1735 speluncis
2343 1671 2388 1716 et
2410 1662 2463 1716 in
2481 1661 2694 1727 abditis,
2726 1662 2779 1713 in
2814 1662 2973 1728 petris
2993 1674 3196 1730 quoque
3225 1664 3270 1710 et
3302 1656 3358 1709 in

1759 1760 1947 1825 antris,
1982 1767 2028 1812 et
2051 1759 2103 1811 in
2130 1757 2385 1811 cisternis.
2416 1755 2620 1810 IIebrwi
2645 1763 2815 1808 autent
2836 1753 3144 1808 transierunt
3164 1751 3361 1804 Iorda-

59 1844 261 1934 septem
283 1835 504 1890 dierum
541 1844 787 1906 tetnpore
820 1839 1098 1906 praecepit,
1129 1839 1222 1892 sed
1247 1839 1313 1893 ad
1347 1838 1654 1893 eliciendus
1685 1875 1732 1934 Β
1760 1868 1875 1906 ne,"
1931 1853 1982 1905 εη
2037 1861 2228 1906 terram
2269 1848 2384 1905 Gud
2433 1861 2480 1904 ει
2527 1847 2770 1904 Caluum.
2805 1845 2831 1884 d
2865 1847 2919 1902 Si
2964 1861 3022 1900 se
3073 1842 3360 1899 abscondit

62 1926 384 1993 oblationes,
419 1934 477 1981 et
504 1928 870 1985 immolandas
902 1933 1150 1985 victimas
1185 1931 1462 1999 paciﬁcus,
1496 1948 1555 1986 se
1585 1933 1652 1986 ab

62 2033 123 2072 eo
151 2020 359 2074 eisdem
384 2031 602 2090 septem
627 2021 821 2076 dtebtts
843 2022 1356 2093 voluitexspectari.
1383 2024 1536 2089 Quod
1562 2025 1654 2078 ille

65 2128 394 2184 nequaquam
426 2114 577 2184 iecit,
611 2125 664 2170 et
694 2114 816 2170 ideo
857 2117 1055 2172 merito
1085 2117 1359 2187 culpatur,
1393 2127 1448 2171 et
1475 2116 1654 2170 stulti-

65 2207 146 2261 tia:
170 2207 350 2276 elogio
373 2207 694 2262 denotatur.

69 2303 92 2368 ξ’
137 2301 319 2373 (Vers.
356 2303 479 2375 ιε.)
502 2304 895 2374 Responditque
917 2305 1049 2358 alter
1073 2304 1141 2356 ad
1161 2303 1402 2369 alterum,
1437 2304 1614 2358 dicens
1635 2319 1654 2356 :

67 2395 127 2448 Et
148 2399 261 2466 quis
289 2407 440 2470 pater
474 2398 691 2452 eorum?
717 2399 798 2454 Ac
828 2399 872 2453 si
903 2398 1137 2454 diceret.
1169 2399 1238 2454 Et
1275 2400 1394 2468 quis
1423 2408 1448 2435 α
1479 2399 1656 2467 major

68 2489 152 2543 illo
194 2491 247 2545 in
288 2492 560 2562 dignitate
593 2500 649 2546 et
679 2492 996 2564 sapientia?
1027 2493 1244 2562 Optime
1295 2493 1440 2547 enim
1475 2501 1657 2563 potest

68 2583 195 2638 inter
250 2585 555 2655 PrOpItetas
586 2586 828 2653 versari,
881 2599 934 2641 et
964 2597 1117 2655 pater
1147 2603 1335 2641 eorum
1363 2630 1377 2654 ,
1424 2587 1475 2640 id
1522 2597 1606 2640 est
1635 2625 1650 2648 ,

71 2677 309 2747 magister
331 2679 544 2744 vocari,
592 2678 680 2748 qui
715 2687 824 2732 tam
857 2679 1053 2733 doetus
1081 2689 1139 2734 et
1162 2681 1382 2749 sapiens
1416 2689 1522 2733 est.
1553 2678 1657 2732 Pa-

74 2780 144 2824 ter
167 2774 414 2844 magister
448 2782 675 2828 vocatur
720 2792 733 2827 :
776 2775 916 2829 sicut
952 2775 1179 2829 Elisscus
1206 2775 1382 2829 Eliam
1417 2787 1654 2844 patrem,

73 2864 120 2919 id
150 2877 248 2932 est,
282 2869 612 2936 magistrum
639 2879 826 2922 vocat:
865 2867 1024 2922 Pater
1050 2871 1139 2936 mi,
1173 2879 1321 2940 pater
1345 2870 1438 2935 uti,
1472 2885 1657 2922 currus

76 2954 227 3011 Israel
249 2972 292 3012 et
314 2962 506 3030 auriga
537 2963 652 3033 ejus
680 2960 774 3028 (IV
808 2959 936 3030 Reg.
960 2977 1016 3025 tt,
1051 2962 1163 3031 1:2).
1192 2964 1257 3014 Et
1280 2963 1330 3015 in
1356 2961 1494 3015 libro
1525 2962 1651 3027 Job,

76 3052 216 3107 Ilcliu
246 3055 472 3124 Elipliaz
507 3064 738 3125 patrem,
777 3055 827 3109 id
867 3065 972 3121 est,
996 3056 1316 3126 magistrutn
1349 3064 1527 3120 vocat,
1555 3055 1656 3111 hoc

79 3147 248 3201 modo:
282 3149 432 3202 Pater
469 3149 561 3214 mi,
605 3146 969 3218 probeturJob
1011 3166 1170 3219 usque
1200 3149 1268 3202 ad
1297 3150 1453 3219 ﬁnem
1509 3148 1650 3220 (Job.

82 3252 240 3305 xxxtv,
272 3241 384 3311 56).

141 3329 282 3402 (Cap.
308 3333 443 3388 XIII.
483 3363 554 3374 -—-
579 3333 734 3388 νοτε.
763 3334 838 3403 I.)
876 3335 890 3363 ¹
925 3332 950 3370 1t
999 3331 1175 3386 Filius
1209 3333 1362 3386 unius
1393 3333 1518 3386 anni
1548 3342 1653 3386 erat

84 3423 199 3479 Saul
221 3445 328 3481 cum
354 3445 577 3500 regnare
591 3428 842 3499 erupisset.
864 3426 1078 3481 Duobus
1101 3438 1274 3480 autem
1295 3429 1444 3480 anuis
1473 3442 1660 3497 regna-

84 3515 142 3567 vit
166 3519 514 3582 superlsrael.
535 3517 650 3572 Non
671 3519 738 3572 de
763 3518 1005 3572 lsbnsetlt
1033 3518 1144 3571 lilio
1167 3518 1322 3582 Saul,
1349 3517 1443 3571 sed
1467 3518 1536 3572 de
1561 3532 1656 3572 co-

84 3603 188 3660 dem
222 3609 379 3666 Saule
417 3612 629 3666 dictum
661 3619 744 3664 est
777 3611 899 3664 hoc.
936 3610 1029 3665 Sic
1051 3611 1196 3664 enim
1228 3617 1346 3664 erat
1369 3611 1656 3676 innocens,

87 3701 276 3768 quando
306 3719 540 3774 regnare
566 3705 732 3772 ρωρίι
752 3746 767 3770 ,
800 3705 942 3756 sicut
972 3702 1112 3756 lilius
1133 3713 1216 3756 est
1247 3703 1405 3756 unius
1435 3702 1585 3769 anni,
1606 3711 1662 3758 et

88 3791 132 3846 in
149 3795 324 3850 eadem
349 3799 666 3853 innocentia
693 3797 902 3850 duobus
923 3811 1186 3867 regnasse
1209 3798 1365 3850 annis
1381 3795 1603 3851 dicitur.

147 3887 288 3959 (Cap.
310 3890 376 3946 Χ.
408 3922 482 3934 —-
516 3891 671 3946 Vers.
705 3891 825 3962 25.)
857 3889 1081 3943 Locutus
1123 3901 1198 3943 est
1228 3899 1400 3943 autem
1445 3888 1660 3943 Samuel

89 3979 143 4030 ad
185 3985 420 4052 populum
447 3986 618 4056 legem
643 3984 822 4054 regni:
855 3983 1139 4048 Hebraeus,
1187 3981 1464 4036 Judicium
1490 3982 1657 4052 regni.

93 4066 146 4122 Et
169 4079 382 4143 reposuit
423 4095 605 4132 coram
634 4076 880 4131 Domino.
914 4076 1112 4132 Coram
1153 4077 1420 4142 Domino,
1476 4076 1526 4130 id
1553 4084 1658 4142 est,

92 4177 247 4222 coram
277 4187 396 4227 arca
426 4173 668 4238 Domini,
702 4189 822 4242 qua:
856 4181 972 4226 erat
1003 4171 1054 4226 in
1090 4171 1356 4241 Maspbat.

153 4260 292 4332 (Οειι).
321 4263 521 4320 ΧΙΙ.--
542 4265 700 4320 Vers.
729 4266 846 4336 Η.)
878 4265 941 4318 Et
966 4266 1102 4318 misit
1130 4263 1382 4317 Dominus
1410 4262 1662 4318 Jerubaal

95 4355 132 4397 et
150 4347 311 4408 Berlan
333 4367 377 4409 et
405 4356 600 4427 Jeplita
620 4399 634 4421 ,
680 4369 726 4411 et
757 4358 1003 4421 Samuel,
1032 4368 1078 4410 et
1108 4357 1243 4411 eruit
1291 4357 1477 4429 vosae
1502 4372 1662 4409 manu

96 4442 390 4503 inimicorum
429 4463 714 4506 vestrorum
769 4469 860 4523 per
891 4451 1184 4505 circuitum.
1235 4449 1489 4504 Jeruhaal
1545 4449 1661 4521 ipse

95 4544 167 4590 est
193 4538 432 4598 Gedeon:
467 4555 524 4600 ct
549 4545 730 4599 Bedan
770 4546 884 4614 ipse
907 4555 990 4599 est
1020 4545 1273 4600 Samson.

1757 1945 1925 1999 Israel
1964 1945 2017 1998 in
2045 1943 2284 2012 prtefatis
2318 1943 2474 2008 locis,
2521 1941 2650 2011 quid
2683 1951 2765 1994 est
2804 1938 2949 2008 quod
2979 1937 3094 1992 ait:
3148 1935 3356 1990 Hebrtei

1757 2048 1928 2091 autem
1951 2037 2266 2090 transierunt
2288 2034 2594 2089 Iordanem.
2631 2032 2930 2089 Absconsis
2952 2030 3096 2086 enim
3129 2029 3358 2098 quibus-

1757 2129 1879 2183 dam
1904 2127 2164 2183 Israelitis
2188 2129 2277 2196 qui
2310 2127 2438 2180 Saul
2470 2134 2528 2180 et
2565 2125 2823 2195 populum
2849 2125 2939 2193 qui
2971 2137 3094 2177 cum
3125 2137 3191 2176 eo
3214 2127 3356 2185 erat,

1760 2221 2128 2293 reliquerant:
2187 2221 2434 2291 qua-dam
2491 2235 2618 2290 pars
2657 2234 2846 2274 eorum
2879 2217 2973 2289 qui
3014 2218 3100 2272 hic
3142 2217 3358 2272 Hebraei

1759 2327 2018 2371 vocantur
2077 2315 2271 2369 timore
2303 2313 2617 2384 perterriti,
2662 2309 2984 2366 defecerunt
3011 2324 3039 2364 a
3071 2308 3197 2364 Saul
3247 2318 3301 2363 et
3326 2323 3357 2363 a

1760 2412 1887 2466 viris
1917 2410 2007 2481 qui
2061 2425 2182 2464 cum
2213 2424 2280 2465 eo
2304 2417 2461 2463 crant
2487 2449 2500 2471 ,
2556 2417 2610 2462 et
2659 2405 3063 2462 descenderunt
3094 2405 3146 2458 in
3175 2412 3356 2457 castra

1758 2504 2072 2560 Pliilistiim.
2102 2505 2271 2569 Quem
2320 2503 2498 2556 locum
2527 2499 2593 2554 ad
2625 2497 3040 2568 intelligendum
3083 2494 3284 2552 clarius
3305 2503 3361 2551 ct

1761 2597 2105 2654 manifestius
2127 2596 2404 2668 sequentia
2428 2595 2830 2662 demonstrant,
2846 2594 2902 2646 in
2922 2607 2986 2647 eo
3005 2591 3126 2646 loco
3144 2589 3234 2643 ubi
3251 2589 3355 2643 ait:

1831 2690 1986 2762 (Cap.
2025 2690 2168 2745 XIV.
2197 2722 2266 2730 ——
2300 2689 2459 2744 Veis.
2487 2688 2580 2754 9'1,
2635 2685 2755 2757 2‘2.)
2816 2686 2924 2742 Sed
2954 2697 3002 2740 et
3035 2684 3240 2739 Ilebrtct'
3270 2683 3361 2754 qui

1760 2789 1968 2856 fuerant
1999 2801 2116 2838 cum
2149 2783 2436 2837 PItilistiim
2465 2782 2526 2836 ab
2545 2781 2722 2835 lteriet
2752 2780 3150 2846 nudiustertius,
3180 2794 3362 2832 ascen-

1759 2878 2046 2947 deruntque
2076 2893 2193 2930 cum
2227 2877 2299 2930 eis
2348 2875 2636 2937 incastris,
2696 2873 2884 2927 reversi
2934 2880 3055 2926 sunt
3101 2879 3158 2924 ut
3198 2877 3364 2922 essent

1761 2987 1877 3024 eum
1907 2970 2096 3036 Israel,
2123 2971 2210 3040 qui
2243 2979 2386 3024 erant
2428 2985 2543 3021 cum
2588 2966 2723 3022 Saul
2751 2977 2796 3020 et
2823 2965 3116 3020 Jonatltan.
3171 2962 3360 3016 Omnes

1759 3080 1955 3133 quoque
1984 3062 2092 3135 [\l.
2128 3062 2273 3135 ergo]
2328 3060 2622 3127 Israelitw,
2675 3058 2762 3129 qui
2811 3074 2866 3112 se
2900 3055 3276 3110 absconderant
3309 3054 3364 3106 in

1759 3165 1932 3208 monte
1960 3153 2234 3222 Ep/traim.
2287 3152 2554 3206 audientes
2580 3151 2718 3222 quod
2759 3151 3009 3223 fugissent
3047 3146 3359 3212 Pliilisiiim,

1683 3261 1726 3324 ρ
1760 3248 2082 3303 sociaverant
2111 3264 2164 3300 se
2194 3262 2312 3299 cum
2354 3245 2463 3298 suis
2492 3245 2548 3297 in
2572 3243 2774 3312 pra'lio.
2824 3240 2893 3295 Et
2923 3257 3098 3295 versus
3126 3237 3192 3292 ad
3225 3252 3363 3308 pra:-

1760 3344 1920 3408 dam;
1951 3343 2068 3396 tulit
2101 3358 2218 3395 oves
2249 3349 2296 3394 et
2330 3341 2501 3402 boves.
2543 3349 2590 3394 et
2610 3338 2819 3399 vitulos,
2851 3346 2898 3390 et
2924 3342 3276 3390 mactaverunt
3307 3332 3362 3385 in

1761 3446 1930 3500 terra,
1981 3433 2306 3503 comeditque
2333 3429 2561 3501 ponttlus
2591 3445 2706 3482 cum
2736 3428 3011 3500 sanguine.
3069 3425 3186 3479 Non
3233 3422 3362 3476 fecit

1762 3531 2018 3600 populum
2049 3529 2260 3584 irritum
2285 3529 2681 3595 jnramentum,
2727 3540 2836 3592 quo
2861 3537 2955 3576 eos
2992 3520 3118 3574 Sani
3142 3517 3364 3585 adjura-

1763 3637 1936 3691 verat,
1966 3625 2190 3679 dicens:
2223 3620 2535 3676 Maledictus
2569 3619 2685 3683 vir,
2733 3616 2822 3686 qui
2849 3611 3128 3668 comederit
3177 3625 3362 3682 panem

1765 3735 1922 3790 usque
1975 3718 2044 3771 ad
2090 3730 2372 3784 vesperam,
2428 3713 2593 3765 donec
2643 3709 2973 3763 ulciscarmc
3019 3705 3083 3757 de
3137 3702 3362 3756 inimicis

1765 3812 1923 3864 meis:
1965 3808 2091 3879 quia
2137 3806 2497 3872 victoriajam
2533 3803 2689 3872 potiti
2733 3808 2920 3854 erant:
2955 3797 3049 3850 sed
3102 3810 3364 3865 peccasse

1767 3903 1997 3958 Domino
2027 3913 2082 3956 et
2114 3916 2236 3955 cum
2271 3900 2535 3968 sanguine
2563 3895 2869 3950 comedisse
2907 3891 3195 3946 dicuntur:
3236 3888 3364 3958 quia

1765 4003 1951 4051 contra
1976 3995 2110 4064 legis
2130 4003 2460 4062 praeceptum
2485 4001 2774 4056 antequam
2797 3982 3127 4040 sacriﬁcium
3144 3994 3366 4050 vesper-

1767 4089 1937 4142 tinum
1991 4094 2377 4156 perageretur,
2429 4079 2810 4136 comederunt.
2851 4077 2943 4134 Sic
2995 4076 3174 4142 itaque
3232 4086 3364 4126 usus

1765 4191 1905 4244 erat,
1939 4189 1995 4232 ιιι
2043 4177 2261 4248 quando
2290 4172 2640 4230 homicidium
2671 4171 2740 4224 ah
2761 4172 2861 4233 eis,
2913 4177 3000 4221 aut
3031 4166 3083 4219 in
3109 4163 3244 4228 suis,
3275 4175 3367 4216 aut

1768 4274 1821 4326 in
1855 4273 2060 4326 exteris
2093 4271 2276 4332 ﬁebat,
2304 4277 2359 4322 ut
2394 4281 2499 4319 non
2533 4260 2906 4322 comedercnt,
2940 4267 3226 4326 antequam
3277 4270 3366 4309 sa-

1765 4365 2031 4423 crificium
2059 4361 2432 4433 veSpertinum
2465 4371 2568 4427 pro
2593 4355 2673 4409 eis
2698 4353 2871 4407 ﬁeret.
2909 4352 3080 4406 Aliter
3105 4364 3367 4418 peccasse

1769 4458 1997 4514 Domino
2017 4467 2072 4512 et.
2124 4452 2426 4509 comedisse
2469 4463 2591 4501 cum
2647 4445 2917 4515 sanguine
2967 4441 3188 4497 dicunt:
3239 4444 3367 4510 quia

1769 4554 2023 4606 mactatis
2070 4547 2341 4607 victimis,
2385 4558 2491 4596 non
2524 4540 2845 4597 obtulerunt
2880 4537 2945 4591 ad
2995 4534 3368 4591 sanetuarium

161 4628 325 4696 (Vers.
359 4636 472 4710 14.)
503 4637 563 4693 Si
584 4639 854 4691 tim-ueritis
883 4637 1186 4701 Dominum,
1211 4646 1257 4690 et
1279 4637 1558 4691 servieritis
1589 4637 1657 4703 ei,
1689 4647 1742 4706 1)
1768 4642 2144 4698 sacerdotibus
2170 4639 2324 4709 juxta
2364 4637 2498 4705 legis
2542 4641 2871 4706 praceptum
2903 4630 3117 4699 adipem
3151 4641 3204 4684 et
3235 4643 3366 4684 san-

98 4728 135 4768 ει
156 4725 410 4784 audieritis
437 4747 611 4785 vocem
640 4734 777 4804 ejus,
810 4740 858 4784 et
882 4747 984 4785 non
1013 4731 1438 4799 exasperaveritis
1467 4747 1523 4784 os
1549 4729 1659 4783 Do-

99 4815 224 4870 mini.
257 4820 326 4875 Os
358 4823 598 4892 Domini,
633 4825 765 4882 dicit
791 4841 851 4880 os
880 4825 1301 4896 PrOplteturutn,
1335 4825 1428 4895 qui
1459 4839 1524 4880 ex
1566 4841 1664 4879 ore

101 4903 284 4968 Domini
308 4916 690 4988 loquebantur.

160 5001 298 5075 (Οιιρ.
346 5011 484 5067 XIII.
524 5045 592 5054 —-
622 5014 778 5069 Vers.
811 5015 868 5075 5,
917 5014 1000 5078 4.)
1051 5015 1202 5080 Quod
1243 5029 1356 5066 cum
1401 5011 1663 5064 audissent

103 5086 376 5168 Pliilistiim,
412 5103 740 5160 Saulcecinit
765 5105 980 5160 buccina
1003 5108 1056 5159 in
1079 5106 1219 5159 omni
1252 5115 1413 5169 terra,
1452 5101 1665 5157 dicens:

104 5182 311 5244 Audiuut
337 5194 562 5254 Ilebrtei.
615 5199 681 5254 Et
709 5201 980 5255 universus
1007 5199 1175 5254 Israel
1200 5199 1394 5254 audivit
1426 5200 1667 5273 hujusce-

167 5321 178 5350 ¹
218 5325 575 5404 Praepnsterus
601 5337 734 5392 ordo
773 5337 1134 5404 capitulorum
1168 5346 1344 5390 exsuli
1380 5335 1481 5389 hoc
1508 5335 1654 5400 loco,

107 5403 212 5448 nam
239 5402 392 5458 verba
431 5406 576 5463 istzec
609 5409 762 5463 initio
794 5402 1016 5479 capituli
1049 5407 1248 5461 decimi
1282 5407 1428 5461 tertii
1472 5406 1662 5476 legun-

170 5534 400 5623 tI‘nmeo
429 5561 556 5623 ms.,
577 5550 692 5620 quis
722 5552 890 5623 major
918 5547 1129 5601 illorum
1159 5544 1210 5598 in
1242 5544 1665 5623 digttt'taltf.__8l0-

169 5600 192 5638 δ
229 5607 406 5687 Videas
447 5600 559 5676 nmé
581 5600 910 5686 inmensae,
945 5600 1052 5672 non
1078 5600 1414 5687 praepostere
1448 5600 1664 5680 ordine,

110 5680 258 5758 Pelles
283 5682 553 5758 ltabanum
585 5692 821 5748 recitari.

115 5744 346 5867 χδξαξηιη
376 5744 600 5830 Vulgan
619 5744 918 5834 interprete
951 5771 1105 5817 mens
1136 5776 1262 5830 ms.,
1289 5760 1538 5814 vidissent
1568 5755 1667 5810 viri

1769 4735 2015 4803 guinem,
2035 4747 2157 4786 cum
2190 4728 2447 4784 videlicet
2469 4725 2841 4780 sanctuarium
2861 4737 3046 4778 secum
3079 4721 3371 4776 haberent.

1770 4829 2000 4895 Quando
2051 4827 2203 4879 locus
2250 4821 2546 4876 sanctuarii
2594 4818 2785 4888 procul
2831 4814 3233 4882 erat,jubetur
3259 4810 3368 4882 [ΑΙ.

1769 4915 2086 4989 jubebatur]
2119 4913 2339 4981 sanguis
2370 4913 2714 4965 victimarum
2751 4907 2803 4962 in
2838 4916 3038 4961 terram
3085 4902 3274 4969 fundi,
3306 4904 3374 4957 de

1775 5013 1857 5068 his
1878 5009 2131 5065 videlicet
2179 5005 2416 5062 victimis
2447 5017 2582 5074 quas
2619 5001 2686 5053 ad
2714 5015 2843 5054 suos
2874 5008 2897 5036 ε
2939 5011 3066 5052 esus
3099 5011 3372 5065 purpura-

1776 5108 1926 5160 bant.
1971 5099 2200 5170 Quando
2230 5112 2364 5152 vero
2392 5093 2769 5150 sanctuarium
2806 5103 3052 5158 pricsens
3077 5095 3217 5148 erat,
3250 5101 3377 5140 san-

1772 5198 1894 5270 guis
1927 5194 2230 5250 hostiarum
2264 5204 2430 5259 super
2454 5187 2633 5241 altare
2681 5182 2898 5238 Domini
2936 5181 3163 5252 jubetur
3191 5177 3374 5244 fundi,

1771 5343 1856 5386 tur
1882 5345 2004 5385 cum
2032 5339 2211 5383 tamen
2243 5326 2345 5379 alia
2371 5331 2774 5392 consequenter
2801 5318 2969 5387 posita
3001 5318 3110 5371 sint
3129 5357 3143 5383 ,
3168 5332 3288 5386 qua:
3305 5315 3374 5373 ad

1772 5412 1936 5473 caput
1965 5401 2326 5468 decinmmet
2354 5394 2740 5451 duodecimum
2770 5397 3086 5445 noscuntur.

1845 5537 1873 5576 ἀ
1904 5539 2061 5606 Apud
2093 5537 2370 5591 Rabanum
2403 5576 2418 5600 ,
2473 5531 2704 5606 Qumstio
2731 5546 2833 5606 non
2865 5527 3084 5606 indignq
3116 5526 3372 5606 pboritur,

1772 5611 1816 5664 si
1841 5629 1894 5666 se
1926 5597 2061 5664 enim
2093 5597 2552 5668 abscmidit,'ctc.,
2580 5619 2642 5657 ac
2671 5601 2893 5668 deinde,
2930 5597 3084 5668 Quod
3111 5598 3185 5652 ita
3223 5597 3381 5652 solvi-

1775 5692 1882 5749 tur,
1918 5682 2196 5736 Absconsis
2220 5677 2554 5749 quibusdam,
2585 5683 2695 5728 etc.

1848 5738 1882 5790 θ’
1901 5753 2008 5808 Sic.
2044 5766 2146 5807 ms.
2181 5738 2336 5805 meus
2362 5757 2417 5804 et
2445 5746 2700 5800 Rabanus
2731 5745 2938 5814 legunt.
2973 5745 3146 5800 Antea
3168 5738 3377 5798 eratad

1775 5839 1898 5879 ειιυε
1928 5839 2073 5879 τιδτιει
