4006 6318
539 368 679 428 1545

1312 370 1401 424 AD
1440 367 1684 426 TOMUM
1720 368 1787 424 Ill
1826 367 2110 424 OPERUM
2149 368 2206 424 5.
2253 365 2634 422 HIERONYMI
2673 365 3043 422 APPENDIX.

3765 358 3898 414 ιω

534 497 810 556 conspectu
866 487 1094 542 Domini.
1143 483 1426 557 Obligatus
1464 486 1604 541 idem
1653 485 1834 540 Doech
1865 485 2133 540 ldumazus
2162 498 2215 558 Α
2237 493 2288 538 et
2314 482 2889 553 quiquteruntDomino
2916 498 3028 535 meo
3050 481 3266 535 malum.
3296 480 3479 546 Fiant,
3520 480 3775 548 inquit,
3801 474 3904 528 sic-

533 590 650 634 crat
678 587 804 632 voto
837 620 852 644 ,
896 594 1004 648 quo
1035 593 1096 633 se
1126 577 1460 647 obligaverat
1484 577 1692 648 aliquot
1732 576 1924 631 diebus
1964 576 2017 629 in
2047 586 2130 630 ta-

531 670 826 726 bernacqu
857 671 1071 726 Domini
1116 672 1534 726 itntnorat—urutn
1559 713 1573 737 ,
1609 680 1663 725 et
1707 669 1939 725 orationi
1973 681 2134 724 vaca-

533 770 712 818 turum
725 802 738 817 .

601 857 756 929 (Cap.
789 856 953 912 XXII.
987 889 1058 898 ——
1103 857 1263 914 Vers.
1437 856 1686 928 Dixitque
1719 858 1834 912 Gad
1867 856 2133 930 Propheta

529 949 597 1003 ad
620 946 979 1004 David:Noli
1012 968 1216 1006 manere
1277 952 1330 1004 in
1379 952 1644 1017 prwsidio.
1695 951 2040 1021 Proﬁciscere
2088 963 2134 1006 et

532 1042 658 1095 vade
685 1043 736 1095 in
762 1041 1131 1096 terramJuda.
1151 1044 1286 1098 Miro
1316 1043 1477 1097 modo
1502 1043 1590 1097 hic
1620 1044 1988 1099 introducitur
2016 1045 2133 1101 Gud

533 1132 807 1199 Propheta
838 1178 852 1201 ,
901 1150 1022 1189 cum
1076 1136 1130 1190 in
1187 1137 1626 1205 praecedentibus
1657 1138 1774 1206 ejus
1821 1139 1967 1193 nulla
1992 1138 2135 1194 facta

532 1222 941 1282 fueritmentio.
962 1227 1252 1299 Sicitaque
1281 1229 1788 1297 hic-introducitur,
1825 1233 1965 1285 sicut
1990 1232 2135 1286 Elias

536 1318 804 1388 Propheta
861 1322 911 1373 in
947 1321 1068 1375 loco
1110 1321 1203 1374 ubi
1242 1321 1440 1376 dicitur
1474 1340 1486 1373 :
1534 1322 1600 1376 Et
1631 1324 1762 1378 dixit
1796 1322 1942 1376 Elius
1974 1322 2135 1378 Thes-

534 1411 665 1465 bites
694 1412 758 1464 de
788 1411 1160 1467 habitatoribus
1199 1412 1406 1467 Galaad
1457 1413 1549 1485 (III
1601 1415 1731 1484 Reg.
1765 1431 1895 1481 xvn,
1934 1414 2013 1484 i).
2055 1416 2134 1470 Ex

531 1518 630 1560 ore
659 1506 839 1576 itaque
875 1506 1090 1561 Domini
1123 1507 1237 1562 Gad
1262 1508 1524 1576 pr0plteta
1557 1508 1719 1563 David
1751 1509 1904 1575 dixit,
1939 1521 1995 1563 ut
2027 1526 2133 1565 non

537 1612 849 1656 moraretur
888 1602 1031 1657 inter
1060 1613 1252 1674 gentes
1281 1614 1335 1659 et
1369 1604 1419 1658 in
1461 1613 1604 1660 terra
1653 1606 1852 1675 polluta
1888 1649 1903 1672 ,
1954 1607 2045 1662 sed
2079 1607 2132 1662 in

538 1703 739 1750 terram
766 1694 906 1750 Juda
955 1697 1188 1762 rediret,
1237 1707 1294 1752 et
1341 1697 1415 1752 ibi
1449 1697 1606 1766 juxta
1661 1699 1992 1754 voluntatem
2032 1702 2135 1754 Do-

539 1788 671 1843 mini
702 1791 1139 1858 persecutionem
1179 1790 1524 1844 inimicorum
1551 1791 1736 1846 ferret.

2237 587 2294 630 ut
2322 575 2509 642 Nabal,
2546 583 2606 629 ut
2637 585 2860 645 pereant
2889 576 3027 629 sicut
3056 574 3222 628 Nabal
3249 573 3302 628 in
3335 574 3601 627 stultitia
3643 585 3796 624 sua.

2306 667 2326 740 (
2351 669 2507 724 Vers.
2541 670 2629 723 5|).
2668 669 2685 738 )
2717 667 2846 722 Cum
2867 686 2986 739 ergo
3018 669 3193 738 fecerit
3220 665 3478 722 Dominus
3500 665 3628 719 tibi
3655 661 3905 716 Domino

2236 779 2346 816 meo
2373 764 2543 816 omnia
2571 780 2684 834 qute
2706 764 2905 816 locutus
2930 771 3005 816 est
3036 765 3166 815 bona
3198 763 3262 816 de
3283 772 3348 824 te,
3381 775 3424 814 et
3455 759 3847 814 constituerit
3868 769 3907 810 te

2237 857 2416 910 ducent
2441 855 2753 915 Israel,non
2783 857 2880 910 erit
2902 857 2994 908 tibi
3017 854 3110 907 hoc
3135 856 3184 906 in
3219 855 3537 926 singultum.
3587 851 3740 906 Non
3776 850 3903 914 erit,

2239 949 2432 1017 inquit,
2495 946 2590 1001 tibi
2645 947 2747 1001 hoc
2781 952 2832 1000 in
2887 947 3179 1016 singultum
3217 956 3316 1001 :ttt
3372 945 3549 1000 modo
3613 942 3900 998 cifundas

2237 1039 2556 1109 sanguinem
2605 1039 2799 1107 Nabal,
2841 1049 2896 1094 et
2924 1051 3147 1109 propter
3179 1039 3279 1093 hoc
3303 1038 3556 1093 ﬂendum
3595 1036 3717 1091 tibi
3751 1039 3833 1089 sit
3859 1049 3904 1088 et

2240 1133 2634 1203 ptenitendunt.

2310 1225 2328 1298 (
2362 1226 2512 1280 Vers.
2545 1227 2632 1280 ιη.
2671 1228 2687 1295 )
2721 1227 2852 1281 Saul
2876 1235 3048 1279 autent
3076 1226 3215 1279 dedit
3254 1226 3419 1292 ﬁliam.
3469 1240 3652 1278 suam
3694 1222 3904 1276 illicito!

2239 1338 2450 1374 uxorem
2481 1319 2670 1385 David,
2713 1319 2891 1373 Phalti
2934 1321 3044 1390 [ilio
3085 1319 3229 1388 Lais,
3263 1321 3350 1388 qui
3382 1331 3492 1372 erat
3529 1318 3616 1373 de
3661 1317 3901 1374 Cal/im.

2238 1411 2306 1469 Ut
2331 1413 2538 1466 I-Iebrmi
2561 1413 2797 1480 tradunt,
2833 1427 2936 1465 non
2959 1413 3210 1482 cognovit
3232 1409 3258 1448 δ
3288 1426 3439 1476 eam;
3473 1411 3529 1465 id
3560 1421 3697 1473 est,
3735 1409 3904 1463 Phal-

2241 1507 2275 1560 ti
2304 1525 2316 1559 :
2349 1507 2604 1576 quoniam
2629 1506 2674 1561 si
2703 1506 3050 1576 cognovisset
3102 1521 3245 1573 eam,
3308 1519 3627 1574 numquam
3705 1499 3900 1556 David

2237 1600 2337 1655 sibi
2361 1616 2478 1654 eam
2512 1613 2699 1665 postea
2744 1601 3027 1666 sociasset,
3060 1601 3183 1669 quia
3220 1601 3271 1652 in
3308 1599 3426 1668 lege
3470 1599 3734 1668 penitus
3798 1596 3901 1648 bu-

2234 1692 2468 1759 jusmodi
2496 1692 2818 1760 prohibetur
2846 1694 3041 1747 coitus.
3072 1692 3218 1746 Idem
3269 1706 3506 1761 namque
3556 1690 3778 1746 Plialti
3827 1687 3897 1742 de

2238 1783 2455 1851 Gallim,
2493 1784 2542 1837 id
2595 1794 2696 1850 est,
2726 1784 2792 1839 de
2823 1784 3181 1838 inundatione
3225 1792 3361 1838 erat.
3394 1783 3749 1849 Inundatiu,
3787 1783 3896 1834 hoc

616 1880 795 1948 (Vers.
826 1879 940 1949 ts.)
967 1880 1033 1933 Et
1061 1883 1334 1936 trucidavit
1350 1881 1526 1936 Doech
1553 1881 1821 1938 lduntmus
1851 1886 1902 1938 in
1935 1887 2018 1939 die
2043 1886 2138 1942 illa
2169 1884 2214 1943 B
2243 1886 2345 1942 est.
2380 1877 2599 1944 Gallim.
2626 1878 2716 1933 lex
2752 1877 3097 1948 intelligitur.
3132 1877 3293 1941 Levis
3323 1879 3470 1930 enim
3504 1876 3736 1930 ductor
3769 1882 3894 1928 erat

540 1975 800 2044 octaginta
830 1975 1052 2042 quinque
1101 1977 1237 2028 viras
1283 1977 1493 2029 vestitos
1524 1979 1693 2045 ephod
1741 1978 1897 2033 lineo.
1939 1977 1996 2032 In
2029 1980 2135 2035 Ile-

540 2064 687 2120 brato
706 2064 964 2120 habetur:
993 2076 1256 2135 portantes
1278 2067 1445 2139 ephod
1469 2067 1684 2123 lincunt.
1713 2072 1875 2126 Aiunt
1897 2073 2133 2140 Hebraei,

541 2172 650 2213 non
681 2173 873 2214 omnes
911 2159 1090 2227 ephod
1138 2161 1336 2216 Iioeum
1393 2173 1675 2232 portasse,
1733 2166 1827 2220 sed
1872 2168 2009 2220 tales
2041 2183 2136 2223 eos

540 2247 711 2305 fuisse
733 2292 747 2316 ,
780 2251 869 2320 qui
895 2251 1078 2322 utique
1108 2252 1258 2324 digni
1291 2262 1347 2309 et
1385 2255 1569 2311 idonei
1595 2268 1778 2312 essent
1813 2259 1880 2314 ad
1912 2273 2134 2329 portan-

544 2339 672 2396 dum
700 2343 901 2413 ephod.

619 2435 775 2506 (Cap.
796 2436 1226 2495 XXIIl.——Vers.
1257 2439 1367 2509 li.)
1385 2441 1446 2496 Si
1469 2443 1676 2496 tradent
1705 2449 1893 2501 meviri
1914 2447 2070 2501 Cein
2085 2451 2136 2502 in

548 2544 733 2583 manus
747 2533 878 2602 ejus,
895 2541 943 2584 et
955 2533 998 2585 si
1011 2532 1283 2587 descendet
1297 2533 1431 2587 Saul
1443 2536 1573 2588 sicut
1591 2538 1788 2590 audivit
1802 2555 1980 2593 servus
1997 2550 2134 2608 tuus,

547 2619 768 2678 Domine
789 2623 927 2679 Deus
949 2623 1134 2690 Israel,
1168 2627 1341 2680 indica
1365 2644 1510 2682 servo
1531 2639 1636 2684 tuo.
1668 2631 1734 2685 Et
1757 2634 1830 2685 ait
1857 2632 2133 2703 Dominus,

546 2715 836 2772 descendet.
857 2718 935 2772 Ac
956 2718 1224 2774 sidicerct
1243 2737 1254 2772 :
1275 2722 1318 2773 si
1347 2721 1433 2776 hic
1464 2725 1702 2790 Steteris,
1730 2726 2051 2783 descendet.
2072 2729 2140 2782 Et

537 2809 680 2874 quod
712 2812 788 2862 ait
814 2826 827 2864 :
862 2810 922 2865 Si
949 2813 1151 2864 tradent
1178 2829 1256 2866 me
1293 2813 1385 2866 viri
1429 2814 1584 2870 Ceilte
1607 2834 1625 2870 :
1650 2829 1694 2871 et
1729 2819 1986 2875 Dominus
2016 2825 2086 2876 ait
2117 2841 2134 2878 :

545 2901 790 2954 tradent:
820 2903 920 2957 iste
948 2912 1031 2957 est.
1061 2920 1256 2959 sensus
1288 2925 1298 2959 :
1332 2907 1386 2963 Si
1414 2909 1758 2966 descenderit
1787 2913 1934 2978 Saul,
1970 2928 2024 2970 et
2053 2917 2140 2970 hic

543 2999 597 3044 te
630 2991 923 3056 invenerit,
982 2995 1217 3051 tradent.
1274 2997 1441 3054 Porro
1470 3017 1535 3055 eo
1560 3011 1825 3072 tempore,
1855 3022 1963 3076 quo
1993 3008 2139 3078 fuge-

543 3080 903 3137 ratAbiathar
927 3087 1065 3139 lilius
1089 3087 1404 3144 Aliimelech
1423 3092 1486 3146 ad
1503 3092 1668 3146 David
1696 3096 1746 3149 in
1773 3097 1938 3163 Ceila,
1960 3101 2137 3168 ephod

545 3189 727 3230 secum
762 3175 967 3230 habens
997 3179 1358 3236 descenderat
1407 3202 1421 3237 :
1449 3186 1628 3254 ephod
1661 3189 1788 3243 illud
1823 3201 1964 3257 erat,
1997 3196 2138 3262 quod

2239 1970 2307 2024 de
2330 1971 2605 2036 Bahurim,
2639 1971 2688 2024 id
2711 1980 2814 2034 est,
2840 1973 2907 2024 de
2939 1970 3146 2024 electis.
3171 1968 3400 2036 Quando
3425 1977 3619 2022 autem
3649 1984 3686 2022 a
3717 1966 3894 2022 Saule

2241 2062 2434 2116 Michol
2457 2063 2506 2116 ei
2529 2063 2707 2125 datur,
2727 2060 2925 2125 Phalti,
2951 2061 3001 2114 id
3035 2071 3138 2123 est,
3167 2061 3406 2125 evadens,
3431 2061 3886 2129 interpretatur.

2239 2157 2466 2222 Quando
2489 2172 2621 2209 vero
2649 2156 2716 2209 ab
2745 2170 2812 2209 eo
2833 2155 3026 2208 eadem
3062 2153 3259 2208 Michol
3307 2152 3580 2215 aufertur,
3622 2148 3889 2204 Phaltiel

2242 2251 2292 2304 id
2326 2263 2438 2316 cSI,
2462 2251 2676 2305 evadent
2704 2268 2734 2304 ιι
2763 2250 2866 2304 Deo
2901 2251 3313 2319 interpretatur.
3368 2249 3636 2303 Evadens
3697 2263 3730 2301 a
3766 2247 3888 2301 Deo

2239 2344 2459 2408 dicitur,
2497 2346 2618 2415 quia
2650 2345 2943 2399 custodivit
2974 2360 3122 2411 eunt,
3172 2360 3238 2398 ne
3292 2352 3546 2413 tangeret
3603 2358 3776 2408 earn,
3816 2355 3885 2394 ne

2241 2439 2394 2494 ﬁeret
2419 2448 2792 2507 tranSgressor
2847 2439 3001 2508 legis.

2314 2535 2634 2603 Secutusque
2655 2545 2724 2586 est
2757 2550 2869 2586 eam
2897 2532 2972 2585 vir
3002 2549 3124 2585 suus
3151 2531 3363 2603 plorans
3385 2546 3549 2600 usque
3573 2530 3654 2582 ad
3682 2527 3870 2581 Baha-

2239 2625 2338 2679 rim
2372 2625 2391 2698 (
2422 2626 2462 2679 ll
2496 2626 2624 2696 Reg.
2660 2641 2739 2686 ut,
2794 2624 2904 2694 16).
2940 2623 3194 2677 Plorasse
3246 2623 3445 2677 dicitur
3473 2637 3588 2691 prie
3620 2621 3872 2691 gaudio,

2239 2735 2306 2773 eo
2345 2719 2486 2788 quod
2539 2719 2800 2772 Dominus
2857 2733 2980 2772 eum
3027 2716 3375 2782 custodisset,
3404 2731 3472 2769 ne
3495 2731 3625 2770 eam
3661 2725 3871 2783 tange-

2241 2821 2344 2867 ret.

2312 2904 2486 2975 (Cap.
2535 2906 2725 2960 XXVI.
2757 2906 3006 2961 —Vers.
3051 2905 3105 2959 6.
3143 2905 3161 2976 )
3211 2904 3296 2958 Ait
3348 2912 3518 2957 autem
3561 2901 3756 2956 David
3798 2900 3869 2953 ad

2242 2999 2538 3053 Ahimelvch
2598 2999 2837 3053 Ethceum
2877 3009 2922 3051 et
2966 2998 3143 3051 Abisai
3189 2998 3356 3066 ﬁlium
3387 2995 3586 3051 Sarviaa
3630 3001 3870 3066 fratrem

2239 3089 2393 3156 Joab,
2421 3093 2597 3145 dicens
2626 3109 2642 3144 :
2669 3091 2796 3159 Quis
2826 3089 3100 3145 descendet
3125 3091 3363 3143 mecum?
3386 3088 3720 3143 Altitnelech
3746 3088 3864 3155 ipse

2241 3193 2324 3239 est
2352 3185 2524 3240 Urias.
2579 3185 2734 3240 Urias
2783 3199 2912 3253 ergo
2942 3185 3354 3254 interpretatur,
3409 3181 3498 3236 tua:
3529 3198 3646 3235 utea
3690 3181 3861 3234 Deus.

547 3267 781 3338 Moyses,
805 3268 1029 3336 iubente
1044 3269 1551 3338 Doinino,fecerat.:
1580 3280 1629 3331 in
1654 3296 1760 3350 quo
1774 3285 2139 3340 eratdoctrina
2169 3267 2214 3330 C
2246 3279 2558 3334 Aliimelech
2585 3280 2996 3347 interpretatur,
3039 3281 3202 3349 frater
3233 3294 3372 3330 meus
3405 3293 3514 3330 rex.

547 3368 594 3414 et
619 3364 826 3426 veritas,
845 3361 895 3414 in
917 3380 1022 3433 quo
1037 3367 1199 3422 etiam
1219 3373 1491 3425 consuluit
1509 3385 1532 3410 ἰ
1552 3378 1812 3432 sacerdos
1827 3379 2114 3434 Dominum
2126 3422 2137 3434 .

618 3457 637 3525 (
669 3456 824 3513 Vers.
853 3458 941 3515 18.
974 3459 991 3530 )
1034 3460 1294 3516 Percussit
1315 3467 1472 3538 igitur
1488 3478 1719 3540 uterque,
1747 3471 2011 3526 Jonathun
2043 3475 2143 3527 sci-

545 3547 661 3602 licet
692 3557 739 3603 et
772 3549 940 3604 David
961 3553 1125 3624 [tedas
1154 3571 1328 3609 coram
1375 3555 1619 3613 Domino.
1663 3560 1859 3617 Coram
1890 3565 2133 3634 Domino,

546 3642 600 3698 id
627 3654 731 3709 est,
759 3661 945 3700 coram
976 3647 1091 3703 Gad
1125 3649 1417 3719 Propheta,
1444 3663 1496 3708 et
1525 3652 1792 3710 Abiatbar
1820 3656 2136 3724 Sacerdote,

546 3737 635 3807 qui
668 3739 912 3806 portabat
933 3742 1132 3812 ephod.

616 3830 812 3902 (Vers.
847 3833 937 3887 25.
972 3833 990 3905 )
1029 3836 1129 3890 Ivit
1153 3838 1310 3910 igitur
1359 3839 1492 3895 Saul
1535 3853 1581 3895 et
1619 3845 1746 3899 socii
1771 3849 1880 3917 ejus
1908 3847 1976 3899 ad
2006 3864 2143 3916 qucr-

543 3923 783 3978 rendum.
815 3923 883 3978 Et
914 3929 1210 3982 nuntiatum
1238 3941 1311 3985 est
1348 3929 1534 3997 David,
1562 3922 1836 4004 statimque
1879 3937 2144 3992 descendit

543 4016 613 4069 ad
641 4025 860 4086 petram,
888 4030 933 4072 et
958 4021 1255 4075 versabatur
1275 4023 1324 4076 in
1347 4024 1548 4078 deserto
1577 4025 1755 4080 Moon.
1781 4027 2143 4085 Descendisse

549 4108 616 4163 ad
644 4119 848 4177 petram
875 4111 1097 4177 dicitttr,
1126 4113 1312 4178 idest,
1357 4115 1421 4168 ad
1457 4117 1795 4173 tutissimum
1849 4121 2052 4190 locum,
2086 4123 2138 4175 in

544 4215 652 4270 quo
678 4217 762 4270 ea,
797 4218 920 4272 qua:
945 4203 1049 4260 sibi
1079 4205 1232 4260 oneri
1257 4215 1311 4260 et
1335 4209 1518 4276 gravia
1554 4220 1730 4278 erant,
1780 4214 2044 4282 reposuit.
2078 4215 2141 4269 Et

548 4292 664 4362 ipse
692 4295 1014 4352 versabatur
1053 4297 1107 4352 in
1137 4298 1355 4355 deserto
1386 4300 1564 4367 Maon,
1597 4318 1704 4372 quo
1720 4305 1822 4358 sibi
1849 4305 2140 4378 sulI‘ugium

543 4387 782 4454 patebat.

618 4478 637 4548 (
668 4475 798 4547 Cap.
826 4479 992 4534 XXV.
1018 4482 1258 4538 —Vers.
1281 4484 1334 4537 ‘2.
1367 4485 1386 4554 )
1420 4485 1550 4539 Erat
1576 4497 1747 4541 autem
1778 4489 1854 4542 vir
1886 4491 2141 4562 quispiam

539 4567 598 4620 in
620 4564 897 4622 solitudine
923 4569 1103 4624 Moon.
1127 4572 1389 4627 Hebraeus
1418 4574 1520 4629 hoc
1544 4579 1594 4630 in
1624 4578 1743 4633 loco
1795 4595 1900 4633 non
1950 4579 2137 4646 habet,

2318 3370 2471 3443 (Cap.
2506 3370 2598 3425 ΧΧ
2614 3369 2719 3424 VII.
2746 3400 2815 3410 -—
2839 3371 2995 3426 Vers.
3032 3374 3084 3425 8.
3121 3369 3140 3440 )
3176 3368 3241 3423 Et
3291 3369 3518 3422 ascendit
3574 3366 3782 3428 David,
3817 3376 3862 3418 et

2247 3467 2341 3517 viri
2385 3467 2519 3536 ejus,
2561 3474 2608 3519 et
2653 3465 2872 3537 agebant
2901 3464 3105 3535 pratdas
3136 3463 3200 3516 de
3231 3460 3469 3528 Gessuri,
3499 3471 3547 3515 et
3577 3461 3644 3515 de
3673 3458 3853 3520 Getri,

2246 3568 2294 3612 et
2321 3559 2385 3612 de
2409 3558 2723 3613 Amalecitis.
2746 3557 2820 3612 Hi
2851 3559 2987 3612 enim
3013 3558 3134 3629 pagi
3185 3555 3550 3610 habitabantur
3603 3556 3660 3607 in
3713 3564 3856 3608 terra

2246 3650 2549 3718 antiquitus.
2581 3649 2643 3703 IIi
2675 3651 2792 3720 pagi
2825 3663 2930 3703 non
2959 3657 3120 3703 erant
3171 3648 3272 3702 sub
3322 3656 3594 3716 potestate
3657 3645 3849 3699 Achis.

2248 3741 2482 3796 Habitati
2528 3745 2749 3798 interra
2780 3743 3078 3813 antiquitus
3109 3741 3382 3806 dicuntur,
3436 3741 3562 3810 quia
3604 3737 3776 3810 quit-ti
3799 3748 3852 3790 et

2246 3837 2422 3891 securi
2455 3836 2682 3891 bal-itati
2707 3837 2942 3903 fuerant,
2971 3844 3027 3891 et
3055 3835 3255 3890 nullius
3282 3834 3456 3890 hostis
3481 3833 3847 3907 depraedatioe

2249 3946 2343 3984 nes
2375 3930 2642 3999 perpessi.

2317 4028 2336 4098 (
2365 4026 2494 4096 Cap.
2553 4025 2790 4081 XXVIII.
2822 4056 2890 4066 —
2913 4027 3069 4081 Vers.
3105 4028 3157 4080 5.
3187 4024 3202 4092 )
3235 4023 3449 4081 Samuel
3495 4035 3668 4078 autem
3706 4038 3843 4076 moro

2245 4129 2358 4172 tuus
2385 4128 2478 4185 est,
2535 4120 2773 4190 ﬂevitque
2824 4137 2940 4173 eum
2985 4121 3151 4172 omnis
3185 4117 3376 4172 Israel.
3423 4116 3487 4170 Et
3535 4117 3845 4186 sepelierunt

2245 4228 2361 4264 eum
2381 4213 2432 4264 in
2457 4212 2624 4266 Roma
2653 4214 2775 4266 urbe
2796 4229 2912 4265 sua.
2940 4211 3113 4282 Supra
3145 4211 3250 4283 (Ad
3280 4227 3396 4281 cap.
3444 4225 3564 4272 xxv,
3600 4209 3656 4278 1)
3689 4222 3842 4261 nam-

2244 4319 2351 4373 que
2383 4302 2578 4360 dicitur
2607 4302 3046 4374 sepultus-fuisse
3077 4304 3128 4358 in
3158 4304 3324 4358 domo
3353 4318 3446 4358 sua
3475 4305 3525 4354 in
3549 4299 3739 4354 Rama.
3777 4296 3837 4350 In

2245 4399 2412 4452 domo
2443 4414 2568 4463 sua,
2600 4398 2654 4452 in
2686 4398 2891 4452 familia
2946 4396 3199 4452 videlicet
3242 4406 3297 4451 et
3337 4395 3662 4466 cognatione
3713 4406 3835 4446 sua.

2245 4491 2516 4556 Quaeritur
2540 4506 2795 4560 namque,
2818 4506 2939 4545 cum
2986 4489 3239 4559 superius
3260 4489 3371 4557 jam
3419 4499 3666 4541 mortuus
3696 4486 3838 4555 lega—

2246 4592 2354 4649 tur,
2381 4598 2477 4636 cur
2506 4581 2592 4636 hic
2623 4590 2901 4651 repetatur
2942 4590 3211 4634 mortuus.
3247 4579 3493 4633 Mortuus
3524 4575 3632 4639 hic,
3660 4585 3718 4630 ut
3739 4573 3840 4629 lie-

542 4663 597 4716 in
624 4660 923 4718 solitudine.
960 4665 1016 4719 In
1050 4666 1205 4721 Maon
1234 4668 1377 4722 enim
1425 4669 1645 4726 civitate
1677 4672 1977 4741 habitabat,
2028 4691 2135 4731 non
2168 4652 2220 4711 D
2245 4677 2374 4730 brzei
2399 4676 2603 4733 volunt.
2641 4675 3071 4730 resuscitationis
3100 4689 3210 4728 suae
3234 4688 3394 4727 causa
3430 4672 3698 4741 repetitur
3726 4681 3768 4722 ο.

543 4757 598 4811 in
633 4757 952 4813 solitudine.

613 4851 633 4922 (
668 4851 821 4908 Vers.
854 4853 945 4908 ‘21.
976 4855 994 4924 )
1033 4853 1164 4909 Vere
1183 4859 1383 4925 frustra
1403 4859 1600 4912 servavi
1623 4861 1817 4924 omnia,
1842 4879 1959 4931 qua:
1983 4863 2140 4936 hujus

539 4954 708 5007 erant,
742 4953 788 4998 et
815 4962 916 4999 non
946 4949 1100 5016 periit
1126 4948 1404 5019 quicquam
1433 4949 1496 5002 de
1517 4953 1736 5017 cunctis,
1785 4971 1902 5024 qua:
1927 4956 1996 5008 ad
2023 4972 2139 5009 eum

541 5037 884 5106 pertinebant,
907 5050 953 5093 et
981 5041 1203 5094 reddidit
1242 5041 1369 5095 mihi
1401 5044 1594 5096 malum
1646 5062 1740 5112 pro
1791 5047 1946 5101 bona.
1991 5048 2142 5103 Tunc

541 5131 740 5201 quippe
763 5133 813 5187 ei
840 5133 1075 5187 reddidit
1103 5135 1301 5187 malum
1328 5150 1426 5198 pro
1443 5135 1609 5195 bono.
1643 5140 1858 5206 quando
1891 5139 2143 5208 blasphe-

542 5225 711 5278 mavit
738 5240 860 5277 eum
893 5225 1273 5290 conviciando,
1304 5236 1358 5280 et
1386 5225 1518 5279 dixit
1549 5244 1562 5279 :
1590 5227 1716 5294 Quis
1756 5240 1830 5282 est
1872 5228 2062 5292 David,
2089 5241 2138 5286 et

538 5317 654 5386 quis
676 5326 750 5370 est
775 5316 918 5384 ﬁlius
947 5314 1097 5370 Isai?
1120 5315 1290 5369 Hodie
1314 5319 1637 5373 increverunt
1663 5321 1811 5388 servi,
1865 5323 1951 5392 qui
1991 5325 2140 5394 fuge-

538 5421 660 5465 runt
689 5412 924 5465 dominos
971 5411 1137 5482 suos(
1174 5410 1315 5465 Vers.
1358 5412 1424 5464 10

611 5503 633 5577 (
664 5503 814 5559 Vers.
840 5502 932 5558 26.
959 5504 978 5574 )
1010 5502 1077 5558 Et
1100 5520 1236 5558 nunc
1261 5505 1390 5576 ﬁant
1435 5505 1566 5559 sicut
1596 5503 1772 5560 Nabal
1800 5508 1998 5562 inimici
2027 5510 2137 5575 tui;

608 5701 634 5728 ι
675 5689 820 5744 Idem
853 5685 1025 5742 David
1049 5687 1332 5752 supponit,
1357 5701 1456 5756 pro
1488 5685 1762 5742 Sacerdos.

605 5758 634 5828 β
673 5760 928 5829 Ambros.
954 5773 1080 5821 ms.,
1108 5759 1242 5829 idem
1271 5774 1370 5829 pro
1396 5758 1449 5813 id
1490 5768 1590 5814 est.

611 5825 630 5866 ὑ
673 5823 900 5893 Legerat
931 5826 1195 5895 praetorea
1245 5823 1518 5894 liabanils,
1573 5829 1864 5884 dummodo
1911 5829 1978 5888 de
2033 5849 2129 5889 suo

2325 4768 2604 4840 (Vers.6.)
2635 4755 3002 4836 Consuluitque
3027 4767 3340 4820 Dominum:
3361 4775 3407 4819 et
3445 4781 3546 4816 non
3582 4763 3834 4834 respondit

2242 4864 2312 4924 ei,
2347 4877 2507 4930 neque
2525 4879 2613 4931 per
2638 4864 2861 4925 somnia,
2898 4877 3060 4931 neque
3093 4876 3181 4928 per
3214 4857 3525 4912 sacerdotes.
3560 4855 3832 4919 Ilebra‘us,

2248 4971 2406 5024 neque
2462 4971 2553 5022 per
2598 4954 2928 5016 doctrinam,
2983 4969 3146 5019 neque
3201 4966 3291 5020 per
3357 4948 3676 5022 PrOphetas.
3712 4947 3833 5001 [ies-

2251 5046 2523 5116 pondebat
2552 5048 2814 5100 Dominus
2859 5063 2954 5115 per
2984 5047 3214 5107 somnia,
3251 5045 3394 5098 sicut
3424 5046 3590 5098 iidem
3627 5040 3832 5096 llebrmi

2247 5148 2521 5202 asserunt,
2555 5155 2620 5192 eo
2647 5138 2792 5208 quod
2842 5137 3049 5191 orando
3095 5147 3150 5192 et
3189 5136 3492 5206 jejunando
3540 5138 3839 5207 poscebant

2245 5231 2523 5285 oraculum
2557 5230 2655 5285 sibi
2689 5230 2804 5286 lieri
2828 5230 3090 5296 divinum,
3117 5238 3172 5283 et
3206 5232 3342 5282 Ileus
3370 5230 3477 5282 illis
3507 5245 3602 5297 per
3633 5229 3834 5282 somnia

2243 5325 2524 5380 revolabat
2551 5339 2638 5389 ea,
2667 5340 2787 5393 quas
2842 5323 3015 5376 iutura
3064 5332 3242 5385 erant,
3305 5322 3448 5391 quod
3497 5323 3546 5373 in
3590 5322 3696 5377 hoc
3727 5323 3837 5376 loco

2245 5417 2467 5472 minime
2511 5416 2636 5472 Saul
2692 5417 2884 5470 iecisse
2930 5415 3148 5485 legitur.
3190 5414 3295 5469 Per
3354 5413 3692 5481 doctrinam,
3750 5431 3836 5484 per

2242 5511 2422 5590 ephod
2452 5511 2686 5575 scilicet,
2721 5509 2864 5580 quod
2913 5508 3184 5564 Sacerdos
3209 5510 3259 5563 in
3288 5519 3514 5579 pectore
3568 5509 3835 5578 portabat.

2246 5707 2352 5747 non
2383 5691 2654 5748 suffecerit
2686 5709 2698 5744 ε
2732 5699 2780 5745 et
2810 5692 3076 5761 repetitur,
3117 5699 3175 5743 ut
3217 5690 3484 5761 da_mnatio
3515 5688 3717 5750 Saulis.
3748 5696 3832 5758 qui

2243 5765 2295 5817 in
2330 5765 2549 5832 peccatis
2578 5756 2962 5837 ntortuusl‘erat,
2989 5771 3035 5836 et
3058 5761 3238 5832 relicto
3260 5756 3399 5841 Deo,
3442 5770 3634 5834 contra
3675 5756 3836 5834 legem

2246 5834 2531 5904 Pythonem
2562 5833 2878 5898 consulebat,
2912 5833 3046 5895 iusta
3089 5845 3197 5884 esse
3227 5833 3698 5903 manifestaretnr.‘
