4006 6294
64 242 242 302 1585
993 241 1456 314 ρωεετῐοΝΕε
1496 247 1703 306 HEBRl

1817 242 1890 305 με.
1929 249 1996 308 ΙΝ
2038 246 2168 308 LIB.
2211 251 2256 312 ll
2293 252 2554 316 REGUM.
3284 257 3429 322 1556

71 356 296 426 Neque
327 357 777 432 per'Prophetas,
807 361 930 428 quia
965 362 1512 431 illisconsnlentilius,
1546 369 1725 422 Domi-
1752 378 1800 435 Α
1829 374 1970 425 cinas
1991 389 2008 437 ,-
2032 372 2154 441 quia
2185 374 2228 427 si
2262 374 2386 429 lassi
2410 371 2826 442 remansissent,
2862 374 3010 431 nulla
3035 374 3114 432 eis
3133 374 3431 433 deberetur

69 462 190 501 nus
220 465 593 519 nequaquam
625 454 1004 521 respondebat.
1041 454 1100 506 lli
1134 454 1421 524 Propheta:
1463 456 1720 513 dicuntur
1827 461 1893 515 de
1929 464 2123 528 prardis
2148 467 2349 531 portio.

65 540 266 597 fuisse
322 543 588 611 discipuli
641 546 930 610 Samuelis,
996 547 1192 615 quibus
1268 549 1722 618 prophetautibus
1897 551 2072 622 (Cap.
2109 553 2302 609 XXXI.
2334 585 2404 597 -ο-
2437 557 2665 616 \'ers.5.
2700 559 2717 628 )
2754 560 2907 626 Quod
2955 577 3072 614 cum
3101 562 3305 616 vidisset
3335 577 3426 616 ar-

58 632 276 702 junxit
309 651 380 690 se
421 638 568 704 Saul,
595 650 649 692 et
676 642 1040 707 prophetavit.
1825 645 1986 712 miger
2012 650 2144 716 ejus,
2169 647 2404 701 videlicet
2433 649 2571 715 quod
2597 662 2828 704 mortuus
2883 661 3011 706 esset
3061 651 3216 716 Saul,
3273 653 3431 706 irruit

152 725 175 796 (
198 726 387 783 Vers.
427 728 505 801 7.)
540 730 766 796 Quierite
795 735 920 787 milii
949 737 1210 792 mulierem
1227 740 1496 794 habentem
1517 740 1720 811 Pytho-
1825 741 1978 791 etiam
2009 741 2117 808 ipse
2145 757 2300 811 super
2327 742 2561 814 gladium
2587 760 2759 810 suum,
2783 754 2831 800 et
2859 754 3089 800 mortuus
3117 756 3192 800 est
3212 762 3422 802 cumeo.

63 834 226 884 nem,
262 833 318 873 et
352 823 637 876 raduntad
667 843 800 892 eam,
832 837 879 881 et
906 831 1196 885 suscitabor
1217 850 1309 902 per
1334 833 1500 888 illaut.
1560 833 1720 889 Nullo
1823 831 2167 902 Armiger-um
2199 837 2361 890 istum
2413 837 2624 893 Hebraei
2671 838 2854 893 Doech
2905 839 3198 894 lduuueum
3240 839 3430 894 dicunt

64 921 331 982 accepto
365 915 639 972 divinitus
663 917 788 974 Saul
824 936 1108 991 responso,
1139 929 1480 982 convertitur
1511 929 1576 982 ad
1621 930 1720 1000 Py-
1825 925 2014 988 fuisse,
2045 929 2136 998 qui
2162 944 2395 984 cernens
2422 929 2549 986 Saul
2591 941 2890 1000 mortuum,
2917 933 3157 1003 seipsum
3191 933 3261 987 ob
3306 948 3423 988 tne-

67 1005 320 1060 thnues.
364 1007 635 1075 Quamvis
665 1027 796 1082 ergo
833 1013 960 1069 Saul
1014 1016 1224 1086 legatur
1262 1020 1498 1075 evasisse
1532 1037 1720 1091 magos
1825 1027 1936 1072 tum
1969 1021 2133 1074 David
2185 1023 2480 1078 interemit.
2951 1017 2963 1045 '

66 1105 127 1152 ct
164 1096 445 1152 hariolus
473 1100 541 1155 de
573 1111 714 1156 terra
746 1120 759 1154 :
788 1103 924 1158 hanc
954 1116 1130 1161 tamen
1165 1109 1451 1164 mulierem
1501 1111 1716 1166 Heltrtci
1897 1111 2092 1184 (Vers.
2121 1112 2212 1184 6.)
2246 1114 2490 1170 Momms
2515 1127 2591 1170 est
2626 1129 2748 1190 ergo
2773 1115 2929 1182 Saul,
2959 1126 3005 1170 et
3035 1126 3133 1170 tres
3147 1115 3247 1185 ﬁlii
3274 1117 3420 1188 ejus,

67 1201 336 1243 matrem
371 1189 544 1247 fuisse
587 1193 774 1248 Abner
802 1194 898 1250 filii
931 1196 1038 1252 Ner
1067 1207 1374 1269 autumant,
1415 1211 1468 1256 et
1497 1213 1721 1274 proi-ter
1821 1213 1869 1256 et
1899 1205 2124 1274 armiger
2151 1205 2314 1273 illius,
2349 1218 2393 1260 et
2422 1208 2648 1261 universi
2688 1189 2785 1260 Tviri
2815 1209 2947 1278 ejus.
2987 1207 3097 1260 Viri
3130 1207 3242 1274 isti,
3270 1209 3424 1275 pueri

64 1285 351 1340 eumdem
385 1287 602 1353 Abncr,
637 1306 704 1344 ne
746 1293 1108 1360 perimeretur
1128 1310 1250 1349 cum
1281 1298 1722 1368 cacterisPytlto-
1822 1295 2102 1351 demeslici
2156 1297 2276 1365 ejus
2331 1298 2664 1369 intelligendi
2705 1310 2854 1353 sunt.
2911 1298 2973 1352 Hi
3027 1306 3135 1352 ll’es
3163 1297 3258 1352 ﬁlii
3287 1298 3417 1354 Saul

71 1382 281 1443 nissis,
319 1382 659 1438 abscousam
685 1396 738 1439 ct
759 1400 1097 1442 reservatam
1136 1391 1322 1445 fuisse.
1822 1405 1941 1444 cum
1969 1404 2035 1444 eo
2062 1389 2335 1444 interfecti
2368 1400 2516 1458 sunt,
2541 1391 2839 1454 Jonathan,
2891 1390 3202 1459 Abinadali,
3247 1393 3340 1461 qui
3374 1400 3432 1448 et

149 1472 334 1546 (Cap.
374 1475 553 1531 XXX.
578 1508 649 1517 —
677 1478 832 1535 Vers.
857 1480 950 1536 ‘24.
978 1482 995 1552 )
1026 1481 1139 1537 Nec
1161 1486 1334 1538 audiet
1351 1487 1717 1555 rosquisqucm
1822 1483 1992 1549 Jesui,
2027 1495 2083 1539 et
2109 1485 2428 1539 Mi-lcliisua.
2452 1485 2697 1540 Isboselh
2745 1496 2926 1540 autem
2972 1486 3115 1540 domi
3159 1496 3300 1553 erat,
3334 1487 3428 1558 qui

71 1567 142 1620 de
162 1583 430 1622 sermone
464 1570 583 1623 lioc.
619 1570 798 1641 .Equa
824 1575 961 1626 enim
990 1593 1111 1644 pars
1134 1579 1228 1630 erit
1260 1578 1621 1633 descendentis
1648 1581 1717 1633 ad
1822 1591 1988 1642 anno,
2019 1594 2124 1646 quo
2162 1577 2289 1632 Saul
2334 1594 2429 1632 rex
2471 1580 2800 1656 constitutus
2828 1587 2930 1645 cst,
2965 1589 3124 1634 natus
3150 1580 3316 1636 fuisse
3347 1580 3433 1636 di-

70 1659 356 1730 ργαιίέηιη,
390 1671 444 1715 ει
477 1666 789 1718 remanentis
833 1666 902 1717 ad
951 1671 1203 1722 εανεῑηαε,
1255 1669 1389 1724 Cum
1426 1671 1476 1724 in
1512 1673 1718 1727 Latinis
1821 1669 1980 1731 citur,
2018 1669 2107 1735 qui
2131 1669 2293 1722 etiam
2321 1671 2685 1740 quadraginta
2715 1687 2981 1726 annorum
3013 1673 3180 1727 luis-e
3207 1672 3424 1743 legitur,

75 1753 384 1807 Codicibus
417 1754 654 1824 legatur,
692 1756 856 1812 lassos
879 1763 1128 1831 quosdam
1158 1765 1441 1820 substitisse
1471 1768 1539 1819 ad
1560 1770 1714 1822 sttrci-
1746 1780 1792 1839 Β
1821 1775 1943 1813 cum
1977 1775 2204 1830 regnare
2234 1761 2488 1830 C(BpiSSel
2513 1780 2525 1814 :
2562 1762 2706 1817 unde
2736 1763 3014 1834 colligitur
3038 1763 3163 1819 Saul
3194 1765 3429 1834 quadra-

74 1863 172 1899 nas
206 1863 225 1900 .'
251 1857 312 1901 et
345 1847 405 1900 in
444 1849 678 1904 Hebraeo
709 1851 992 1922 habeatur,
1032 1857 1242 1926 ‘jussos
1275 1860 1456 1928 fuisse.
1488 1871 1542 1914 ut
1588 1863 1703 1915 resi-

1819 1855 1967 1922 ginta
1992 1869 2163 1906 annos
2191 1869 2471 1924 regnasse.
2531 1856 2894 1922 Quaerendum
2944 1873 3042 1912 cur
3069 1858 3198 1912 alibi
3227 1857 3426 1927 legitur

76 1939 260 1993 derent
313 1941 390 1992 ad
438 1943 676 1996 sarcinas
706 1960 724 1996 :
754 1945 904 1999 locus
931 1946 1017 1999 hic
1043 1959 1334 2014 monstrat,
1389 1949 1713 2004 llebraicam
1819 1943 1992 2010 JcSui,
2035 1955 2090 1998 el
2117 1946 2246 1999 alibi
2289 1946 2794 2015 Abittadalt?,.lcsui
2842 1963 2984 2002 enim
3033 1949 3426 2016 interpretatur

79 2035 389 2086 vernalem
423 2037 480 2087 in
511 2034 608 2088 Ιιορ
633 2036 753 2090 loco
785 2038 938 2107 sequi
981 2037 1204 2104 debere,
1237 2056 1358 2109 qua)
1391 2056 1496 2095 non
1528 2042 1712 2109 lassos,
1819 2038 2056 2106 aqualis.
2087 2036 2338 2104 [Eqnalis
2379 2037 2502 2092 idet)
2528 2038 2749 2103 dicitur,
2779 2039 2904 2109 quia
2964 2039 3187 2107 {cqualis
3241 2039 3428 2096 meriti

82 2127 177 2180 sed
220 2129 412 2197 jussos
469 2130 797 2182 remansisse
828 2129 893 2183 ad
925 2130 1189 2196 sarcinas,
1223 2131 1354 2185 dicit
1403 2132 1590 2188 fuisse.
1627 2135 1715 2188 Ait,
1817 2129 1987 2184 fuisse
2017 2130 2108 2182 ﬁlii
2134 2131 2238 2201 [AL
2267 2129 2442 2203 ﬁlius]
2466 2147 2588 2184 cum
2622 2141 2773 2200 patre
2803 2130 3293 2204 memorantur[Al.
3315 2147 3424 2188 me-

81 2219 230 2271 enim
267 2219 341 2271 ita
375 2234 394 2271 :
421 2217 606 2289 Αῗᾳιια
644 2237 766 2290 pars
791 2223 887 2274 erit
932 2222 1289 2277 descendentis
1336 2223 1404 2275 ad
1445 2223 1706 2291 praelium,
1818 2221 2104 2293 moratur].
2127 2222 2846 2292 Abinadabinterpretatur,
2873 2235 3017 2296 pater
3050 2240 3192 2278 meus
3213 2235 3420 2292 sponte.

86 2321 133 2364 et
163 2311 498 2364 remanentis
526 2313 596 2364 ad
622 2313 873 2366 sarcinas.
903 2313 1018 2368 Non
1051 2315 1146 2380 ait,
1185 2313 1273 2383 qui
1322 2314 1452 2369 lassi
1488 2332 1706 2370 reman-
1820 2315 2026 2384 Sponte
2081 2319 2280 2372 ctenim
2331 2333 2427 2372 sua
2488 2326 2639 2388 pater
2690 2318 2809 2388 ejus
2865 2317 2996 2372 Saul
3041 2317 3181 2372 male
3210 2317 3424 2385 agendo

86 2415 279 2458 serunt
329 2404 401 2459 ad
435 2405 720 2472 sarcinas;
753 2407 848 2462 sed
879 2408 1150 2476 absolute,
1179 2410 1490 2463 remanentis
1512 2410 1579 2462 ad
1601 2425 1714 2462 sar-
1823 2408 2134 2478 acquisivit,
2160 2419 2220 2464 ut
2243 2411 2422 2464 taliter
2453 2426 2559 2464 una
2595 2425 2721 2466 cum
2759 2410 2885 2465 ﬁliis
2911 2410 3273 2481 perimeretur
3300 2419 3347 2467 α.

164 2562 178 2591 ί
225 2563 385 2617 lluuc
419 2563 603 2617 locum
633 2563 845 2618 abunde
871 2563 1140 2619 confutavi
1176 2565 1227 2619 in
1258 2565 1704 2619 annotationibus

92 2634 228 2706 lueis
275 2634 500 2688 Divinze
545 2634 896 2690 Bibliotheca!
932 2636 990 2691 S.
1027 2636 1364 2706 Hieronymi,
1407 2637 1704 2691 ostendens

95 2703 338 2759 Latinam
377 2707 714 2770 versionem,
761 2709 849 2777 qui
897 2708 1020 2761 lassi
1067 2703 1416 2771 substiterant,
1443 2709 1701 2776 optimam

1809 2579 1931 2620 esse
1960 2574 2014 2640 et
2041 2565 2171 2640 fonti
2204 2565 2435 2640 llebrmo
2461 2576 2583 2629 ναξ)
2613 2568 2845 2640 piggeru,
2876 2569 3038 2638 plane
3069 2571 3420 2627 consentien-

1807 2645 1940 2691 tem.
1967 2637 2230 2691 Consulat
2258 2638 2349 2708 qui
2379 2637 2621 2694 voluerit
2641 2637 3050 2697 observationes
3073 2652 3310 2699 nostras.

167 2823 188 2850 ⁸·
222 2813 278 2869 In
309 2814 582 2872 Ambros.
607 2834 736 2884 ms.,
759 2815 1062 2889 Expliciuut
1091 2818 1414 2886 Quwstiones
1440 2818 1718 2874 Hebraica:
1737 2817 1803 2872 de
1827 2817 1974 2872 libris
2002 2817 2312 2872 Malacliim.

101 2951 278 2968 “.0-

293 2958 3320 2984 W—W

1045 3092 1224 3178 ἸΝ
1300 3095 1760 3179 LIBRUM
1835 3095 1922 3177 II
1999 3050 2469 3180 REGUM.

1560 3290 1943 3306 _—’—-

177 3430 351 3504 (Cap.
396 3432 439 3488 ι.
471 3463 548 3473 —
571 3430 730 3486 Vers.
762 3428 864 3500 2.)
906 3427 972 3482 1η
1001 3430 1017 3459 ¹
1049 3428 1133 3481 die
1157 3437 1329 3480 autent
1368 3427 1520 3480 tertia
1553 3443 1712 3498 appa-
1740 3429 1785 3492 ρ
1817 3439 1846 3477 a
1886 3423 2270 3481 l'ortitudineet
2295 3426 2487 3483 timore
2509 3429 2746 3499 Domini,
2774 3433 2914 3490 sicut
2940 3434 3423 3500 Saul,recederent

107 3526 206 3578 ruit
223 3529 372 3581 homo
391 3527 606 3580 reniens
623 3525 686 3578 de
701 3524 885 3577 castris
907 3522 1131 3584 Sanl,et
1153 3520 1384 3590 reliqua.
1418 3519 1704 3575 Hominem
1810 3525 1860 3571 et
1891 3533 1956 3572 eo
1989 3517 2170 3586 modo,
2205 3537 2312 3589 quo
2345 3521 2458 3590 ipse
2485 3525 2745 3592 perierat,
2769 3529 3024 3596 perirent.
3052 3529 3206 3597 Quod
3237 3543 3415 3590 autem

107 3615 632 3673 istmnAmalecitcm
663 3617 870 3671 Hebraei
897 3616 1066 3669 [ilium
1100 3614 1280 3667 Doeclt
1305 3613 1473 3668 fuisse
1497 3613 1703 3668 dicunt.
1809 3611 1886 3664 ait
1913 3628 1925 3665 :
1954 3610 2087 3664 Ecce
2113 3614 2362 3684 scriptum
2393 3627 2464 3669 est
2493 3617 2545 3670 in
2578 3616 2714 3672 libro
2740 3619 3057 3675 Justorum:
3089 3622 3419 3682 liberJusto-

107 3711 424 3768 Amalecites
476 3713 624 3767 enim
669 3717 724 3766 et
767 3709 1035 3764 [durateus
1081 3723 1243 3760 unum
1274 3716 1378 3770 est,
1414 3707 1537 3776 quia
1567 3708 1706 3762 [ilius

106 3802 502 3871 primogenitus
528 3803 668 3858 Esau
696 3801 920 3870 Elipbaz
943 3800 1063 3868 fuit,
1093 3810 1148 3854 et
1178 3802 1338 3870 hujus
1372 3801 1516 3854 illius
1541 3800 1704 3855 Ama-

109 3891 206 3946 lec.
235 3894 502 3950 Diadema
520 3905 697 3948 autem
721 3903 775 3948 et
795 3892 1084 3956 armillam,
1115 3908 1233 3961 quia:
1279 3892 1445 3946 David
1492 3893 1704 3958 detulit,

108 3997 137 4035 a
166 3996 313 4054 patre
343 3986 533 4042 Doecb
564 3985 941 4041 commendata
966 3983 1067 4039 sibi
1116 3984 1284 4038 fuisse
1316 3985 1530 4039 Hebrazi
1579 4000 1703 4054 per-

111 4072 308 4131 bibent.

177 4163 195 4235 (
222 4166 369 4222 Vers.
406 4170 500 4223 12.
533 4168 552 4239 )
582 4167 650 4221 Et
676 4169 1006 4236 planxerunt,
1050 4178 1099 4222 et
1126 4169 1396 4237 ﬂeverunt,
1429 4169 1705 4241 ctjeiuna-

112 4266 280 4310 verunt
301 4276 458 4330 usque
475 4259 548 4311 ad
575 4275 839 4327 vesperam
859 4275 1017 4328 super
1041 4259 1173 4313 Saul
1194 4269 1240 4312 et
1265 4277 1420 4332 super
1437 4259 1703 4313 Jonatlzan

115 4345 273 4410 ﬁlium
301 4355 430 4424 ejus,
456 4362 512 4407 et
533 4369 690 4421 super
709 4353 958 4421 papulum
981 4350 1213 4416 Domini,
1237 4361 1285 4405 et
1307 4369 1465 4419 super
1495 4356 1706 4407 dontum

116 4435 292 4494 Israel.
312 4445 580 4516 Populum
609 4445 843 4513 Domini,
865 4445 1265 4510 sacerdotes,et
1293 4447 1514 4503 domum
1537 4448 1705 4504 Israel

115 4539 427 4599 generaliter
453 4555 678 4594 omnem
710 4541 965 4608 populum
1002 4539 1167 4594 Israel
1199 4539 1347 4597 dicit.

182 4620 375 4693 (Ἶρι-ς.
398 4629 485 4683 ts.
518 4629 535 4699 )
569 4627 634 4682 Et
665 4630 818 4693 dixit,
851 4640 903 4682 ut
926 4629 1125 4684 doceret
1151 4629 1287 4699 ﬁlios
1329 4629 1473 4684 Iuda
1496 4650 1702 4687 arcum:

117 4708 243 4766 Ecce
266 4718 513 4789 scriptum
544 4731 619 4773 est
643 4720 695 4772 in
718 4721 848 4774 libro
892 4720 1183 4776 Justorum.
1241 4723 1304 4776 Et
1330 4723 1486 4790 dixit,
1511 4727 1706 4781 subau-

119 4801 250 4858 ditur
275 4807 464 4875 David,
491 4821 552 4866 ut
572 4811 817 4876 doceret,
851 4813 1175 4867 subauditur
1205 4815 1367 4880 Deus,
1401 4815 1539 4871 ﬁlios

118 4909 315 4962 arcum,
347 4918 503 4973 reges
535 4904 789 4960 videlicet
831 4904 968 4959 Juda
1029 4906 1248 4961 doceret
1307 4907 1703 4978 fortitudinem,

125 4991 320 5047 scilicet
357 5005 417 5050 ut
441 4996 610 5052 fortes
640 5000 900 5054 etintenti
925 5009 1108 5055 es~ent
1135 5002 1185 5055 in
1219 5003 1415 5058 timore
1465 5003 1701 5073 Domini,

126 5090 175 5135 ct
194 5084 243 5140 in
271 5094 549 5162 praeceptis
576 5092 694 5160 Dei,
721 5109 790 5149 ne
817 5110 911 5165 per
933 5095 1349 5153 inobedientiam
1385 5114 1538 5171 reges
1565 5101 1702 5158 Juda

129 5311 174 5332 L
194 5247 209 5276 ¹
248 5248 300 5332 _I_n
323 5255 570 5332 omnibus
601 5257 715 5313 fere
743 5257 1024 5314 codicibus
1038 5264 1422 5332 manuscriptis
1445 5263 1559 5319 haec
1573 5280 1704 5321 con-

125 5322 336 5399 iunctim
390 5326 660 5398 leguntur,
696 5339 752 5384 et
783 5333 926 5384 nulla
959 5341 1136 5386 exstat
1177 5322 1543 5399 Quaestionum
1599 5337 1704 5392 He-

132 5383 423 5469 braicarum
442 5383 663 5455 “divisio
707 5403 757 5454 in
805 5409 1037 5469 primum
1080 5417 1133 5458 et
1174 5383 1472 5460 secundum
1509 5407 1704 5462 librum

133 5450 322 5528 lii-gum
354 5485 364 5518 :
395 5450 630 5528 attamen
664 5450 912 5528 unus'est
952 5474 1296 5530 Colbertiuus
1338 5493 1488 5532 num.
1538 5479 1701 5546 2852,

204 5597 226 5677 ξ
262 5591 404 5677 lianc
436 5617 584 5677 meus
613 5619 711 5659 ms.
745 5605 1152 5675 inscriptionem
1174 5609 1410 5677 supplet.

141 5657 1112 5752 .__ivefltsﬂieroninttts:ivliiisniatn
1144 5657 1416 5748 capirxuv
1447 5681 1618 5752 initio,
1646 5695 1700 5740 et,

143 5729 192 5781 in
217 5729 472 5796 Ezechiel.
499 5729 616 5817 cap.
647 5729 1406 5820 inn,adsensioni,‘qiiéﬁi'

1809 3720 1951 3771 rttm,
1981 3707 2119 3761 liber
2149 3707 2175 3744 λι
2209 3709 2478 3766 Samuelis
2499 3724 2602 3779 est,
2634 3714 2722 3770 ubi
2748 3718 3098 3772 continentur
3127 3719 3416 3792 Propheta:

1806 3797 1960 3866 justi,
1988 3800 2207 3856 Samuel
2260 3802 2530 3869 videlicet,
2582 3806 2696 3862 Gad
2724 3817 2778 3862 et
2799 3807 3012 3864 Mathan
3041 3828 3054 3865 :
3086 3812 3137 3866 in
3178 3830 3415 3883 quorum

1810 3891 1950 3946 libro
2007 3895 2268 3962 scriptum
2322 3911 2442 3952 esse
2469 3899 2802 3970 perhibetur,
2843 3902 3076 3972 qualiter
3106 3904 3234 3960 Saul
3267 3923 3419 3966 rece-

1809 3987 1945 4045 dens
1974 4005 2002 4043 a
2025 3992 2219 4047 timore
2247 3993 2480 4057 Domini,
2500 3997 3028 4065 perinobedientiam
3056 4017 3209 4057 suam
3228 4007 3410 4071 periit.

1885 4083 1903 4154 (
1937 4083 2089 4138 Vers.
2122 4085 2211 4143 19.
2241 4086 2259 4157 )
2291 4086 2488 4160 Inclytt'
2511 4091 2585 4144 tui
2607 4091 2776 4146 Israel
2805 4110 2962 4164 super
2982 4106 3178 4151 montes
3202 4101 3418 4156 tuosiu-

1809 4177 2006 4246 terfecti
2025 4188 2165 4232 sunt.
2198 4179 2268 4246 λιιι
2303 4181 2533 4238 Hebraeo
2568 4184 2818 4252 habetur,
2851 4204 3008 4259 super
3063 4191 3268 4246 excelsa
3300 4203 3412 4250 tua.

1813 4268 1879 4323 Et
1906 4279 1990 4324 est
2021 4286 2214 4328 sensus
2241 4292 2253 4326 :
2288 4275 2332 4330 0
2355 4275 2506 4343 Saul,
2556 4277 2784 4348 gloriosi
2811 4280 2980 4337 Israel
3014 4299 3181 4354 super
3200 4289 3419 4347 excelsa

1810 4375 1901 4421 tua
1930 4367 2198 4424 interiecti
2227 4382 2374 4435 sunt,
2407 4374 2531 4442 quia
2563 4375 2615 4429 in
2641 4387 2864 4445 peccato
2891 4379 3282 4439 inobedientia:
3305 4392 3417 4440 tute

1811 4475 1913 4513 una
1947 4469 2125 4516 tecum
2159 4463 2459 4532 perierunt.
2513 4465 2886 4524 lnobedientia
2934 4487 3170 4544 namque
3197 4485 3288 4530 tua
3318 4493 3417 4547 pro

1810 4551 1990 4612 idolis.
2019 4553 2069 4606 id
2092 4562 2194 4620 est,
2238 4554 2472 4610 excelsis
2501 4567 2748 4628 reputata
2769 4571 2874 4629 est,
2905 4565 3048 4620 sicut
3077 4576 3164 4622 est
3195 4567 3328 4624 illud
3362 4572 3415 4626 iu

1809 4645 1948 4700 libro
1977 4646 2243 4702 Samuelis
2277 4666 2290 4700 :
2327 4647 2518 4704 Melior
2544 4664 2616 4708 est
2645 4657 2779 4710 enim
2807 4659 3124 4723 obedientia.
3155 4679 3311 4733 quam
3339 4667 3417 4720 ri»

1807 4740 1975 4792 ctimte
2002 4756 2020 4792 :
2042 4749 2089 4794 et
2117 4742 2416 4798 auscultare
2437 4748 2623 4817 magis,
2655 4766 2806 4819 quam
2831 4751 3018 4816 offerre
3042 4755 3250 4821 adipem
3274 4759 3415 4814 arie-

1564 4817 1700 4872 Jllda
1731 4827 1785 4888 D
1810 4837 1916 4883 tum
1945 4847 1962 4885 :
1992 4833 2237 4902 quoniam
2270 4838 2418 4902 quasi
2450 4817 2722 4903 peccatum
2738 4843 3039 4898 hariolandi
3065 4817 3421 4921 estrepugna-

1813 4936 1888 4986 re,
1915 4933 1962 4977 et
1991 4927 2138 4994 quasi
2167 4925 2336 4981 scelus
2367 4927 2680 4985 idololatria:
2702 4931 2844 4986 nolle
2869 4937 3196 5006 acquiescere
3217 4941 3260 5010 (Ι
3283 4939 3416 5014 Reg.

1812 5031 1901 5082 xv,
1934 5015 2026 5082 22,
2053 5018 2169 5090 ‘25).

1866 5107 2046 5179 (Vers.
2068 5111 2188 5184 ει.)
2210 5113 2365 5169 Filiae
2386 5113 2557 5172 Israel
2576 5134 2729 5191 super
2751 5120 2883 5177 Saul
2903 5125 3043 5193 flete,
3067 5128 3160 5198 qui
3178 5131 3420 5188 vestiebat

1811 5270 1904 5339 qui
1947 5271 2050 5327 bac
2104 5273 2376 5330 divisione
2420 5277 2590 5334 utitur
2632 5289 2754 5348 post
2808 5297 2995 5338 vocem
3044 5289 3418 5358 perimeretur,

1818 5356 2072 5398 EIPLICIT
2103 5361 2171 5399 DE
2202 5362 2358 5402 LIBRO
2389 5364 2590 5405 REGI)".
2642 5364 2777 5408 ITEK
2804 5356 3107 5412 JEBONYHUS
3150 5374 3216 5412 DE
3265 5376 3418 5417 ΜΒΚο

1817 5427 2058 5491 secuuuo
2086 5432 2264 5491 assunt
2293 5433 2593 5477 curruum
2625 5439 2662 5477 ι.
2695 5429 2825 5491 Quae
2850 5429 3032 5482 otnuia
3054 5429 3294 5486 miniatts
3325 5433 3418 5486 lit-

1816 5489 1945 5541 teris
1966 5487 2237 5559 descripta
2265 5501 2414 5545 sunt.

1822 5619 2009 5701 pellat,
2044 5636 2151 5677 non
2183 5623 2418 5701 Samueli
2443 5627 2654 5697 tribuit,
2696 5629 2789 5684 sed
2833 5630 3010 5701 ipsum
3051 5633 3328 5696 Geneseos
3357 5641 3422 5699 li-

1810 5687 1970 5771 brum
1998 5687 2130 5750 esse
2155 5705 2328 5764 putat,
2364 5698 2604 5767 ipsorum
2643 5687 2869 5758 secutus
2916 5687 3419 5771 Hebrezvoritu't's-en—

1805 5764 2049 5819 tentiam.
