4006 6298
569 260 703 320 1581

567 488 687 529 rum
716 472 1098 537 bumanormn,
1135 473 1333 542 quibus
1357 490 1454 543 pro
1480 474 1718 543 peccatis
1745 475 1857 529 suis
1879 491 1907 527 a
1941 473 2168 527 Domino

569 566 766 620 merito
796 563 1042 618 homines
1066 564 1443 635 flagellantur.

641 654 824 726 (Vers.
864 655 977 725 19.)
1002 653 1115 710 Ista
1160 668 1233 710 est
1262 657 1397 711 enim
1435 658 1517 712 lea:
1538 659 1729 725 Adam,
1756 657 1977 712 Domine
2006 658 2166 711 Deus.

568 748 681 803 Iloc
710 758 832 813 est,
869 749 954 803 lex
996 748 1236 804 hominis
1260 761 1375 817 est,
1415 752 1642 807 Domine
1671 752 1818 807 Deus
1840 794 1853 817 ,
1902 762 1960 805 ut
1993 752 2086 806 tibi
2119 752 2168 805 in

570 844 924 914 simplicitate
950 844 1136 900 cordis
1163 855 1219 899 et
1254 845 1493 914 puritate
1523 847 1751 900 serviat.

644 940 825 1011 (Vers.
873 940 992 1010 ‘21.)
1039 940 1105 993 Et
1153 948 1206 991 tn
1260 942 1418 1010 facies
1467 941 1515 993 ei
1560 942 1718 1012 juxta
1763 937 2173 992 misericordiam

571 1044 737 1098 tuam,
769 1034 903 1087 sicut
924 1034 1051 1086 mihi
1076 1032 1325 1102 dignatus
1363 1048 1413 1085 es
1438 1037 1607 1102 facere
1652 1048 1796 1085 servo
1828 1042 1916 1083 tuo
1964 1042 2175 1099 propter

571 1127 778 1183 verbum
804 1137 947 1181 tuum
966 1143 985 1181 :
1011 1136 1057 1179 et
1079 1127 1366 1180 secundum
1393 1143 1481 1180 cor
1504 1136 1648 1179 tuum
1680 1126 1849 1196 fecisti
1872 1128 2043 1178 omnia
2067 1140 2176 1176 ma-

569 1221 746 1292 gualia
769 1219 881 1274 lucc
907 1235 924 1273 :
950 1228 1171 1289 propter
1200 1221 1426 1275 verbum
1460 1229 1641 1285 tuum,
1674 1218 1821 1287 quod
1864 1215 2170 1287 promisisti

576 1313 888 1375 Abraham,
926 1313 1075 1367 Isaac
1121 1322 1179 1368 et
1218 1312 1428 1378 Iacob,
1456 1311 1632 1366 fecisti
1665 1312 1845 1365 omnia
1892 1310 2009 1363 lucc
2041 1308 2175 1361 mibi

572 1422 735 1462 servo
760 1418 870 1461 tuo.
906 1405 1057 1472 Quod
1093 1405 1258 1471 dicit,
1288 1406 1572 1459 secundum
1610 1420 1698 1457 cor
1722 1414 1888 1467 tuum,
1918 1400 2177 1470 intelligi-

574 1509 664 1556 tur
693 1498 993 1554 secundum
1028 1499 1467 1553 misericordiam
1505 1508 1673 1551 tuam.

646 1593 830 1661 (Vers.
864 1590 983 1662 92.)
1020 1591 1155 1658 Quia
1185 1608 1288 1644 non
1311 1601 1385 1643 est
1407 1590 1593 1643 similis
1616 1591 1710 1642 tui.
1742 1587 1925 1656 Neque
1947 1585 2083 1639 enim
2104 1592 2177 1637 est

576 1686 719 1743 Deus
742 1697 887 1743 extra
912 1697 959 1741 te
982 1687 1036 1739 in
1069 1686 1302 1738 omnibus
1324 1702 1441 1755 qute
1479 1684 1776 1735 audivimus
1820 1680 2031 1734 auribus
2061 1694 2178 1730 nos-

1373 260 1466 321 AD
1501 260 1748 324 TOMUM
1783 260 1852 322 IIl
1888 257 2174 322 OPERUM
2211 260 2271 321 S.
2312 258 2693 322 IIIERONYMI
2731 261 3099 324 APPENDIX.

564 393 699 433 vero
730 376 965 434 filiorum
1005 376 1281 433 hominum
1308 389 1435 433 sunt
1466 380 1945 435 incommoditates
1967 394 2166 449 corpo-
2194 382 2241 440 Α

3748 260 3890 323 ηεξ

2345 379 2499 449 (Cap.
2540 379 2628 434 IX.
2660 411 2733 424 —
2764 380 2921 436 Vers.
2957 382 3073 451 11.)
3108 379 3356 454 Dixitque
3390 380 3520 437 Siba
3559 382 3633 435 ad
3668 398 3891 456 regem:

2277 474 2424 527 Sicut
2463 475 2691 543 jussisti,
2726 473 2945 527 Domine
2971 476 3043 528 mi
3095 493 3203 539 rex,
3239 494 3385 531 servo
3432 488 3545 541 tuo,
3594 478 3672 530 sic
3723 476 3889 545 faciet

2274 582 2448 621 servus
2502 579 2643 635 tuus,
2675 578 2725 621 et
2770 569 3122 638 Mipltiboseth
3172 572 3400 625 comedet
3450 588 3609 643 super
3650 587 3891 624 mensam

2277 670 2439 712 tuam.
2488 660 2797 715 Notandum
2848 661 2993 731 quod
3052 663 3104 717 in
3163 662 3395 718 Hebraeo
3448 679 3606 727 super
3648 676 3893 715 mensam

2277 769 2442 805 meam
2466 754 2680 822 legatur
2705 772 2718 807 :
2756 755 2883 821 quia
2909 756 2960 809 in
2989 754 3089 809 boc
3118 756 3237 810 loco
3266 757 3515 812 delectus
3545 766 3663 823 est,
3694 765 3755 811 et
3791 771 3890 810 ne-

2275 847 2515 902 cessaria
2561 847 2887 902 subauditio.
2923 848 3149 915 Quando
3180 849 3324 904 enim
3376 850 3516 904 dixit
3548 849 3717 905 Siba:
3754 850 3893 903 sicut

2268 941 2495 1013 jussisti,
2533 940 2751 994 Domine
2800 942 2867 993 mi
2916 958 3025 1007 rex,
3057 959 3202 997 servo
3243 952 3353 1009 tuo,
3384 944 3459 998 sic
3508 944 3669 1015 facit
3712 958 3894 996 servus

2280 1045 2431 1089 tuus:
2463 1036 2899 1091 subaudiendum
2934 1048 3019 1092 est
3070 1038 3235 1091 David
3267 1038 3507 1103 dixisse,
3542 1051 3588 1092 et
3622 1036 3899 1109 Miphibo.

2278 1134 2389 1185 seth
2419 1130 2647 1184 comedet
2677 1148 2831 1199 super
2876 1149 3105 1187 mensam
3137 1149 3322 1200 meam,
3360 1132 3517 1203 quasi
3549 1147 3697 1186 unus
3717 1131 3794 1186 de
3831 1130 3896 1185 ii-

2281 1224 2369 1279 liis
2400 1225 2561 1294 regis.

2353 1317 2519 1387 (Cap.
2550 1317 2619 1372 Χ.
2648 1348 2719 1359 --
2741 1318 2898 1373 Vers.
2948 1319 3005 1373 ‘2.
3036 1319 3055 1388 )
3124 1318 3369 1389 Dixitque
3424 1318 3595 1372 David
3617 1336 3635 1373 :
3663 1316 3897 1372 Faciam

2281 1410 2696 1463 misericordiam
2738 1429 2852 1464 cum
2907 1411 3053 1465 Anon
3092 1412 3204 1480 ﬁlio
3230 1412 3399 1475 Naas,
3424 1413 3561 1466 sicut
3599 1413 3720 1482 fecit
3743 1422 3897 1483 pater

2282 1503 2392 1572 ejus
2422 1517 2617 1554 mecum
2642 1502 3074 1557 misericordiam.
3120 1503 3350 1571 Quando
3380 1505 3515 1573 fugit
3548 1504 3714 1559 David
3744 1520 3778 1557 a
3816 1504 3896 1558 fa-

2281 1594 2362 1647 cie
2388 1594 2551 1647 Acbis
2583 1594 2728 1663 regis
2758 1595 2897 1650 Getb
2919 1640 2932 1661 ,
2962 1598 3109 1651 venit
3132 1598 3198 1649 ad
3232 1596 3374 1651 Naas
3403 1614 3588 1668 regem
3621 1601 3893 1657 Ammon,

2282 1686 2369 1753 qui
2405 1684 2532 1740 fecit
2576 1703 2698 1741 cum
2745 1704 2811 1741 eo
2858 1690 3325 1756 miscricordiam,
3357 1692 3527 1745 multa
3562 1692 3897 1760 impertiens

577 1783 690 1835 tris.
727 1780 841 1834 Non
871 1788 992 1845 est,
1022 1778 1228 1847 inquit,
1262 1778 1401 1831 Deus
1444 1778 1645 1831 similis
1700 1774 1779 1829 tui
1829 1773 1922 1843 qui
1980 1771 2176 1827 fecerit

2292 1779 2327 1832 3i
2360 1778 2523 1831 bona.
2553 1779 2627 1832 De
2674 1779 2820 1835 Naas
2853 1782 3037 1852 itaque
3068 1783 3217 1837 venit
3271 1786 3320 1839 in
3356 1787 3673 1853 speluncam
3718 1785 3900 1841 Odol-

578 1876 846 1945 tnagnalia
879 1874 995 1929 haec
1024 1889 1142 1944 qua:
1172 1872 1483 1927 audivimus
1512 1872 1739 1926 auribus
1770 1870 1992 1923 nostris.

649 1969 829 2039 (Vera.
858 1966 978 2037 ‘25.)
1012 1969 1053 2020 A
1087 1969 1224 2037 facie
1248 1966 1427 2038 papuli
1474 1967 1571 2025 tui,
1596 1980 1742 2031 quem
1796 1960 2062 2016 redemisti
2112 1976 2175 2011 ex

579 2061 835 2135 Egypto,
862 2070 1063 2131 gentem
1081 2072 1128 2115 et
1160 2058 1327 2112 Deum
1358 2062 1493 2131 ejus.
1531 2058 1793 2112 IIebra-us
1821 2054 2015 2117 habet,
2048 2068 2174 2123 gen-

578 2158 712 2211 tibus
743 2166 791 2211 et
825 2157 927 2209 diis
956 2172 1155 2209 earum.
1195 2154 1262 2208 Et
1308 2166 1393 2209 est
1442 2167 1674 2207 sensus:
1706 2153 1751 2204 Α
1807 2149 1943 2203 facie
1995 2145 2176 2216 p0puli

572 2251 681 2315 ttti,
721 2265 883 2319 quem
930 2248 1209 2303 redemisti
1240 2263 1302 2301 ex
1337 2244 1598 2316 IEgypto,
1630 2244 1698 2297 de
1748 2257 1909 2295 manu
1956 2240 2172 2294 scilicet

576 2342 985 2413 Egyptiorum,
1018 2354 1157 2409 quos
1181 2340 1231 2393 in
1260 2339 1393 2393 mari
1430 2338 1613 2391 llubro
1636 2334 1948 2406 peremisti,
1984 2342 2041 2387 et
2072 2330 2176 2385 diis

576 2452 799 2500 eorum,
829 2436 880 2489 in
914 2436 1113 2503 quibus
1136 2432 1339 2502 judicia
1371 2432 1577 2485 fecisti.

652 2531 839 2606 (Vers.
872 2529 989 2602 27.)
1048 2529 1183 2597 Quia
1237 2538 1291 2581 tu
1340 2526 1562 2581 Domine
1628 2526 1985 2588 exercituum,
2042 2520 2178 2576 Deus

580 2624 769 2687 Israel,
802 2624 1041 2678 revelasti
1070 2638 1249 2675 aurem
1270 2622 1402 2675 servi
1428 2620 1526 2683 tui,
1560 2619 1735 2671 dicens
1762 2633 1778 2670 :
1806 2618 2026 2669 Domum
2046 2614 2177 2668 tedi-

580 2725 746 2794 [icabo
770 2722 880 2789 tibi,
913 2731 1121 2793 propter
1143 2721 1240 2774 hoc
1270 2721 1461 2775 invenit
1502 2735 1678 2773 servus
1716 2729 1835 2772 tuus
1876 2734 1963 2770 cor
2000 2732 2176 2780 suum,

578 2826 633 2870 ut
665 2825 831 2870 oraret
864 2824 911 2867 te
950 2815 1186 2867 oratione
1210 2813 1327 2867 hac.
1375 2815 1576 2867 Aurem
1608 2810 1726 2881 ejus
1778 2810 2040 2864 Dominus
2083 2822 2177 2876 per

579 2907 909 2977 Pr0pbetam
934 2907 1301 2971 revelaverat,
1323 2919 1382 2959 se
1412 2903 1488 2958 illi
1512 2903 1732 2957 domum
1757 2899 2173 2954 :edificaturum.

578 2996 787 3052 Idcirco
821 2997 984 3051 David
1038 2996 1314 3052 invenisse
1345 3011 1405 3050 se
1448 2996 1586 3051 dicit
1615 3010 1711 3049 cor
1742 3008 1931 3054 suum,
1965 2991 2017 3045 id
2056 2998 2176 3056 est,

581 3090 792 3145 inveuit
825 3089 1109 3144 audaciam
1143 3091 1197 3144 in
1224 3089 1394 3144 corde
1439 3104 1560 3155 suo,
1586 3096 1645 3143 ut
1666 3093 1855 3142 oraret
1880 3100 2004 3139 eum
2049 3098 2178 3139 ora-

584 3183 735 3237 tione
766 3181 887 3235 bac.

656 3273 811 3343 (Cap.
847 3272 981 3327 VIII.
1012 3302 1083 3313 —
1116 3272 1270 3327 Vers.
1317 3274 1434 3343 15.)
1478 3271 1704 3327 Factum
1731 3280 1806 3325 est
1852 3278 2024 3325 autem
2065 3278 2177 3339 post

584 3368 714 3431 hinc,
742 3366 992 3434 percussit
1026 3364 1195 3419 David
1242 3365 1547 3426 Philistiim.
1574 3376 1619 3419 et
1658 3363 1949 3418 humiliavit
1980 3379 2101 3417 eos:
2131 3371 2177 3417 et

585 3461 704 3515 tulit
731 3458 899 3513 David
916 3463 1119 3529 [renum
1143 3458 1322 3513 tributi
1342 3459 1406 3512 de
1423 3474 1577 3511 manu
1600 3458 1907 3511 Philistiim.
1936 3457 2175 3512 Frenum

586 3552 803 3616 tributi,
838 3553 1077 3622 quinque
1105 3562 1265 3607 erant
1291 3550 1545 3606 civitates
1578 3549 1994 3603 Philistinorum
2017 3590 2030 3611 ,
2058 3566 2178 3619 qua!

587 3645 904 3716 frequenter
925 3644 1089 3701 Israel
1120 3645 1223 3700 sibi
1255 3645 1606 3699 tributariam
1638 3642 2084 3711 faciebant,quas
2112 3643 2179 3697 ab

586 3739 668 3795 eis
696 3739 818 3793 tulit
844 3739 1043 3803 David,
1073 3748 1129 3793 et
1164 3734 1465 3792 bumiliavit
1492 3750 1623 3798 eos,
1657 3736 1891 3805 iecitque
1933 3734 2036 3790 sibi
2080 3735 2181 3789 tri—

588 3833 851 3888 butarios.
884 3830 1038 3886 Unde
1088 3839 1144 3885 et
1193 3831 1247 3884 in
1280 3828 1736 3898 Paralipomenon
1781 3826 2019 3898 legitur:
2050 3824 2181 3880 Per-

588 3924 745 3977 cussit
774 3921 941 3976 David
967 3920 1260 3975 Philistiim
1283 3932 1328 3975 et
1348 3920 1641 3975 humiliavit
1682 3936 1790 3987 eos,
1816 3928 1864 3974 et
1901 3918 2023 3974 tulit
2050 3918 2179 3974 Geth

586 4027 635 4071 et
667 4018 804 4085 ﬁlias
832 4019 946 4090 ejus
971 4017 1036 4069 de
1061 4032 1218 4070 manu
1242 4031 1417 4068 eorum
1445 4014 1490 4088 (Ι
1514 4014 1644 4070 Par.
1671 4031 1725 4082 ι,
1764 4013 1839 4085 1).

659 4110 844 4183 (Vers;
876 4108 991 4180 19.)
1017 4108 1266 4181 Fecitque
1288 4107 1457 4163 David
1488 4109 1583 4163 sibi
1612 4124 1793 4163 nomen
1828 4124 1943 4162 cum
1964 4116 2182 4161 reverte-

592 4217 753 4272 retur,
782 4214 932 4277 capta
963 4203 1143 4275 Syria.
1179 4202 1403 4259 Fecisse
1436 4201 1544 4257 sibi
1576 4216 1774 4257 nomen
1805 4201 2026 4268 dicitur,
2056 4202 2179 4271 quia

588 4301 644 4355 in
677 4300 821 4355 valle
843 4298 1187 4363 Salinarum,
1218 4298 1376 4352 cmsis
1412 4296 1602 4352 decem
1645 4302 1702 4350 et
1728 4302 1852 4348 octo
1896 4294 2139 4348 millibus
2163 4334 2177 4355 ,

588 4392 766 4448 erexit
805 4391 909 4446 sibi
959 4390 1226 4445 fornicem
1258 4388 1671 4459 triumphalem.
1699 4386 1852 4441 Fecit
1889 4386 2050 4441 etiam
2078 4385 2179 4439 sibi

590 4500 823 4549 nomen,
849 4483 973 4551 quia
1015 4485 1162 4538 victa
1205 4482 1363 4554 Syria
1398 4480 1676 4547 Damasci,
1704 4490 1758 4535 et
1788 4479 1943 4550 Syria
1992 4478 2134 4534 Soba
2162 4521 2175 4545 ,

2280 1871 2415 1933 lam,
2470 1872 2558 1925 ubi
2612 1885 2882 1929 venerunt
2932 1876 2999 1929 ad
3046 1893 3169 1931 cum
3202 1889 3354 1947 pater
3384 1880 3505 1946 ejus
3531 1890 3589 1934 et
3614 1892 3801 1934 mater
3839 1889 3897 1934 et

2280 1966 2459 2018 omnis
2481 1965 2675 2020 domus
2718 1968 2854 2035 ejus.
2891 1967 3021 2024 lude
3050 1972 3199 2024 venit
3244 1972 3309 2025 ad
3363 1972 3546 2039 Moab,
3580 1982 3635 2027 et
3678 1972 3894 2025 dimisit

2278 2056 2420 2127 apud
2468 2074 2591 2111 eum
2626 2068 2833 2126 patrem
2876 2069 2933 2115 et
2986 2071 3251 2128 matrem,
3298 2072 3354 2119 et
3398 2078 3617 2118 omnem
3659 2063 3896 2118 domum

2279 2163 2456 2203 suam.
2491 2149 2644 2216 Quod
2670 2166 2804 2205 vero
2834 2152 2969 2205 dixit
3002 2154 3167 2207 Acbis
3212 2170 3306 2209 rex
3352 2154 3494 2209 ϐιιιιι
3520 2174 3530 2207 :
3559 2154 3783 2209 Hiccine
3810 2159 3897 2209 in-

2281 2243 2542 2312 gredietur
2578 2243 2787 2297 domum
2826 2246 3033 2298 meam?
3061 2247 3198 2299 Abiit
3230 2248 3351 2300 inde
3392 2245 3563 2300 David
3592 2259 3639 2301 et
3661 2246 3805 2319 fugit
3846 2248 3900 2301 in

2284 2337 2582 2404 speluncam
2624 2336 2895 2393 Odollam.
2921 2338 3071 2393 Abiit
3103 2339 3230 2393 inde
3248 2382 3261 2400 .
3288 2340 3727 2395 subaudiendum
3758 2350 3856 2395 est
3883 2382 3896 2405 ,

2282 2427 2351 2483 de
2372 2428 2539 2483 domo
2571 2428 2713 2484 Naas
2734 2473 2749 2497 ,
2781 2439 2835 2484 et
2883 2431 3009 2485 inde
3042 2432 3251 2502 fugisse
3279 2432 3432 2487 illum
3479 2436 3531 2488 in
3561 2435 3898 2503 Speluncam

2282 2518 2553 2577 Odollam.
2588 2522 2643 2579 Si
2666 2538 2793 2578 vero
2842 2524 3128 2593 quaeritur,
3153 2541 3253 2580 cur
3282 2526 3348 2580 ad
3378 2543 3504 2581 eum
3530 2571 3542 2590 ,
3576 2529 3627 2581 id
3666 2539 3786 2592 est,
3827 2530 3895 2581 ad

2282 2612 2449 2666 Achis
2500 2614 2670 2669 David
2721 2616 2983 2679 redierit,
3037 2627 3165 2672 ante
3198 2618 3350 2687 cujus
3399 2619 3594 2674 faciem
3630 2621 3898 2689 fugerat:

2282 2704 2669 2775 intelligendus
2701 2718 2777 2761 est
2814 2710 2917 2763 iste
2949 2708 3113 2763 Acliis
3136 2709 3280 2763 filius
3309 2711 3475 2766 luisse
3510 2711 3661 2765 illius
3692 2711 3894 2776 Achis,

2283 2814 2308 2851 τι
2341 2816 2447 2868 quo
2471 2798 2605 2869 fugit
2645 2801 2834 2855 David.
2862 2801 3013 2857 Unde
3046 2811 3105 2857 et
3137 2803 3189 2857 in
3222 2802 3691 2873 subsequentibus
3721 2803 3901 2859 Acltis

2284 2907 2407 2947 cum
2439 2908 2546 2960 quo
2573 2893 2741 2947 David
2771 2894 2821 2947 in
2851 2895 3095 2963 prndium
3122 2905 3310 2950 contra
3344 2896 3472 2951 Saul
3494 2896 3899 2961 descendebat,

2285 2986 2429 3040 filius
2476 2986 2683 3041 dicitur
2724 2986 2888 3043 fuisse
2934 2987 3148 3042 Maocb.
3182 2987 3300 3043 Non
3353 2990 3501 3045 enim
3536 3006 3564 3042 a
3596 3000 3756 3060 patre
3788 2991 3901 3045 hoc

2286 3093 2484 3135 nomen
2530 3081 3004 3152 patronymicum,
3038 3083 3133 3137 sed
3175 3098 3202 3135 a
3252 3092 3426 3137 matre
3458 3084 3723 3152 sumpsit,
3767 3099 3899 3154 qua:

2208 3168 2511 3232 CMaacba
2573 3174 2891 3229 vocabatur.
2953 3174 3021 3228 Et
3073 3174 3282 3229 idcirco
3358 3189 3519 3229 nona
3582 3187 3736 3244 patre
3790 3186 3900 3230 uoc

2283 3266 2523 3337 sumpsit
2546 3282 2741 3322 nomen
2766 3309 2780 3332 ,
2806 3282 2873 3322 eo
2894 3267 3038 3337 quod
3075 3267 3244 3321 David
3275 3283 3304 3321 a
3333 3283 3394 3323 se
3424 3269 3717 3334 abiecerit.

2354 3362 2546 3431 (Vers.
2574 3362 2700 3433 10.)
2730 3361 3007 3434 Reliquum
3034 3371 3206 3417 autem
3229 3374 3427 3433 partem
3458 3364 3643 3435 populi
3676 3364 3899 3418 tradidit

2285 3457 2461 3511 Abisai
2490 3458 2642 3527 fratri
2665 3473 2779 3510 suo.
2814 3456 3121 3511 Notandum
3156 3457 3297 3525 quod
3329 3456 3680 3512 solummodo
3708 3458 3761 3511 in
3795 3457 3895 3512 hoc

2283 3551 2402 3605 loco
2436 3552 2488 3604 in
2520 3551 2755 3606 llebrzeo
2790 3552 2999 3622 legatur
3045 3552 3221 3616 Abisa,
3271 3552 3323 3604 in
3352 3552 3567 3605 ca’teris
3597 3567 3729 3605 vero
3761 3552 3896 3607 locis

2284 3643 2477 3697 Abisai.
2503 3643 2667 3698 Aliisa
2697 3644 2879 3713 itaque
2910 3645 3321 3714 interpretatur,
3349 3654 3497 3713 pater
3524 3644 3775 3713 sacriﬁcii
3799 3661 3817 3697 :
3842 3654 3895 3697 ct

2285 3736 2495 3799 Abisai,
2526 3745 2674 3807 pater
2703 3754 2843 3791 meus
2862 3738 3193 3807 sacriﬁcium.
3222 3736 3346 3791 Ideo
3375 3746 3558 3792 autem
3580 3753 3645 3793 ex
3675 3738 3895 3791 nomine

2284 3828 2432 3883 illius
2446 3844 2607 3883 unam
2632 3828 2865 3884 litteram
2893 3829 3167 3897 demptam
3193 3827 3404 3883 Ilebrzei
3422 3828 3638 3896 dicunt,
3657 3845 3724 3885 eo
3749 3827 3893 3901 quod

2288 3922 2438 3978 necis
2469 3922 2655 3978 Abner
2680 3922 2935 3977 conscius
2966 3922 3147 3977 fuerit.

2361 4019 2376 4081 ι’
2397 4016 2528 4086 Cap.
2561 4014 2634 4070 XI
2658 4045 2729 4056 —
2748 4015 2905 4070 Vers.
2938 4015 3025 4085 1.)
3055 4014 3271 4069 Factum
3299 4024 3531 4085 estergo,
3566 4016 3587 4045 ¹
3609 4024 3888 4069 reuertente

2288 4127 2444 4177 anno,
2479 4126 2537 4164 eo
2569 4120 2793 4180 tempore
2821 4126 2924 4181 quo
2950 4108 3114 4163 solent
3145 4125 3286 4179 reges
3318 4110 3385 4162 ad
3414 4107 3550 4163 bella
3577 4108 3890 4179 procedere:

2287 4205 2423 4259 misit
2453 4202 2623 4257 David
2646 4201 2780 4256 Joab
2810 4211 2859 4256 et
2883 4218 3055 4256 sertos
3082 4218 3203 4256 suos
3224 4218 3340 4255 cum
3378 4218 3457 4267 eo,
3489 4210 3543 4255 et
3570 4209 3799 4255 cmtera.
3834 4197 3889 4254 In

2287 4298 2518 4353 Hebrteo
2563 4297 2634 4351 ita
2669 4295 2903 4366 legitur:
2951 4295 3031 4349 Eo
3078 4305 3302 4367 tempore
3331 4312 3432 4368 quo
3457 4311 3593 4365 reges
3640 4296 3713 4347 ad
3756 4295 3892 4349 bella

2288 4400 2662 4461 processerant,
2696 4390 2833 4443 misit
2859 4390 3025 4443 David
3060 4390 3217 4455 loab,
3247 4400 3301 4445 et
3327 4397 3537 4445 caetera.
3583 4386 3699 4442 Hos
3730 4402 3890 4459 reges

2288 4481 2422 4536 dicit
2448 4482 2537 4552 qui
2572 4490 2958 4550 processerunt
2983 4491 3175 4535 contra
3200 4480 3367 4535 David
3400 4482 3449 4533 in
3481 4494 3742 4548 pugnam,
3778 4479 3890 4533 sci-

588 4580 835 4636 erexisse
856 4578 960 4632 sibi
994 4578 1194 4631 dicitur
1223 4576 1451 4631 alteram
1482 4576 1741 4630 fornicem
1772 4570 2178 4642 triumphalem.
2207 4564 2260 4623 D
2288 4573 2415 4628 licet
2453 4590 2634 4644 regem
2667 4572 2821 4627 Roob
2866 4582 2920 4627 et
2952 4573 3115 4636 IStob,
3146 4582 3201 4627 et
3242 4572 3382 4630 Soba
3428 4584 3483 4627 et
3514 4571 3750 4635 Maadia,
3799 4572 3890 4643 qui

588 4674 658 4729 Et
683 4671 730 4727 si
753 4686 916 4742 quem
948 4678 1139 4723 movet
1184 4668 1329 4738 quod
1359 4670 1410 4722 iu
1444 4668 1720 4738 plerisque
1749 4666 2061 4719 Latinorum
2090 4678 2184 4719 co-

584 4764 802 4822 dicibus
852 4761 1128 4819 invenitur
1156 4760 1332 4817 David
1362 4776 1468 4814 non
1501 4761 1672 4813 decem
1700 4768 1745 4811 et
1777 4768 1893 4811 octo
1928 4756 2094 4811 millia
2124 4756 2178 4810 in

586 4860 727 4915 valle
747 4858 1096 4925 Salinarum,
1127 4855 1224 4911 scd
1254 4854 1528 4909 duodecim
1557 4852 1724 4907 millia
1751 4851 2016 4907 cecidisse
2040 4868 2051 4903 :
2084 4866 2181 4905 no-

586 4957 727 5012 verit
770 4954 878 5010 hoc
910 4955 926 4984 ¹
960 4953 1090 5007 vitio
1114 4958 1141 4987 ι
1169 4952 1511 5022 Scriptorum
1551 4949 1604 5004 in
1647 4947 1855 5003 eisdem
1900 4945 2184 5000 codicibus

584 5047 818 5104 inditum
848 5061 991 5101 e~se.
1013 5044 1297 5101 Veraciter
1328 5054 1508 5098 tamen
1542 5040 1708 5095 David
1733 5042 1784 5093 in
1818 5039 2007 5103 eadem
2039 5038 2176 5093 valle

584 5139 891 5197 Salinarum
938 5138 1128 5193 decem
1178 5147 1234 5190 et
1258 5144 1383 5189 octo
1410 5134 1579 5189 millia
1607 5131 1829 5187 cecidit.
1862 5129 2000 5185 Joab
2048 5144 2176 5186 vero

587 5233 876 5289 duodecim
910 5230 1081 5284 millia
1115 5247 1129 5284 :
1160 5229 1300 5284 sicut
1332 5229 1386 5282 in
1415 5227 1575 5282 titulo
1619 5222 2059 5296 quinquagesimi
2086 5237 2178 5279 oc-

586 5327 694 5383 tavi
722 5323 917 5397 psalmi
941 5322 1220 5379 scribitur.

620 5465 676 5527 ﬁ'
720 5464 796 5517 De
828 5461 1076 5515 variante
1120 5457 1429 5529 hujusmodi
1459 5458 1694 5529 lcetione
1734 5454 2062 5529 diximusjn
2087 5470 2180 5511 no-

589 5526 659 5590 tis
689 5535 755 5590 ad
796 5526 1205 5587 Bibliotltecam'
1225 5531 1474 5585 Divinam
1507 5530 1564 5586 S.
1606 5527 1940 5597 Hieronymi.
1970 5526 2179 5582 Consu-

586 5606 665 5661 lat
687 5608 867 5662 locum
896 5604 988 5674 qui
1017 5601 1270 5658 voluerit.

670 5734 696 5761 ι
736 5722 1058 5790 Hujusmodi
1091 5722 1252 5783 vitio,
1288 5720 1431 5792 quod
1472 5718 1858 5792 remotissimae
1898 5716 2187 5792 antiquita-

603 5793 674 5846 tis
703 5789 962 5847 indicium
999 5804 1080 5849 est
1104 5836 1117 5857 ,
1146 5789 1322 5850 codei
1363 5808 1580 5863 quoque
1609 5789 1948 5847 Veronensis
1975 5798 2180 5861 peccat.

2286 4666 2472 4737 utique
2504 4682 2657 4738 reges
2704 4667 2878 4738 Syria:
2917 4666 3156 4733 fuerunt,
3205 4676 3261 4721 et
3304 4681 3549 4736 pugnare
3595 4667 3893 4721 voluerunt

2285 4760 2540 4815 conducti
2580 4761 2830 4814 mercede
2860 4774 2886 4811 a
2919 4773 3049 4829 rege
3090 4758 3249 4813 Moab
3276 4768 3463 4814 contra
3500 4757 3692 4823 David,
3723 4772 3754 4813 a
3781 4773 3889 4829 quo

2286 4853 2603 4923 triumphati
2631 4868 2754 4909 esse
2786 4854 3061 4921 leguntur.

2356 4946 2375 5020 (
2392 4947 2545 5002 Vcrs.
2577 4947 2669 5014 5.)
2698 4945 2762 4998 Et
2790 4946 2919 5000 dixit
2953 4944 3118 4998 David
3146 4962 3162 4999 :
3207 4944 3397 4999 Nonne
3425 4945 3525 4999 ista
3563 4956 3639 4999 est
3669 4942 3894 4998 Betltsa-

2283 5039 2370 5094 bee
2394 5039 2508 5110 ﬁlia
2546 5038 2739 5106 Etiam,
2770 5052 2903 5092 uxor
2946 5034 3089 5091 Uria:
3120 5035 3356 5091 Ethcei?
3381 5036 3560 5092 Eliam
3605 5034 3751 5092 (ilius
3794 5037 3895 5092 fuit

2284 5130 2635 5199 Acbitopliel.

2354 5224 2549 5297 (Vers.
2587 5223 2718 5296 15.)
2749 5222 2814 5277 Ει
2842 5225 3041 5277 vocavit
3073 5223 3252 5279 Uriam
3288 5220 3477 5287 David,
3510 5231 3567 5275 ut
3603 5222 3893 5277 comedere:

2287 5334 2463 5373 coram
2492 5333 2563 5383 se,
2614 5325 2661 5370 et
2704 5316 2916 5383 biberet,
2958 5324 3005 5370 et
3048 5315 3316 5369 inebriavit
3344 5330 3483 5369 eum.
3520 5312 3740 5369 Idcirco
3778 5313 3897 5369 inc-

2360 5456 2379 5477 “
2418 5455 2514 5509 Ms.
2544 5454 2799 5509 Ambros.
2844 5460 3105 5507 vertente:
3132 5461 3187 5507 et
3232 5452 3396 5522 paulo
3428 5461 3551 5523 post
3590 5454 3710 5508 sive
3737 5461 3894 5509 sexto

2285 5528 2489 5651 :bblioc
2516 5541 2677 5581 versu
2727 5523 2870 5578 Istob
2894 5536 2947 5580 et
2980 5523 3206 5577 Maacha
3257 5524 3631 5595 prmtermisso
3665 5526 3894 5581 nomine

2287 5616 2359 5651 ιο
2397 5615 2448 5651 a.

2287 5615 2448 5655 δουα.

2296 5718 2470 5773 Porro
2516 5730 2616 5786 pro
2653 5714 2876 5768 inditum
2917 5714 3064 5786 legas
3104 5713 3365 5786 inolitum,
3393 5714 3444 5769 id
3479 5715 3623 5783 quod
3660 5714 3784 5771 licet
3815 5728 3885 5772 ex

2291 5784 2806 5857 Rabano'arguere,
2838 5785 2927 5855 qni
2960 5784 3224 5839 mendose
3254 5785 3421 5841 habet
3441 5786 3704 5842 molitum.
