4006 6306
113 287 244 348 1353

979 282 1436 355 QUESTIONES
1475 281 1873 342 IIEBRAICAE.
1915 283 1983 341 IN
2021 282 2152 342 LIB.
2199 283 2244 341 II
2280 283 2545 343 REGUM.

3253 287 3395 345 ιδδι

108 403 312 459 briasse
355 381 473 456 eum
515 398 736 466 dicitur,
789 407 849 455 ut
895 400 1091 456 saltem
1136 403 1323 458 ebrius
1372 403 1423 456 in
1475 402 1694 457 domum
1727 413 1770 470 Α
1800 414 2049 455 cessasse
2076 400 2274 455 dicitur
2296 403 2447 455 exire
2469 408 2589 470 post
2624 400 2878 456 Absilom
2909 421 2922 456 :
2950 399 3301 470 subauditur,
3338 414 3397 458 ut

107 508 252 548 suam
282 492 653 548 descenderet.

174 583 338 655 (Cap.
387 583 501 641 XII.
533 614 605 627 —
634 583 795 641 Vers.
852 586 978 658 M.)
1036 587 1396 642 Verumtamen
1441 589 1691 658 quoniam

106 677 446 749 blasphemare
477 678 643 748 fecisti
687 678 923 732 inimicos
967 678 1200 745 Domini,
1248 689 1459 750 propter
1487 680 1692 733 rei-bum

103 776 218 838 lior,
264 772 404 842 ﬁlius
432 772 520 842 qui
549 779 699 824 natus
737 781 812 825 est
842 773 956 837 tibi,
992 783 1154 826 morte
1199 760 1464 827 moriet'ur.
1502 772 1556 825 In
1589 772 1694 826 He-

102 865 246 922 bra'o
277 865 352 919 ita
378 868 572 936 legitur
595 881 608 917 :
656 864 1012 920 Verumtamen
1032 867 1270 936 quoniam
1294 866 1696 932 blasphemando

104 958 466 1027 blaspliemasti
511 959 746 1012 inimicos
794 957 1027 1024 Domini,
1095 974 1301 1032 propter
1347 958 1552 1014 t'erbum
1600 957 1696 1012 hoc

101 1055 250 1108 etiam
276 1061 322 1105 et
354 1051 490 1122 ﬁlius
514 1052 601 1121 qui
623 1061 774 1105 natus
793 1061 871 1107 est
900 1052 1012 1120 tibi,
1041 1063 1202 1107 morte
1229 1053 1494 1108 morietur.
1537 1050 1696 1120 Quod

99 1161 194 1217 per
211 1145 567 1212 antiplirasim
597 1143 804 1199 dictum
841 1153 960 1200 est:
1005 1156 1055 1200 et
1089 1153 1176 1200 est
1219 1159 1456 1200 sensus:
1507 1144 1700 1199 Salva-

100 1239 301 1295 tionem
333 1237 568 1293 tribui~ti
600 1238 837 1293 inimicis
863 1238 1096 1303 Domini,
1130 1240 1332 1306 quibus
1371 1239 1702 1308 inungi-nti-

100 1330 198 1386 bus
218 1339 407 1385 contra
431 1334 690 1400 populum
724 1329 958 1394 Domini,
986 1340 1212 1401 peccato
1245 1332 1347 1386 lioc
1377 1339 1469 1385 luo
1493 1348 1702 1401 ιιι-περε-

102 1423 300 1488 dienle,
331 1439 436 1478 non
468 1424 670 1494 poterit
691 1425 770 1477 eis
801 1423 1061 1479 resistere
1086 1425 1313 1494 pepulits
1345 1425 1581 1478 Domini.
1617 1425 1701 1478 Iu-

103 1530 260 1586 super
288 1517 454 1571 etiam
491 1517 592 1585 ipsi
627 1515 834 1570 inimici
866 1515 1149 1570 vit-toriosi
1202 1517 1441 1570 existeiit
1483 1524 1703 1586 propter

104 1620 376 1679 peccatum
411 1617 567 1662 tuum
596 1624 763 1676 super
785 1610 1040 1678 populum
1073 1606 1309 1661 Domini.

171 1700 345 1773 (Vers.
375 1699 496 1770 25.)
521 1700 583 1754 Et
613 1702 805 1754 vocarit
833 1717 1017 1756 nomen
1041 1705 1155 1772 ejus
1184 1699 1426 1754 amabilis
1458 1699 1702 1772 Domino,

1800 506 1923 546 eum
1969 491 2034 545 ad
2071 493 2286 563 propria
2318 502 2618 546 revocaret.
2654 493 2806 560 Quod
2839 510 2972 548 vero
3003 496 3119 549 ait:
3154 512 3214 549 eo
3253 497 3393 568 quod

1796 586 2098 637 consolatus
2139 595 2271 638 esset
2301 602 2455 654 super
2486 585 2684 638 Amnon
2712 587 2959 640 interitu:
2988 588 3396 658 intelligendum

1794 684 1900 739 est,
1941 676 2070 744 quia
2123 684 2413 745 postquam
2459 678 2632 730 noluit
2662 679 2811 731 exire
2843 688 2970 749 post
3000 677 3284 746 Alisalom,
3347 689 3405 734 ut

1796 767 2089 824 reduceret
2118 785 2264 835 cum,
2309 779 2364 824 et
2394 770 2675 826 videretur
2718 771 2786 824 ab
2815 786 2903 836 eo,
2937 774 3096 842 etrapit
3133 773 3408 828 eonsoIari

1797 873 1962 927 super
1990 871 2163 914 morte
2189 861 2430 917 Aninoii.
2461 862 2731 930 Quamdiu
2761 865 2904 918 enim
2937 880 3011 935 pu
3039 867 3236 921 abatiir
3257 865 3403 921 idem

1798 952 2058 1024 Absalom
2092 952 2280 1008 reduci
2323 964 2380 1008 ut
2421 954 2699 1011 videretur
2743 955 2812 1010 ab
2860 971 2947 1021 eo,
2996 974 3215 1024 semper
3257 973 3406 1014 mors

1799 1045 2012 1101 Amnon
2044 1048 2138 1101 lilii
2178 1048 2259 1100 sui
2301 1048 2485 1102 animo
2515 1053 2634 1117 ejus
2667 1051 3012 1105 occurrebat.
3061 1050 3187 1106 Sive
3216 1052 3401 1120 aliter,

1800 1139 2117 1195 consolatus
2149 1139 2321 1195 loi~se
2371 1156 2534 1210 super
2575 1144 2789 1196 Amnon
2823 1141 3048 1196 interiiii
3094 1143 3313 1209 dicitur,
3349 1157 3416 1198 co

1806 1235 1949 1303 quod
1985 1243 2213 1289 noverat
2233 1249 2356 1290 eum
2382 1235 2706 1306 ﬂagitiosum
2726 1246 2780 1292 et
2801 1237 3023 1306 dignum
3050 1244 3227 1292 morte
3245 1237 3411 1292 ineri-

1804 1334 1969 1396 toque
2002 1328 2230 1395 perisse.

1877 1417 2040 1489 (Cap.
2076 1419 2213 1474 XIV.
2242 1451 2314 1461 ——
2342 1421 2498 1477 Vers.
2530 1423 2620 1493 1.)
2645 1419 2951 1496 Ιηιειιῗρεης
2981 1433 3150 1476 autem
3184 1420 3316 1478 Joab
3346 1425 3410 1492 ﬁ.

1805 1513 1908 1567 lius
1939 1512 2140 1567 Sarviw
2168 1515 2306 1583 quod
2333 1531 2422 1567 cor
2451 1517 2587 1587 regis
2623 1532 2825 1570 rersnm
2872 1528 2999 1571 evel
3039 1518 3106 1569 ad
3147 1517 3414 1572 Absalom.

1808 1603 1918 1658 Cor
1947 1608 2092 1676 regis
2139 1620 2359 1660 versum
2390 1622 2514 1662 esse
2555 1607 2618 1660 ad
2653 1607 2914 1661 Absaloni
2960 1609 3163 1664 vidisse
3194 1609 3420 1670 dit-itur.

1807 1713 1874 1752 eo
1904 1699 2049 1768 quod
2075 1699 2270 1753 viderit
2295 1715 2418 1753 eum
2449 1701 2589 1754 iiIi-in
2618 1699 2759 1754 Joab
2785 1697 2812 1737 ά
2835 1717 2930 1770 pro
2955 1702 3210 1756 Absalom
3239 1701 3417 1772 suspi-

101 1812 158 1849 eo
173 1796 302 1865 quod
326 1793 566 1863 diligeret
587 1811 697 1848 eum
724 1792 996 1847 Dominus.
1020 1794 1076 1848 In
1104 1793 1332 1847 Ilebrteo
1363 1794 1434 1846 ita
1460 1792 1696 1862 legitur:
1731 1801 1776 1860 Β
1805 1807 1949 1856 rare,
1981 1801 2037 1846 et
2064 1808 2130 1847 ex
2162 1807 2230 1847 eo
2259 1793 2529 1848 intellexit
2556 1793 2703 1863 quod
2729 1808 2824 1849 cor
2853 1795 2972 1865 ejus
3001 1810 3217 1850 versum
3268 1803 3416 1851 esset

108 1885 170 1942 Et
202 1888 394 1942 rorat-it
415 1903 600 1940 nomen
631 1887 743 1952 eius
767 1887 782 1917 ¹
819 1895 844 1922 ﬂ
869 1900 1089 1948 IDDIDIA,
1123 1884 1174 1938 id
1207 1893 1311 1950 est,
1339 1882 1556 1936 dilectus
1597 1883 1701 1937 Do-

104 1981 222 2032 mini
242 1988 451 2051 propter
472 1977 776 2032 Dominum.
819 1977 1064 2032 Dilectus
1094 1977 1310 2032 Domini
1343 1989 1568 2046 propter
1598 1978 1703 2032 Do-

103 2072 296 2125 minum
329 2071 401 2123 dii
423 2069 555 2134 itur,
591 2078 812 2139 propter
839 2084 993 2123 suam
1026 2067 1241 2123 scilicet
1268 2067 1700 2122 misericordiam

102 2162 402 2232 gratuitam,
432 2177 540 2232 qua
567 2176 693 2216 eum
724 2161 955 2230 diligere
993 2160 1248 2232 dignatus
1279 2169 1400 2214 est:
1445 2175 1566 2214 cum
1600 2161 1704 2215 titi-

103 2269 200 2326 que
225 2260 341 2324 ejus
368 2255 668 2311 dilectione
715 2264 772 2311 et
807 2258 961 2309 misei
979 2253 1189 2308 icordia
1218 2254 1471 2324 indignus
1497 2254 1705 2310 existe-

110 2359 210 2414 ret,
239 2333 713 2415 quem'consmbat
736 2362 1063 2402 mamzereni
1091 2361 1240 2402 esse.

172 2438 357 2512 (Vers.
390 2437 531 2510 27.)
568 2438 828 2493 Dimiraei
870 2439 1141 2493 aduersum
1176 2437 1374 2504 Rabba,
1408 2447 1455 2492 et
1490 2439 1702 2512 capien-

109 2532 174 2587 da
211 2543 276 2587 est
316 2532 437 2587 urbs
483 2548 760 2603 aquarum.
804 2532 1111 2586 Notandum
1158 2531 1304 2601 quod
1352 2534 1403 2585 in
1448 2531 1701 2597 Hebrzeo,

107 2624 305 2694 quando
333 2639 456 2681 cum
488 2625 796 2694 adjet-tione
826 2624 1105 2678 nominum
1132 2625 1354 2694 ponitur
1378 2621 1406 2661 δ
1432 2623 1702 2691 Ilabbatb,

107 2719 236 2775 sicut
278 2729 360 2775 est
399 2719 654 2775 Rabbth
707 2718 942 2774 ﬁliorum
994 2718 1252 2773 Ammon.
1298 2717 1530 2784 Quando
1576 2732 1706 2772 vero

107 2813 214 2869 sine
249 2814 560 2883 adjectione
592 2814 898 2879 nominum,
935 2825 1044 2867 non
1077 2810 1352 2878 Rabbaib,
1394 2810 1490 2866 sed
1521 2809 1708 2865 Rabba

107 2907 375 2962 scribitur.

176 2999 356 3068 (Vers.
391 2999 528 3070 30.)
560 2998 788 3071 Cumque
839 2999 1158 3067 dimicasset,
1190 2999 1320 3070 cepit
1345 3013 1478 3065 eam,
1507 3005 1559 3053 et
1590 2996 1709 3052 tulit

112 3093 334 3147 diadema
371 3091 640 3147 Melthom
679 3097 742 3148 de
769 3095 939 3162 capite
962 3096 1099 3166 ejus.
1131 3093 1400 3148 MeIt-Iiom
1433 3093 1707 3160 interpre-

1803 1883 1870 1938 ad
1899 1883 2182 1938 Absalom.

1876 1975 1896 2045 (
1916 1974 2076 2029 Vers.
2108 1975 2204 2042 2.)
2239 1974 2384 2030 Misit
2414 1975 2696 2045 Thecuam,
2746 1987 2793 2034 et
2831 1981 2948 2033 tulit
2976 1981 3097 2034 inde
3145 1983 3416 2037 mulierem

1801 2068 2104 2137 sapientem.
2139 2065 2358 2122 Tliecua
2393 2070 2588 2123 civitas
2610 2080 2715 2133 est,
2745 2069 2813 2125 de
2836 2088 2936 2140 qua
2966 2070 3064 2124 luit
3094 2073 3258 2127 Amos
3290 2073 3422 2127 Pio-

1805 2161 1987 2230 plieta.
2047 2160 2274 2214 Putaiur
2327 2171 2509 2216 autem
2558 2172 2580 2199 °
2627 2162 2818 2218 eadem
2876 2164 3036 2218 vidua
3081 2167 3200 2220 avia
3249 2167 3419 2223 luisse

1804 2251 2050 2323 ejusdem
2082 2255 2250 2308 Amos
2279 2253 2586 2322 PrOplietm.

1878 2345 2071 2417 (Vers.
2107 2344 2142 2399 5
2171 2347 2361 2417 seirq.)
2397 2347 2526 2412 Quae
2556 2349 2821 2418 respondit
2851 2350 2929 2405 ei:
2962 2351 3083 2406 Heu
3125 2353 3312 2406 mulier
3339 2353 3418 2406 ri-

1805 2438 1911 2490 dua
1933 2453 2027 2508 ego
2049 2455 2181 2492 sum.
2203 2437 2261 2492 Μ
2267 2452 2439 2493 ιινιιιιιε
2460 2450 2538 2495 est
2559 2443 2689 2495 enim
2711 2444 2790 2496 uir
2813 2461 2952 2499 mens
2977 2462 2990 2497 :
3013 2454 3061 2499 et
3085 2446 3295 2500 ancillw
3320 2456 3422 2501 tua:

1805 2534 1954 2585 erant
1983 2533 2086 2586 duo
2103 2534 2228 2602 ﬁlii,
2259 2534 2348 2604 qui
2375 2536 2533 2588 νὶωιί
2560 2546 2676 2588 sunt
2707 2538 2950 2591 adversus
2973 2531 3101 2590 se'in
3128 2554 3276 2611 agro,
3304 2534 3424 2591 ttul-

1808 2621 1987 2694 lusque
2015 2635 2126 2678 erat
2151 2626 2242 2695 qui
2270 2641 2354 2678 eos
2380 2625 2650 2694 prohibere
2671 2638 2861 2699 posset.
2906 2627 2975 2680 Et
2997 2632 3244 2701 percussit
3289 2632 3423 2684 alter

1815 2717 2059 2781 alterum,
2092 2724 2140 2768 rt
2169 2715 2431 2788 interfecit
2458 2735 2593 2771 eum.
2625 2717 2692 2771 Et
2708 2737 2820 2773 ecce
2847 2737 3165 2795 consurgens
3183 2724 3422 2777 universa

1808 2809 2049 2878 cognatio
2077 2809 2322 2862 adrersus
2355 2809 2604 2864 ancillam
2635 2823 2772 2866 tuam
2802 2815 2948 2869 dicit.
2991 2816 3137 2868 trade
3187 2832 3298 2870 eum
3328 2818 3420 2888 qui

1807 2901 2058 2969 percussit
2091 2902 2303 2970 fratrem
2329 2917 2500 2957 suum.
2537 2900 2591 2955 In
2623 2906 2852 2959 veritate
2882 2915 3087 2964 autem.
3122 2917 3178 2960 ut
3211 2908 3422 2963 llebra'i

1809 2993 2056 3055 tradunt,
2108 2991 2224 3046 haec
2256 2994 2451 3047 mulier
2482 2993 2646 3048 vidua
2698 2996 2840 3052 duos
2888 2998 3028 3052 lili«s
3069 2997 3283 3064 habuit,
3334 3003 3426 3069 qui

1808 3083 1968 3138 rixati
2000 3097 2122 3139 sunt
2150 3085 2200 3137 iu
2227 3100 2357 3154 agro
2385 3099 2552 3155 super
2579 3087 2900 3142 Iiwreditate
2926 3091 3096 3158 patris
3124 3091 3230 3152 sui,
3259 3101 3310 3144 et
3344 3092 3424 3144 al-

112 3193 242 3240 lalur
267 3203 356 3240 rex
377 3201 585 3241 eorum.
618 3185 732 3241 Rex
764 3200 956 3240 eorum
990 3193 1216 3240 vocatur
1245 3184 1445 3238 idolum
1469 3199 1658 3239 eorum
1685 3201 1698 3235 :
1729 3174 1774 3237 C
1809 3188 1981 3231 terum
2007 3177 2074 3230 ab
2100 3177 2277 3231 altero
2306 3180 2714 3246 interemptum.
2743 3179 2993 3248 Seipsam
3023 3191 3201 3235 tamen
3231 3181 3421 3236 eadem

110 3279 237 3348 quod
271 3282 356 3335 liic
382 3290 622 3334 vocatur
644 3278 939 3344 Melcliom,
971 3279 1129 3347 cujus
1158 3276 1483 3332 diadematis
1511 3291 1705 3330 aurum

109 3381 154 3425 et
175 3387 408 3442 gemmas
429 3370 708 3428 conﬂasse
729 3381 785 3426 et
812 3386 1074 3442 purgasse
1095 3370 1296 3425 dicitur
1319 3368 1488 3422 David
1514 3382 1709 3422 secun-

111 3464 223 3521 dum
257 3468 449 3538 legem,
494 3473 556 3522 et
600 3466 792 3521 fecisse
837 3463 944 3519 sibi
985 3463 1114 3519 inde
1138 3463 1416 3527 diadema,
1446 3461 1589 3531 quod
1621 3461 1707 3514 liie

113 3561 334 3628 positum
364 3573 539 3629 super
566 3567 730 3625 caput
756 3557 875 3626 ejus
905 3556 1128 3612 dicitur.

174 3650 355 3723 (Vers.
390 3652 482 3708 5|.
507 3650 530 3719 )
559 3649 820 3722 Populum
836 3665 1035 3720 quoque
1061 3651 1173 3721 ejus
1193 3649 1456 3702 adducens
1468 3647 1702 3714 serravit,

114 3751 154 3795 et
169 3744 454 3815 circumegit
468 3759 634 3811 super
647 3759 733 3797 eos
747 3743 940 3813 fet-rata
955 3750 1219 3812 carpenta,
1245 3741 1516 3812 diuisitque
1527 3740 1705 3794 cultris

110 3844 152 3889 et
178 3841 462 3894 transduxit
487 3840 547 3892 in
579 3845 700 3907 typo
740 3834 984 3889 laterum.
1011 3836 1252 3890 Serravit
1281 3837 1427 3890 enim
1473 3849 1570 3890 eos
1601 3834 1707 3888 ler-

111 3931 229 3985 ralis
252 3931 558 4002 carpentis,
591 3940 647 3984 et
674 3927 862 3983 divisit
890 3928 1107 3993 cultris,
1140 3928 1282 3982 sicut
1309 3929 1508 3983 lateres
1538 3925 1705 3981 dividi

110 4023 295 4092 solent,
328 4026 422 4096 qui
452 4041 522 4081 ex
553 4023 727 4093 paleis
758 4031 818 4077 et
841 4023 954 4077 loto
984 4022 1370 4076 coniiciuntur.

176 4119 330 4189 (Cap.
365 4118 510 4173 XIII.
545 4146 618 4158 —
661 4115 816 4170 Vers.
857 4114 982 4188 37.)
1023 4114 1188 4168 Porro
1227 4113 1454 4168 Absalon
1502 4112 1707 4185 fugiens

113 4209 225 4263 abiit
263 4213 331 4266 ad
377 4210 628 4267 Tholmai
676 4208 845 4280 ﬁlium
895 4207 1112 4263 Amilrur
1165 4207 1285 4280 [.‘Is.
1317 4207 1490 4279 Amui]
1541 4222 1708 4279 regem

113 4297 309 4356 Gessur.
343 4302 599 4358 Tliolmai
635 4311 787 4369 pater
821 4301 923 4355 luit
951 4298 1170 4354 Maacba
1203 4300 1393 4351 matris
1424 4298 1704 4362 Absalom,

112 4405 257 4460 quam
286 4394 481 4450 dicunt
514 4393 770 4448 llebrzeia
798 4392 964 4446 David
985 4397 1036 4445 in
1072 4389 1483 4461 pr.rliocapt:iiii
1512 4385 1704 4459 (Deut.

111 4481 231 4555 21),
271 4497 325 4541 et
350 4485 586 4543 ca'sai'ie
617 4494 672 4540 et
701 4487 972 4555 uagitibus
1003 4484 1266 4555 ρτειεϐἰείε,
1299 4482 1598 4538 secundum
1632 4484 1708 4537 le-

111 4587 224 4642 gem
254 4594 369 4634 eam
405 4593 636 4634 IIXOl‘t-‘m
666 4578 770 4632 sibi
809 4577 976 4632 David
1009 4578 1288 4632 sociasse:
1322 4585 1378 4630 et
1424 4589 1491 4630 ex
1524 4591 1586 4630 ea
1619 4590 1709 4645 ge-
1740 4563 1788 4623 Ι)

112 4680 324 4726 uenisse
354 4673 600 4726 Thamar
628 4681 682 4724 et
713 4670 996 4724 Alisalom.

178 4761 194 4828 (
222 4760 372 4817 Vt'I'S.
402 4764 535 4832 59.)
567 4761 793 4820 Cessavit
821 4764 994 4832 itaque
1025 4760 1191 4816 David
1222 4776 1316 4815 rea:
1345 4762 1582 4832 persequi
1611 4761 1714 4814 Ab-

113 4851 283 4906 salom.
307 4854 363 4908 In
396 4856 636 4910 Heln-aio
667 4855 898 4925 legitur:
933 4853 1156 4909 Cessavit
1187 4855 1357 4923 itaque
1379 4864 1402 4894 ε
1431 4852 1600 4907 Ducid
1623 4865 1714 4906 rex

115 4944 240 4997 exire
267 4956 377 5015 post
407 4945 674 5001 Absalom.
716 4947 963 5002 Voluisse
1016 4947 1155 5000 idem
1193 4945 1358 4998 Dtuid
1387 4945 1548 4998 exire.
1579 4957 1716 5010 per-

116 5031 345 5102 hibetur,
398 5049 457 5092 ut
508 5039 799 5094 reduceret
833 5038 1108 5093 Ab~alom.
1139 5037 1246 5092 Sed
1281 5047 1628 5106 pertractans
1660 5035 1714 5089 iii

115 5128 269 5180 corde
295 5145 421 5198 suo,
447 5129 590 5197 quod
613 5131 828 5196 quoties
853 5145 975 5184 eum
1019 5129 1252 5194 videret,
1278 5131 1441 5182 toties
1465 5127 1713 5182 dolorem

117 5222 297 5274 mortis
338 5222 559 5278 Amnon
609 5221 664 5278 ei
692 5221 761 5277 ad
804 5222 1126 5277 memoriam
1159 5220 1471 5284 reduceret,
1512 5218 1715 5274 idcirco

1812 3270 1972 3323 vidua
2008 3271 2061 3322 in
2096 3283 2328 3338 peisotia
2364 3269 2528 3323 David
2558 3273 2762 3339 posuit,
2789 3281 2844 3326 et
2868 3271 3008 3326 duos
3039 3273 3182 3326 lilios
3212 3288 3342 3328 suos
3371 3273 3425 3328 in

1813 3375 2046 3429 persona
2102 3365 2314 3415 Amnon
2365 3371 2422 3416 et
2469 3360 2777 3418 Absaloni:
2829 3367 3206 3434 cognationem
3255 3380 3419 3428 νυνί),

1810 3467 1931 3522 qua:
1959 3454 2317 3508 consurrexit
2343 3454 2609 3508 adversus
2651 3455 2820 3511 filium
2875 3473 3055 3523 suum,
3107 3457 3159 3511 in
3190 3471 3422 3526 persona

1809 3554 2137 3600 czeteroruni
2161 3545 2402 3600 ﬁliorum
2429 3546 2624 3601 David.

1882 3639 1902 3706 (
1933 3639 2086 3693 Vers.
2117 3640 2150 3695 9
2189 3639 2208 3708 )
2244 3637 2312 3693 In
2335 3657 2433 3706 me,
2471 3640 2692 3695 Domine
2733 3642 2805 3695 mi
2829 3658 2940 3705 rex,
2969 3641 3257 3714 iniquitas:
3297 3652 3344 3698 et
3373 3644 3426 3697 in

1810 3731 1966 3786 domo
1996 3733 2158 3802 patris
2181 3734 2281 3786 mei
2304 3749 2322 3786 :
2351 3749 2444 3788 rex
2470 3746 2662 3799 autem,
2696 3744 2743 3789 et
2773 3733 2987 3788 thronus
3018 3739 3131 3807 ejus
3172 3737 3237 3790 sit
3267 3737 3420 3791 inno-

1811 3841 1954 3879 cens.
1994 3825 2075 3880 Ac
2106 3825 2152 3879 si
2197 3825 2429 3891 diceret,
2479 3842 2579 3896 pro
2628 3842 2695 3881 eo
2741 3828 2884 3895 quod
2932 3827 3067 3880 alter
3097 3827 3238 3882 ﬁlius
3268 3842 3426 3884 meus

1809 3917 2160 3970 consurrexit
2184 3916 2446 3972 adversus
2476 3919 2729 3983 alterum,
2765 3921 2816 3972 in
2847 3935 2932 3972 me
2963 3922 3033 3973 sit
3064 3920 3342 3988 iniquitas,
3379 3925 3424 3977 sl

1812 4017 1990 4063 tamen
2021 4010 2198 4078 aliqua
2229 4025 2354 4066 esse
2384 4010 2573 4067 debet.
2605 4012 2658 4067 In
2694 4027 2746 4068 te
2781 4023 2963 4068 autem
2984 4054 2999 4078 ,
3029 4028 3062 4068 ο
3089 4029 3182 4068 rex
3218 4015 3385 4070 David
3405 4056 3419 4082 ,

1813 4100 1958 4155 nulla
1991 4102 2063 4154 sit
2099 4101 2394 4170 iniquitas:
2428 4105 2553 4173 quia
2583 4107 2793 4174 absque
2836 4105 2998 4175 culpa
3043 4120 3136 4171 es,
3167 4122 3233 4160 eo
3275 4108 3418 4177 quid

1811 4203 2074 4258 Absalom
2108 4202 2322 4259 Amnon
2351 4204 2573 4276 dignum
2621 4216 2801 4260 morte
2848 4206 3139 4262 interfecit.
3172 4207 3238 4261 Et
3281 4209 3422 4262 sicut

1811 4321 1913 4377 ego
1945 4306 2148 4375 absque
2186 4309 2346 4376 culpa
2386 4323 2505 4362 sum
2555 4321 2653 4376 pro
2679 4306 2698 4344 ί
2728 4322 2794 4362 eo
2827 4308 2970 4377 quod
3017 4308 3128 4361 duo
3172 4308 3265 4363 lilii
3315 4307 3422 4364 mei

1811 4421 2275 4466 consurrexerunt
2301 4410 2587 4464 adversum
2615 4427 2698 4477 se,
2728 4420 2784 4466 et
2813 4411 3135 4466 interfectus
3164 4420 3251 4468 est
3281 4414 3422 4468 alter

1814 4510 1884 4565 ab
1912 4512 2086 4566 altero
2114 4529 2127 4566 :
2181 4511 2253 4564 ita
2286 4518 2338 4564 et
2383 4518 2438 4562 tu
2469 4510 2675 4580 absque
2705 4512 2860 4581 t-ulpa
2899 4528 2983 4580 es,
3039 4529 3136 4583 pro
3183 4533 3249 4568 eo
3279 4513 3423 4585 quod

1814 4612 2071 4667 Absaloni
2097 4620 2150 4665 et
2178 4611 2392 4665 Amnon
2421 4609 2642 4680 dignum
2671 4625 2845 4667 morte
2881 4615 3178 4670 interfecit.

1890 4709 2081 4782 (Vers.
2116 4709 2240 4778 Η.)
2277 4710 2542 4776 Quwait:
2573 4708 2888 4765 chordetnr
2927 4731 3020 4767 rex
3069 4713 3284 4768 Domini
3327 4715 3426 4771 Dei

1819 4814 1922 4879 sui,
1971 4821 2024 4864 ut
2065 4827 2168 4865 non
2220 4808 2633 4881 multiplicemur
2673 4813 2894 4878 proximi
2936 4816 3209 4884 sanguinis
3241 4816 3310 4867 ad
3342 4817 3427 4869 ul-

1823 4913 2138 4974 ciscendum,
2191 4919 2238 4963 et
2285 4925 2603 4979 nequaquam
2655 4910 2964 4979 interﬁcient
3016 4913 3190 4982 ﬁli-nm
3238 4931 3427 4971 meum.

1821 5011 2145 5067 Recordatio
2175 5009 2263 5064 lic
2295 5025 2391 5075 pro
2413 5010 2728 5077 jinameiito
2756 5013 2934 5078 posita
2959 5023 3061 5066 est.
3091 5013 3170 5067 Ae
3201 5017 3245 5068 si
3280 5021 3429 5072 ilice-

1817 5126 1940 5170 ret:
1975 5113 2313 5168 Rt-cortletur
2354 5125 2447 5164 rex
2477 5111 2859 5180 promissionis
2899 5129 3010 5168 sua:
3033 5154 3048 5178 ,
3075 5116 3241 5170 immo
3277 5119 3424 5186 jura-

1819 5214 1991 5272 menti
2015 5213 2122 5279 sui,
2156 5228 2261 5284 quo
2291 5213 2421 5268 milii
2449 5226 2544 5282 per
2576 5211 2866 5268 Dominum
2897 5214 3062 5270 Deum
3087 5231 3243 5272 suum
3275 5219 3432 5289 polli-

188 5379 202 5410 ¹
239 5380 314 5436 Ita
342 5381 532 5454 legunt
554 5383 772 5440 codices
804 5395 960 5447 mss.;
987 5379 1118 5438 editi
1149 5394 1281 5436 vero
1309 5377 1539 5433 Jedidia.
1573 5375 1711 5445 Quid
1742 5374 1816 5431 sit
1838 5373 2074 5429 Mamzer
2099 5370 2224 5426 vide
2257 5370 2474 5426 Deuler.
2503 5384 2656 5434 xxiii,
2686 5369 2741 5423 2.

127 5494 282 5619 duini“
305 5513 426 5555 meo
454 5515 558 5554 ἠδ’
588 5509 722 5556 mel
747 5499 1025 5567 Αῐηιποεο,
1051 5497 1318 5552 ldidiam:
1348 5492 1583 5558 Raban.,
1602 5486 1717 5544 Idi-

190 5635 217 5676 b
241 5639 466 5705 Raban.,
500 5651 620 5699 tunc
651 5642 849 5698 Rabbat
881 5642 1142 5697 scribitur.

193 5718 214 5747 ε
253 5710 427 5781 Ipsum
456 5703 624 5769 David
651 5730 854 5770 nomen
885 5715 938 5768 in
978 5727 1098 5768 meo
1126 5716 1318 5781 ms.et
1341 5721 1516 5779 penes
1541 5703 1718 5761 Raba-

128 5791 247 5837 num
277 5780 326 5837 in
350 5783 576 5841 Hebraeo
603 5804 710 5841 non
744 5785 931 5840 liaberi
959 5785 1162 5839 dicitur
1186 5800 1198 5836 :
1233 5780 1374 5835 falso
1403 5789 1606 5834 tamen.

517 5877 796 5939 ΡΑτιιοι.
850 5875 1088 5936 XXIII.

1896 5485 1922 5525 ἀ
1964 5487 2241 5542 Martian..
2279 5501 2368 5554 per
2391 5484 2657 5539 Absalom.

1899 5567 1925 5630 s
1949 5561 2104 5624 Apud
2125 5557 2356 5614 II.ib:iii..
2377 5555 2608 5630 Putatur
2623 5564 2794 5630 autem
2806 5555 2868 5609 ab
2887 5554 3306 5630 Hebraeisttidua,
3321 5575 3428 5623 etc.

1903 5628 1922 5668 ί
1965 5631 2071 5685 Pro
2103 5631 2347 5704 bislegit
2387 5628 2620 5694 Dabam,
2653 5627 2707 5681 in
2731 5643 2792 5681 eo
2834 5629 2974 5698 quod
3007 5630 3088 5684 illi
3114 5634 3217 5686 duo
3243 5627 3432 5704 fratres

1825 5704 1960 5758 inter
1979 5718 2033 5756 se
2053 5701 2418 5769 conﬂixerunt.

2831 5864 2909 5926 ls3
