4006 6330
573 261 716 337 1555

1357 259 1454 322 AD
1489 255 1732 326 TOMUM
1768 258 1837 327 lll
1874 258 2158 322 OPERUhl
2191 259 2252 320 St-
2295 259 2682 328 ﬂlEDONYMl
2718 251 3091 329 APPENDIX.

3751 247 3881 315 I558

566 387 711 444 citus
732 392 836 450 est,
872 391 928 439 ut
955 396 1061 438 non
1093 378 1527 450 multiplicentur
1556 380 1789 450 proximi
1817 379 2096 450 sanguinis
2118 378 2184 433 ad
2212 381 2267 441 Α
2292 393 2351 435 se
2387 379 2604 434 vovisse
2652 379 2965 434 mentiendo
2995 378 3157 442 dixit,
3191 375 3242 432 id
3269 385 3376 441 est,
3431 376 3745 432 oralionem
3795 380 3892 434 fac.

573 477 968 536 ulciscendum.

650 575 668 644 (
693 571 849 624 Vers.
886 569 977 626 15.
1001 567 1019 637 )
1047 567 1294 633 Dixitque
1319 567 1542 624 mulier:
1567 565 1741 632 Quare
1763 567 2002 639 cogitasti
2019 566 2190 620 istius-

573 663 713 718 modi
759 677 866 716 rem
901 671 1084 714 contra
1133 658 1388 730 pepulum
1436 657 1582 714 Dei?
1622 660 1683 712 lit
1738 659 1945 716 locutus
1986 669 2056 714 est
2101 675 2191 712 res;

571 757 776 811 rerbunt
803 754 947 807 istud
995 760 1046 806 ut
1079 762 1250 822 pecctt
1292 763 1340 806 et
1368 768 1472 805 non
1511 751 1720 806 reducat
1747 755 1962 824 ejectum
2004 752 2192 804 suum?

571 848 656 903 Ex
684 848 786 902 huc
818 847 936 904 loco
955 845 1368 900 demonstratur
1399 843 1556 908 illud,
1586 842 1733 910 quod
1759 843 1917 916 paulo
1939 843 2191 911 superius

570 940 780 996 dictum
814 948 896 992 est
927 955 939 991 :
974 935 1200 992 Cessavit
1232 951 1324 994 rex
1373 934 1539 992 David
1566 935 1641 986 ire
1684 943 1798 1006 post
1842 931 2104 993 Absalom,
2141 930 2192 984 id

571 1043 677 1100 est,
710 1033 948 1088 cessavit
976 1039 1033 1086 ut
1057 1048 1163 1084 non
1191 1030 1435 1083 αλιι-ειυς
1457 1029 1524 1082 ab
1555 1026 1740 1096 aliquo
1761 1035 1816 1082 et
1839 1025 2196 1082 reduceretur

579 1125 866 1182 Abs;tlom.
896 1122 1028 1176 lude
1057 1121 1136 1174 ait.
1169 1120 1402 1173 mulier:
1431 1117 1495 1171 Et
1523 1117 1722 1171 locutus
1763 1125 1834 1174 est
1862 1133 1951 1170 res:
1993 1118 2195 1170 ret-bunt

573 1217 712 1271 istul
748 1223 801 1268 ut
843 1223 1038 1284 peccet,
1091 1221 1136 1265 et
1179 1228 1282 1264 non
1328 1210 1540 1263 reducat
1585 1210 1804 1273 ejectum
1831 1224 2006 1262 suum.
2039 1204 2195 1274 Quod

572 1325 707 1365 vero
732 1311 806 1362 ait
833 1325 846 1360 :
877 1308 1053 1373 Quare
1080 1305 1324 1376 cogitasti
1355 1303 1651 1356 istiusmodi
1674 1318 1782 1355 rem
1813 1314 1997 1356 contra
2029 1317 2196 1372 popu-

575 1399 688 1460 lum
739 1401 880 1456 Dei?
910 1399 1180 1468 Populum
1224 1396 1344 1464 Dei,
1403 1404 1558 1450 vocat
1604 1395 1858 1452 eumdem
1908 1392 2190 1467 Alis-lout,

573 1494 690 1550 sive
717 1508 812 1548 eos
839 1493 1068 1561 quicum
1091 1490 1183 1543 illo
1212 1490 1388 1546 ierant
1407 1487 1514 1560 [AL
1535 1485 1749 1559 erant],
1773 1487 1867 1560 qui
1892 1489 2046 1558 quasi
2065 1501 2194 1555 cap-

570 1589 669 1655 tivi
715 1599 770 1641 et
804 1585 962 1656 ejecti
999 1593 1180 1652 erant,
1215 1598 1282 1638 eo
1327 1581 1472 1652 quod
1523 1598 1631 1638 non
1687 1581 2083 1642 reducerentur
2130 1579 2196 1634 ad

571 1678 949 1736 haereditatem
972 1676 1066 1730 Dei
1091 1693 1102 1727 :
1134 1690 1200 1730 ne
1215 1675 1354 1730 forte
1382 1675 1584 1738 coacti,
1617 1672 1725 1728 diis
1752 1671 1943 1734 alienis
1972 1673 2025 1726 in
2053 1680 2196 1725 terra

576 1770 757 1824 aliena
788 1771 1086 1823 servirent.

655 1859 852 1930 (Vers.
888 1857 1014 1927 ll.)
1059 1857 1168 1910 Nec
1197 1858 1302 1912 calt
1341 1856 1509 1927 perire
1547 1853 1687 1909 Deus
1716 1855 1967 1922 animant,
2001 1855 2092 1909 sed
2118 1872 2198 1908 re-

577 1959 764 2006 tractat
798 1953 1052 2024 coyz'tans,
1083 1968 1145 2004 ne
1166 1959 1343 2022 pereat
1377 1952 1580 2018 penitus
1607 1951 1698 2021 qui
1731 1952 1964 2022 abjectus
1990 1960 2086 2003 est.
2119 1950 2199 2004 Ac

573 2045 623 2098 si
655 2045 864 2098 diceret
892 2063 902 2096 :
932 2044 1075 2097 Deus
1109 2055 1422 2111 peccatores
1453 2043 1596 2112 quia
1621 2043 1842 2098 diabolo
1869 2041 2077 2111 captivi
2098 2040 2196 2097 dc-

577 2138 848 2198 tineutur,
881 2145 940 2190 ut
967 2135 1032 2189 ad
1057 2151 1115 2188 se
1147 2146 1561 2200 convertantur,
1587 2145 1780 2187 vocat:
1811 2146 1866 2189 et
1888 2146 1943 2188 tu
1962 2135 2054 2204 qui
2075 2149 2198 2190 eum

577 2227 780 2284 imitari
808 2228 996 2291 debes,
1028 2244 1124 2282 cur
1149 2245 1255 2281 non
1288 2238 1306 2263 ³
1325 2243 1392 2282 co
1419 2227 1579 2280 tnodo
1613 2226 1772 2300 agis?

655 2321 856 2394 (Vers.
886 2317 1023 2390 26.)
1055 2319 1121 2371 Et
1169 2319 1378 2388 quando
1408 2318 1720 2380 tondebatur
1766 2319 2012 2386 capillus,
2047 2315 2202 2372 semel

581 2425 756 2470 autem
785 2416 836 2466 in
867 2429 1004 2465 anno
1037 2411 1363 2464 tondebatur.
1399 2412 1458 2476 lu.
1491 2411 1722 2467 Hebraeo
1756 2412 1826 2466 ita
1858 2412 2056 2483 legitur
2085 2431 2096 2464 ε
2132 2410 2200 2465 Et

581 2509 791 2584 quando
819 2506 1131 2560 tondebatur
1161 2515 1315 2576 caput
1349 2508 1482 2577 ejus.
1519 2503 1725 2559 Statulo
1761 2514 1936 2562 autent
1974 2516 2200 2572 tempore

582 2604 932 2657 tondebatur:
962 2600 1084 2670 quia
1115 2599 1360 2672 gravabat
1408 2614 1521 2651 eunt
1556 2599 1815 2651 ca'saries.
1867 2596 2204 2654 I’ondcrabat

584 2699 804 2770 capillos
837 2695 1020 2768 rapitis
1049 2695 1129 2748 sui
1161 2692 1396 2746 ducentis
1419 2691 1560 2744 siclis
1581 2693 1811 2764 pondere
1833 2692 2056 2758 publica.
2083 2692 2200 2748 Non

586 2796 730 2850 enim
763 2793 921 2846 semel
951 2792 1004 2844 in
1035 2807 1196 2854 anno,
1231 2799 1288 2842 ιιι
1312 2788 1486 2853 Latini
1511 2789 1729 2850 codices
1758 2786 1982 2852 habent,
2012 2787 2200 2852 tonde-

584 2889 749 2944 batur
773 2895 937 2955 caput
976 2884 1132 2954 ejus:
1185 2883 1280 2938 sed
1326 2894 1530 2940 statuto
1575 2893 1842 2952 tempore,
1889 2881 1944 2938 id
1988 2889 2094 2946 Bal,
2135 2880 2203 2937 de

586 2981 812 3050 triginta
846 2983 898 3032 in
930 2980 1188 3047 tringinta
1219 2978 1433 3032 diebus.

664 3073 824 3143 (Cap.
873 3071 990 3126 XV.
1043 3102 1110 3110 —
1157 3072 1314 3126 Vers.
1351 3073 1439 3142 7.)
1471 3070 1598 3128 Post
1643 3088 1748 3141 qua
1769 3069 1993 3139 {raginta
2030 3079 2200 3126 autem

2291 481 2470 525 turum
2498 469 2555 524 in
2585 470 2705 526 loco
2736 486 2846 541 quo
2894 470 3248 540 requiescunt
3298 469 3596 536 Abraham,
3658 469 3814 525 Isaac
3846 481 3890 526 et

2288 563 2478 620 Jacob.

2359 656 2379 726 (
2416 654 2570 709 Vers.
2594 653 2686 710 ‘24.
2720 651 2830 720 )Et
2852 654 3200 724 deposuerunt
3219 669 3397 710 arcani
3416 651 3538 712 Dei.
3577 651 3646 709 Et
3666 655 3894 708 ascendit

2292 746 2736 810 Abiatltar,douec
2763 747 2996 817 erpletus
3025 748 3154 806 esset
3175 746 3345 804 omnia
3361 746 3590 814 papulas
3609 745 3705 810 qui
3733 763 3897 814 egres-

2290 854 2378 894 sus
2394 840 2561 909 fuerat
2578 836 2878 894 decivitate.
2899 837 3026 894 Ideo
3041 851 3224 900 arcani
3249 837 3342 894 Dei
3360 837 3690 904 deposuisse
3705 837 3896 890 dicun-

2293 938 2400 995 tur,
2434 939 2492 988 ιιι
2512 928 2775 990 Dominus
2797 929 2867 984 ab
2892 927 3160 988 Abiatltat‘
3178 927 3465 992 sacerdote
3487 928 3895 992 consuleretur,

2292 1039 2402 1098 quo
2445 1038 2644 1082 versus
2700 1023 2868 1086 David
2918 1023 2997 1077 ire
3036 1022 3284 1082 deberet.
3335 1021 3674 1085 Ascendisse
3717 1031 3896 1078 autem

2292 1114 2562 1170 Ablatbar
2590 1115 2812 1180 dicitur,
2837 1113 2890 1170 id
2920 1124 3027 1180 est,
3052 1129 3265 1174 orasse.
3300 1114 3366 1174 Et
3403 1114 3526 1184 quia
3559 1113 3796 1172 oraculo
3823 1115 3902 1168 di-

2295 1210 2422 1264 vino
2458 1224 2568 1272 non
2607 1209 2660 1270 ei
2699 1223 3029 1276 responsqu
3059 1217 3182 1276 est,
3215 1208 3426 1268 idcirco
3455 1208 3510 1264 in
3558 1209 3902 1278 subsequen-

2296 1303 2439 1358 tibus
2495 1302 2631 1358 dicit
2686 1303 2891 1369 David,
2939 1313 3000 1358 ut
3057 1313 3439 1373 reportaretur.
3494 1318 3624 1358 arca
3685 1304 3783 1358 Dei
3849 1305 3901 1358 in

2298 1396 2510 1450 urbem.

2381 1490 2539 1563 (Cap.
2574 1489 2714 1546 XVI.
2745 1519 2815 1529 —
2846 1489 3005 1545 Vers.
3033 1487 3158 1564 10.
3192 1489 3332 1557 Quid
3370 1489 3498 1548 mihi
3519 1499 3568 1546 et
3605 1489 3781 1552 vobis,
3804 1488 3904 1557 ﬁlii

2301 1583 2503 1639 Sarriw
2536 1584 2559 1634 ζ)
2591 1579 2846 1636 Ditnittite
2875 1591 2928 1634 ut
2959 1581 3249 1638 maledicat.
3276 1580 3537 1640 Hebraeus
3567 1597 3675 1636 non
3711 1581 3898 1646 habet,

2303 1683 2358 1730 ut
2389 1673 2666 1732 maledicat
2686 1713 2702 1740 ι
2733 1671 2832 1727 sed
2863 1682 3067 1732 tantum
3087 1714 3104 1736 ,
3127 1669 3401 1732 mali-dicat.
3431 1671 3569 1744 (Ms.
3604 1671 3830 1728 maledic
3858 1670 3896 1741 ].

2233 1769 2276 1830 Β
2305 1771 2490 1836 Aliis-ai
2510 1769 2662 1826 solus
2690 1768 2904 1823 dixerat
2938 1782 2954 1826 ς
2998 1765 3170 1832 Vade,
3194 1776 3242 1820 et
3259 1766 3537 1836 imputabo
3563 1777 3721 1839 caput
3746 1771 3864 1839 ejus
3885 1785 3905 1822 :

2301 1872 2354 1924 et
2389 1862 2557 1922 David
2584 1861 2649 1916 ad
2682 1860 2889 1925 Abisai,
2922 1869 2978 1920 et
3010 1858 3148 1920 inab
3175 1859 3459 1928 respondit
3486 1859 3677 1918 dicens
3720 1877 3733 1912 :
3766 1861 3903 1924 Quid

2302 1955 2431 2010 mihi
2459 1964 2502 2010 et
2522 1953 2680 2017 vobis,
2709 1952 2805 2022 filii
2851 1951 3049 2008 Sari-ia:
3075 1951 3100 2005 ?
3131 1954 3204 2004 Ac
3236 1950 3282 2004 si
3317 1949 3528 2011 diceret
3581 1970 3594 2004 :
3628 1949 3904 2021 Numquid

2301 2050 2465 2104 vultis
2507 2047 2814 2105 ioterlicere
2861 2047 3036 2104 istum
3059 2087 3074 2108 ,
3104 2045 3244 2100 sicut
3281 2044 3646 2102 itttt-rlecistis
3677 2046 3908 2101 Abner?

2305 2143 2561 2198 Dominus
2591 2142 2729 2194 enim
2773 2140 3014 2211 prtecepit
3063 2139 3111 2196 ei
3140 2148 3194 2192 ut
3241 2139 3568 2196 malediceret
3610 2136 3800 2192 Dauid.
3841 2136 3909 2190 Et

2301 2235 2416 2305 quis
2445 2243 2520 2288 est
2539 2233 2628 2303 qui
2657 2233 2815 2296 dicat,
2838 2249 2999 2302 quare
3030 2233 3100 2286 sic
3121 2231 3300 2302 fecerit
3323 2247 3341 2284 .'
3371 2229 3712 2296 subauditur,
3736 2244 3912 2298 quare

2302 2329 2382 2382 sic
2405 2327 2596 2380 fecerit
2623 2343 2729 2379 non
2759 2325 3043 2384 Dominus.
3081 2335 3101 2365 ε
3125 2325 3225 2380 sed
3249 2325 3454 2382 Soutei.
3474 2325 3652 2380 Semei
3681 2323 3773 2391 qtti
3795 2340 3910 2379 nta-

2303 2418 2569 2476 ledicebat
2605 2418 2793 2482 David,
2828 2419 2946 2485 ipso
2972 2429 3052 2474 est
3081 2415 3252 2472 Nubat
3283 2426 3434 2484 pater
3453 2414 3744 2480 Jeroboam
3765 2457 3781 2478 ,
3816 2415 3910 2484 qui

2303 2515 2452 2576 (ilius
2480 2515 2698 2572 Gemini
2727 2515 2926 2572 dicitur
2960 2532 2971 2566 :
3013 2522 3073 2570 et
3112 2513 3165 2568 in
3199 2513 3320 2568 zelo
3345 2513 3541 2572 donius
3571 2513 3700 2568 Saul
3732 2515 3911 2570 male-

2303 2607 2442 2666 dixit
2489 2607 2679 2666 David.
2713 2607 2920 2662 Numen
2981 2621 3112 2662 vero
3143 2606 3229 2660 avi
3261 2606 3382 2675 eius
3429 2605 3648 2660 Gemini
3677 2604 3778 2659 luit
3800 2649 3815 2670 ,
3853 2615 3915 2662 et

2305 2701 2420 2767 ipse
2451 2700 2630 2756 St'uICi
2673 2715 2736 2754 ex
2786 2699 2927 2755 tribu
2971 2699 3232 2763 Egultraim
3280 2700 3378 2754 lilii
3424 2698 3628 2766 lose-ph
3670 2699 3911 2756 exstitit.

2307 2791 2462 2854 Unde
2490 2802 2544 2846 et
2575 2793 2720 2858 idem
2750 2793 2931 2848 Semel
2964 2794 3030 2846 ad
3062 2793 3229 2848 David
3259 2792 3392 2850 dicit
3418 2810 3431 2847 :
3458 2791 3672 2852 Primus
3701 2810 3914 2864 quoque

2305 2886 2414 2939 t'eni
2437 2885 2585 2938 Itodie
2614 2886 2675 2937 de
2702 2886 2840 2938 omni
2874 2885 3008 2938 tribu
3037 2883 3251 2956 losrp/t.

2377 2977 2559 3048 (Vers.
2589 2977 2706 3046 l7.)
2733 2977 2811 3038 Ad
2831 2995 2978 3047 quem
3000 2977 3266 3034 Αωρίων.
3295 2976 3419 3034 Hac
3447 2989 3544 3043 est,
3570 2979 3759 3048 inquit,
3780 2997 3912 3048 gra-

2305 3074 2377 3128 tia
2408 3073 2480 3132 ad
2519 3075 2743 3132 amicum
2781 3075 2974 3132 tuum?
3010 3074 3068 3134 lu
3109 3073 3340 3132 Henrico
3371 3074 3608 3144 legitur:
3637 3073 3764 3128 Haec
3793 3085 3875 3127 est
3903 3117 3916 3137 ,

589 3183 753 3221 annos
783 3165 914 3217 dixit
943 3163 1186 3216 Absalom
1211 3165 1278 3216 ad
1306 3179 1514 3235 regem:
1553 3162 1750 3217 l’alant
1771 3172 1818 3215 et
1848 3162 2064 3216 reddam
2091 3172 2206 3218 vota
2234 3154 2275 3216 C
2310 3167 2496 3235 inquit,
2559 3166 2918 3226 misericordia
2967 3177 3057 3223 tua
3102 3166 3172 3226 ad
3223 3166 3448 3224 amicum
3505 3176 3652 3221 tatam
3680 3168 3704 3220 ἓ)
3749 3165 3916 3233 Quod

591 3275 725 3320 met,
774 3271 890 3327 qum
937 3257 1046 3308 vovi
1093 3253 1320 3307 Domino
1353 3257 1404 3308 in
1460 3254 1695 3309 Hebron.
1743 3254 2204 3324 Quadragt-simns

591 3354 856 3422 agttlitlltll‘
885 3363 1063 3406 annus
1085 3364 1152 3404 ex
1183 3365 1246 3401 eo
1281 3359 1525 3418 tempore
1558 3366 1664 3417 quo
1685 3349 1815 3406 Saul
1846 3349 1995 3403 Nobe
2023 3350 2207 3404 civita-

593 3457 702 3505 tem
754 3460 880 3502 cum
930 3441 1316 3500 sacerdotibus
1374 3443 1650 3512 octoginta
1693 3443 1931 3512 quinque
1982 3454 2208 3510 prttplcr

589 3539 761 3595 David
793 3536 1095 3592 interemit.
1134 3535 1200 3588 Et
1230 3534 1434 3588 ideirco
1461 3534 1547 3589 hic
1577 3534 1722 3592 idem
1755 3532 2207 3603 quadragesimus

592 3649 767 3690 annus
799 3634 1041 3701 ponitur,
1061 3643 1118 3688 ut
1137 3642 1475 3688 monstretur
1497 3629 1738 3686 divinam
1761 3629 2210 3687 ultioncmsusci-

594 3731 696 3785 tari
738 3744 904 3798 super
943 3726 1115 3783 David
1137 3767 1153 3791 ,
1185 3741 1253 3780 eo
1285 3726 1426 3796 quod
1455 3725 1482 3764 ι)
1515 3725 1832 3782 Abimelech
1868 3723 2207 3780 sacerdotem

591 3823 874 3886 fefellerit,
898 3833 952 3877 et
983 3831 1208 3892 propter
1235 3838 1359 3876 eum
1387 3828 1469 3876 tot
1497 3820 1838 3876 sacerdotum
1865 3819 2042 3874 credes
2070 3820 2210 3874 facta

587 3917 779 3972 fuerit.
812 3915 984 3976 Cave.
1024 3915 1222 3980 lector,
1263 3915 1557 3984 plerosque
1599 3913 1892 3970 mendosos
1919 3917 1936 3948 ι
1967 3913 2208 3979 codices,

593 4009 649 4065 in
691 4010 891 4081 quibus
922 4009 1186 4076 scriptum
1218 4005 1517 4072 invenitur,
1545 4016 1662 4074 post
1689 4015 1930 4077 quatuor,
1959 4021 2068 4062 non
2100 4015 2214 4076 post

597 4103 950 4175 quadraginta
969 4117 1154 4155 annos.
1180 4099 1238 4154 ln
1261 4101 1638 4155 veracioribus
1663 4115 1794 4156 vero
1812 4099 2098 4156 codicibus
2121 4117 2135 4163 ;
2160 4106 2217 4154 et

599 4196 656 4250 in
689 4195 953 4248 llehraica
987 4192 1215 4247 veritate
1263 4206 1372 4246 non
1405 4204 1665 4260 quatuor,
1701 4192 1801 4248 sed
1854 4193 2215 4262 quadraginta

601 4287 920 4341 scribuntur
966 4285 1114 4336 anui.
1149 4282 1203 4338 Si
1238 4297 1368 4336 vero
1409 4281 1790 4336 contentiosus
1820 4281 1960 4352 quis.
1994 4283 2215 4338 eosdem

603 4388 838 4447 quatuor
869 4391 1042 4427 annos
1081 4386 1336 4430 astruere
1360 4376 1596 4429 Voluerit
1626 4374 1693 4428 ab
1725 4392 1790 4425 eo
1825 4387 2071 4446 tempore
2112 4391 2219 4446 quo

604 4468 863 4523 Alisalotn
909 4465 1120 4520 Αιιιιιοιι
1153 4466 1376 4521 fratrem
1421 4484 1579 4520 suum
1625 4467 1920 4532 interierit,
1954 4483 2124 4537 ttSqtte
2151 4468 2216 4522 ad

2306 3274 2414 3316 non
2499 3257 2823 3315 :tllirtttattdo
2856 3299 2870 3322 ,
2941 3259 3036 3318 sed
3109 3258 3359 3323 negando
3438 3258 3917 3328 pronuntiandum

2308 3359 2409 3408 est.
2448 3350 2514 3406 Et
2549 3362 2632 3406 est
2670 3367 2904 3408 sensus:
2936 3351 3302 3408 MiseriCordia
3329 3360 3438 3416 est,
3469 3361 3560 3406 aut
3587 3350 3698 3406 dici
3722 3352 3915 3417 debet,

2307 3443 2457 3512 quod
2509 3444 2675 3506 David
2713 3445 2952 3502 anticum
2981 3453 3134 3505 tuum
3161 3443 3414 3504 dimisisti
3449 3454 3505 3501 et
3533 3459 3658 3502 cum
3685 3459 3752 3500 eo
3802 3460 3916 3500 uon

2312 3535 2442 3589 isti?

2383 3631 2537 3700 (Cap.
2571 3632 2810 3692 XVll.-—
2840 3632 3000 3689 Vers.
3025 3633 3112 3700 Ξ.)
3140 3633 3365 3701 (ﬁuntque
3392 3632 3586 3706 fugerit
3617 3634 3785 3687 omnis
3816 3651 3913 3703 po-

2313 3725 2468 3794 pulus
2503 3726 2589 3793 qui
2619 3741 2733 3780 cum
2759 3742 2816 3778 eo
2845 3737 2916 3781 est
2942 3767 2958 3789 ,
2987 3726 3269 3796 percutiam
3297 3742 3468 3796 regem
3499 3726 3793 3779 desolatam
3818 3768 3832 3789 ,
3871 3735 3916 3778 et

2311 3817 2554 3872 reducant
2584 3819 2881 3872 universum
2910 3816 3160 3888 populum
3187 3858 3202 3881 ,
3225 3818 3488 3885 quomodo
3527 3834 3705 3872 omnes
3729 3818 3916 3869 recerti

2311 3911 2496 3966 solent.
2524 3909 2744 3966 Scilicet
2772 3909 2910 3966 sicut
2933 3910 3132 3966 reverti
3159 3911 3332 3965 solet
3352 3910 3446 3980 qui
3467 3909 3678 3966 amisso
3701 3911 3752 3963 in
3778 3925 3918 3974 orte-

2317 4002 2389 4058 lio
2429 4019 2553 4071 rege
2593 4014 2984 4070 revertuntur,
3013 4004 3092 4060 sic
3136 4003 3419 4060 universus
3461 4005 3694 4073 impetus
3743 4001 3916 4057 lsrael

2316 4104 2618 4151 revertetur
2649 4095 2718 4150 ad
2747 4104 2818 4154 te.

2389 4186 2569 4258 (Vers.
2605 4187 2718 4257 19.)
2753 4187 2816 4240 Ει
2840 4204 2957 4242 cum
2986 4189 3228 4248 ceciderit
3270 4205 3404 4247 unus
3432 4188 3641 4258 qstidibct
3671 4189 3724 4243 in
3763 4188 3914 4254 prin-

2319 4280 2452 4350 cipio
2481 4321 2494 4344 ,
2515 4281 2688 4334 tttttlit’l
2715 4297 3046 4350 quwcumqu:
3071 4281 3292 4338 audierit
3317 4325 3330 4346 ,
3365 4292 3409 4336 ct
3440 4282 3569 4335 dicit
3591 4291 3612 4332 :
3643 4277 3812 4332 Facta
3842 4289 3918 4333 est

2320 4377 2476 4447 plaga
2497 4378 2547 4430 in
2569 4379 2780 4448 populo,
2802 4379 2887 4443 qui
2907 4378 3211 4447 sequebatur
3231 4377 3503 4438 Absaloa;
3528 4387 3572 4428 et
3593 4377 3919 4446 fortissimus

2321 4470 2534 4539 quisque
2557 4511 2573 4534 ,
2617 4471 2764 4539 cujus
2809 4486 2897 4524 cor
2925 4483 2996 4526 est
3026 4471 3172 4535 quasi
3213 4469 3374 4523 leonis
3397 4509 3413 4532 ,
3445 4483 3629 4537 pavore
3667 4470 3915 4523 solvetur.

603 4558 740 4613 illud
766 4569 977 4620 tempus
1005 4574 1112 4627 qui»
1139 4560 1276 4625 patri
1319 4559 1349 4610 tl
1379 4561 1454 4611 xit
1489 4579 1501 4612 :
1539 4558 1762 4620 Vadam,
1793 4567 1838 4612 et
1863 4559 2075 4612 reddam
2103 4567 2216 4612 rota
2250 4557 2297 4618 D
2324 4563 2378 4617 ιιι
2410 4563 2638 4620 Hebraeo
2662 4565 2730 4618 ita
2767 4565 2994 4620 habetur
3023 4581 3034 4616 :
3071 4563 3134 4618 Et
3157 4565 3471 4634 fortissimus
3497 4566 3627 4631 ipse,
3651 4567 3806 4635 cujus
3833 4579 3920 4616 cor

609 4666 745 4710 mea,
767 4664 880 4718 qute
897 4650 1004 4702 cori
1023 4647 1248 4701 Domino
1269 4651 1318 4700 in
1345 4647 1556 4702 Hebron
1585 4667 1596 4702 :
1626 4652 1906 4718 perstricuc
1927 4667 1984 4704 se
2007 4667 2214 4717 errare,

607 4743 652 4798 si
684 4742 976 4804 diligenter
1006 4750 1379 4810 perscrutatus
1403 4743 1586 4803 luerit,
1628 4742 1866 4797 inveniet
1893 4762 1905 4796 :
1960 4761 2082 4798 cu:n
2115 4746 2218 4798 uti-

609 4851 718 4908 que
762 4834 1044 4899 Abstulom,
1090 4832 1377 4886 interfecto
1424 4831 1662 4902 Amnon,
1722 4835 1773 4887 in
1824 4835 2031 4890 Gessnr
2074 4835 2216 4903 apud

608 4928 860 4984 Tholmai
897 4943 1081 4997 regem
1131 4927 1310 4981 tribus
1358 4929 1538 4991 :Inuis,
1571 4939 1622 4982 et
1669 4929 1721 4980 in
1755 4927 2060 4983 Jerusalem
2096 4929 2220 4984 inde

610 5031 924 5086 revoi-atus,
961 5037 1068 5074 non
1119 5020 1238 5074 viso
1287 5031 1466 5086 patre,
1509 5020 1723 5074 duobus
1773 5031 2012 5075 moratus
2060 5022 2227 5076 fuerit

607 5111 792 5179 annis,
826 5123 877 5166 et
909 5123 1065 5166 sexto
1093 5129 1240 5166 anno
1273 5111 1468 5165 faciem
1501 5113 1672 5178 patris
1705 5112 1924 5178 viderit,
1953 5125 2010 5168 et
2031 5123 2222 5170 contra

2316 4667 2390 4710 est
2409 4659 2558 4723 quasi
2573 4655 2757 4723 leonis,
2780 4673 2966 4724 parare
2982 4656 3205 4711 salvetur
3225 4661 3249 4710 Ρ
3263 4659 3420 4725 Quod
3441 4673 3552 4710 non
3569 4656 3912 4719 allirutandn,

2315 4749 2414 4808 sed
2457 4750 2703 4819 negando
2753 4749 3212 4817 pronuntiandum
3258 4760 3362 4805 est.
3404 4749 3771 4818 Fortissimus
3819 4751 3915 4802 iste

2321 4842 2492 4900 David
2524 4842 2910 4912 intelligendus
2940 4852 3024 4899 est
3069 4863 3080 4897 :
3127 4843 3267 4915 quod
3314 4854 3366 4899 et
3395 4847 3681 4915 sequentia
3731 4844 3917 4899 decla‘

2323 4946 2466 4992 fallit.

2395 5028 2576 5097 (νει-ς.
2610 5028 2730 5099 9.0.)
2766 5029 2876 5083 Scit
2906 5032 3043 5084 enim
3072 5033 3238 5085 omnis
3270 5030 3441 5086 Israel
3471 5034 3656 5104 fortem
3682 5050 3792 5087 esse
3831 5051 3922 5104 pa-

2321 5126 2446 5173 trem
2479 5130 2623 5174 tuum
2645 5159 2661 5183 ,
2688 5127 2736 5173 et
2757 5118 2996 5176 robustos
3025 5137 3196 5175 omnes
3233 5123 3320 5191 qui
3350 5138 3470 5175 cum
3500 5140 3559 5176 eo
3600 5133 3741 5176 sunt.
3787 5124 3924 5176 Abiit

610 5223 739 5264 eum
780 5205 1215 5276 perduellionem
1266 5205 1679 5276 pratparavcrit.
1734 5205 1930 5262 Votum
1989 5223 2223 5278 namque
2319 5207 2533 5274 ancilla,
2565 5220 2611 5263 et
2652 5209 2909 5265 nuntiavit
2933 5212 3025 5266 eis.
3061 5210 3126 5265 Et
3155 5213 3468 5284 illiprofecti
3497 5226 3638 5268 sunt.
3677 5215 3804 5270 llaec
3832 5230 3925 5268 an-

682 5431 699 5460 ¹
734 5428 844 5484 llos
877 5441 1099 5481 errores
1139 5425 1356 5481 abunde
1391 5427 1796 5484 conlutavimus
1839 5429 1893 5483 in
1937 5429 2094 5488 Notis
2133 5431 2202 5486 ad
2239 5431 2484 5488 Divinam
2518 5432 2933 5498 Bibliothecam.

683 5596 709 5632 ιι
751 5585 839 5642 Al.
871 5580 1280 5656 cutu_A_uib_ros.
1313 5597 1442 5644 tns.,
1473 5598 1568 5634 cur
1593 5599 1692 5634 non
1722 5599 1782 5656 eo
1807 5587 2011 5656 magis?

607 5723 628 5774 ι
677 5656 717 5779 1;.
748 5658 830 5711 Ex
857 5653 1028 5707 veteri
1059 5651 1309 5719 lectione,
1345 5667 1498 5707 meus
1529 5671 1629 5705 IIIS.
1666 5663 1720 5708 et
1750 5651 1981 5724 Bubon,
2013 5657 2219 5714 Abime-

629 5741 682 5778 ει
725 5763 738 5779 ο

2403 5599 2422 5624 ε
2451 5585 2611 5640 Addit
2642 5586 2849 5666 Italian.
2879 5600 2938 5666 ut
2966 5590 3178 5666 Hebraei
3207 5594 3412 5656 dicunt.
3446 5597 3592 5663 lnl’ra
3639 5611 3840 5666 quarto
3865 5601 3920 5652 ab

2325 5658 2617 5782 aoca'ersu
2645 5673 2743 5732 pro
2767 5660 2940 5720 Semei
2960 5664 3123 5722 habet
3150 5668 3405 5732 Ambros.
3441 5658 3547 5732 ms.
3582 5658 3786 5730 iterum
3828 5673 3918 5730 σεο

2381 5747 2472 5782 tm.

2381 5747 2472 5783 tm.
