4006 6302
644 258 785 319 1559

1423 256 1517 313 ΔΙ)
1552 254 1795 315 TOMUM
1834 256 1902 314 III
1940 254 2225 315 OPERUM
2263 253 2322 315 S.
2364 256 2753 316 HIERONYMI
2792 257 3165 317 APPENDIX.

3809 256 3903 317 1511

639 370 962 443 pliiboseth,
990 369 1247 425 Meribaal
1274 366 1506 438 legitur,
1539 380 1595 425 et
1625 372 2045 441 interpretatur,
2080 380 2107 409 σι
2137 370 2247 423 liti-
2272 376 2326 437 Α
2351 372 2496 425 nobis
2518 390 2640 445 pars
2667 374 2717 426 in
2740 373 2934 439 David,
2953 389 3116 444 neque
3140 370 3416 426 Itwreditas
3446 371 3503 425 in
3521 369 3640 441 [ilio
3663 370 3794 427 Isai.
3820 370 3907 427 Ide)
3954 366 3977 429 Il

641 481 772 534 gans
822 478 939 516 cum
976 461 1253 515 altissimo.
1298 459 1567 529 Litigasse
1599 463 1743 516 enim
1798 477 1921 517 cum
1953 462 2249 527 altissimo,

640 556 695 609 id
725 566 831 620 est,
864 569 986 607 cum
1021 552 1156 619 Duo,
1186 551 1389 607 dicitur
1421 570 1434 607 :
1466 570 1532 607 eu
1560 556 1706 624 quud
1742 555 1907 609 David
1941 554 2251 611 reduxisset

642 660 765 699 cum
798 660 952 713 pace.
989 643 1053 699 Et
1082 644 1227 715 quod
1260 645 1338 698 ait
1368 645 1507 701 idem
1542 646 1904 715 Mipliibuseth
1934 651 2071 717 regi,
2095 649 2247 700 eniam

640 749 831 791 cuncta
858 737 1078 804 accipiat
1104 752 1120 788 :
1153 751 1429 806 postquam
1455 755 1686 794 reversus
1717 751 1792 794 est
1826 739 2079 795 Dominus
2107 757 2247 794 meus

636 849 729 886 rex
772 833 826 885 in
868 831 1081 885 domum
1110 849 1259 886 suam
1307 832 1437 905 [ΔΙ.
1486 833 1674 906 meam]
1708 836 1923 902 paciﬁce
1953 850 1971 886 :
2004 850 2110 889 non
2144 834 2248 889 ltoc

638 926 846 980 dixisse
878 926 1189 995 suspicatur
1218 926 1518 997 gratulanti
1548 930 1733 982 animo
1758 969 1773 988 .
1808 927 1905 982 sed
1939 928 2241 993 insultanti,

635 1026 693 1074 et
718 1018 876 1085 quasi
903 1030 1097 1073 coiitra
1153 1021 1321 1074 Deum
1356 1022 1719 1076 murmuranti
1758 1039 1771 1076 :
1802 1038 1869 1075 eo
1897 1021 2040 1091 quod
2072 1019 2245 1075 David

637 1109 909 1164 Dominus
944 1112 997 1164 in
1029 1127 1162 1179 pare
1193 1112 1521 1168 reduxisset.

709 1202 901 1269 (Vers.
938 1202 1054 1271 37.)
1097 1201 1194 1255 Est
1249 1214 1420 1256 autem
1469 1219 1649 1257 servus
1695 1214 1814 1259 tuus
1861 1203 2151 1262 Chomaan.
2181 1206 2240 1261 In

641 1295 873 1351 Iiehram
896 1314 911 1351 :
934 1296 1068 1351 Ecce
1095 1313 1268 1351 servus
1291 1308 1406 1351 tuus
1428 1296 1731 1363 Chamaam,
1754 1302 1863 1369 ipse
1881 1301 2033 1353 vadat
2053 1313 2238 1367 tecum,

639 1388 866 1444 Domine
894 1391 965 1443 mi
1009 1407 1120 1445 rex.
1154 1390 1449 1446 Cliatnaani
1499 1393 1915 1464 interpretatur,
1947 1396 2236 1464 suspirans.

638 1482 908 1551 Quamdiu
940 1498 1063 1537 cuni
1124 1493 1279 1551 patre
1321 1488 1645 1555 permansit,
1681 1487 1972 1555 suspirans
2014 1496 2240 1540 vocatus

631 1586 736 1632 est.
775 1577 1071 1645 Postquim
1105 1592 1239 1631 vero
1267 1578 1320 1631 in
1350 1579 1662 1633 doctrinam
1697 1579 1864 1633 David
1896 1579 2040 1650 regis
2065 1590 2240 1634 trans-

633 1669 729 1734 iit,
766 1685 875 1721 nun
910 1666 1224 1731 Chamaam,
1258 1671 1353 1723 sed
1386 1668 1690 1738 Chamaun,
1719 1670 1864 1741 quod
1906 1672 2239 1741 interpreta-

633 1770 723 1816 tur
755 1760 949 1828 ﬁdelis.
986 1760 1294 1829 appellatus
1323 1771 1428 1817 est.

699 1849 891 1923 (Vers.
913 1854 1031 1921 41.)
1058 1856 1243 1922 Itaque
1270 1869 1446 1907 omnes
1467 1855 1566 1908 viri
1589 1853 1761 1910 Israel
1791 1864 2154 1912 concurrentes
2167 1857 2237 1911 ad

631 1960 819 2015 regem.
841 1945 1084 1999 dixerunt
1107 1946 1155 1999 ei
1187 1966 1201 2000 :
1227 1947 1403 2012 Quare
1421 1958 1468 2001 te
1498 1949 1660 2019 furati
1687 1960 1807 2004 sunt
1837 1951 2021 2021 fratres
2046 1952 2233 2019 nostri,

627 2036 724 2091 viri
744 2034 913 2099 Iuda,
939 2047 986 2091 et
1009 2039 1418 2093 transduxerunt
1447 2057 1615 2112 regem
1661 2054 1707 2096 et
1735 2042 1944 2097 domum
1966 2045 2078 2112 ejus
2104 2041 2231 2097 Jor-

630 2130 841 2193 donem,
869 2145 1145 2197 omnesque
1185 2132 1323 2184 viros
1377 2132 1541 2185 Dauid
1587 2150 1701 2186 cum
1731 2136 1832 2188 eo?
1858 2134 1923 2187 Et
1962 2136 2234 2202 respondit

634 2224 805 2278 omuis
826 2223 902 2276 vir
921 2221 1069 2275 Juda
1091 2223 1160 2275 ad
1182 2223 1317 2276 viros
1351 2221 1521 2278 Israel
1550 2241 1568 2277 :
1588 2228 1710 2293 quia
1748 2228 1957 2299 propior
1994 2239 2069 2281 est
2107 2226 2234 2280 mihi

627 2331 742 2369 rex.
778 2313 877 2368 Est
916 2315 1066 2368 enim
1118 2314 1207 2367 hic
1246 2312 1524 2381 defectus,
1552 2324 1608 2369 et
1638 2315 1755 2370 haec
1797 2317 2112 2371 subauditio
2138 2333 2154 2370 ι
2185 2326 2233 2371 et

632 2410 752 2479 plus
778 2424 895 2463 omo
923 2425 1121 2479 regem,
1147 2425 1302 2479 quam
1332 2420 1407 2462 tu.
1447 2411 1511 2463 Et
1549 2422 1670 2475 post
1699 2426 1865 2479 pauca
1894 2429 1906 2464 :

702 2502 890 2575 (Vers.
915 2501 1033 2567 45.)
1062 2500 1131 2554 Et
1163 2502 1429 2572 respondit
1451 2502 1527 2556 vir
1550 2500 1720 2556 Israel
1741 2503 1808 2555 ad
1838 2505 1973 2557 viros
2002 2502 2233 2573 Juda,et

625 2596 698 2650 ait
725 2610 743 2649 :
772 2592 964 2647 Decem
1003 2593 1239 2665 partibus
1266 2608 1361 2666 ego
1383 2610 1494 2646 sum
1527 2596 1697 2665 major
1719 2594 1865 2662 apud
1894 2612 2088 2666 regem,
2114 2613 2229 2650 ma-

631 2688 811 2759 gisque
836 2690 905 2739 ad
936 2701 1015 2739 me
1053 2685 1271 2756 pertinet
1300 2684 1495 2753 Da.id,
1526 2703 1684 2757 quam
1707 2687 1777 2739 ad
1806 2697 1875 2740 te.
1909 2688 1964 2742 In
1996 2690 2229 2744 Ilebrtco

630 2781 705 2835 ita
737 2779 941 2850 legitttr
974 2796 987 2831 :
1023 2777 1208 2831 Decem
1236 2785 1408 2847 partes
1431 2776 1555 2831 mihi
1593 2790 1711 2832 sunt
1734 2783 1874 2851 apud
1903 2797 2095 2851 regem,
2121 2798 2231 2835 ma-

622 2873 806 2943 gisque
829 2886 921 2942 ego
946 2870 1002 2924 in
1029 2870 1193 2924 David
1216 2886 1369 2941 quam
1395 2878 1469 2923 tu.
1502 2872 1701 2926 Decem
1729 2886 1862 2927 vero
1895 2884 2079 2942 partes
2105 2873 2130 2911 δ
2152 2873 2229 2928 Is-

623 2962 740 3016 rael
769 2970 949 3027 crant,
981 2962 1033 3016 id
1065 2975 1174 3026 est,
1198 2962 1390 3018 decem
1419 2964 1598 3018 tribus
1626 2982 1638 3018 :
1664 2973 1719 3017 et
1746 2963 1954 3018 idcirco
1976 2966 2149 3036 magis
2169 2981 2230 3021 sc

624 3053 681 3108 in
720 3052 890 3106 David
948 3067 1071 3108 esse
1117 3054 1334 3119 dicunt,
1366 3049 1529 3125 quam
1580 3056 1728 3110 viros
1774 3055 1935 3111 Iuda.
1966 3055 2073 3113 Cur
2102 3058 2231 3112 mihi

615 3143 785 3212 fecisti
833 3143 1128 3211 injuriam?
1164 3142 1274 3198 Viri
1331 3143 1505 3200 Israel
1565 3146 1763 3202 fecisse
1818 3148 1925 3204 sibi
1971 3150 2299 3229 injuriamc

622 3243 956 3306 queruntur,
982 3250 1049 3290 eo
1091 3236 1237 3305 quod
1290 3253 1395 3292 non
1438 3243 1849 3311 exsiiectaverit
1904 3258 2002 3298 eos
2051 3244 2227 3301 tritius

620 3326 761 3382 Juda
811 3327 879 3382 ad
936 3326 1307 3383 reducendum
1366 3346 1577 3399 regem.
1626 3333 1820 3389 Nonne
1866 3352 2035 3390 sermo
2083 3354 2225 3393 meus

623 3421 770 3488 prior
810 3419 934 3490 fuit,
965 3427 1019 3472 ut
1062 3418 1363 3475 reducerem
1408 3438 1579 3495 regem
1630 3427 2062 3485 meum?Sermo
2104 3431 2226 3501 ejus

621 3512 776 3582 prior
827 3511 932 3566 fuit
960 3511 1027 3566 ad
1061 3511 1435 3568 reducendum
1479 3531 1706 3585 regem:
1738 3520 1883 3574 sicut
1924 3523 1977 3575 in
2022 3538 2227 3591 praece-

622 3602 884 3658 dentibus
914 3604 1400 3660 demoustraturin
1424 3622 1491 3662 eo
1517 3610 1662 3676 loco,
1694 3612 1782 3665 tibi
1812 3612 2018 3667 dicitur
2052 3633 2063 3667 :
2099 3616 2225 3671 Ser-

627 3714 711 3753 mo
722 3708 894 3752 autem
915 3700 1081 3754 omnis
1105 3699 1275 3754 Israel
1294 3704 1522 3773 pervenit
1544 3709 1613 3757 ad
1632 3720 1803 3776 regem
1826 3708 1877 3761 in
1900 3709 2054 3764 donto
2082 3713 2224 3784 ejus;

620 3793 972 3859 subauditur,
1002 3802 1063 3848 ut
1088 3810 1213 3848 eum
1244 3795 1577 3853 reducerent
1610 3816 1624 3852 :
1657 3802 1803 3868 quod
1832 3812 1889 3857 et
1923 3806 2222 3873 niajuribus

617 3895 750 3940 natu
782 3884 920 3942 Juda
954 3886 1246 3942 mandasse
1286 3887 1452 3943 David
1486 3906 1585 3960 per
1625 3891 1805 3948 Sadoc
1844 3902 1901 3949 et
1943 3896 2218 3951 Abiatliar

614 3984 941 4036 sacerdotes
972 3980 1191 4050 legitur,
1218 3981 1320 4036 hoc
1354 3984 1538 4050 modo,
1570 3984 1765 4041 dicens
1790 4005 1805 4041 :
1834 3987 2131 4057 Loquimini
2154 3992 2224 4044 ad

616 4077 848 4146 majores
880 4085 1006 4128 natu
1032 4073 1199 4139 Iuda,
1232 4074 1462 4131 dicentes
1493 4094 1512 4132 :
1541 4076 1649 4133 Cur
1684 4082 1869 4137 venitis
1918 4086 2226 4141 novissimi?

610 4165 879 4225 Hebrteus
915 4187 929 4223 :
962 4166 1067 4224 Cur
1095 4169 1220 4223 estis
1250 4170 1516 4224 novissimi
1555 4174 1622 4225 ad
1665 4174 2019 4231 reducendum
2050 4195 2221 4254 regem

609 4261 667 4315 in
707 4262 920 4316 domum
962 4262 1249 4318 suam?Et
1297 4263 1386 4318 hic
1416 4266 1857 4334 subiungendum
1886 4282 1995 4335 est,
2028 4274 2222 4343 fratres

618 4353 719 4405 mei
751 4370 861 4419 vos,
892 4370 949 4407 os
972 4371 1139 4408 meum
1157 4363 1205 4407 et
1229 4370 1351 4409 caro
1380 4373 1491 4410 m'a
1518 4372 1626 4425 vos,
1657 4374 1749 4411 cur
1771 4362 2039 4416 novissimi
2061 4368 2218 4420 redu-

607 4445 724 4498 citis
745 4446 962 4515 regem?
988 4445 1054 4500 Et
1080 4458 1102 4484 ο
1135 4462 1232 4515 per
1256 4462 1316 4503 ea
1352 4449 1765 4520 intelligendum
1794 4464 1899 4521 est,
1928 4458 2218 4515 mandasse

607 4536 721 4591 illis
748 4536 894 4606 quod
917 4551 1099 4592 sermo
1130 4540 1311 4593 omnis
1342 4539 1507 4595 Israel
1532 4543 1598 4595 ad
1631 4560 1755 4600 eum
1781 4547 1898 4615 jam
1928 4552 2214 4617 pervenis-

606 4644 715 4700 set,
739 4632 812 4687 ita
840 4632 1032 4688 dicens
1058 4650 1072 4686 :
1099 4633 1282 4689 Sermo
1306 4646 1477 4689 autem
1504 4638 1669 4691 omnis
1697 4638 1865 4695 Israel
1889 4645 2114 4706 pervenit
2139 4646 2209 4698 ad

606 4742 779 4799 regem
809 4727 861 4779 in
892 4726 1049 4779 domo
1079 4728 1213 4798 ejus.

676 4819 866 4894 (lliid.)
900 4820 1096 4876 Durius
1125 4831 1295 4877 antem
1336 4824 1714 4894 responderunt
1752 4829 1851 4882 viri
1892 4828 2036 4884 Juda
2083 4830 2206 4888 viris

596 4914 794 4971 Israel.
825 4916 889 4970 Et
933 4914 1023 4970 hic
1054 4914 1304 4972 deiectus
1335 4931 1440 4973 eet.
1473 4918 1746 4976 Dicuntur
1784 4923 1931 4977 enim
1975 4940 2205 4995 respon-

595 5010 749 5067 disse
778 5012 879 5066 viri
911 5011 1050 5066 Iuda
1081 5012 1148 5067 ad
1189 5014 1337 5069 viros
1378 5014 1543 5071 Israel
1582 5035 1595 5071 :
1630 5034 1698 5074 eo
1725 5021 1869 5089 quod
1901 5024 2203 5079 mentiren-

595 5110 708 5168 tur,
739 5114 793 5160 et
818 5120 928 5158 non
961 5106 1207 5160 l'acerent
1236 5105 1341 5162 hoc
1365 5107 1437 5162 ob
1467 5124 1713 5167 amorem
1745 5114 1915 5184 regis,
1940 5116 2086 5171 sicut
2116 5132 2206 5172 as-

596 5199 886 5256 serebant.

667 5292 826 5365 (Cap.
859 5290 1222 5347 XX.—Vers.
1250 5292 1335 5365 8.)
1364 5292 1470 5349 Pro
1492 5298 1677 5367 quibus
1700 5300 1865 5355 verbis
1895 5301 2025 5359 Siba
2056 5305 2200 5374 ﬁlius

585 5382 765 5452 Bocri,
794 5386 874 5440 vir
900 5385 1170 5440 Jemineus
1222 5387 1405 5441 cecinit
1449 5389 1685 5459 buccina,
1717 5402 1767 5449 et
1803 5395 1923 5450 ait:
1956 5396 2079 5453 Non
2121 5408 2197 5454 est

653 5530 679 5560 α
707 5519 859 5585 Meus
884 5534 988 5576 ms.
1018 5517 1256 5591 litigatus
1281 5538 1399 5577 cum
1421 5524 1703 5580 altissimo.
1736 5526 2000 5603 Litigatus
2026 5534 2189 5601 enim,

578 5599 875 5724 eti.Idem.
911 5672 1089 5731 partes
1118 5664 1231 5719 viro
1257 5664 1431 5723 Israel
1451 5677 1621 5734 erant,
1666 5679 1774 5726 etc.

655 5742 675 5769 τ
719 5734 807 5787 Sic
829 5749 933 5789 ms.
961 5735 1135 5791 Antea
1162 5736 1318 5805 editi,
1349 5735 1419 5795 Et
1444 5750 1624 5808 postea
1647 5742 2058 5815 intelligendum.

2259 1780 2309 1840 B

2352 469 2549 524 cecinit
2598 469 2849 534 buccina,
2884 478 2942 524 ut
2991 470 3108 540 ejus
3161 468 3341 524 soliitu
3400 469 3628 523 attoniti
3684 479 3909 523 tacerent.
3962 450 3978 540 λ

2350 558 2560 628 Quibus
2595 562 2921 627 tacentibus,
2950 562 3092 615 dixit
3123 579 3136 616 :
3164 560 3287 616 Non
3313 574 3386 617 est
3414 562 3563 616 nobis
3580 578 3713 632 pars
3749 562 3805 615 in
3834 561 3909 614 υαα

2355 650 2464 720 vid,
2491 668 2653 722 neque
2677 654 2953 707 hwreditas
2977 653 3029 706 in
3061 652 3174 722 filio
3206 652 3333 707 lsai.

2422 745 2605 816 (Vers.
2642 746 2755 817 I8.)
2799 747 2983 801 Sermo
3014 748 3205 800 dicitur
3230 748 3284 801 in
3306 748 3460 802 veteri
3489 748 3769 817 proverbio
3801 747 3912 814 :Qvi

2348 836 2690 908 interrogant,
2721 838 3036 909 interrogent
3067 840 3119 892 in
3158 840 3341 905 Abela,
3373 850 3419 892 et
3441 840 3516 893 sic
3541 840 3814 909 perﬁcient
3834 839 3911 911 [AL

2350 930 2667 1004 proficient].
2698 934 2753 987 In
2786 933 3019 987 llebra-o
3049 949 3155 988 non
3202 933 3463 1000 habetur,
3497 935 3799 1004 proverbio.
3843 932 3916 989 Iste

2347 1042 2558 1094 sermo,
2592 1042 2775 1082 sermo
2806 1027 2942 1095 legis
2973 1038 3080 1095 est,
3105 1028 3159 1082 in
3202 1045 3304 1096 qua
3339 1024 3365 1065 ἀ
3392 1030 3625 1098 jubetttr
3664 1044 3696 1082 a
3727 1028 3917 1081 Di-niiuo
3970 1024 3978 1098 ᾖ

2346 1135 2446 1190 per
2486 1121 2705 1192 Moysen
2758 1121 2939 1194 (Deut.
2987 1126 3105 1190 xx),
3148 1133 3207 1175 ut
3235 1124 3455 1191 quando
3501 1123 3809 1192 ingressuri
3839 1133 3918 1177 ter-

2344 1230 2462 1270 ram
2505 1216 2762 1271 (.‘Iianaau
2816 1226 3027 1283 eSScnt,
3071 1225 3128 1272 et
3170 1228 3366 1287 gentes
3407 1218 3680 1283 deleturi,
3716 1219 3919 1284 primum

2344 1326 2536 1382 pacem
2584 1311 2853 1366 oﬂerrent
2886 1329 2900 1365 :
2931 1323 2984 1368 et
3018 1313 3065 1365 si
3097 1329 3197 1382 pax
3237 1314 3305 1366 ali
3336 1314 3417 1368 eis
3461 1312 3828 1381 reciperetur,
3853 1328 3921 1382 pa-

2343 1420 2461 1461 cem
2493 1407 2847 1472 recipientes,
2877 1406 3157 1461 tributarii
3182 1421 3375 1462 eowttt
3401 1405 3766 1461 efﬁCcri-nlttr
3788 1426 3800 1462 :
3826 1406 3919 1459 etsi

2351 1514 2539 1571 pacem
2573 1515 2681 1555 nou
2723 1502 3061 1569 reciperent,
3095 1514 3225 1556 tunc
3251 1519 3279 1554 a
3325 1502 3451 1555 liliis
3491 1502 3663 1557 Israel
3692 1501 3914 1556 deleren-

2343 1601 2451 1648 tur.
2503 1593 2713 1650 Idcirco
2743 1598 3084 1651 exclamasse
3111 1595 3313 1651 mulier
3354 1595 3578 1667 sapiens
3609 1595 3683 1651 de
3731 1596 3917 1651 civitati
3976 1593 3977 1645 l

2340 1686 2540 1742 fertur.

2411 1777 2591 1849 (Vers.
2626 1779 2742 1850 I9.)
2774 1779 2965 1834 Nonne
2991 1796 3085 1850 ego
3113 1796 3226 1835 sum
3266 1796 3382 1851 quo:
3412 1782 3715 1854 respondeo
3760 1782 3917 1835 verita-

2342 1882 2440 1926 tem
2465 1873 2516 1925 in
2545 1873 2717 1928 Israel
2739 1890 2757 1927 :
2779 1884 2823 1927 et
2845 1884 2898 1927 tu
2924 1875 3113 1943 qua‘ris
3134 1878 3428 1932 subvertere
3448 1878 3754 1931 civitatem?
3774 1877 3916 1942 Quare

2338 1967 2638 2037 prmcipitas
2680 1968 3039 2022 haereditatem
3075 1969 3327 2025 Domini?
3353 1975 3432 2028 Ac
3462 1972 3509 2026 si
3550 1974 3773 2028 diceret
3798 1991 3809 2025 :
3831 1974 3917 2027 Cur

2336 2059 2420 2114 vis
2451 2060 2743 2115 destruere
2770 2062 3048 2117 civitatein
3083 2063 3248 2127 lianc,
3290 2075 3589 2133 antequam
3640 2081 3820 2136 pacem
3850 2067 3915 2119 in-

2337 2154 2667 2222 terrogando
2689 2152 2911 2222 oli'eras,
2934 2156 3076 2208 sicut
3107 2155 3159 2209 in
3194 2157 3314 2221 lege
3343 2156 3572 2224 jubetur
3591 2159 3617 2213 ἲ
3645 2158 3753 2213 Cur
3778 2158 3913 2212 etiam

2336 2258 2445 2298 non
2475 2245 2726 2300 eamdem
2763 2248 2938 2317 legem
2975 2248 3027 2300 in
3070 2248 3228 2303 nubis
3273 2249 3540 2303 lsraelitis
3572 2266 3789 2317 servas,
3818 2264 3914 2316 qua:
3976 2294 3977 2353 ι

2336 2334 2391 2389 in
2428 2337 2762 2407 alienigenis
2788 2338 2919 2393 olim
2952 2352 3167 2395 servata
3205 2342 3326 2397 e5t?
3354 2340 3506 2398 lianc
3535 2345 3819 2397 mulierem
3836 2342 3911 2396 .lu-
3976 2334 3977 2391 ἶ

2335 2425 2464 2493 da-i,
2494 2427 2713 2494 Zaram,
2747 2431 2912 2485 tiliam
2944 2430 3106 2497 AScr,
3139 2434 3239 2511 lilii
3272 2433 3443 2489 Iaculi
3485 2436 3797 2506 intelligunt
3828 2453 3840 2488 :
3872 2442 3915 2489 et

2334 2520 2481 2589 quod
2515 2537 2575 2576 se
2608 2535 2836 2579 matrem
2864 2524 3088 2591 dixerit,
3121 2502 3191 2580 ila
3217 2527 3443 2583 dicens:
3474 2527 3554 2582 Tu
3585 2494 3772 2599 quis.
3800 2544 3914 2584 αττ-

2334 2618 2443 2664 lere
2474 2622 2693 2667 matrem
2728 2613 2916 2669 Israel.
2950 2614 3162 2673 Idcirco
3193 2628 3449 2687 matrem,
3482 2621 3615 2691 quia
3646 2624 3912 2677 multorum

2332 2718 2605 2760 annorum
2630 2716 2769 2762 erat.

2405 2795 2589 2866 (Vers.
2622 2797 2740 2869 ‘26.)
2766 2797 2859 2852 Ira
2889 2809 3063 2856 autem
3090 2800 3308 2858 Jairites
3328 2813 3438 2860 erat
3468 2807 3717 2861 sacerdos
3738 2804 3913 2860 David:

2330 2887 2383 2967 id
2415 2899 2521 2953 est,
2558 2891 2814 2960 magister
2845 2910 2857 2946 :
2888 2893 3030 2947 sicut
3061 2896 3189 2951 alibi
3222 2901 3489 2967 scriptum
3519 2909 3611 2953 est.
3644 2920 3657 2951 ;
3687 2898 3809 2953 Filii
3834 2914 3911 2951 au-

2331 2989 2431 3034 tem
2466 2980 2632 3037 David
2659 2995 2808 3039 erant
2835 2989 3151 3058 sacerdotes,
3188 2990 3239 3045 id
3281 3002 3391 3059 est,
3421 2994 3676 3065 magistri
3707 2994 3908 3050 fratrum

2329 3090 2578 3130 SIIOI'UIII.

2405 3168 2562 3239 (Cap.
2587 3168 2731 3225 XXI.
2754 3171 2996 3228 *νει-8.
3025 3174 3107 3247 1.)
3137 3175 3387 3250 Dixitque
3420 3179 3701 3246 Dominus,
3725 3192 3910 3254 propter

2332 3256 2469 3313 Saul
2506 3269 2553 3314 et
2580 3262 2789 3317 domum
2813 3268 3129 3337 sanguinum
3158 3287 3178 3336 ;
3205 3272 3325 3341 quia
3366 3273 3554 3327 occidit
3585 3275 3905 3331 Gabaontm.

2334 3353 2537 3409 Domus
2565 3357 2891 3428 sanguiuuin
2922 3370 3052 3416 sunt
3084 3362 3179 3417 lilii
3227 3363 3357 3419 Saul
3395 3368 3523 3437 :qui
3567 3383 3694 3424 cum
3748 3365 3905 3423 Doeclt

2327 3442 2588 3513 Idumteo,
2623 3448 2751 3504 dum
2801 3451 2982 3507 adhuc
3022 3454 3180 3519 pueri
3226 3466 3448 3526 essent,
3490 3461 3800 3517 sacerdotes
3861 3466 3905 3512 et

2333 3536 2671 3596 Gabaonitas
2702 3544 2753 3597 in
2787 3542 2942 3599 Nube
2974 3548 3321 3607 occiderunt.

2402 3630 2588 3701 (νει-ε.
2623 3634 2704 3707 8.)
2730 3635 2805 3690 Hi
2836 3651 2952 3693 sunt
2978 3644 3168 3697 Armon
3210 3653 3259 3696 et
3292 3642 3803 3721 Iliphiboseth,quos
3830 3662 3904 3716 pe-

2327 3729 2458 3797 perit
2486 3730 2534 3782 ei
2563 3729 2773 3803 Resp/ta
2801 3734 2914 3804 ﬁlia
2944 3738 3063 3806 Δία,
3090 3752 3138 3794 et
3168 3744 3393 3813 quinque
3421 3746 3524 3814 filii
3550 3745 3767 3815 Michol,
3796 3747 3904 3812 ﬁlia:

2326 3820 2460 3913 Saul
2488 3840 2507 3888 ;
2538 3841 2667 3893 quos
2711 3841 2960 3898 genuerat
3005 3833 3206 3889 Adrieli
3235 3837 3347 3903 ﬁlio
3377 3836 3659 3906 Berzellai,
3692 3844 3777 3913 qui
3819 3840 3902 3911 fuit

2327 3912 2391 3968 de
2424 3914 2665 3971 Ilolatln'.
2695 3919 2971 3987 Qiiazritur
2998 3939 3093 3978 cur
3120 3925 3211 3980 lilii
3240 3928 3435 3983 Micliul
3470 3912 3724 3987 dicantur
3754 3946 3898 3987 :cum

2328 4022 2435 4062 non
2455 4008 2672 4077 Michnl,
2694 4012 2791 4066 sed
2816 4013 2937 4084 ejus
2959 4032 3120 4071 soror
3139 4019 3325 4074 Merab
3350 4038 3491 4077 uxor
3518 4024 3683 4080 fuerit
3710 4022 3899 4080 Adrieli

2326 4099 2442 4153 lilio
2472 4099 2756 4159 Berzellai.
2791 4105 2947 4172 Quod
2983 4110 3057 4163 ita
3085 4113 3319 4166 sulvitttr
3350 4131 3365 4167 :
3400 4115 3799 4188 Meraliquippe
3818 4130 3900 4171 eos

2327 4192 2656 4249 naturaliter
2704 4199 2894 4266 genuit
2926 4218 2936 4253 :
2969 4213 3024 4256 et
3064 4202 3263 4258 Michol
3304 4222 3438 4262 uxor
3476 4209 3655 4270 David,
3690 4226 3809 4277 qum
3851 4216 3899 4262 et

2326 4281 2458 4353 Egla
2490 4284 2712 4352 dicitur,
2738 4303 2835 4345 eos
2868 4291 2919 4346 in
2952 4292 3074 4347 locu
3105 4295 3337 4352 filiorum
3370 4299 3611 4364 nutrivit,
3640 4310 3698 4356 et
3724 4299 3831 4355 sibi
3852 4300 3897 4353 in

2326 4376 2472 4430 tilios
2500 4379 2783 4449 adoptavit
2820 4401 2830 4436 :
2859 4384 3067 4439 idcirco
3087 4388 3209 4457 ejus
3238 4390 3334 4445 ﬁlii
3363 4392 3636 4447 dicuntur.

2396 4470 2579 4538 (Vers.
2605 4473 2687 4544 ‘2.)
2711 4472 2845 4531 Filii
2870 4481 3061 4552 quippe
3082 4480 3252 4538 Israel
3263 4489 3565 4558 juraverant
3588 4489 3680 4543 eis.
3727 4486 3795 4542 Et
3812 4504 3894 4542 vo-

2240 4556 2291 4617 D
2318 4563 2411 4617 luit
2436 4564 2569 4619 Saul
2594 4580 2860 4635 percutere
2879 4588 2965 4626 eos
2987 4575 3117 4628 zelo.
3137 4556 3438 4649 Zeloquasi
3474 4597 3570 4651 pro
3593 4584 3713 4637 liliis
3734 4581 3891 4638 Israel

2316 4654 2544 4718 etJuda.
2568 4658 2760 4717 dicetis
2784 4680 2797 4716 :
2827 4663 2994 4721 Iosue
3024 4670 3192 4733 gratis
3217 4672 3441 4727 etisdem
3472 4675 3799 4731 Galiaonitas
3820 4674 3891 4728 Vi—

2319 4761 2450 4803 vere
2473 4753 2798 4820 permisisse
2821 4756 2955 4829 (Jos.
2987 4774 3039 4814 ix
3062 4772 3109 4816 et
3138 4764 3225 4831 x):
3256 4776 3309 4819 et
3335 4766 3463 4820 liliis
3495 4768 3657 4824 Israel
3686 4780 3734 4825 et
3762 4766 3888 4824 Iuda

2314 4841 2555 4911 praedam
2587 4861 2777 4903 eorum
2810 4850 3011 4919 injuste
3041 4855 3342 4913 abstulisse
3377 4876 3393 4914 :
3422 4861 3628 4918 idcirco
3647 4876 3739 4917 cus
3759 4859 3889 4929 peri-

2313 4939 2649 5010 mcrejubet,
2676 4947 2830 5013 quasi
2858 4963 2956 5016 pru
2982 4950 3101 5004 zelu
3118 4949 3288 5006 Israel
3311 4954 3543 5012 etJuda.
3562 4956 3726 5025 Hujus
3740 4953 3893 5010 ultio-

2312 5029 2395 5086 nis
2428 5047 2589 5088 cauSa
2611 5036 2661 5089 in
2684 5036 3043 5104 Galiaouitas.
3061 5041 3384 5102 Ahimeleclt
3400 5045 3889 5105 sacerdnsexstitit.

2384 5125 2568 5196 (Vers.
2603 5128 2723 5201 21.)
2755 5130 3023 5189 Percussit
3053 5154 3170 5191 eum
3198 5138 3468 5197 Jonathan
3491 5144 3636 5215 ﬁlius
3668 5143 3892 5199 Semmaa

2306 5220 2487 5289 fratris
2521 5222 2714 5279 David.
2755 5225 3031 5285 Jouatltan
3063 5230 3209 5288 enim
3258 5233 3379 5304 ipse
3419 5248 3506 5292 est
3537 5236 3749 5293 Natlian
3776 5248 3891 5305 pro-

2304 5310 2495 5380 pheta.

2373 5404 2556 5474 (Vers.
2594 5409 2714 5482 I9.)
2746 5410 2977 5469 Tertium
3004 5430 3203 5487 quoque
3224 5417 3327 5487 fuit
3354 5418 3551 5475 bellum
3578 5422 3634 5478 in
3654 5420 3760 5478 Gob
3780 5434 3885 5475 con-

2376 5536 2411 5631 t:
2428 5543 2471 5631 AA
2484 5553 2606 5631 n‘tca
2635 5555 2777 5631 erat,
2811 5549 2867 5604 in
2888 5568 2991 5631 qua
3021 5552 3283 5631 videtura
3312 5554 3544 5614 Domino
3571 5576 3665 5631 per
3688 5559 3879 5631 Moysen

2304 5625 2639 5702 pratceptum,
2665 5628 2722 5701 ut
2736 5625 2964 5702 quando,
2979 5633 3083 5680 etc.
3107 5623 3276 5680 Nobis
3306 5642 3412 5683 nis.
3444 5639 3501 5686 et
3522 5623 3594 5687 ei
3622 5623 3880 5702 parte'ﬂa-

2302 5681 2503 5741 banum
2536 5681 2691 5759 sequi
2722 5681 2947 5761 placuit.
