4006 6296
63 322 222 378 1561

953 319 1417 389 ρυιεετιοΝΕδ
1456 319 1847 383 HEBRAIQE.
1890 325 1958 383 IN
1999 326 2129 384 LIB.
2171 327 2215 385 ll
2254 327 2522 388 REGUM.

3254 334 3395 391 £563

64 446 157 490 tra
192 434 498 499 Philista'as
527 454 545 489 :
580 436 635 489 in
667 451 767 505 quo
800 436 1050 505 percussit
1080 434 1385 491 Adeodatus
1416 436 1555 506 ﬁlius
1576 439 1687 493 sal-
1714 454 1767 514 Α
1793 443 2038 517 magister
2064 460 2302 514 cperunt.
2352 446 2585 503 Cabseel
2626 450 2774 505 enim
2828 451 3253 523 interpretatur,
3279 472 3406 510 con-

63 539 158 582 tus
194 527 577 598 Polymitarius
600 524 997 582 Betltleltentites
1016 525 1228 581 Goliatlt
1248 524 1541 582 Getltteum.
1568 527 1687 586 Gob

63 621 231 675 cnim
268 622 659 687 interpretatus
682 620 848 673 lacus.
872 619 1084 674 Idcirco
1112 622 1281 688 lacus,
1312 624 1439 689 quia
1466 622 1607 675 sicut
1633 620 1686 675 in

63 711 272 766 lacum
317 712 537 765 leonum
566 713 691 781 quis
724 712 975 778 mittitur,
1004 710 1077 765 ita
1111 714 1469 782 semctipsom
1500 724 1689 768 contra

63 803 308 859 Goliath
342 803 506 857 David
554 805 721 857 misit.
754 804 1070 858 Adeodatus
1114 810 1232 873 ipse
1259 815 1342 858 est
1390 805 1577 858 David.
1606 805 1688 859 ld-

61 898 237 953 circo
275 898 477 950 dicitur
508 896 844 961 Adeodatus,
875 899 999 965 quia
1047 912 1076 948 a
1112 896 1225 951 Deo
1268 908 1354 950 est.
1396 901 1606 951 electus
1636 898 1687 953 in

61 1005 342 1061 regnum.
378 990 548 1042 Filius
580 989 773 1053 saltus,
802 991 927 1058 quia
955 989 1024 1044 de
1052 990 1194 1042 saltu
1219 989 1311 1043 ubi
1336 1004 1467 1043 oves
1496 1006 1689 1061 pasce-

63 1084 196 1147 bat,
228 1097 314 1137 εει
352 1088 599 1137 eductus.
633 1081 1022 1153 Polymitanus
1052 1098 1065 1135 :
1099 1082 1221 1149 quia
1260 1086 1328 1137 de
1360 1099 1558 1153 genere
1590 1083 1691 1138 Be-

62 1176 255 1231 seleel
282 1186 459 1230 mater
487 1182 607 1243 ejus
637 1173 756 1228 fuit.
796 1174 1247 1241 Bethlebeuntes,
1276 1192 1399 1246 qma
1426 1175 1613 1230 Noemi
1635 1184 1691 1230 et

63 1269 232 1324 Ruth
270 1280 519 1339 tempore
549 1270 817 1323 ubertatis
856 1283 1091 1323 rewrsa:
1142 1278 1270 1323 sunt
1298 1272 1348 1322 in
1382 1268 1685 1324 Bethleem.

64 1365 141 1419 Et
170 1364 306 1434 quia
346 1380 427 1433 pai
452 1362 500 1417 is
525 1377 687 1418 causa
716 1363 856 1415 Ruth
886 1377 915 1416 a
945 1362 1087 1417 Booz
1116 1374 1272 1418 nacta
1302 1372 1405 1423 est,
1439 1372 1691 1431 promer-

65 1474 138 1513 ea
173 1458 326 1512 idem
359 1459 531 1523 locus,
561 1457 759 1512 domus
798 1459 951 1527 panis
980 1468 1204 1512 vocatus
1234 1470 1336 1513 εει.
1369 1456 1525 1523 Quod
1559 1471 1689 1512 vero

64 1551 406 1606 Adeoilatus
447 1551 562 1619 ipse
592 1553 662 1605 sit
694 1550 887 1614 David,
916 1552 1198 1619 sequentia
1245 1550 1566 1613 declarant,
1597 1549 1687 1603 ubi

70 1649 161 1699 ait
189 1664 201 1697 :
244 1642 314 1698 Ili
336 1656 561 1713 quatuor
583 1645 689 1697 nati
710 1656 829 1697 sunt
858 1644 921 1697 de
946 1645 1181 1711 Aresplta
1207 1645 1259 1697 in
1297 1642 1449 1707 Gelli,
1482 1651 1531 1697 et
1560 1643 1689 1697 ccci-

70 1742 278 1795 dcrunt
301 1742 354 1793 in
388 1757 572 1794 manus
593 1739 786 1799 David.
813 1747 860 1791 et
896 1755 1158 1793 servorum
1188 1740 1327 1809 ejus.

155 1834 323 1907 (Cap.
361 1832 791 1889 XXlll.—Vrrs.
832 1834 907 1902 l.)
946 1833 1090 1887 Dixit
1112 1837 1220 1900 vir,
1244 1834 1328 1888 cui
1350 1834 1685 1887 constitutum

72 1938 157 1983 cst
191 1928 263 1981 de
292 1928 489 1981 christo
527 1926 622 1981 Dei
662 1926 849 1980 Iacob.
878 1926 935 1981 ln
972 1928 1204 1982 Hebraeo
1234 1944 1247 1980 :
1279 1926 1375 1980 Cui
1409 1928 1693 1980 constituta

73 2032 157 2076 est
189 2023 341 2077 scala
375 2022 569 2074 christo
606 2018 705 2075 Dei
748 2018 934 2075 Iacob.
959 2019 1122 2075 Sosila
1156 2020 1334 2074 eidem
1365 2020 1574 2075 Christo
1600 2019 1697 2074 Dei

72 2114 285 2181 Jac-oh,
314 2113 366 2167 id
398 2122 506 2180 est,
535 2112 727 2180 David,
752 2114 1050 2168 constituta
1079 2124 1161 2168 est
1182 2154 1197 2178 ,
1225 2128 1320 2183 per
1351 2129 1514 2184 quam
1558 2128 1695 2167 con-

75 2209 387 2261 scenderet
415 2208 482 2259 ad
517 2206 686 2260 Demn
725 2223 739 2259 :
774 2221 842 2260 eo
875 2205 1023 2275 quod
1052 2205 1197 2261 idem
1227 2206 1445 2261 scilicet
1475 2206 1693 2260 confes-

76 2311 182 2351 sus
215 2299 385 2351 fuerit
405 2314 465 2349 se
490 2311 747 2365 peccasse
771 2296 1009 2351 Domino
1029 2298 1079 2350 in
1102 2295 1228 2352 Uria
1251 2296 1447 2352 Ethazo
1466 2338 1482 2365 ,
1508 2308 1561 2353 et
1583 2314 1695 2367 pte-

84 2394 392 2450 nitenttam
426 2407 597 2463 agens
639 2408 736 2464 per
767 2394 910 2449 hanc
951 2394 1157 2448 scalam
1204 2394 1596 2449 conscenderit
1625 2393 1693 2449 ad

84 2472 295 2543 Deum.

162 2577 359 2649 (lbid.)
384 2575 514 2631 Haec
534 2586 653 2631 sunt
678 2577 829 2631 verba
858 2576 1027 2631 David
1054 2577 1355 2631 novissima.
1384 2577 1694 2633 Novissima

82 2682 250 2737 sunt,
278 2672 407 2741 quia
461 2681 587 2741 post
629 2672 979 2741 psalterium,
1011 2679 1069 2726 et
1113 2681 1315 2725 caetera
1359 2682 1553 2736 metra,
1590 2672 1695 2727 hoc

84 2767 480 2831 Composuisse
511 2771 749 2816 metrum
777 2761 1006 2828 dicitur,
1032 2763 1085 2815 iu
1108 2776 1218 2832 quo
1251 2760 1327 2815 ait
1362 2780 1372 2815 :
1409 2760 1556 2817 Dixit
1589 2762 1696 2817 Da-

88 2856 177 2911 vid
196 2856 341 2926 ﬁlius
360 2854 492 2910 Isai.
526 2854 671 2910 Dixit
693 2857 795 2923 vir,
819 2857 905 2910 cui
927 2859 1208 2911 constituta
1236 2868 1311 2911 est
1334 2857 1475 2910 scala
1495 2856 1695 2913 cliristo

89 2951 193 3006 Dei
226 2949 409 3007 Iacob.

166 3045 355 3117 (Vera.
384 3047 498 3115 15.)
529 3043 595 3099 Et
622 3046 997 3100 descenderunt
1026 3055 1128 3101 tres
1154 3055 1179 3083 ι
1206 3047 1295 3117 qui
1325 3054 1471 3099 erant
1503 3046 1698 3113 princi-

92 3156 187 3211 pes
212 3139 347 3192 inter
372 3138 609 3211 triginta,
636 3149 683 3192 et
732 3148 974 3192 venerunt
1020 3139 1076 3192 in
1126 3149 1352 3209 tempore
1400 3139 1580 3193 messis
1626 3138 1696 3192 ad

1792 538 2025 607 gregatio
2056 535 2174 591 Dei.
2210 538 2468 602 Magister
2497 542 2643 597 enim
2692 555 2815 601 erat
2856 545 2924 601 de
2964 549 3395 620 congregatione

1794 627 1912 693 Dei,
1942 629 1992 682 id
2023 639 2127 695 est,
2161 628 2364 685 Cerethi
2393 643 2440 686 et
2490 633 2750 700 Phelethi,
2782 637 2876 707 qni
2926 639 3394 710 interpretantur,

1793 720 2081 775 occidentes
2123 733 2169 777 ct
2214 724 2552 793 viviﬁcantes.
2588 725 2711 796 Ipse
2740 731 2994 800 percussit
3037 734 3170 787 duos
3214 734 3390 790 leones

1796 812 1975 881 Moab,
2004 815 2053 868 itl
2080 826 2185 879 est,
2215 816 2353 869 duos
2384 817 2716 873 l'orlis~imns
2755 822 2903 875 viros
2947 822 3125 876 Moab.
3158 824 3400 892 Quando

1793 908 1939 961 enim
1996 908 2165 961 David
2209 910 2427 965 eosdem
2464 912 2732 967 Moabitas
2766 914 2910 969 bello
2960 930 3254 985 aggressus
3284 928 3395 985 est,

1792 1011 1849 1057 et
1894 1002 2021 1057 fecit
2064 1014 2175 1058 tres
2225 1003 2520 1069 funiculus,
2566 1007 2704 1062 duos
2736 1008 2801 1063 ad
2847 1010 3312 1074 Innrtilicandnm,
3341 1020 3401 1067 et

1795 1111 1959 1149 unum
1988 1095 2054 1150 ad
2080 1096 2458 1152 viviﬁcandnm
2493 1118 2504 1152 :
2538 1102 2623 1153 isti
2665 1110 2941 1169 potentes,
2972 1103 3243 1156 Moabitas
3278 1111 3401 1157 tne-

1794 1187 2011 1242 bantur.
2047 1187 2115 1241 Et
2144 1191 2256 1261 ipse
2284 1192 2546 1245 descendit
2570 1204 2619 1247 et
2644 1196 2899 1264 percussit
2927 1196 3125 1250 leonem
3146 1196 3198 1248 in
3223 1196 3397 1249 media

1794 1280 2105 1342 cisterna,in
2134 1282 2310 1335 diebus
2342 1284 2491 1336 nivis.
2521 1283 2629 1338 Leo
2653 1284 2775 1351 iste,
2800 1286 2941 1341 Joab
2967 1286 3086 1339 fuit.
3116 1285 3171 1339 ltt
3214 1286 3399 1340 media

1794 1376 2054 1430 cisterna.
2094 1374 2143 1427 id
2169 1387 2275 1442 est,
2311 1376 2363 1429 in
2392 1377 2556 1431 domo
2589 1378 2829 1443 Domini,
2864 1378 2955 1433 ubi
2997 1394 3172 1435 cornu
3198 1379 3402 1434 altaris

1796 1468 2033 1521 tenebat.
2061 1466 2309 1545 Cisterna
2342 1469 2465 1523 ideo
2507 1470 2739 1536 dicitur,
2770 1471 2899 1538 quia
2937 1473 3083 1526 sicut
3118 1487 3257 1541 aqua
3288 1473 3398 1526 cis-

1795 1569 1964 1614 terna:
1990 1561 2314 1615 munditiam
2348 1560 2505 1616 aliert
2537 1582 2548 1614 :
2577 1562 2650 1615 ita
2676 1562 2843 1617 ctiam
2892 1563 3251 1619 nihilominus
3282 1562 3403 1620 hzec

1792 1652 2060 1717 cisterna,
2094 1653 2145 1706 id
2174 1662 2280 1716 est,
2326 1656 2697 1708 sanctuarium
2738 1654 2990 1719 Domini,
3026 1666 3243 1725 peccata
3298 1671 3401 1711 ex-

1797 1747 1997 1817 piabat.
2036 1745 2100 1800 Iu
2134 1748 2315 1801 diebus
2357 1750 2525 1803 nivis:
2556 1750 2692 1817 Quia
2750 1765 2847 1819 per
2898 1760 3127 1806 mortem
3159 1753 3405 1819 expiavit

1717 1846 1766 1906 B
1794 1851 2114 1909 peccatum:
2140 1840 2293 1911 juxta
2320 1842 2451 1895 illud
2483 1841 2798 1896 Psalmistaa
2829 1860 2840 1893 :
2869 1842 3093 1897 Lavabis
3116 1860 3195 1895 me
3223 1841 3402 1913 (Psal.

1802 1930 1854 2003 ι)
1890 1946 1901 1979 :
1937 1931 2081 2001 quod
2119 1932 2403 2001 impletum
2449 1941 2533 1986 est
2573 1932 2626 1985 in
2658 1932 2835 1986 media
2870 1933 3138 2000 cisterna,
3169 1946 3214 1986 et
3246 1951 3403 2003 super

1798 2026 1965 2079 nivem
1994 2026 2314 2081 dealbabor:
2342 2025 2489 2096 quod
2514 2026 2799 2096 impletum
2832 2038 2919 2082 est
2945 2028 2999 2082 in
3029 2042 3099 2083 eo
3126 2028 3272 2098 quod
3297 2029 3399 2093 ait,

1796 2118 1849 2171 in
1872 2117 2046 2171 diebus
2075 2118 2227 2171 nivis.

1868 2208 2052 2278 (Vers.
2077 2207 2194 2265 2|.)
2228 2207 2349 2280 Ipse
2368 2227 2569 2280 quoque
2590 2212 2840 2281 interfecit
2868 2212 3033 2265 virum
3054 2210 3395 2283 .Egyntium,

1799 2300 1824 2341 δ
1858 2302 2022 2357 virum
2050 2302 2265 2375 dignum
2290 2302 2605 2370 spectaculo.
2638 2302 2733 2358 Vir
2760 2304 2864 2359 iste
2900 2303 3192 2375 Egyptius
3219 2304 3408 2361 Semei

1800 2399 1941 2455 lilius
1962 2398 2088 2453 Jera
2111 2400 2231 2463 luit,
2251 2399 2343 2469 qui
2368 2399 2653 2453 maledixit
2674 2399 2865 2453 David.
2895 2398 3193 2454 Sciendum
3217 2410 3399 2454 autem

1797 2494 1942 2564 quod
1974 2495 2120 2548 idem
2154 2494 2336 2548 Semei
2380 2494 2447 2548 de
2479 2491 2770 2547 Baliarium
2810 2492 2944 2559 fuit,
2976 2493 3028 2548 id
3059 2503 3174 2555 est.
3206 2494 3400 2548 electis.

1797 2585 1927 2645 Ideo
1968 2585 2251 2657 Egyptius
2291 2586 2538 2640 dicitur:
2586 2587 2710 2656 quia
2745 2599 2915 2654 opera
2961 2585 3107 2639 illius
3160 2584 3409 2656 Egyptii

1800 2678 1968 2733 Deum
1993 2662 2450 2749 blasphemantis,
2482 2694 2643 2745 quem
2671 2677 2886 2749 Moyses
2910 2676 3137 2745 iubente
3169 2676 3404 2732 Domino

1799 2770 2073 2826 interfecit
2101 2772 2153 2824 in
2184 2785 2411 2835 eremo,
2447 2770 2694 2825 imitatus
2734 2770 2835 2823 fuit
2864 2768 3059 2838 (Lavit.
3090 2768 3273 2839 ικιν).
3310 2768 3409 2824 ille

1799 2868 1944 2922 enim
1969 2864 2367 2935 blasphemavit
2393 2865 2560 2918 Deum
2584 2906 2600 2929 ,
2632 2874 2685 2918 et
2715 2864 2818 2919 iste
2848 2864 3133 2918 maledixit
3163 2862 3405 2933 prOphe-

1802 2967 1909 3011 tam
1960 2965 2017 3012 et
2053 2972 2261 3027 regem.
2295 2954 2524 3027 Dignum
2564 2957 2858 3027 spectaculo
2890 2972 2908 3009 :
2941 2955 2992 3009 id
3025 2965 3142 3023 est,
3186 2956 3406 3029 dignum

1803 3060 1986 3103 morte.
2023 3050 2456 3117 Exsin-ctahatur
2490 3050 2661 3113 enim,
2686 3058 2743 3102 ut
2768 3048 2812 3102 si
2856 3048 3216 3118 egrederetur
3245 3047 3411 3103 Jeru-

1799 3141 1995 3208 salem,
2030 3141 2457 3196 interliceretur.
2493 3139 2782 3194 [labentem
2811 3141 2863 3193 in
2894 3158 3052 3194 manu
3080 3139 3285 3195 hastam
3310 3187 3324 3211 ,
3352 3141 3406 3195 id

92 3229 269 3284 David
296 3231 352 3283 in
381 3231 675 3297 speluncam
705 3228 974 3284 Odollam.
999 3231 1139 3286 Tres
1166 3231 1255 3286 isti
1289 3232 1531 3297 fuerunt,
1564 3232 1695 3287 Abi-
1724 3233 1769 3295 C
1803 3247 1886 3290 cst
1910 3280 1923 3301 ,
1957 3235 2117 3307 legem
2148 3233 2246 3289 Dei
2276 3250 2296 3288 :
2328 3248 2491 3303 quam
2524 3234 2572 3287 si
2604 3233 2898 3288 meditatus
2929 3234 3125 3287 fuisset
3150 3276 3164 3293 .
3200 3248 3416 3304 perma-

92 3326 174 3377 sai
208 3322 358 3376 ﬁlius
402 3322 633 3386 Sarvite,
664 3333 721 3377 et
760 3322 1059 3378 Sihliachai
1093 3322 1395 3386 Uaathites.
1426 3334 1480 3378 et
1526 3322 1697 3378 Jonao

94 3416 229 3471 than
265 3414 406 3470 ﬁlius
436 3416 692 3472 Setnmaa
726 3418 911 3471 fratris
941 3417 1138 3472 Dauid.
1171 3417 1235 3471 lii
1266 3417 1431 3472 etiam
1480 3426 1591 3471 tres
1628 3417 1703 3471 ir-

92 3519 367 3578 ruperunt
393 3520 569 3563 Cilsil'a
602 3507 1041 3573 Philistinorum,
1072 3521 1126 3562 et
1165 3507 1469 3562 hauserunt
1499 3524 1698 3575 aquam

94 3603 166 3657 de
194 3602 433 3657 cisterna
468 3602 780 3657 Bethleem.
818 3601 883 3656 Et
911 3603 981 3656 de
1010 3604 1184 3656 tribus
1219 3602 1339 3656 istis
1362 3601 1547 3657 Abisai
1587 3604 1700 3673 pri-

95 3711 222 3750 mus
254 3704 393 3756 erat,
427 3696 570 3765 quod
605 3696 658 3747 in
691 3697 1055 3760 sequentibus
1086 3696 1426 3749 declaratur.

172 3793 358 3865 (Vera.
381 3790 499 3863 18.)
522 3791 697 3845 Abisai
722 3807 925 3862 quoque
949 3791 1112 3860 frater
1130 3789 1288 3852 Joab,
1313 3790 1457 3860 ﬁlius
1478 3790 1701 3859 Serviat,

97 3887 347 3956 princeps
365 3895 474 3939 erat
498 3887 565 3938 de
594 3885 757 3939 tribus
784 3885 920 3950 istis,
940 3886 1236 3938 nominatus
1267 3885 1323 3937 in
1354 3884 1463 3938 illis
1492 3885 1653 3938 tribus
1682 3901 1701 3937 :

98 3990 147 4034 et
180 3980 317 4031 inter
350 3990 452 4031 tres
482 3977 706 4032 nobilior
728 3988 939 4047 eratque
968 3994 1144 4030 eorunt
1176 3978 1415 4045 princeps
1449 3992 1467 4029 :
1492 3976 1583 4029 sed
1611 3992 1701 4027 us-

104 4087 208 4140 que
252 4070 322 4122 ad
350 4078 452 4123 tres
484 4087 586 4124 non
636 4082 955 4137 pervenerat,
991 4070 1041 4123 id
1087 4076 1197 4134 est,
1223 4069 1288 4123 ad
1334 4080 1444 4124 tres
1473 4068 1704 4122 virtutes

102 4164 316 4219 David:
350 4164 677 4230 sapientiam
708 4165 968 4219 videlicet
994 4173 1050 4217 et
1080 4163 1443 4218 humilitatem
1500 4170 1555 4217 et
1592 4163 1705 4217 for-

98 4256 286 4311 titudii
312 4272 397 4310 em
430 4272 443 4310 :
468 4256 611 4309 sicut
635 4256 686 4310 in
715 4255 1159 4324 prirciidentihus
1184 4254 1361 4326 (Veis.
1389 4254 1446 4322 8)
1468 4255 1699 4309 dicitur:

178 4347 378 4403 Sedens
407 4348 461 4401 in
492 4345 739 4401 cathedra
792 4347 1204 4415 sapientissimus
1237 4361 1255 4398 :
1295 4345 1434 4398 Ecce.
1483 4345 1703 4412 sapien-

102 4441 203 4495 tia.
240 4436 364 4504 Ipse
390 4448 467 4491 est
493 4440 641 4507 quasi
671 4439 977 4491 tenerrimns
1006 4437 1136 4509 ligni
1177 4434 1526 4489 vermiculus:
1560 4436 1703 4491 Ecce

102 4531 405 4587 humilitas.
436 4530 539 4594 Qui
562 4532 877 4601 octingentos
900 4530 1153 4599 interfecit
1175 4528 1364 4594 impetu
1387 4546 1494 4582 uno
1520 4529 1701 4584 :Ecrc

1804 3326 1986 3381 nendo
2028 3328 2083 3380 in
2139 3325 2481 3389 Jerusalem,
2516 3340 2621 3378 non
2670 3329 3057 3394 perimeretur.
3088 3324 3225 3392 Quia
3276 3341 3410 3396 ergo

1806 3430 2146 3490 prmceptum
2180 3420 2326 3489 regis
2360 3429 2381 3455 ο
2414 3416 2631 3472 irritum
2663 3416 2790 3472 fecit
2816 3458 2831 3481 ,
2858 3418 3107 3471 exeumlo
3140 3420 3286 3471 iuras
3315 3418 3412 3472 Je-

1804 3513 2044 3568 rusalem
2083 3530 2095 3566 :
2130 3512 2340 3567 idcirco
2374 3512 2426 3566 in
2458 3527 2583 3565 eum
2616 3526 2642 3563 a
2677 3510 2879 3564 Banaia
2907 3510 2959 3563 in
2986 3509 3132 3578 virga
3154 3551 3170 3575 ,
3208 3509 3259 3562 id
3292 3520 3403 3577 est,

1802 3605 2136 3661 rectitudine
2176 3604 2405 3673 justitiie
2434 3603 2761 3657 dest-ensum
2796 3610 2879 3654 est
2914 3618 2927 3653 :
2961 3610 3014 3655 et
3047 3600 3203 3654 basta
3244 3616 3409 3670 quam

1805 3715 1914 3753 non
1943 3709 2151 3754 rectam
2185 3696 2401 3751 tenebat
2426 3737 2441 3759 ,
2475 3695 2527 3748 vi
2560 3695 2629 3749 ab
2660 3709 2731 3748 eo
2760 3701 2976 3747 extorta
3009 3702 3116 3746 est.
3152 3692 3218 3745 Et
3248 3694 3409 3747 inter-

1806 3794 1925 3863 fecit
1952 3809 2066 3845 eum
2086 3793 2234 3845 hasta
2265 3805 2379 3843 sua.
2414 3788 2576 3842 llasta
2602 3788 2749 3841 enim
2780 3801 2875 3840 sua
2903 3786 3266 3849 interemptus
3298 3795 3407 3853 est,

1805 3884 1930 3953 quia
1966 3898 2073 3936 non
2106 3879 2465 3935 custodiendo
2512 3880 2711 3947 legem.
2755 3877 2890 3946 legis
2918 3890 3154 3928 censura
3201 3890 3417 3941 perem-

1807 3988 1930 4046 ptus
1974 3984 2080 4029 est.
2114 3974 2170 4027 lu
2229 3974 2349 4043 lege
2396 3976 2541 4026 enim
2574 3972 2647 4025 ita
2682 3969 2947 4037 scriptum
2993 3978 3075 4022 est
3115 3984 3128 4020 ;
3161 3965 3277 4021 Diis
3308 3984 3413 4022 non

1806 4066 2066 4131 detrahes,
2084 4076 2131 4119 et
2155 4066 2438 4135 principem
2463 4062 2645 4135 populi
2675 4064 2748 4116 tui
2778 4079 2881 4116 non
2913 4059 3190 4115 maledices
3211 4060 3412 4134 (Exodi

1806 4176 1947 4221 χιιι,
1982 4158 2097 4225 28).

1878 4251 2062 4322 (Vers.
2088 4249 2207 4321 ει.)
2234 4250 2362 4305 ch
2389 4251 2508 4321 fecit
2538 4248 2766 4302 Banaias
2788 4248 2931 4317 ﬁlius
2956 4247 3181 4302 Joiadte.
3208 4246 3277 4301 Et
3299 4251 3412 4321 ipse

1805 4346 2102 4398 nominatus
2130 4344 2265 4397 inter
2288 4352 2389 4397 tres
2410 4342 2676 4407 robustos,
2705 4341 2793 4411 qui
2835 4352 2981 4393 erant
3020 4342 3231 4413 triginta
3272 4342 3420 4397 nobi-

1807 4440 1981 4493 liores.
2016 4437 2366 4505 intelligitur,
2398 4435 2523 4504 quia
2566 4433 2684 4502 ipse
2733 4433 3011 4488 nominari
3041 4435 3239 4505 dignus
3268 4445 3421 4492 esset

1808 4532 1949 4587 inter
1971 4542 2081 4586 tres
2111 4530 2388 4595 robusms,
2424 4528 2476 4582 id
2508 4539 2615 4592 est,
2648 4528 2856 4589 Abisai.
2891 4528 3213 4595 Sibhachai,
3242 4544 3293 4585 ct
3327 4529 3421 4586 Jo-

103 4623 392 4679 fortitndo.
424 4622 505 4675 Ad
553 4621 649 4675 has
680 4635 792 4675 tres
816 4622 1047 4675 virtutes
1076 4636 1238 4673 nemo
1268 4618 1489 4673 fortium
1530 4620 1698 4674 David
1730 4615 1780 4674 D
1810 4626 2011 4678 nathan
2041 4642 2054 4677 :
2087 4624 2288 4693 quippe
2318 4621 2409 4686 qui
2441 4622 2650 4675 virihus
2690 4622 2773 4676 eis
2821 4622 3158 4691 atquiparari
3206 4633 3416 4693 posset.

103 4712 619 4786 pervenitJdcirco
662 4723 844 4768 autem
882 4712 1111 4767 Eleazar
1156 4712 1303 4766 inter
1343 4720 1460 4766 tres
1509 4712 1701 4777 fortes,

104 4804 201 4875 qui
229 4814 386 4858 erant
417 4818 540 4858 cum
572 4803 739 4860 David
776 4802 945 4857 fllisﬁe
975 4803 1181 4857 dicitur
1211 4821 1222 4856 :
1248 4804 1377 4874 quia
1406 4803 1456 4855 in
1485 4818 1553 4859 eo
1579 4819 1709 4873 prae-

110 4898 209 4961 lio,
242 4896 293 4950 in
320 4912 432 4966 quo
457 4896 625 4950 David
650 4896 927 4951 interfecit
950 4900 1305 4966 octingentos
1335 4896 1540 4963 impetu
1574 4912 1705 4964 uno,

109 4999 165 5045 et
203 4988 475 5044 Ionathan
509 4988 650 5044 illius
679 4989 903 5044 Semina
939 4989 1115 5042 virum
1162 4988 1453 5043 habentem
1502 4989 1708 5060 digitos

109 5080 300 5151 viginti
326 5089 561 5148 quatuor
588 5081 883 5137 interfecit.
920 5081 974 5135 In
1018 5097 1086 5137 eo
1132 5079 1302 5135 etiam
1339 5080 1531 5150 przelio
1562 5081 1704 5134 idem

114 5176 336 5229 Eleazar
364 5176 629 5243 percussit
657 5174 993 5240 Philistteos,
1017 5176 1196 5231 donec
1222 5174 1485 5231 deficeret
1514 5189 1708 5229 manus

114 5268 255 5338 ejus,
278 5274 335 5321 et
363 5268 737 5336 obrigescvret
770 5284 892 5323 cum
916 5268 1122 5339 gladio.

190 5358 363 5431 (Vers.
394 5356 514 5428 20.)
542 5357 605 5412 Et
636 5356 868 5413 Banaias
914 5360 1057 5429 ﬁlius
1085 5358 1300 5425 Ioiarle,
1331 5358 1433 5427 ﬁlii
1459 5359 1555 5412 viri
1596 5362 1708 5420 for-

117 5453 299 5507 tissimi
324 5467 633 5522 magnorum
655 5468 867 5523 cperunt
890 5452 955 5506 de
976 5449 1208 5505 Cabseel.
1232 5449 1543 5505 Notandum
1567 5452 1712 5519 quod

118 5547 178 5602 in
223 5544 453 5602 Hebrteo
500 5560 611 5599 non
654 5544 911 5612 habetur,
954 5559 1263 5617 magnorum
1304 5559 1539 5614 operum,
1590 5542 1711 5610 sed,

198 5754 222 5813 ξι
250 5738 397 5813 λίθω
420 5753 551 5806 ms.,
575 5738 951 5798 descenderunt
980 5742 1082 5797 tres
1112 5737 1231 5808 viri,
1265 5738 1509 5813 qui._elc.
1562 5802 1589 5810 η

198 5804 223 5852 δ
257 5808 388 5871 Cum
414 5804 638 5884 vulgato
666 5814 783 5877 ipso
812 5812 1108 5881 Interprete
1134 5804 1334 5869 uoinén
1355 5804 1519 5865 virttnt
1550 5804 1708 5877 seps-

1810 4714 1886 4769 Hi
1936 4717 2093 4768 etiam
2151 4724 2254 4768 tres
2293 4723 2438 4767 crant
2504 4730 2660 4785 super
2718 4714 2956 4783 triginta.
3003 4714 3071 4768 Et
3128 4731 3198 4769 ne
3253 4730 3422 4784 quem

1809 4817 2045 4873 moveat,
2106 4805 2252 4875 quod
2309 4806 2362 4859 in
2415 4821 2625 4859 summa
2689 4821 2795 4859 non
2852 4806 3099 4875 triginta,
3160 4805 3256 4860 sed
3324 4807 3423 4859 tri-

1809 4899 1958 4968 ginta
2014 4908 2226 4967 septem
2280 4897 2553 4965 legantur.
2602 4895 2851 4963 Triginta
2902 4895 3049 4949 enim
3104 4903 3161 4949 et
3209 4903 3421 4966 septem

1807 4999 1937 5045 sunt
1967 4990 2073 5045 hoc
2105 4987 2269 5043 modo
2298 5006 2312 5041 :
2344 4996 2555 5045 sentem
2597 4987 2857 5041 videlicet
2884 4987 3142 5042 fortiores
3186 4990 3238 5044 hi
3270 5001 3424 5061 sunt,

1810 5082 2004 5149 David,
2059 5081 2151 5151 qui
2202 5079 2511 5148 appellatur
2565 5077 2902 5140 Adeodatus,
2950 5078 3166 5146 Abisai,
3222 5081 3425 5137 Sibba-

1806 5174 1955 5238 chai,
1985 5173 2283 5239 Jouathan,
2326 5170 2584 5235 Eleazar,
2640 5170 2921 5235 Semmaa,
2971 5170 3119 5225 filius
3149 5175 3315 5242 Agg'c
3353 5175 3426 5231 de

1810 5267 1991 5333 Arari,
2023 5279 2075 5322 et
2106 5266 2374 5328 Banaias;
2405 5280 2539 5320 ecce
2589 5275 2823 5334 septem.
2854 5264 3098 5334 Triginta
3131 5279 3315 5322 autem
3368 5269 3424 5323 hi

1814 5368 1963 5422 sunt,
2018 5357 2204 5421 ASaGI,
2258 5356 2519 5422 Eleanan,
2571 5355 2787 5412 St'mmzi
2838 5355 2907 5409 de
2958 5354 3149 5420 Aradi,
3199 5356 3417 5427 Eliclta,

1818 5452 1969 5517 Elrz,
2005 5450 2153 5511 llira,
2189 5448 2474 5509 Habiezer,
2522 5447 2801 5510 Mobuuai,
2855 5445 3099 5514 Selinon,
3154 5449 3421 5517 Maharai,

1811 5540 2013 5611 Eleph,
2043 5540 2298 5609 Banaias,
2329 5538 2679 5595 Phratonites
2706 5579 2722 5604 ,
2751 5538 2942 5607 Eldar,
2972 5538 3133 5594 Hidai
3162 5581 3176 5606 ,
3209 5541 3423 5598 Albia!-

1827 5734 2204 5807 iitmeusms.
2893 5778 3098 5807 ,ι
3270 5784 3273 5791 ,

1890 5789 2103 5861 t(Vibius
2132 5789 2261 5865 nim.
2294 5796 2427 5871 testi
2451 5794 2717 5869 Abap‘ana.
2742 5789 2796 5860 id
2830 5792 2927 5863 αὶ.
2950 5789 3174 5867 irritant.
3206 5812 3315 5863 sttit
