4006 6294
118 323 269 379 1365

878 304 1342 386 QUASTtONIss
1380 305 1783 375 uestinum.
1824 316 1892 374 IN
1935 310 2067 374 LIB.
2111 317 2131 372 1
2174 306 2784 378 PARALI'POMENON.

3297 326 3435 383 I366

117 448 195 493 set
218 449 335 511 post
366 436 643 503 Adoniam,
676 443 719 489 et
752 450 853 487 non
886 433 1189 487 decliuasset
1228 443 1341 505 post
1376 432 1728 500 Salomonem,
1761 436 1814 497 Α
1839 435 1867 474 δ
1890 440 1981 508 qui
2012 448 2067 494 et
2102 440 2205 494 Var
2232 450 2476 494 vocatur.
2503 440 2600 493 Zib
2626 442 2771 495 enim
2799 443 3213 513 interpretatur,
3246 444 3443 498 vultus.

119 532 178 586 id
222 540 333 595 est,
370 531 518 586 venit
548 530 615 585 ad
640 544 764 584 eum
792 528 952 593 fama,
978 530 1117 597 quod
1154 530 1205 581 in
1236 529 1397 579 domo
1429 530 1738 583 Salomonis

120 626 413 680 dici-retur
442 623 593 678 illum
626 632 875 676 secutum
908 636 1012 673 non
1045 619 1212 673 fuisse
1241 618 1610 683 Salonionem,
1645 616 1741 674 sed

122 717 451 772 declinasse
480 723 600 783 pust
621 713 888 766 Adoniatn
915 730 927 765 :
962 722 1021 764 ιιι
1044 709 1257 765 scilicet
1278 720 1566 779 antequam
1598 704 1743 765 Ado-

126 810 254 864 nias
287 808 599 863 affectasset
628 821 854 875 regnum
882 846 896 869 ,
938 804 1285 859 Salntuunem
1323 818 1426 857 non
1459 803 1740 873 dilexisse,

126 917 237 957 nec
267 902 317 954 ei
355 901 580 961 favisse;
611 901 705 953 srd
738 899 807 950 ab
838 914 904 952 eo
931 897 1235 951 declinasse
1264 896 1562 963 diceretur,
1598 888 1741 966 quod

128 1004 310 1050 totum
345 994 422 1048 rei
459 993 707 1062 probavit
737 999 985 1045 eventus.

204 1087 396 1157 (Ve'rs.
426 1080 543 1140 34.)
574 1082 920 1155 Septtltusque
948 1090 1021 1135 est
1042 1078 1177 1134 Ιοηὸ
1201 1080 1251 1133 in
1281 1080 1433 1132 domo
1463 1080 1633 1132 suain
1658 1077 1746 1130 de-

129 1193 294 1236 serto.
319 1181 600 1234 Desertum
624 1180 710 1231 ltic
727 1192 826 1245 pro
841 1175 1109 1229 munditia
1125 1175 1368 1243 punitur.
1386 1168 1580 1227 Munda
1598 1174 1741 1225 enim

132 1278 283 1331 sicut
305 1273 586 1328 desertum
609 1272 804 1323 tlutnus
830 1270 946 1335 ejus
977 1267 1153 1322 fuerat
1180 1268 1247 1319 ab
1271 1267 1417 1319 omni
1445 1265 1746 1334 pollutione

132 1378 190 1423 et
220 1366 513 1435 Sanguine,
542 1374 772 1430 excepto
798 1364 1060 1431 sanguine
1086 1359 1270 1413 Abner
1300 1368 1355 1413 et
1383 1361 1617 1411 Amas-a2.

213 1462 371 1536 (Cap.
407 1460 475 1515 lll
514 1460 754 1513 —Vers.
791 1458 872 1529 5.)
909 1457 1104 1510 Dilexit
1134 1468 1307 1529 autem
1348 1454 1602 1509 Salomon
1636 1452 1746 1507 Do-

137 1558 358 1617 minum,
390 1552 668 1606 ambulans
700 1553 751 1604 in
786 1550 1058 1621 prteceptis
1091 1544 1261 1600 Darid
1304 1548 1468 1615 patris
1498 1548 1579 1598 sui
1610 1562 1627 1599 :
1656 1562 1746 1600 ea:-

142 1660 290 1718 ccpto
321 1647 458 1709 quod
496 1645 550 1698 in
594 1644 813 1697 excelsis
854 1640 1175 1694 immolabat.
1226 1639 1362 1693 llioc
1414 1642 1559 1707 patet
1592 1638 1743 1693 Salo-

141 1754 269 1794 mon
316 1738 367 1791 in
417 1751 505 1803 eo,
554 1735 699 1807 quod
732 1735 854 1787 ait:
900 1729 1213 1785 Intmolabat
1251 1733 1305 1784 in
1337 1728 1571 1793 excelsis,
1619 1729 1743 1796 quia

1842 527 2050 583 Idcirco
2093 532 2270 583 vultus
2292 573 2304 591 ,
2352 531 2474 600 quia
2508 532 2560 585 in
2594 532 2938 586 dedicatione
2964 534 3172 601 Templi
3203 576 3217 599 ,
3270 534 3444 587 nubes

1842 623 2030 691 gloriae
2071 623 2249 677 vultus
2293 624 2503 677 Dontini
2554 627 2688 678 texit
2732 626 3039 695 Templum.
3103 628 3211 682 Var
3257 637 3440 681 autem

1842 716 2257 785 interpretatur,
2295 734 2468 783 par-or.
2496 718 2624 772 ideo
2657 734 2845 787 pavor,
2874 720 2998 787 quia
3032 721 3257 774 timetur
3283 736 3350 773 ne
3380 734 3444 774 ea

1846 824 1963 878 qnzr
1995 810 2171 880 fruges
2204 821 2361 863 terrae
2384 810 2606 872 debent,
2634 812 2685 865 in
2718 814 2822 867 huc
2854 828 3041 867 mense
3068 812 3217 868 aeris
3251 814 3445 867 intem-

1846 903 2087 970 perantia
2123 901 2457 956 infructuosa
2488 903 2637 956 ﬁant.

1921 994 2076 1065 (tjap.
2115 994 2221 1049 Vll.
2248 995 2495 1049 —-Vers.
2544 994 2659 1063 15.)
2710 995 2859 1049 Misit
2904 1014 3104 1067 quoque
3148 1012 3241 1049 rea:
3289 994 3447 1050 Solo—

1848 1103 1988 1149 mon,
2026 1095 2071 1138 et
2102 1085 2219 1139 tuli!
2259 1086 2443 1139 (liram
2471 1086 2535 1139 de
2564 1087 2701 1157 Tyro
2732 1088 2903 1156 filium
2926 1088 3158 1141 mulieris
3190 1089 3358 1141 ridute
3383 1088 3447 1141 de

1844 1179 1977 1230 tribu
2000 1176 2363 1243 Nephthalim,
2390 1191 2537 1249 patre
2559 1178 2719 1249 Tyrio
2741 1181 2995 1249 artiﬁcem
3020 1178 3449 1234 cerarium.Unde

1848 1281 1901 1325 et
1938 1272 1989 1323 in
2034 1270 2493 1340 Paralipomenon
2536 1273 2739 1341 legitur
2783 1292 2796 1326 :
2846 1273 2969 1325 Misi
3012 1288 3133 1343 ergo
3163 1271 3255 1324 tibi
3284 1274 3451 1324 cirum

1848 1366 2153 1435 prudentem
2188 1374 2236 1419 et
2293 1366 2698 1418 scientissimum
2751 1364 2957 1417 Harant
2998 1377 3200 1435 patrem
3247 1381 3451 1431 meum,

1848 1457 2017 1527 ﬁlium
2058 1459 2291 1512 mulieris
2333 1460 2394 1512 de
2432 1460 2639 1529 ﬁliabus
2680 1457 2835 1527 Dan,
2879 1463 3034 1532 cujus
3072 1470 3219 1529 paler
3259 1457 3453 1528 Tyrius

1851 1553 1946 1619 fuit
1978 1551 2043 1623 (ll
2066 1552 2191 1605 Par.
2217 1568 2285 1611 tt.
2308 1554 2414 1621 l5).
2456 1555 2521 1605 lit
2549 1554 2881 1616 notandum,
2906 1552 3050 1619 quod
3087 1554 3137 1603 in
3159 1550 3449 1604 Malacbim

1849 1643 2064 1700 llieram
2105 1646 2307 1699 dicitur
2356 1663 2367 1698 :
2420 1647 2473 1699 in
2516 1644 2977 1712 Paralipomenon
3025 1659 3159 1699 vero
3219 1644 3449 1698 lluram.

1854 1736 2035 1790 lliram
2066 1739 2209 1791 enim
2239 1739 2651 1805 interpretatur,
2682 1738 2801 1789 vivit
2824 1735 3060 1789 sublimis
3085 1752 3103 1789 :
3132 1735 3335 1789 lluraut
3361 1751 3457 1789 au-

142 1838 380 1902 quatuor
423 1829 582 1881 annis
624 1834 911 1879 cunctatus
938 1832 1022 1876 est
1070 1823 1345 1875 aedilieare
1378 1820 1601 1873 domum
1637 1819 1742 1872 Do-

1861 1845 1983 1892 ;em,
2009 1828 2147 1882 Deus
2178 1830 2432 1883 excelsus.
2459 1828 2641 1881 Iliratn
2668 1830 2718 1880 in
2746 1828 3031 1881 Malacltitn
3058 1827 3263 1881 dicitur
3289 1827 3457 1882 fuisse

143 1925 303 1979 mini.
339 1922 472 1976 Illud
514 1921 717 1991 quippe
740 1930 860 1972 erat
892 1917 1171 1971 e\celsutu
1204 1914 1499 1969 maximum
1529 1956 1543 1981 ,
1590 1913 1640 1967 id
1665 1922 1749 1969 cst

144 2017 320 2070 altare
350 2011 484 2067 illud
517 2011 659 2081 quod
693 2008 911 2080 Moyses
941 2007 1167 2060 fecerat.

224 2108 381 2178 (Cap.
418 2105 507 2159 IV.
533 2134 603 2144 —
628 2103 782 2157 Vers.
816 2101 900 2171 5.)
939 2101 999 2153 lit
1030 2101 1305 2171 prtefectus
1334 2114 1469 2151 unus
1506 2109 1618 2153 erat
1652 2116 1744 2152 su-

146 2216 237 2271 per
270 2211 482 2253 terram.
508 2197 612 2250 Iste
638 2194 926 2263 perlaetus
952 2193 1175 2246 Alarlas
1202 2192 1348 2243 Illius
1373 2190 1585 2244 Natltan
1607 2197 1747 2257 erat,

145 2292 216 2346 de
266 2305 375 2361 quo
417 2294 581 2357 supra
624 2287 887 2341 ecl-ibitur
926 2302 938 2337 :
993 2284 1053 2336 El
1089 2284 1305 2336 Aiarias
1348 2278 1489 2349 ﬁlius
1530 2279 1747 2334 Nathan

147 2400 306 2453 super
337 2382 629 2451 μηρία-ιω,
662 2389 687 2417 ι
714 2390 819 2431 non
849 2388 1099 2446 operum,
1129 2376 1224 2428 sed
1256 2376 1602 2443 simpliciter.

221 2474 405 2541 (ers.
438 2471 557 2544 5|.)
603 2469 670 2523 Et
715 2480 823 2524 erat
864 2469 1149 2541 sapientior
1190 2468 1390 2519 cunctis
1432 2464 1749 2518 hominibus.

151 2568 458 2638 Sapientior
498 2562 671 2617 Ethan
700 2561 945 2626 Esruitaz,
977 2569 1023 2613 et
1066 2560 1272 2621 Emam,
1302 2572 1347 2611 et
1394 2554 1670 2621 Chalcltol,
1706 2564 1751 2609 et

149 2662 361 2721 Derda,
398 2660 523 2729 ﬁliis
557 2656 760 2710 Muhol.
805 2656 984 2709 Etban
1026 2656 1173 2708 enim
1206 2655 1617 2719 interpretatur,
1650 2650 1747 2701 du-

149 2758 411 2811 rissimus.
439 2753 673 2816 Esraita,
694 2750 984 2804 orientalis.
1014 2746 1192 2800 Etltan
1231 2746 1346 2814 ipse
1364 2744 1448 2797 est
1478 2745 1751 2796 Abraham

151 2847 463 2905 Orientalis.
495 2843 667 2898 Eman
701 2842 791 2911 qui
830 2842 1225 2907 interpretatur
1267 2833 1459 2903 ﬁdelis,
1490 2845 1570 2887 ρει
1603 2830 1751 2901 Moy-

152 2960 267 2999 ses.
300 2936 588 3001 Cbalchol,
622 2936 712 3005 qui
742 2930 1155 3002 interpretatur,
1188 2929 1502 2998 gubernans,
1548 2932 1632 2978 est
1660 2916 1755 2978 Jo-

152 3037 314 3103 seplt.
343 3033 519 3087 Darda
548 3033 965 3097 interpretatur,
991 3024 1255 3095 generatio
1278 3020 1519 3074 scientiaz.
1553 3010 1755 3080 Maltul,

153 3124 504 3193 indulgentia.
535 3119 830 3174 Generatio
856 3116 1103 3168 Scientite
1142 3111 1520 3178 intelliguntur
1549 3105 1758 3160 duode-

154 3220 265 3273 cim
302 3218 509 3273 tribus;
544 3204 642 3265 lilii
674 3209 874 3274 Mallul,
910 3202 962 3260 id
997 3222 1100 3266 eSI,
1136 3203 1229 3256 Iiiit
1258 3202 1456 3255 .laColl.

229 3309 416 3379 (Vers.
447 3304 566 3375 '52.)
604 3303 830 3356 Locutus
860 3309 930 3354 est
968 3298 1219 3353 Salomon
1256 3297 1356 3348 tria
1386 3294 1555 3346 millia
1602 3306 1758 3360 para-

159 3401 415 3455 bolarum.
461 3397 518 3450 lu
558 3394 871 3450 Proverbiis
919 3394 1064 3445 enim
1116 3402 1307 3443 versus
1340 3379 1359 3418 ‘
1409 3386 1667 3453 nongenti
1706 3394 1764 3439 et

158 3490 475 3565 quindecim
504 3492 861 3543 continentur
893 3494 906 3539 ὲ
943 3485 994 3538 in
1030 3484 1227 3550 quibus
1271 3479 1432 3534 etiam
1476 3477 1763 3532 continen-

160 3594 251 3639 tur
293 3586 393 3637 tria
441 3582 609 3635 millia
666 3578 961 3646 parabolze.
1010 3576 1073 3629 Et
1115 3576 1322 3644 fuerunt
1375 3572 1604 3624 carmina
1652 3570 1763 3641 ejus

158 3678 385 3747 quinque
412 3675 598 3728 millia.
632 3671 696 3724 Et
719 3672 998 3739 disputant
1025 3684 1179 3739 super
1207 3669 1359 3738 lignis
1389 3684 1417 3718 tt
1449 3666 1620 3730 cedro,
1650 3678 1763 3736 qua:

160 3780 235 3825 est
267 3771 319 3822 in
348 3766 582 3831 Libano,
614 3774 777 3834 usque
803 3764 873 3816 ad
903 3764 1221 3833 hyssOpum,
1254 3768 1369 3831 qua:
1395 3760 1660 3831 egreditur
1698 3761 1761 3815 tle

161 3867 362 3936 pariete
385 3873 467 3918 :et
497 3865 734 3917 disseruit
759 3864 821 3915 tle
843 3860 1119 3930 jumeniis,
1153 3868 1197 3912 et
1224 3859 1513 3912 volucribus
1532 3901 1544 3922 ,
1571 3865 1619 3911 et
1648 3872 1765 3929 rep-

162 3962 367 4023 tilibus,
390 3967 435 4011 et
466 3957 714 4029 piscibus.
751 3952 1054 4021 llisputavit
1083 3952 1231 4005 enim
1258 3950 1324 4005 de
1350 3952 1557 4004 naturis
1590 3951 1765 4019 ligno-

161 4066 313 4116 rum,
340 4051 737 4119 jumentorum,
759 4045 1041 4111 reptiliu‘m
1077 4048 1133 4097 el
1161 4042 1413 4111 piscium,
1438 4042 1507 4095 de
1539 4043 1586 4094 vi
1620 4042 1769 4096 vidc-

165 4147 299 4199 licet
331 4152 385 4196 et
414 4141 623 4195 naturis
653 4139 906 4201 illorum,
944 4145 996 4190 et
1027 4145 1270 4203 tempore
1311 4150 1417 4204 quo
1449 4143 1764 4199 nascuntur,

164 4248 219 4291 et
242 4250 340 4288 cur
361 4248 467 4287 non
499 4234 678 4285 omnia
706 4234 759 4284 in
792 4242 1114 4298 unaquaque
1146 4238 1289 4281 terra
1316 4237 1632 4280 nascantur.

241 4330 397 4399 (Cap.
442 4323 528 4381 VI.
555 4344 625 4365 —-‘-
652 4324 782 4379 Vers
825 4318 941 4391 57.)
988 4322 1138 4375 Anno
1184 4328 1366 4388 quarto
1419 4320 1643 4390 fundata
1699 4330 1772 4375 est

1850 1922 1917 1976 de
1948 1921 2111 1992 Tyro,
2146 1930 2199 1974 et
2234 1918 2377 1973 ﬁlius
2419 1920 2666 1973 mulieris
2693 1919 2870 1971 vidua:
2898 1918 2966 1971 de
2997 1917 3138 1971 tribu
3171 1916 3455 1985 Ncpbtha-

1850 2014 1942 2067 lim
1978 2022 2128 2081 patre
2152 2012 2340 2083 Tyrio.
2372 2011 2668 2066 Sciendum
2694 2009 2919 2075 quodde
2950 2009 3090 2061 tribu
3108 2008 3459 2077 Nepbtltalim

1854 2114 2005 2174 pater
2037 2107 2156 2170 ejus
2201 2102 2396 2163 luerit,
2432 2118 2539 2167 quo
2576 2111 2829 2165 mortuo,
2863 2116 3001 2152 uxor
3041 2100 3186 2167 ejus,
3221 2116 3339 2169 quin
3374 2100 3460 2152 hic

1852 2197 2051 2250 mulier
2098 2194 2259 2249 vidua
2302 2193 2586 2257 scribitur,
2638 2191 2889 2245 eumdem
2938 2191 3120 2243 lliratn
3157 2192 3209 2242 in
3251 2190 3459 2261 Tyrum

1855 2290 2069 2342 misisse
2098 2286 2333 2341 docendi
2366 2287 2540 2355 gratia
2587 2287 2820 2350 dicatur,
2858 2296 2911 2338 et
2953 2301 2978 2335 τι
3019 2299 3124 2352 quo
3165 2284 3361 2336 doctus
3407 2286 3458 2339 in

1854 2380 1996 2451 Tyro
2031 2380 2152 2437 luit.
2188 2390 2343 2447 pater
2379 2380 2497 2445 ejus
2528 2375 2728 2447 Tyrius
2770 2386 3017 2428 vocatur.
3060 2374 3271 2429 Idcirco
3305 2386 3460 2442 patre

1854 2475 2025 2545 Tyrio
2060 2475 2225 2526 fuisse
2256 2471 2480 2533 dicitur,
2512 2487 2637 2524 cum
2671 2458 2855 2538 utique
2889 2476 3043 2538 pater
3072 2470 3191 2537 ejus
3219 2469 3288 2522 de
3318 2470 3462 2522 tribu

1855 2558 2200 2636 Nepltthalim
2244 2564 2425 2618 fuerit.
2457 2558 2616 2630 Quod
2655 2579 2783 2614 vero
2819 2564 2869 2614 in
2899 2560 3363 2629 Paralipomenon
3393 2562 3470 2614 lc-

1853 2664 2016 2730 gitur,
2050 2658 2248 2712 llnram
2282 2673 2462 2727 regem
2500 2657 2705 2709 dixisse
2736 2673 2747 2707 :
2782 2654 2904 2707 Misi
2935 2654 3025 2707 tibi
3044 2657 3208 2707 virum
3238 2655 3465 2722 pruden-

1858 2754 2109 2805 tissimum
2139 2761 2183 2804 et
2214 2750 2611 2804 scientissimum
2644 2746 2851 2800 Harant
2881 2756 3085 2811 patrem
3114 2763 3281 2799 meum
3314 2762 3331 2799 :
3365 2762 3463 2813 pa-

1861 2856 1999 2899 trem
2034 2843 2321 2912 dignitatis
2347 2844 2522 2910 gratia
2556 2856 2678 2892 eunt
2710 2849 2896 2899 vocat.
2931 2839 3071 2893 sicut
3109 2840 3160 2891 in
3195 2839 3474 2906 plerisque

1859 2939 1996 2993 locis
2040 2937 2259 3005 legitur.
2303 2934 2501 2989 Filium
2535 2949 2666 2985 vero
2707 2931 2952 2986 ntulit-ris
2981 2928 3050 2984 de
3092 2929 3307 2983 ﬁliabus
3352 2930 3463 2982 Dan

1861 3046 1982 3085 eum
2013 3039 2207 3094 vocat,
2252 3028 2378 3097 quia
2426 3037 2599 3079 mater
2639 3026 2759 3093 ejus
2803 3025 2871 3078 de
2915 3022 3060 3076 tribu
3095 3023 3205 3076 Dan
3238 3022 3366 3087 fuit,
3399 3014 3470 3077 de

1861 3138 2062 3191 genere
2092 3121 2363 3175 Solomitlt
2397 3120 2604 3172 sororis
2643 3116 2836 3171 Ooliab
2868 3115 2959 3169 lilii
2994 3114 3281 3179 Aizatnas,
3315 3116 3477 3183 cujus

1783 3207 1828 3269 C
1865 3214 2003 3268 lilius
2045 3212 2317 3269 Solumttlt
2365 3208 2658 3282 Egyptius
2705 3212 2755 3263 in
2800 3224 2989 3263 eremo
3030 3207 3302 3275 lapidatus
3333 3218 3415 3261 est
3450 3226 3463 3262 :

1860 3324 1968 3363 non
2002 3310 2146 3361 enim
2194 3306 2388 3360 eadem
2434 3304 2706 3359 Solomitlt
2742 3312 2939 3371 sponte
2982 3301 3162 3354 eidem
3206 3298 3466 3368 Egyptio

1862 3402 2157 3469 conjuncta
2189 3411 2209 3437 ε
2242 3398 2364 3462 fuit,
2388 3397 2483 3452 sed
2514 3397 2621 3450 vim
2647 3396 2713 3449 ab
2735 3412 2800 3448 eo
2831 3410 3086 3464 perpessa
3122 3401 3227 3446 est.
3262 3393 3471 3445 Idcirco

1869 3496 2079 3549 meritis
2100 3494 2219 3561 ejus
2243 3492 2442 3546 factum
2477 3492 2643 3544 fuisse
2670 3489 2898 3552 dicitur,
2925 3500 2978 3539 ut
3010 3486 3078 3538 de
3104 3484 3319 3537 ﬁliabus
3349 3484 3471 3551 ejus

1870 3591 1991 3643 talis
2035 3598 2387 3651 nasceretur,
2422 3586 2513 3654 qni
2545 3596 2871 3653 Operaretur
2919 3582 2970 3633 in
3021 3580 3184 3631 domo
3233 3579 3468 3631 Domini.

1870 3679 2001 3734 Nam
2028 3688 2083 3732 et
2106 3677 2314 3733 meritis
2338 3668 2480 3731 Bala:
2511 3675 2832 3731 coitcttluinte
2862 3672 3029 3726 Jacob
3060 3672 3336 3741 quondam
3361 3669 3475 3723 fac-

1872 3779 1980 3824 tum
2017 3771 2181 3824 fuisse
2210 3778 2511 3831 autumant,
2549 3767 2691 3837 quod
2728 3775 2940 3819 mortua
2982 3765 3205 3825 Itacbel,
3242 3779 3348 3817 non
3382 3777 3474 3816 so-

1873 3864 1979 3917 lum
2010 3860 2215 3931 .loscph
2246 3862 2296 3914 in
2333 3861 2454 3913 loco
2486 3860 2581 3913 lilii
2624 3857 2877 3912 educavit
2907 3876 2918 3908 :
2949 3872 3140 3910 verum
3175 3859 3339 3910 etiam
3374 3872 3473 3925 pro

1872 3956 2133 4011 fratribus
2161 3956 2280 4022 ejus
2308 3954 2611 4008 intercessit
2641 3995 2654 4017 ,
2684 3963 2741 4006 ut
2771 3951 3060 4004 immemor
3086 3958 3232 4001 esset
3260 3949 3475 4017 injuria

1873 4046 2100 4101 fratrum
2143 4060 2390 4098 suorum.
2427 4045 2493 4098 Et
2527 4061 2624 4112 pro
2658 4045 2755 4095 Itac
2780 4056 2841 4095 re
2871 4037 3131 4093 Dominus
3162 4040 3209 4092 ei
3256 4039 3471 4103 tribuit,

1872 4148 1931 4193 ut
1974 4134 2041 4191 de
2087 4154 2192 4190 uno
2235 4138 2355 4207 ejus
2388 4136 2501 4190 lilio
2546 4135 2658 4188 Dan
2713 4143 3033 4187 nasceretur
3064 4130 3254 4183 Ouliab
3290 4131 3473 4183 socius

1875 4229 2150 4293 Best‘leel,
2200 4230 2291 4297 qui
2338 4226 2627 4282 tediIiCaret
2659 4224 2882 4277 domum
2919 4219 3168 4284 Domini;
3205 4228 3259 4273 ct
3299 4222 3477 4276 altero

1874 4325 1993 4393 ejus
2024 4324 2135 4378 lilio
2167 4322 2514 4392 Nephtlialim
2558 4328 2878 4371 nasceretur
2903 4316 3107 4379 Hiram;
3132 4314 3224 4385 qui
3255 4313 3476 4368 domum

168 4422 355 4475 domus
387 4418 599 4473 Domini
628 4419 681 4471 in
714 4424 881 4471 mense
911 4414 1024 4469 lib.
1060 4414 1260 4468 Mensis
1295 4415 1398 4467 iste
1429 4410 1635 4482 Aprilis
1665 4422 1770 4482 est,
1799 4400 1853 4459 D
1882 4417 2093 4471 Domini
2129 4418 2180 4471 in
2212 4414 2512 4470 Jerusalem
2547 4410 2865 4465 fabricaret.

248 4585 263 4615 ί
300 4570 374 4637 Εὲ
410 4581 513 4637 hoc
548 4581 670 4635 loco
706 4576 1143 4633 manifestissime
1191 4572 1580 4641 comprobatur
1628 4572 1773 4627 Auc-

170 4667 349 4712 torem
393 4658 596 4721 Qnrljst.
648 4652 1031 4721 llebraicarnm
1068 4649 1117 4699 itt
1149 4646 1321 4700 liltrOs
1354 4645 1559 4721 Rugum
1588 4685 1601 4710 ,
1652 4652 1775 4721 [ipsi

169 4714 437 4783 doctores
478 4716 841 4779 Massoretltas
886 4720 1171 4787 scripsisse
1207 4734 1217 4769 :
1256 4733 1377 4770 naut
1420 4714 1774 4770 Massorctlue

250 4843 270 4863 ⁸
299 4841 514 4905 Istlnee,
556 4856 655 4893 non
705 4854 939 4909 Operam,
970 4835 1061 4890 sed
1100 4834 1425 4902 simpliciter,
1474 4847 1628 4888 meus
1670 4847 1772 4887 ms.

176 4931 287 4973 non
322 4913 590 4983 agnoscit.

1882 4573 2175 4629 Proverbia
2200 4573 2506 4629 Salomonis
2529 4572 2580 4624 in
2608 4575 2916 4641 nongéntds
2941 4576 2996 4625 et
3022 4558 3333 4640 quindecim
3362 4565 3483 4622 ver-

1882 4661 1975 4699 sus
2007 4646 2181 4699 divisa
2210 4660 2332 4699 esse
2362 4644 2677 4698 Voluerunt.

1957 4826 1983 4864 ι)
2012 4826 2069 4881 1η
2097 4825 2352 4879 Ambros.
2385 4838 2510 4887 ms.,
2540 4823 2629 4892 qui
2654 4830 2701 4876 et
2732 4822 2887 4891 Jajar
2917 4830 2965 4875 et
2992 4820 3110 4873 .Iiar
3138 4826 3370 4872 vocatur.

1956 4912 1973 4936 ε
2006 4899 2062 4952 lu
2098 4912 2218 4951 meo
2250 4911 2379 4963 ms.,
2411 4895 2573 4965 fuisse
2599 4893 2917 4963 suspicatur,
2949 4898 3058 4945 etc.

861 5184 1024 5283 ἸΝ
1097 5196 1559 5281 LIBRUM
1630 5195 1671 5275 Ι
1753 5182 2796 5278 PARALIPOMENON.

255 5462 415 5535 (Cap.
441 5459 481 5514 1.
507 5480 579 5501 ιιι-
609 5458 763 5515 Vers.
792 5458 909 5527 19.)
927 5456 1062 5510 Eber
1089 5464 1113 5493 ε
1139 5455 1249 5508 nati
1271 5462 1387 5507 sunt
1412 5453 1513 5506 duo
1534 5450 1628 5520 lilii
1658 5467 1675 5504 :
1703 5465 1787 5504 no-

183 5574 299 5612 men
335 5550 426 5608 uni
456 5548 659 5622 Phaleg
683 5570 701 5607 :
724 5553 849 5622 quia
873 5550 927 5604 in
964 5549 1143 5604 diebus
1173 5549 1283 5617 ejus
1325 5546 1491 5599 divisa
1518 5554 1590 5598 est
1629 5554 1789 5598 terra.

259 5674 274 5704 ¹
308 5671 559 5726 Martian.
602 5669 764 5724 habet
804 5685 817 5722 :
854 5666 1119 5735 Incipiunt
1165 5664 1488 5731 Qutestiones
1518 5659 1794 5714 Hebraij

1895 5444 2029 5514 Quia
2058 5444 2110 5500 in
2137 5444 2330 5500 diebus
2358 5443 2476 5513 ejus
2494 5441 2635 5499 facta
2668 5446 2750 5499 est
2779 5448 2968 5506 turris,
2998 5432 3089 5492 ubi
3117 5424 3365 5492 confusio
3389 5432 3495 5490 lin-

1900 5556 2126 5612 guarutu
2157 5539 2295 5593 facta
2326 5549 2430 5593 est.

1901 5657 2095 5727 prioris
2125 5656 2287 5727 partis
2325 5654 2444 5707 libri
2484 5650 2825 5721 Dabrejamin
2865 5648 2971 5704 sive
3012 5645 3499 5715 Paralipomenon;

263 5800 287 5827 ³
320 5786 475 5843 Meus
507 5800 612 5841 ms.
642 5785 723 5840 sic
754 5784 1039 5839 exorditur
1070 5802 1082 5837 :
1120 5780 1187 5835 In
1222 5779 1402 5836 diebus
1435 5778 1605 5834 [leber
1640 5774 1806 5830 dirisa
1827 5782 1902 5831 est
1932 5784 2090 5841 terra,
2122 5770 2243 5840 quia
2271 5771 2325 5824 in
2356 5769 2533 5823 diebus
2557 5769 2692 5837 ejus,
2720 5775 2827 5821 etc.
