4006 6298
108 298 265 357 1569

182 415 371 487 (Vers.
406 415 523 485 H.)
550 415 783 471 lcliamia
810 418 997 488 genuit
1041 418 1302 476 Elisama.
1333 420 1391 476 In
1429 420 1704 478 Jeremia:
1737 428 1790 489 Α

96 508 333 579 lsmael,
388 510 533 565 ﬁlius
582 510 883 579 Natbanize,
920 513 1060 569 lilius
1110 515 1349 571 Elisama
1399 516 1715 588 degenere

98 608 125 637 ³
162 604 364 671 regali.
411 602 565 671 Quod
596 620 731 659 vero
776 605 907 660 dicit
949 607 1099 661 illum
1152 608 1219 661 de
1273 610 1485 665 semine
1542 612 1712 680 regio,

94 690 329 748 Molocli
361 697 473 749 vult
516 696 745 768 intelligi
779 698 981 751 idolum
1008 699 1197 753 Moab:
1229 700 1373 770 quod
1407 702 1459 755 in
1487 701 1715 758 Hebraeo

93 798 203 839 rex
240 786 661 856 interpretatur.

178 875 371 947 (Vers.
407 878 524 950 42.)
561 879 696 949 Ziph
731 896 927 935 nomen
976 881 1083 937 loci
1113 891 1215 949 est,
1262 897 1292 937 a
1341 899 1447 954 quo
1497 884 1715 942 fuerunt

90 968 361 1037 Zipba-i:
392 973 482 1041 qui
518 984 791 1027 venerunt
822 974 888 1028 ad
921 974 1073 1029 Saul.

173 1062 372 1134 (Vers.
418 1066 538 1133 46.)
570 1065 767 1135 Gazez,
802 1067 853 1122 id
904 1080 1010 1135 est,
1057 1080 1265 1124 tonsor:
1318 1071 1461 1126 ﬁlius
1510 1072 1709 1141 llaran,

90 1153 204 1209 ﬁlii
246 1155 438 1225 Caleb,
474 1160 587 1227 ipse
609 1174 687 1215 est
717 1162 887 1216 Nabal
914 1166 1205 1218 carmelus.

172 1251 369 1324 (Vers.
400 1253 515 1323 50.)
572 1255 815 1324 Ephratb
856 1276 868 1311 :
911 1260 1036 1327 quia
1067 1258 1136 1314 de
1184 1260 1438 1329 prraim
1473 1262 1575 1317 fuit
1602 1280 1616 1317 :
1644 1264 1711 1331 ab

87 1343 231 1414 ejus
266 1346 486 1402 nomine
516 1348 797 1404 Bethleem
833 1351 1064 1415 Ei-brata
1100 1364 1341 1409 vocatur.
1600 1366 1615 1374 “

172 1437 508 1511 (\’ers.2£.)
535 1443 549 1473 ¹
573 1442 707 1509 Jair,
736 1443 924 1511 judex.
953 1448 1044 1516 qui
1073 1449 1125 1501 in
1154 1447 1403 1501 Jndicum
1430 1448 1705 1515 scribitur,

86 1530 257 1586 ﬁlius
290 1531 487 1602 Segab,
520 1533 619 1590 ﬁlii
648 1536 863 1591 Esrom.
900 1538 1107 1595 Idcirco
1140 1541 1191 1593 in
1222 1541 1472 1595 Judicum
1518 1542 1711 1597 Galaa-

86 1624 251 1679 dites
279 1633 521 1693 putatur,
553 1628 677 1696 quia
713 1629 903 1683 Esrom
933 1632 1081 1685 dllSil
1107 1632 1271 1685 ﬁliam
1306 1633 1512 1687 Macbir
1539 1635 1711 1703 patris

86 1715 316 1770 Galaad
349 1734 600 1774 uxorem.
638 1719 856 1775 Vicnlos
887 1733 940 1776 et
990 1722 1242 1778 civitates
1271 1726 1549 1795 sexaginta
1584 1739 1706 1779 sus-

827 303 1287 369 QUESTIONES
1328 305 1724 365 HEBRAlC/E.
1766 308 1830 364 IN
1874 310 1981 366 LIB
2046 314 2064 367 ι
2103 312 2707 371 PARALIPOMENON.

3274 318 3415 378 1570

1887 425 2067 497 (Vers.
2100 427 2220 497 54.)
2250 427 2378 483 Filii
2407 430 2612 499 Salma,
2635 433 2734 502 ﬁlii
2767 434 2862 503 Ur,
2887 436 3151 492 Bethleem
3175 448 3223 493 et
3254 437 3418 495 Netoc

1819 518 1983 589 phati,
2016 522 2104 589 qui
2156 522 2205 575 in
2257 522 2568 591 Regnorum
2621 529 2973 588 scribuntur:
3027 534 3267 589 Eli-anan
3318 534 3420 592 ﬁlii

1819 612 1993 682 patrui
2032 614 2149 680 ejus
2180 615 2247 669 de
2270 616 2570 685 Bethleem,
2604 631 2657 676 et
2692 622 2823 677 lﬂleb
2855 624 2995 679 ﬁlius
3040 626 3213 679 Baana
3247 627 3413 682 Neto-

1819 703 2070 773 pbatiles.
2100 708 2197 774 Qui
2229 709 2433 765 idcirco
2461 712 2774 770 scribuntur
2795 734 3001 772 corontv
3020 719 3204 773 domus
3225 719 3413 787 Jacob,

1818 804 2045 864 propter
2068 802 2409 867 societatem,
2440 821 2543 871 qua
2579 820 2767 863 mutuo
2801 810 2851 863 in
2886 811 3087 880 pra-liis
3121 814 3418 869 turbantur

1815 885 1991 955 Sarai,
2020 891 2069 943 id
2101 902 2208 959 est,
2240 892 2491 959 Saraita-,
2522 898 2589 951 de
2615 916 2722 969 quo
2742 918 2904 971 supra
2932 904 3136 958 dictum
3163 916 3269 960 est.

1889 981 2068 1051 (Vers.
2097 984 2212 1054 55.)
2234 986 2396 1042 Jabes
2426 990 2566 1043 ﬁlius
2589 992 2827 1059 Sobaba,
2860 996 2928 1050 de
2958 1013 3064 1067 quo
3096 1000 3148 1053 in
3178 1014 3411 1070 sequen-

1816 1071 1959 1125 tibus
1990 1077 2268 1141 scribitur,
2301 1096 2367 1133 co
2416 1083 2558 1150 quod
2612 1087 2920 1142 εκςιυιιιυι·ἰι
2950 1104 3070 1143 eum
3126 1091 3410 1158 Dominus,

1814 1162 1911 1218 fuit
1943 1165 2152 1234 doetor,
2189 1171 2238 1223 in
2271 1173 2424 1240 cujus
2456 1189 2755 1244 conspectu
2787 1181 3052 1235 sedebant
3083 1182 3177 1236 ﬁlii
3211 1184 3405 1251 ιζίιιειιί,

1812 1259 1901 1326 qui
1934 1271 1986 1312 et
2016 1259 2192 1323 Obab,
2221 1266 2439 1334 cognati
2468 1268 2516 1321 M
2542 1269 2661 1338 'ysi,
2700 1271 2791 1340 qui
2820 1274 2869 1325 in
2905 1275 3007 1328 boc
3042 1275 3185 1329 libro
3214 1278 3412 1333 scribae

1814 1361 2097 1405 Vocantur.
2128 1353 2400 1411 Canenti-5
2443 1373 2608 1430 atque
2642 1375 2963 1421 restinantes
3005 1368 3128 1421 ideo
3160 1370 3411 1426 scribun-

1814 1447 1921 1504 tur,
1953 1457 2018 1495 eo
2070 1447 2214 1513 quod
2248 1450 2467 1503 assidue
2517 1455 2567 1507 in
2618 1454 2759 1521 Lege
2794 1458 2887 1511 Dei
2935 1472 2985 1516 et
3020 1460 3071 1513 in
3126 1461 3414 1531 Proplietis

1813 1539 2191 1593 versabantur.
2221 1540 2275 1594 lu
2310 1544 2679 1601 [.mbt‘l'ltat'lllis
2701 1558 2885 1604 autem
2906 1568 3001 1606 eos
3023 1567 3412 1623 commoratus,

1813 1638 1865 1681 et
1886 1626 2087 1699 Regum
2116 1634 2338 1687 historia
2373 1638 2584 1692 scribit.
2608 1638 2681 1693 Hi
2706 1656 2948 1698 venerunt
2972 1644 3037 1698 de
3060 1646 3234 1701 calore
3250 1651 3412 1720 patris

1812 1717 1992 1774 domus
2024 1721 2227 1777 Rechab
2258 1724 2301 1795 (l
2333 1724 2515 1782 Paral.
2552 1746 2628 1797 ιιι,
2664 1732 2737 1803 ι),
2769 1734 2821 1789 id
2852 1745 2953 1803 est,
2986 1737 3053 1792 de
3092 1717 3263 1809 stirpe
3308 1741 3411 1796 Re-

85 1810 256 1878 eepit
283 1810 402 1863 Jair
448 1810 499 1864 in
534 1810 909 1868 bzrreditatem
938 1854 955 1881 ,
988 1831 1053 1871 eo
1096 1816 1239 1886 quod
1266 1830 1410 1873 esset
1439 1818 1557 1873 avia
1590 1820 1704 1889 ejus
1740 1832 1785 1891 Β
1811 1814 1972 1867 Cimb-

87 1899 212 1954 ﬁlia
250 1901 476 1961 lilacliir.
504 1901 599 1957 ﬁlii
634 1904 906 1962 Manasse.

164 1995 364 2064 (Vers.
412 1996 531 2066 24.)
563 2000 814 2055 Assubur
860 2002 1001 2057 ﬁlius
1032 2003 1225 2059 Esrom
1271 2014 1426 2075 pater
1457 2006 1698 2062 Thecue.

87 2086 331 2143 Tbecue
361 2098 446 2144 Cal
471 2091 686 2157 civitas,
731 2092 799 2149 de
830 2110 934 2165 qua
966 2099 1201 2168 sumpsit
1238 2098 1373 2153 Joab
1416 2100 1699 2155 mulierem

86 2184 441 2251 sapientem.

160 2276 359 2347 (Vers.
393 2278 510 2349 26.)
542 2280 710 2336 Onam
761 2283 897 2338 ﬁlius
927 2286 1194 2342 Jerameel
1232 2286 1324 2342 ﬁlii
1358 2288 1573 2356 Esrom,
1610 2304 1703 2345 ac-

83 2371 237 2439 cepit
273 2385 474 2427 nomen
500 2373 671 2429 Onam
704 2377 794 2431 ﬁlii
822 2377 981 2445 Juda,
1016 2380 1108 2448 qui
1135 2390 1381 2435 mortuus
1412 2392 1513 2437 est.
1549 2382 1617 2435 Et
1648 2383 1699 2436 in

83 2476 148 2519 eo
182 2462 475 2532 diﬁerunt,
522 2468 667 2538 quod
717 2468 861 2523 ﬁlius
907 2470 1059 2524 Juda:
1100 2472 1152 2526 in
1185 2472 1413 2528 llebrwo
1445 2489 1539 2543 per
1568 2492 1696 2542 nun,

85 2552 244 2608 ﬁlius
274 2572 407 2610 vero
437 2557 707 2613 Jerameo-l
736 2576 834 2631 per
857 2578 985 2615 mem
1008 2564 1341 2618 scribuntur.

153 2645 356 2717 (Vers.
400 2648 532 2719 4-2..)
582 2649 788 2706 Maresa
839 2656 1007 2723 patris
1054 2655 1259 2710 Ebron.
1320 2656 1499 2711 Ebron
1550 2658 1699 2714 locus

90 2747 199 2799 est.
242 2739 337 2794 ubi
392 2740 559 2794 David
596 2747 845 2814 regnavit
876 2754 1085 2815 septem
1119 2748 1294 2802 annis.

152 2830 355 2903 (Vers.
386 2832 508 2903 45.)
543 2831 673 2889 Filii
703 2854 817 2891 vero
848 2837 1047 2907 Ebron,
1084 2840 1283 2895 (.‘Itore:
1312 2851 1360 2896 et
1387 2841 1690 2911 Tliapltihu,

80 2934 120 2976 et
154 2923 382 2994 Recem,
414 2936 462 2981 et
493 2928 727 2997 Samnio,
758 2932 849 2985 lilii
882 2944 1004 2987 sunt
1036 2933 1264 2990 Maresa.

147 3018 350 3089 (Vers.
397 3021 514 3089 46.)
545 3022 759 3077 Samnio
808 3036 980 3081 autem
1024 3030 1198 3100 genuit
1249 3028 1445 3083 ﬂabant
1494 3042 1693 3101 patrem

77 3107 395 3168 lere/tuam.
428 3112 713 3170 Jorehaam
744 3117 896 3172 locus
927 3129 1032 3175 est.

1880 1909 2067 1980 (lhid.)
2101 1912 2386 1969 Arhinoam
2429 1933 2559 1970 uxor
2590 1916 2760 1973 Dat-id
2784 1920 3107 1978 Jezraelitis.
3140 1924 3239 1979 Hic
3281 1924 3409 1980 Jez-

1806 2004 1914 2056 rael
1960 2005 2105 2057 locus
2135 2018 2238 2068 est,
2276 2008 2325 2060 in
2359 2023 2467 2077 quo
2509 2009 2720 2065 Naboth
2773 2014 3056 2069 habitavit.
3105 2017 3159 2069 In
3195 2016 3408 2072 Parali-

1807 2110 2100 2163 pomenon,
2134 2097 2317 2152 Daniel
2348 2116 2359 2151 :
2395 2102 2445 2153 in
2484 2102 2708 2170 Regum,
2737 2103 2989 2168 Cbilaab,
3016 2108 3066 2161 id
3100 2118 3202 2173 est,
3235 2110 3409 2163 vindi-

1805 2202 1927 2240 cans
1956 2201 2153 2257 patrem
2176 2205 2194 2242 :
2221 2206 2287 2243 eo
2318 2192 2463 2260 quod
2511 2192 2825 2261 disceptans
2867 2211 2989 2251 cum
3038 2198 3163 2268 Mlp‘
3190 2199 3407 2256 ibosetli

1804 2282 2197 2350 quaestionibus
2226 2283 2404 2353 Legis,
2438 2294 2494 2339 et
2532 2285 2705 2339 victor
2747 2289 3073 2357 apparebat,
3116 2300 3170 2347 et
3200 2300 3408 2361 patrem

1806 2374 1993 2429 ulcisci
2028 2376 2333 2430 videbatur.

1878 2468 2057 2537 (Vers.
2092 2468 2199 2539 5).)
2245 2466 2513 2522 Jetraliant
2565 2470 2709 2536 ﬁlius
2753 2470 2921 2524 David
2951 2474 3015 2527 de
3064 2473 3199 2547 Egla
3246 2492 3408 2533 uxore

1804 2574 1921 2611 sua.
1956 2559 2083 2628 Egla
2136 2561 2545 2628 interpretatur,
2579 2562 2765 2628 vitula,
2815 2579 2977 2633 quam
3021 2568 3267 2621 nonnulli
3300 2583 3403 2638 pu-

1805 2660 1919 2705 tant
1950 2652 2143 2706 blicbol
2175 2652 2336 2705 ﬁliam
2369 2652 2521 2709 Saul.

1874 2742 2053 2813 (Vers.
2080 2744 2160 2813 5.)
2181 2745 2235 2798 ln
2261 2745 2738 2816 Paralipomenon.
2768 2735 3011 2803 Simmaa‘
3036 2750 3180 2805 ﬁlius
3204 2752 3397 2819 David,

1801 2837 1889 2906 qui
1918 2839 1969 2891 in
2016 2838 2220 2907 Regum
2251 2840 2444 2893 Samaa
2477 2842 2811 2895 nominatur.
2846 2844 3083 2896 Simmaa
3132 2846 3403 2912 interpre-

1800 2938 1962 2994 tatur,
1993 2933 2219 2984 exaudi:
2247 2930 2461 2997 Saman,
2494 2933 2786 2986 exauditus.
2822 2933 3056 2988 Batbsua
3090 2944 3262 2989 mater
3290 2936 3394 2990 Sa-

1799 3021 2058 3076 lomonis.
2092 3022 2146 3076 lu
2190 3022 2642 3092 Paralipomenon
2693 3026 2893 3080 dicitur
2925 3025 3028 3080 ﬁlia
3080 3026 3296 3081 Amiel:
3349 3037 3407 3084 et

1800 3114 2208 3183 interpretatur,
2262 3130 2442 3167 nomen
2473 3119 2627 3186 ejus;
2681 3116 2943 3180 Ballisua,
2993 3118 3107 3187 ﬁlia
3155 3120 3405 3186 depreca-

148 3202 349 3273 (γει-ε,
382 3204 502 3276 45)
552 3206 709 3261 Μαοη
760 3210 901 3279 ﬁt)“,
960 3212 1194 3266 summa;
1243 3223 1389 3283 ραιρν
1445 3216 1688 3271 Βειιηαν,
1719 3222 1764 3283 C
1798 3206 1953 3258 tionis
2008 3206 2064 3259 In
2098 3206 2301 3275 Regum
2353 3206 2677 3269 Betlisabee,
2710 3209 2815 3261 ﬁlia
2854 3209 3026 3262 Ellam
3060 3209 3152 3263 ﬁlii
3181 3210 3408 3265 Achito—

76 3292 321 3349 Betltsur
370 3312 570 3353 nomen
604 3300 705 3354 loci
759 3312 865 3367 est,
911 3313 966 3357 et
994 3306 1061 3359 ab
1091 3308 1281 3361 eodem
1336 3308 1490 3362 Maon
1540 3311 1692 3364 locus

76 3397 283 3438 nomen
317 3391 551 3456 accepit,
584 3390 677 3460 qui
710 3391 761 3446 in
797 3392 1002 3463 Rrgnm
1036 3397 1292 3452 scribitur
1334 3400 1509 3454 Maoo.

141 3473 343 3543 (Vers.
373 3476 491 3546 4).)
545 3480 687 3536 Saab
720 3483 861 3537 ﬁlius
904 3484 1096 3540 Jaddai
1145 3499 1296 3556 pater
1322 3488 1349 3528 δ
1382 3491 1685 3548 Madmena.

72 3564 366 3622 Madmena
399 3571 548 3625 larus
580 3583 683 3627 εει.
716 3577 821 3629 Sue
857 3589 1012 3645 pater
1044 3579 1359 3635 Machbena.
1394 3583 1689 3641 Macbbena

72 3660 231 3717 locus
258 3672 341 3717 est
370 3674 464 3728 ;et
493 3666 712 3721 fueruot
739 3669 791 3722 bi
817 3670 910 3723 ﬁlii
935 3670 1123 3727 Caleb.
1153 3673 1220 3727 Et
1251 3684 1458 3745 patrem
1482 3677 1685 3747 Gabaa,

73 3753 123 3807 id
160 3771 274 3821 εει,
304 3756 459 3810 locus
489 3759 626 3815 unde
659 3762 753 3815 fuit
787 3764 940 3818 Sziul.

140 3846 339 3915 (Vers.
376 3849 466 3912 50,
500 3850 617 3923 5|.)
668 3850 797 3906 Filii
833 3854 969 3922 Har,
1004 3857 1167 3911 Sobal
1210 3869 1356 3931 pater
1385 3860 1686 3915 Cariathia-

67 3938 192 4006 rim,
227 3951 278 3992 et
312 3941 495 3995 Saluta
528 3954 671 4010 pater
701 3945 981 4002 Bethleem.
1018 3948 1227 4020 Hariph
1276 3963 1421 4021 pater
1452 3952 1683 4022 Det/iga-

65 4030 187 4084 der.
221 4028 615 4088 Cariatbiarim
640 4047 693 4089 et
720 4037 1021 4105 Bethleem,
1052 4052 1105 4094 et
1129 4041 1436 4111 Belligader
1466 4044 1683 4100 nomina

63 4120 325 4177 locorum
358 4132 503 4178 sunt.
531 4124 935 4195 Cariathiarim,
972 4131 1084 4197 ipsa
1112 4143 1195 4185 est
1238 4135 1598 4189 Carialbarbe
1628 4144 1682 4189 ct

62 4214 426 4271 Cariatbbaal
459 4226 516 4272 et
546 4217 756 4279 Ebron.
786 4236 907 4287 quae
933 4221 1314 4277 Cariatbiarim
1350 4236 1605 4289 vocatur,
1630 4227 1681 4279 id

62 4318 181 4373 e5t,
217 4308 401 4361 ciritas
422 4308 693 4363 silvarum.
720 4311 1094 4377 Cariaihbaal,
1125 4315 1305 4367 civitas
1337 4316 1551 4369 mariti:
1582 4315 1683 4369 Ca-

60 4400 373 4467 riatbarbe,
426 4403 603 4456 cii-itas
631 4415 890 4473 quatuor:
942 4423 1065 4477 qua:
1095 4409 1279 4461 omnia
1330 4409 1680 4477 interpretari

58 4504 299 4562 possunt
330 4495 383 4548 in
416 4496 774 4561 l'alriarcllis,
806 4500 896 4567 qui
928 4500 997 4553 ibi
1029 4501 1227 4568 sepulti
1267 4510 1393 4555 sunt
1427 4512 1471 4553 ο.

1796 3295 1891 3363 fel,
1923 3308 1976 3350 et
2001 3299 2421 3367 interpretatur,
2452 3300 2563 3368 ﬁlia
2587 3314 2802 3367 septem,
2848 3300 2965 3371 ﬁlia
2988 3304 3261 3369 satietatis,
3288 3306 3402 3371 [ilia

1784 3391 2091 3460 juramenti.
2128 3391 2297 3444 Eliam
2331 3392 2752 3460 interpretatur,
2786 3390 2929 3448 Deus
2959 3411 3101 3448 meus
3131 3396 3400 3464 populus;

1793 3486 2047 3547 Aminiel,
2084 3487 2309 3555 populus
2342 3501 2483 3539 meus
2515 3485 2674 3539 Deus.

1865 3574 2047 3643 (Vers.
2082 3574 2161 3645 6.)
2194 3576 2249 3628 lu
2299 3575 2753 3640 Paralipomenon
2800 3578 3115 3631 scribuntur
3145 3574 3253 3631 duo
3302 3576 3401 3632 ﬁlii

1792 3663 1981 3731 David,
2032 3664 2178 3735 Nega
2210 3677 2261 3721 et
2295 3666 2633 3734 Eliplielelb,
2667 3669 2758 3738 qui
2812 3668 2862 3721 in
2896 3668 3098 3737 Regum
3154 3684 3262 3724 non
3294 3671 3396 3725 ba-

1792 3758 2025 3813 bentur.

1862 3852 2041 3920 (Vers.
2080 3852 2190 3921 05.)
2231 3850 2355 3904 Filii
2386 3853 2567 3920 Josite,
2607 3853 2829 3920 Sellum,
2859 3853 3105 3907 Joannim
3133 3853 3160 3891 ά
3190 3865 3237 3910 et
3268 3856 3395 3911 Joa-

1789 3941 1943 3995 rhim.
1978 3944 2195 4018 Sellum‘
2230 3955 2335 4005 est,
2390 3960 2551 4013 quem
2605 3946 2822 3999 Nacliao
2867 3962 2964 4001 rex
3004 3945 3230 4017 :Egypti
3266 3964 3394 4019 cap-

1791 4034 1958 4087 tivum
2010 4034 2166 4087 duxit
2222 4036 2274 4088 in
2344 4036 2663 4105 Aigyptum.
2724 4036 2877 4091 Unde
2943 4040 3186 4091 meminit
3241 4038 3394 4095 Jei'e-

1790 4127 1928 4180 mias
1964 4145 1975 4179 :
2013 4126 2270 4190 Quoniam
2315 4128 2423 4181 lia’c
2469 4130 2595 4181 dicit
2623 4129 2872 4182 Dominus
2900 4132 2968 4183 ad
2992 4130 3193 4185 Selium
3222 4133 3395 4201 ﬁlium

1786 4218 1949 4273 losite
1996 4236 2171 4288 regem
2217 4218 2380 4283 ludo,
2413 4222 2499 4289 qui
2531 4223 2760 4291 τίθησι-ξι
2792 4238 2885 4286 pro
2913 4222 3061 4275 Josia
3100 4235 3248 4294 patre
3273 4242 3389 4280 suo.

1790 4313 1891 4376 Qui
1922 4329 2151 4381 egressus
2196 4311 2411 4366 deloco
2468 4313 2567 4364 isto
2619 4329 2719 4365 non
2771 4326 3049 4366 revertetur
3108 4316 3208 4369 huc
3257 4315 3397 4371 ultra

1789 4400 2185 4564 “inﬁgo.
2220 4493 2491 4557 Joachim,
2526 4494 2616 4562 qui
2644 4504 2698 4549 et
2728 4496 2975 4563 Eliacim,
3002 4496 3119 4566 ipse
3148 4498 3393 4555 Joacbim

138 4585 327 4655 (νει-ε,
371 4587 463 4652 52,
520 4590 636 4659 55,)
700 4589 862 4644 sobal
915 4601 1061 4660 pater
1114 4590 1483 4646 Cariailiiarim
1538 4594 1676 4647 vide-
1709 4588 1976 4664 Dductns
2006 4590 2171 4645 estin
2218 4588 2553 4657 Babylonem
2586 4603 2706 4643 cum
2755 4590 2904 4644 vasis
2936 4592 3123 4660 templi
3154 4594 3394 4660 Domini,

57 4679 152 4732 bat
184 4678 463 4732 dimidium
492 4681 887 4749 requietionum,
919 4684 1412 4752 promerviciniam
1436 4686 1673 4752 sepulcri

57 4773 549 4829 Patriarcbarum:
602 4774 759 4845 cujus
799 4775 897 4829 ﬁlii
929 4774 1153 4830 fuerunt
1179 4775 1400 4841 Jethrei,
1446 4788 1492 4830 et
1524 4776 1672 4829 Plia-

61 4873 155 4933 tei,
187 4880 235 4924 et
268 4869 549 4933 Semel/mi,
593 4880 639 4925 et
673 4871 913 4925 Maserei.
958 4870 1039 4925 Ea:
1082 4871 1164 4925 his
1193 4872 1382 4943 egressi
1423 4881 1541 4923 sunt
1574 4870 1672 4925 Se-

58 4964 214 5017 raitte
242 4973 288 5017 et
324 4962 593 5017 Estaolitte
615 4979 634 5017 :
666 4962 757 5032 qui
790 4963 1010 5017 nomina
1041 4963 1289 5017 locorum
1314 4963 1490 5017 Sortili
1515 4972 1666 5027 sunt,

60 5054 112 5108 id
148 5065 256 5115 est.
308 5054 479 5109 Saraa
510 5066 564 5109 et
595 5055 805 5118 Estaol,
857 5055 947 5109 ubi
1000 5055 1250 5125 sepultus
1300 5063 1385 5111 est
1413 5055 1668 5110 Samson.

62 5144 358 5217 Requietio
385 5146 703 5216 sepulcrum
733 5146 1077 5217 intelligitur.

132 5336 146 5365 ¹
177 5330 509 5389 Retrocedit
536 5332 735 5399 sepius
766 5330 1013 5398 Scriptor
1037 5330 1091 5383 in
1122 5330 1203 5383 his
1226 5329 1530 5397 Qumstion.
1564 5328 1669 5382 lle-

64 5404 286 5468 braicis,
322 5403 452 5457 dum
486 5413 608 5473 post
636 5418 824 5457 versus
853 5402 1144 5456 inferiores
1174 5403 1400 5456 resumit
1423 5401 1679 5469 superio-

131 5536 150 5591 τι
185 5525 243 5578 In
270 5536 396 5577 meo
421 5536 549 5588 ms.,
579 5520 642 5573 de
662 5534 846 5591 genere
867 5516 1027 5591 Jeraa
1056 5517 1334 5591 (Egyptii:
1360 5530 1458 5591 pro
1486 5515 1670 5583 regali.

128 5588 151 5635 δ
182 5596 342 5651 Meus
373 5610 477 5646 ms.
516 5588 750 5659 primum
796 5588 1110 5659 Muehbena.
1135 5588 1351 5643 deinde
1397 5588 1674 5641 Madmena

67 5668 251 5723 ordine.
278 5658 563 5718 enutrario
594 5662 722 5723 legit
750 5678 761 5712 :
796 5669 853 5713 et
886 5658 986 5713 Dai
1016 5676 1113 5725 pro
1148 5660 1271 5712 Sue.

113 5720 149 5793 ,ἕ
162 5720 334 5792 ίΑειάἰ
360 5766 363 5769 »
387 5746 517 5793 ms..
543 5728 627 5793 Ali,
643 5720 759 5789 hinc
783 5744 943 5798 usque
965 5720 1028 5781 ali
1042 5729 1422 5795 subsequentem
1447 5720 1673 5787 litteram

113 5806 221 5855 mni
255 5742 393 5855 ordo
424 5798 673 5855 procedit.
704 5792 870 5853 Nullm
904 5806 1077 5852 niuem
1110 5796 1418 5855 ιιηὶοιιηιηιιΙ
1447 5795 1512 5849 no
1542 5793 1666 5851 libri

65 5792 221 5863 nam:
255 5792 393 5857 ordo
424 5792 673 5867 procedit.
704 5792 871 5853 Nullis?
904 5806 1077 5852 autem
1110 5792 1418 5859 inil'oummll
1447 5795 1512 5849 no
1542 5793 1666 5851 libri

1783 4692 1837 4734 et
1868 4682 2073 4746 Daniel,
2106 4679 2338 4745 Anania,
2374 4691 2427 4735 et
2456 4681 2667 4748 Azaria,
2701 4691 2757 4737 et
2788 4683 2973 4739 Misael
3006 4701 3128 4739 cum
3154 4702 3242 4742 eo.
3271 4686 3396 4741 Joa-

1783 4775 1889 4828 cim
1940 4774 2081 4827 ﬁlius
2113 4776 2251 4843 ejus,
2288 4775 2377 4843 qui
2427 4782 2483 4827 et
2512 4773 2830 4840 Jecbonias,
2865 4787 2888 4814 ο
2920 4779 3168 4847 captivus
3197 4778 3394 4832 ductus

1783 4880 1867 4924 est
1893 4872 1944 4924 in
1970 4869 2326 4939 Babylonem,
2351 4884 2473 4921 cum
2505 4871 2722 4922 czeleris
2746 4869 2892 4923 vasis
2925 4870 3122 4923 domus
3155 4870 3391 4937 Domini,

1781 4977 1902 5017 cum
1936 4962 2222 5017 Ezechiele
2263 4970 2318 5015 et
2347 4960 2697 5024 Mardocbeo,
2759 4963 2809 5014 in
2841 4962 2996 5029 cujus
3044 4962 3165 5016 loco
3192 4959 3394 5016 subsli-

1782 5062 1933 5108 tntus
1956 5062 2038 5106 est
2069 5050 2391 5115 lllatbanias,
2425 5052 2514 5118 qui
2545 5064 2592 5105 et
2628 5050 2941 5105 Sedecliias.

1856 5145 2037 5216 (Vers.
2072 5142 2186 5215 17.)
2232 5141 2363 5196 Filii
2392 5140 2685 5207 Jechoniw,
2726 5140 2875 5196 Assir
2906 5141 3189 5211 Salalhiel,
3221 5159 3390 5198 unum

1777 5342 1867 5383 res
1898 5327 1949 5381 in
1975 5325 2362 5395 explicatione,
2390 5332 2449 5377 ut
2477 5322 2567 5377 bic
2594 5336 2745 5377 vers.
2767 5322 2860 5387 ἓξ,
2888 5330 2942 5378 et
2968 5337 3121 5393 seqq.
3155 5333 3275 5393 post
3297 5324 3387 5380 50.

1780 5525 1932 5566 oram
1967 5508 2167 5562 litterm
2197 5504 2611 5559 describuntur.

1847 5578 1875 5617 ἀ
1919 5582 2016 5633 Ms.
2036 5624 2051 5645 ,
2083 5590 2128 5631 et
2155 5576 2382 5629 Joacliat
2412 5592 2549 5628 unus
2578 5584 2684 5645 est,
2720 5590 2868 5641 quem
2910 5573 3092 5628 Necho
3123 5589 3251 5637 rex,
3277 5588 3388 5631 etc.

1854 5661 1875 5687 ε
1923 5644 2117 5716 Vocem
2152 5647 2387 5716 captivus
2418 5662 2536 5716 _non
2581 5644 2746 5697 habet
2778 5660 2884 5701 ms.
2919 5660 3018 5716 pro
3057 5661 3166 5714 qua
3194 5647 3387 5715 addit,

1775 5721 1863 5792 qui
1885 5718 2038 5777 etlam
2068 5713 2364 5773 Cliaa'anios
2392 5713 2603 5781 durius,
2638 5722 2745 5768 etc.
