4006 6322
571 333 706 386 1511

1348 322 1443 379 AD
1480 318 1728 380 TOMUII
1767 319 1832 378 111
1872 318 2158 378 OPERUM
2191 313 2256 377 S.
2299 312 2684 376 ﬂlERONYtll
2725 308 3100 376 APPENDiX.

3722 311 3880 374 1372

555 461 754 500 nomen
787 453 890 507 est,
926 444 1038 509 ipse
1060 449 1140 495 est
1164 438 1398 494 Pbadaia
1436 448 1589 508 pater
1617 437 1659 492 Ζ
1682 435 1948 493 irobabel.
1982 439 2046 491 Et
2073 435 2156 491 in-
2187 438 2235 498 Α
2260 448 2379 491 sunt
2421 436 2520 504 ﬁlii
2564 437 2687 510 [Ms.
2726 437 2846 510 viri]
2892 429 3066 492 Recita
3090 435 3274 502 (Verr.
3320 436 3436 503 12).
3485 437 3675 493 Recita
3707 436 3890 492 inter-

556 545 892 598 tcruretatur
924 530 1184 592 Phadaia,
1216 528 1516 596 ralerttptus
1566 526 1798 594 Domini,
1833 528 2016 592 Assit‘,
2045 541 2165 580 cur.

560 637 784 688 ceratas,
836 621 1123 684 Salathiel,
1182 621 1356 688 frutex
1403 618 1636 672 Domini.
1695 617 1972 674 Senueser
2021 618 2166 672 ﬁlius

559 717 865 778 Jecbonim,
913 714 1002 783 qui
1060 713 1112 766 in
1162 713 1296 766 Mra
1345 711 1612 766 Sesbasar
1644 712 1979 764 nominatur.
2028 709 2169 766 Sen-

2277 539 2542 598 pretatur,
2578 541 2740 594 tener,
2779 545 2940 598 quem
2992 529 3080 585 hic
3130 531 3295 584 David
3348 527 3598 585 nonnulli
3646 529 3895 600 intelligi

2274 625 2483 678 volunt.
2533 625 2624 680 Sic
2649 627 2793 678 enim
2827 627 2941 694 ipse
2971 625 3042 678 ait
3091 643 3102 678 :
3148 623 3260 694 Ego
3285 641 3400 678 sum
3432 632 3575 678 tener
3613 634 3660 676 et
3694 631 3896 678 unctus

2273 731 2367 770 rex
2392 715 2457 780 111
2483 716 2607 788 Reg.
2641 733 2718 783 ιιι,
2747 716 2860 782 39).
2914 718 2971 770 Et
3005 717 3054 770 in
3087 717 3196 771 alio
3223 717 3342 772 loco
3373 734 3385 768 :
3417 717 3568 783 quasi
3613 716 3743 786 ligni
3775 732 3902 770 eer-

561 824 720 864 neser
773 807 1186 873 interpretatur,
1220 805 1628 858 blasnhematus.
1683 803 1954 859 Sesbasar
2004 803 2175 857 inter-
2277 808 2494 862 miculas
2524 811 2804 865 ωηεν-111111.
2848 810 3054 864 Idcirco
3099 811 3244 865 enim
3293 807 3394 863 viri
3428 811 3612 865 Recha
3641 854 3652 874 ,
3687 810 3740 866 id
3777 821 3899 879 est,

563 915 834 973 pretatur,
884 898 1182 952 tribulutm.
1218 900 1480 952 δθςῑιςιεειι·
1528 895 1807 965 scribitur,
1858 896 1952 952 cui
1998 896 2175 967 Cyrus

570 995 955 1050 annumeravit
982 1008 1106 1046 vasa
1139 990 1334 1044 domus
1361 990 1599 1044 Domini.

639 1089 823 1162 (Vers.
855 1088 973 1156 21)..)
1007 1086 1304 1141 Secbenias
1337 1086 1526 1138 habuit
1557 1083 1722 1138 lilium
1753 1083 2027 1138 Semeiam
2058 1082 2180 1137 uni-

572 1197 720 1242 cum.
755 1180 844 1248 qui
879 1180 1060 1232 habuit
1091 1179 1329 1248 quinque
1361 1178 1523 1239 lilios,
1556 1177 1755 1241 Atbus,
1785 1176 1996 1246 .Iegaal,
2045 1175 2182 1230 Baa-

573 1278 682 1339 ria,
717 1274 934 1338 Naaria,
986 1284 1038 1326 et
1069 1272 1293 1339 Saphat,
1330 1271 1418 1338 qui
1467 1283 1588 1324 cum
1625 1273 1778 1338 patre
1808 1283 1908 1324 suo
1938 1267 2178 1336 Semeia,

573 1371 664 1440 qui
701 1369 892 1420 unicus
921 1365 1086 1434 pilll'is
1121 1374 1259 1429 erat,
1291 1379 1384 1417 sex
1417 1371 1823 1432 computantur.

643 1459 798 1532 (Cap.
837 1459 924 1513 IV.
948 1457 1191 1512 —-Vers.
1227 1458 1300 1522 l.)
1335 1456 1456 1510 Filii
1483 1456 1619 1510 .luda
1649 1459 1914 1527 quinque,
1949 1456 2038 1526 qui
2067 1456 2182 1524 jam

575 1555 828 1623 superius
869 1551 990 1605 aliis
1024 1550 1336 1605 numinibus
1381 1549 1646 1603 nominati
1677 1561 1826 1603 Sttltl.
1861 1550 1959 1604 llic
2003 1558 2182 1602 autem

579 1656 604 1684 ⁸
629 1653 911 1701 mutantur
938 1646 1154 1699 nomina
1179 1643 1479 1712 repetendo
1501 1657 1662 1697 causa
1689 1639 2183 1712 interpretationis.

574 1742 784 1798 Pharez
835 1742 1247 1809 interpretatur,
1284 1740 1510 1803 divisio;
1565 1739 1736 1793 Esron
1771 1739 2180 1801 interpretatur,

2281 899 2444 952 David
2475 901 2752 966 dicuntur,
2793 905 2917 973 quia
2968 913 3194 970 propter
3237 903 3650 972 exprimendam
3684 915 3903 973 genea-

2280 993 2477 1063 logiam
2509 994 2698 1057 David,
2731 995 2780 1048 in
2808 997 2906 1050 hac
2935 994 3203 1050 sententia
3237 996 3478 1049 aunotati
3509 1005 3658 1050 sunt.

2356 1084 2536 1156 (\‘ers.
2570 1087 2684 1153 15.)
2715 1086 2913 1141 Client:
2937 1088 3112 1159 genuit
3149 1083 3391 1142 (111111ηὲ111
3418 1096 3465 1140 et
3499 1086 3769 1143 Samiam.
3825 1087 3907 1144 De

2283 1177 2470 1233 Saraia
2504 1179 2700 1232 dicitur
2726 1179 2996 1248 prodiisse
3022 1179 3180 1234 Joab.
3210 1180 3311 1247 Qui
3345 1179 3470 1235 ideo
3501 1179 3705 1236 dicitur
3731 1193 3906 1251 pater

2283 1270 2446 1324 vallis
2471 1269 2764 1334 artiﬁcum,
2797 1273 2922 1337 quia
2955 1272 3022 1325 de
3047 1272 3175 1327 ﬁliis
3201 1271 3320 1341 ejus
3353 1273 3572 1328 fuerunt
3603 1273 3909 1331 architecti

2284 1363 2350 1416 ad
2381 1363 2756 1417 :rdilicandntn
2779 1363 3000 1417 domum
3037 1363 3271 1418 Domini.

2361 1457 2543 1529 (Vers.
2578 1457 2690 1527 17.)
2745 1453 2869 1510 Filii
2901 1455 3042 1511 Em
3089 1455 3270 1510 Jetltrr
3309 1465 3361 1510 et
3393 1455 3603 1524 Μαῖρά,
3655 1455 3806 1524 Eﬁ’er
3863 1468 3910 1513 et

2287 1548 2469 1603 lalon.
2500 1549 2634 1603 Ezra
2675 1549 3088 1617 interpretatur,
3123 1549 3403 1615 auxilium,
3436 1551 3616 1619 ipsum
3643 1553 3792 1604 enim
3825 1550 3914 1605 di-

2288 1652 2418 1698 cunt
2449 1644 2667 1696 Atnram
2701 1653 2907 1707 patrem
2938 1641 3109 1712 Moysi
3141 1649 3196 1696 et
3233 1642 3439 1696 Aaron.
3489 1641 3680 1696 Jether
3727 1643 3914 1698 inter-

2290 1744 2558 1804 pretatur,
2589 1735 2872 1795 residuam,
2905 1735 3022 1802 ipse
3043 1743 3127 1790 est
3147 1734 3354 1790 Aaron.
3386 1735 3596 1799 Mared,
3619 1735 3909 1802 rebellant,

578 1835 807 1899 atrium;
839 1833 995 1898 Zara,
1023 1843 1199 1897 ortus;
1231 1831 1450 1884 Charini
1484 1831 1600 1900 ipse
1627 1842 1709 1884 est
1735 1830 1824 1883 Er.
1845 1827 2067 1882 Cbarmi
2094 1829 2176 1881 in-
2208 1820 2248 1878 Β
2280 1828 2395 1897 ipse.
2420 1837 2505 1882 est
2535 1828 2766 1899 Moyses.
2799 1829 2965 1890 Eﬂ‘er,
2996 1831 3185 1901 pulvis,
3218 1830 3335 1898 ipse
3363 1839 3446 1884 est
3478 1831 3651 1884 Eldad
3675 1847 3689 1892 ;
3715 1831 3908 1897 Jalon,

581 1935 935 1994 terpretatur,
953 1926 1100 1980 vinea
1120 1942 1266 1990 mea;
1291 1926 1386 1989 Er,
1406 1925 1653 1990 vigilans.
1682 1924 1902 1992 Ilurjqui
1929 1921 1984 1977 et
2003 1922 2183 1977 Onan.

585 2019 700 2074 Hur
723 2020 1132 2086 interpretatur,
1161 2018 1612 2088 fenestra;0nan,
1631 2016 1993 2070 marmoratio.
2018 2014 2188 2070 Subal

590 2114 709 2184 ipse
736 2123 824 2169 est
854 2114 1000 2169 Sela.

663 2207 846 2276 (Vers.
881 2206 964 2278 2.)
998 2205 1164 2262 Subal
1211 2207 1396 2274 genuit
1428 2203 1624 2269 Raiba,
1674 2212 1728 2259 et
1779 2202 1952 2256 Raiha
1999 2200 2194 2272 genuit

588 2299 788 2361 Jahad.
816 2298 989 2353 Juhad
1020 2297 1212 2367 genuit
1241 2297 1477 2351 Abumai
1507 2306 1561 2351 et
1601 2295 1745 2350 Laad
1772 2311 1786 2350 :
1833 2293 1976 2348 Laad
2009 2294 2196 2362 genuit

593 2392 810 2452 Etbam,
838 2389 1032 2444 Etbam
1061 2389 1247 2456 genuit
1269 2387 1541 2447 Jezrahel,
1571 2403 1599 2438 a
1628 2402 1735 2456 quo
1762 2401 1958 2439 nomen
1984 2385 2197 2453 accepit

591 2481 746 2546 urbs,
791 2481 844 2534 111
888 2495 995 2546 qua
1025 2479 1236 2534 Nabuth
1291 2480 1596 2534 habitabat.
1630 2479 1794 2534 Sobal
1846 2481 1960 2546 ipse
2010 2479 2196 2548 genuit

594 2573 795 2638 Raiba,
827 2577 918 2644 qui
953 2576 1060 2628 alio
1087 2575 1310 2628 nomine
1335 2573 1408 2626 Er
1439 2573 1751 2626 nominatur
1777 2591 1790 2626 :
1820 2572 2027 2627 ideirco
2051 2570 2196 2642 quod

596 2667 672 2723 Er
693 2678 746 2723 et
770 2669 946 2733 Ouan,
983 2669 1034 2722 in
1063 2677 1285 2734 peccato
1306 2680 1408 2720 suo
1429 2669 1628 2720 mortui
1655 2674 1802 2721 sunt.
1827 2665 1993 2722 Sobal
2027 2666 2222 2733 inter-,

595 2770 862 2833 pretatur,
911 2763 1090 2833 spica;
1122 2763 1269 2827 Sela,
1303 2763 1509 2814 minus.
1541 2759 1697 2828 Quod
1726 2775 1855 2815 vero
1887 2761 2036 2830 prius
2075 2760 2199 2815 aliis

599 2855 913 2910 nominibus
958 2865 1012 2911 et
1042 2855 1204 2909 modo
1235 2853 1355 2908 aliis
1384 2854 1694 2909 nominibus
1725 2853 2097 2923 nominantur,
2131 2851 2199 2908 ad

599 2949 922 3021 mysterium
959 2952 1212 3018 pertinet.

674 3041 856 3111 (νει-ε.
879 3041 961 3107 ὁ.)
993 3039 1233 3094 Phanuel
1252 3051 1396 3113 pater
1419 3039 1612 3099 Gedor.
1633 3047 1682 3094 et
1707 3038 1840 3092 Em
1861 3047 2005 3107 pater
2023 3037 2198 3106 Hum,

599 3133 694 3188 ﬁlii
747 3132 970 3187 fuerunt
1022 3135 1168 3197 llur;
1213 3134 1410 3189 fratres
1460 3133 1973 3189 1111111111111111111111
2017 3133 2202 3190 Gedor

599 3243 734 3281 vero
761 3237 814 3280 et
846 3226 972 3278 llnsi
1005 3228 1220 3280 nomina
1247 3238 1374 3281 sunt
1406 3230 1676 3282 locorum.

675 3319 856 3391 (Vera.
889 3319 941 3380 7,
975 3318 1056 3389 8.)
1090 3318 1470 3391 Athur’genuit
1502 3321 1695 3385 Etltan,
1720 3332 1766 3378 et
1794 3337 1979 3380 nomen
2019 3322 2198 3377 matris

597 3415 711 3482 ejus
741 3409 906 3464 Hala.
943 3410 1117 3464 Ethan
1150 3412 1337 3479 genuit
1365 3413 1534 3478 (ibus,
1571 3414 1717 3468 Chus
1749 3417 1937 3483 genuit
1959 3415 2196 3480 Sabatia;

597 3503 811 3559 Suboba
846 3503 1032 3572 genuit
1061 3503 1255 3562 Jubes,
1290 3504 1381 3571 qui
1430 3501 1530 3556 fuit
1563 3503 1777 3573 doctor,
1810 3505 1877 3559 de
1903 3519 2011 3576 quo
2042 3518 2204 3574 snpe-

599 3598 716 3650 rius
755 3597 964 3651 dictum
993 3604 1097 3651 est.
1130 3595 1283 3663 Quod
1321 3611 1449 3649 vero
1483 3597 1624 3650 int-'r
1650 3597 1795 3651 (Ibus
1837 3607 1890 3653 et
1918 3595 2080 3653 labes
2111 3597 2197 3652 in-

599 3686 963 3740 troducuntur
1007 3687 1365 3755 cognationes
1415 3685 1656 3743 Abarhel
1702 3689 1797 3743 ﬁlii
1849 3691 2042 3755 Arum,
2084 3691 2202 3745 haec

602 3794 766 3834 causa
797 3788 880 3833 est
908 3797 918 3830 :
952 3779 1216 3846 Abarhel,
1251 3781 1367 3843 ipse
1397 3790 1476 3832 est
1503 3778 1679 3848 Obab,
1729 3782 1823 3851 qui
1870 3782 2198 3848 interpreta-

603 3879 714 3940 tur,
756 3881 868 3944 post
907 3873 1206 3926 exercitum.
1263 3871 1434 3927 Filius
1463 3872 1654 3935 Arum,
1707 3871 1825 3942 ipse
1853 3883 1938 3929 est
1987 3874 2198 3929 Jetbro.

603 3963 771 4018 Arum
807 3964 1218 4032 interpretatur,
1249 3964 1526 4017 multatus.
1573 3963 1709 4030 Quia
1737 3979 1872 4035 ergo
1912 3964 2078 4020 labes
2108 3966 2205 4021 do-

606 4055 768 4108 cebat
791 4069 886 4108 eos
920 4053 1222 4108 habitantes
1254 4055 1306 4107 in
1344 4054 1618 4119 tentoriis,
1649 4053 1786 4109 sicut
1819 4056 2069 4124 superius
2091 4057 2206 4110 dic-

604 4155 718 4200 tum
750 4154 856 4213 est,
889 4145 1013 4198 ideo
1044 4144 1468 4198 introducantur
1493 4143 1548 4198 in
1578 4144 1696 4214 ejus
1731 4148 2012 4216 progenie,
2047 4147 2204 4215 quasi

609 4254 638 4293 a
673 4239 967 4308 majoribus
997 4240 1116 4309 ejus
1164 4239 1440 4309 progeniti
1481 4240 1611 4294 sint.
1645 4239 1798 4294 Hunc
1827 4239 1991 4296 labes
2020 4239 2207 4296 ferunt

599 4334 847 4387 nonnulli
877 4333 1052 4387 adhuc
1085 4335 1292 4398 virere,
1327 4342 1554 4403 propter
1577 4333 1718 4388 hanc
1742 4337 2066 4389 sententiam
2099 4350 2204 4404 qua

604 4423 826 4488 dicitur,
849 4426 1091 4494 prwstitit
1115 4427 1160 4479 ei
1185 4425 1320 4480 Deus
1364 4442 1480 4495 qua:
1510 4437 1744 4494 preratus
1775 4436 1850 4480 est
1876 4425 2055 4497 (Vtra.
2089 4426 2202 4497 111).

2293 1919 2395 1984 lex,
2430 1921 2545 1989 ipse
2572 1929 2658 1973 est
2689 1920 2875 1974 Medad
2903 1937 2918 1976 ε
2945 1922 3108 1975 iidem
3137 1919 3267 1992 [111.
3301 1919 3354 1974 id
3380 1919 3487 1993 eet]
3515 1925 3624 1975 duo
3654 1923 3742 1992 qui
3780 1937 3914 1991 pro-

2293 2013 2614 2082 pbetabant.
2643 2012 2901 2067 Traditur
2927 2014 3072 2067 enim
3101 2013 3322 2082 Moysen
3351 2025 3474 2083 post
3507 2023 3793 2084 acceptam
3830 2015 3915 2071 le-

2292 2123 2411 2176 gem
2468 2108 2522 2161 111
2567 2122 2758 2162 eremo
2799 2108 2940 2177 patri
2973 2108 3311 2177 injunxisse,
3344 2113 3403 2161 ut
3452 2118 3684 2162 matrem
3718 2105 3915 2161 dimit-

2297 2210 2458 2266 teret,
2490 2217 2556 2254 eo
2587 2201 2730 2270 qttod
2758 2201 2902 2254 illius
2925 2202 3086 2254 amita
3115 2210 3299 2255 esset:
3329 2201 3437 2253 ﬁlia
3457 2203 3603 2255 enim
3631 2200 3726 2254 iuit
3747 2199 3912 2256 Le\l.

2295 2292 2424 2346 Post
2451 2293 2607 2360 cujus
2636 2293 3182 2358 di~sidium,dnxisse
3209 2293 3372 2347 aliam
3398 2305 3622 2347 uxorem
3647 2294 3911 2348 Atnram:

2297 2400 2361 2440 ex
2403 2401 2504 2456 qua
2545 2387 2788 2453 suscepit
2839 2386 2976 2440 duos
3027 2385 3166 2439 ﬁlios
3217 2387 3316 2439 hos
3343 2426 3358 2449 ,
3396 2385 3565 2440 Eldad
3596 2394 3652 2439 et
3689 2383 3913 2439 Medad.

2296 2479 2447 2546 Quod
2477 2493 2608 2532 vero
2638 2478 2908 2547 sequitur,
2960 2478 3233 2550 genuitqne
3271 2475 3500 2530 Mariam
3542 2485 3590 2531 et
3622 2477 3836 2539 Samai,
3869 2483 3917 2530 et

2296 2572 2452 2628 Jesba
2481 2584 2680 2642 patrem
2709 2571 2951 2625 Estrtnoa
2994 2586 3013 2626 :
3062 2570 3247 2624 Samal
3279 2569 3500 2640 Moysen
3535 2570 3762 2639 intelligi
3820 2581 3919 2623 vo-

2301 2667 2440 2726 111111,
2479 2667 2568 2734 qui
2623 2667 3036 2732 interpretatur,
3071 2665 3307 2719 caelestis.
3354 2663 3517 2718 .lesba
3560 2662 3768 2728 Aaron,
3822 2664 3920 2733 qui

2301 2761 2711 2827 interpretatur,
2758 2757 3098 2823 collaudatio,
3149 2767 3356 2826 patrem
3388 2755 3669 2822 Estemoa,
3705 2754 3759 2810 id
3801 2762 3917 2822 est,

2297 2857 2464 2926 ignem
2492 2862 2802 2918 manentem,
2827 2867 2894 2905 eo
2923 2851 3062 2918 quod
3095 2851 3188 2905 ﬁlii
3220 2851 3398 2905 Aaron
3433 2845 3488 2903 in
3535 2849 3769 2904 aSsiduls
3825 2865 3920 2904 sa-

2299 2944 2520 3000 criﬁcits
2549 2960 2670 3014 igne
2702 2944 3014 2998 utebantur.
3067 2941 3222 3009 Quod
3277 2955 3405 2996 vero
3436 2942 3682 3009 sequitur
3711 2980 3724 3004 ,
3776 2956 3921 2995 uxor

2300 3039 2414 3108 ejus
2443 3035 2632 3089 Indaiu
2656 3037 2830 3106 genuit
2851 3034 3014 3088 Jared
3040 3050 3058 3088 .'
3088 3033 3268 3087 lndaia
3291 3075 3305 3099 ,
3348 3037 3464 3101 ipsa
3494 3042 3578 3088 est
3606 3033 3919 3089 Jaehabeth

2305 3138 2477 3181 mater
2507 3129 2695 3199 Moysi.
2743 3127 2769 3166 δ
2817 3127 3046 3182 Nomina
3095 3141 3226 3181 vero
3254 3139 3375 3195 quia
3423 3137 3732 3195 sequuntur
3771 3135 3921 3194 pene

2227 3203 2273 3266 Ο
2311 3219 2490 3272 omnia
2522 3218 2694 3287 Moysi
2728 3219 2945 3272 nomina
2977 3218 3202 3287 intelligi
3236 3218 3447 3279 Volunt.
3495 3217 3621 3286 quia
3664 3217 3788 3273 ideo
3821 3218 3919 3275 Ja-

2303 3314 2400 3368 red
2449 3324 2702 3379 voratur,
2739 3314 2790 3367 id
2820 3322 2926 3379 est,
2961 3313 3296 3379 descmdem,
3325 3311 3468 3381 quod
3500 3313 3568 3365 de
3597 3321 3786 3366 monte
3811 3313 3918 3369 de-

2301 3407 2573 3462 scenderit
2603 3424 2615 3458 z
2642 3413 2797 3475 pater
2819 3405 3004 3468 Jedor,
3035 3403 3089 3458 id
3109 3413 3213 3469 est,
3239 3405 3459 3472 sapiunt,
3486 3417 3554 3459 eo
3581 3403 3726 3473 quod
3752 3402 3911 3471 quasi

2301 3497 2534 3566 quadam
2580 3509 2712 3564 sepe
2741 3496 2861 3564 lege.
2907 3494 3325 3551 circumdederit
3373 3495 3652 3563 populum.
3702 3489 3911 3561 Heber,

2293 3590 2532 3658 junctor,
2579 3601 2648 3641 eo
2688 3587 2836 3657 quod
2883 3588 3138 3654 populum
3193 3583 3284 3639 Dei
3340 3584 3564 3640 servitio
3614 3585 3911 3654 iunxerit:

2303 3680 2519 3735 Patrem
2548 3679 2728 3735 Suebo
2757 3721 2769 3740 ,
2804 3678 2858 3733 id
2899 3688 2984 3733 est
3009 3717 3024 3743 ,
3060 3679 3343 3747 prophetiae
3366 3719 3380 3742 ,
3414 3692 3481 3732 eo
3509 3678 3653 3747 quod
3687 3679 3807 3750 ipse
3845 3679 3914 3733 sit

2304 3769 2495 3823 doctor
2513 3771 2926 3836 Prottheturum.
2958 3769 3201 3832 lcuthiel,
3223 3769 3274 3822 id
3290 3778 3394 3832 est,
3409 3781 3623 3841 sperans
3645 3771 3701 3824 in
3719 3770 3912 3835 Deum,

2303 3878 2372 3918 eo
2399 3863 2544 3932 quod
2575 3878 2725 3932 spem
2774 3864 3024 3918 habuerit
3053 3861 3317 3918 liberandi
3350 3856 3616 3932 populum
3649 3864 3720 3919 de
3747 3863 3909 3934 Egy-

2307 3963 2398 4026 pto
2429 3973 2442 4008 :
2473 3957 2589 4012 sive
2616 3957 2760 4026 quod
2790 3971 2886 4026 spe
2915 3965 3198 4022 parentum
3232 3956 3300 4010 de
3327 3970 3484 4024 aqute
3510 3955 3750 4023 periculo
3779 3957 3916 4011 libeo

2306 4059 2456 4105 ratus
2477 4049 2546 4102 sit
2576 4067 2586 4102 :
2620 4058 2827 4117 patrem
2867 4047 3106 4111 Sauoha,
3141 4048 3230 4116 qui
3261 4048 3691 4115 interpretatur,
3725 4048 3912 4118 guber-

2307 4152 2477 4209 nator,
2506 4157 2572 4196 eo
2619 4139 2761 4207 quod
2816 4154 3064 4208 magnam
3095 4139 3298 4209 populo
3327 4139 3385 4193 in
3412 4151 3604 4193 eremo
3641 4139 3915 4208 guberna—

2309 4237 2510 4291 lienem
2539 4232 2858 4288 exhibuerit
2883 4250 2897 4288 :
2930 4234 3044 4288 sive
3086 4232 3227 4302 quod
3256 4230 3500 4287 doctrina
3528 4244 3623 4286 sua
3654 4232 3910 4301 quotidie

2307 4328 2654 4400 gubernaret.

2385 4419 2580 4490 (Vera.
2613 4417 2744 4490 18.)
2791 4417 2944 4484 Quod
2990 4429 3126 4472 vero
3168 4415 3450 4486 sequitur:
3486 4411 3558 4467 Hi
3603 4420 3784 4468 autem
3817 4414 3919 4485 ﬁlii

681 4515 998 4585 (Vers.tt.)
1025 4513 1192 4570 Caleb
1225 4517 1392 4571 frater
1418 4517 1578 4583 Suaa,
1613 4516 1731 4586 ipse
1761 4527 1846 4572 est
1876 4517 2032 4571 ﬂatu.
2068 4518 2203 4574 an
2235 4584 2262 4586 _
2311 4510 2544 4576 Btthiw.
2603 4509 2728 4564 ﬁliae
2787 4509 3127 4570 leratmiS.
3185 4519 3347 4576 quam
3404 4505 3612 4574 accepit
3667 4507 3864 4562 Merci!
3900 4524 3914 4562 :

606 4584 1016 4672 interpretatur,
1050 4606 1314 4671 excelsus;
1349 4618 1402 4661 et
1431 4607 1595 4669 Suaa,
1627 4584 1858 4662 sublimis
1885 4607 1996 4680 [ΑΙ.
2029 4609 2204 4664 Itumi-
2233 4584 2288 4644 Ῑ)
2315 4602 2610 4656 Pharaonis
2643 4600 2831 4664 ﬁliam,
2860 4600 3065 4654 idcirco
3095 4599 3147 4654 in
3183 4599 3286 4653 hoc
3323 4599 3444 4652 loco
3484 4608 3709 4653 matrem
3740 4599 3914 4670 Moysi

603 4694 713 4770 lis].
743 4695 897 4752 Caleb
926 4700 1100 4766 genuit
1125 4697 1354 4763 Machir,
1385 4697 1591 4753 Machir
1610 4702 1796 4769 genuit
1817 4701 2010 4766 Estou,
2037 4703 2203 4758 Eston

600 4791 787 4862 genuit
818 4789 1083 4844 Tehinua.
1134 4790 1287 4857 Quod
1338 4805 1469 4845 vero
1496 4793 1626 4846 dicit
1655 4807 1784 4849 eum
1813 4803 2020 4862 patrem
2055 4797 2204 4850 urbis

599 4887 763 4950 Naas,
795 4886 1021 4957 intelligi
1049 4895 1230 4956 potest
1273 4895 1365 4940 aut
1396 4887 1675 4942 Bethleem
1705 4927 1720 4954 ,
1746 4898 1836 4942 aut
1867 4895 2041 4944 mater
2069 4889 2200 4955 Isai;

602 4983 728 5052 quia
757 4981 858 5036 [sai
893 4982 944 5034 in
975 4981 1085 5034 alio
1110 4979 1232 5035 loco
1261 4977 1403 5034 Naas
1431 5022 1444 5042 ,
1497 4979 1548 5034 id
1597 4987 1681 5037 est
1710 4981 1920 5035 coluber
1950 4990 2196 5037 vocatur.

606 5073 818 5143 Abigail
847 5087 1008 5127 soror
1033 5081 1120 5127 est
1153 5072 1339 5136 David,
1370 5073 1474 5128 ﬁlia
1505 5073 1664 5136 Naas,
1696 5069 1748 5128 id
1777 5083 1880 5137 est,
1912 5073 2018 5128 lsai
2054 5091 2069 5130 :
2118 5076 2210 5144 qui

604 5172 834 5232 utroque
878 5163 1103 5218 nomine
1133 5163 1453 5218 vocabatur.
1487 5163 1651 5220 Getra
1685 5163 1988 5220 lsmaetites
2029 5164 2216 5221 habuit

602 5270 830 5311 uxorem
883 5255 1092 5325 Abigail
1141 5253 1306 5308 ﬁliam
1343 5255 1502 5310 Naas.
1551 5256 1704 5322 Quod
1743 5271 1873 5311 vero
1923 5255 2090 5323 dicit,
2126 5256 2214 5310 isti

670 5377 696 5407 ι
859 5415 872 5437 ,
907 5369 990 5422 ltic
1033 5379 1203 5423 autem
1237 5371 1448 5424 mutatis
1479 5372 1776 5426 nominibus
1806 5373 1923 5426 ideo
1950 5381 2198 5445 repetun-

599 5449 704 5495 tur.
732 5439 894 5495 Fares
923 5445 1309 5510 interpretatur,
1343 5451 1453 5496 etc.

674 5531 701 5570 δ
729 5534 831 5598 Qui
864 5532 1050 5587 decem
1077 5534 1237 5587 Musis
1263 5536 1479 5587 nomina
1509 5533 1676 5590 fuisse
1703 5534 1944 5601 tradunt,
1985 5543 2201 5589 veteres

599 5604 837 5666 Hebraei,
883 5611 942 5655 ut
989 5615 1116 5657 sunt
1164 5610 1364 5659 Auctor
1411 5603 1649 5664 Vaikrm,
1695 5614 1858 5673 atque
1901 5604 2100 5658 exinde
2131 5605 2196 5658 R.

599 5674 824 5754 petllaja
869 5673 1207 5754 Schulschul,
1248 5675 1494 5729 nonnihil
1530 5675 1608 5754 ab
1641 5676 1724 5728 his
1754 5676 1967 5754 variant
1999 5682 2112 5727 tum
2147 5675 2200 5729 in

598 5744 727 5816 ipsa
752 5744 1028 5816 nominum
1053 5747 1340 5813 scriptura,
1385 5755 1495 5801 tutu
1530 5748 1581 5799 in
1619 5746 1957 5802 excudendis
1984 5756 2203 5816 etymo-

596 5812 781 5876 logiis.
828 5811 1089 5870 Scribunt
1125 5832 1256 5873 vero
1297 5811 1396 5890 pro
1435 5817 1622 5874 Satnai
1655 5826 1860 5882 manu
1890 5811 2200 5892 Schemaia,

2312 4702 2490 4753 vocat.
2515 4703 2570 4748 et
2593 4694 3003 4762 interpretatur,
3033 4691 3145 4761 ﬁlia
3179 4687 3392 4744 Domini
3415 4729 3429 4751 ,
3466 4698 3690 4760 propter
3716 4690 3914 4746 bonam

2312 4787 2644 4841 Voluntatetn
2673 4800 2832 4856 quam
2861 4785 2912 4838 in
2947 4783 3236 4838 nutriendo
3266 4795 3436 4852 puero
3463 4783 3748 4850 habuerit,
3807 4792 3860 4838 et
3887 4795 3916 4835 ι

2313 4879 2494 4935 Ilered
2519 4921 2533 4944 ,
2565 4879 2614 4932 id
2639 4885 2722 4932 est
2747 4919 2759 4939 ,
2787 4876 2975 4948 Moyse
2996 4884 3210 4943 accepta
3249 4889 3373 4929 eme
3404 4874 3627 4938 dicitur,
3668 4887 3740 4928 eo
3771 4871 3919 4942 quod

2312 4972 2514 5027 relictis
2541 4971 2806 5025 idolorum
2832 4968 3087 5033 cultibus,
3109 4968 3172 5020 ad
3191 4967 3284 5022 Dei
3305 4967 3510 5022 cultum
3535 4980 3801 5022 conversa
3828 4966 3917 5021 sit.

2383 5064 2562 5137 (Vera.
2608 5063 2720 5132 19.)
2756 5063 2964 5116 Charini
2997 5071 3141 5133 pater
3163 5059 3308 5114 Ceila
3336 5069 3383 5113 ct
3412 5057 3678 5125 Estamou,
3711 5059 3800 5127 qui
3827 5059 3920 5127 fuit

2313 5159 2376 5212 de
2420 5156 2672 5211 Marhati.
2721 5153 2869 5210 Ceila
2897 5169 3094 5209 nomen
3127 5151 3233 5208 loci
3259 5161 3384 5218 est,
3410 5160 3470 5207 et
3497 5149 3734 5206 Macbatl
3763 5149 3920 5206 siml-

2315 5239 2485 5308 liter.‘

2301 5385 2403 5440 pro
2435 5365 2602 5424 Jedor
2645 5373 2747 5426 ant
2776 5361 2978 5430 Jethcr,
3032 5379 3131 5432 pro
3173 5360 3354 5420 [leber
3391 5373 3504 5425 ἻΞΠ
3557 5359 3781 5431 Chaber,
3829 5375 3923 5435 pro

2301 5461 2532 5518 Icutbiel
2559 5443 2780 5546 Satnwpt
2807 5457 3096 5526 Jckuthiel,
3131 5467 3185 5514 et
3214 5469 3328 5518 mn
3367 5465 3467 5514 ‘13
3508 5456 3608 5510 Abi
3640 5456 3918 5546 Zanuach,

2307 5566 2422 5617 ποτ)
2451 5563 2550 5612 ius:
2576 5552 2674 5607 Abi
2708 5541 2915 5610 Suebo,
2951 5566 3049 5618 pro
3086 5549 3244 5605 Pater
3274 5546 3517 5613 Sanoha,
3549 5558 3597 5602 et
3632 5541 3797 5603 Pater
3831 5549 3921 5605 So-

2313 5651 2429 5704 clto.
2465 5648 2664 5716 Hisque
2694 5643 2896 5698 addunt
2923 5628 3094 5704 bam:
3125 5652 3176 5730 τῖ
3210 5645 3325 5698 Ben
3355 5640 3688 5706 Natbanael,
3723 5642 3779 5696 id
3806 5651 3918 5703 est,

2315 5741 2512 5868 Fittugi
2560 5738 2941 5864 rgat/lanuuii,
2977 5745 3030 5791 et
3074 5745 3247 5796 manu
3285 5734 3472 5803 Tobia,
3505 5745 3564 5794 et
3587 5745 3748 5805 15v,
3783 5733 3918 5808 quod

2315 5823 2416 5868 est.
2497 5827 2568 5865 crt
2609 5827 2660 5863 a.

2312 5823 2416 5882 est,
2453 5823 2660 5868 δοτιυα.
