4006 6342
156 401 186 455 1
203 399 318 455 573

887 399 1347 471 QUESTIONES
1388 400 1777 467 IIEBRMCiﬁ.
1825 407 1890 465 IN
1932 406 2062 466 LIB.
2104 404 2123 466 l
2160 403 2773 472 PARALIPOMENON.

3342 425 3482 481 1371

243 514 432 586 (Vers.
459 513 577 587 ΞΟ.)
619 514 806 571 Simon
836 524 982 587 pater
1024 518 1264 583 Amnon,
1314 526 1362 570 et
1411 517 1555 571 Retia
1581 559 1597 583 ,
1634 516 1779 575 illius
1808 523 1854 583 Α
1886 523 2105 576 nomine
2143 523 2198 576 in
2238 534 2468 595 utroque
2514 526 2658 579 libro
2704 536 3122 596 commenmrat,
3175 531 3264 588 hic
3313 533 3481 589 lilium

156 605 276 661 fuit
313 606 586 665 Esmmoa.
625 607 719 662 lilii
752 608 907 673 Odai,
938 609 1031 663 lilii
1054 609 1252 674 Asriel,
1285 609 1380 662 lilii
1403 608 1645 676 Jalaleel,
1684 612 1777 665 lilii

153 698 384 763 Cenes,
420 699 510 752 ﬁlii
536 699 683 760 Scia,
718 699 813 754 lilii
842 700 1015 754 Jutlte.

240 788 427 861 (γεγε.
461 790 681 860 21-95.)
707 790 774 844 Et
802 803 946 857 pater
975 790 1162 854 Levita,
1202 791 1403 845 idcirco
1432 792 1518 845 hic
1559 792 1777 862 ponitur

151 890 401 950 propter
426 882 740 936 memoriam
768 883 979 949 pristini
1009 883 1265 938 nominis.
1292 883 1629 954 Cagnatioues
1653 901 1775 954 ergo

152 979 360 1031 domus
381 979 703 1041 onerantium
731 976 934 1047 bytsum
954 979 1007 1031 in
1040 979 1190 1030 domo
1210 980 1516 1049 juratuenti,
1543 977 1593 1031 bi
1624 986 1771 1043 sunt,

151 1071 259 1138 qui
300 1086 424 1125 cum
456 1069 695 1123 Beseleel
737 1070 931 1124 morati
981 1081 1106 1124 snnt
1156 1069 1221 1123 ad
1273 1070 1595 1138 explendum
1635 1085 1773 1135 opus

154 1162 537 1216 tabernaculi.
588 1160 886 1216 .lurameoti
942 1162 1143 1215 etenim
1176 1161 1373 1214 domus
1407 1162 1608 1215 idcirco
1639 1162 1775 1216 dici-

155 1266 282 1319 tur,
315 1257 454 1310 sicut
484 1266 538 1309 et
571 1254 976 1309 tabernaculum
1012 1253 1233 1308 hederis
1260 1295 1274 1317 ,
1300 1254 1443 1322 quod
1500 1256 1550 1307 lu
1581 1270 1647 1308 eo
1673 1254 1772 1310 fte-

152 1347 274 1401 dus
303 1355 451 1401 esset
480 1345 577 1399 Dei
605 1386 617 1405 .
651 1346 794 1414 quod
823 1361 944 1399 cum
977 1345 1284 1399 hominibus
1312 1345 1438 1399 fecit
1467 1387 1481 1411 ,
1528 1354 1579 1399 et
1623 1346 1772 1414 jura-

152 1451 419 1495 mentum
454 1438 595 1508 quod
620 1438 821 1508 juravit
850 1438 916 1493 ad
949 1439 1220 1493 Abraham
1248 1480 1261 1501 ,
1312 1439 1460 1493 Isaac
1496 1450 1548 1492 et
1580 1440 1768 1511 Jacob.

152 1530 328 1599 Quod
355 1545 482 1584 vero
509 1531 752 1597 sequitur
789 1547 803 1584 ε
838 1528 938 1596 Qui
966 1539 1101 1583 stare
1133 1532 1249 1601 fecit
1277 1532 1433 1584 solem
1470 1545 1491 1585 :
1521 1532 1661 1586 redit
1702 1533 1769 1587 ad

154 1622 487 1692 progeniem
521 1621 748 1685 Pltarez,
781 1621 848 1677 de
877 1636 985 1691 quo
1010 1632 1163 1676 ortus
1200 1631 1285 1677 est
1330 1622 1516 1685 David.
1568 1636 1769 1694 Oppor-

156 1726 361 1771 tunum
389 1716 640 1786 judicans
669 1717 981 1787 progeniem
1009 1717 1172 1781 Juda,
1194 1717 1262 1771 de
1291 1731 1393 1785 qua
1426 1717 1599 1771 tribus
1622 1718 1770 1786 regia

156 1821 287 1864 orta
320 1816 423 1869 est.
452 1810 504 1863 in
533 1810 698 1863 David
733 1811 1048 1864 terminare.
1095 1808 1335 1863 Tradunt
1377 1808 1523 1863 enim
1558 1808 1770 1864 llehrtei

1879 616 2211 670 (Iananitidis
2243 626 2421 681 tacet,
2472 628 2525 672 et
2570 618 2845 674 vicinitate
2892 621 3115 677 fraterni
3150 626 3382 677 nominis
3410 636 3478 681 ex

1878 707 2035 776 Zara,
2071 711 2159 778 qui
2188 710 2595 779 interpretatur,
2624 724 2788 771 artus.
2835 714 3076 769 deceret.
3117 717 3271 782 Quod
3316 718 3471 785 dicit,

1878 802 1960 855 ha:
1996 803 2227 855 civitates
2256 818 2431 854 eorum
2460 816 2618 874 usque
2646 804 2714 855 ad
2748 820 2915 876 regem
2948 805 3118 860 David
3162 822 3181 861 :
3222 808 3326 863 hoc
3361 809 3476 863 vult

1878 894 2121 964 intelligi,
2152 898 2293 965 quod
2314 895 2561 951 Sirelcclt
2585 907 2633 951 et
2660 898 2946 967 Bersabee,
2976 912 3098 970 qum
3126 902 3297 955 tribus
3318 902 3472 957 ιυσιω

1878 985 2114 1053 luerttut,
2150 995 2203 1040 et
2232 998 2259 1041 a
2287 988 2428 1041 tribu
2460 989 2697 1059 Sytneon
2731 991 2934 1044 invaste
2964 1001 3107 1055 sunt,
3132 1009 3160 1046 a
3185 994 3349 1047 Darid
3373 994 3472 1050 de-

1877 1091 1984 1131 nuo
2015 1079 2067 1132 in
2100 1080 2389 1149 pristinam
2423 1080 2576 1134 Judtr
2608 1082 2887 1136 redierunt
2921 1082 3317 1138 htercditatem.
3370 1084 3475 1140 Ain

1874 1170 2137 1224 Rcmmon
2177 1172 2337 1227 unius
2368 1173 2511 1226 villa:
2539 1188 2735 1227 nomen
2767 1184 2879 1242 Bst,
2911 1189 3031 1245 quae
3062 1177 3470 1246 interpretatur,

1874 1265 1990 1334 fons
2021 1263 2272 1317 malorum
2301 1272 2658 1334 granatorum.

1950 1357 2134 1426 (Vers.
2167 1359 2283 1426 55.)
2318 1358 2385 1411 Et
2416 1360 2641 1413 universi
2672 1359 2827 1413 riculi
2865 1370 3043 1413 eorum
3073 1375 3163 1428 per
3201 1360 3470 1413 circuitum

1875 1449 2135 1502 civitatum
2164 1450 2378 1503 istarum
2404 1463 2562 1520 usque
2590 1450 2743 1505 Baal.
2796 1452 2922 1505 Baal
2974 1453 3024 1505 in
3070 1450 3169 1506 hoc
3198 1452 3319 1508 loco
3351 1451 3469 1520 ipsa

1874 1548 1980 1606 est,
2010 1556 2128 1608 qua:
2157 1545 2206 1596 in
2239 1543 2347 1596 alio
2379 1544 2502 1597 loco
2526 1543 2875 1599 Cariatbbnal
2907 1544 3197 1611 scribitur,
3242 1544 3312 1599 de
3361 1555 3469 1615 qua

1873 1635 2124 1701 superius
2152 1634 2353 1688 dictum
2385 1640 2489 1689 est.
2544 1636 2850 1690 Notandum
2897 1636 2964 1690 de
3016 1636 3257 1704 reliquiis
3298 1638 3466 1692 Ama.

1875 1726 2038 1781 leth:
2074 1726 2243 1782 lieera
2274 1727 2414 1782 illius
2445 1728 2569 1783 Baal
2601 1730 2670 1783 de
2716 1731 2887 1793 stirpe
2938 1729 3127 1784 Ruben
3160 1772 3175 1796 ,
3220 1732 3336 1800 ipse
3377 1741 3466 1787 est

1874 1817 2035 1873 Pater
2062 1819 2216 1873 Oscae
2246 1820 2547 1888 prophetae.
2596 1820 2903 1875 Notandum
2934 1823 3078 1891 quod
3111 1822 3227 1891 ip~a
3263 1822 3334 1877 sit
3364 1823 3467 1877 (Ie.

157 1902 321 1956 hunc
351 1901 519 1955 fuisse
549 1900 843 1956 Elimelech
873 1902 1047 1955 virum
1085 1900 1291 1963 Noemi,
1325 1913 1528 1971 patrem
1554 1902 1763 1958 Maalon
1795 1900 1842 1957 B
1870 1910 2027 1964 thura
2057 1925 2179 1981 qua:
2211 1921 2264 1965 et
2294 1910 2457 1979 Agar.

155 2008 217 2052 et
229 1996 460 2052 Cbelion
478 1997 528 2051 in
547 1996 698 2065 cujus
717 2007 961 2067 tempore
979 1998 1060 2052 sol
1076 2000 1309 2063 steterit,
1328 2010 1549 2067 propter
1564 2013 1761 2066 prima.

154 2090 430 2145 ricatores
445 2089 1079 2164 [Meprazvaricatioues]
1094 2092 1247 2161 legis,
1266 2099 1483 2146 uttanto
1502 2091 1767 2145 miracqu

153 2183 310 2247 viso,
337 2191 785 2239 converterentur
812 2184 878 2237 ad
903 2184 1185 2239 Dominum
1210 2184 1373 2237 Deum
1400 2199 1577 2237 suum.
1611 2182 1766 2250 Quod

155 2274 295 2345 quia
327 2274 507 2331 facere
537 2284 982 2346 contempserunt
1011 2295 1023 2329 :
1054 2277 1260 2332 idcirco
1310 2277 1479 2331 fames
1518 2278 1763 2344 invaluit,

155 2380 223 2424 ut
254 2370 372 2437 ille,
404 2370 494 2438 qui
520 2370 576 2423 lu
606 2371 748 2426 tribu
779 2370 915 2425 Juda
946 2370 1093 2439 prior
1123 2370 1430 2435 videbatur,
1464 2369 1624 2424 lamis
1654 2370 1767 2424 ino-

157 2464 252 2533 pia
280 2478 401 2519 cum
447 2477 614 2520 uxore
642 2475 699 2520 et
728 2465 873 2532 liliis,
905 2481 1011 2519 non
1044 2465 1221 2519 solum
1255 2465 1421 2533 patria
1449 2464 1765 2533 pelleretur,

156 2557 259 2612 sed
293 2558 456 2613 etiam
498 2561 550 2612 in
574 2558 761 2612 eadem
794 2558 1229 2627 peregrinatione
1275 2571 1396 2611 cum
1432 2556 1557 2611 [illis
1588 2573 1767 2612 more-

158 2660 337 2705 retur.
371 2650 531 2706 Viros
551 2658 731 2704 autem
764 2650 1031 2705 mendacii
1058 2662 1180 2704 esse
1203 2650 1413 2704 Maalon
1432 2658 1483 2702 et
1512 2648 1763 2718 Cbelion,

158 2744 252 2812 qui
289 2742 402 2809 hic,
436 2758 648 2797 securus
705 2752 759 2798 et
789 2752 813 2780 α
861 2742 1139 2797 incendens
1177 2743 1520 2812 appellantur
1550 2780 1563 2807 ,
1616 2752 1673 2797 et
1699 2743 1767 2798 de

158 2834 360 2903 quibus
391 2834 591 2887 dicitur
621 2836 760 2901 quod
797 2836 1071 2905 principes
1118 2833 1317 2889 fuerint
1367 2836 1418 2887 in
1454 2834 1608 2889 Meab
1638 2875 1652 2897 ,
1698 2850 1767 2889 eo

159 2926 308 2996 quod
361 2940 560 2979 uxores
605 2925 924 2980 Moabitidas
954 2926 1226 2979 duxerint.
1291 2926 1344 2979 lu
1400 2925 1628 2979 llebra-o
1666 2941 1768 2981 ex-

163 3020 414 3083 prc~sius
458 3020 711 3086 ponitur,
772 3028 826 3073 et
871 3020 940 3073 ab
968 3019 1193 3073 eruditis
1218 3018 1358 3072 illius
1395 3020 1587 3087 linguae
1624 3021 1637 3049 ¹
1684 3020 1768 3072 di-

159 3112 423 3167 dicimus.
456 3110 485 3149 b
516 3121 574 3166 ut
628 3126 733 3166 non
768 3113 1041 3182 print-ipes
1067 3154 1080 3176 ,
1123 3111 1217 3167 sed
1268 3114 1443 3165 mariti
1497 3113 1764 3169 dicantur.

161 3203 321 3269 Quod
350 3219 480 3257 vero
520 3204 767 3270 sequitur
792 3244 805 3266 ,
856 3219 980 3273 quae
1024 3219 1257 3258 reversae
1296 3213 1424 3257 sunt
1454 3207 1505 3258 in
1537 3204 1762 3271 Lehem,

1949 2004 2104 2075 (Cap.
2132 2002 2197 2057 V.
2221 2029 2292 2043 --
2318 2002 2474 2057 Vers.
2506 2002 2621 2073 19.)
2668 2002 2801 2057 Nam
2833 2019 2954 2058 cum
2987 2005 3133 2059 dicat
3161 2002 3464 2060 Rubenitas

1870 2105 1924 2150 et
1973 2094 2234 2150 Gadditas
2282 2103 2338 2163 et
2371 2095 2652 2149 dimidiam
2687 2095 2884 2149 tribum
2915 2096 3162 2150 Manasse
3193 2110 3465 2166 pugnasse

1870 2201 1993 2241 cum
2016 2187 2313 2256 Agarenis:
2349 2188 2594 2256 sequitur
2617 2188 2914 2257 prasbuisse
2936 2187 3016 2242 eis
3036 2189 3319 2244 auxilium.
3353 2190 3463 2247 ltu~

1869 2292 2029 2344 neos,
2054 2277 2340 2347 Naphteos,
2364 2290 2417 2333 et
2440 2278 2649 2345 Nadab,
2678 2281 2768 2348 qui
2796 2282 2983 2349 utique
3006 2280 3097 2335 lilii
3127 2280 3321 2336 lsmael
3347 2284 3464 2340 lue-

1870 2379 2014 2426 runt.
2041 2370 2184 2426 Idem
2214 2371 2267 2425 in
2292 2371 2754 2440 Paralipomenon
2775 2372 2989 2440 Nadab,
3019 2376 3073 2428 in
3097 2374 3296 2430 Genesi
3322 2377 3461 2432 Ced-

1870 2478 1956 2516 ma
1985 2470 2226 2517 vocatur.
2270 2460 2472 2517 Cedma
2503 2462 2919 2532 interpretatur,
2955 2467 3314 2531 antiquorum,
3349 2467 3456 2523 Noe

1870 2553 1996 2617 dab,
2029 2565 2161 2608 uter.
2194 2553 2320 2609 Fuit
2347 2557 2495 2610 enim
2529 2557 2727 2612 bellum
2760 2556 3013 2611 Domini:
3045 2562 3170 2628 quia
3203 2561 3466 2615 Dominus

1870 2645 2128 2714 pugnavit
2155 2660 2278 2699 cum
2309 2646 2409 2700 eis.

1945 2736 2125 2804 (νει-ε.
2155 2736 2273 2807 36.)
2315 2736 2614 2793 Transtulit
2651 2737 3146 2811 Tlteglatphalarar,
3192 2742 3377 2797 Ruben
3414 2752 3465 2799 et

1871 2827 1986 2883 God
2014 2839 2062 2882 et
2101 2830 2375 2884 dimidiam
2405 2832 2597 2885 tribum
2630 2831 2889 2900 Mantuae,
2937 2846 2984 2888 et
3023 2833 3242 2888 adduxit
3278 2852 3365 2889 eos
3404 2840 3461 2891 in

1870 2921 2034 2987 Hala,
2075 2932 2124 2977 et
2167 2924 2218 2976 in
2251 2924 2389 2983 Abor
2416 2934 2463 2977 et
2494 2923 2665 2988 Hora,
2713 2926 2829 2994 ipsa
2857 2932 2942 2979 est
2972 2925 3168 2995 Reges.
3214 2926 3270 2981 In
3298 2927 3464 2982 Mala-

1870 3015 2012 3070 cbim
2040 3030 2171 3070 vero
2204 3016 2339 3070 Hara
2375 3019 2831 3086 prtelermittitur.

1944 3110 2099 3180 (Cap.
2140 3109 2226 3163 V‘l.
2258 3138 2330 3150 —
2372 3109 2525 3164 Vers.
2559 3110 2678 3178 15.)
2709 3110 2980 3165 Josedech
3022 3111 3313 3178 sacerdos,
3348 3114 3468 3180 ipse

1871 3212 1956 3257 est
1988 3204 2177 3258 Ezras.
2215 3202 2567 3256 Demonstrat
2598 3204 2701 3257 hoc
2732 3203 2871 3256 liber
2892 3203 3137 3273 ejusdem
3170 3205 3344 3267 harae,
3379 3203 3470 3259 ubi

160 3294 356 3348 Noemi
383 3305 434 3349 et
474 3293 616 3348 Ruth
649 3294 1003 3359 demonstrat,
1051 3311 1171 3365 qute
1201 3296 1253 3350 iu
1283 3295 1507 3360 Ltbem,
1563 3297 1612 3349 id
1659 3306 1762 3363 est,
1796 3284 1839 3345 C
1872 3296 1999 3350 dicit
2022 3313 2034 3348 :
2056 3295 2121 3348 Et
2149 3304 2266 3363 post
2293 3296 2402 3348 htrc
2424 3295 2575 3349 rerba
2597 3297 2649 3349 iu
2673 3312 2833 3367 regno
2856 3296 3161 3351 Artaxerxis
3183 3307 3318 3369 regis
3339 3298 3469 3353 Pera

163 3404 349 3457 panem
389 3396 511 3454 post
562 3388 796 3456 inopiam
832 3386 989 3442 fatuis
1016 3428 1030 3452 ,
1063 3388 1240 3443 audita
1284 3388 1528 3442 ubertate
1570 3391 1721 3455 panis
1746 3426 1760 3452 ,

162 3482 219 3535 in
253 3480 530 3533 Bethleem
564 3495 799 3534 reversm
828 3491 975 3535 sunt.
1039 3481 1103 3534 Et
1142 3478 1266 3549 quia
1305 3480 1417 3534 huic
1451 3481 1668 3535 historia
1711 3481 1764 3534 in

163 3571 309 3626 libro
336 3569 482 3625 Ruth
524 3571 776 3624 scribitur
806 3569 971 3641 (Ruth
1003 3586 1041 3637 ι,
1076 3570 1133 3641 4)
1167 3587 1178 3621 :
1228 3570 1429 3623 idcirco
1478 3570 1762 3641 subsequi-

163 3679 255 3719 tur
284 3683 297 3718 :
337 3663 463 3717 Hau:
486 3672 653 3716 autem
676 3663 825 3717 verba
854 3673 1041 3717 cetera.
1077 3663 1299 3732 Figulos
1340 3681 1468 3717 vero
1500 3663 1627 3718 dicit
1674 3664 1764 3719 Ita-

165 3760 407 3813 bitautes
435 3758 486 3811 in
511 3757 928 3825 plantationibus
958 3766 1013 3811 et
1038 3756 1279 3824 sepibus,
1316 3758 1621 3825 progeniem
1646 3772 1767 3826 qua:

162 3852 232 3904 de
254 3848 403 3904 Ruth
423 3857 717 3919 propagata
738 3861 854 3902 est:
883 3864 1001 3919 qua:
1026 3847 1078 3901 in
1102 3850 1321 3917 scpibus
1345 3858 1395 3901 et
1420 3850 1768 3918 plantationi-

162 3943 267 3997 bus
282 3941 555 3995 habitasse
572 3941 782 4009 legitur,
799 3942 1014 4009 quando
1028 3941 1091 3995 ad
1109 3944 1307 4011 regiam
1323 3941 1636 4009 dignitatem
1654 3942 1769 3995 haec

163 4035 429 4105 plantatio
454 4034 715 4102 pervenit.
744 4031 1057 4087 Commorati
1078 4043 1196 4088 sunt
1219 4035 1309 4099 ibi,
1344 4034 1445 4090 hoc
1474 4044 1555 4088 est
1588 4035 1639 4087 in
1666 4035 1766 4087 Be-

163 4130 370 4185 thleem
393 4127 534 4197 apud
555 4143 733 4197 regem
749 4128 802 4181 in
822 4128 1075 4194 operibus
1098 4128 1237 4196 ejus,
1262 4128 1385 4197 quia
1406 4142 1473 4179 ex
1498 4128 1577 4180 eis
1601 4126 1768 4181 David

162 4236 260 4277 rex
282 4227 435 4273 ortus
449 4220 711 4287 est,cujus
728 4233 895 4287 opera
915 4219 1066 4271 miris
1080 4220 1363 4287 praeconiis
1381 4218 1767 4287 prmdicantur.

239 4312 423 4385 (γεγε.
452 4312 546 4379 24,
575 4313 635 4367 51
682 4321 735 4366 et
767 4313 888 4381 52.)
923 4310 1049 4365 Filii
1077 4311 1304 4381 Symeon
1354 4311 1407 4364 itt
1443 4312 1640 4365 Genesi
1673 4325 1769 4365 sex

164 4407 572 4462 describuntur.
607 4404 703 4460 Hic
730 4421 862 4461 vero
890 4414 1082 4460 sextus
1115 4404 1346 4468 tollitur,
1374 4419 1439 4458 eo
1460 4404 1601 4473 quod
1628 4404 1771 4457 nulla

164 4500 457 4571 progenies
503 4498 571 4553 de
608 4513 674 4553 eo
719 4500 1003 4568 processit.
1056 4498 1331 4552 Mutantur
1378 4512 1508 4550 vero
1549 4496 1770 4550 nomina

165 4593 420 4665 qumdam
445 4592 552 4647 suis
578 4592 900 4647 rationibus.
929 4592 986 4646 lu
1014 4591 1208 4647 Genesi
1233 4590 1508 4653 scribitur,
1534 4590 1767 4645 Jemuel.

167 4687 406 4747 Jenmel.
444 4701 583 4739 mare
622 4684 719 4738 Dei
750 4700 769 4739 :
796 4686 848 4739 in
877 4684 1327 4753 Paralipomenon
1358 4684 1613 4738 Namuel.
1663 4683 1772 4738 Na-
1796 4666 1852 4728 D

171 4779 343 4846 muel,
377 4776 594 4847 loquens
623 4794 737 4831 cum
768 4776 903 4833 Deo.
946 4778 1095 4833 Alius
1133 4792 1261 4832 vero
1300 4778 1353 4831 in
1380 4776 1577 4831 Genesi
1609 4793 1771 4832 Voca-

168 4886 259 4929 tur
288 4873 438 4925 Ohad
486 4889 497 4923 :
531 4872 582 4925 in
614 4872 1067 4943 Paralipomenon
1095 4870 1266 4927 Jarib.
1322 4871 1472 4925 Ohnd
1504 4872 1769 4941 interpre-

164 4972 337 5027 tatur,
363 4963 596 5018 laudatio
624 4978 642 5017 :
666 4964 837 5027 Jarib,
866 4965 1075 5035 litigatis
1099 4979 1116 5016 :
1139 4963 1260 5031 quia
1286 4961 1354 5016 de
1372 4962 1489 5031 ejus
1513 4963 1769 5031 progenie

166 5056 341 5113 exivit
372 5054 577 5121 Zamri,
628 5057 717 5126 qui
750 5070 875 5111 cum
924 5065 1105 5110 scorto
1135 5055 1486 5111 Madianitide
1518 5070 1767 5123 peccans,

166 5168 197 5206 a
228 5151 468 5206 Phinees
499 5160 811 5220 peremptus
834 5158 936 5205 est.
963 5148 1153 5205 Jachin
1185 5150 1237 5202 in
1265 5146 1487 5213 Genesi,
1518 5147 1660 5217 quod
1692 5147 1776 5201 in-

170 5251 536 5312 terpretatur,
588 5243 902 5312 prteparatio
947 5257 966 5293 :
1006 5241 1057 5293 in
1110 5239 1559 5308 Paralipomenon
1613 5236 1771 5307 Zara,

169 5336 313 5405 quod
344 5335 756 5403 interpretatur,
806 5342 972 5387 ortus.
1024 5332 1152 5387 Saul
1198 5346 1347 5395 vero,
1392 5346 1550 5401 quem
1583 5331 1775 5385 eodem

246 5492 263 5523 ⁸
295 5488 369 5545 Ex
417 5487 520 5544 hoc
564 5490 685 5542 loco
728 5502 1013 5557 perperam
1045 5487 1268 5556 coniicit
1305 5488 1587 5550 Erasmus,
1621 5487 1766 5543 Scri-

172 5574 381 5635 ptorem
416 5560 643 5635 hujusce
672 5559 1538 5635 Opttsculipropemodutufateri
1572 5574 1629 5612 se
1673 5574 1769 5613 ue-

170 5628 394 5693 scivisse
433 5630 718 5687 llebraice.
752 5628 812 5685 lu
856 5628 1123 5700 ambiguis
1168 5632 1312 5685 enim
1358 5630 1766 5699 Seripturarum

244 5755 268 5784 ⁸
298 5745 423 5812 Ms.,
458 5760 671 5798 securus
710 5744 1027 5815 intercedens
1056 5743 1371 5815 appellatur.

243 5817 269 5855 δ
294 5816 443 5871 Malit
481 5830 610 5872 vero
632 5815 685 5869 in
709 5814 919 5869 Erasmi
944 5813 1265 5869 sententiam
1293 5814 1529 5882 prudens
1564 5813 1760 5868 Lector

174 5888 492 5947 concedere.
540 5886 674 5942 Vide
716 5901 837 5955 qua:
874 5885 975 5942 hac
1009 5884 1078 5940 de
1118 5901 1176 5941 re
1198 5885 1435 5947 diximus
1465 5887 1517 5941 iu
1553 5884 1756 5942 Praela-

1870 3404 2044 3440 sarum
2086 3385 2251 3439 Ezras
2290 3387 2434 3455 ﬁlius
2479 3388 2683 3442 Samia:
2709 3388 2808 3457 ﬁlii
2836 3388 3058 3443 Azariw.
3102 3390 3208 3445 Sed
3240 3392 3294 3445 in
3326 3392 3465 3446 libro

1869 3493 1968 3533 suo
2007 3494 2067 3533 se
2114 3480 2485 3545 prietermittit
2530 3480 2852 3536 lmmilitatis
2888 3496 3070 3536 causa.
3130 3483 3283 3548 Quod
3336 3499 3465 3538 vero

1869 3571 2021 3636 dicit,
2050 3568 2258 3625 Joauau
2282 3572 2455 3641 genuit
2476 3574 2744 3640 Azatiam,
2777 3582 2830 3627 et
2853 3573 2968 3642 ipse
2994 3582 3075 3627 est
3100 3574 3339 3636 AZarias,
3372 3576 3464 3643 qui

1870 3662 2177 3718 sacerdotio
2201 3662 2419 3717 functus
2441 3673 2520 3717 est
2544 3666 2595 3717 in
2622 3663 2785 3717 domo
2808 3678 2965 3730 quam
2994 3663 3282 3716 wdilicavit
3308 3663 3468 3720 Salo-

1874 3774 1997 3811 mon
2031 3759 2083 3811 in
2112 3757 2413 3813 Jerusalem
2448 3776 2460 3813 :
2495 3765 2765 3811 monstrat
2802 3756 3051 3810 eumdth
3082 3754 3329 3811 Azariam
3377 3773 3464 3813 re-

1871 3851 2073 3905 stitisse
2104 3851 2247 3905 Ozia:
2292 3850 2431 3921 regi,
2475 3851 2697 3921 quando
2730 3852 2946 3905 intravit
2980 3851 3032 3905 in
3069 3854 3326 3922 tentplum
3360 3853 3467 3907 Do-

1871 3943 2004 3997 mini
2053 3958 2175 3997 cum
2231 3944 2506 3998 thuribulo
2557 3956 2607 3998 et
2650 3952 2997 4000 terrmnotus
3025 3958 3253 4013 magnus
3288 3946 3465 4002 factus

1873 4040 1977 4085 est.
2012 4032 2254 4087 Tradunt
2286 4034 2451 4088 etiam
2480 4034 2730 4089 eumdem
2763 4034 2959 4088 Ezram
2991 4050 3112 4089 esse
3146 4035 3463 4091 Malachiam

1875 4125 2221 4195 pr0phetam,
2267 4129 2357 4196 qui
2390 4128 2441 4181 in
2473 4127 2762 4182 duodecim
2790 4126 3082 4196 Prophetis
3112 4130 3333 4181 ultimus
3357 4138 3464 4186 est.

1872 4220 2044 4290 Ipsius
2082 4220 2225 4274 lilius
2260 4232 2341 4276 est
2365 4221 2525 4276 Jesus
2552 4221 2807 4275 sacerdos
2838 4234 3084 4290 magnus,
3119 4221 3185 4277 de
3217 4237 3323 4290 quo
3352 4237 3467 4278 me~

1875 4312 2034 4367 tuinit
2056 4311 2351 4367 Zacharias
2383 4314 2667 4382 propheta.
2702 4312 2996 4368 Sciendum
3027 4330 3159 4369 sane
3189 4319 3314 4383 quia
3348 4330 3466 4372 cre-

1876 4406 1989 4459 bra:
2067 4407 2459 4476 appellationes
2518 4420 2874 4475 personarum
2936 4415 2993 4463 et
3062 4410 3469 4469 immutationes

1880 4509 1902 4536 ο
1929 4497 2206 4552 nominum
2257 4506 2309 4553 et
2357 4497 2731 4565 repetitiones,
2764 4498 2829 4552 ad
2862 4512 3116 4569 maguum
3146 4502 3470 4573 mysterium

1876 4588 2169 4658 pertinent.

1947 4680 2128 4749 (Vers.
2161 4676 2282 4747 21.)
2322 4676 2454 4733 Filii
2492 4679 2658 4734 Chaat
2695 4681 2984 4737 Aminadab
3024 4684 3166 4753 filius
3191 4690 3324 4756 ejus.
3364 4685 3471 4743 Iste

1877 4768 2172 4823 Amiuadab
2216 4770 2331 4838 ipse
2374 4779 2481 4835 est,
2525 4771 2612 4839 qui
2666 4773 2717 4826 in
2736 4773 2990 4828 Numeris
3028 4776 3247 4831 Jessaar
3276 4778 3471 4832 scribi-

1879 4874 1986 4931 tur,
2021 4872 2173 4932 pater
2200 4865 2367 4919 Core.
2400 4864 2570 4919 Filius
2591 4865 2832 4936 Samuel,
2866 4868 2959 4935 qui
2990 4872 3041 4920 in
3075 4870 3282 4938 Regum
3311 4869 3471 4925 Joltel

1876 4958 2234 5012 nominatur:
2285 4957 2341 5011 in
2393 4956 2855 5025 Paralipomenon
2905 4959 3135 5013 Vasseui
3185 4960 3469 5029 scribitur,

1874 5052 1998 5121 quia
2039 5050 2177 5106 Abia
2222 5050 2368 5104 lilius
2410 5050 2703 5115 Samuelis,
2750 5052 2802 5104 in
2845 5051 3085 5120 judicent
3116 5053 3467 5122 constitutus,

1875 5161 2159 5201 munerum
2203 5156 2463 5214 acceptor
2492 5153 2629 5198 erat.
2690 5143 2757 5198 Et
2787 5144 2910 5213 quia
2945 5146 3047 5198 iste
3076 5144 3258 5209 Johel,
3297 5147 3387 5213 qui
3418 5154 3473 5201 et

1876 5238 2129 5304 Vasswi,
2160 5238 2367 5293 sciebat
2398 5236 2524 5303 hoc,
2571 5246 2622 5291 et
2654 5250 2760 5290 non
2792 5235 3121 5306 corripiebat
3144 5252 3269 5291 eum
3296 5256 3311 5291 :
3343 5236 3472 5293 ideo

1878 5332 2132 5387 dicuntur
2174 5341 2403 5398 uterque
2450 5329 2669 5385 fecisse.
2714 5331 2771 5384 In
2803 5330 2905 5385 hoc
2934 5346 3065 5385 vero
3097 5332 3215 5385 loco
3244 5330 3472 5388 demon-

1874 5489 2084 5558 verbis,
2119 5488 2277 5558 periti
2307 5490 2559 5547 consulto
2588 5492 2928 5557 interrogare
2956 5489 3127 5544 solent
3162 5487 3471 5556 peritiores;

1878 5577 1976 5616 nec
2009 5561 2111 5615 hoc
2142 5561 2457 5629 imperitiae,
2485 5562 2580 5616 sed
2615 5561 2918 5630 prudentia:
2948 5572 3002 5614 et
3024 5560 3479 5629 tualuriorijudi-

1875 5635 1962 5687 cio
1992 5633 2340 5688 tribuendum
2372 5642 2475 5687 est.

1873 5745 2043 5800 tione.

1943 5828 1966 5855 ο
1998 5816 2194 5884 Verba,
2226 5819 2495 5874 nominum
2525 5827 2570 5874 et
2598 5816 2949 5889 νερειὶιὶοηεο,
2984 5814 3039 5872 in
3074 5831 3199 5873 meo
3230 5832 3336 5873 ms.
3371 5833 3479 5877 non

1865 5896 2011 5942 sunt.
