4006 6286
493 308 640 364 1578

1252 299 1346 356 AD
1383 295 1631 354 TOMUM
1663 294 1728 353 Ill
1765 293 2050 353 OPERUM
2092 295 2154 354 S.
2195 293 2580 353 HIERONYMI
2618 294 2990 353 APPENDIX.

3682 291 3845 350 1576

490 433 632 482 strat
660 439 783 482 eum
807 429 1116 494 separatum
1139 433 1170 475 a
1193 418 1364 475 fratre
1385 431 1507 486 suo,
1535 413 1660 486 quia
1683 423 1942 486 acceptor
1971 429 2089 469 mn-
2115 414 2167 478 Α
2193 420 2240 466 et
2269 410 2564 466 suburbana
2587 415 2722 484 ejus.
2773 412 3004 467 Ramoth
3035 411 3262 478 Galaad,
3291 411 3347 467 in
3376 409 3586 483 Regum
3645 424 3847 466 unum

496 533 689 576 lterum
717 524 856 572 erat.

569 609 753 680 (Vers.
787 606 904 677 δι.)
945 604 1084 659 Eliel
1115 614 1258 676 paler
1278 603 1490 658 Jeroam
1517 601 1659 671 ﬁlius
1687 599 1875 654 Tltou:
1908 598 1961 653 in
1983 597 2090 652 Re-

497 717 622 772 gum
658 701 775 756 Elin
807 699 1084 753 scribitur.
1134 697 1224 754 Sic
1254 699 1400 752 enim
1447 695 1634 759 habes,
1667 704 1712 747 et
1751 707 1936 746 nomen
1981 695 2097 764 ejus

501 792 701 849 Eleana
733 793 873 860 ﬁlius
895 790 1125 853 Jeroam,
1160 791 1258 860 ﬁlii
1293 789 1411 843 Elin
1444 787 1537 856 ﬁlii
1568 787 1740 842 Thou.
1769 784 1904 841 Eliel
1930 787 2098 839 inter-

502 894 773 956 pretatur,
810 881 946 937 Deus
983 899 1120 936 meus
1161 880 1320 936 Dens.
1356 881 1498 943 Eliu,
1533 878 1672 932 Deus
1696 894 1841 932 meus
1867 879 1997 948 ipse.
2035 877 2099 931 Et

507 975 596 1033 hic
629 975 763 1030 Eliul
798 975 1012 1038 dicitur,
1049 974 1100 1027 id
1131 986 1237 1039 est,
1263 971 1404 1026 Deus
1430 987 1574 1025 meus
1594 969 1729 1023 Deus
1757 988 1769 1020 :
1805 971 1856 1024 in
1892 969 2097 1038 Regum

509 1084 665 1129 vero,
701 1067 789 1124 ubi
826 1067 1056 1122 necdum
1088 1065 1155 1120 ad
1203 1064 1386 1130 templi
1444 1063 1805 1118 ministerium
1854 1062 2100 1129 designa-

474 1182 478 1186 '
505 1171 613 1225 tur,
640 1162 732 1215 sed
757 1160 1099 1213 solummodo
1122 1155 1452 1225 genealogiaa
1483 1155 1614 1209 ordo
1646 1156 1869 1217 texitur,
1899 1154 2100 1209 dit-itur

504 1251 649 1311 Elin.
683 1250 732 1304 id
750 1261 854 1315 est,
887 1250 1026 1304 Deus
1057 1266 1195 1304 meus
1217 1250 1345 1314 ipse.
1375 1247 1529 1316 Quod
1547 1263 1676 1302 vero
1698 1247 1895 1301 dicitur
1927 1247 2098 1300 Eman

505 1353 696 1398 cantor
741 1343 882 1396 lilins
912 1341 1092 1408 Joliel,
1139 1349 1194 1396 ot
1237 1343 1449 1410 eripieta
1481 1339 1816 1409 genealogia,
1850 1340 1982 1393 dicit
2031 1341 2102 1393 A-

508 1438 641 1502 saph
675 1435 893 1490 fratrem
923 1435 1060 1502 ejus.
1098 1433 1196 1488 Hic
1227 1434 1396 1488 frater
1439 1449 1548 1489 non
1588 1434 1747 1488 unius
1798 1434 1963 1499 patris
2009 1440 2104 1486 aut

509 1531 699 1585 matris
726 1528 944 1592 dicitur,
977 1528 1070 1582 sed
1104 1543 1170 1582 eo
1202 1528 1364 1582 modo
1399 1543 1506 1598 quo
1547 1528 1564 1558 ¹
1616 1527 1859 1580 solemus
1892 1528 2102 1594 prapin-

501 1638 639 1695 quos
671 1622 866 1677 intres
888 1621 1185 1689 appellare.
1216 1622 1371 1688 Quod
1405 1636 1537 1676 vero
1563 1621 1882 1691 genealogia
1915 1619 2101 1674 Aaron

507 1718 799 1784 repetitur,
835 1728 885 1772 et
921 1732 1092 1786 usque
1122 1716 1189 1770 ad
1240 1715 1528 1771 Arbimnas
1569 1716 1838 1784 pervenit,
1881 1725 2101 1784 putatur

2196 521 2393 562 nomen
2422 516 2525 574 est,
2551 515 2606 562 et
2643 517 2726 562 εει
2758 507 2809 561 in
2842 507 2988 563 tribu
3020 505 3300 576 prraim.

2267 599 2422 669 (Cap.
2455 598 2568 654 VII.
2603 629 2676 642 —
2703 599 2862 655 Vers.
2896 598 2977 671 6.)
3020 600 3076 655 In
3123 600 3610 667 Paralipomenon,
3655 615 3850 668 porro

2200 695 2299 762 ﬁlii
2338 693 2578 748 lssathar
2605 692 2772 747 Thala
2797 702 2844 746 et
2877 694 2987 749 Sua
3014 735 3027 758 ,
3059 692 3224 747 Jasub
3250 703 3298 747 et
3329 692 3596 749 Simeron.
3635 692 3852 749 Jasub

2199 789 2252 843 in
2295 787 2494 844 Genesi
2531 788 2630 843 Job
2662 790 2992 842 nominatur.
3040 788 3146 844 Job
3179 792 3596 855 interpretatur.
3631 787 3856 841 ulula-

2199 881 2312 945 tio;
2343 879 2530 943 Jasub,
2581 896 2843 934 resonans.
2890 879 3161 943 Simeron,
3208 895 3405 935 nomen
3451 880 3752 943 bmniuis,
3792 887 3857 934 et

2201 972 2488 1032 Samaron,
2520 988 2714 1027 nomen
2746 972 3006 1026 civitatis.
3043 973 3315 1038 Simeron,
3351 973 3440 1027 ubi
3484 988 3716 1027 nomen
3755 980 3858 1027 est

2203 1065 2458 1132 hominis,
2484 1081 2581 1136 per
2612 1067 2666 1126 i:
2700 1067 2787 1119 tibi
2826 1081 3022 1122 nomen
3047 1078 3129 1121 est
3149 1067 3409 1126 civitatis.
3438 1082 3534 1130 per
3561 1085 3617 1121 a.

2274 1159 2453 1232 (Ἶρι-ε.
2487 1158 2570 1229 5.)
2611 1159 2730 1214 Filii
2752 1160 2959 1215 Jezraia
2995 1162 3044 1214 in
3076 1160 3531 1227 Paralipomenon
3565 1162 3857 1230 quinque

2202 1252 2455 1308 dicuntur
2481 1268 2620 1314 esSe,
2656 1263 2842 1308 etnon
2884 1265 3004 1307 sunt
3039 1253 3142 1308 nisi
3184 1265 3450 1323 quatuor;
3486 1256 3580 1308 Sed
3633 1269 3858 1308 annu-

2203 1361 2443 1403 meratur
2487 1365 2609 1402 cum
2652 1351 2733 1402 eis
2784 1358 2934 1418 pater
2980 1363 3169 1403 eorum
3213 1349 3448 1414 Jezraia,
3480 1347 3576 1418 qui
3609 1349 3852 1403 unicus

2205 1439 2344 1511 patri
2371 1456 2470 1494 suo
2504 1440 2601 1495 Ozi
2627 1441 2751 1503 luit,
2783 1450 2837 1494 et
2870 1439 3004 1495 fiunt
3036 1442 3294 1511 quinque.

2275 1531 2457 1602 (Vers.
2502 1530 2580 1602 6.)
2623 1531 2676 1586 In
2708 1531 3183 1596 Paralipomenon,
3229 1532 3327 1599 ﬁlii
3365 1531 3674 1603 Benjamin,
3719 1529 3848 1585 Be-

2204 1626 2255 1680 la
2283 1635 2329 1678 et
2360 1623 2580 1686 Bechar,
2623 1633 2669 1678 et
2705 1622 2884 1677 Jarliel
2919 1641 2930 1676 :
2967 1625 3019 1678 in
3051 1623 3247 1679 Genesi
3301 1639 3402 1694 pro
3428 1622 3605 1678 Jadiel
3637 1621 3851 1678 Λευεὶ

2205 1721 2482 1776 scribitur.
2500 1720 2670 1775 .ladiel
2696 1720 3104 1790 interpretatur,
3132 1735 3445 1791 cognoscens
3463 1718 3633 1772 Deum
3660 1735 3686 1784 ;
3714 1717 3851 1773 As-

522 1810 628 1866 boc
653 1812 722 1866 ob
753 1811 964 1863 laudem
987 1818 1042 1864 et
1065 1812 1382 1864 memoriam
1409 1809 1699 1864 Acbimaas
1731 1807 1929 1863 factum
1954 1825 2100 1876 esse,
2135 1822 2180 1882 Β
2211 1815 2320 1884 bel,
2351 1815 2580 1885 captivus
2619 1811 2736 1867 Ηρὶ.

517 1919 584 1960 eo
609 1903 751 1972 quod
783 1902 1015 1958 fideliter
1041 1918 1166 1972 erga
1203 1901 1364 1956 David
1404 1901 1458 1956 iu
1489 1902 1742 1956 omnibus
1766 1903 1960 1971 egerit.

585 1997 768 2068 (Vers.
819 1997 936 2060 68.)
977 1995 1245 2050 Jecmaam
1293 2014 1408 2051 cum
1452 1996 1759 2051 suburbanis
1808 1997 1935 2050 suis.
1985 1995 2110 2051 Jec-

518 2106 720 2159 maam,
755 2092 804 2145 in
841 2090 1316 2157 Paralipomenon,
1353 2105 1450 2160 per
1477 2090 1638 2157 Mem,
1672 2089 1813 2155 quod
1840 2092 2107 2158 interpre-

515 2193 684 2249 tatur,
725 2183 1005 2238 vindirotio
1043 2184 1226 2254 populi
1255 2200 1274 2236 :
1305 2183 1358 2236 in
1389 2183 1558 2237 Josue
1604 2181 1863 2236 scribitur
1911 2190 1936 2218 α
1979 2181 2106 2237 Jec-

517 2295 659 2336 naan
687 2281 729 2337 '.
771 2295 866 2348 per
889 2279 1030 2343 Non,
1056 2278 1106 2333 id
1131 2289 1235 2343 est,
1258 2279 1531 2348 acquisitio
1560 2278 1756 2349 populi.
1787 2278 1894 2330 "ac
1916 2275 2109 2330 νίάιιιίο

521 2379 609 2427 cet
652 2371 899 2438 ratione,
929 2371 1053 2437 quia
1099 2370 1190 2440 qui
1225 2371 1474 2440 primitus
1505 2369 1557 2424 in
1587 2368 1942 2424 custodienda
1993 2368 2112 2438 lege

517 2465 736 2521 fuerunt
763 2465 1052 2535 acqitisitio
1078 2466 1261 2535 populi
1296 2483 1307 2520 :
1343 2473 1562 2536 propter
1593 2474 1810 2534 peccata
1840 2478 1934 2518 sua
1968 2463 2111 2519 versi

521 2567 648 2614 sunt
681 2559 733 2612 in
767 2559 1062 2613 vindictam
1099 2559 1303 2626 populi.

594 2650 776 2719 (Vers.
809 2650 927 2721 70.)
974 2650 1141 2704 Porro
1164 2667 1228 2704 ea:
1255 2649 1477 2704 dimidia
1515 2651 1650 2704 tribu
1679 2647 1922 2705 Manasse
1952 2649 2114 2716 Aner,

520 2755 568 2799 et
597 2743 898 2799 suburbana
937 2747 1073 2817 ejus.
1123 2746 1267 2798 Aner
1295 2761 1360 2798 ex
1395 2761 1500 2797 uno
1541 2745 1611 2800 de
1657 2746 1838 2812 pueris
1881 2745 2113 2800 Abrahae

523 2852 720 2892 nomen
744 2837 976 2904 accepit,
1009 2837 1098 2903 qui
1129 2838 1422 2892 vocabatur
1442 2836 1612 2901 Aner,
1642 2853 1708 2892 eo
1737 2837 1880 2908 quod
1911 2837 1980 2888 ibi
2015 2837 2111 2889 ba-

516 2931 733 2994 bitavit,
762 2940 817 2986 et
849 2931 922 2986 ibi
959 2930 1204 2997 sepultus
1249 2940 1350 2984 est.
1383 2930 1439 2985 In
1471 2930 1636 2985 Joeue
1666 2947 1798 2983 vero
1829 2929 2114 2983 'l'baanatli

520 3035 764 3079 vocatur.
800 3028 946 3081 Aner
988 3027 1384 3098 interpretatur
1409 3068 1423 3089 ,
1457 3029 1651 3081 lumen.
1685 3025 2000 3087 Thaanacb,
2035 3041 2118 3077 re-

523 3117 754 3185 spondit.
805 3118 861 3171 In
892 3118 1366 3186 Paralipomenon.
1429 3120 1642 3173 Balaam
1692 3129 1747 3174 et
1805 3118 2116 3173 suburbana

2282 1908 2462 1978 (Vers.
2518 1905 2597 1978 8.)
2640 1905 2832 1960 Omnes
2860 1905 2946 1959 isti
2977 1903 3074 1973 ﬁlii
3105 1903 3319 1959 Becher.
3368 1900 3733 1971 Ubicumque
3781 1903 3845 1958 in

2209 2000 2328 2071 lege
2354 2001 2630 2064 sei-ibitur,
2662 2015 2836 2052 omnes
2862 1999 2945 2053 isti
2970 1996 3413 2067 ﬁlii,‘0uius|ibet
3435 2007 3529 2049 aut
3563 2011 3667 2065 pro
3700 2010 3834 2050 me-

2211 2097 2438 2149 ritormn
2488 2091 2832 2158 excellentia,
2882 2099 2974 2145 aut
3016 2105 3113 2160 pro
3146 2087 3466 2144 meritorum
3495 2087 3834 2143 deteriora-

2217 2187 2365 2240 tione
2390 2186 2546 2239 fiunt.

2287 2276 2466 2348 (Vers.
2501 2276 2579 2346 9.)
2622 2274 2748 2329 Filii
2775 2284 2944 2329 autem
2965 2272 3148 2339 Belan,
3183 2271 3348 2326 Jehus
3376 2281 3426 2327 et
3469 2270 3765 2344 Benjamin
3787 2282 3845 2327 et

2217 2371 2348 2426 Aoth
2367 2381 2414 2425 et
2443 2370 2680 2424 Canana.
2732 2370 2897 2435 Aoth,
2930 2369 2998 2423 de
3028 2369 3186 2438 cujus
3218 2367 3476 2437 progenie
3508 2366 3612 2421 init
3638 2368 3840 2437 judex

2215 2464 2360 2520 Aoth
2381 2505 2397 2531 ,
2431 2467 2521 2532 qui
2568 2464 2619 2518 in
2668 2463 2918 2519 Judicum
2953 2463 3092 2517 libro
3123 2462 3398 2517 scribitur.
3428 2459 3650 2516 Canana
3682 2476 3840 2518 vero

2217 2558 2317 2613 iste
2341 2569 2444 2624 est,
2468 2575 2496 2611 a
2520 2573 2628 2628 quo
2651 2558 2855 2628 egressi
2883 2567 3007 2614 sunt
3027 2557 3374 2624 Benjamine,
3398 2556 3494 2626 qui
3518 2555 3675 2611 nefas
3697 2573 3839 2625 per-

2219 2666 2594 2727 petravcrnnt,
2640 2665 2859 2725 propter
2889 2655 3031 2725 quod
3075 2668 3283 2725 magnae
3325 2652 3504 2708 cades
3552 2655 3607 2708 in
3651 2652 3836 2708 Israel

2221 2757 2462 2817 tempore
2487 2748 2735 2804 Jndicnm
2768 2747 2923 2802 factm
2951 2757 3099 2802 sunt.

2292 2839 2473 2910 (Vers.
2525 2839 2640 2911 18.)
2681 2839 2738 2894 In
2783 2839 3259 2907 Paralipomenon,
3292 2839 3389 2906 ﬁlii
3422 2838 3681 2911 Nephtali
3719 2838 3834 2893 Ja-

2220 2931 2333 2994 siel,
2367 2942 2413 2984 et
2443 2930 2600 2999 Guni,
2626 2940 2670 2985 et
2689 2929 2861 2997 Jezer,
2887 2940 2936 2986 et
2968 2929 3171 2987 Selium
3197 2946 3214 2985 :
3236 2931 3291 2985 in
3331 2930 3530 2986 Genesi
3562 2932 3668 2986 iste
3698 2931 3836 2988 Sel-

2221 3025 2354 3092 ium,
2395 3024 2584 3080 Sillem
2634 3025 2912 3080 scribitur.
2962 3024 3164 3081 Sellqu
3198 3023 3613 3096 interpretatur,
3662 3040 3777 3097 pax
3807 3041 3831 3090 ;

2223 3117 2411 3188 Silem,
2453 3134 2646 3172 recens.

516 3207 636 3276 ejus
668 3223 680 3260 ;
713 3209 765 3262 in
798 3208 963 3263 .losue
1010 3209 1256 3265 Giblaam
1303 3212 1578 3266 scribitur.
1612 3211 1878 3278 Giblaam,
1911 3212 2110 3267 invete-
2147 3220 2194 3283 ρ
2295 3213 2447 3282 Quod
2469 3229 2600 3268 vero
2618 3215 2881 3284 sequitur,
2909 3213 3008 3281 ﬁlii
3032 3213 3362 3284 Balaa,qu:e
3390 3213 3489 3268 fuit
3513 3211 3835 3269 concubina

533 3305 668 3358 ratio
692 3303 869 3372 paruli
897 3321 913 3359 :
938 3305 1180 3372 Balaam,
1209 3307 1432 3360 turbatio
1466 3308 1663 3371 populi.

617 3396 798 3466 (Vers.
826 3399 942 3459 75.)
983 3397 1214 3452 RamOIb
1247 3414 1376 3452 vero
1404 3400 1456 3450 iu
1490 3397 1944 3467 Paralipomenon
1987 3400 2124 3452 scri-

531 3490 696 3545 bitur.
734 3490 886 3545 Unde
925 3489 1146 3552 dicitur,
1206 3490 1428 3544 Romam
1477 3505 1679 3560 quoque
1731 3498 1778 3542 et
1828 3490 2122 3544 suburbana

541 3585 679 3653 ejus,
706 3591 758 3635 et
792 3581 843 3634 in
873 3581 1011 3635 tribu
1042 3581 1306 3636 Issarhar.
1343 3580 1576 3635 Ramotb
1599 3595 1728 3634 vero
1751 3579 1975 3646 Galaad,
2002 3596 2122 3650 quae

542 3674 594 3727 in
628 3675 832 3742 Rugum
867 3674 1141 3735 scribitur,
1176 3674 1229 3728 in
1265 3674 1407 3729 tribu
1436 3672 1710 3740 Ephraim.

619 3765 798 3831 (Ἶρι-ε.
858 3765 973 3826 74.)
1023 3766 1078 3821 1η
1136 3766 1623 3834 Paralipomenon,
1674 3767 1738 3819 de
1787 3765 1924 3820 tribu
1973 3766 2120 3831 Aser,

534 3857 709 3912 Μαδαί
748 3875 864 3912 cum
897 3858 1204 3914 suburbanis
1247 3861 1374 3914 suis.
1432 3860 1530 3914 Hic
1559 3859 1724 3914 Musal
1753 3860 2002 3930 parabola
2044 3860 2126 3913 in-

536 3960 886 4021 terpretatur.
923 3951 978 4007 In
1032 3953 1168 4006 libro
1220 3968 1350 4006 vero
1396 3953 1562 4008 Jusue
1607 3953 1792 4008 Misaal
1837 3953 2121 4020 scribitur,

532 4047 678 4119 quod
711 4049 1120 4114 interpretatur.
1154 4047 1490 4118 interrogatio
1521 4044 1640 4100 Dei.

600 4138 786 4210 (Vers.
833 4138 950 4208 75.)
990 4139 1044 4193 In
1089 4138 1586 4204 Paralipomenon:
1634 4135 1812 4190 Hucac
1857 4146 1901 4190 et
1943 4136 2128 4191 subur-

535 4231 670 4285 bana
699 4236 809 4305 ejus
849 4247 868 4284 :
911 4232 962 4285 in
994 4229 1160 4285 Josne
1203 4246 1330 4283 tero
1364 4229 1589 4284 llelratli
1636 4229 1910 4283 scribitur.
1941 4228 2124 4284 Hueac

532 4323 947 4390 interpretatur,
977 4323 1210 4393 sculpsit.
1246 4321 1506 4386 Heleatb,
1538 4320 1729 4389 portio.

604 4413 790 4483 (Vers.
825 4415 893 4469 76
922 4414 942 4486 )
981 4415 1111 4469 Dine
1157 4425 1285 4469 sunt
1327 4414 1538 4469 Cetlos:
1588 4428 1692 4468 una
1721 4412 1773 4467 io
1809 4412 1946 4466 tribu
1977 4411 2123 4466 Issa-

540 4508 694 4575 cliar,
743 4515 799 4560 et
825 4507 989 4559 altera
1025 4507 1077 4559 in
1112 4507 1252 4560 tribu
1285 4505 1626 4576 Nepbtltalim
1660 4505 1714 4560 in
1744 4504 1966 4561 Galila-a
1989 4548 2003 4572 ,
2039 4505 2128 4558 ubi

2225 3304 2393 3361 Jarob
2421 3323 2434 3358 :
2460 3305 2676 3374 quidam
2701 3315 2891 3377 putant
2916 3305 3039 3361 ideo
3063 3307 3209 3361 illam
3235 3308 3288 3361 in
3314 3309 3415 3361 boc
3446 3309 3568 3360 loco
3587 3306 3658 3358 ab
3682 3305 3830 3360 Ezra

2227 3400 2587 3458 nominatam,
2620 3400 2742 3469 quia
2779 3411 2896 3467 post
2933 3409 3162 3454 mortem
3198 3398 3367 3453 Jacob
3400 3400 3676 3465 legatione
3706 3397 3837 3454 fun-

2223 3499 2308 3545 cta
2337 3492 2494 3546 luerit
2525 3491 2668 3546 inter
2697 3491 2901 3562 .losepb
2943 3499 2999 3546 ct
3029 3501 3258 3547 caeteros
3287 3491 3668 3559 Patriam-bas,
3716 3507 3829 3562 qua

2229 3585 2431 3653 precati
2455 3597 2576 3639 sunt
2613 3600 2758 3647 eum,
2794 3602 2861 3640 ne
2893 3589 3278 3641 ret-ornaretur
3301 3587 3508 3655 peccati
3536 3601 3756 3640 eorum.

2301 3673 2481 3744 (Vers.
2542 3675 2652 3736 14.)
2709 3674 2768 3729 In
2825 3675 3297 3746 Paralipomenon,
3347 3694 3502 3745 porro
3549 3678 3648 3747 ﬁlii
3703 3676 3824 3732 Ha-

2227 3783 2374 3820 nasse
2403 3767 2588 3827 Asriel,
2630 3768 3014 3838 concubinaque
3055 3774 3170 3842 ejus
3203 3769 3362 3840 Syra.
3395 3769 3544 3825 Idem
3581 3773 3834 3827 Manasse

2229 3859 2438 3928 peperit
2468 3859 2677 3913 Macliir
2710 3871 2918 3924 patrem
2947 3859 3175 3916 Galaad.
3211 3860 3415 3916 Ferunt
3452 3861 3594 3916 hanc
3627 3863 3823 3934 Syram

2231 3951 2394 4004 ﬁliam
2427 3951 2595 4005 fuisse
2648 3950 2741 4005 lilii
2774 3951 2981 4014 Laban,
3031 3968 3151 4022 qua:
3203 3953 3255 4006 iit
3313 3951 3617 4024 Egyptum
3668 3953 3829 4009 famis

2228 4042 2409 4107 inania
2441 4042 2505 4096 ad
2537 4042 2950 4097 vonnmlninlmn
2983 4059 3011 4096 a
3046 4053 3196 4111 patre
3239 4043 3428 4107 ducta,
3475 4060 3505 4098 a
3558 4045 3680 4100 Man
3700 4060 3835 4111 isse,

2229 4132 2319 4204 qui
2354 4134 2565 4187 horreis
2599 4143 2852 4199 praeerat,
2881 4134 3310 4191 misericorditer
3358 4151 3634 4203 suscepta,
3681 4139 3829 4201 patri

2229 4225 2452 4280 cibariis
2507 4226 2670 4292 datis,
2725 4227 2794 4280 ab
2848 4229 3037 4283 eodem
3093 4232 3341 4284 Manasse
3398 4230 3449 4283 in
3495 4229 3817 4298 coniugium

2231 4327 2448 4387 sumpta
2479 4326 2562 4372 est
2597 4336 2609 4371 :
2650 4319 2966 4389 peperitque
3005 4321 3055 4374 ei
3087 4319 3291 4374 Maeliir
3322 4331 3521 4389 patrem
3548 4319 3786 4376 Galaatl.

2308 4411 2491 4480 (V’ers.
2530 4411 2642 4480 15.)
2687 4409 2812 4465 Filii
2843 4410 3048 4466 Machir
3085 4411 3316 4479 llupliim
3343 4422 3389 4467 et
3420 4411 3666 4483 Suphim.
3719 4412 3832 4468 liu-

2235 4505 2382 4574 pbim
2411 4516 2466 4559 ct
2483 4503 2708 4572 Supbim
2733 4521 2897 4558 unum
2930 4519 3126 4559 nmuen
3156 4515 3242 4558 est
3276 4522 3289 4557 :
3321 4514 3376 4560 et
3406 4514 3490 4560 est
3516 4520 3678 4558 soror
3708 4506 3832 4572 ejus

540 4601 643 4656 fuit
692 4599 898 4654 Buracb
952 4599 1097 4652 ﬁlius
1148 4601 1466 4654 Acbinoem.
1522 4599 1578 4653 In
1633 4599 2085 4664 Paralipomenon
2115 4640 2129 4661 ,
2161 4603 2209 4663 D
2237 4595 2480 4662 Manebo,
2511 4611 2671 4664 quam
2709 4596 2915 4663 accepit
2952 4595 3171 4655 Esrom.
3200 4596 3328 4650 dum
3372 4597 3659 4665 Sexaginta
3687 4606 3838 4652 esset

535 4691 748 4746 Hamon
773 4707 888 4745 cum
937 4691 1243 4743 suburbanis
1295 4692 1443 4744 suis:
1493 4693 1546 4744 in
1576 4691 1742 4745 Josue
1772 4689 2126 4744 llamatbdor.

541 4785 755 4840 Damon
787 4783 1200 4850 interpretatur,
1247 4782 1544 4843 calefactio.
1592 4781 1946 4846 llamatbdor,
1992 4782 2130 4835 cale-

545 4879 705 4949 faclio
736 4875 1102 4948 generationis.
1134 4873 1192 4928 In
1225 4873 1701 4942 Paralipomenon,
1735 4871 2056 4927 Cariatltaim
2085 4881 2132 4925 et

533 4970 833 5026 suburbana
875 4973 986 5042 ejus
1016 4984 1036 5023 :
1069 4969 1120 5022 in
1168 4967 1336 5023 Josue
1383 4981 1512 5021 vero
1561 4965 1820 5021 scribitur
1866 4963 2130 5019 Cartltan.

529 5062 862 5119 Carintbaim
887 5063 1300 5127 interpretatur,
1333 5061 1454 5114 urbs
1477 5059 1636 5111 maris
1654 5076 1666 5111 ε
1683 5059 1920 5111 Cartban
1939 5073 1956 5108 :
1979 5056 2132 5109 urbs:

2238 4705 2525 4751 annorum,
2551 4705 2617 4743 ex
2649 4705 2752 4759 qua
2781 4690 3021 4757 suscepit
3051 4691 3250 4759 Segub.
3289 4689 3524 4760 anbim
3563 4692 3831 4761 interpre-

2235 4790 2399 4840 tatur.
2425 4779 2709 4847 thalamus;
2741 4781 2973 4848 Suphim
3003 4792 3214 4836 unctus.

2307 4869 2494 4941 (Ibid)
2535 4870 2742 4926 Nomen
2772 4883 2954 4926 autem
2984 4871 3211 4928 secundi
3239 4871 3520 4938 Zalpbaad
3549 4889 3563 4923 :
3596 4882 3654 4926 et
3682 4870 3835 4926 idcir-

2234 4977 2300 5018 co
2330 4962 2432 5018 iste
2467 4963 2741 5018 secundus
2771 4965 3111 5029 nominatur,
3145 4964 3267 5033 quia
3314 4963 3366 5016 lii
3402 4964 3513 5018 duo
3557 4963 3836 5034 principes

2238 5065 2396 5111 erant
2428 5056 2479 5109 in
2515 5056 2652 5109 tribu
2698 5055 2966 5123 Manasse,
3015 5057 3067 5112 id
3099 5067 3183 5113 est
3212 5055 3475 5128 Hupbim,
3526 5061 3619 5128 qui
3649 5067 3706 5114 et
3731 5056 3834 5113 Su-

537 5155 591 5210 in
626 5153 1105 5224 Paralipomenon,
1137 5153 1206 5208 de
1237 5151 1382 5206 tribu
1410 5149 1550 5219 Gad,
1589 5149 1813 5205 Ramoth
1840 5148 1894 5201 in
1931 5145 2137 5201 Galaad
2239 5146 2392 5216 pbim
2412 5159 2462 5202 et
2493 5144 2794 5216 Zalpbaad.

604 5361 624 5392 ί
690 5358 978 5415 Hebr-mum
1024 5365 1187 5427 gente
1231 5356 1319 5414 bic
1373 5354 1720 5427 agnoscimus
1769 5352 2064 5427 Auctorem
2106 5367 2120 5406 ι

528 5431 654 5499 quia
686 5446 805 5488 mos
832 5423 1183 5486 Hebrreorum
1225 5438 1330 5496 est,
1363 5423 1433 5484 ut»
1471 5424 1800 5495 propinquos
1845 5423 2123 5492 appellent

532 5502 921 5644 tm'lrlettliperite
946 5572 1209 5643 scriptum
1241 5572 1439 5640 legitur
1478 5569 1531 5623 in
1576 5573 1735 5620 antea
1774 5564 1940 5619 editis
1971 5563 2126 5618 libris

553 5714 648 5779 Ἧι.
672 5699 1037 5779 Sgdetapud
1076 5703 1299 5779 Latinos
1324 5701 1630 5779 liuiunpodl
1661 5698 1905 5774 exempla
1937 5713 2125 5779 occur:

531 5764 676 5828 flint.
701 5764 837 5829 Vide
865 5764 1040 5843 ipsum
1073 5764 1461 5846 illaronrmu'm
1501 5765 1668 5834 Libro
1711 5764 1899 5830 contra
1951 5764 2132 5832 ueni.

2229 5352 2476 5410 Jecmaan
2509 5371 2608 5418 pro
2648 5355 2898 5411 Jecnaam
2931 5371 2951 5410 :
2981 5353 3101 5410 Nuu
3148 5353 3320 5416 enim,
3361 5352 3429 5409 de
3459 5369 3571 5423 quo
3600 5355 3836 5422 loquitur

2233 5437 2427 5479 auctor
2459 5430 2561 5482 iste
2591 5427 2850 5482 llebrwus
2871 5470 2884 5487 ,
2917 5427 2970 5480 in
3003 5425 3182 5480 medio
3197 5425 3347 5478 vocis
3371 5440 3496 5479 esse
3514 5426 3708 5494 debet,
3734 5443 3832 5484 non

2233 5497 2291 5554 in
2318 5496 2446 5565 line,
2470 5499 2548 5554 uti
2577 5507 2848 5553 noverunt
2877 5497 3076 5568 lingure
3107 5495 3388 5550 llebraicm
3411 5497 3608 5566 periti.

2232 5693 2403 5769 ἀειιτη.
2429 5699 2530 5769 bac
2567 5696 2720 5763 dero
2748 5691 2985 5758 maxime
3023 5683 3089 5758 es
3125 5680 3537 5769 Scripturarum
3583 5687 3834 5762 ldlomnlt

2244 5766 2415 5827 iusius
2438 5764 2809 5829 disserentem.
