4006 6318
595 286 735 343 1585

1369 282 1464 342 ΑΙ)
1499 280 1749 342 'I'OMUM
1788 280 1858 339 III
1897 280 2179 339 OPERUM
2218 280 2277 341 S.
2320 280 2701 341 HIERONYMI
2742 281 3107 343 APPENDIX.

3763 281 3877 343 138)

586 400 666 456 illi
703 411 851 453 more
894 409 995 452 suo
1038 398 1299 471 lacrymis
1348 402 1753 456 sacriﬁcabant.
1789 400 1855 455 Et
1884 400 1963 453 eis
2005 415 2070 454 ex
2099 398 2192 453 ad-
2221 403 2266 461 A
2296 400 2352 454 lu
2384 400 2589 471 Regum
2636 401 2801 457 Betha
2844 412 2900 457 et
2942 400 3223 456 Berothai.
3260 399 3429 456 Betha
3480 400 3873 469 interpretatur.

591 493 942 564 verso_David
970 494 1141 560 venit,
1164 498 1215 548 in
1235 510 1466 561 quorum
1485 496 1756 565 capitibus
1777 496 1885 561 jam
1912 496 2058 549 lurur
2090 496 2191 548 Do-

590 585 723 640 mini
774 583 1054 649 sanie-bat,
1095 587 1313 657 quando
1351 588 1419 642 ad
1471 604 1567 643 eos
1627 599 1846 642 ventum
1894 597 1994 642 est.
2067 588 2191 643 Ideo

590 680 893 734 timuerunt
915 690 1106 750 gentes
1138 682 1302 737 David
1337 692 1560 752 propter
1590 682 1794 737 idolum
1835 682 2187 749 destructum,

590 769 679 825 cui
710 772 967 826 humanis
1008 772 1271 845 lacrymis
1300 774 1735 829 StiCl‘iIiCttbalul'.

664 863 821 936 (Cap.
865 864 984 919 XV.
1038 897 1109 905 —
1144 866 1297 920 Vers.
1331 864 1410 935 t.)
1448 866 1784 937 Tctenditque
1812 866 1854 919 ei
1895 865 2195 920 tabernacu-

589 952 720 1020 lum,
752 968 859 1012 etc.
893 959 1050 1013 Aliud
1082 974 1282 1013 novum
1315 959 1733 1014 tabernaculum
1760 958 2192 1029 fecit,quoistud

593 1045 701 1118 [Αι.
738 1046 897 1119 illud]
929 1049 1074 1119 quod
1107 1066 1136 1103 a
1182 1050 1369 1121 Moyse
1410 1049 1611 1105 factum
1662 1050 1840 1104 fuerat
1888 1053 1939 1103 in
1982 1065 2191 1117 eremo,

595 1142 932 1205 cooperiret,

666 1232 846 1303 (Vers.
858 1234 878 1286 t
890 1233 1000 1302 9.)!
1010 1252 1041 1286 η
1056 1235 1304 1305 cymbalis
1317 1236 1474 1290 aeneis
1488 1232 1941 1306 concrepantean
1961 1232 2192 1287 llebrzco

588 1324 753 1380 habet
770 1327 821 1379 in
837 1326 1083 1397 cymbalis
1100 1330 1258 1382 trucis
1273 1330 1341 1381 ad
1358 1330 1697 1381 audiendum:
1712 1328 1835 1396 quia
1857 1326 2106 1380 Videlicet
2124 1326 2193 1379 ab

588 1416 709 1487 ipso
732 1420 943 1488 psalmo
966 1418 1422 1491 incipiebant,qui
1451 1422 1611 1477 habet
1636 1425 1685 1475 in
1710 1421 1889 1487 rapite
1914 1438 1926 1473 :
1962 1420 2189 1487 Exaudi,

588 1508 833 1577 Domine,
856 1514 1117 1581 justitiam
1150 1531 1336 1578 nteant,
1371 1515 1463 1585 qui
1497 1524 1580 1569 est
1604 1524 1789 1568 Sextus
1816 1514 2082 1569 decimus.

688 1604 843 1659 Yers.
865 1606 985 1675 20.)
1015 1606 1083 1659 In
1107 1605 1295 1660 Nablis
1325 1624 1519 1661 arcana
1548 1609 1845 1661 cantabant.
1873 1607 1929 1661 Iu
1963 1607 2192 1661 Hebraeo

619 1699 773 1762 abet,
803 1717 900 1771 pro
938 1701 1330 1773 juventutibus:
1359 1701 1483 1771 quia
1514 1718 1540 1753 a
1582 1702 1798 1769 psalmo
1843 1699 2192 1769 quadragesi-

588 1794 874 1857 moquiuto
904 1794 1265 1862 incipiebant,
1300 1799 1394 1864 qui
1428 1796 1530 1848 hoc
1564 1795 1727 1847 habet
1754 1798 1805 1847 in
1833 1795 2009 1847 titulo.

663 1884 844 1955 (Vers.
874 1885 935 1939 2|
1020 1884 1085 1940 In
1108 1887 1322 1941 citharis
1367 1904 1462 1957 pro
1492 1898 1673 1940 octava
1712 1888 1988 1941 cantabant
2018 1904 2035 1941 :
2066 1888 2191 1955 quia

590 1990 621 2030 a
645 1988 800 2031 sexto
829 1978 1046 2047 psalmo
1079 1976 1433 2041 incipit-baut,
1461 1980 1553 2046 qtti
1586 1982 1686 2033 hoc
1718 1980 1880 2033 habet
1925 1980 1976 2032 in
2014 1980 2188 2032 titulo.

591 2067 700 2125 Pro
729 2078 920 2123 octava
969 2078 1173 2137 autem,
1202 2071 1422 2141 quidatu
1476 2082 1669 2140 pttlant
1695 2082 1720 2109 ει
1752 2086 1852 2142 pro
1901 2072 2192 2127 circumci-

593 2160 769 2216 sione.

660 2253 846 2325 (Vers.
879 2253 997 2323 ‘22.)
1039 2253 1333 2309 Cltoneuias
1378 2265 1547 2310 autem
1585 2257 1820 2326 princeps
1874 2254 2187 2323 Leritarum,

584 2347 872 2418 prophetia:
915 2358 1133 2416 pra’erat
1179 2350 1247 2401 ad
1290 2349 1676 2413 prwcinendum
1727 2350 2192 2419 melodiam:quia

580 2439 700 2509 ipse
723 2439 806 2493 eis
837 2442 1031 2508 spiritu
1055 2440 1380 2512 prophetia,
1415 2442 1683 2497 melodias
1709 2450 1764 2495 et
1787 2443 1951 2497 verba
1980 2442 2047 2497 ad
2078 2458 2195 2499 me-

591 2548 821 2588 moriam
852 2535 1163 2589 revocabat.

657 2625 839 2697 (Vers.
867 2627 985 2697 εδ.)
1020 2625 1304 2681 Barachias
1326 2636 1371 2681 et
1398 2626 1593 2682 Elcuna
1610 2630 1868 2701 janitores
1905 2644 2059 2683 arcte.
2093 2629 2193 2684 Hic

579 2717 848 2789 ianitores
874 2717 900 2757 δ
935 2729 1246 2785 portatores
1281 2731 1461 2773 vocat.

662 2814 847 2884 (Vers.
876 2813 997 2883 26.)
1050 2812 1284 2884 Cumque
1334 2814 1617 2884 adjuvisset
1670 2814 1811 2870 Deus
1863 2816 2063 2881 levitas,
2106 2816 2193 2886 qui

581 2910 855 2977 portabant
895 2923 1071 2960 arcam
1094 2908 1321 2977 foederis,
1349 2911 1601 2963 timentes
1632 2924 1818 2962 casum
1864 2909 2009 2964 Ome.

661 3002 817 3073 (Cap.
852 3002 991 3057 XVI.
1025 3033 1096 3044 —
1131 3002 1286 3057 Vers.
1331 3002 1413 3073 5.)
1446 3002 1810 3069 Obed-Edom,
1839 3005 2076 3059 etJeihel
2101 3022 2191 3058 su-

588 3108 680 3163 per
725 3110 940 3164 organa.
992 3094 1098 3148 l~te
1126 3093 1305 3150 Jeihel
1333 3107 1440 3158 est,
1474 3096 1544 3150 de
1590 3097 1746 3166 cujus
1792 3099 2048 3167 progenie
2094 3096 2193 3151 fuit

2295 496 2512 561 requies.
2556 494 2835 557 Berotltai,
2880 498 3045 562 fontes
3090 496 3208 549 mei.
3263 494 3559 559 Tltibahal,
3605 496 3883 557 macellum,

2294 583 2471 649 Chuu,
2503 602 2774 655 percussus
2805 584 3343 660 [ALcompercussus]
3369 604 3381 640 :
3412 597 3646 656 propter
3673 587 3890 641 derisio-

2297 694 2419 732 nem
2455 679 2599 734 enim
2650 678 2703 733 in
2759 678 2861 734 boc
2894 679 3011 734 loco
3065 680 3372 735 immutatio
3422 677 3714 735 nominum
3766 679 3893 734 facta

2295 781 2397 827 est.

2370 865 2555 936 (Vers.
2590 864 2671 935 9.)
2708 864 2852 919 Thou
2882 882 2975 919 rex
3008 864 3219 930 Emath,
3249 866 3301 919 in
3335 865 3821 933 Paralipomenon,
3846 867 3897 921 in

2298 958 2504 1027 Regum
2536 958 2695 1012 Thoi.
2730 958 2892 1022 Thoi,
2920 974 3063 1012 error
3093 975 3231 1013 meus
3256 973 3275 1012 :
3295 958 3473 1025 Tltou,
3503 975 3653 1012 error
3674 976 3851 1013 eorum
3878 975 3898 1012 :

2296 1053 2422 1121 quia
2456 1050 2624 1104 [lium
2654 1067 2810 1105 suum
2848 1052 2900 1105 in
2931 1052 3060 1104 dolo
3081 1051 3147 1105 ad
3184 1051 3348 1106 David
3383 1052 3659 1107 mittebat.
3693 1051 3901 1108 Idcirco

2297 1142 2537 1197 nominis
2570 1143 2874 1195 immutatio
2899 1142 3036 1195 facta
3067 1154 3167 1197 est.

2370 1236 2550 1311 (Vers.
2588 1236 2700 1308 10.)
2748 1235 2889 1290 Misit
2925 1236 3160 1291 Aduram
3180 1237 3343 1305 ﬁlium
3365 1254 3551 1291 suum:
3582 1238 3638 1291 in
3668 1238 3902 1309 Regum,

2294 1326 2499 1383 ,σοι-λιιι.
2530 1329 2737 1394 Joraut,
2780 1325 2921 1381 Deus
2965 1330 3212 1382 excelsus.
3275 1328 3538 1395 Aduram,
3595 1329 3760 1382 decor
3813 1347 3906 1383 ex-

2297 1424 2481 1474 celsus.
3228 1482 3231 1485 λ

2370 1512 2547 1582 (Vers.
2579 1512 2696 1583 η.)
2727 1511 2873 1566 Fecit
2908 1512 3071 1567 David
3100 1514 3197 1567 sibi
3215 1530 3395 1568 nomen
3417 1530 3534 1568 cum
3560 1524 3905 1569 reverteretur

2296 1614 2445 1677 capta
2478 1604 2654 1676 Syria,
2686 1605 2739 1658 in
2768 1604 2901 1658 calle
2945 1604 3267 1659 Sallinarum
3312 1609 3457 1660 avsis
3492 1608 3667 1661 decem
3712 1617 3763 1661 et
3796 1618 3907 1661 octo

2296 1696 2543 1751 millibus.
2590 1697 2790 1750 Eodem
2834 1697 2997 1752 modo
3046 1708 3098 1751 ct
3135 1699 3185 1752 in
3231 1698 3441 1768 Regum
3498 1701 3770 1766 scriptum
3800 1710 3900 1755 est.

2222 1793 2267 1853 B
2298 1790 2445 1844 Multi
2480 1790 2627 1843 enim
2660 1789 2945 1845 duodecim
2979 1790 3147 1844 millia
3182 1791 3401 1856 habent,
3431 1807 3619 1846 errore
3648 1793 3907 1853 ducri,eo

2296 1881 2437 1950 quod
2469 1882 2521 1934 in
2558 1881 2765 1949 psalmo
2801 1881 3066 1936 scribitur
3088 1883 3362 1935 duodecim
3414 1884 3601 1937 millia.
3648 1883 3759 1937 Sed
3798 1883 3909 1938 illic

2296 1974 2581 2027 duodecim
2624 1974 2794 2028 millia
2843 1975 2979 2029 Joab
3031 1975 3370 2029 interleciSSe
3420 1975 3766 2044 perhibetur,
3819 1975 3911 2031 hic

2296 2068 2483 2124 decem
2517 2077 2572 2123 et
2604 2084 2729 2123 octo
2761 2068 2924 2123 millia
2960 2069 3143 2124 Ahisai
3176 2088 3187 2122 :
3214 2078 3269 2123 et
3300 2082 3520 2140 propter
3560 2071 3769 2140 regali.-
3804 2086 3909 2126 no-

2296 2162 2455 2213 minis
2484 2160 2831 2226 dignitatem,
2853 2161 3015 2214 David
3044 2163 3270 2215 victoria
3295 2162 3611 2217 ascribitur.
3636 2162 3731 2216 Est
3757 2164 3906 2217 enim

2296 2252 2348 2306 in
2382 2252 2844 2321 Paralipomenon
2876 2253 3036 2321 plane
3064 2254 3353 2323 scriptum,
3378 2257 3521 2324 quod
3550 2254 3737 2310 Abisai
3789 2256 3912 2311 hazc

2296 2344 2485 2401 decem
2517 2357 2566 2400 et
2599 2355 2725 2399 octo
2753 2346 2920 2400 millia
2957 2346 3317 2404 interfecerit.

2369 2436 2556 2505 (Vers.
2588 2436 2701 2506 15.)
2724 2434 3114 2499 Commentarii,
3141 2438 3638 2507 tinnimentalores,
3675 2442 3772 2510 qui
3806 2457 3910 2495 au-

2298 2532 2498 2585 nutatis
2528 2531 2690 2586 rebus
2718 2539 2775 2586 et
2810 2533 3014 2602 causis,
3049 2533 3162 2603 regi
3201 2548 3294 2589 eas
3318 2534 3383 2588 ad
3414 2534 3732 2590 memoriam
3764 2536 3912 2591 rele-

2296 2623 2513 2678 rebant.

2367 2716 2547 2784 (Vers.
2573 2714 2688 2789 t6.)
2719 2716 3037 2772 Abimelech
3071 2717 3215 2774 lilius
3246 2721 3512 2776 Abiathar
3538 2723 3589 2777 in
3616 2724 3910 2795 Paralipo.

2297 2824 2517 2874 menon,
2546 2811 2597 2863 in
2627 2810 2830 2879 Regutn
2858 2809 3211 2866 Acltimelech
3238 2814 3514 2869 scribitur.
3544 2816 3907 2883 Abitnelech,

2296 2915 2440 2971 pater
2468 2918 2611 2955 meus
2642 2918 2751 2956 rex.
2811 2902 3189 2972 Achimelech,
3220 2906 3382 2975 frater
3410 2923 3553 2961 meus
3612 2924 3723 2964 rex.
3760 2910 3908 2965 Susa

2295 2996 2555 3049 scribitur
2595 2994 3075 3063 ParalipomenOu,
3117 2996 3171 3050 in
3229 2997 3433 3067 Regum
3478 2999 3687 3054 Saraia.
3732 3001 3904 3068 Susa,

2295 3087 2565 3159 gaudium.
2622 3086 2829 3154 Saraia,
2867 3088 3102 3159 princeps
3134 3088 3360 3141 Domini.
3417 3090 3698 3152 Bahurim,
3728 3094 3909 3148 inter-

589 3184 748 3240 Ahiel
783 3186 1100 3256 prOphetes,
1144 3192 1235 3257 qui
1278 3187 1332 3242 in
1366 3187 1557 3244 diebus
1588 3188 1851 3260 Josapbat
1898 3191 2194 3260 propheta.
2220 3182 2264 3245 C
2300 3190 2564 3251 pretatur,
2625 3180 2925 3234 electorum.
2979 3180 3177 3246 Pltulti,
3230 3182 3494 3249 liberatus,
3551 3184 3697 3250 Lais,
3754 3187 3906 3253 filius

587 3280 691 3334 vit.

660 3374 841 3445 (Vers.
863 3374 925 3428 21
942 3373 986 3441 .)
1003 3372 1110 3429 Sed
1141 3374 1425 3444 increpavit
1449 3392 1543 3445 pro
1567 3378 1639 3430 eis
1660 3392 1825 3448 reges,
1853 3376 2188 3433 Pharaonem

588 3481 647 3525 et
679 3468 1021 3522 Abimeleclt.

660 3561 844 3634 (Vers.
877 3560 995 3631 52!.)
1027 3560 1235 3617 Sadoch
1260 3570 1433 3614 autem
1457 3560 1802 3624 sacerdotem,
1831 3570 1877 3614 et
1906 3564 2090 3633 fratres
2122 3562 2187 3616 il-

587 3656 689 3709 lius
718 3655 1007 3708 sacerdotes
1048 3671 1224 3708 coram
1254 3654 1586 3709 tabernaculo
1618 3654 1827 3708 Domini
1872 3658 1925 3710 in
1963 3658 2185 3722 excelso,

586 3750 677 3820 qui
722 3758 870 3803 erant
910 3751 962 3803 in
1017 3748 1252 3803 Gabaon.
1308 3750 1405 3804 lIic
1454 3749 1700 3815 Gabaou,
1744 3750 1962 3819 quidam
2012 3752 2188 3805 locum

583 3843 877 3913 quemdam
898 3841 1233 3898 arbitrantur
1254 3859 1377 3899 esse
1410 3844 1460 3897 lu
1494 3842 1924 3905 Jerusalem,uhi
1958 3859 1986 3898 a
2022 3844 2189 3898 David

587 3938 998 3991 tabernaculum
1056 3936 1298 4004 hederis,
1352 3945 1408 3990 et
1448 3952 1572 3991 arca
1619 3937 1930 3991 testamenti
1973 3937 2188 3992 Domini

586 4030 853 4085 Collocata
886 4038 1030 4084 sunt.
1074 4029 1297 4085 Gabaun
1339 4030 1765 4097 interpretatur,
1794 4028 1963 4085 callis.
2000 4030 2192 4085 Excel-

590 4139 709 4178 sum
750 4135 933 4179 autem
965 4132 1187 4195 propter
1220 4123 1612 4179 sublimitatem
1644 4126 1822 4179 cultus
1869 4124 2037 4179 divini
2076 4126 2191 4181 exi-

589 4219 838 4273 stimaut.

660 4308 843 4381 (Vers.
875 4306 988 4377 ιδ.)
1014 4308 1262 4364 Reversus
1284 4317 1357 4362 est
1393 4307 1557 4361 David
1588 4316 1641 4360 ut
1672 4308 1984 4362 benediceret
2013 4311 2189 4364 domui

585 4416 711 4455 suae.
765 4400 998 4465 Quidam
1056 4401 1492 4456 benedictionem
1553 4400 1639 4453 hic
1696 4416 1791 4470 per
1828 4402 2184 4470 antiphrasim

585 4493 787 4549 dictant
821 4503 1032 4561 putant.
1070 4497 1296 4549 Domum
1320 4510 1450 4549 vero
1478 4494 1698 4559 Michol,
1720 4495 1842 4549 ﬁlim
1876 4495 1912 4551 S
1932 4497 2001 4550 ml
2025 4512 2183 4567 quam

2295 3274 2475 3327 leonis.

2366 3369 2551 3436 (Vers.
2582 3368 2694 3435 l7.)
2730 3367 2881 3422 Venit
2910 3384 3072 3436 usque
3101 3368 3168 3421 ad
3198 3367 3473 3435 Bahurim,
3502 3386 3679 3441 usque
3718 3372 3785 3425 ad
3819 3374 3905 3428 lo.

2294 3476 2418 3516 cum
2470 3461 2757 3516 doctorum
2808 3469 2865 3515 et
2920 3462 3522 3533 elecmrum,equihus
3570 3481 3712 3519 unus
3749 3479 3898 3522 erat.

2295 3557 2539 3621 Cerethi,
2582 3556 3029 3611 exterminatores.
3085 3556 3355 3622 Pltelethi,
3398 3560 3749 3613 admirabiles.
3799 3562 3897 3615 Di-

2294 3659 2496 3704 cuntur
2526 3650 2669 3703 enim
2711 3648 2879 3704 fuisse
2910 3650 3253 3719 septuaginta
3286 3649 3505 3705 Judices
3547 3652 3667 3706 loco
3703 3668 3894 3707 eorum

2296 3740 2590 3806 subsuituti,
2623 3757 2760 3810 quos
2817 3742 3029 3808 Moyses
3078 3741 3133 3796 iu
3181 3758 3391 3805 eremo,
3427 3742 3661 3799 Domino
3703 3747 3899 3813 pra-cio

2294 3834 2500 3904 piente,
2543 3832 2841 3903 delegerat.
2878 3834 2933 3888 lu
2969 3833 3197 3902 Regum,
3223 3833 3318 3888 ﬁlii
3349 3835 3513 3889 David
3552 3837 3891 3904 sacerdotes,

2295 3926 2346 3979 in
2384 3924 3039 3997 Paralipomenon,primi
3062 3928 3130 3979 ad
3152 3943 3361 3980 manum
3390 3929 3525 3999 regis
3551 3929 3889 3985 scribuntur.

2294 4016 2375 4072 Ad
2433 4034 2597 4070 unum
2653 4017 2797 4071 enim
2842 4032 3062 4071 sensum
3113 4027 3401 4087 utrumque
3427 4022 3683 4076 cauvenit
3715 4038 3728 4074 :
3759 4023 3890 4090 quia

2297 4108 2384 4163 hic
2415 4109 2546 4165 dicit
2566 4124 2660 4164 eos
2691 4108 2917 4180 primos,
2944 4119 2996 4162 et
3029 4108 3142 4163 illic
3172 4110 3507 4177 sacerdotes,
3539 4121 3765 4180 propter
3785 4128 3891 4167 nu-

2294 4202 2559 4257 bilitatem
2581 4211 2635 4257 et
2662 4204 2982 4272 prioratum.
3009 4203 3069 4258 lli
3099 4205 3245 4258 enim
3280 4205 3509 4274 suntqui
3542 4205 3592 4259 ci
3617 4206 3672 4259 in
3702 4205 3893 4262 Ebron

2296 4300 2406 4353 nati
2439 4309 2588 4353 sunt.

2364 4392 2519 4463 (Cap.
2547 4391 2690 4446 XIX.
2725 4422 2796 4432 —
2832 4391 2979 4446 Vers.
3004 4392 3087 4463 ἓ.)
3115 4391 3328 4447 Faciant
3348 4390 3749 4447 misericordiam
3772 4410 3895 4449 cum

2292 4486 2440 4539 Anon
2470 4486 2579 4554 ﬁlio
2622 4484 2792 4540 Naas.
2826 4482 3076 4539 Prwstitit
3112 4488 3245 4540 enim
3275 4498 3418 4558 pater
3460 4487 3568 4547 eius
3598 4488 3729 4540 mihi
3770 4504 3894 4557 gra-

588 4587 890 4657 increpavit
916 4587 1107 4652 lvavid,
1129 4604 1195 4643 eo
1220 4589 1363 4657 quod
1392 4589 1670 4658 indignata
1701 4591 1789 4647 sit.
1815 4603 1934 4643 cum
1968 4589 2188 4645 vidisset

2306 4580 2439 4632 riam.
2469 4578 2610 4633 Naas
2643 4578 2746 4632 fuit
2774 4594 2867 4633 rex
2896 4578 3153 4643 Ammon,
3176 4580 3268 4649 qui
3293 4579 3347 4633 in
3376 4579 3579 4649 Regum
3606 4581 3893 4649 scribitur,

586 4694 711 4736 eum
743 4678 1123 4734 subsilientem
1153 4694 1339 4734 coram
1382 4679 1615 4735 Domino
1642 4692 1767 4735 ante
1797 4695 1980 4735 arcam
2018 4690 2187 4737 testa-

585 4787 779 4833 menti.

655 4874 815 4943 (Cap.
840 4869 1239 4927 XVll.—Vers.
1260 4868 1346 4940 8.)
1378 4880 1399 4907 ο
1424 4868 1676 4939 Fecitque
1698 4868 1793 4921 sibi
1822 4884 2004 4923 nomen
2034 4868 2185 4938 quasi

581 4968 736 5021 unius
762 4968 1041 5038 majorum,
1073 4964 1163 5036 qui
1193 4964 1520 5018 celebrantur
1547 4963 1599 5015 in
1629 4970 1787 5015 terra.
1813 4961 1980 5016 Unius
2012 4961 2180 5030 majo-

581 5073 701 5113 rum
733 5068 827 5113 aut
853 5057 1153 5117 Abraham,
1186 5066 1278 5110 aut
1310 5057 1481 5120 Isaae,
1516 5065 1607 5108 aut
1629 5054 1821 5109 JaCoh.

653 5152 795 5225 (Cap
841 5148 1031 5205 XVIII.
1054 5147 1305 5202 —Vers.
1331 5147 1409 5219 l.)
1436 5145 1501 5201 Ut
1529 5149 1727 5200 tolleret
1763 5144 1929 5198 David
1956 5143 2110 5207 Geld,
2135 5153 2183 5199 et

581 5245 720 5315 filias
747 5247 859 5310 eius
887 5245 951 5297 de
974 5258 1132 5297 manu
1148 5239 1565 5294 Pltilistinorum.
1590 5240 1642 5292 ln
1659 5238 1866 5308 Regum
1886 5238 2181 5293 scribitur:

582 5334 722 5391 Tulit
755 5339 963 5405 frenum
993 5333 1196 5398 tributi,
1222 5341 1281 5385 ut
1306 5331 1562 5385 dilataret
1591 5331 1875 5399 imperium
1907 5344 2063 5383 suum
2096 5343 2184 5385 us-

575 5443 688 5499 que
714 5432 780 5481 ad
830 5426 1032 5481 ﬂumen
1082 5423 1421 5494 Euphraten.
1465 5422 1695 5489 Quidam
1729 5430 1918 5489 putant
1944 5421 2013 5475 de
2042 5420 2186 5475 Ada-

578 5523 741 5580 dezer
772 5521 1008 5588 dictum,
1036 5535 1252 5577 necnon
1285 5530 1339 5575 et
1378 5518 1447 5573 de
1478 5513 1787 5572 Thibaltath
1818 5523 1874 5569 ct
1910 5515 1978 5569 de
2004 5513 2183 5568 Cbun.

651 5672 677 5699 α
702 5661 781 5716 Ex
826 5675 893 5716 eo
935 5659 1165 5723 scilicet,
1202 5667 1260 5712 ut
1300 5653 1909 5723 Pseudocﬂieronymus
1952 5651 2005 5704 iu
2055 5665 2175 5705 eum

582 5733 854 5801 psalinum
887 5739 1061 5796 notat,
1104 5722 1247 5800 quod
1273 5743 1450 5801 octauo
1480 5726 1563 5801 die
1595 5722 2037 5778 circumciduntur
2078 5723 2181 5793 pri-

586 5799 866 5867 inoqcnita,
889 5811 937 5853 et
956 5799 1223 5854 immunda
1251 5816 1357 5855 esse
1386 5799 1658 5852 desistunt.

2290 4686 2540 4742 cumquo
2564 4670 2797 4741 primum
2831 4670 2956 4726 Saul
2987 4669 3041 4724 in
3072 4670 3447 4726 defensionem
3476 4671 3642 4726 labes
3661 4671 3893 4729 Galaath

2291 4766 2567 4836 pugnavit,
2587 4775 2637 4818 et
2671 4763 2799 4817 vicit
2830 4761 3129 4830 eum.Quia
3152 4778 3279 4832 ergo
3311 4762 3706 4817 eratinimicus
3732 4766 3884 4827 Saul,

2287 4860 2493 4913 idcirco
2523 4857 2751 4928 gratiam
2793 4854 3087 4926 praistabat
3118 4854 3311 4916 David,
3337 4859 3381 4908 si
3413 4853 3633 4923 quando
3672 4854 3738 4908 ad
3765 4871 3890 4909 eum

2287 4951 2561 5007 veniebat.
2602 4950 2657 5005 lu
2706 4950 2936 5017 Regum,
2961 4948 3239 5003 dimidiam
3279 4955 3487 5018 partem
3521 4948 3701 5003 barbae
3751 4964 3895 5018 prae-

2288 5046 2440 5111 cidn,
2474 5054 2529 5099 et
2555 5053 2735 5099 vestes
2760 5058 2946 5096 eorum
2975 5041 3181 5096 medias
3210 5056 3381 5111 usque
3405 5041 3470 5093 ad
3508 5051 3686 5096 nates.
3714 5042 3771 5096 ln
3796 5042 3895 5097 Pa-

2282 5139 2689 5207 ralipomenon,
2724 5134 3045 5201 decalvavit,
3082 5142 3138 5189 et
3170 5133 3416 5201 praecidit
3447 5132 3664 5187 tunicas
3701 5148 3892 5189 eorum

2287 5231 2496 5286 medias
2529 5243 2699 5295 usque
2724 5226 2791 5280 ad
2820 5228 3059 5296 inguina.
3088 5225 3242 5293 Quod
3275 5224 3329 5278 in
3353 5238 3461 5279 uno
3492 5224 3616 5279 loco
3635 5224 3823 5291 deest,
3843 5225 3892 5279 in

2287 5323 2399 5377 alio
2427 5322 2656 5375 habetur
2687 5338 2697 5372 :
2732 5317 2875 5373 unde
2903 5316 3180 5387 colligitur
3219 5332 3315 5372 eos
3345 5314 3662 5371 decalv'atos
3704 5318 3889 5380 fuisse,

2286 5428 2341 5473 et
2363 5416 2561 5471 barbas
2582 5428 2733 5468 rasas
2772 5427 2869 5468 eos
2917 5411 3193 5483 habuisse,
3230 5421 3284 5466 et
3303 5410 3630 5466 vestimenta
3662 5412 3889 5482 praecisa

2291 5520 2417 5565 ante
2444 5521 2498 5565 ει
2521 5517 2690 5564 I‘ClI'O.

2355 5649 2383 5687 δ
2404 5646 2743 5703 Martiameus
2759 5642 2955 5697 vitiose
2972 5652 3262 5715 peccatores
3285 5642 3521 5713 legerat.
3542 5641 3645 5699 Ms.
3660 5654 3887 5715 uterque

2284 5729 2679 5844 case"isilch‘orius
2701 5783 2981 5853 rescripsit
3005 5781 3231 5853 Fecique
3255 5785 3347 5839 tibi
3375 5800 3587 5851 nomen,
3613 5794 3725 5841 etc.
