4006 6354
149 324 310 384 138⁸5

864 322 1318 394 QUESTIONES
1359 324 1748 385 IIEBRAICAE.
1789 325 1854 383 IN
1897 325 2024 386 LIB.
2071 325 2087 383 I
2127 326 2737 388 PARALIPOMENON:

3337 332 3476 389 1586

223 441 412 511 (Vers.
449 439 827 513 IG.)SOpltaclt
844 449 1016 497 autem
1029 443 1272 513 princeps
1292 444 1490 498 militia:
1507 453 1612 496 erat
1627 442 1771 496 Ada-
1803 450 1846 502 Α
1883 443 2023 497 tribu
2047 442 2200 507 Levi,
2233 453 2284 498 et
2301 443 2743 514 Benjamin,quia
2759 459 2865 498 non
2894 451 3018 498 sunt
3043 443 3342 508 numerati,
3368 459 3472 499 non

147 536 335 589 deser.
364 533 618 605 Sephaclt
651 534 1066 605 interpretatur,
1093 537 1436 591 evisceratus:
1460 535 1513 590 in
1564 535 1769 605 Regum

143 627 428 683 scribitur
460 625 701 691 Sobach,
736 637 793 682 et
823 626 1236 698 interpretatur,
1292 627 1627 681 columbaris.

230 717 393 788 (Cap.
427 719 544 774 XX.
573 749 645 759 -—
679 717 835 774 Vers.
859 718 943 788 2.)
966 718 1108 772 Tulit
1129 729 1301 774 autem
1327 735 1572 773 coronam
1604 717 1774 771 David

146 809 426 868 Mair/tom
453 812 518 866 de
543 813 709 883 capite
733 811 868 879 ejus.
928 810 1195 866 Melchom
1243 810 1446 865 idolum
1497 810 1777 865 Ammoni-

153 912 374 969 tarum,
407 903 476 958 de
503 918 612 974 quo
641 903 696 957 in
723 902 956 972 Regum,
986 913 1044 958 et
1091 903 1144 957 in
1196 902 1676 971 Paralipomenon,
1717 912 1774 956 et

146 995 210 1052 in
244 994 532 1066 Sophonia
566 994 845 1050 scribitur.
893 993 1156 1049 Melchom
1205 994 1620 1064 interpretatur,
1678 1008 1774 1047 rex

147 1105 367 1143 eorum.
413 1089 490 1146 De
512 1088 810 1144 simulacro
834 1088 978 1144 enim
1035 1089 1182 1144 illius
1241 1088 1372 1144 idoli
1427 1089 1552 1144 tulit
1601 1087 1768 1142 David

138 1180 432 1240 diadema.
459 1181 714 1237 Illicitum
745 1191 864 1236 erat
893 1180 963 1236 de
991 1179 1154 1236 idolis
1183 1181 1386 1252 aliquid
1437 1184 1554 1236 auri
1602 1196 1770 1252 appe-

141 1283 301 1340 tere,
335 1283 428 1329 aut
453 1275 689 1343 argenti,
743 1275 950 1330 .Iudacis
995 1291 1093 1343 per
1141 1275 1336 1345 legem.
1393 1275 1526 1341 Sed,
1558 1285 1616 1330 ut
1663 1275 1764 1346 ipsi

136 1365 404 1431 tradunt,
431 1365 588 1420 Ethai
620 1365 885 1431 .lethzcus,
912 1367 1001 1437 qui
1034 1367 1103 1421 de
1135 1379 1295 1437 gente
1341 1367 1764 1424 Philistinornm

136 1459 217 1514 ad
251 1457 427 1514 David
455 1469 709 1527 venerat,
744 1461 864 1531 ipse
913 1460 1164 1516 diadema
1217 1460 1441 1532 diripuit
1492 1461 1561 1518 de
1591 1463 1768 1534 capite

140 1554 455 1622 Mclcliom,
478 1564 532 1610 ut
558 1555 746 1610 liceret
768 1555 1002 1611 Hebraeo
1015 1556 1083 1610 de
1103 1570 1262 1610 manu
1279 1555 1515 1612 hominis
1544 1571 1764 1626 capere,

138 1646 300 1717 quod
330 1645 398 1701 de
425 1647 603 1717 capite
633 1646 764 1701 idoli
795 1662 903 1702 non
939 1646 1157 1703 licebat.

223 1743 524 1814 (νει-εοι.)
556 1743 680 1798 Post
710 1743 822 1796 IM‘C
863 1745 1046 1798 initum
1076 1756 1150 1798 est
1194 1743 1388 1799 bellum
1429 1747 1483 1800 in
1541 1745 1705 1801 Gezer
1745 1763 1762 1801 :

1878 547 2006 592 sunt
2032 535 2304 594 interfecti
2325 556 2338 593 :
2363 541 2484 607 quia
2516 538 2795 608 Benjamin
2828 538 2950 595 ideo
2980 539 3173 604 evasit,
3206 540 3333 610 quia
3391 555 3474 594 re-

1875 632 2022 686 centi
2055 643 2298 702 tempore
2330 631 2574 686 fraterno
2601 631 2785 702 gladio
2808 646 2946 702 pene
2977 647 3148 702 usque
3203 631 3273 686 ad
3305 631 3479 687 inter-

1877 724 2156 779 necionem
2217 734 2527 780 corruerat.
2568 723 2695 779 Levi
2721 739 2851 779 vero
2906 739 3012 780 non
3059 723 3472 791 numerabatur,

1873 814 1996 884 quia
2027 814 2320 870 sacerdotii
2353 814 2618 885 dignitate
2644 816 3012 887 prtccellebat.

1946 905 2132 978 (Ibid.)
2161 905 2410 961 Gladium
2432 906 2648 961 Domini
2669 919 2717 962 et
2749 916 2962 964 mortem
2993 919 3040 964 et
3087 910 3341 984 Angclttm
3369 910 3475 965 Do-

1872 999 2018 1054 mini.
2056 999 2263 1056 Dicitur
2292 1000 2552 1056 Dominus
2576 1001 2628 1057 in
2671 1001 2958 1075 {Egyptum
3001 1005 3370 1072 descendisse,
3421 1014 3477 1062 et

1870 1093 2213 1164 percussisse
2242 1093 2537 1166 Egyptum
2569 1095 2763 1166 plagis,
2797 1105 2847 1151 et
2879 1095 3180 1168 peremisse
3204 1098 3473 1168 primoge-

1872 1185 2016 1240 nitos
2039 1184 2420 1257 Egyptiorum
2443 1186 2642 1258 (Ea-od.
2663 1188 2762 1256 ιιι).
2791 1188 2890 1243 Hic
2914 1203 3071 1254 vero,
3088 1189 3230 1259 quod
3259 1187 3478 1243 terribi-

1872 1276 1998 1332 liter
2023 1279 2259 1347 positum
2288 1287 2372 1334 est
2404 1280 2643 1349 primum
2685 1280 2752 1334 de
2773 1279 2952 1350 gladio
2989 1280 3225 1345 Domini,
3271 1289 3480 1350 tempe-

1873 1380 2024 1425 ratur
2051 1370 2178 1424 dum
2209 1371 2427 1438 dicitur,
2459 1381 2506 1425 et
2531 1371 2792 1444 Angelum
2815 1371 3054 1437 Domini,
3087 1387 3193 1426 non
3229 1372 3281 1425 in
3315 1387 3478 1427 manu

1873 1463 2130 1528 hominis,
2178 1474 2234 1517 ut
2267 1464 2537 1534 ﬂagellum
2570 1463 2689 1534 ejus
2719 1479 2826 1519 non
2859 1473 3004 1519 esset
3039 1464 3090 1518 in
3115 1478 3274 1519 manu
3309 1464 3484 1518 homi-

1871 1555 1974 1622 nis,
2006 1555 2100 1610 sed
2125 1555 2177 1609 in
2206 1571 2367 1610 manu
2400 1556 2515 1622 Dei,
2558 1557 2685 1626 quia
2739 1557 2925 1611 multae
2973 1555 3343 1611 miserationis
3369 1567 3474 1612 est.

1869 1648 2168 1720 Flagellum
2199 1651 2344 1704 enim
2376 1650 2613 1704 hominis
2636 1660 2689 1705 et
2719 1651 2770 1704 in
2798 1649 2981 1721 gladio
3009 1658 3112 1717 est,
3144 1661 3197 1706 et
3225 1649 3279 1704 in
3313 1651 3475 1706 fame.

1868 1745 1997 1816 quia
2017 1753 2248 1815 possunt
2276 1744 2568 1815 prohibere
2594 1744 3028 1800 venundationes
3058 1743 3113 1798 lii
3142 1743 3282 1814 apud
3340 1759 3480 1814 quos

142 1834 204 1893 in
235 1835 476 1907 Regum,
511 1838 563 1891 in
595 1836 734 1893 Gob.
761 1837 880 1893 Gob
908 1837 1324 1907 interpretatur,
1353 1837 1765 1896 locusta.Gezer
1796 1836 1843 1897 Β
1870 1847 1999 1893 sunt
2030 1839 2322 1894 frumenta.

141 1943 286 1985 vero
315 1943 519 1985 nomen
551 1929 667 1991 loci,
687 1938 794 1995 est,
817 1939 873 1984 et
895 1930 1306 1999 interpretatur,
1333 1930 1616 1986 ordinatio.
1647 1931 1767 1987 Sic-

139 2029 210 2078 ut
240 2021 500 2088 locustae,
535 2020 609 2076 ita
645 2021 736 2075 ﬁlii
769 2021 999 2090 Arapha:
1028 2021 1292 2076 delebant
1320 2022 1510 2077 Israel.
1545 2021 1766 2091 Araplta

144 2115 302 2173 enim
338 2115 437 2169 fuit
471 2131 640 2170 nurus
669 2115 886 2182 Noemi,
911 2115 980 2171 de
1028 2115 1185 2186 cujus
1232 2118 1496 2186 progenie
1550 2116 1769 2172 fuerunt

142 2208 423 2278 gigantes,
459 2205 678 2262 Goliatb
711 2213 766 2261 et
803 2206 1001 2262 fratres
1033 2208 1173 2276 ejus.

224 2297 496 2370 (tbid.)In
525 2317 627 2371 quo
658 2301 911 2370 percussit
926 2300 1189 2357 Soboclmi
1208 2299 1515 2356 llusathites
1530 2300 1768 2372 Sapltai:

142 2390 205 2448 in
254 2390 468 2462 Regum
525 2391 697 2462 Saph.
753 2391 900 2463 Sapb
949 2393 1360 2462 interpretatur,
1387 2393 1643 2450 liminare.
1670 2394 1771 2450 Sa-

145 2483 306 2556 phai,
355 2484 594 2539 liminare
643 2501 834 2539 meum.
875 2485 931 2539 In
975 2485 1450 2556 Paralipomenon,
1481 2487 1550 2544 de
1571 2503 1770 2558 genere

147 2576 463 2648 Raphaim:
516 2577 569 2634 in
626 2579 857 2650 Regum,
888 2579 958 2635 de
1014 2579 1187 2650 stirpe
1245 2579 1458 2650 Rapha,
1508 2582 1634 2652 quia
1669 2581 1767 2636 ﬁlii

148 2671 358 2742 Orplue
414 2681 572 2728 erant
598 2672 667 2728 de
711 2688 916 2743 genere
973 2672 1274 2744 gigantum.

222 2765 407 2838 (Vers.
436 2766 520 2837 5.)
543 2765 612 2820 In
636 2784 740 2837 quo
772 2768 1026 2839 percussit
1061 2767 1381 2822 Adeodatus.
1432 2767 1490 2822 In
1537 2767 1771 2824 Hebraeo

148 2859 375 2930 legitur,
409 2857 656 2914 Eleanan
711 2859 856 2915 filius
891 2859 1027 2927 .lair,
1059 2869 1084 2897 ιι
1111 2858 1384 2915 Leemites
1409 2857 1599 2915 frater.
1624 2859 1766 2929 Jair,

147 2952 404 3026 uigilans,
465 2952 520 3007 in
569 2952 778 3024 Regum
809 2953 1072 3010 scribitur
1101 2953 1216 3008 Hur
1241 2953 1383 3007 filius
1405 2953 1586 3019 Jaare,
1620 2953 1768 3024 quod

148 3047 552 3116 interpretatur
606 3045 774 3100 saltus
822 3046 916 3101 :in
969 3045 1172 3117 Regum
1216 3044 1497 3113 scribitur,
1549 3045 1771 3102 Bethle-

146 3140 386 3197 hemites
435 3156 449 3194 :
502 3140 556 3194 in
598 3140 1089 3212 Paralipomenon,
1119 3141 1395 3198 Leemites
1448 3141 1634 3197 frater.
1683 3142 1769 3198 In-

1945 1933 2124 2006 (Vers.
2156 1933 2272 2002 15.)
2312 1931 2454 1987 Vidit
2483 1934 2752 1998 Dominus,
2782 1942 2830 1987 et
2876 1933 3113 1986 misertus
3161 1941 3259 1986 est.
3312 1931 3484 1987 Aiunt

1869 2025 2083 2081 Sadocb
2114 2025 2457 2082 sacerdotem
2492 2024 2781 2080 infulatum
2811 2024 3099 2079 Dominum
3124 2023 3479 2094 deprecatum

1870 2117 2063 2180 fuisse,
2095 2125 2151 2172 et
2173 2117 2439 2172 imitatum
2482 2116 2651 2170 fuisse
2692 2124 2898 2186 patrem
2959 2130 3117 2169 suum
3161 2115 3370 2179 Aaron,
3423 2122 3482 2169 et

1869 2209 2017 2265 illius
2048 2223 2239 2280 preces
2261 2217 2318 2265 et
2345 2208 2691 2265 devotionem
2715 2208 3003 2263 Dominum
3033 2206 3260 2271 vidisse,
3293 2215 3349 2259 et
3373 2207 3477 2261 mi-

1871 2310 2081 2357 sertum
2111 2299 2306 2356 fuisse.

1944 2393 2125 2465 (Vers.
2158 2393 2224 2450 18
2246 2393 2428 2464 seqq.)
2450 2393 2506 2447 In
2539 2392 2992 2460 Paralipomenon
3031 2390 3236 2458 Ornan,
3299 2399 3354 2447 et
3395 2391 3477 2445 in-

1874 2494 2226 2557 terpretatur,
2259 2487 2433 2540 lumen
2461 2485 2608 2539 nobis
2626 2501 2645 2539 :
2676 2485 2726 2538 in
2759 2482 2965 2554 Regum
2996 2497 3125 2538 vero
3160 2487 3397 2550 Areuna,
3423 2483 3477 2537 id

1871 2590 1975 2647 est,
2006 2597 2151 2635 arca.
2182 2581 2391 2645 Ornon,
2421 2580 2733 2635 Jebusseum
2769 2578 2938 2633 fuisse
2964 2578 3039 2632 ibi
3064 2577 3316 2647 parescit,
3350 2578 3473 2648 quia

1873 2676 2049 2732 noluit
2079 2675 2248 2730 David
2271 2676 2474 2744 absque
2499 2673 2722 2745 pecunia
2748 2671 2951 2742 aliquid
2982 2671 3100 2741 ejus
3122 2670 3323 2726 oﬂ‘erre
3372 2673 3482 2724 Do-

1872 2770 2040 2825 mino.
2072 2768 2127 2822 In
2155 2768 2277 2838 lege
2303 2768 2448 2823 enim
2480 2774 2563 2822 est
2586 2764 2940 2836 prohibitum.
3001 2763 3228 2831 Quidam
3271 2761 3478 2818 idcirco

1873 2864 2062 2919 dicunt
2090 2861 2177 2917 bis
2207 2861 2528 2932 sanguinem
2559 2859 2740 2914 fusum
2773 2872 2802 2912 a
2831 2856 2998 2911 David
3053 2871 3151 2926 pro
3202 2857 3477 2925 sanguine

1873 2955 2079 3020 hostili,
2109 2968 2270 3025 quem
2300 2951 2513 3017 effudit,
2539 2960 2592 3006 et
2631 2965 2730 3020 pro
2755 2947 3020 3019 sanguine
3049 2946 3220 3012 Uriae,
3252 2947 3341 3018 qui
3393 2947 3476 3002 ef-

1875 3048 2338 3214 ﬁliaiam".
2372 3165 2440 3177 --
2464 3135 2622 3190 Vers.
2659 3133 2737 3204 1.)
2773 3132 2901 3186 Filii
2927 3131 3126 3186 Gersan
3152 3131 3253 3199 ﬁlii
3281 3129 3478 3201 Moysi,

146 3233 374 3291 terfecit
444 3249 574 3305 ergo
625 3234 842 3291 Goliatb
899 3234 1246 3302 Getthazum,
1310 3235 1532 3291 fratrem
1591 3222 1842 3292 Golimc
1876 3235 2064 3292 Sebuel
2094 3234 2310 3304 primus.
2344 3230 2526 3300 Ipsum
2558 3229 2738 3283 ferunt
2763 3240 2886 3282 esse
2941 3225 3032 3294 qui
3089 3225 3145 3280 in
3195 3222 3476 3288 Judicum,

147 3326 445 3393 Pbilistari,
498 3342 656 3398 quem
712 3327 981 3384 interfecit
1025 3328 1216 3384 David.
1251 3327 1667 3385 Fueruntenim
1698 3331 1766 3387 de

144 3422 327 3491 stirpe
372 3417 573 3490 Orpha:
628 3421 900 3492 quinque,
947 3421 1016 3477 de
1064 3420 1260 3492 quibus
1306 3421 1358 3475 in
1409 3423 1767 3493 sequentibus

152 3513 317 3569 dicit.

229 3605 413 3680 (Vera.
445 3607 526 3678 7.)
557 3606 626 3663 Et
647 3609 898 3678 percussit
919 3625 1036 3663 ettm
1063 3607 1330 3664 Jonatltan
1352 3612 1494 3681 [ilius
1515 3609 1766 3666 Sammaa

154 3701 341 3774 fratris
369 3699 560 3754 David.
584 3701 852 3758 Jonathan
886 3701 1003 3772 ipse
1023 3701 1330 3758 estNatlian
1356 3701 1644 3774 propheta,
1671 3702 1764 3774 qui

147 3793 345 3850 habuit
369 3793 508 3848 duos
538 3793 774 3861 fratres,
805 3794 925 3850 Joel
955 3803 1010 3848 et
1039 3795 1310 3852 Jonadab.
1343 3796 1553 3852 Idcirco
1576 3794 1640 3864 ‘_ei
1679 3795 1768 3851 hic

146 3901 358 3943 nomen
382 3887 553 3956 patris
595 3887 916 3956 imponitur,
950 3889 1076 3957 quia
1110 3887 1253 3943 inter
1291 3890 1632 3959 proeliatores
1666 3886 1766 3943 de-

148 3979 437 4036 scribitur.
467 3977 571 4036 Ubi
605 3994 734 4035 vero
766 3980 834 4034 de
871 3978 1158 4050 prophetia
1191 3982 1309 4051 cjus
1342 3981 1624 4046 scribitur,
1657 3994 1765 4035 non

148 4073 206 4130 ei
231 4080 527 4127 annotatur
559 4080 735 4143 pater,
768 4087 835 4128 eo
858 4073 1005 4143 quod
1034 4082 1190 4144 pater
1213 4073 1332 4144 ejus
1356 4073 1624 4144 PrOpheta
1658 4090 1764 4129 non

154 4164 351 4220 fuerit.
1350 4162 1363 4172 ’

232 4255 389 4329 (Cap.
410 4255 551 4313 XXI.
577 4287 648 4299 -—
678 4257 836 4314 Vers.
868 4257 950 4329 ⁸5.)
969 4258 1121 4326 Quod
1151 4261 1202 4312 in
1218 4267 1484 4328 peccatum
1505 4267 1768 4329 reputetur

151 4351 376 4416 Israeli,
408 4349 460 4406 id
485 4359 592 4420 est,
617 4352 670 4406 in
695 4363 954 4421 mortem,
987 4368 1110 4422 qua:
1135 4367 1234 4422 pro
1261 4362 1485 4422 peccato
1523 4353 1692 4407 venit.

231 4443 413 4516 (Vers.
441 4442 494 4498 5.
527 4442 548 4514 )
608 4442 664 4498 In
694 4444 1179 4515 Paralipomenon,
1213 4442 1240 4482 δ
1270 4443 1420 4499 mille
1478 4442 1669 4512 millia,
1713 4451 1768 4498 ct

151 4546 383 4596 centum
415 4535 586 4592 millia
617 4553 630 4590 :
656 4537 708 4592 in
739 4537 973 4608 Regum,
1007 4538 1160 4593 mille
1189 4546 1432 4593 trecenta
1485 4537 1676 4602 millia,
1711 4535 1764 4591 in

1872 3327 2146 3386 Jonathan
2176 3325 2462 3388 scribitur,
2501 3324 2591 3392 qui
2626 3319 3009 3376 fuitsacerdos
3038 3318 3088 3371 in
3142 3317 3286 3372 tribu
3341 3317 3477 3372 Dan.

1869 3423 2142 3480 Jonatltan
2175 3421 2588 3490 interpretatur,
2631 3414 2846 3468 Domini
2869 3413 3082 3468 donum.
3142 3410 3369 3478 Sebuel,
3397 3426 3479 3464 re-

1871 3526 2067 3572 uertens
2089 3516 2154 3568 ad
2183 3513 2494 3578 Dominum;
2523 3510 2593 3566 de
2649 3525 2757 3580 quo
2804 3507 3054 3562 scribitur
3083 3521 3097 3557 :
3141 3504 3167 3556 l
3177 3521 3266 3573 pse
3288 3513 3333 3558 et
3378 3505 3478 3571 ﬁlii

1870 3613 1983 3682 ejus
2004 3612 2212 3682 {uerunt
2241 3605 2532 3660 sacerdotes
2556 3605 2610 3657 in
2653 3602 2790 3656 tribu
2844 3598 2986 3663 Dan,
3013 3612 3170 3667 usque
3216 3597 3285 3649 ad
3335 3596 3471 3650 diem

1872 3703 2187 3771 captivitatis
2217 3710 2388 3767 terra,
2416 3698 2465 3752 id
2487 3707 2592 3763 est,
2623 3711 2796 3767 usque
2822 3693 2888 3749 ad
2920 3691 3087 3757 diem,
3111 3689 3326 3761 quando
3351 3705 3477 3746 arca

1873 3796 2088 3852 Domini
2131 3794 2201 3848 ab
2247 3791 2551 3862 Allopltylis
2609 3798 2765 3859 capta
2811 3795 2914 3842 est.
2962 3783 3165 3840 Sebuel
3207 3786 3478 3838 revertitur

1871 3887 2012 3943 Deus
2033 3903 2050 3942 :
2066 3887 2218 3957 juxta
2245 3885 2347 3939 hoc
2372 3882 2516 3953 quod
2541 3882 2770 3936 habetur
2790 3879 2843 3933 in
2867 3875 3135 3944 Propheta
3165 3892 3178 3928 :
3208 3874 3474 3930 Converti—

1872 3982 2000 4036 mini
2027 3980 2095 4032 ad
2121 3995 2220 4043 me,
2247 3986 2292 4031 et
2315 3993 2406 4050 ego
2430 3981 2700 4029 convertar
2721 3972 2788 4024 ad
2827 3986 2914 4023 vos
2955 3965 3204 4039 (Zachar.
3233 3983 3272 4033 I,
3296 3966 3377 4036 ὅ).

1943 4072 2127 4144 (Vers.
2165 4070 2277 4140 17.)
2314 4067 2484 4124 Porro
2537 4068 2634 4137 ﬁlii
2703 4062 2942 4120 Raltabia
2971 4059 3304 4131 multiplicati
3350 4070 3471 4116 sunt

1870 4181 2032 4237 supra
2056 4162 2263 4216 modum
2295 4160 2404 4232 [AL
2463 4157 2716 4230 domum].
2752 4155 2821 4210 Et
2885 4154 2972 4209 hic
3010 4151 3294 4221 impletum
3352 4161 3466 4216 est,

1869 4257 2013 4331 quod
2048 4254 2306 4310 Dominus
2335 4253 2468 4308 dixit
2520 4250 2586 4306 ad
2633 4249 2854 4320 Moysen
2884 4267 2896 4302 :
2932 4246 3145 4301 Dimitte
3166 4261 3266 4312 me,
3301 4255 3357 4299 ut
3383 4248 3468 4302 de.

1871 4349 2004 4405 leam
2034 4346 2282 4418 papulunt
2297 4347 2474 4410 istum,
2503 4355 2548 4399 et
2572 4343 2762 4414 faciant
2779 4349 2826 4394 te
2849 4341 2903 4394 in
2932 4349 3291 4410 gentem,un
3303 4341 3472 4411 major

1870 4443 1971 4495 ista
1993 4449 2067 4496 est
2089 4437 2292 4509 (Exod.
2317 4451 2490 4497 χχχιι,
2520 4431 2629 4504 10).

1944 4531 2126 4604 (Vers.
2155 4527 2373 4599 27-29.)
2404 4528 2420 4557 ¹
2460 4523 2622 4581 Juxta
2675 4531 2927 4595 prazcepta
2976 4523 3148 4580 David
3198 4528 3474 4583 novissima

156 4629 618 4700 paralipomcnon
645 4630 963 4686 scribuntur
994 4641 1046 4688 ει
1072 4631 1128 4686 hi
1158 4631 1248 4702 qui
1279 4639 1678 4696 remanserunt,
1709 4639 1764 4686 ει
1787 4614 1841 4674 D
1867 4623 2232 4696 supputabitur
2253 4618 2483 4690 ﬁliorum
2511 4615 2631 4671 Levi
2657 4632 2924 4684 numerus,
2950 4635 2982 4670 a
3015 4619 3194 4690 viginti
3244 4622 3396 4675 annis
3424 4633 3470 4678 et

154 4726 257 4794 qui
287 4721 552 4778 interfecti
584 4729 731 4777 sunt.
766 4722 820 4777 In
850 4738 1043 4794 regum
1077 4737 1211 4776 vero
1242 4722 1352 4777 vivi
1385 4721 1763 4800 tantummodo

155 4823 543 4872 numerantur.
575 4815 728 4882 Quod
755 4832 885 4872 vero
915 4817 1193 4882 scribitur,
1223 4817 1568 4889 septuaginta
1594 4817 1760 4872 millia

157 4905 450 4964 interfecta
482 4906 672 4971 fuisse,
707 4907 797 4962 hic
827 4917 1031 4963 tantum
1065 4908 1243 4978 capita
1271 4908 1549 4964 seniorum
1574 4924 1766 4964 nume—

158 5007 376 5057 rantur.
404 4998 676 5054 Caeterum
707 5000 776 5055 de
801 5000 959 5070 plebe
990 5011 1067 5056 t0t
1098 5001 1266 5056 millia
1299 4999 1589 5056 interfecta
1615 5011 1761 5069 sunt,

159 5098 298 5162 quot
329 5089 693 5146 millenarium
722 5103 961 5148 trecenta
1021 5108 1309 5148 numerum
1363 5093 1655 5149 excedunt.
1690 5095 1767 5150 De

243 5237 258 5265 ¹
293 5233 451 5289 Ilune
471 5233 649 5290 locum
679 5233 745 5290 ad
773 5235 933 5291 ﬁdem
965 5250 1100 5290 mss.
1128 5235 1375 5290 codicum
1400 5235 1764 5290 restituimus.

161 5308 228 5363 In
275 5305 436 5360 editis
464 5306 606 5376 apud
639 5307 921 5362 Erasmum
978 5307 1051 5360 ita
1097 5307 1328 5374 legimus
1361 5323 1374 5362 :
1431 5306 1562 5371 Qua:
1599 5307 1770 5375 major

161 5381 266 5450 ista
294 5384 388 5450 est.
419 5375 1112 5450 Novissimajupputabitur
1133 5376 1514 5450 ﬁliorunt_Levi
1542 5393 1774 5450 :Aquam-

162 5449 261 5502 diu
287 5435 672 5502 tabernaculum
703 5435 915 5502 Domini
942 5435 1235 5502 mutabtitur
1261 5449 1324 5501 de
1362 5447 1476 5503 loco
1505 5447 1575 5501 ad
1602 5435 1773 5502 locum

242 5571 268 5600 ⁸
294 5562 542 5618 Martian.
559 5561 1288 5631 BethlehcmitesItielegerat,
1313 5559 1771 5630 quemadmodum

164 5648 280 5694 non
325 5636 378 5688 in
413 5633 872 5703 Paralipomenon
909 5635 1088 5699 libris,
1120 5634 1214 5688 sed
1247 5633 1465 5703 Regum;
1487 5631 1769 5703 scribitur.

242 5705 269 5744 δ
301 5704 437 5761 Cum
490 5701 613 5761 meo
650 5721 755 5760 ms.
803 5706 1075 5761 Victorius
1126 5701 1386 5775 quoque,
1439 5701 1508 5775 l_n
1557 5702 1772 5775 Parali-

164 5793 423 5903 pothenon
475 5779 757 5850 quingenta
802 5772 1156 5847 septuaginta'
1187 5773 1378 5830 millia.
1445 5773 1513 5829 In
1565 5772 1762 5846 Regum

164 5865 239 5903 mt
283 5865 332 5903 e.
363 5861 475 5903 etc.

162 5849 332 5920 inille,
363 5861 475 5904 etc.

508 5941 788 6002 Pnnon.
852 5940 1094 6002 XXIII.

1866 4733 2048 4786 supra.
2079 4711 2307 4781 Quando
2341 4709 2744 4766 tabernaculum
2773 4708 2987 4764 Domini
3035 4712 3358 4767 movebatur
3405 4712 3473 4768 de

1868 4808 1989 4864 Ioco
2009 4807 2076 4862 ad
2104 4808 2303 4869 locum,
2330 4818 2359 4858 a
2395 4814 2416 4840 ο
2454 4802 2670 4873 triginta
2701 4802 2855 4856 annis
2879 4801 3225 4872 eligebantur
3252 4822 3265 4858 :
3322 4813 3474 4874 post-

1867 4917 2029 4976 quam
2061 4914 2189 4957 vero
2223 4898 2479 4968 templum
2509 4896 2718 4950 Domini
2742 4895 3064 4950 aedificatum
3099 4906 3203 4963 est,
3231 4912 3260 4950 a
3291 4897 3473 4967 vig'nti

1869 4997 2045 5053 annis.
2075 4993 2227 5062 Quod
2257 5006 2388 5046 vero
2420 4989 2470 5042 iu
2517 4987 2836 5059 quibusdam
2885 4986 3162 5042 codicibus
3220 4988 3469 5058 habetur,

1870 5092 1938 5144 ad
1961 5090 2239 5159 {cruentent
2266 5083 2515 5149 similam,
2541 5080 2672 5137 etin
2718 5077 3045 5150 quihusdam
3073 5079 3140 5135 ad
3203 5082 3474 5151 {mentem

1873 5249 1905 5302 α
1933 5228 2113 5302 viginti
2160 5225 2310 5302 annis
2353 5217 3026 5302 eligebantur..Postquunt
3061 5233 3176 5302 vero
3229 5224 3473 5302 templum

1872 5288 2086 5358 Domini
2115 5288 2440 5364 aediﬁcatum
2464 5301 2560 5351 est.
2591 5308 2622 5364 ᾳ
2655 5288 3063 5362 trigintaunnis.
3093 5288 3473 5364 Quatprn'nino

1875 5372 2063 5429 mutila
2094 5385 2159 5424 ac
2185 5361 2441 5435 corrupta
2491 5363 2686 5434 probat
2729 5361 3023 5417 contextus
3051 5375 3209 5417 sacer
3240 5361 3258 5415 I
3293 5363 3474 5422 Paral.

1881 5459 2034 5508 XXIII,
2061 5442 2153 5495 ‘27.

1957 5567 1978 5595 ο
2001 5555 2138 5610 Cum
2163 5551 2413 5621 Vulgatis
2437 5556 2567 5604 ante
2590 5546 2960 5621 Martianaeum
3007 5545 3162 5621 libris
3191 5561 3365 5621 meus,
3398 5559 3480 5607 at-

1878 5642 1987 5700 que
2014 5619 2408 5700 Ambrosianus
2438 5635 2570 5675 mss.
2598 5619 2653 5700 in
2683 5619 2783 5672 hoc
2809 5620 3194 5682 consentiunt,
3223 5620 3480 5700 quodvi-

1879 5692 2012 5771 éinti
2042 5698 2130 5752 hic
2162 5711 2260 5771 pro
2292 5695 2526 5771 triginta1
2555 5699 2716 5771 atque
2744 5704 2776 5743 e
2802 5700 3078 5744 converso
3109 5706 3233 5744 mox
3270 5692 3479 5764 triginta

1881 5763 1980 5842 pro
2000 5769 2179 5841 viginti
2208 5763 2372 5818 annis
2387 5763 2702 5834 praeferunt.

2983 5923 3064 5986 ω

3469 67 3484 74 μ
3505 65 3608 82 ...Ε-.-
