4006 6326
562 339 696 397 1591

1336 332 1429 389 AD
1466 328 1708 389 TOMUM
1748 327 1816 388 III
1854 323 2145 387 OPERUM
2186 324 2244 386 S.
2288 319 2673 383 HIERONYMI
2712 317 3081 380 APPENDI‘X.

3728 307 3860 370 1591

557 455 713 510 Nunc
765 458 945 507 autem
988 449 1173 505 videat
1222 448 1390 513 Deus,
1439 446 1564 518 quia
1605 445 1749 516 quod
1794 460 1895 501 nos
1933 461 1963 501 a
1994 444 2157 499 domo
2184 441 2239 503 Α
2262 439 2470 496 Idcirco
2495 455 2603 494 non
2635 438 2777 494 dixit
2827 446 3055 491 matrem
3089 444 3245 488 suam
3268 472 3284 497 ,
3313 427 3440 501 quia
3472 440 3585 483 non
3619 427 3857 481 ambula-

556 547 726 601 David
759 544 1090 609 recedimus,
1132 550 1419 612 peccatum
1459 548 1544 596 est
1576 539 1811 594 ﬁliorqu
1855 538 2007 609 ejus,
2064 536 2160 608 qui

560 657 661 696 nos
690 638 974 708 abjiciuztt.

631 730 816 799 (Vers.
853 728 968 799 18.)
1013 729 1071 783 1η
1114 730 1358 799 Regum,
1410 727 1651 783 Huram:
1697 728 1749 781 in
1785 724 2156 792 Paralipome-

555 839 690 889 non,
743 821 1044 877 Adhuram.
1087 821 1337 876 Huram:
1384 822 1575 890 fluvius
1605 819 1867 874 exaltatus
1913 834 1931 871 :
1970 814 2158 870 Aditu-

554 930 697 979 ram,
728 915 881 968 ruina
911 912 1164 969 exaltata.

628 1008 787 1077 (Cap.
821 1006 1171 1062 XL—Vers.
1206 1007 1285 1077 5.)
1320 1006 1387 1060 Et
1417 1007 1693 1077 wdiﬁcavit
1725 1004 1953 1058 civitates
1984 1017 2158 1055 mura-

558 1111 659 1155 tas.
700 1101 876 1155 Causa
909 1099 1037 1154 belli
1065 1099 1359 1154 ardiﬁcavit
1390 1101 1671 1154 civitates.

627 1191 808 1264 (Vers.
846 1191 961 1262 15.)
1011 1191 1317 1247 Sacerdotes
1370 1190 1689 1246 excelsorum
1738 1198 1787 1243 et
1838 1189 2152 1243 daemonum.

556 1284 695 1353 Quia
723 1283 895 1338 sicubi
935 1284 1101 1339 liebat
1134 1286 1342 1353 imago,
1376 1282 1657 1338 daemones
1684 1280 1892 1336 dabant
1929 1292 2156 1348 respon-

554 1393 635 1447 sa,
670 1386 724 1433 et
749 1377 1229 1432 constituebantur
1258 1376 1337 1431 eis
1355 1375 1692 1431 sacerdotes.

622 1471 806 1543 (Vers.
843 1468 957 1540 18.)
994 1469 1151 1523 Duxit
1181 1480 1351 1524 autent
1390 1467 1625 1522 Roboam
1668 1482 1880 1521 uxorem
1909 1464 2150 1529 Malaad,

551 1563 718 1633 ﬁliam
747 1560 993 1628 Jerimut,
1028 1562 1129 1631 ﬁlii
1160 1560 1350 1614 David.
1421 1561 1530 1616 Iste
1559 1560 1790 1614 Jcrimut
1821 1574 1926 1612 non
1960 1556 2157 1612 scribi-

548 1666 672 1720 tur,
726 1669 903 1724 neque
946 1654 1001 1708 in
1046 1653 1293 1724 Regum,
1353 1668 1531 1723 neque
1574 1654 1628 1707 in
1669 1651 2150 1720 Paralipomenon,

548 1750 675 1818 quia
708 1748 806 1803 fuit
836 1748 902 1803 de
936 1748 1061 1802 liliis
1083 1748 1539 1803 concubinarum.

2267 533 2359 586 bat
2384 531 2523 586 viam
2559 539 2786 597 rectam,
2823 530 2966 584 sicut
2997 526 3140 581 ﬁlius
3166 524 3306 594 ejus.
3350 521 3436 577 Ea:
3458 529 3687 591 augusto
3709 520 3858 591 depo-

2261 628 2365 681 suit
2394 626 2644 698 imperio:
2680 626 2784 680 hoc
2805 632 2911 690 est,
2962 622 3030 676 de
3068 618 3402 675 Sacerdotio.
3435 612 3755 671 Comminuit
3791 614 3857 665 si—

2260 719 2555 773 mulacrum
2604 717 2815 786 Priapi,
2867 726 2915 769 et
2954 712 3231 767 combussit
3268 711 3324 763 in
3363 716 3595 763 torrente
3636 704 3855 760 Cedrott.

2258 811 2425 866 Aiunt
2456 810 2849 867 comminuisse
2880 807 3026 863 istud
3053 848 3067 871 ,
3112 815 3166 859 ct
3207 803 3347 858 clam
3391 799 3642 856 voluisse
3695 797 3861 869 proji-

2259 918 2410 969 cere,
2443 903 2588 974 quod
2612 903 2877 959 Dominus
2910 910 2971 956 ut
3000 898 3361 971 patefaceret,
3395 896 3448 951 in
3476 904 3732 950 torrente
3764 892 3864 949 Ce-

2259 996 2400 1053 dron
2432 1012 2502 1051 ex
2534 1011 2675 1066 aqua
2699 997 2840 1066 ignis
2880 992 3173 1064 processit.

2338 1089 2497 1162 (Cap.
2542 1087 2684 1144 XVI.
2714 1118 2786 1130 —
2821 1088 2979 1145 Vers.
3009 1083 3125 1154 10.)
3175 1083 3345 1137 Jussit
3376 1098 3494 1137 eum
3540 1082 3597 1135 in
3644 1096 3858 1134 nervum

2260 1180 2391 1234 mitti
2419 1197 2437 1233 :
2470 1196 2535 1235 eo
2557 1180 2703 1249 quod
2730 1178 2949 1249 publice
2980 1192 3040 1233 se
3064 1175 3264 1247 arguit.

2333 1273 2521 1341 (Vers.
2549 1272 2666 1341 I2.)
2699 1270 2876 1326 Doluit
2907 1270 3061 1342 pedes
3093 1268 3198 1323 Asa
3223 1286 3241 1323 :
3271 1268 3397 1339 quia
3429 1266 3729 1338 podagrico
3760 1264 3860 1319 hu-

2257 1384 2412 1425 more
2440 1378 2731 1438 correptus
2754 1377 2861 1423 est.
2923 1365 3235 1420 Notandum
3257 1362 3403 1435 quod
3433 1361 3659 1432 regibus
3692 1374 3857 1415 causa

2258 1462 2586 1519 reverentiae
2616 1460 3032 1517 combustiones
3060 1458 3515 1513 chtimentorum
3547 1463 3607 1509 et
3640 1468 3860 1508 aroma-

2260 1569 2373 1614 tum
2432 1557 2660 1612 ﬁebant.
2716 1555 2875 1612 Unde
2915 1554 3139 1621 dicitur,
3180 1563 3228 1607 et
3271 1555 3432 1625 juxta
3478 1550 3859 1605 combustiones

2256 1654 2519 1723 majorum
2551 1650 2743 1717 facient
2775 1648 2886 1703 tibi.

2330 1746 2482 1816 (Cap.
2505 1742 2672 1800 XVII.
2692 1742 2931 1798 ——Vers.
2959 1743 3042 1812 3.)
3079 1740 3143 1794 Et
3172 1738 3455 1793 ambulavit
3486 1738 3539 1791 in
3564 1737 3659 1791 viis
3686 1733 3858 1789 David

628 1840 812 1910 (Vers.
854 1839 976 1913 20.)
1032 1841 1246 1909 Accepit
1293 1838 1574 1893 Maacltam
1620 1838 1787 1907 ﬁliam
1840 1834 2147 1890 Abessalon.
2180 1827 2228 1888 B
2257 1839 2472 1909 primis:
2508 1838 2561 1892 id
2587 1845 2691 1903 est,
2727 1845 3019 1907 antequam
3049 1842 3332 1905 peccasset
3361 1830 3553 1888 David.

551 1935 669 1991 Non
697 1943 783 1989 est
814 1935 918 1989 iste
943 1932 1252 1989 Abessalon
1286 1933 1433 1987 ﬁlius
1465 1930 1668 1997 David,
1703 1931 1797 1986 sed
1831 1926 2151 1999 alius,quod

547 2030 603 2082 in
635 2026 841 2096 Regum
882 2026 1160 2080 volumine
1212 2026 1648 2080 demonstratur.

616 2120 771 2191 (Cap.
806 2118 1011 2173 Xl|.—
1037 2118 1198 2174 γει-ς.
1242 2118 1357 2186 15.)
1422 2117 1634 2188 Scripta
1657 2127 1775 2171 sunt
1806 2118 1861 2170 in
1888 2116 2019 2171 libro
2048 2116 2149 2171 Se-

549 2212 698 2265 meiaz
728 2209 1030 2283 PrOphetaz,
1063 2219 1112 2264 et
1149 2209 1299 2263 Addo
1329 2210 1563 2263 videntis.
1598 2208 1753 2264 Hunc
1782 2208 1961 2273 Addo,
1990 2222 2151 2277 supe-

547 2305 666 2359 rius
696 2303 871 2359 Jaddo
902 2304 1225 2358 nominavit.

615 2398 771 2470 (Cap.
810 2397 1314 2467 BIL—Versa.)
1362 2397 1516 2453 Stetit
1554 2398 1687 2451 Abia
1730 2413 1887 2469 super
1924 2404 2149 2450 montem

546 2490 869 2547 Samaraim.
932 2488 1085 2543 Multi
1138 2496 1332 2558 putant
1376 2489 1481 2543 hoc
1525 2486 1595 2542 dc
1638 2487 1882 2543 Samaria
1914 2485 2144 2549 dictum,

542 2584 687 2655 quod
721 2600 826 2638 non
860 2591 1041 2653 petest
1065 2598 1208 2657 esse.
1252 2582 1378 2637 Fuit
1409 2584 1557 2637 enim
1585 2596 1743 2635 mons
1776 2582 1828 2635 in
1857 2580 2144 2651 Ephraim,

541 2677 687 2733 haud
724 2677 970 2747 procula
994 2676 1270 2741 Carmelo,
1306 2676 1395 2729 ubi
1428 2675 1527 2728 fuit
1556 2674 1727 2728 Elias.

617 2768 799 2838 (Vers.
838 2766 920 2837 5.)
954 2767 1067 2838 Ipsi
1099 2778 1145 2821 et
1173 2769 1299 2838 ﬁliis
1321 2770 1433 2838 ejus
1461 2776 1670 2835 pactum
1693 2766 1844 2822 salis.
1918 2767 2143 2821 Pactum

537 2861 673 2918 salis
724 2863 777 2915 in
836 2859 1164 2929 quibusdam
1228 2860 1365 2914 locis
1415 2874 1514 2927 pro
1560 2860 1676 2929 lege
1724 2857 1970 2927 ponitur,
2024 2872 2146 2927 qua:

540 2953 789 3010 omnium
842 2953 1255 3008 condimentum
1306 2962 1421 3017 est,
1455 2958 1511 3005 et
1542 2952 1591 3003 in
1625 2949 1728 3005 hoc
1759 2952 1878 3005 loco
1909 2965 2008 3019 pro
2038 2950 2147 3003 Do-

539 3062 634 3102 mo
667 3047 861 3109 David,
893 3048 985 3115 qui
1019 3047 1277 3101 universo
1309 3044 1499 3099 lsraeli
1531 3043 1944 3097 condimentum
1976 3041 2097 3095 fuit.

613 3138 794 3209 (Vers.
829 3137 909 3206 7.)
944 3136 1113 3191 Porro
1148 3138 1376 3191 Iloboam
1416 3144 1527 3188 erat
1560 3133 1705 3187 rudis
1744 3143 1792 3186 et
1816 3132 1970 3186 corde
2001 3132 2148 3203 pavi-

540 3234 628 3287 do.
669 3231 808 3299 Quia
839 3230 1072 3286 Semeite
1104 3230 1393 3299 Propheta:
1420 3230 1589 3283 verba
1618 3228 1893 3282 extimuit.

616 3324 797 3395 (Vers.
830 3324 912 3395 9.)
962 3321 1029 3377 In
1072 3334 1222 3376 tauro
1263 3332 1312 3375 et
1346 3320 1591 3375 arietibus
1627 3330 1819 3391 septem
1847 3335 2142 3375 consecra-

541 3420 745 3474 bantur
763 3416 1143 3483 manusillius,
1175 3416 1264 3485 qui
1296 3414 1557 3469 sacerdos
1579 3413 1794 3467 futurus
1819 3422 1958 3468 erat.
1986 3413 2141 3468 Hunc

542 3512 691 3567 enim
724 3524 939 3566 morem
969 3507 1264 3564 .leroboam
1299 3514 1517 3576 ceperat
1549 3506 1615 3559 ad
1657 3504 1974 3560 sacerdotes
2026 3505 2143 3561 ido-

538 3604 719 3659 lorum
751 3600 1178 3658 consecrandos.

617 3694 804 3763 (Vers.
842 3692 954 3764 17.)
987 3691 1054 3747 Ει
1087 3700 1391 3746 corruerunt
1412 3690 1667 3744 vulnerati
1708 3705 1772 3743 ex
1797 3687 1965 3744 Israel
1989 3690 2139 3761 quiu-

534 3788 788 3862 quaginta
818 3786 988 3840 millia
1008 3786 1231 3840 virorum
1265 3784 1499 3855 fortium.
1541 3782 1607 3837 Ili
1638 3781 1892 3837 nimirum
1924 3782 2016 3852 qui
2042 3796 2138 3836 an-

540 3892 597 3937 te
628 3882 830 3936 idoium
864 3887 1230 3935 curvaverant
1250 3891 1425 3948 genua
1450 3891 1568 3929 sua.
1622 3874 1962 3944 Prmccptum
1991 3875 2137 3929 enim

539 3984 659 4030 erat
686 3977 741 4028 in
774 3973 915 4042 lege,
950 3980 1009 4026 ut
1036 3972 1080 4025 si
1110 3971 1236 4041 quis
1264 3968 1470 4024 idolum
1497 3968 1777 4034 adoraret,
1809 3978 2133 4023 moreretur.

615 4067 801 4136 (Vers.
833 4064 947 4134 19.)
1010 4061 1079 4117 Et
1115 4062 1249 4133 cepit
1284 4059 1468 4114 Bethel
1511 4069 1558 4113 et
1594 4059 1735 4129 ﬁlias
1758 4061 1892 4130 ejus.
1946 4057 2139 4114 Bethcl

538 4163 657 4233 ipsa
686 4169 789 4224 est,
827 4161 1006 4229 inqua
1031 4164 1295 4226 posuerat
1316 4154 1610 4209 Jeroboam
1636 4153 1887 4207 vitulum.
1921 4151 2138 4223 Ephron

542 4272 745 4327 quoque
772 4264 818 4309 et
850 4254 987 4322 ﬁlias
1017 4253 1147 4323 ejus.
1199 4248 1419 4318 Ephron
1452 4248 1567 4316 ipsa
1598 4255 1683 4301 est
1714 4245 1955 4301 Sicbem.

614 4349 773 4419 (Cap.
797 4345 1174 4402 XV.——Vers.
1213 4342 1290 4413 1.)
1322 4341 1540 4397 Azarias
1567 4348 1738 4395 autem
1770 4341 1911 4408 ﬁlius
1941 4338 2131 4395 Odet/t.

546 4440 723 4496 Odetb
757 4440 875 4509 ipse
905 4448 991 4493 est
1013 4435 1188 4492 Jaddo
1210 4479 1225 4502 ,
1258 4437 1348 4505 qui
1382 4436 1449 4490 ad
1482 4433 1771 4489 Jeroboam
1802 4432 2005 4487 missus
2030 4444 2138 4489 est.

617 4531 800 4603 (Vers.
832 4529 927 4600 5.)
967 4530 1032 4582 In
1078 4538 1302 4600 tempore
1332 4528 1426 4581 illo
1471 4544 1573 4581 nou
1601 4528 1697 4581 erit
1727 4543 1831 4596 pax
1855 4526 2137 4598 egredienti

2331 1932 2515 2005 (Vers.
2552 1931 2669 2002 16.)
2702 1930 2831 1985 Post
2859 1931 3016 1984 istum
3035 1945 3238 2000 quoque
3263 1927 3507 1981 Amasias
3536 1925 3680 1996 ﬁlius
3702 1922 3855 1977 Zacri

2257 2034 2588 2082 consecratur
2629 2023 2902 2078 Domino:
2948 2039 3016 2079 eo
3055 2022 3202 2093 quod
3240 2030 3392 2077 esset
3428 2019 3498 2075 de
3531 2018 3679 2073 tribu
3707 2016 3851 2073 Issa-

2257 2121 2391 2177 char
2421 2129 2477 2175 et
2508 2128 2655 2176 esset
2686 2118 2908 2173 doctor.

2329 2211 2485 2287 (Cap.
2519 2208 2969 2266 XVIII.—Vers.
2998 2206 3118 2279 58.)
3164 2205 3337 2262 Porro
3368 2222 3461 2261 rea;
3488 2205 3661 2261 Israel
3685 2204 3851 2260 stabat

2252 2306 2307 2359 in
2334 2320 2490 2358 curru
2514 2318 2611 2357 suo
2633 2311 2813 2356 contra
2833 2300 3029 2371 Syros,
3048 2314 3211 2369 usque
3234 2298 3302 2351 ad
3324 2313 3615 2369 vesperum,
3645 2307 3693 2350 et
3714 2312 3853 2350 mor-

2252 2409 2370 2453 tuus
2410 2408 2484 2453 est
2531 2397 2793 2451 occidente
2834 2395 2962 2449 sole.
3032 2396 3274 2462 Accepto
3323 2392 3556 2446 vulnere
3606 2390 3848 2454 mortali,

2246 2492 2415 2562 jussit
2460 2506 2522 2546 se
2568 2491 2766 2554 teneri,
2814 2504 2882 2544 ne
2924 2484 3441 2558 deprehenderetur
3469 2484 3542 2539 ab
3569 2482 3847 2547 hostibus,

2249 2587 2393 2658 quod
2426 2587 2752 2640 vulneratus
2797 2591 2969 2649 esset,
3023 2591 3077 2636 et
3120 2580 3271 2635 illius
3310 2579 3466 2634 ruina
3511 2587 3570 2632 et
3600 2575 3852 2631 hostibus

2248 2681 2570 2744 victoriam,
2629 2691 2685 2734 et
2737 2678 2938 2749 populo
2992 2676 3292 2747 periculum
3345 2674 3484 2743 fuga:
3543 2672 3850 2728 incuteret.

2248 2772 2551 2829 Occidente
2580 2773 2697 2827 sole
2726 2778 2975 2825 mortuus
3003 2776 3109 2835 est,
3142 2777 3203 2823 ut
3232 2778 3392 2823 nocte
3416 2765 3743 2837 prmsidium
3771 2764 3849 2819 luo

2247 2881 2331 2937 gae
2364 2881 2478 2920 suae
2509 2863 2740 2932 populus
2765 2861 3016 2918 haberet.

2320 2957 2477 3027 (Cap.
2508 2954 2919 3012 XlX.—Vers.
2949 2952 3032 3023 2.)
3076 2952 3217 3007 Jehu
3257 2951 3402 3023 ﬁlius
3438 2951 3649 3004 Ariani:
3704 2950 3849 3005 illius

2248 3050 2510 3106 videlicet
2541 3047 2856 3114 Prophetm,
2886 3046 2977 3118 qui
3002 3046 3071 3102 ab
3103 3045 3210 3100 Asa
3243 3060 3371 3115 rege
3399 3043 3427 3099 J
3437 3043 3539 3097 uda
3569 3043 3625 3098 in
3654 3057 3846 3098 carce-

2248 3156 2364 3197 rem
2399 3141 2601 3195 missus
2628 3147 2731 3194 est.

2320 3233 2478 3306 (Cap.
2510 3230 2893 3287 XX.—Vers.
2929 3230 3011 3300 1.)
3043 3227 3371 3295 FiliiMoab,
3399 3236 3446 3281 et
3468 3226 3567 3296 ﬁlii
3597 3228 3845 3292 Ammon,

2247 3335 2294 3379 et
2335 3340 2451 3378 cum
2486 3325 2570 3377 eis
2614 3324 2678 3378 de
2726 3322 3059 3377 Ammonitis.
3144 3320 3524 3385 Ammonitas,
3572 3318 3846 3375 Idumam:

2248 3420 2360 3473 vult
2387 3417 2640 3487 intelligi,
2670 3418 2795 3487 quia
2823 3416 2893 3472 ob
2928 3415 3291 3472 reverentiam
3327 3413 3557 3469 fraterni
3581 3414 3844 3481 nominis,

2245 3512 2509 3567 nolebant
2560 3512 2612 3565 in
2663 3510 2900 3581 pristino
2951 3509 3138 3565 habitu
3184 3524 3336 3563 arma
3380 3523 3603 3564 movere
3645 3517 3843 3564 contra

2242 3606 2407 3662 Israel
2434 3650 2448 3674 ,
2492 3604 2589 3660 sed
2619 3604 3077 3676 transﬁgurabant
3105 3618 3166 3660 se
3190 3603 3243 3657 in
3279 3602 3526 3657 habitum
3556 3602 3844 3658 Ammoni-

2244 3707 2447 3753 tarum.

2314 3790 2500 3861 (Vers.
2531 3790 2613 3862 2.)
2644 3790 2724 3845 De
2751 3791 2829 3846 his
2858 3790 2987 3844 locis
3017 3804 3133 3860 qua:
3160 3797 3302 3844 trans
3334 3805 3477 3843 mare
3504 3798 3661 3843 sunt:
3691 3804 3841 3846 mare

2242 3885 2561 3942 Salinarum
2595 3892 2699 3950 est,
2736 3884 2827 3940 ubi
2857 3883 3115 3939 Jordanis
3145 3881 3345 3938 inﬂuit.

2315 3980 2500 4052 (Vers.
2528 3980 2609 4050 5.)
2638 3980 2772 4034 Ante
2792 3980 2980 4033 atrium
3008 3994 3215 4033 novum.
3259 3976 3477 4033 Atrium
3508 3994 3711 4033 novum
3744 3993 3837 4032 vo-

2242 4082 2349 4137 cat,
2382 4072 2431 4126 id
2461 4081 2581 4140 est,
2620 4072 2840 4135 atrium,
2893 4070 3038 4142 quod
3076 4068 3352 4140 peccando
3376 4078 3535 4125 vetus
3569 4070 3836 4135 iecerant,

2240 4172 2297 4221 et
2322 4163 2643 4234 paenitendo
2673 4162 2740 4217 ad
2768 4162 3055 4234 pristinam
3088 4163 3389 4217 novitatem
3418 4160 3780 4218 reduxerant.

2313 4256 2493 4329 (Vers.
2520 4255 2604 4329 9.)
2659 4255 2866 4310 Nomen
2899 4257 3034 4309 enim
3068 4265 3214 4309 tuum
3251 4256 3306 4310 in
3330 4254 3484 4309 domo
3511 4256 3636 4312 ista.
3684 4254 3837 4324 Quod

2239 4349 2506 4419 scriptum
2532 4356 2653 4405 erat
2678 4348 2732 4404 in
2760 4348 2939 4404 fronte
2970 4348 3280 4414 Pontiﬁcis,
3305 4348 3422 4403 sive
3450 4347 3502 4401 in
3534 4348 3839 4403 vestimen-

2243 4452 2298 4498 to
2340 4441 2570 4512 Ephod,
2614 4440 2761 4511 quod
2790 4441 2842 4496 in
2882 4440 3244 4511 sequentibus
3275 4447 3632 4497 monstratur.
3682 4441 3837 4496 Idem

2240 4535 2394 4591 locus
2419 4534 2609 4591 Jeruel
2637 4542 2863 4589 vocatus
2893 4546 2975 4589 εει
2997 4534 3066 4588 ab
3092 4549 3153 4589 ea
3177 4533 3289 4601 die,
3320 4533 3372 4588 id
3397 4538 3500 4596 est,
3528 4532 3683 4586 timor
3712 4531 3838 4589 Dei.

537 4634 583 4677 et
614 4621 946 4694 ingredienti.
978 4620 1225 4675 Tradunt
1251 4620 1353 4673 hoc
1376 4620 1769 4689 quinquaginta
1800 4618 2015 4674 duobus
2040 4634 2135 4673 an-
2161 4603 2217 4663 Ῑ)
2311 4629 2497 4700 (vers,
2526 4628 2645 4701 σέο.)
2680 4628 2889 4702 Egressi
2918 4637 3035 4684 sum
3066 4645 3157 4699 ριν
3183 4629 3440 4684 desertum
3464 4625 3686 4682 Tim“,
3722 4627 3837 4685 un-

534 4717 623 4773 nis
666 4726 784 4786 post
818 4715 1169 4771 eversionem
1203 4714 1390 4781 templi
1423 4713 1735 4783 impletum,
1765 4714 1837 4768 ita
1870 4724 1930 4768 ut
1961 4716 2015 4768 in
2052 4714 2138 4768 his

539 4809 936 4882 quinquaginta
965 4807 1180 4863 duobus
1210 4805 1390 4871 annis,
1425 4821 1524 4862 nec
1550 4806 1665 4861 avis
1692 4807 1989 4875 vulavcrit,
2034 4823 2134 4865 nec

535 4902 711 4957 bestia
761 4899 1144 4971 pertransierit
1175 4913 1274 4970 per
1298 4897 1646 4955 Jerusalem:
1698 4908 1755 4954 et
1776 4898 1946 4955 Israel
1974 4899 2136 4956 fuerit

538 4993 746 5061 absque
777 5000 803 5028 ⁸
836 5007 955 5061 spe,
989 5001 1046 5046 et
1071 5006 1266 5045 omnes
1295 5000 1489 5061 gentes
1516 4990 1569 5044 in
1602 4991 2044 5047 conturbatione.

612 5086 796 5155 (Vers.
827 5085 908 5156 8.)
964 5084 1030 5138 Et
1082 5085 1359 5153 mdiﬁcavit
1407 5086 1569 5138 altare
1598 5084 1830 5151 Domini,
1859 5086 1999 5156 quod
2025 5095 2135 5141 erat

535 5190 655 5236 ante
686 5181 963 5251 porticum.
1016 5177 1153 5233 lllud
1178 5177 1413 5245 scilicet,
1445 5179 1592 5249 quod
1623 5194 1652 5233 a
1682 5178 1976 5237 Salomone
2003 5196 2135 5237 con-

528 5281 799 5328 structum
832 5272 1029 5335 fuerat,
1063 5270 1367 5325 renovavit.

602 5365 788 5435 (Vers.
824 5362 940 5433 15.)
975 5361 1043 5415 1η
1067 5378 1217 5415 omne
1247 5362 1385 5415 enim
1411 5363 1567 5418 corde
1585 5380 1682 5419 suo
1712 5364 2033 5432 iuraverunt.
2073 5367 2129 5423 In

529 5461 722 5527 corde,
756 5456 1065 5529 injejunio,
1095 5466 1151 5512 et
1183 5456 1237 5511 in
1270 5455 1595 5525 afﬂictione,
1624 5458 1677 5513 in
1727 5460 2039 5529 voluntate,
2073 5463 2124 5518 in

526 5552 903 5622 eleemosyna.

597 5642 783 5712 (Vers.
816 5638 931 5712 16.)
981 5641 1089 5698 Sed
1133 5650 1183 5697 et
1237 5639 1515 5695 Maacham
1564 5650 1781 5696 matrem
1828 5643 1933 5700 Asa
1962 5647 2117 5719 regis.

2239 4722 2307 4777 de
2327 4721 2427 4776 fuit
2460 4721 2756 4777 Thecuites
2788 4722 3009 4777 femina.

2312 4815 2494 4887 (Vers.
2524 4814 2647 4883 2|.)
2678 4814 3007 4884 Couﬁtemini
3031 4812 3279 4882 Domino,
3323 4815 3574 4884 quoniam
3603 4816 3661 4870 iu
3690 4826 3840 4871 teter-

2239 4923 2360 4961 num
2392 4907 2758 4962 misericordia
2788 4910 2923 4980 ejus.
2948 4906 3159 4963 Idcirco
3180 4907 3357 4974 deest,
3394 4908 3597 4974 bonus,
3627 4910 3753 4979 quia
3784 4908 3834 4963 in

2239 4999 2339 5054 hac
2368 5014 2429 5055 re
2473 5015 2579 5055 non
2614 5001 3092 5057 mansuetudinem
3123 5017 3303 5069 suam,
3340 5016 3447 5072 qua
3473 5017 3671 5059 omnes
3702 5003 3839 5059 tale.

2238 5103 2345 5159 rat,
2378 5092 2473 5147 sed
2501 5092 2764 5163 judicium
2794 5095 3065 5150 exercuit.

2312 5185 2408 5260 (Vt
2421 5202 2498 5241 rs.
2529 5186 2647 5259 26.)
2698 5187 3021 5241 Vocauerunt
3049 5189 3220 5242 locum
3246 5186 3397 5241 illum
3428 5188 3580 5245 vallis
3609 5189 3841 5245 Benedi-

2235 5278 2442 5334 ctionis.
2499 5277 2666 5333 Vallis
2711 5278 3146 5347 Benedictionis,
3204 5280 3322 5350 ipse
3373 5290 3460 5338 est
3501 5280 3715 5350 Jeruel,
3768 5283 3841 5339 de

2233 5388 2341 5445 quo
2372 5387 2534 5443 supra
2564 5371 2766 5429 dictum
2795 5383 2897 5429 est.

2307 5440 2492 5537 (Vers.
2523 5464 2643 5536 51.)
2674 5464 2881 5520 Nomen
2927 5440 3123 5520 matris.
3153 5466 3271 5537 ejus
3317 5466 3499 5522 Azuba
3524 5466 3639 5537 ﬁlia
3668 5467 3839 5525 Silai.

2234 5558 2368 5614 Silai
2400 5562 2819 5628 interpretatur,
2852 5561 3037 5614 missus
3061 5601 3076 5626 ,
3118 5559 3237 5629 ij'se
3266 5571 3352 5616 est
3382 5561 3561 5618 Anani
3583 5562 3842 5634 Prophe.

2230 5659 2335 5718 tes,
2374 5650 2515 5706 illius
2543 5650 2741 5719 Jaddo,
2786 5651 2855 5707 de
2898 5667 3008 5724 quo
3056 5653 3309 5724 superius
3333 5653 3545 5713 dictum
3576 5666 3684 5714 est.
3726 5658 3838 5727 Qui

598 5830 619 5856 ⁸
660 5822 1006 5879 Ambrosian.
1042 5827 1246 5889 codex,
1282 5824 1444 5895 fuerit
1473 5826 1664 5898 absque
1685 5827 1817 5899 ipsa.
1853 5829 1974 5888 Mox
1997 5845 2234 5906 quoque,
2265 5842 2310 5889 et
2338 5832 2614 5898 dedicarit,
2647 5847 2748 5905 pro
2774 5833 3067 5903 adiﬁcavit.
