4006 6334
206 348 231 400 1
241 348 356 402 593

929 352 1392 419 ρυΔΕδΤΙΟΝΕΞ
1430 354 1521 409 HE
1533 354 1789 413 BRAlCdi

1906 357 1933 414 η
1972 357 2106 413 LIB.
2150 359 2194 415 ll
2231 357 2841 418 PARALIPOMENON.

3386 369 3407 423 1
3419 367 3528 425 594

202 461 425 517 idcirco
461 465 668 522 missus
692 477 912 523 vocatus
932 477 1036 535 est,
1061 484 1127 524 eo
1158 469 1304 538 quod
1330 468 1398 524 ad
1428 479 1637 540 patrem
1664 470 1823 527 Josa-
1848 475 1898 534 Λ
1928 470 2159 541 Domini,
2191 476 2245 530 id
2273 486 2359 531 est
2389 520 2404 545 ,
2432 479 2681 549 quamvis
2722 482 3021 537 necessarii
3051 482 3164 538 sint
3189 484 3259 539 ad
3291 484 3531 555 implen-

202 554 346 625 pliat
380 572 656 626 generum
686 576 867 627 suum,
898 560 963 615 ad
993 559 1431 631 prophetaudum
1456 562 1661 618 missus
1682 564 1772 620 sit.

282 644 484 716 (Vers.
522 648 637 721 57.)
671 649 1009 723 Prophetavit
1074 650 1283 708 Eliezer
1352 653 1494 722 ﬁlius
1566 655 1816 710 Deda/tu.

201 739 448 796 Dodaliu
505 742 828 816 intelligitur
893 744 1037 801 ﬁlius
1104 747 1359 802 avunculi
1397 748 1515 817 ejus
1556 747 1821 820 Josopliat

201 832 412 889 fuisse.

274 926 448 998 (Cap.
488 927 902 987 XXl.—Vers.
931 932 1014 1004 2.)
1070 930 1257 987 Omnes
1316 934 1372 987 lii
1410 933 1513 1004 ﬁlii
1562 934 1817 1007 Josapliat

197 1018 343 1090 regis
373 1017 572 1077 Iuda:
610 1022 739 1092 quia
770 1024 1125 1080 imitabantur
1153 1042 1321 1096 opera
1351 1030 1495 1099 regis
1515 1026 1815 1100 Josaphat:

192 1108 326 1165 ideo
376 1111 701 1183 duplicatur
762 1130 888 1171 cum
936 1116 1164 1187 dicitur,
1243 1119 1431 1175 Omnes
1480 1122 1564 1175 isti
1594 1123 1691 1190 ﬁlii
1720 1121 1818 1178 Jo-

200 1202 423 1276 saphat.

269 1295 471 1367 (Vers.
508 1296 589 1371 6.)
626 1299 923 1356 Ambulavit
959 1300 1146 1357 Joram
1190 1303 1242 1359 in
1273 1307 1367 1361 viis
1396 1323 1575 1380 regum
1608 1307 1812 1379 Israel,

197 1390 342 1442 sicut
393 1401 580 1462 egerat
627 1392 813 1447 domus
859 1393 1029 1451 Ahab.
1087 1395 1234 1451 Filia
1281 1400 1471 1470 quippe
1516 1400 1664 1455 Altab
1704 1412 1816 1458 erat

194 1496 333 1535 uxor
374 1483 522 1552 ejus.
574 1483 793 1541 Athalia
836 1498 955 1542 erat
998 1503 1137 1543 uxor
1173 1489 1313 1559 ejus,
1347 1506 1469 1562 qum
1493 1509 1600 1548 non
1633 1496 1807 1563 Aliab,

194 1573 295 1629 sed
318 1575 479 1630 Amri
515 1577 626 1633 ﬁlia
657 1589 796 1647 erat,
828 1582 923 1637 sed
953 1583 1261 1639 imitatione
1290 1583 1459 1652 illius,
1483 1586 1589 1643 ﬁlia
1620 1599 1811 1646 vocata

1926 567 2055 622 dum
2086 583 2244 639 Opus,
2276 571 2327 625 id
2356 581 2458 637 est,
2486 573 2549 628 ad
2587 573 3017 632 conﬁrmandum
3047 594 3232 648 regem
3269 598 3282 635 :
3325 582 3526 636 obser-

1926 674 2055 717 vent
2087 675 2267 721 tamen
2296 668 2571 724 custodias
2618 670 2867 739 Domini,
2907 688 2974 726 ne
3023 674 3142 743 quis
3199 685 3525 732 exterarum

1924 759 2260 828 ingrediatur
2288 761 2464 818 locum
2492 806 2506 829 ,
2560 781 2723 835 quem
2768 767 2978 837 ingredi
3011 785 3120 825 non
3148 769 3387 839 debent,
3420 770 3529 827 nisi

1923 854 2240 910 sacerdotes
2266 866 2322 910 et
2359 857 2589 914 Leviter.

1995 944 2177 1016 (Vers.
2207 948 2319 1019 11.)
2348 947 2715 1020 Imposuerunt
2740 969 2894 1025 super
2919 970 3036 1009 eum
3065 956 3305 1010 diadema
3334 966 3382 1010 et
3414 964 3522 1010 tes-

1920 1038 2216 1093 timonium.
2246 1039 2643 1099 TeSIinionium
2673 1056 2831 1100 erant
2855 1046 3201 1119 Pliylacteria
3228 1088 3243 1113 ,
3279 1062 3345 1103 eo
3370 1048 3525 1118 quod

1920 1130 1972 1184 in
2024 1130 2134 1185 illis
2184 1132 2372 1188 decem
2423 1135 2587 1190 verba
2643 1135 2778 1207 legis
2820 1148 3025 1194 essent.
3084 1138 3361 1210 Unxitque
3398 1154 3520 1193 eum

1916 1219 2110 1277 Joiada
2126 1226 2363 1295 pontifex
2392 1235 2440 1280 et
2467 1225 2566 1295 ﬁlii
2592 1231 2724 1301 ejus.
2746 1228 3063 1284 Zachariam
3092 1230 3247 1296 dicit,
3267 1229 3361 1299 qui
3395 1244 3520 1299 pro-

1918 1315 2078 1385 pheta
2107 1325 2225 1370 erat
2252 1358 2267 1382 ,
2298 1332 2460 1386 quem
2488 1328 2675 1388 postea
2700 1320 2844 1376 idem
2870 1320 3001 1376 Joas
3033 1320 3337 1387 interiecit,
3369 1329 3427 1375 ut
3449 1321 3521 1375 ad

1916 1422 2171 1475 magnum
2217 1408 2581 1467 damnationis
2607 1414 2725 1483 ejus
2754 1414 3055 1484 pertineret
3079 1415 3094 1444 ¹
3121 1422 3471 1484 augmentum
3496 1457 3513 1481 ,

1915 1515 2037 1555 eum
2072 1501 2402 1570 interﬁcere,
2432 1504 2525 1574 qui
2551 1520 2611 1561 se
2632 1505 2688 1560 in
2715 1522 2897 1575 regem
2927 1516 3178 1561 unxerat.

1985 1595 2168 1665 (Vers.
2226 1596 2339 1668 15.)
2403 1597 2538 1653 Vidit
2595 1617 2762 1673 regem
2810 1610 3031 1655 stantem
3084 1616 3240 1669 super
3293 1601 3516 1672 gradum

192 1675 299 1723 est.
334 1666 504 1766 [inde
534 1683 589 1726 ei
612 1672 895 1766 inReguin
922 1674 1122 1733 dicitur
1148 1676 1217 1733 de
1238 1676 1445 1733 Joram:
1472 1677 1599 1734 Erat
1620 1682 1812 1754 quippe
1910 1707 2059 1745 “mm
2088 1706 2107 1745 ε
2156 1666 2327 1761 ευρριέ
2349 1666 2672 1749 οοιυηιηειηί
2700 1693 2957 1750 videlicet
2982 1739 2995 1763 ,
3039 1666 3200 1766 quam
3251 1666 3513 1752 Salomon

192 1776 353 1828 gener
384 1763 581 1817 domus
609 1765 776 1820 Aliab.

1910 1794 2310 1853 praeparaverat
2350 1786 2566 1855 regibus
2595 1787 2648 1841 in
2682 1786 2931 1842 Basilica.

268 1851 465 1924 (Vers.
504 1856 623 1927 11.)
655 1856 877 1931 Insuper
915 1864 1117 1918 excelsa
1157 1867 1442 1937 fabricatus
1474 1878 1566 1922 est.
1634 1869 1807 1925 Pleri-
1837 1864 1885 1924 B
1913 1851 1927 1853 _
1986 1874 2167 1946 (Vers.
2200 1876 2316 1946 16.)
2346 1851 2755 1950 Pepigitloiada
2770 1879 2934 1949 foedus
2960 1880 3092 1933 inter
3116 1896 3169 1934 se
3189 1880 3515 1934 universaru-

193 1959 303 2015 que
346 1957 550 2016 putant
594 1952 647 2007 in
680 1952 845 2009 domo
885 1955 1100 2013 Domini
1138 1959 1288 2015 illiilli
1328 1962 1543 2020 excelsa
1572 1963 1809 2021 fabrica—

195 2046 307 2092 tum
338 2038 543 2110 fuisse,
578 2059 699 2114 quae
727 2046 830 2101 sita
858 2059 943 2103 est
974 2049 1027 2104 in
1060 2062 1247 2108 monte
1275 2053 1443 2110 Moria
1466 2099 1481 2124 ,
1513 2058 1660 2127 quod
1692 2073 1807 2114 ma-

197 2131 455 2192 nifestius
485 2138 540 2192 in
568 2140 738 2209 gestis
768 2141 1019 2201 Manasse
1047 2148 1193 2219 regis
1222 2152 1547 2207 ostenditur.

267 2228 461 2299 (Vers.
498 2232 619 2303 17.)
672 2235 787 2290 Nec
833 2241 1079 2294 remansit
1121 2243 1193 2296 eis
1237 2242 1383 2313 ﬁlius
1413 2246 1513 2300 nisi
1543 2246 1798 2303 Joachaz.

195 2318 459 2391 Joachaz,
484 2324 607 2395 ipse
636 2337 721 2382 est
747 2328 1034 2400 Aebazias,
1060 2342 1215 2402 pater
1236 2334 1385 2402 Joas,
1420 2338 1560 2394 ﬁlius
1589 2338 1798 2410 Joram,

195 2412 355 2483 cujus
387 2430 559 2472 soror
588 2417 687 2474 fuit
715 2419 1002 2480 Josahetli.
1063 2424 1321 2483 Josaheth
1376 2446 1507 2486 vero
1547 2448 1656 2487 non
1705 2434 1803 2489 l'iiit

195 2504 306 2562 ﬁlia
355 2508 628 2580 Athalitc,
676 2514 774 2570 sed
821 2516 889 2572 de
937 2518 1042 2573 alia
1074 2536 1245 2577 uxore
1275 2525 1519 2596 suscepit
1558 2541 1681 2582 eam
1712 2527 1802 2583 Jo-

192 2612 332 2654 ram.
382 2601 637 2671 Quaestio
666 2607 826 2665 valde
854 2612 1124 2682 perplexa
1156 2614 1426 2671 oboritur.
1481 2618 1623 2675 Dicit
1652 2624 1797 2676 enim

193 2707 455 2765 regnasse
502 2698 693 2756 Joram
736 2714 863 2759 octo
885 2706 1065 2775 annis,
1102 2718 1156 2763 et
1179 2709 1383 2767 vixisse
1412 2728 1537 2767 eum
1565 2716 1799 2784 quadra-

189 2790 333 2858 ginta
365 2794 571 2851 annis:
606 2807 662 2852 et
698 2797 831 2854 dicit
870 2799 1042 2855 ﬁlium
1073 2802 1193 2873 ejus
1222 2804 1518 2862 Achaziam
1550 2824 1672 2864 cum
1706 2826 1797 2867 re-

188 2900 353 2954 gnare
366 2891 659 2960 coepisset,
680 2891 847 2949 fuisse
870 2895 1225 2967 quadraginta
1248 2898 1481 2955 duorum
1500 2916 1791 2959 annorum.

189 2979 338 3048 Quod
369 2983 419 3038 si
456 2983 536 3039 ita
570 2993 674 3052 est,
712 2986 930 3043 duobus
971 2989 1130 3044 annis
1156 2999 1449 3062 antequam
1479 2993 1598 3066 ipse
1634 3005 1794 3053 natus

188 3082 291 3139 est,
324 3074 442 3145 ipse
473 3077 635 3132 illum
660 3080 871 3150 genuit.
914 3079 1071 3149 Quod
1106 3082 1210 3138 nisi
1233 3084 1501 3154 solvatur,
1527 3103 1688 3155 quam
1722 3089 1794 3144 sit

188 3167 501 3238 ridiculum,
528 3173 695 3229 etiam
727 3174 959 3244 simplex
993 3176 1163 3232 lector
1189 3177 1448 3234 advertit.
1490 3180 1611 3250 Ipse
1642 3182 1786 3237 enim

1912 1988 2010 2042 que
2048 1973 2299 2045 pOpulum
2343 1982 2389 2028 et
2444 1990 2635 2044 regem.
2688 1974 2759 2029 Sc
2799 1974 2853 2028 iii
2898 1974 3018 2029 loco
3063 1974 3203 2045 legis
3259 1984 3316 2030 et
3375 1974 3510 2040 Dei,

1909 2065 2112 2134 quippe
2156 2066 2248 2135 qui
2298 2067 2551 2123 minister
2590 2068 2686 2122 Dei
2730 2077 2879 2135 erat,
2914 2067 3192 2122 collocaris
3222 2084 3237 2121 :
3272 2076 3329 2122 et
3352 2067 3511 2137 cujus

1909 2171 2107 2212 nomen
2147 2158 2539 2227 interpretatur
2562 2200 2577 2227 ,
2607 2158 2889 2213 Dominum
2934 2176 3261 2230 cognoscens.
3295 2157 3365 2212 Et
3407 2172 3508 2229 po-

1908 2249 2092 2319 pulum
2121 2258 2176 2305 et
2208 2268 2429 2321 regem:
2464 2263 2521 2307 ut
2549 2262 2603 2308 et
2630 2256 2928 2324 populuset
2950 2267 3049 2308 rex
3076 2252 3365 2307 obedirent
3392 2252 3505 2308 Deo

1907 2350 1962 2396 et
1992 2341 2095 2413 legi
2128 2342 2276 2413 ejus,
2306 2354 2360 2398 et
2383 2345 2617 2414 p0piilus
2644 2360 2769 2414 erga
2799 2360 2984 2414 regem
3017 2344 3254 2400 ﬁdeliter
3277 2353 3500 2414 ageret,

1906 2441 1961 2489 et
1998 2450 2094 2488 rex
2127 2435 2385 2505 populum
2408 2436 2761 2505 cumjustitia
2802 2445 3035 2505 regeret.

1978 2527 2161 2599 (Vers.
2197 2527 2310 2599 18.)
2337 2528 2445 2584 Sub
2492 2530 2731 2584 inanibus
2752 2532 3079 2584 sacerdotum
3103 2539 3150 2583 et
3180 2528 3501 2586 Levitarum.

1904 2618 1981 2676 Ne
2002 2619 2069 2675 de
2100 2620 2205 2674 alia
2232 2620 2374 2675 tribu
2405 2621 2734 2676 Sacerdotes
2756 2622 2952 2676 tierent
2975 2620 3079 2676 nisi
3110 2621 3177 2677 de
3202 2622 3351 2676 Levi.

1975 2712 2154 2785 (Vers.
2194 2711 2305 2783 19.)
2333 2711 2609 2768 Constituit
2636 2730 2835 2785 quoque
2846 2716 3105 2787 janitores
3134 2714 3186 2767 in
3219 2714 3379 2786 portis
3411 2714 3507 2767 do-

1904 2822 2015 2860 mus
2039 2806 2277 2875 Domini,
2326 2817 2378 2861 ut
2411 2825 2512 2863 non
2551 2810 2903 2879 ingrederetur
2929 2809 3228 2862 immundus
3267 2810 3318 2861 in
3362 2810 3501 2863 omni

1900 2917 1994 2965 re;
2028 2900 2078 2955 id
2100 2910 2184 2957 est
2214 2943 2229 2969 ,
2279 2912 2336 2957 ut
2367 2903 2680 2959 nullatenus
2707 2904 2813 2959 ulla
2845 2903 3132 2959 occasione
3182 2902 3501 2974 ingredere-

1900 3004 1986 3050 tur
2037 2995 2089 3049 in
2145 2995 2366 3052 domum
2424 2997 2639 3054 Domini
2719 3000 2917 3070 aliquis
2983 2999 3050 3055 de
3115 2999 3499 3056 sacerdotibus

1896 3090 2046 3146 Baal.

1894 3184 1906 3233 ἱ
1966 3183 2150 3256 (Vers.
2184 3185 2303 3256 21.)
2328 3184 2393 3238 Ει
2422 3185 2542 3240 urbs
2568 3187 2752 3257 quievit
2778 3187 2931 3251 ;sivc
2959 3186 3082 3256 quia
3107 3195 3333 3242 eatenus
3379 3188 3496 3243 ido-

185 3257 495 3335 loram,qui
523 3264 616 3320 hic
638 3266 996 3338 quadraginta
1015 3269 1174 3323 annis
1200 3270 1402 3327 vixisse
1425 3272 1785 3342 describitur,
1816 3262 1862 3325 C
1896 3277 2071 3333 lorum
2102 3279 2340 3335 cultibus
2380 3289 2629 3351 tempore
2665 3280 2893 3335 Atlialiae
2922 3281 3164 3351 inquieta
3198 3292 3348 3348 erat,
3378 3284 3497 3339 sive

188 3358 241 3405 ct
263 3364 386 3410 octo
416 3357 585 3412 annis
614 3373 873 3430 regnasse
895 3401 909 3424 ,
943 3362 1079 3415 vixit
1109 3375 1280 3417 annos
1309 3365 1691 3437 quadraginta,
1731 3379 1788 3424 et

186 3446 433 3514 regnavit
461 3446 658 3518 viginti
694 3458 751 3503 et
773 3458 921 3505 octo.
988 3450 1127 3507 Octo
1150 3452 1297 3507 enim
1328 3456 1478 3522 anni,
1524 3457 1616 3527 qui
1646 3459 1695 3513 ei
1729 3458 1783 3514 in

186 3550 346 3607 regno
376 3540 738 3609 tribuuntur,
783 3540 886 3610 ipsi
916 3552 1046 3598 sunt
1076 3552 1367 3615 antequam
1397 3546 1597 3604 fratres
1638 3552 1786 3607 occi-

184 3625 352 3699 deret,
384 3647 517 3687 cum
549 3630 729 3688 adhuc
760 3632 1088 3691 innocenter
1117 3638 1347 3693 viveret.
1419 3638 1618 3711 Viginti
1650 3658 1784 3698 vero

183 3721 327 3788 anni,
382 3724 591 3794 quibus
638 3725 920 3794 regnavit,
985 3726 1108 3783 ideo
1160 3744 1190 3782 a
1225 3744 1457 3787 numero
1486 3731 1605 3802 ejus
1633 3734 1783 3791 aule-

186 3822 390 3881 runtur,
436 3817 570 3886 quia
610 3817 664 3871 in
696 3817 957 3889 languore
987 3827 1043 3874 et
1073 3820 1125 3874 in
1169 3822 1524 3879 tribulatione
1556 3824 1783 3880 deduxit

185 3918 273 3959 eos
296 3926 308 3960 :
332 3906 455 3964 ideo
476 3908 599 3964 lilio
623 3910 742 3979 ejus
767 3912 1198 3985 tribuuntur,qui
1226 3930 1330 3971 non
1359 3918 1594 3987 amplius
1615 3935 1777 3990 quam

187 3997 364 4067 viginti
393 4001 537 4058 duos
570 4016 745 4057 annos
774 4001 1005 4072 habens,
1043 4022 1299 4076 regnasse
1330 4008 1674 4079 perhibetur,
1711 4028 1778 4067 ne

185 4088 248 4144 de
276 4107 630 4150 numerorum
661 4110 874 4150 summa
908 4110 1256 4156 remanentes
1281 4142 1294 4165 ,
1348 4118 1593 4158 errorem
1627 4104 1779 4159 inda-

186 4180 287 4249 gini
318 4194 628 4256 temporum
653 4187 918 4243 Iacerent.
952 4190 1218 4248 Acbazias
1247 4195 1392 4249 enim
1419 4196 1554 4250 vixit
1578 4196 1773 4265 viginti

187 4274 347 4330 tribus
375 4282 539 4336 annis
570 4325 583 4348 ,
647 4297 755 4336 uno
799 4290 1009 4338 tantum
1041 4298 1185 4339 anno
1220 4288 1489 4357 regnavit.
1536 4288 1774 4345 Collatio

186 4367 318 4423 enim
344 4370 598 4428 lectionis
630 4374 753 4429 libri
783 4374 991 4447 Regum
1027 4377 1151 4433 liuic
1180 4378 1459 4434 solvendae
1479 4383 1773 4451 quaestioni

187 4472 424 4530 maguum
458 4466 667 4535 priebet
695 4467 980 4523 auxilium.

251 4552 399 4625 (Cap.
432 4557 868 4615 XXIl.—Vcrs.
896 4559 978 4632 4.)
1020 4560 1199 4634 Igitur
1239 4564 1459 4618 Aznrias
1498 4567 1641 4635 ﬁlius
1670 4568 1767 4623 ,Ιο-

1889 3370 2012 3442 quia
2039 3381 2160 3442 post
2186 3373 2474 3429 tumultum
2504 3388 2611 3445 quo
2640 3389 2735 3429 rex
2776 3385 2971 3429 unctus
3002 3384 3087 3430 est
3121 3416 3135 3441 ,
3159 3375 3373 3431 Atlialia
3406 3376 3490 3431 iii-

1890 3465 2139 3534 teriecta,
2174 3465 2405 3536 singulis
2435 3466 2502 3521 ad
2525 3467 2723 3523 domos
2747 3483 2874 3522 suas
2899 3468 3282 3539 pergentibus,
3309 3472 3493 3525 omnis

1890 3558 2239 3613 tumultuatio
2268 3560 2602 3630 conquievit.

1955 3650 2115 3722 (Cap.
2138 3650 2331 3707 XXIV.
2356 3651 2588 3708 —Vers.
2618 3654 2696 3723 1.)
2724 3652 2793 3707 Et
2826 3669 3010 3707 nomen
3038 3653 3219 3709 matris
3245 3653 3355 3721 eius
3384 3656 3488 3710 Se-

1887 3746 1972 3801 bia
2000 3788 2017 3813 ,
2072 3748 2134 3802 de
2184 3745 2453 3802 Bersabee.
2504 3748 2713 3803 Idcirco
2756 3761 2956 3802 nomen
2999 3748 3170 3817 patris
3203 3745 3346 3801 illius
3374 3760 3486 3803 non

1883 3840 2163 3906 scribitur,
2194 3842 2318 3909 quia
2362 3856 2469 3894 non
2505 3840 2602 3895 iuit
2632 3850 2736 3895 tam
2778 3840 3029 3907 celebre,
3078 3850 3137 3895 ut
3166 3839 3333 3895 scribi
3383 3855 3489 3912 po-

1887 3934 2102 3987 tuisset.
2136 3932 2378 4000 Quorum
2408 3933 2553 3988 enini
2588 3934 2804 3988 nomina
2844 3934 3190 4001 scribuntur,
3221 3946 3313 3988 aut
3340 3935 3485 3990 cele-

1885 4024 2083 4080 britate
2109 4068 2122 4092 ,
2156 4034 2252 4080 aut
2278 4025 2518 4096 potentia
2552 4070 2566 4093 ,
2620 4035 2712 4080 aut
2738 4026 3107 4096 generositate
3138 4026 3358 4080 illorum
3397 4028 3479 4085 lit.

1955 4119 2138 4190 (Vers.
2168 4118 2250 4190 5.)
2281 4117 2608 4189 Egredimini
2637 4122 2706 4173 ad
2735 4121 2965 4175 civitates
2984 4119 3126 4173 Juda
3149 4162 3163 4187 ,
3190 4128 3235 4172 et
3255 4118 3484 4193 colligite

1881 4212 1944 4265 de
1964 4212 2197 4265 universo
2226 4210 2395 4267 Israel
2425 4215 2697 4281 pecuniam
2736 4212 2806 4265 ad
2843 4219 3117 4266 sartatecta
3161 4212 3339 4281 templi
3385 4213 3483 4268 Dei

1879 4305 2031 4359 vestri
2062 4321 2152 4374 per
2177 4306 2412 4378 singulos
2431 4322 2616 4360 annos.
2664 4306 2788 4360 llaec
2816 4315 2899 4360 est
2918 4305 3145 4375 pecunia
3169 4348 3184 4373 ,
3219 4321 3383 4375 quam
3420 4306 3477 4361 in

1880 4393 2000 4465 lege
2040 4394 2159 4449 dari
2197 4406 2531 4467 praeceptum
2581 4403 2666 4449 est
2698 4410 2895 4464 ,qlltlnl
2935 4394 2989 4449 in
3039 4394 3478 4454 diiiumeratione

1879 4486 2050 4557 ipsius
2080 4503 2176 4558 per
2193 4488 2437 4558 singulos
2459 4501 2628 4541 annos
2660 4485 2792 4542 dare
2814 4497 3246 4556 consueverant,
3282 4488 3335 4543 id
3368 4498 3475 4558 est,

1877 4581 2076 4652 singuli
2096 4581 2349 4636 dimidios
2380 4582 2542 4637 siclos
2564 4626 2578 4649 ,
2610 4582 2751 4653 quod
2781 4598 2811 4636 a
2836 4584 3027 4639 diebus
3047 4629 3062 4651 ,
3094 4598 3161 4640 ex
3183 4598 3291 4656 quo
3314 4585 3475 4643 Allia-

186 4658 405 4735 remorer
429 4649 594 4705 Juda.
650 4652 746 4707 llic
777 4653 1000 4709 Azarias
1031 4655 1191 4725 paulo
1220 4659 1475 4727 superius
1499 4660 1767 4718 Acbazias
1798 4663 1853 4723 D
1880 4672 1948 4727 lia
1973 4649 2209 4743 regnare
2235 4674 2495 4743 cmpisset
2524 4715 2541 4741 ,
2576 4649 2686 4730 non
2715 4675 2998 4731 dederant.

185 4739 480 4799 nominatus
509 4754 614 4800 est.
636 4745 904 4801 Aclnizias
924 4747 1337 4818 interpretatur,
1369 4750 1765 4823 apprehendens

188 4825 487 4893 Dominum:
517 4838 764 4906 Azarias,
796 4841 1120 4911 adjutorium
1141 4840 1372 4897 Domini.
1408 4844 1476 4899 Et
1495 4845 1620 4901 ideo
1650 4863 1767 4901 niu-

186 4931 319 4983 tatur
346 4932 395 4986 ei
423 4948 621 4989 nomen
652 4933 707 4988 iu
732 4936 928 4990 melius
957 4937 1011 4991 in
1042 4937 1146 4992 hoc
1168 4938 1315 5005 loco,
1345 4953 1411 4994 eo
1441 4940 1586 5008 quod
1609 4941 1763 5011 juxta

187 5029 503 5093 [incoeptum
536 5023 773 5091 Domini,
798 5026 864 5082 ad
888 5026 1160 5083 inﬁrmum
1188 5029 1515 5087 visitandum
1537 5031 1766 5089 descen-

187 5105 353 5169 derat.

254 5201 423 5272 (Vers.
457 5208 539 5281 8.)
564 5209 631 5264 Et
661 5210 799 5280 filios
828 5215 1047 5283 fratrum
1086 5214 1349 5282 Acbazite,
1382 5218 1471 5287 qui
1500 5219 1765 5275 ministra-

191 5289 374 5353 bantci.
407 5302 572 5361 Filios
596 5305 827 5393 fratrum
872 5307 1007 5363 dicit
1044 5310 1414 5367 consobrinos
1443 5323 1500 5370 et
1529 5329 1767 5372 consan-

192 5388 419 5453 guineos.

259 5478 404 5555 (Cap.
434 5488 623 5548 XXIII.
652 5524 724 5535 —
750 5492 904 5550 Vers.
932 5492 1013 5566 5.)
1048 5494 1115 5551 Et
1133 5500 1287 5553 tertia
1315 5517 1438 5567 pars
1469 5503 1519 5555 in
1561 5515 1711 5573 porta
1746 5549 1759 5571 ,

195 5583 297 5635 ιθιιω
318 5583 605 5649 appellatur
635 5587 980 5657 fundamenti.
1007 5588 1173 5643 Porta
1204 5590 1583 5661 fundamenti,
1613 5606 1765 5665 porta

193 5673 481 5731 sanctuarii.
509 5677 577 5734 Et
601 5696 749 5735 omne
774 5678 1031 5753 reliquum
1060 5684 1241 5753 uulgus
1258 5684 1481 5741 observet
1502 5689 1765 5746 custodias

1948 4765 2136 4836 (Vers.
2165 4764 2246 4835 ‘7.)
2280 4767 2489 4821 Atlialia
2539 4769 2673 4823 enim
2704 4770 3012 4839 impiissima
3039 4779 3087 4824 et
3112 4770 3209 4841 ﬁlii
3236 4776 3348 4842 ejus
3387 4772 3476 4826 de-

1875 4866 2175 4911 struxerunt
2221 4859 2434 4913 domum
2479 4858 2713 4914 Domini.
2746 4860 2916 4916 Filios
2973 4864 3127 4930 ejus,
3161 4861 3481 4918 sacerdotes

1876 4950 2148 5005 idolorum
2177 4950 2347 5019 dicit,
2398 4951 2716 5022 plerumque
2747 4952 2888 5005 cnim
2919 4951 2971 5006 in
2995 4966 3151 5006 sacro
3172 4952 3390 5022 eloquio
3412 4951 3475 5007 li-

1874 5044 1931 5097 lii
1963 5058 2070 5099 non
2102 5043 2377 5099 nascendo
2408 5086 2422 5110 ,
2447 5044 2543 5099 sed
2565 5044 2829 5099 imitando
2852 5051 3137 5099 vocantur.
3175 5044 3478 5101 Destruxe-

1873 5144 1996 5191 rant
2024 5144 2207 5192 autem
2253 5135 2476 5191 domum
2520 5135 2649 5203 Dei,
2680 5137 2797 5190 sive
2820 5136 3105 5206 spoliando
3129 5137 3287 5193 istam
3312 5153 3479 5194 orna-

1874 5229 2091 5296 mentis,
2126 5229 2241 5283 sive
2278 5228 2576 5295 utlerunt,
2612 5236 2925 5284 terraamotu
2955 5226 3121 5295 fat-to,
3154 5229 3298 5285 sicut
3337 5238 3476 5286 tein-

1871 5335 2004 5391 pore
2028 5319 2173 5377 Oziae
2209 5338 2222 5374 :
2248 5330 2309 5377 ut
2335 5320 2478 5377 sicut
2498 5321 2594 5377 illo
2640 5322 2877 5377 intrante
2897 5336 3017 5375 cum
3046 5319 3325 5377 tliuribulo
3358 5366 3372 5391 ,
3400 5322 3480 5378 ita

1869 5414 2032 5470 etiam
2047 5414 2263 5470 Athalia
2285 5415 2427 5470 idola
2452 5415 2506 5469 in
2530 5415 2749 5471 domum
2769 5414 2985 5470 Domini
3005 5413 3223 5470 mittere
3237 5415 3469 5484 nitente,

1873 5518 2218 5565 terricmotus
2248 5510 2422 5564 iactus
2448 5510 2538 5563 sit.

1945 5600 2129 5671 (Vers.
2162 5601 2278 5673 16.)
2333 5601 2409 5657 Eo
2451 5602 2593 5673 quod
2633 5601 2831 5672 fecisset
2862 5602 3049 5655 bonum
3088 5601 3144 5655 in
3184 5600 3392 5669 Israel,
3419 5611 3472 5657 et

1869 5708 1989 5747 cum
2015 5692 2127 5749 Deo
2165 5705 2211 5751 et
2243 5711 2363 5750 cum
2402 5695 2553 5749 domo
2584 5696 2721 5767 ejus.
2742 5690 2880 5748 Cum
2926 5692 3040 5749 Deo
3066 5733 3079 5758 ,
3113 5693 3239 5764 quia
3287 5691 3473 5760 idola,

265 5850 279 5879 ¹
302 5850 436 5913 Meus
455 5875 572 5919 cum
601 5864 947 5922 Ambrosian.
975 5882 1077 5923 ms.
1106 5866 1486 5939 detrimentum,
1512 5887 1610 5943 pro
1636 5882 1908 5943 augmento
1932 5872 2171 5943 prml'ert.
