4006 6300
565 321 589 378 l
604 319 705 378 395

1335 317 1426 372 AD
1459 313 1712 374 TW
1743 314 1817 372 ill
1855 311 2141 372 OPERUM
2173 315 2238 371 S.
2279 313 2663 369 iliERONYMl
2703 313 3068 370 APPENDIX.

3723 311 3855 370 I596

560 453 682 506 qum
709 435 774 490 ad
821 433 1260 504 aspernationem
1315 431 1407 486 Dei
1435 429 1577 486 tacta
1625 440 1784 486 erant
1813 473 1827 498 ,
1863 429 2149 486 subvertit.
2183 436 2237 495 Α
2264 428 2513 485 fuissent.
2547 427 2749 485 Videtis
2779 447 2908 501 ergo
2963 431 3049 485 ille
3095 430 3236 483 idola
3265 441 3538 500 responsa
3567 431 3725 497 date,
3755 441 3807 484 et
3831 447 3855 482 a

561 528 693 581 Cum
723 527 885 580 domo
908 524 1029 593 ejus
1062 565 1076 587 ,
1109 523 1234 594 quia
1265 522 1451 577 ruinas
1477 531 1534 576 et
1561 522 1831 576 scissuras
1883 523 2158 575 instaura-

561 621 638 673 vit
669 619 723 672 in
751 618 944 679 'lsrael,
970 617 1098 685 quia
1119 627 1352 684 regnum
1373 613 1568 669 domus
1589 613 1760 668 David
1794 613 2154 679 instauravit,

562 727 825 766 amovens
867 710 993 766 inde
1033 707 1440 769 'idololatriam.
1479 724 1610 778 quae
1651 710 1890 778 peceatis
1941 709 2158 762 illorum

564 807 842 860 dominata
877 805 1074 858 luerat.

637 897 818 971 (Vers.
851 897 970 968 Π.)
1003 895 1286 968 Postquam
1336 896 1457 950 obiit
1507 894 1729 960 Joiatla,
1763 895 1980 968 ingrcssi
2038 903 2157 948 sunt

562 993 816 1064 principes
863 989 1006 1044 Iuda
1033 1033 1045 1053 ,
1087 999 1134 1045 at
1181 991 1524 1043 adoravertmt
1563 1004 1752 1060 regem.
1782 991 2161 1045 Adorat'eruut

563 1103 688 1142 eum
722 1099 776 1140 ut
807 1083 978 1141 Deum
1013 1104 1024 1138 :
1066 1095 1120 1139 et
1141 1083 1414 1156 acquievit
1443 1099 1633 1141 eorum
1663 1083 1939 1154 obsequiis
1966 1081 2160 1138 delini-

563 1191 679 1245 tus,
715 1189 770 1233 ut
787 1195 847 1234 se
873 1191 928 1232 ut
958 1181 1126 1233 Deum
1157 1176 1261 1232 coli
1293 1179 1655 1246 permitteret.

635 1273 817 1344 (Vers.
850 1272 966 1344 ΞΟ.)
1006 1271 1132 1326 lla'c
1154 1272 1278 1324 dicit
1309 1267 1450 1326 Deus
1473 1269 1590 1343 [AL
1640 1267 1937 1342 Dominus];
1989 1267 2162 1336 Quare

565 1365 987 1438 transgretlimini
1027 1377 1339 1436 praeceptum
1388 1360 1648 1418 Domini?
1685 1365 1762 1420 Ac
1793 1363 1841 1418 si
1865 1375 2052 1432 aperte
2081 1361 2165 1416 di-

563 1469 653 1515 cat
679 1478 692 1512 :
717 1475 880 1529 quem
907 1475 1004 1514 vos
1033 1459 1203 1513 Deum
1227 1458 1438 1513 habere
1482 1459 1802 1523 destitistis,
1849 1459 1901 1512 in
1941 1465 2159 1513 tantum

561 1564 620 1608 ut
650 1555 755 1608 tale
787 1555 939 1608 nefas
971 1551 1209 1607 feceritis
1230 1594 1244 1619 ,
1274 1551 1420 1622 quod
1445 1563 1883 1623 nutnqoamante
1921 1553 1975 1608 in
2007 1553 2160 1608 vobis

563 1647 763 1701 factum
789 1656 894 1701 est.
938 1645 1005 1700 Et
1038 1644 1335 1700 notandum
1368 1647 1511 1715 quod
1545 1660 1652 1699 non
1685 1645 1737 1699 in
1769 1646 1878 1700 alio
1923 1647 2045 1700 loco
2073 1645 2161 1700 in-

564 1739 782 1793 venitur
808 1782 822 1805 ,
857 1737 985 1792 Hier
1007 1738 1130 1790 dicit
1152 1735 1324 1801 Deus,
1353 1738 1457 1792 nisi
1480 1737 1569 1791 hic
1603 1746 1830 1792 tantum.
1866 1736 1989 1792 Filii
2015 1739 2160 1793 enim

2262 525 2412 580 ruina
2444 525 2617 594 eripi,
2653 525 2757 579 hoc
2789 540 2976 578 errore
3006 525 3293 595 deceptus,
3326 527 3587 580 adoravit
3615 541 3700 580 ea.

2336 619 2514 689 (Vers.
2549 621 2660 689 15.)
2690 618 2829 672 Misit
2857 616 3174 686 I‘rOpltetam
3213 619 3281 672 ad
3311 635 3447 674 eum.
3473 617 3750 687 Propheta
3783 621 3861 677 hic

2260 710 2473 767 Eliezer
2504 721 2614 777 est,
2647 711 2790 765 lilius
2819 711 3073 777 Dtttlulm,
3107 711 3156 764 id
3187 720 3300 773 est,
3331 713 3598 765 avunculi
3633 714 3776 778 ejus.
3800 713 3862 767 de

2261 825 2370 877 quo
2398 809 2647 878 superius
2661 808 2860 862 dit‘llllll
2894 818 2996 861 cst.
3027 807 3349 878 Cessatitque
3373 806 3646 877 PrOpheta
3665 850 3680 873 ,
3707 817 3752 861 et
3782 809 3864 861 di-

2259 901 2356 955 :t‘il.
2385 899 2665 967 Cessavit,
2693 900 2758 955 ad
2790 901 2965 955 minas
2994 899 3137 971 regis
3165 917 3180 953 :
3213 909 3268 954 et
3291 900 3451 966 dixit,
3479 900 3551 954 ad
3582 901 3865 970 imperium

2265 994 2494 1048 Domini.

2333 1089 2512 1154 (νοτε.
2546 1086 2660 1157 16.)
2695 1086 2828 1153 Quia
2858 1087 3031 1158 fecisti
3055 1087 3151 1140 ltoc
3179 1087 3375 1140 malum
3411 1131 3425 1154 ,
3461 1098 3509 1140 et
3537 1088 3747 1158 insuper
3765 1103 3867 1143 non

2262 1183 2556 1253 acquieviin
2586 1183 2802 1236 consilio
2825 1199 2954 1236 meo.
2988 1181 3228 1236 Consilio
3253 1192 3432 1236 autem
3467 1186 3596 1249 ejus
3624 1181 3867 1250 acquies-

2262 1283 2439 1340 ceret,
2473 1274 2517 1328 si
2546 1288 2640 1328 eos
2681 1274 2804 1344 igne
2854 1273 3198 1329 combureret
3229 1315 3244 1341 ,
3277 1275 3605 1330 rc~timenta
3631 1273 3864 1329 disrum-

2265 1379 2442 1438 peret,
2470 1368 2706 1422 ci:.erem
2747 1381 2919 1436 super
2950 1377 3104 1436 caput
3157 1379 3470 1436 spargeret,
3506 1376 3558 1421 ct
3603 1377 3775 1422 totum
3807 1384 3866 1424 se

2263 1462 2595 1532 pmniteotim
2642 1461 2799 1516 daret
2845 1480 2855 1512 :
2894 1462 2993 1514 hoc
3035 1459 3233 1515 ctenim
3285 1461 3361 1515 illi
3411 1461 3702 1516 consilium
3732 1461 3870 1516 Pro-

2266 1557 2453 1627 plietes
2475 1553 2719 1611 dederat.

2337 1649 2514 1719 (N'ers.
2546 1645 2660 1719 18.)
2708 1645 2946 1702 Cardttus
2977 1647 3182 1713 Libani,
3215 1650 3306 1719 qui
3327 1658 3402 1703 est
3429 1651 3485 1703 in
3517 1649 3737 1704 Libano.
3765 1649 3866 1707 ilic

2265 1741 2522 1795 carduutu
2556 1740 2742 1794 Libani
2772 1751 2958 1806 vocat,
2993 1742 3063 1794 ob
3111 1744 3535 1812 generositatem
3567 1743 3742 1810 illius,
3776 1744 3868 1813 qui

563 1831 844 1886 Zacbal'lu:
867 1846 991 1885 cum
1019 1846 1087 1886 eo
1117 1829 1391 1886 interfeCIi
1421 1841 1544 1886 sunt
1577 1849 1590 1884 :
1623 1840 1681 1886 et
1710 1830 1834 1886 ideo
1859 1831 1992 1887 dicit
2023 1833 2163 1887 lilio-
2194 1828 2242 1888 B
2269 1832 2515 1902 quamvis
2557 1832 2892 1901 negligenter
2918 1843 3100 1900 ageret
3128 1877 3142 1898 ,
3183 1834 3394 1903 magnis
3424 1845 3542 1889 erat
3571 1837 3867 1905 majoribus

566 1942 684 1978 rum
717 1923 922 1978 .lttizttltl‘.
945 1922 1264 1980 sacerdotis.

638 2018 818 2090 (i’ers.
850 2018 970 2087 26.)
1005 2017 1253 2072 Insidiati
1282 2026 1400 2073 sunt
1449 2020 1493 2073 ei
1532 2017 1688 2073 lebat
1719 2021 1864 2088 ﬁlius
1915 2019 2161 2075 Sentmaa

566 2112 880 2167 Auumitidis
921 2122 966 2166 et
995 2111 1249 2166 Jozabath
1301 2113 1445 2184 ﬁlius
1504 2113 1772 2169 Samarith
1832 2113 2157 2170 Moabitidis.

564 2207 779 2262 Idcirco
807 2208 952 2261 cuitu
983 2223 1076 2261 eos
1105 2206 1239 2262 dicit
1271 2209 1413 2261 lilios
1445 2209 1815 2263 Amanitidum
1840 2219 1895 2262 et
1919 2207 2166 2263 Moabiti-

565 2302 693 2356 dum
721 2343 735 2368 ,
769 2301 835 2354 ad
866 2300 1298 2370 exaggerandam
1335 2301 1598 2356 malitiam
1632 2301 2040 2368 lsraelitarum,
2074 2303 2163 2371 qui

567 2397 752 2451 ulcisci
787 2397 1082 2450 uoluerunt
1113 2394 1457 2450 sacerdotem
1487 2395 1611 2462 Dei,
1644 2395 1789 2466 quod
1814 2396 1890 2450 illi
1917 2395 2165 2451 fecerunt

563 2489 654 2559 qui
690 2488 782 2542 lilii
813 2488 1242 2558 alienigenarum
1269 2488 1510 2543 fuerunt.

636 2581 820 2653 (Vers.
851 2581 967 2650 27.)
1002 2579 1167 2636 Porro
1197 2582 1299 2651 lilii
1327 2581 1439 2652 ejus
1469 2583 1486 2613 ¹
1520 2593 1564 2635 et
1597 2599 1798 2637 summa
1827 2585 2065 2654 pecunia:
2098 2592 2161 2649 n;

566 2677 710 2730 lilios
740 2678 890 2746 ejus,
923 2690 1065 2748 quos
1117 2674 1242 2747 Syri
1293 2677 1685 2731 interiecerunt
1717 2691 1902 2730 coram
1935 2693 2032 2740 eo,
2086 2679 2167 2731 ta-

564 2770 770 2825 cientes
796 2770 847 2824 in
880 2784 1003 2825 eum
1032 2769 1614 2839 iguomiuiosajmlicia
1635 2809 1650 2835 ,
1681 2770 1796 2824 sive
1825 2772 1950 2839 quia
1979 2777 2166 2840 turpes

564 2862 616 2916 in
641 2879 766 2918 eum
782 2877 872 2917 res
893 2871 1160 2932 egerunt,
1186 2863 1440 2931 sivequia
1466 2861 1862 2916 iuterlicientes
1885 2860 2023 2915 [ilius
2044 2862 2167 2931 ejus

564 2955 1004 3025 imprOperahaul
1058 2956 1108 3010 ei
1157 2956 1368 3020 scelus,
1402 2955 1549 3025 Quod
1605 2956 1706 3008 iSle
1745 2956 1800 3008 in
1843 2952 2164 3010 Zachariam

565 3056 998 3116 perpetraverat.
1047 3047 1100 3100 In
1133 3047 1366 3101 llebraao
1414 3065 1427 3100 :
1463 3045 1527 3100 Et
1561 3047 1952 3117 fundamentum
1983 3047 2166 3100 domus

564 3135 692 3202 Dei,
725 3152 790 3191 eo
816 3137 956 3206 quod
991 3138 1208 3206 sanguis
1233 3137 1510 3192 Zachariae
1542 3151 1715 3206 usque
1746 3137 1810 3191 ad
1845 3135 2165 3192 fundamen-

564 3241 676 3282 tutu
711 3225 900 3293 templi
933 3237 986 3281 et
1014 3225 1205 3281 altaris
1236 3231 1571 3298 pervenerit.

637 3321 794 3392 (Cap.
828 3309 993 3376 XXV.
1025 3350 1096 3361 -—
1123 3319 1279 3376 Vcrs.
1325 3320 1406 3392 2.)
1433 3319 1680 3393 Fecitque
1709 3323 1894 3375 bonum
1933 3325 1987 3376 in
2037 3339 2160 3378 con-

562 3426 744 3481 spectu
773 3413 982 3467 Domini
1017 3455 1030 3476 ,
1061 3422 1409 3467 t'erumtamen
1460 3415 1515 3466 in
1545 3415 1700 3468 corde
1727 3418 1950 3487 perfecto
1982 3429 1999 3471 :
2031 3419 2157 3487 quia

563 3523 660 3576 pro
693 3506 978 3573 praesentis
1001 3507 1185 3560 δευουιὶ
1235 3505 1506 3576 dignitate
1537 3547 1551 3570 ,
1581 3522 1692 3561 non
1723 3523 1827 3576 pro
1857 3508 2037 3563 futura
2061 3526 2160 3580 pa-

561 3603 660 3656 lt‘ia
687 3597 990 3656 laborabat.

630 3691 810 3765 (Vers.
863 3693 945 3762 '5.)
977 3692 1244 3764 Jugutarit
1299 3709 1488 3760 servos,
1540 3695 1628 3764 qui
1656 3695 1954 3751 occiderant
1987 3715 2155 3768 regem

557 3798 756 3858 patrem
779 3803 946 3840 suum.
971 3788 1306 3857 Quamquam
1337 3787 1416 3842 illi
1444 3787 1540 3842 Dei
1566 3789 1760 3844 timore
1783 3801 1836 3843 et
1870 3791 1918 3844 in
1949 3791 2157 3848 ultione

556 3869 839 3937 Zachariae
867 3875 1021 3937 illum
1052 3881 1354 3937 occiderint
1386 3897 1400 3936 :
1436 3893 1615 3938 tamen
1655 3881 1767 3955 [Αι.
1821 3883 2053 3957 idcircn]
2085 3886 2155 3940 ab

555 3989 623 4030 eo
653 3975 818 4031 occisi
839 3985 966 4030 sunt
990 3971 1329 4044 judicialit'er
1359 3990 1374 4028 :
1407 3976 1532 4045 quia
1561 3990 1666 4029 non
1695 3989 1790 4032 ore
1819 3975 2108 4048 Prophette
2135 4021 2150 4046 ,

557 4082 658 4124 nec
688 4069 938 4124 consultu
969 4061 1190 4124 Domini
1223 4083 1240 4122 ‘:
1289 4068 1384 4125 sed
1409 4081 1506 4124 sua
1536 4073 1968 4142 praesumptione
1999 4072 2150 4128 illum

555 4155 904 4219 occiderunt.

627 4255 808 4324 (νει-ς.
841 4251 921 4329 7.)
956 4253 1078 4309 Non
1105 4263 1180 4310 est
1210 4251 1352 4309 Deus
1381 4267 1496 4308 cum
1525 4253 1698 4310 lsrael
1723 4263 1770 4308 et
1803 4257 1997 4310 evinctis
2027 4257 2154 4325 ﬁliis

553 4343 830 4421 Ephraim.
863 4347 997 4416 Quia
1029 4361 1152 4404 cum
1184 4349 1312 4403 aliis
1345 4347 1602 4404 tribubus
1631 4358 1779 4403 erat:
1823 4363 1946 4402 cum
2005 4348 2149 4404 tribu

551 4439 815 4513 prraim
839 4441 982 4496 unde
1011 4455 1169 4512 reges
1209 4453 1399 4508 erant,
1427 4453 1538 4498 non
1569 4451 1720 4508 erat,
1753 4449 1983 4513 propter
2006 4453 2151 4514 prac-

549 4537 942 4592 varicationem
971 4531 1261 4592 Jeroboam
1292 4548 1345 4592 et
1366 4551 1690 4594 casterorum
1719 4553 1931 4609 regmn.

2269 1933 2584 1994 procreatus
2624 1941 2636 1976 :
2663 1925 2862 1993 quippe
2889 1925 2978 1996 qui
3018 1924 3084 1978 de
3111 1923 3284 1981 lsrael
3323 1927 3530 1982 semine
3551 1939 3691 1982 erat.

2341 2017 2523 2088 (Vers.
2551 2016 2668 2086 £0.)
2701 2013 2868 2072 Omne
2916 2035 3115 2088 quoque
3168 2036 3352 2072 aurum
3409 2032 3457 2073 et
3499 2030 3772 2088 argentum
3819 2033 3869 2075 et

2268 2111 2509 2163 universa
2541 2153 2554 2175 ,
2609 2126 2724 2180 quae
2765 2122 2969 2181 reperta
3017 2119 3133 2164 sunt
3179 2111 3232 2164 in
3278 2113 3431 2164 clamo
3480 2111 3692 2166 Domini
3724 2116 3868 2183 apud

2264 2202 2622 2256 (Med-Edon.
2658 2203 2815 2271 Apud
2844 2203 3202 2258 UbedoEdom
3246 2224 3258 2257 :
3297 2205 3421 2274 quia
3454 2205 3572 2274 ejus
3623 2206 3715 2260 lilii
3744 2223 3874 2262 cus-

2266 2295 2548 2352 todiebant
2571 2311 2634 2351 ea
2663 2338 2677 2359 ,
2705 2307 2760 2351 et
2785 2297 2853 2350 ab
2883 2311 2949 2350 eo
2967 2297 3242 2364 descripta
3276 2296 3378 2350 sibi
3418 2300 3834 2366 pertusnebant.

2341 2386 2659 2460 (νει-835.)
2685 2386 2829 2442 Dixit
2852 2388 3090 2442 Amasias
3120 2389 3264 2455 ﬁlius
3293 2389 3422 2442 iam
3452 2406 3565 2457 rex,
3594 2400 3871 2459 postquam

2267 2493 2503 2537 mortuus
2531 2492 2605 2538 est
2633 2480 2761 2536 lous
2792 2483 2932 2551 ﬁlius
2959 2481 3164 2536 Jonaaz
3189 2499 3283 2537 rex
3311 2482 3478 2537 Israel
3511 2526 3526 2549 ,
3569 2486 3876 2554 quindecim

2269 2577 2440 2628 annis.
2475 2576 2553 2629 Eo
2592 2585 2837 2644 tempore
2881 2575 2932 2628 in
2969 2585 3129 2630 utero
3179 2575 3485 2631 habebatur
3523 2579 3722 2644 Ozias,
3779 2579 3876 2648 qui

2271 2680 2457 2740 postea
2485 2671 2727 2741 regnarit
2743 2673 2793 2723 in
2813 2668 3136 2726 Jerusalem.
3161 2670 3314 2726 Unde
3331 2681 3384 2726 et
3407 2670 3666 2725 scribitur
3682 2713 3696 2735 ,
3719 2674 3876 2726 sede-

2270 2765 2371 2817 cim
2397 2777 2654 2817 annorum
2680 2771 2788 2816 erat
2839 2762 3019 2827 Ozias,
3071 2779 3186 2816 cum
3227 2779 3451 2834 τίφην-ε
3502 2764 3754 2833 cepisset.
3791 2764 3875 2818 Ει

2267 2869 2336 2909 eo
2363 2863 2631 2924 tempore,
2659 2871 2768 2924 quo
2796 2854 3042 2910 discessit
3064 2855 3314 2910 Amasias
3343 2874 3369 2906 ιι
3399 2855 3631 2908 Dmaino
3651 2894 3666 2920 ,
3690 2855 3880 2910 insur-

2265 2949 2409 3006 rexit
2435 2965 2602 3020 super
2632 2965 2754 3005 eum
2783 2949 3086 3019 «τιηιῇιιι-θιὶο
3109 2950 3162 3003 in
3185 2947 3506 3005 Jewsaiem.
3530 2950 3670 3016 Quia
3701 2965 3769 3004 ex
3805 2966 3874 3006 eo

2267 3055 2513 3116 tempore
2532 3087 2548 3112 ,
2579 3061 2687 3116 quo
2708 3045 2996 3114 Prophetas
3023 3045 3311 3099 consilium
3340 3060 3453 3099 non
3492 3045 3704 3100 audivit
3723 3089 3738 3112 ,
3771 3061 3875 3101 ne-

2269 3155 2376 3211 que
2398 3139 2463 3194 ad
2493 3139 2778 3195 Dominum
2809 3140 3055 3194 converti
3077 3139 3253 3193 voluit
3280 3181 3294 3204 ,
3321 3140 3648 3210 praeparatio
3668 3142 3872 3209 conju-

2181 3227 2230 3290 C
2264 3231 2488 3288 rationis
2513 3231 2658 3284 illius
2681 3231 2818 3284 tacta
2871 3242 2984 3295 est,
3017 3239 3069 3285 et
3093 3238 3320 3285 eatenus
3359 3229 3563 3294 ditata,
3595 3230 3767 3285 donec
3801 3232 3868 3286 ad

2264 3325 2793 3380 consummationem
2817 3337 2916 3392 per
2927 3323 3152 3378 veniret.

2337 3419 2518 3489 (νοτε.
2549 3417 2668 3488 28.)
2688 3417 3124 3488 Reportantesque
3143 3435 3293 3490 super
3322 3434 3477 3488 equos
3503 3462 3518 3484 ,
3553 3421 3867 3490 sepelierunt

2262 3529 2398 3566 eum.
2431 3510 2546 3566 Non
2571 3512 2714 3566 enim
2745 3513 2864 3567 sine
2893 3527 3052 3567 causa
3081 3511 3365 3578 Scriptura
3391 3511 3525 3566 dicit
3543 3527 3671 3566 eum
3706 3528 3864 3581 διηνθι-

2263 3621 2432 3674 equos
2449 3615 2720 3672 portatum
2749 3622 2764 3669 ;
2799 3606 2892 3659 sed
2917 3605 3182 3674 colligitur
3203 3605 3322 3659 ideo
3343 3603 3500 3659 illum
3525 3609 3861 3676 portandum

2262 3709 2428 3766 super
2461 3712 2661 3767 equos,
2694 3699 2816 3766 quia
2848 3698 2978 3752 deos
3021 3697 3190 3751 Edoni
3215 3737 3228 3761 ,
3264 3697 3356 3765 qui
3385 3696 3436 3748 in
3481 3697 3642 3766 equis
3681 3709 3858 3768 porta-

2260 3789 2461 3845 bantur
2490 3833 2504 3856 ,
2537 3788 2866 3844 adoraverit.
2903 3791 2967 3843 Et
3010 3787 3214 3842 idcirco
3245 3802 3352 3841 non
3373 3796 3655 3856 portatum
3698 3804 3860 3856 super

2258 3881 2520 3938 humeros
2563 3900 2574 3934 :
2601 3883 2722 3952 quia
2752 3881 3061 3952 neglexerat
3075 3879 3289 3936 servire
3319 3877 3433 3933 Deo
3461 3879 3637 3935 lsi-ae!
3666 3923 3681 3947 ,
3707 3882 3856 3950 cujus

2257 3973 2287 4012 δ
2317 3976 2572 4047 mysteria
2603 3988 2767 4045 super
2797 3973 3054 4029 humeros
3079 3969 3453 4028 Chaatitarum
3503 3974 3718 4042 portari
3739 3974 3853 4044 jus-

2259 4078 2424 4123 serat.

2331 4161 2486 4233 (Cap.
2522 4157 2716 4214 XXVI.
2747 4189 2817 4200 —
2862 4159 3018 4216 Vers.
3060 4157 3139 4231 l.)
3167 4158 3330 4214 Ozias
3381 4159 3436 4212 in
3480 4157 3852 4228 Paralipome-

2257 4269 2366 4309 non
2381 4273 2397 4310 :
2415 4255 2467 4310 in
2485 4254 2692 4325 Regum
2706 4294 2722 4321 ,
2741 4253 2964 4308 Azarias
2982 4253 3236 4308 scribitur
3257 4252 3402 4306 lilius
3418 4251 3670 4306 Amasite.
3691 4253 3850 4306 Ozias

2256 4351 2402 4406 enim
2447 4350 2840 4419 interpretatur
2863 4390 2878 4416 ,
2923 4349 3083 4401 virtus
3113 4345 3232 4402 Dei.
3290 4345 3509 4401 Azarias
3541 4385 3558 4410 ,
3587 4345 3850 4398 auxilium

2255 4442 2492 4498 Domini.
2526 4441 2735 4496 Idcirco
2761 4441 2902 4496 enim
2945 4439 3117 4495 virtus
3163 4437 3379 4493 Domini
3419 4447 3639 4490 vocatur
3670 4452 3685 4487 :
3719 4436 3848 4504 quia

2255 4549 2449 4604 magna
2475 4535 2532 4589 in
2559 4549 2681 4588 eum
2713 4533 2886 4588 Virtus
2907 4532 3117 4587 Domini
3141 4540 3363 4586 Ostensa
3393 4539 3475 4586 est
3498 4526 3846 4599 percusdoue

623 4628 805 4700 (Vers.
836 4627 949 4697 10.)
971 4629 1242 4700 Separarit
1265 4633 1438 4700 itaque
1463 4631 1702 4685 Amasias
1728 4634 2028 4695 exercitum,
2059 4631 2147 4702 qui
2175 4625 2226 4692 Ι)
2249 4627 2421 4698 lepra:
2439 4672 2452 4697 ,
2487 4640 2541 4683 et
2563 4635 2874 4684 terrtemotn
2903 4623 3069 4679 iacto.

546 4732 752 4777 venerat
782 4723 849 4774 ad
878 4739 992 4775 eum
1022 4733 1085 4775 ex
1113 4719 1388 4790 Epitraim,
1419 4725 1541 4794 quia
1589 4723 1732 4778 idola
1778 4740 1954 4779 secum
1990 4723 2148 4779 habe-

549 4815 690 4868 bant.
751 4813 1003 4870 Amasias
1034 4827 1158 4884 post
1200 4816 1407 4870 eadem
1439 4815 1831 4886 Iduiiimoruni,
1865 4821 1919 4874 et
1949 4813 2144 4875 allatus

546 4906 680 4961 deos
707 4906 949 4962 ﬁliorum
983 4906 1136 4975 Seir,
1169 4910 1363 4963 statuit
1395 4903 1518 4964 illos
1565 4910 1618 4964 in
1650 4911 1784 4966 deos
1830 4907 1954 4967 sibi.
2006 4909 2141 4968 Cum

542 5002 689 5055 enim
723 5002 1197 5072 prtecipitarentur
1227 5004 1322 5058 illa
1351 4999 1547 5060 decem
1599 5005 1802 5071 millia,
1833 5001 1929 5060 illa
1963 5006 2138 5072 idola,

538 5112 661 5167 quae
692 5111 880 5152 secum
907 5093 1228 5165 habebant,
1283 5106 1607 5167 retponsnm
1657 5100 1961 5166 dederunt,
2011 5093 2139 5155 ideo

537 5187 664 5246 illos
694 5187 1053 5257 interfectos,
1083 5189 1207 5261 quia
1250 5191 1318 5246 de
1364 5193 1512 5248 cultu
1560 5205 1749 5248 eorum
1797 5191 2138 5263 negligentes

605 5393 619 5420 ⁸
653 5390 758 5446 Pro
805 5389 910 5464 illis
960 5388 1142 5464 verbis
1154 5385 1476 5464 __Contextus
1513 5389 1686 5454 sacri.
1719 5402 1765 5445 et
1813 5409 2014 5445 summa
2048 5409 2137 5464 pe-

531 5464 700 5516 cunia:
727 5503 741 5525 ,
787 5461 915 5516 editi
941 5473 1100 5533 antea
1133 5461 1254 5515 libri
1304 5462 1583 5518 ridiculam
1631 5479 1746 5518 rem
1788 5461 2086 5533 posuerunt
2115 5505 2130 5528 ,

525 5535 737 5590 scilicet
755 5576 768 5599 ,
797 5543 845 5586 et
865 5532 1144 5586 multitudo
1167 5533 1806 5605 propttetic.tiodetliqtte
1821 5536 1984 5590 modo
2011 5550 2134 5589 sex-

601 5699 622 5728 ³
649 5699 753 5752 Ms.
785 5712 1003 5766 quoque
1049 5713 1222 5763 meus,
1265 5708 1431 5766 atque
1474 5714 1573 5753 una
1626 5697 1970 5754 Ambrosian.
2021 5712 2118 5762 pro

527 5775 573 5818 et
603 5770 1082 5889 sunt:i:aJiecunite,
1113 5785 1234 5824 cum
1269 5771 1498 5841 vulgatis
1523 5782 1680 5827 antea
1731 5768 1882 5823 libris
1913 5767 2112 5832 habet,

527 5846 573 5889 et
603 5835 804 5889 multitu
848 5853 875 5889 ο
899 5839 1198 5889 nronhetiw.

523 5846 573 5892 et
603 5835 875 5890 multitudo
899 5839 1198 5910 promte-tite.

2327 4719 2506 4795 (Vers.
2536 4717 2624 4791 5.)
2671 4717 2965 4791 Exquisita!
3011 4716 3176 4771 Deum
3221 4717 3278 4770 in
3324 4715 3503 4770 diebus
3552 4714 3844 4780 taciturire,

2247 4816 2578 4888 in'telligcntis
2600 4826 2644 4867 et
2677 4813 2893 4868 videntis
2923 4809 3110 4865 Deum.
3143 4810 3441 4864 Zacharias
3467 4811 3611 4863 [ilius
3632 4809 3844 4864 Zacha-

2247 4903 2380 4976 rim,
2413 4907 2506 4963 lilii
2550 4905 2786 4973 loiadze,
2835 4906 2927 4974 qui
2975 4915 3096 4974 post
3137 4911 3367 4957 mortem
3423 4901 3595 4972 patn‘s
3649 4911 3840 4967 natus,

2247 5001 2567 5072 posthumus
2591 4997 2757 5068 patris
2781 5011 2976 5052 nomen
3001 4996 3219 5051 sortitus
3233 5003 3338 5050 est.
3357 4993 3682 5066 'lntelligens
3699 4997 3841 5050 enim

2243 5105 2299 5151 et
2327 5095 2514 5149 videns
2540 5091 2841 5147 dicebatur.
2897 5089 3245 5161 Intelligens,
3306 5098 3536 5159 propter
3586 5089 3840 5146 sacerdo-

2245 5187 2414 5256 tium;
2439 5187 2649 5252 videns,
2679 5194 2909 5255 propter
2931 5181 3290 5254 prophetiam.

2243 5400 2399 5448 ceuta
2431 5391 2536 5446 alia
2565 5389 2854 5456 depravata
2888 5390 3160 5453 retinent,
3213 5402 3336 5458 quae
3391 5388 3580 5443 lectori
3629 5387 3838 5442 erudito

2233 5464 2561 5520 cachinnum
2587 5472 2803 5517 movent
2834 5503 2849 5527 ,
2879 5461 3007 5516 dum
3047 5461 3327 5530 imperitos
3357 5460 3658 5516 delectant.

2300 5695 2326 5733 δ
2357 5692 2702 5750 Amhrosiau.
2729 5693 2877 5764 cujus
2899 5690 3185 5764 ministeria
3213 5705 3366 5760 super
3394 5689 3642 5744 [nuneros
3673 5691 3834 5746 Choa-

2229 5769 2438 5842 tilarum
2458 5774 2664 5838 portare
2664 5762 2816 5837 jussu
2839 5772 2982 5842 erant
3007 5762 3124 5824 ;cui
3157 5765 3455 5829 postremis
3479 5772 3697 5819 tantum
3721 5777 3834 5818 ver-

2229 5839 2312 5911 bis
2334 5852 2488 5898 meus
2517 5848 2733 5922 quoque
2757 5839 3013 5904 concinit.
