4006 6316
588 340 726 397 1599

1363 340 1452 394 AD
1492 339 1738 396 TOMUM
1778 339 1846 394 III
1884 340 2172 396 οΡΕιιωι
2210 341 2268 396 S.
2312 336 2691 393 HIEIIONYMI
2735 336 3103 393 APPENDIX.

3756 334 3885 392 I400

584 454 772 520 fuisse,
807 456 949 523 quod
991 469 1088 525 per
1121 455 1438 522 prophetam
1480 452 1674 509 Isaiam
1703 453 1908 511 dictum
1939 465 2022 509 est
2055 471 2068 508 :
2112 451 2178 506 In
2209 455 2257 514 Α
2283 465 2387 521 set,
2420 464 2476 508 et
2503 453 2559 508 in
2591 467 2719 508 vase
2747 468 2902 509 mneo
2935 452 3208 523 perforato
3238 455 3466 516 missus,
3502 453 3728 508 admoto
3760 453 3886 522 igni,

587 547 673 601 die
701 545 794 600 illa
818 547 964 600 rodet
988 547 1239 601 novacula
1264 555 1416 600 acuta
1437 546 1697 601 conducta
1723 548 1780 600 in
1800 564 1920 619 rege
1948 547 2180 618 Assyrio-

583 655 700 691 rum
742 648 896 707 caput
944 649 990 692 et
1041 638 1274 706 barbam,
1309 649 1365 693 ct
1393 649 1586 694 caetera
1622 638 1786 711 (lsai.
1837 639 1970 710 vn).
2003 641 2179 707 Quem

581 746 707 786 cum
739 730 928 785 eadem
975 732 1269 802 ignominia
1321 733 1636 802 pervenisse
1683 739 1750 786 ad
1798 733 2054 799 templum
2088 731 2178 786 Dei

580 825 669 878 Stti
693 823 950 889 Nesrath,
978 841 1141 896 quem
1171 824 1361 879 dicunt
1387 825 1438 879 in
1472 825 1723 896 reliquiis
1743 840 1886 880 arca:
1915 823 2029 879 Noe
2066 823 2182 878 cul-

581 927 757 971 turam
800 916 1076 974 habuisse.
1125 919 1261 974 Cum
1287 934 1419 990 ergo
1457 929 1780 990 quereretur
1808 919 1931 991 [.-ll.
1965 933 2180 990 qutcre-

583 1012 763 1085 retur]
796 1013 1114 1080 deprecans,
1147 1029 1245 1069 cur
1275 1031 1334 1070 se
1378 1031 1486 1070 non
1509 1014 1802 1085 adjuviSset
1838 1032 1851 1068 :
1881 1014 1971 1083 qui
2017 1013 2182 1069 etiam

581 1104 726 1160 tilios
760 1121 890 1160 suos
925 1107 1282 1163 Adramelech
1327 1120 1382 1163 et
1428 1109 1656 1163 Sarasar
1703 1107 1806 1163 sibi
1859 1107 2099 1172 offerret,
2134 1107 2182 1162 si

583 1197 687 1252 hoc
736 1198 826 1254 ille
875 1209 1052 1253 ratum
1103 1200 1459 1257 duceretzilli
1495 1201 1596 1255 hoc
1626 1200 1908 1254 audientes
1954 1208 2078 1270 post
2106 1209 2182 1254 tot

583 1292 791 1356 clades,
827 1295 1038 1358 ruinas,
1072 1304 1125 1349 et
1159 1294 1507 1364 ignominias,
1542 1293 1793 1350 timentes
1824 1295 1892 1346 ab
1919 1308 1984 1365 eo
2015 1294 2183 1348 inter-

585 1383 694 1452 fici,
730 1383 1125 1440 interfecerunt
1152 1401 1298 1441 eum.

580 1505 582 1507 ·
656 1476 996 1548 (Vers.5l.)
1047 1478 1118 1532 De
1148 1489 1384 1548 portento
1409 1481 1548 1548 quod
1591 1480 1849 1534 acciderat
1881 1497 2037 1550 super
2077 1489 2180 1533 ter-

580 1586 718 1634 ram,
749 1570 818 1626 de
850 1571 982 1625 solis
1014 1571 1192 1626 reditu
1225 1587 1320 1641 per
1360 1572 1530 1628 lineas
1558 1572 1768 1627 decem.

656 1660 740 1716 Ad
773 1661 876 1717 hoc
909 1679 1073 1718 unum
1105 1664 1424 1734 mysterium
1455 1663 1858 1733 inquirendum,
1896 1663 2058 1734 legati
2094 1678 2183 1719 re-

586 1754 669 1824 gis
715 1753 1026 1826 Babylonia:
1057 1766 1346 1811 venerunt.
1384 1755 1616 1826 Reliquit
1660 1773 1778 1809 eum
1808 1755 1952 1810 Deus
1980 1767 2038 1810 ut
2071 1767 2183 1812 ten-

2282 544 2554 600 invocavit
2583 547 2765 601 omnia
2798 544 3018 600 nomina
3051 545 3348 614 idolorum,
3390 560 3515 615 quae
3545 544 3768 600 colebat
3799 563 3814 598 :
3843 554 3890 600 et

2281 653 2403 694 cum
2433 655 2540 694 non
2571 637 2767 694 fuisset
2794 639 2864 693 ab
2895 639 2977 694 eis
3006 638 3315 705 exauditus,
3368 652 3549 708 neque
3602 637 3886 702 liberatus,

2287 744 2309 770 ο
2340 731 2688 788 recordatum
2723 730 2916 798 fuisse,
2958 730 3102 800 quod
3133 747 3162 785 a
3194 739 3349 800 patre
3378 730 3579 785 crebro
3608 729 3889 784 audierat:

2283 823 2412 878 Cum
2435 825 2751 878 invocaveris
2771 840 2851 876 me
2869 823 2922 876 in
2945 821 3296 890 tribulatione,
3321 832 3373 876 et
3396 837 3678 874 conversus
3713 822 3890 891 fueris,

2280 917 2559 972 exaudiam
2591 927 2660 984 te,
2693 928 2748 973 ut
2778 917 2832 972 in
2867 916 3291 972 Deuteronomio
3337 915 3601 971 scribitur
3628 933 3645 970 :
3671 915 3895 971 exaudi-

2278 1023 2504 1082 tumque
2542 1024 2666 1066 esse
2695 1025 2728 1064 a
2759 1010 3011 1076 Domino,
3043 1020 3097 1064 et
3122 1009 3411 1063 liberatum
3436 1016 3495 1062 et
3523 1006 3817 1062 reductum
3843 1008 3890 1060 in

2284 1122 2507 1177 regnum
2532 1120 2710 1172 suum,
2731 1116 2784 1160 et
2808 1105 2862 1159 in
2893 1105 2910 1135 ί
2936 1104 3158 1158 modum
3193 1103 3444 1158 llabacuc
3468 1102 3763 1158 reductum
3791 1101 3892 1157 sic-

2287 1209 2343 1253 ut
2373 1199 2462 1254 ille
2491 1198 2762 1254 deductus
2793 1197 2971 1253 fuerat
3001 1198 3054 1250 in
3096 1195 3462 1267 Babylonem.

2357 1292 2705 1348 Circumdedit
2749 1292 2939 1364 Opliel,
2973 1291 3026 1346 id
3059 1302 3163 1358 est,
3220 1290 3555 1344 instauravit
3598 1289 3891 1345 aedilicium

2283 1386 2495 1441 Sanctis
2544 1385 2894 1451 Sanctorum,
2941 1383 3087 1454 quod
3139 1398 3235 1452 pro
3267 1381 3431 1438 idolis
3482 1391 3888 1437 construxerat.

2286 1478 2366 1532 Ad
2395 1476 2710 1532 occidentem
2740 1475 2906 1542 Gron,
2938 1475 2989 1529 id
3021 1486 3126 1541 est,
3158 1489 3188 1529 a
3220 1482 3465 1529 torrente
3508 1472 3668 1530 Geon
3720 1473 3891 1528 adifi-

2284 1587 2409 1626 care
2438 1571 2602 1642 coepit
2633 1585 2803 1641 usque
2830 1570 2898 1626 ad
2932 1579 3142 1640 portam
3175 1567 3430 1639 piscium,
3463 1583 3588 1640 qua:
3615 1577 3704 1625 est
3732 1577 3888 1640 porta

2285 1665 2354 1721 de
2385 1676 2537 1735 parte
2566 1664 2791 1736 Joppes.

2361 1756 2550 1827 (Vers.
2581 1755 2706 1826 I9.)
2747 1754 2961 1825 Scripta
2988 1764 3109 1808 sunt
3156 1756 3208 1808 in
3241 1751 3567 1808 sermonibus
3602 1751 3752 1808 Osci.
3792 1751 3885 1808 llic

584 1854 787 1899 taretur
816 1863 835 1900 :
864 1848 987 1916 quia
1019 1864 1126 1902 non
1159 1847 1500 1916 prohibuitei
1527 1862 1622 1917 per
1651 1846 1969 1917 prophetam
1996 1858 2182 1903 osten-
2214 1850 2258 1909 Β
2286 1849 2415 1904 ΟΖ·ιί
2463 1849 2686 1917 quidam
2736 1847 2929 1902 Isaiam
2973 1847 3279 1917 intelligere
3321 1845 3529 1901 volunt.
3578 1845 3711 1901 Οιθί
3738 1847 3883 1901 enim

580 1935 712 1992 dere
743 1937 1029 1994 thesauros
1073 1954 1223 2003 suos,
1256 1940 1351 1994 sed
1385 1938 1671 1994 thesauros
1713 1940 1907 1994 domus
1939 1939 2176 2006 Domini,

586 2029 726 2084 unde
756 2039 813 2084 et
845 2042 1030 2099 postea
1062 2032 1131 2086 ab
1158 2032 1349 2087 eodem
1383 2031 1644 2102 propheta
1675 2033 1996 2104 objurgatus
2027 2045 2130 2089 est.

661 2121 822 2192 (Ver.
849 2123 938 2177 55.
964 2126 981 2193 )
1025 2122 1090 2177 Et
1114 2124 1424 2194 sepelierunt
1453 2141 1569 2179 eum
1593 2141 1749 2195 super
1773 2126 2016 2197 sepulcra
2037 2126 2180 2194 ﬁlio-

587 2230 701 2266 rum
736 2212 924 2268 David.
960 2214 1027 2270 Et
1057 2215 1160 2270 hoc
1189 2215 1506 2284 notandum,
1539 2218 1664 2288 quia
1695 2217 1972 2273 excelsius
2001 2217 2185 2288 sepul-

585 2321 736 2362 crum
766 2310 980 2364 caeteris
1011 2309 1134 2364 filiis
1167 2310 1339 2365 David
1369 2310 1557 2365 habuit
1587 2311 1764 2366 meriti
1801 2312 2180 2381 praerogativa.

661 2399 830 2470 (Cap.
894 2398 1401 2458 XXXIII.-—Vers.
1447 2403 1536 2472 5.)
1577 2400 1645 2456 Et
1693 2403 1925 2456 adoravit
1981 2419 2184 2457 omnem

592 2498 833 2553 militiam
855 2497 991 2553 cozli.
1027 2499 1321 2556 Duodecim
1354 2500 1528 2570 signa,
1553 2515 1675 2570 qua:
1705 2500 1758 2554 in
1784 2498 2009 2555 zodiaco
2033 2508 2181 2564 sunt,

594 2599 651 2645 ut
682 2593 919 2646 tradunt.

663 2683 865 2755 (Vcrs.
894 2685 983 2756 5.)
1035 2683 1343 2754 rEdiﬁcavit
1373 2696 1545 2738 autem
1594 2702 1654 2739 ea
1703 2697 1887 2739 cuncto
1937 2685 2186 2738 exmeitui

587 2776 724 2843 caeli,
783 2776 833 2830 id
866 2787 968 2841 est,
1003 2777 1105 2832 sub
1135 2776 1354 2831 nomine
1403 2775 1682 2832 stellarum
1731 2776 2094 2843 daemonibus,
2130 2776 2186 2831 in

589 2870 726 2924 valle
759 2870 1040 2938 Benenon,
1091 2885 1211 2941 quae
1240 2870 1351 2924 alio
1381 2871 1500 2925 loco
1544 2869 1844 2926 Gebennon
1877 2871 2094 2938 dicitur,
2131 2871 2184 2925 id

585 2971 686 3030 est,
722 2963 870 3017 vallis
897 2964 1129 3033 ﬁliorum
1157 2963 1366 3019 Ennon.
1403 2965 1498 3019 Est
1517 2964 1662 3020 enim
1686 2965 1802 3020 haec
1827 2965 1967 3021 haud
1997 2965 2185 3037 procul

584 3055 653 3110 ab
681 3057 1014 3125 Jerusalem,
1046 3059 1116 3114 de
1146 3074 1252 3130 qua
1285 3060 1338 3114 in
1367 3057 1605 3115 Ieremia
1637 3069 1693 3114 et
1721 3060 1775 3115 in
1807 3060 2014 3131 Regum
2045 3060 2186 3116 libro

592 3147 749 3215 plene
788 3150 1064 3205 scribitur.
1098 3151 1179 3204 Ah
1209 3166 1272 3205 ea
1301 3152 1447 3207 enim
1490 3151 1701 3222 origine
1745 3153 1952 3223 accepit
1988 3168 2184 3208 nomen

591 3238 875 3294 Gebenna.

668 3333 860 3404 (Vers.
900 3333 982 3389 I0.
1005 3333 1022 3404 )
1065 3334 1392 3406 Loculusque
1417 3346 1491 3390 est
1516 3336 1771 3394 Dominus
1795 3339 1864 3392 ad
1893 3356 2011 3393 eum
2039 3350 2087 3394 et
2115 3339 2185 3393 ad

591 3427 842 3498 papulum
871 3429 985 3499 ejus
1011 3443 1029 3481 :
1061 3439 1108 3480 et
1135 3429 1398 3481 attendere
1442 3430 1718 3485 noluerunt
1747 3434 1798 3484 in
1831 3448 1987 3486 manu
2029 3431 2187 3487 Isaite

593 3520 874 3590 prap/telte.
927 3517 1174 3575 Tradunt
1226 3519 1441 3575 Hebraei
1491 3521 1742 3576 eumdem
1784 3522 2070 3579 Manassen
2124 3523 2186 3578 fi-

588 3610 723 3665 lium
747 3610 914 3667 fuisse
939 3620 965 3648 ίι
991 3613 1114 3667 lilia:
1146 3611 1294 3667 Isaia:
1327 3632 1339 3668 :
1370 3625 1419 3668 et
1453 3613 1574 3669 ideo
1604 3615 1656 3669 in
1688 3616 1791 3672 hoc
1822 3617 1964 3683 loco,
1998 3634 2186 3688 quam—

589 3716 748 3769 quam
782 3717 975 3756 nomen
1025 3702 1216 3758 matris
1247 3701 1534 3771 scribatur,
1594 3706 1762 3775 patris
1814 3717 1992 3761 tamen
2041 3707 2187 3762 illius

590 3809 697 3848 non
729 3795 1020 3851 scribitur:
1047 3797 1172 3867 quia
1205 3797 1460 3867 indignus
1482 3809 1598 3854 erat.
1629 3799 1888 3869 profanus
1914 3817 2010 3856 rex
2037 3811 2185 3856 tanto

591 3904 714 3942 avo.
741 3887 766 3926 ι’
797 3887 1044 3944 Tradunt
1081 3889 1316 3956 Hebraei,
1359 3890 1564 3946 idcirco
1593 3892 1834 3948 occisum
1867 3893 2084 3961 Isaiam,
2119 3909 2186 3949 eo

585 3982 730 4054 quod
761 3998 856 4040 eos
889 3983 1244 4054 appellaverit
1275 3985 1550 4054 principes
1579 3985 1944 4043 Sodomorum
1974 3997 2031 4042 et
2071 3988 2182 4043 Go-

586 4076 843 4132 morrluc.
899 4076 967 4131 Et
1012 4077 1139 4147 quia
1194 4077 1373 4131 dixit:
1425 4075 1542 4131 Vidi
1595 4079 1876 4134 Dominum
1927 4081 2183 4135 sedentem

588 4169 757 4242 (lsai.
789 4186 862 4237 νι,
894 4171 918 4225 1
945 4169 1000 4239 ):
1030 4186 1152 4224 cum
1185 4187 1281 4240 per
1303 4169 1523 4243 Moysen
1554 4171 1779 4236 dixerit,
1811 4171 1935 4227 Non
1957 4174 2186 4227 enimvi—

586 4263 725 4319 debit
757 4279 837 4318 me
880 4264 1030 4318 homo
1060 4279 1106 4318 et
1151 4265 1277 4318 vivet
1312 4265 1522 4336 (Exod.
1560 4280 1764 4333 χχχιιι,
1796 4265 1924 4336 20).
1960 4266 2026 4320 Ει
2056 4265 2182 4336 quia

583 4355 729 4410 dixit
761 4376 775 4408 :
805 4355 971 4410 Addet
1005 4355 1146 4411 Deus
1171 4357 1240 4409 ad
1266 4357 1375 4412 dies
1416 4367 1530 4411 tuos
1555 4357 1850 4428 quindecim
1889 4373 2054 4413 annos
2081 4357 2182 4431 (IV

585 4447 718 4521 Reg.
756 4465 848 4515 xx,
881 4449 983 4517 6):
1011 4464 1077 4505 eo
1108 4450 1251 4520 quod
1305 4465 1398 4519 per
1447 4450 1670 4522 Moysen
1720 4448 1920 4504 dixerit
1949 4467 1961 4501 :
1992 4448 2056 4504 Et
2089 4467 2187 4504 nu-

583 4559 785 4597 merum
813 4543 1016 4597 dierum
1042 4553 1249 4598 tuorum
1279 4543 1514 4615 implebis
1539 4542 1745 4616 (Exod.
1777 4558 1932 4610 χχιιι,
1959 4541 2087 4615 26).
2117 4544 2180 4599 Et

2287 1941 2691 2012 interpretatur,
2752 1942 2879 1994 visio
2908 1955 3042 1994 mea.
3078 1939 3145 1993 Et
3189 1938 3310 1994 ideo
3342 1939 3632 1994 immutate
3663 1938 3883 1993 nomine

2289 2035 2672 2101 introducitur,
2718 2033 2861 2105 quod
2903 2034 3281 2089 manifestatur
3313 2032 3474 2103 longe
3507 2031 3664 2087 istius
3699 2033 3884 2088 merita

2285 2127 2356 2182 ab
2384 2126 2532 2182 illius
2561 2125 2768 2181 meritis
2799 2124 3024 2191 distare,
3056 2124 3150 2195 qui
3179 2139 3304 2179 eum
3336 2122 3630 2179 interfecit.

2358 2218 2529 2291 (Cap.
2552 2216 3050 2272 XXXIV.-—Vers.
3076 2214 3172 2286 9.)
3212 2216 3286 2270 Ab
3319 2216 3458 2269 omni
3486 2231 3694 2286 quoque
3740 2214 3881 2269 ludo

2286 2323 2333 2369 et
2362 2312 2657 2385 Beujamin,
2690 2321 2737 2365 et
2771 2309 3143 2365 habitatoribus
3188 2306 3503 2364 Jerusalem.
3538 2306 3880 2363 Habitatorcs

2285 2407 2583 2464 Jerusalem
2615 2405 2895 2460 dimidiam
2926 2405 3125 2459 tribum
3172 2403 3420 2458 Manasse
3448 2401 3601 2470 dicit,
3645 2405 3736 2472 qui
3769 2403 3882 2474 ple-

2288 2518 2517 2574 rumque
2546 2504 2598 2558 in
2631 2502 2774 2556 tribu
2802 2500 3086 2570 Beniamin
3117 2505 3521 2569 computantur.

2360 2597 2551 2669 (Vers.
2584 2594 2710 2666 22.)
2750 2594 2831 2648 Ad
2863 2591 3091 2648 Holdam
3115 2608 3230 2663 qua
3257 2590 3526 2645 habitabat
3551 2592 3608 2646 in
3633 2593 3876 2646 secunda.

2291 2689 2462 2746 Holda
2510 2704 2648 2744 uxor
2698 2687 2797 2742 fuit
2827 2685 3057 2751 Sellum,
3101 2683 3355 2739 avunculi
3396 2682 3568 2754 patris
3599 2682 3872 2752 Ieremia,

2290 2796 2345 2841 et
2375 2783 2544 2854 patris
2575 2781 2838 2836 Ananeel.
2875 2777 3153 2833 llabitabat
3182 2778 3236 2832 in
3257 2776 3504 2831 secunda.
3536 2777 3718 2832 Locus
3743 2777 3882 2831 enim

2289 2887 2409 2935 erat.
2432 2874 2830 2946 Hierosolymis
2859 2884 3016 2928 extra
3042 2885 3282 2938 murum,
3313 2869 3483 2935 idest,
3508 2869 3655 2925 inter
3675 2885 3885 2925 murum

2285 2973 2522 3029 civitatis
2551 2981 2605 3027 et
2632 2967 2989 3033 antemurale,
3023 2966 3113 3037 qui
3144 2964 3439 3020 vocabatur
3473 2964 3715 3020 secunda
3750 2983 3762 3017 :
3793 2979 3883 3019 cu-

2285 3068 2376 3137 jus
2404 3065 2610 3122 mentio
2640 3064 2700 3118 Iit
2729 3064 2782 3117 in
2812 3060 3090 3132 Sophonia
3121 3062 3406 3129 propheta.
3440 3057 3494 3112 In
3519 3057 3886 3128 Paralipome-

2293 3177 2421 3226 non,
2456 3159 2549 3213 lilii
2581 3157 2804 3223 Tocaat,
2847 3153 2940 3209 lilii
2975 3153 3145 3209 Hasra
3177 3168 3190 3205 :
3228 3152 3281 3206 in
3314 3151 3549 3221 Regum,
3583 3150 3753 3206 Ticua
3782 3150 3884 3205 ﬁlia

2213 3239 2257 3301 C
2289 3255 2482 3310 Araaz.
2517 3253 2722 3308 Tocaat
2743 3250 3152 3320 interpretatur,
3177 3232 3388 3300 stridor.
3423 3245 3620 3312 Hasra,
3656 3244 3881 3299 diutinu-

2289 3349 2378 3404 tio.
2411 3349 2452 3402 Τ
2458 3348 2598 3413 icua,
2620 3362 2756 3418 spes.
2781 3344 2973 3411 Araaz,
3000 3341 3307 3412 negotiator.
3333 3338 3581 3395 Custodis
3603 3335 3632 3375 ἀ
3649 3339 3879 3406 vestium,

2289 3441 2412 3511 quia
2445 3439 2706 3509 templum
2739 3436 2948 3493 Domini
2984 3434 3264 3490 servabat.

2361 3531 2534 3603 (Cap.
2578 3529 2796 3584 XXXV.
2832 3527 3074 3582 —-Vers.
3099 3524 3182 3596 5.)
3214 3524 3404 3579 Ponite
3430 3540 3610 3578 arcam
3647 3527 3702 3580 in
3732 3540 3873 3580 sanc-

2288 3623 2457 3676 tuario
2487 3621 2687 3689 templi,
2715 3621 2852 3690 quod
2877 3619 3151 3687 redi/itavit
3203 3615 3456 3672 Salomon
3506 3617 3652 3686 ﬁlius
3711 3617 3866 3671 Dat-id

2289 3732 2387 3770 rea:
2431 3714 2622 3769 Israel.
2669 3712 2976 3769 Notandum
3031 3709 3174 3781 quod
3225 3724 3350 3764 arca
3382 3708 3602 3764 Domini
3644 3710 3783 3765 elata
3812 3707 3874 3763 de

2290 3806 2492 3876 templo
2522 3805 2640 3870 fuit,
2674 3819 2836 3875 quam
2871 3801 3034 3857 modo
3092 3802 3141 3855 in
3178 3800 3439 3872 templum
3475 3800 3669 3856 reduci
3715 3799 3876 3856 Josias

2293 3899 2575 3968 prmcepit.
2609 3897 2880 3966 Tempore
2915 3895 3060 3951 enim
3089 3893 3296 3958 Achaa,
3327 3893 3551 3963 quando
3598 3893 3876 3948 simulacra

2290 3992 2342 4046 in
2401 3988 2603 4060 templo
2656 3990 2822 4043 missa
2855 3996 3005 4052 sunt,
3039 3987 3180 4042 elata
3215 3993 3301 4042 est
3346 3985 3474 4040 inde
3527 3995 3586 4041 et
3630 3985 3789 4042 ducta
3825 3984 3873 4039 in

2289 4085 2509 4139 domum
2540 4083 2768 4147 Sellum,
2819 4083 2922 4136 viri
2971 4079 3159 4136 IIolda:
3196 4077 3448 4134 avunculi
3478 4077 3757 4145 Ieremia,
3791 4078 3872 4132 ubi

2290 4179 2589 4250 permansit
2619 4192 2794 4248 usque
2816 4175 2884 4231 ad
2913 4185 3128 4246 tempus
3155 4172 3340 4229 Josire.
3366 4171 3480 4228 Nec
3499 4172 3647 4228 enim
3673 4180 3874 4242 poterat

2288 4288 2416 4328 arca
2470 4271 2565 4326 Dei
2617 4285 2742 4327 esse
2785 4270 2838 4324 in
2895 4267 3040 4337 loco,
3095 4266 3189 4322 ubi
3230 4265 3530 4322 simulacra
3577 4264 3876 4319 introducta

2289 4363 2524 4427 fuerant,
2577 4371 2631 4417 et
2661 4361 2966 4433 gentilitius
2998 4374 3128 4414 usus
3176 4369 3230 4414 et
3280 4357 3420 4413 ritus
3465 4355 3877 4414 notandissimus

2287 4458 2517 4514 observa
2527 4456 2706 4512 batur.

2360 4549 2558 4621 (Vera.
2596 4549 2684 4604 15.
2713 4546 2732 4617 )
2760 4544 2978 4602 Stabant
3035 4544 3089 4597 in
3136 4542 3321 4596 ordine
3362 4543 3522 4614 juxta
3569 4548 3878 4611 praceptum

583 4636 709 4706 quia
743 4633 978 4690 dixerit:
1015 4635 1243 4702 Quwrile
1264 4632 1546 4691 Dominum
1573 4635 1698 4689 dum
1729 4636 1952 4690 inveniri
1983 4646 2182 4705 potest:
2217 4622 2264 4682 υ
2290 4639 2465 4695 David
2513 4650 2560 4694 et
2616 4639 2792 4710 Asaplt
2822 4647 2870 4692 et
2913 4634 3116 4699 Eman,
3149 4645 3194 4688 et
3243 4631 3480 4688 Iditltum
3509 4637 3876 4705 prophetarum

581 4732 816 4785 invocate
841 4745 956 4785 eum
981 4728 1106 4784 dum
1137 4746 1296 4802 prape
1318 4739 1392 4785 est
1420 4728 1585 4802 (Isai.
1619 4747 1706 4797 LV,
1741 4730 1837 4800 6),
1868 4747 1990 4787 cum
2033 4733 2182 4788 dica-

581 4831 715 4878 tur:
748 4821 874 4887 Quis
939 4832 1012 4876 est
1057 4831 1161 4876 tam
1206 4824 1548 4895 propinquus,
1603 4826 1861 4892 quomodo
1920 4823 2177 4881 Dominus

575 4914 714 4970 Deus
741 4923 932 4980 noster,
956 4915 1165 4986 quando
1193 4932 1308 4970 eum
1332 4917 1671 4972 invocamus?

649 5006 846 5078 (Vers.
882 5007 1008 5070 15.)
1054 5007 1119 5061 Et
1147 5010 1381 5082 cognorit
1423 5007 1712 5075 Manasses,
1756 5013 1893 5078 quod
1920 5011 2175 5066 Dominus

574 5101 686 5171 ipse
713 5109 790 5154 est
821 5097 982 5154 Deus.
1017 5100 1152 5155 Dum
1177 5100 1325 5156 enim
1358 5101 1413 5156 in
1441 5101 1773 5172 Babylonem
1803 5103 2002 5160 ductus
2033 5103 2169 5160 fuis-

644 5234 661 5263 ⁸
703 5233 993 5312 Historiam
1029 5235 1264 5312 AbacuAci
1295 5253 1494 5312 veram
1519 5240 1766 5312 agnoscit
1795 5240 2041 5312 Scriptor
2069 5243 2176 5297 Hn-

569 5303 774 5371 brmus,
806 5307 1014 5361 sicutet
1039 5322 1161 5362 eam
1187 5305 1458 5364 Catholici
1486 5303 1630 5366 inter
1656 5303 1997 5369 authenticos
2026 5313 2174 5371 Scri-

640 5429 667 5456 ι
706 5419 889 5494 Abest
923 5420 1049 5494 ﬁlia:
1083 5437 1110 5474 a
1141 5438 1266 5478 meo
1296 5438 1423 5488 ms.;
1470 5425 1566 5480 sed
1595 5426 1814 5494 gravius
1859 5427 2030 5482 multo
2062 5439 2172 5484 tum

565 5492 684 5560 ipse
712 5506 835 5568 cum
866 5493 1287 5568 Ambrosianus,
1321 5492 1635 5566 vulgatique
1664 5497 1787 5551 libri
1827 5499 2024 5554 deinde
2047 5514 2172 5568 pec-

562 5575 690 5616 care
731 5563 985 5640 videntur
1025 5567 1079 5620 in
1120 5567 1345 5640 vocibus
1376 5563 1562 5640 patris,
1592 5583 1655 5623 ac
1683 5569 1884 5637 matris,
1915 5563 2058 5640 quas
2077 5571 2168 5626 hic

563 5635 799 5700 putarim
829 5640 1209 5712 transpositas.
1232 5652 1296 5712 ac
1318 5635 1659 5712 legendume
1682 5635 1961 5695 contrario
1980 5657 2166 5712 quam-

561 5720 718 5785 quam
747 5722 930 5785 nomen
959 5709 1122 5785 patris
1149 5709 1856 5785 scribatur,_matris_tamen
1883 5709 2027 5767 illius
2057 5728 2160 5768 non

559 5773 825 5850 scribitur.
859 5773 1126 5850 biiuiirum
1160 5796 1267 5834 non
1313 5773 1629 5836 nominatur
1657 5783 1925 5839 Manassis
1957 5794 2152 5850 mater,

557 5851 680 5906 qum
712 5839 819 5897 tilia
851 5846 1048 5902 dicitur
1096 5851 1265 5919 Isaiae,
1297 5853 1419 5922 quia
1464 5853 1712 5926 indignus
1740 5866 1848 5910 erat
1898 5839 2154 5924 profanus

2287 4735 2445 4806 regis.
2479 4733 2608 4788 Ideo
2659 4731 2940 4803 prophetae
2989 4727 3133 4798 regis
3189 4725 3548 4795 vocabantur,
3596 4727 3722 4798 quia
3756 4741 3874 4781 cum

2289 4827 2458 4882 David
2489 4841 2616 4897 rege
2643 4825 2958 4881 cantabant.

2355 4919 2375 4991 (
2402 4919 2556 4974 Vers.
2600 4917 2716 4989 18.)
2751 4915 2802 4971 Ν
2807 4933 2873 4970 οη
2897 4916 2996 4986 fuit
3025 4914 3200 4970 Phase
3231 4913 3400 4970 simile
3426 4914 3554 4969 huic
3581 4915 3637 4969 in
3666 4912 3872 4970 Israela

2283 5012 2464 5067 diebus
2493 5010 2750 5066 Samuelis
2774 5006 3055 5080 Pmphetce
3079 5022 3098 5062 :
3124 5007 3251 5077 quia
3273 5021 3490 5070 omnes,
3525 5006 3623 5076 qui
3675 5006 3871 5062 inventi

2276 5117 2406 5161 sunt
2433 5106 2485 5160 in
2516 5105 2610 5160 illa
2642 5103 2958 5167 festivitate,
2987 5101 3063 5157 ibi
3085 5111 3296 5170 septem
3328 5099 3527 5157 diebus
3557 5099 3872 5157 commorati

2287 5256 2474 5316 pturas
2505 5243 2792 5316 recipiunt.

2285 5426 2566 5482 Rextanto
2595 5438 2708 5488 avo,
2757 5421 2966 5477 scilicet
3016 5419 3172 5475 Isaia.
3227 5421 3388 5476 Pater
3416 5436 3550 5477 vero
3597 5422 3717 5492 ejus
3750 5419 3867 5476 Eze-

2277 5499 2429 5554 chias
2462 5508 2575 5553 tum
2609 5495 2698 5549 hic
2727 5494 3067 5555 nominatur,
3097 5501 3212 5546 tum
3246 5509 3299 5547 tv
3327 5492 3536 5560 Regum
3566 5494 3661 5548 21.

2349 5570 2375 5609 δ
2415 5566 2616 5638 Confer
2663 5566 2958 5638 Auctorem
2992 5563 3112 5617 libri
3139 5565 3222 5638 de
3252 5562 3535 5638 Prop/telis
3561 5565 3705 5638 apud
3746 5566 3864 5638 Ερί.

2274 5641 2562 5712 pbanium,
2591 5637 2649 5691 S.
2673 5651 2893 5712 quoque
2918 5634 3309 5712 Augustinum,
3343 5650 3406 5688 ac
3437 5634 3860 5712 Tltetidoretum.

2345 5724 2367 5750 ε
2411 5712 2536 5766 Mss.
2563 5709 2861 5762 recordatus
2906 5709 3065 5779 fuisse
3093 5706 3304 5779 dicitur,
3335 5706 3540 5779 quodAa
3563 5716 3734 5779 patre.
3761 5718 3860 5764 etc.

2333 5780 2360 5819 «ι
2403 5783 2507 5837 pro
2555 5779 2792 5840 restium,
2837 5777 2981 5846 quod
3032 5776 3255 5830 verbum
3287 5776 3524 5832 restituit
3564 5776 3738 5840 incus
3767 5797 3860 5834 ms.

2257 5855 2413 5923 juxta
2444 5854 2615 5922 ipsum
2641 5847 2935 5919 Scriptura:
2976 5857 3202 5914 textum,
3235 5857 3394 5904 antea
3431 5859 3554 5906 erat
3592 5852 3795 5921 templi.
