4006 6294
595 339 734 395 nos
1370 338 1460 394 AD
1498 337 1742 393 rouuu
1784 336 1853 392 tu
1889 335 2178 394 ornatui
2215 336 2276 393 s.
2321 333 2709 391 utatiosvut
2749 331 3120 392 Arpcuotx.
3491 304 3498 309 ’
3769 327 3886 384 ne:

591 454 894 509 Jerusalem
928 453 994 507 de
1024 451 1172 508 Urbe
1203 453 1352 507 circa
1382 467 1583 507 annum
1618 452 2163 522 septingentesimum
2195 451 2421 520 scripto,
2456 449 2668 504 duobus
2696 447 3248 504 Palatino-Vaticanis
3270 449 3442 517 paulo
3469 446 3748 516 sequioris
3773 452 3892 498 trn-

597 548 766 616 poris,
799 555 961 616 atque
1009 544 1150 610 aliis,
1181 560 1322 612 quos
1362 545 1427 599 ad
1461 560 1585 599 eum
1619 546 1799 598 locum
1841 544 2203 609 laudabimus,
2259 560 2358 614 pro
2391 553 2549 599 cet-to
2589 543 2889 596 asserimus
2923 551 2981 597 et
3003 541 3420 596 conﬁrmamus.
3453 540 3766 596 Germanus
3801 539 3893 592 led

595 642 716 707 ejus
739 652 934 692 sensus
961 638 1052 694 hic
1079 647 1162 693 est
1190 658 1202 690 :
1231 653 1297 692 ex
1329 638 1447 707 ipso
1483 637 1605 692 .lobi
1652 637 1952 701 volumine,
1981 636 2082 691 hoc
2109 644 2196 691 est
2224 637 2400 705 capite
2429 635 2849 706 quadragesimo
2879 646 2931 689 et
2959 632 3233 704 sequenti,
3285 647 3448 701 posse
3479 647 3580 686 nos
3615 633 3684 686 de
3713 641 3893 684 natura

590 741 912 801 terroreque
961 731 1243 801 multiplici
1271 731 1563 786 Leviathau
1592 747 1654 786 ac
1689 728 1950 785 Beemoth
1974 728 2188 796 plenius
2218 729 2424 800 aliquid
2453 729 2687 795 discere,
2716 728 2942 782 minime
2964 741 3094 782 vero
3122 727 3352 794 editum,
3381 727 3500 779 sive
3529 723 3900 779 elucubratu

593 825 691 878 abs
727 823 1056 894 llterouym‘o
1087 825 1139 877 iu
1181 822 1283 878 Job
1325 823 1816 877 Commentarium.

666 914 794 969 llaec
823 930 945 970 cum
974 916 1043 969 ita
1069 927 1130 969 se
1163 914 1421 978 habeant,
1447 930 1613 969 unum
1643 914 1910 985 reliquum
1942 923 2048 978 est,
2077 912 2148 967 de
2173 927 2370 967 eorum
2391 913 2484 983 qui
2511 912 2613 968 sub
2641 911 2958 982 Hieronymi
2994 908 3221 964 nomine
3251 906 3724 964 circumferuntur
3749 909 3905 963 Con-

591 1011 989 1066 mentariornm
1018 1010 1070 1063 in
1100 1025 1224 1066 eum
1258 1010 1453 1064 librum
1501 1010 1738 1066 Auctore
1772 1010 2103 1079 perquirere.
2138 1010 2254 1076 Qua
2309 1009 2359 1062 in
2402 1023 2461 1062 re
2509 1008 2636 1062 illud
2679 1023 2802 1061 cum
2833 1005 3023 1076 primis
3045 1015 3128 1058 est
3158 1003 3738 1067 animadvertendum,
3765 1003 3905 1072 ejus-

593 1105 743 1160 modi
774 1105 956 1174 operis
982 1117 1214 1175 quatuor
1245 1106 1634 1176 propemodum
1655 1099 1890 1172 esse,th
1919 1120 2020 1175 ego
2041 1102 2262 1173 quidem
2294 1104 2509 1172 opinor,
2544 1102 2703 1156 unius
2735 1099 3044 1170 scriptionis
3066 1095 3428 1165 exemplaria,
3451 1107 3515 1150 at
3541 1096 3707 1166 vulgo
3727 1105 3905 1149 autem

599 1198 934 1263 εςίτιὶωδιιι,
969 1198 1183 1252 diversa
1217 1209 1579 1270 syntagutata.
1615 1199 1878 1266 Primum,
1903 1199 2048 1269 quod
2085 1197 2629 1269 llieronymianorum
2655 1196 2896 1266 Operuut
2941 1205 3221 1266 postremo
3265 1201 3414 1246 torno
3453 1191 3598 1245 inter
3637 1191 3906 1245 adsCititia

593 1299 913 1346 recensetar
942 1291 1086 1359 (suis
1127 1293 1271 1346 enim
1298 1293 1722 1364 unumquodque
1754 1294 1896 1349 notis
1933 1294 2226 1363 designare
2275 1293 2550 1364 oportet),
2585 1292 2827 1349 Joannes
2850 1293 3152 1349 Sichardus
3197 1307 3229 1347 e
3277 1289 3538 1345 Fuldensi
3583 1287 3907 1343 bibliotheca

596 1395 760 1448 eruit,
793 1386 1140 1456 vulgavitque
1173 1387 1416 1443 Basilteze
1443 1403 1512 1442 an
1548 1390 1711 1454 1527,
1763 1389 2003 1460 illudque
2035 1390 2304 1460 Philippi),
2339 1391 2428 1459 qui
2459 1389 2519 1446 S.
2573 1390 2889 1462 llirronytni
2937 1389 3168 1460 insignis
3218 1389 3433 1444 auditor
3463 1388 3582 1448 fuit,
3615 1400 3720 1441 nec
3755 1385 3910 1454 plane

597 1479 877 1535 immerito
907 1481 1199 1536 ascribitur
1231 1499 1243 1534 :
1279 1484 1496 1538 tamct~i
1517 1483 1718 1540 alienis
1747 1485 2022 1539 interdum
2054 1486 2402 1554 glossematis
2433 1485 2753 1556 interpolari
2791 1486 3136 1555 perspicuum
3167 1484 3260 1540 sit.
3294 1485 3566 1548 Alterum,
3599 1483 3644 1536 si
3676 1481 3844 1534 modo
3888 1496 3912 1533 a

600 1576 783 1645 priore
815 1590 986 1645 usque
1016 1575 1151 1629 adeo
1183 1577 1456 1630 lel‘l‘nUlll
1488 1586 1590 1641 est,
1627 1577 1680 1631 in
1709 1577 1866 1632 Bedm
1887 1578 2124 1648 Operutn
2151 1579 2475 1635 collectione
2499 1590 2650 1634 tomo
2685 1579 2746 1634 ιν
2780 1579 3082 1645 invenitur,
3111 1578 3365 1634 Nectario
3393 1577 3637 1643 cuidam,
3669 1585 3765 1629 aut
3787 1574 3910 1628 Vec-

595 1669 757 1730 terio,
792 1667 909 1723 sive
940 1669 1155 1734 Abbati,
1189 1671 1301 1723 sive
1333 1671 1596 1740 episeopo
1628 1671 1968 1740 inscriptum,
2001 1673 2215 1728 auctius
2248 1671 2600 1735 l'rtcl‘atioue,
2637 1673 3023 1743 nonuullisque
3049 1673 3105 1726 in
3137 1674 3256 1740 ipso
3286 1685 3455 1741 opere
3485 1687 3549 1725 ex
3577 1667 3743 1724 Betla'
3773 1669 3891 1732 inge

604 1777 696 1815 nto
728 1763 1076 1817 assumentis.
1133 1762 1375 1816 Tertium
1419 1761 1786 1817 Martianzrum
1822 1764 2188 1834 appellamus,
2249 1774 2439 1830 estque
2471 1763 2584 1818 lucc
2615 1765 2750 1832 ipsa,
2783 1778 2903 1833 qua:
2948 1764 3308 1827 subnectitur,
3343 1761 3711 1814 interlinenris
3738 1758 3908 1829 Em-

607 1853 763 1915 sitio,
793 1867 956 1920 quam
1005 1852 1235 1920 primum
1269 1851 1360 1906 ille
1403 1869 1432 1907 e
1455 1853 1773 1908 Corbeiensi
1804 1853 2038 1922 quodam
2067 1869 2171 1908 ms.
2201 1855 2391 1922 edidit,
2423 1864 2480 1909 et
2504 1853 2723 1909 laudato
2755 1853 3007 1923 Philippo
3047 1853 3106 1909 S.
3155 1853 3403 1908 Ductoris
3447 1851 3624 1907 nostri
3656 1851 3911 1918 discipulo

603 1952 889 2011 acceptam
914 1943 1223 1998 certissime
1245 1943 1416 1998 refert
1443 1959 1506 1997 ex
1553 1958 1617 1997 eo
1647 1946 1788 2014 quod
1819 1945 2074 1999 librarius
2110 1945 2286 2001 codici
2315 1949 2548 2000 attexuit
2577 1946 2889 2016 hujnsmodi
2941 1945 3252 2000 testimonio
3294 1963 3307 1997 :
3359 1943 3490 1998 Hm:
3545 1942 3910 2012 [interpretatio

601 2048 838 2109 excerpta
871 2047 944 2091 est
973 2038 1035 2091 (le
1058 2033 1399 2108 Exposuit-ne
1426 2035 1682 2109 Philippi.
1709 2039 1970 2104 Quartum
2006 2039 2238 2108 denique
2261 2049 2345 2093 est
2371 2039 2793 2093 Mcibomiauun;
2820 2039 2888 2093 de
2919 2039 3137 2092 nomine
3163 2037 3327 2092 Marci
3351 2036 3654 2100 Meibomii,
3688 2036 3741 2089 in
3763 2035 3912 2105 cujus

607 2129 942 2185 Bibliotheca
966 2131 1216 2184 exstabat
1246 2128 1478 2198 Trajecti
1511 2129 1864 2196 Batavorum,
1898 2130 2041 2199 quod
2073 2131 2167 2184 ille
2187 2146 2286 2199 pro
2325 2131 2566 2200 genuino
2596 2130 2911 2201 llierouymi
2943 2129 3052 2184 fetu
3093 2127 3434 2193 venditabat,
3475 2133 3536 2181 et
3584 2126 3901 2197 priusquam

603 2228 886 2297 specimen
917 2239 983 2279 ex
1011 2240 1078 2279 eo
1107 2225 1159 2278 in
1193 2226 1385 2294 vulgus
1413 2225 1683 2293 prodiret,
1715 2239 1816 2295 pro
1855 2238 2118 2295 germano
2157 2223 2480 2279 habebatur.

667 2317 933 2382 Diximus,
963 2332 1068 2370 non
1105 2316 1217 2370 haec
1238 2316 1410 2371 videri
1439 2317 1595 2370 nobis
1626 2319 1902 2370 variorum
1940 2319 2234 2372 Auctorum
2267 2319 2636 2390 ὑπομνήματα,
2666 2315 2760 2371 sed
2789 2333 2855 2370 ex
2889 2332 2994 2369 uno
3021 2315 3196 2385 Opere
3220 2313 3366 2368 varia
3398 2311 3906 2368 consarcinatorum

598 2422 886 2482 excerpta,
919 2412 1009 2481 qui
1042 2426 1139 2480 pro
1168 2409 1337 2466 lubito
1369 2419 1463 2464 aut
1489 2409 1662 2465 fusius
1685 2410 1955 2478 descripta
1989 2410 2348 2475 imminuunt,
2377 2421 2473 2464 aut
2495 2424 2618 2480 quae
2643 2410 2826 2464 sobrie
2858 2409 3004 2462 dicta
3036 2407 3365 2464 videbantur
3386 2449 3400 2471 ,
3433 2406 3800 2476 atnpliticaut.
3838 2407 3907 2460 De

596 2502 810 2556 duobus
833 2516 960 2571 quae
983 2502 1158 2571 primo
1181 2501 1300 2555 loco
1323 2501 1686 2562 nominamus.
1715 2500 1850 2555 nihil
1876 2509 1961 2554 est
1988 2500 2233 2567 dubium,
2265 2501 2309 2554 si
2335 2501 2570 2555 invicem
2595 2500 2874 2555 (turiferas:
2900 2500 3125 2554 totidem
3144 2514 3340 2568 nempe
3362 2498 3562 2552 nedum
3587 2502 3900 2565 sementim,

597 2597 697 2653 sed
729 2597 843 2652 fere
863 2606 994 2652 sunt
1023 2597 1076 2652 in
1109 2607 1339 2667 utroque
1369 2599 1562 2661 verba;
1595 2611 1622 2648 a
1653 2597 1832 2666 capite
1863 2607 2044 2650 autem
2082 2611 2188 2650 xxx
2221 2595 2288 2650 ad
2314 2595 2475 2648 liuent
2504 2609 2677 2665 usque
2707 2593 2894 2648 eadem
2926 2593 3218 2662 utrobique
3241 2599 3300 2647 et
3329 2591 3520 2654 verba,
3550 2605 3623 2644 ne
3646 2589 3915 2645 coronide

599 2690 820 2762 quidem
845 2691 1047 2760 operis,
1085 2697 1144 2745 ut
1172 2689 1421 2745 Valesius
1437 2690 1531 2753 ait,
1557 2690 1948 2758 prretermissa.
1977 2688 2133 2756 Quod
2157 2689 2202 2743 si
2235 2688 2500 2758 ampliora
2529 2688 2804 2741 interdum
2837 2687 2890 2741 iu
2921 2687 3094 2740 altero
3115 2695 3411 2740 occurrunt
3435 2695 3783 2748 assumenta,
3818 2683 3914 2740 hoc

600 2786 858 2840 nimirum
885 2784 1045 2839 Bedze
1072 2784 1288 2852 ingenio
1314 2781 1546 2838 danduut
1576 2792 1679 2848 e~t,
1705 2783 1790 2837 cui
1817 2784 1981 2837 multa
2015 2783 2377 2838 vetustiorum
2405 2781 2628 2851 scriptis
2657 2781 2725 2835 de
2754 2794 2856 2835 suo
2887 2787 3133 2834 attexere
3161 2778 3406 2834 solemne
3432 2779 3564 2834 iuit:
3597 2778 3915 2846 falliturque

603 2877 742 2933 adeo
763 2876 1051 2946 splendide
1075 2875 1367 2943 Victorius,
1395 2876 1486 2946 qui
1511 2877 1651 2946 quod
1680 2875 1933 2946 Philippo
1981 2876 2260 2943 tribuitur,
2296 2876 2453 2931 Βριιςυ
2485 2876 2676 2930 maluit
2701 2875 2998 2943 ascribere,
3029 2883 3192 2939 atque
3219 2889 3248 2930 e
3275 2887 3568 2938 converso,
3603 2872 3750 2943 qttod
3780 2871 3916 2928 Beda

605 2969 1024 3038 consarcinavit,
1057 2969 1306 3041 Philippo
1337 2969 1544 3024 tribuit.
1577 2967 1819 3023 Tertium
1856 2969 1998 3038 ipsa,
2032 2984 2154 3038 quze
2181 2969 2488 3037 apponitur,
2522 2965 2756 3020 studiosi
2798 2977 2952 3032 nota,
2985 2965 3031 3018 si
3059 2975 3254 3018 cetera
3283 2963 3540 3020 deessent
3565 2973 3914 3035 argumenta,

597 3078 631 3118 c
656 3063 893 3131 Philippi
925 3063 1331 3119 commentariis
1355 3063 1588 3120 derivari
1623 3063 1933 3134 persuadet.
1971 3061 2114 3118 Ideni
2136 3063 2191 3118 in
2220 3062 2424 3130 Quarto
2445 3061 2871 3131 deprehendisse
2895 3059 3027 3115 mihi
3053 3062 3200 3114 visus
3223 3075 3367 3122 sum,
3397 3059 3622 3114 tametsi
3654 3067 3836 3113 totum
3866 3061 3914 3110 in

600 3169 668 3211 eo
701 3153 865 3210 fuerit
907 3156 1368 3210 consarcinatoris
1401 3158 1518 3225 ejus
1547 3155 1806 3220 studium,
1835 3164 1899 3210 ut
1927 3155 2150 3210 unitatis
2187 3155 2468 3225 paululum
2495 3155 2700 3219 verbis,
2733 3154 2949 3210 lateret.
2974 3153 3356 3211 Heumantius.
3388 3154 3478 3222 qui
3515 3153 3573 3206 in
3602 3151 3760 3206 Λαὶς
3788 3152 3916 3206 Ent-

605 3249 769 3304 (litor.
807 3247 1076 3317 Lipsieus.
1108 3263 1251 3302 anno
1284 3249 1417 3304 1711
1453 3258 1708 3317 excerpta
1743 3264 1812 3303 ex
1857 3263 1924 3302 eo
1955 3248 2204 3316 quaedam
2251 3248 2509 3317 vulgavit,
2554 3247 2828 3316 ingenium
2860 3249 2913 3301 itt
2944 3262 3011 3303 eo
3043 3243 3255 3301 Rabani
3296 3244 3467 3300 Mauri
3511 3245 3615 3300 sibi
3655 3243 3808 3300 visus
3837 3256 3912 3300 est

615 3339 1059 3412 deprehendisse,
1097 3350 1148 3394 et
1178 3355 1299 3395 cum
1329 3342 1516 3409 primis
1543 3341 1664 3412 styli
1693 3356 1761 3396 ac
1784 3340 2025 3395 tnethodi
2059 3348 2324 3394 summam
2354 3339 2813 3405 convenientiam,
2839 3337 2987 3408 quod
3013 3338 3196 3392 multis
3218 3337 3272 3391 iu
3297 3336 3478 3390 medio
3503 3336 3765 3391 adductis
3791 3336 3914 3391 locis

604 3443 834 3486 conatur
857 3431 1164 3486 ostendere.
1192 3430 1406 3485 Minime
1430 3440 1609 3486 autem
1635 3434 1747 3500 ipse
1776 3430 2041 3484 dimtetur
2067 3425 2381 3496 scriptionis
2402 3430 2724 3495 exilitatem,
2753 3438 2939 3482 utnon
2971 3441 3298 3497 magnopere
3321 3426 3388 3480 de
3412 3425 3625 3494 Repub.
3647 3426 3908 3482 litteraria

618 3526 940 3580 lllt'l‘lilll‘llm
973 3541 1094 3578 eum
1129 3527 1239 3579 lore
1263 3525 1424 3589 dicat,
1456 3525 1546 3594 qui
1580 3523 1725 3576 illam
1753 3523 1808 3576 in
1839 3522 2014 3577 lucem
2043 3522 2310 3591 producat
2336 3524 2619 3592 integram,
2652 3522 2870 3592 plenam
2900 3523 3100 3590 quippe
3123 3521 3376 3585 indoctis,
3412 3531 3466 3576 et
3485 3521 3734 3576 ridiculis
3756 3524 3906 3575 etiam

605 3618 1178 3687 interpretationibus;
1201 3622 1510 3689 rectiusque
1541 3617 1714 3673 multo
1745 3616 2034 3681 facturum,
2068 3617 2210 3686 quod
2235 3625 2290 3672 et
2321 3616 2476 3670 nobis
2503 3616 2727 3684 placuit,
2761 3616 2851 3684 qui
2873 3631 2946 3670 ex
2979 3615 3072 3668 illo
3112 3614 3476 3684 sterquilinio,
3509 3616 3657 3685 quod
3692 3617 3823 3672 utile
3843 3614 3908 3669 vi-

601 3710 845 3776 deretur,
875 3711 1183 3780 colligeret,
1210 3726 1271 3766 ac
1289 3725 1535 3766 seorsum
1563 3710 1773 3774 ederet,
1804 3707 1859 3762 id
1887 3707 2030 3778 quod
2054 3723 2164 3762 una
2198 3708 2279 3761 vel
2311 3706 2478 3760 altera
2513 3706 2718 3776 pagella
2745 3706 3140 3773 comprehendi
3175 3705 3367 3774 putuit.

675 3801 781 3857 Sed
815 3810 941 3856 sunt
971 3810 1228 3870 praeterea
1259 3801 1368 3855 duo
1400 3817 1531 3855 mss.
1563 3799 1805 3866 codices,
1831 3799 1923 3870 qui
1947 3798 2355 3870 Hieronytuiani
2387 3796 2622 3850 nominis
2655 3797 3065 3866 prterogativam
3099 3797 3201 3850 sibi
3231 3796 3540 3864 vendicent,
3569 3809 3710 3866 quos
3742 3808 3909 3853 tamen

606 3904 798 3962 utpote
828 3895 963 3949 nihil
991 3895 1136 3951 inter
1179 3910 1238 3950 se
1275 3894 1543 3958 diversos,
1576 3893 1656 3949 sic
1683 3909 1852 3948 unum
1896 3892 2148 3961 idemque
2176 3906 2298 3945 cum
2332 3889 2697 3945 Meibomiano
2721 3904 2841 3944 esse
2878 3888 3278 3946 contenderim.
3310 3890 3561 3945 Alterum
3589 3890 3906 3956 Romanun,

607 3986 839 4042 alterum
870 3986 1264 4042 Duboisianum
1294 3987 1570 4056 exemplar
1589 3999 1747 4051 voco,
1773 3985 1914 4055 quod
1939 3986 1990 4040 in
2020 3984 2408 4039 bibliothecam
2427 3983 2819 4037 Buboisianam
2847 3999 2876 4036 a
2899 3983 2971 4038 cl.
2997 3983 3264 4053 Biguoriio
3289 3983 3497 4038 illatum
3521 3986 3686 4040 annis
3719 3985 3908 4040 abhinc

605 4075 778 4133 ferme
809 4078 994 4132 decem
1030 4077 1176 4147 Haj:c
1209 4079 1530 4133 distractum
1564 4080 1817 4133 auctione
1846 4088 1950 4132 est.
1983 4073 2115 4148 Ejus
2145 4076 2540 4148 praestantiam,
2575 4085 2632 4129 ut
2663 4075 3048 4141 licitatoribus,
3078 4078 3294 4145 opinor,
3320 4073 3794 4144 commendarent,
3825 4075 3908 4148 qui

602 4173 918 4244 Catalogum
944 4174 1272 4240 instruxere,
1305 4174 1541 4228 rationes
1573 4174 1644 4227 ibi
1673 4171 2269 4241 quasdatnuducctunt,
2291 4170 2487 4240 quibus
2511 4169 2633 4239 jure
2660 4168 2826 4223 tribui
2856 4170 2984 4223 illud
3005 4185 3142 4240 Opus
3167 4170 3502 4242 Hieronymo
3524 4184 3690 4242 posse
3709 4174 3906 4226 dicant.

608 4263 741 4320 Sunt
769 4279 898 4320 vero
931 4265 1034 4320 illa:
1065 4279 1134 4320 ex
1161 4263 1332 4334 ipsius
1355 4262 1688 4320 continentia
1721 4263 1842 4318 libri
1870 4263 2074 4333 petitae,
2099 4271 2159 4315 ut
2192 4260 2440 4330 quamvis
2469 4276 2590 4314 eum
2619 4260 2792 4314 oculis
2821 4275 3088 4331 usurpare
3118 4278 3224 4316 non
3249 4263 3486 4326 licuerit,
3511 4264 3707 4318 exinde
3733 4274 3907 4318 tamen

606 4355 775 4409 certis
807 4356 960 4424 quasi
990 4354 1133 4408 nmis
1165 4355 1423 4426 colligere
1463 4355 1645 4420 liceat,
1680 4353 1928 4408 eumdem
1952 4353 2109 4421 plane
2137 4365 2261 4406 esse
2286 4367 2407 4407 cum
2441 4352 2631 4418 altero,
2660 4351 2775 4407 sive
2799 4351 3070 4418 Romano,
3099 4369 3260 4423 quem
3289 4353 3476 4410 Romae
3502 4355 3764 4411 arbitratu
3793 4369 3910 4411 meo

604 4446 882 4515 inspicere
913 4462 974 4500 ac
1007 4449 1351 4516 pet-villutare
1373 4445 1705 4516 permissum
1738 4454 1842 4500 est.
1871 4443 2236 4501 Deliueaudus
2261 4446 2441 4515 itaque
2463 4457 2548 4500 est
2579 4445 2764 4514 paucis
2789 4446 3061 4500 Romanus
3085 4447 3187 4502 iste
3215 4464 3320 4505 ms.
3346 4448 3502 4511 liber,
3526 4464 3685 4517 quem
3713 4452 3912 4517 perhu-

611 4539 844 4593 maniter
868 4539 1022 4593 nobis
1044 4539 1243 4594 obtulit
1265 4539 1335 4593 el.
1368 4539 1638 4594 Vaticana:
1664 4538 2013 4594 Bibliotheca:
2036 4541 2221 4591 custos
2245 4537 2594 4590 Asscmauius
2621 4553 2632 4590 :
2666 4546 2720 4592 ut
2749 4538 2947 4608 quibus
2967 4539 3298 4606 argumentis
3319 4553 3414 4594 seu
3439 4539 3617 4595 verius
3645 4538 3912 4595 fucislttcc

607 4633 709 4688 sibi
737 4635 1004 4688 hactenus
1031 4633 1472 4702 contparaverint
1489 4632 1842 4703 dignitatem,
1868 4634 1920 4686 in
1937 4631 2128 4701 vulgus
2153 4631 2401 4700 prodeat.
2425 4629 2522 4685 Est
2548 4631 2684 4686 liber
2703 4632 2805 4688 iste
2830 4631 3072 4701 quatitur,
3097 4641 3266 4702 quem
3287 4641 3509 4695 vocant,
3530 4632 3740 4697 tortum,
3766 4632 3907 4688 loliis

607 4744 674 4786 ex
705 4727 1021 4782 membrana
1051 4739 1367 4798 compactus
1399 4727 1615 4782 circiter
1641 4729 1745 4784 150
1773 4736 1826 4782 et
1856 4726 2023 4782 credo
2059 4727 2311 4797 equidem
2340 4740 2545 4796 paucos
2570 4736 2698 4781 ante
2728 4727 3001 4782 iuventam
3033 4726 3504 4798 Typographiram
3536 4736 3712 4782 artem
3745 4741 3908 4782 annos

607 4831 888 4887 exaratos,
917 4820 1061 4891 quod
1081 4821 1409 4891 subelegans
1430 4821 1734 4875 litterarum
1757 4819 2123 4874 conformatio
2145 4819 2404 4874 ostendit.
2425 4818 2585 4873 Initio
2606 4820 2842 4886 priorem
2866 4819 3182 4891 Hieronymi
3210 4819 3595 4874 Prurl'ationem
3624 4821 3677 4874 in
3695 4820 3906 4883 lolium,

607 4929 673 4970 ex
701 4911 971 4968 Hebraica
1003 4913 1234 4967 veritate
1259 4912 1700 4981 interpretatum,
1725 4910 1991 4966 describit
2020 4925 2048 4962 a
2075 4909 2267 4980 primis
2298 4909 2504 4974 verbis,
2527 4910 2699 4982 Cogor
2719 4921 2812 4978 per
2841 4910 3075 4980 singulm
3096 4909 3291 4963 dicitur
3315 4908 3608 4977 Scriptum
3636 4911 3792 4965 libro:
3819 4910 3908 4962 ad-

603 5008 957 5062 versariorum
985 5007 1296 5076 respondere
1327 5007 1616 5062 maledictis
1641 5007 1710 5062 ad
1735 5007 1855 5063 haec
1882 5019 2080 5077 usque:
2117 5005 2296 5081 Elige!
2329 5007 2686 5078 unusquisque
2713 5007 2852 5076 quod
2881 5007 3010 5069 vult.
3043 5016 3092 5061 et
3120 5008 3407 5060 studiosum
3437 5021 3520 5060 me
3547 5008 3733 5078 magis,
3761 5021 3906 5077 quam

605 5103 1122 5171 malivolumprobet.
1152 5100 1247 5156 His
1284 5102 1762 5157 attexitcontinua
1785 5103 1933 5158 serie
1957 5103 2117 5158 aliam
2141 5115 2216 5158 ex
2246 5102 2460 5172 integro
2483 5101 2802 5172 Hieronymi
2822 5101 3201 5156 Pmlationem
3232 5100 3282 5153 in
3301 5099 3556 5155 eumdem
3583 5100 3907 5155 Jobitibruut

605 5207 674 5248 ex
706 5193 1085 5263 Septuaginta,
1116 5190 1316 5245 additis
1347 5191 1543 5258 obelis,
1576 5203 1631 5248 et
1660 5194 1961 5258 asteriscis,
1989 5203 2022 5248 a
2053 5209 2114 5248 se
2159 5192 2474 5248 restitutum
2511 5210 2522 5246 :
2567 5193 2628 5246 Si
2658 5203 2831 5246 autem
2877 5192 3125 5260 ﬁscellam
3145 5193 3310 5262 junro
3339 5201 3587 5259 tam,
3635 5193 3703 5247 ad
3748 5194 3902 5247 linem

603 5303 800 5358 usque,
828 5285 991 5357 magis
1021 5285 1149 5338 utile
1177 5285 1302 5355 quid
1333 5300 1395 5338 ea:
1423 5285 1526 5339 otio
1555 5301 1666 5340 meo
1697 5286 1886 5340 Christi
1917 5285 2168 5342 Ecclesiis
2196 5295 2495 5341 eventurum
2522 5295 2690 5354 ratus,
2721 5301 2877 5357 quam
2903 5301 2967 5339 ex
3003 5285 3227 5338 aliorum
3265 5285 3492 5355 negotio.
3543 5285 3624 5339 Ex
3659 5287 3903 5353 genuinis

606 5378 796 5451 itaque
819 5378 1138 5450 lliemuymi
1170 5375 1612 5441 Praefationibus,
1639 5394 1766 5446 qua:
1791 5377 1913 5434 dum
1933 5388 2059 5434 sunt
2087 5379 2138 5434 itt
2157 5377 2285 5435 Jobi
2307 5378 2486 5448 ipsum
2516 5378 2740 5443 librum,
2773 5392 2878 5431 nou
2909 5377 3064 5430 illum
3088 5376 3306 5446 quidem
3327 5376 3901 5433 Commentar‘roillus-

601 5485 830 5536 tratum,
859 5470 1164 5541 cuiusmodi
1209 5471 1420 5525 nullum
1473 5485 1596 5526 esse
1639 5471 1904 5537 diximus,
1943 5472 2047 5527 sed
2093 5473 2334 5544 primum
2369 5487 2433 5527 ex
2469 5469 2731 5527 Ilebraic’a
2766 5471 2995 5526 veritate
3040 5481 3388 5535 conversum,
3419 5480 3533 5524 tum
3559 5471 3629 5526 ad
3659 5473 3896 5528 Cnemis

601 5566 890 5635 exemplar
913 5563 1286 5630 emendatum,
1316 5563 1576 5634 pleraque
1603 5565 1785 5619 omnia
1813 5565 2224 5620 consarcinator
2251 5564 2545 5636 descripsit
2574 5565 2801 5621 totidem
2836 5564 3042 5625 verbis.
3085 5575 3349 5632 suamne
3371 5565 3428 5618 in
3470 5579 3588 5620 rem
3610 5566 3898 5621 transtulit.

603 5656 870 5711 Eamdem
922 5657 1082 5726 plane
1110 5671 1235 5711 esse
1271 5655 1476 5711 codicis
1507 5656 1833 5710 Duboisiani
1877 5656 2120 5713 fraudem
2152 5658 2503 5727 perstricuum
2535 5669 2639 5712 est.
2672 5657 2804 5712 Nam
2847 5655 2940 5724 qui
2985 5669 3108 5710 cum
3138 5669 3241 5724 pro
3275 5669 3542 5725 germano
3575 5657 3632 5713 S.
3664 5658 3898 5714 Doctor-is

601 5749 714 5802 fetu
747 5749 971 5803 Student
1002 5749 1325 5814 obtrudcre,
1353 5752 1402 5803 iu
1436 5764 1500 5806 eo
1521 5749 1693 5818 aiunt,
1717 5749 2039 5822 Hieronymi
2062 5759 2283 5820 gustum
2311 5749 2549 5817 referre,
2578 5751 2722 5823 quod
2744 5751 2949 5806 Auctor
2975 5763 3117 5802 nunc
3139 5748 3208 5802 de
3230 5750 3444 5802 amntis
3463 5750 3720 5817 queritur
3739 5749 3897 5806 labori

598 5849 702 5894 suo
734 5837 1040 5907 clanculum
1071 5841 1484 5899 dett‘ahettlibtts
1520 5861 1532 5898 :
1569 5857 1707 5917 nunc
1740 5841 2000 5916 antiquos
2028 5845 2380 5920 interpretes,
2424 5843 2694 5926 Aquilam,
2718 5842 3103 5926 Symmachum
3136 5849 3192 5898 et
3223 5840 3669 5914 Theodotionem
3711 5845 3783 5906 de
