4006 6306
654 266 792 323 “07
1425 267 1517 324 AD
1559 264 1807 326 TOMUM
1847 265 1916 323 Ill
1957 266 2247 324 OPERUM
2284 268 2343 323 S.
2388 267 2773 325 ﬂlEllONYMI
2815 268 3185 325 APPENDIX.
3839 271 3921 327 κω

652 387 721 445 Ει
747 398 832 445 est
858 391 1006 445 aliud
1042 390 1265 452 malum,
1302 389 1353 443 id
1384 398 1489 456 est,
1525 388 1797 458 vindictae,
1835 405 1957 461 quas
1988 398 2211 461 propter
2242 398 2523 460 peccatum
2558 406 2587 445 a
2625 391 2733 446 Deo
2765 389 2999 446 infertur
3030 389 3368 447 hominibus.
3402 390 3620 447 Malum
3654 398 3743 447 est
3768 390 3925 461 quidse

653 492 956 553 peccatum,
977 483 1074 539 sed
1103 483 1279 539 libero
1307 481 1543 538 arbitrio
1572 484 1776 539 malum
1806 490 1913 551 est,
1941 483 2088 555 quod
2117 482 2355 537 hominis
2383 483 2665 538 voluntate
2691 482 3153 538 committitur.Et
3178 484 3383 537 malum
3408 491 3497 538 est
3517 480 3929 547 retributionuii,

646 572 702 629 id
740 582 829 629 est
870 576 1101 645 peccati,
1129 573 1350 646 quando
1392 575 1599 645 irrogat
1643 575 1906 630 Dominus
1951 574 2219 644 supplicia
2257 573 2657 644 peccatoribus.
2692 572 2806 629 Hoc
2837 588 2969 644 ergo
2998 573 3223 639 dicitur,
3253 572 3399 642 quod
3434 572 3586 627 nihil
3621 571 3815 627 borum
3841 572 3934 625 acti-

649 660 897 722 dentium
929 669 1197 724 malorum
1228 668 1348 724 sine
1368 667 1577 739 judicio
1611 669 1703 723 Dei
1734 669 1845 723 liat.
1876 668 1997 723 Non
2030 668 2104 722 ita
2136 667 2386 723 naturale
2414 676 2499 722 est
2528 666 2753 731 homini,
2791 676 2848 721 ut
2884 681 2914 720 a
2951 665 3064 721 Deo
3102 675 3348 720 creatum
3376 675 3655 737 putetur;
3682 673 3739 721 et
3767 663 3870 719 ideo
3886 662 3937 718 tli-

650 757 795 812 citur
827 771 842 811 :
874 757 942 813 Et
975 760 1038 815 de
1067 759 1226 815 humo
1251 777 1351 814 non
1384 762 1547 814 oritur
1577 760 1745 824 dolor,
1779 759 1832 813 id
1864 767 1969 825 est,
2003 774 2114 813 non
2148 770 2382 824 naturae,
2414 756 2506 812 sed
2537 757 2732 828 culpae.

730 848 902 905 Homo
930 851 1000 905 ad
1027 852 1257 907 laborem
1286 853 1536 919 nascitur,
1569 861 1618 905 et
1646 853 1756 907 avis
1784 852 1851 905 ad
1883 852 2111 906 volatum
2137 848 2283 923 (Job.
2317 866 2370 916 v,
2403 852 2479 920 7).

651 939 709 996 ιιι
733 953 837 1010 est,
876 944 1026 1000 labor
1053 944 1336 1001 hominem
1370 956 1547 1000 manet
1571 943 1758 1017 [Forte
1783 942 2010 1016 monet],
2044 951 2103 997 ut
2127 943 2194 997 ab
2224 944 2479 998 omnibus
2511 943 2655 998 vitiis
2683 942 2983 1013 castigatus
3015 941 3257 997 incedat.
3293 941 3360 995 Et
3393 939 3452 994 lit
3486 938 3565 994 ad
3602 938 3728 993 hmc
3760 948 3854 993 tam
3874 954 3938 993 ex-

653 1045 960 1107 perrectus,
996 1049 1053 1094 ut
1083 1038 1229 1095 velut
1258 1040 1397 1107 avis,
1427 1054 1549 1111 quae
1578 1039 1901 1095 naturaliter
1930 1038 2171 1094 volatum
2202 1038 2419 1110 arripit,
2453 1038 2523 1093 ita
2557 1048 2611 1094 et
2643 1038 2730 1093 hic
2758 1054 2855 1110 per
2885 1053 3091 1109 agones
3116 1038 3239 1093 vita:
3272 1036 3573 1108 prtesenlis
3601 1035 3788 1092 evolet
3806 1035 3861 1090 ad
3880 1050 3938 1091 su-

657 1143 856 1200 perna.

730 1219 920 1276 Pereat
948 1222 1057 1277 dies
1086 1224 1141 1277 in
1166 1241 1268 1295 qua
1298 1231 1451 1278 natus
1476 1240 1613 1289 sum,
1646 1232 1694 1278 et
1724 1239 1830 1278 uox
1855 1225 1908 1278 in
1937 1240 2039 1295 qua
2065 1225 2265 1278 dictum
2294 1232 2392 1290 est,
2424 1232 2703 1293 conceptus
2727 1232 2801 1278 est
2828 1221 2982 1276 homo
3014 1221 3158 1293 (Job.
3190 1236 3273 1289 nt,
3301 1220 3385 1291 ἓ).

732 1312 798 1368 Ει
830 1314 1101 1371 Jeretnias
1134 1317 1271 1371 dicit
1301 1334 1315 1371 :
1349 1316 1631 1371 Maledicta
1659 1317 1770 1371 dies
1800 1316 1851 1371 iu
1882 1335 1983 1380 qua
2014 1328 2167 1372 natus
2192 1335 2326 1371 sum.

656 1404 887 1472 Quidam
928 1407 1120 1462 dicunt
1168 1418 1413 1478 tempora
1457 1408 1761 1463 nativitatis
1809 1410 2083 1473 humanm,
2131 1425 2253 1480 quae
2305 1408 2718 1478 praeterierunt,
2766 1424 2876 1464 non
2909 1423 3068 1480 posse
3100 1406 3376 1463 maledici.
3410 1406 3593 1465 Certe
3624 1423 3692 1463 ex
3719 1406 3944 1478 superﬂuo

658 1499 1081 1568 maledicuntur,
1112 1517 1233 1573 qua:
1264 1503 1377 1558 suis
1401 1503 1514 1574 jam
1548 1514 1675 1559 sunt
1708 1513 1924 1574 peracta
1954 1504 2381 1560 transcursihus.
2412 1502 2597 1559 Sancti
2624 1504 2679 1558 hi
2708 1502 2881 1557 inﬂati
2912 1504 3104 1573 spiritu
3135 1503 3437 1575 prephetiae
3471 1500 3819 1558 maledicunt
3840 1501 3942 1556 diem

655 1592 960 1647 nativitatis
1006 1591 1254 1649 humana:
1304 1611 1316 1646 :
1361 1594 1505 1664 quod
1550 1594 1769 1666 quidem
1805 1611 1912 1649 non
1948 1596 2065 1648 sine
2100 1594 2456 1649 tribulatione
2486 1609 2582 1648 sua
2616 1593 2853 1659 faciunt;
2888 1593 3134 1647 sentiunt
3164 1594 3367 1664 quippe
3394 1595 3448 1647 in
3481 1607 3577 1660 se,
3608 1590 3942 1661 compatiendo

653 1686 840 1755 generi
888 1685 1149 1749 humano,
1191 1688 1403 1757 justitia
1449 1689 1544 1743 Dei
1586 1689 1913 1744 sententiam
1956 1689 2147 1743 mortis
2190 1687 2417 1743 illatam.
2460 1687 2580 1742 Non
2605 1688 2791 1759 itaque
2833 1687 3109 1752 existimo,
3156 1686 3299 1741 diem
3334 1688 3530 1753 istum,
3565 1688 3665 1757 qui
3697 1686 3938 1741 bominiiu

655 1778 1017 1834 ministerium
1059 1780 1217 1835 datus
1248 1790 1357 1846 est,
1390 1796 1418 1835 a
1449 1782 1663 1837 Sanctis
1697 1790 1846 1835 tanta
1880 1780 2266 1836 exsecratione
2298 1780 2572 1835 maledici.
2602 1779 2872 1849 Tl'Opit‘IBS
2898 1793 3031 1849 ergo
3059 1778 3205 1835 diem
3238 1794 3361 1836 eum
3394 1794 3491 1833 sua
3526 1788 3701 1833 nocte
3730 1777 3829 1832 dici
3854 1787 3937 1830 tunc

658 1869 991 1924 noverimus.
1030 1869 1151 1925 Dies
1182 1886 1418 1943 namque
1451 1880 1505 1927 et
1538 1887 1642 1926 nox
1675 1871 1935 1926 Diabolus
1964 1881 2019 1926 et
2049 1871 2357 1927 mortalitas
2388 1880 2619 1939 possunt
2645 1870 2876 1941 intelligi
2908 1888 2921 1923 :
2950 1884 3056 1924 non
3085 1872 3231 1941 quod
3262 1869 3401 1937 dies,
3433 1879 3492 1924 et
3516 1870 3719 1924 lumen
3743 1868 3938 1923 diabolus

660 1960 752 2027 sit,
786 1962 1097 2017 recedendo
1125 1979 1153 2017 a
1187 1978 1316 2019 vero
1347 1964 1576 2028 lumine,
1607 1965 1701 2019 sed
1732 1964 1873 2035 quod
1903 1964 2023 2019 dies
2050 1964 2217 2021 fuerit
2238 1965 2556 2037 aliquando,
2589 1981 2711 2021 cum
2745 1965 3016 2020 habitaret
3043 1980 3169 2020 cum
3202 1966 3311 2019 Deo
3338 1973 3558 2019 ueterno
3586 1966 3812 2028 lumine,
3835 1964 3939 2017 sicut

657 2051 877 2110 Lucifer
908 2070 974 2109 ex
1002 2071 1196 2110 aurora
1227 2057 1475 2124 diluculi,
1511 2068 1565 2113 et
1597 2058 1738 2128 lapis
1770 2059 2063 2129 splendore
2094 2060 2323 2115 rutilans
2355 2060 2406 2114 in
2444 2059 2694 2129 paradiso
2729 2060 2843 2114 Dei.
2880 2060 2975 2115 Vel
3007 2057 3152 2129 quod
3183 2058 3387 2129 impiis,
3420 2067 3477 2113 et
3509 2058 3881 2129 peccatoribus
3900 2054 3935 2109 in

657 2145 759 2200 hac
794 2148 1193 2218 prosperitate,
1237 2159 1293 2204 et
1336 2149 1592 2204 felicitate
1633 2148 1793 2221 hujus
1836 2150 2019 2205 smeuli
2063 2150 2428 2220 gaudentibus
2459 2151 2578 2206 dies
2610 2165 2731 2206 esse
2764 2150 3034 2205 videatur.
3066 2150 3143 2205 De
3174 2164 3283 2220 quo
3312 2150 3514 2205 dicitur
3556 2170 3571 2205 ;
3608 2150 3869 2220 Auferetur
3894 2147 3935 2197 at

656 2238 835 2309 impiis
873 2239 966 2294 lux
994 2257 1113 2295 sua.
1148 2242 1213 2296 Et
1238 2241 1522 2309 Salomon,
1545 2242 1763 2311 Lumen,
1788 2244 1985 2315 inquit,
2014 2246 2297 2315 impiorum
2323 2246 2697 2317 exstinguetur.
2725 2245 2791 2300 Et
2814 2246 3009 2301 iterum
3037 2263 3052 2301 :
3088 2243 3351 2317 Splendor
3380 2247 3672 2316 impiorum
3696 2254 3935 2316 peccatum.

659 2334 793 2391 Nam
821 2342 876 2389 et
906 2334 1010 2389 hoc
1039 2342 1216 2405 potest
1247 2337 1315 2391 de
1345 2337 1562 2393 diabolo
1593 2338 1726 2402 dici,
1762 2338 1855 2408 qui
1898 2339 2149 2394 inventor
2176 2350 2260 2395 est
2292 2340 2525 2409 peccati.

732 2430 801 2486 Et
846 2436 1089 2504 formavit
1129 2435 1408 2489 Itotninem.
1456 2434 1617 2490 Vides
1655 2449 1788 2505 ergo
1831 2446 2032 2505 quanta
2078 2433 2386 2489 diﬂerentia
2428 2435 2499 2489 sit
2536 2434 2780 2500 facturae,
2825 2442 2878 2489 et
2917 2431 3325 2503 plasmationis.
3368 2429 3525 2498 Quod
3573 2429 3710 2485 fecit
3736 2426 3933 2486 Deusral

659 2528 951 2599 imaginem
994 2545 1149 2585 suam
1195 2531 1344 2599 fecit,
1372 2531 1424 2587 id
1447 2541 1531 2587 est
1572 2534 1809 2588 animam
1846 2551 1856 2587 ε
1889 2543 1944 2588 et
1970 2534 2119 2605 quod
2151 2534 2460 2604 plasmavit.
2491 2549 2693 2603 corpus
2726 2542 2809 2588 est
2837 2532 2904 2587 de
2938 2542 3109 2596 terra,
3143 2544 3307 2601 quam
3339 2528 3653 2584 viviﬁcavit
3677 2528 3859 2584 anima:
3884 2530 3940 2581 in-

659 2620 975 2691 spiratione,
1028 2622 1172 2693 quod
1219 2621 1367 2678 fecit.
1410 2624 1593 2696 Imago
1622 2626 1687 2679 ad
1722 2626 2186 2682 immortalitatem
2221 2628 2456 2698 pertinet
2490 2645 2501 2680 :
2538 2627 2634 2682 Dei
2665 2626 2964 2681 similitudo
2994 2627 3060 2681 ad
3095 2634 3454 2696 potestatem,
3487 2637 3544 2683 et
3580 2624 3937 2697 operationem.

661 2725 718 2769 ut
751 2716 1074 2771 naturalitus
1104 2717 1410 2787 possideret
1442 2720 1728 2789 imaginem
1764 2720 2190 2776 immortalitatis
2221 2720 2317 2776 Dei
2350 2730 2404 2776 et
2431 2720 2847 2776 similitudinem
2881 2721 3169 2791 potestatis
3197 2737 3366 2792 super
3392 2722 3583 2778 omnia
3614 2735 3740 2794 qua:
3766 2729 3940 2774 create-

661 2816 765 2872 rat,
801 2816 856 2861 et
893 2808 993 2875 piis
1022 2810 1281 2881 operibus
1314 2809 1619 2867 imitaretur
1649 2813 1836 2868 Deum.

734 2903 905 2959 Semel
935 2904 1163 2975 loquitur
1194 2906 1334 2961 Deus
1362 2915 1410 2960 et
1438 2908 1664 2961 secundo
1695 2908 1919 2979 idipsum
1952 2924 2055 2961 non
2084 2908 2266 2979 repetit
2298 2924 2316 2961 .'

737 3001 819 3055 Ab
850 3002 969 3070 ipso
999 3000 1270 3072 principio
1300 3001 1511 3066 mundi,
1545 3012 1599 3055 et
1628 3001 1887 3071 deinceps
1916 3016 2136 3071 semper
2168 3002 2387 3056 locutus
2412 3011 2496 3057 est
2531 3003 2673 3057 Deus
2705 3000 3021 3057 hominibus
3049 3011 3106 3057 et
3129 3002 3301 3057 semel
3329 2999 3694 3055 nihilominus
3716 2996 3934 3069 loquitur:

662 3093 756 3148 sed
802 3094 894 3148 ubi
939 3094 1254 3167 frequenter
1296 3098 1443 3167 loqui
1485 3098 1686 3153 dicitur
1730 3099 2017 3163 Dominus,
2063 3100 2147 3153 vel
2192 3098 2277 3152 lex
2310 3098 2427 3169 ejus
2470 3099 2755 3167 multiplex
2786 3108 2892 3165 est,
2929 3099 3013 3154 vel
3045 3099 3329 3169 Propheta:
3358 3106 3415 3153 et
3443 3095 3826 3151 mandatorum
3852 3092 3937 3160 ejus

659 3184 954 3241 diversitas
999 3187 1288 3244 indicatur.
1337 3190 1438 3245 Uhi
1489 3205 1622 3244 vero
1665 3190 1835 3247 semel
1882 3190 2032 3258 IOqui
2072 3190 2426 3262 significatur.
2473 3191 2715 3247 stabilita
2748 3207 2809 3246 ac
2840 3192 3059 3248 deﬁnita
3093 3191 3211 3262 ejus
3239 3191 3515 3246 sententia
3543 3191 3933 3246 demonstratur.

663 3278 827 3347 Loqui
860 3278 1007 3332 enim
1038 3278 1209 3332 Deum
1242 3280 1553 3336 efficientia:
1583 3281 1701 3350 ejus
1731 3281 2074 3352 intelligitur.
2105 3282 2576 3349 Quemadmodum
2605 3291 2659 3338 et
2687 3285 2753 3337 ad
2787 3283 2846 3338 S.
2880 3282 2981 3338 Joh
3012 3282 3278 3337 Dominus
3308 3284 3423 3354 ipse
3454 3284 3549 3345 ait,
3586 3282 3691 3336 Aut
3722 3288 3855 3351 putas
3878 3290 3931 3329 in:

660 3368 815 3422 aliter
854 3368 943 3422 tibi
981 3370 1230 3437 locutum,
1274 3373 1373 3426 nisi
1401 3382 1455 3425 ut
1486 3390 1761 3443 appareres
1782 3375 1981 3444 justus.
2015 3375 2283 3430 Locutum
2316 3390 2375 3430 se
2405 3375 2532 3430 dicit
2565 3392 2660 3445 per
2691 3376 2837 3431 illam
2869 3376 3275 3430 tribulationem
3304 3391 3409 3445 qua
3459 3374 3622 3440 fecit,
3656 3385 3715 3430 ut
3743 3383 3933 3428 tentare-

662 3471 767 3518 tur.
798 3462 866 3517 Et
901 3463 1104 3519 idcirco
1136 3463 1239 3519 hoc
1270 3456 1355 3518 est
1383 3464 1534 3520 illius
1565 3467 1731 3537 loqui,
1765 3468 1907 3537 quod
1943 3467 2143 3523 facere.
2178 3469 2269 3524 Ait
2300 3484 2429 3538 ergo
2461 3469 2616 3525 Heliu
2650 3471 2720 3525 ita
2751 3469 2942 3525 dicens
2973 3485 2986 3521 :
3020 3468 3194 3527 Semel
3225 3468 3453 3539 loquitur
3483 3470 3646 3535 Deus,
3681 3479 3726 3523 et
3754 3464 3927 3523 εεαιηάυ

658 3558 889 3624 idipsttm
931 3574 1030 3611 non
1072 3560 1278 3630 repetit,
1324 3560 1467 3631 quod
1515 3561 1797 3617 locuturus
1825 3562 2047 3631 dicitur,
2081 3564 2183 3617 hoc
2213 3573 2315 3629 est,
2351 3564 2625 3629 immutat,
2660 3564 2764 3619 nisi
2800 3564 2902 3619 hoc
2931 3564 3110 3635 ipsum
3141 3563 3268 3617 vitae
3300 3573 3505 3619 nostra:
3536 3562 3837 3619 immutatio
3860 3558 3929 3612 de

664 3661 941 3721 posceret.

744 3746 932 3799 Omnes
962 3744 1192 3800 homines
1222 3747 1393 3801 vident
1418 3764 1559 3813 eum,
1593 3750 1945 3818 unusquisque
1976 3750 2204 3802 intuetur
2233 3748 2436 3820 procul.

731 3834 837 3889 Per
883 3844 1093 3890 natura:
1136 3851 1248 3890 sua:
1272 3835 1473 3891 bonum
1510 3838 1701 3893 notitia
1730 3838 2011 3894 Creatoris
2040 3838 2182 3894 inest
2211 3839 2474 3894 cordibus
2506 3839 2823 3903 hominum;
2857 3847 2911 3894 et
2940 3838 3188 3907 quamvis
3217 3836 3504 3907 quisquam
3540 3847 3649 3891 tam
3682 3846 3856 3906 pravus
3878 3830 3926 3881 sit

665 3938 718 3986 et
764 3928 1013 3999 frigidus,
1058 3942 1113 3984 ut
1156 3930 1367 3985 alienus
1415 3946 1540 3985 esse
1580 3931 1797 3986 studeat
1839 3946 1867 3985 a
1912 3930 2175 3986 Creatore
2214 3946 2314 3987 suo
2348 3949 2359 3983 :
2396 3931 2579 3986 nullus
2613 3940 2790 3986 tamen
2823 3942 2903 3985 est
2937 3932 3026 4001 qui
3059 3946 3118 3986 se
3147 3928 3450 3985 abscondat
3479 3945 3507 3983 a
3540 3929 3725 3984 calore
3750 3928 3866 3996 ejus.
3892 3930 3930 3974 el

661 4022 786 4078 ideo
828 4026 1203 4096 unusquisque
1243 4026 1577 4089 mortalium,
1610 4025 1737 4079 licet
1759 4025 1827 4079 de
1868 4024 2050 4094 longe,
2084 4024 2274 4089 sentit,
2315 4032 2371 4078 et
2398 4023 2875 4095 intelligitheum.
2921 4021 3271 4076 Dissimiliter
3300 4018 3516 4090 quidem
3552 4020 3791 4083 omnino,
3818 4009 3925 4082 quod

660 4132 770 4173 non
796 4120 937 4175 sicut
961 4135 1162 4190 corpus
1193 4136 1220 4174 a
1248 4121 1450 4190 Spiritu
1483 4130 1728 4175 creatum
1758 4120 1830 4174 ita
1860 4122 2024 4176 sentit
2052 4135 2176 4176 esse
2206 4121 2526 4185 Dominum;
2557 4119 2652 4175 sed
2685 4119 2793 4173 alio
2824 4118 3088 4174 inetlabili
3114 4117 3297 4182 modo,
3331 4130 3439 4187 quo
3468 4117 3611 4171 Deus
3636 4114 3748 4171 acie
3773 4106 3926 4167 mentis

659 4220 743 4267 est
774 4211 1091 4268 intuendus.
1128 4210 1232 4267 Ubi
1263 4212 1316 4268 in
1346 4210 1468 4283 ipso
1498 4211 1690 4267 obtutu
1719 4209 1903 4266 cordis
1932 4211 2293 4282 intelligendo
2320 4211 2471 4268 videt
2501 4210 2689 4277 homo,
2725 4208 2870 4279 quod
2902 4223 3066 4280 supra
3096 4209 3274 4278 ipsum
3309 4215 3396 4262 est
3426 4205 3591 4261 Deus.

734 4375 858 4431 Haec
901 4374 949 4428 si
992 4375 1233 4430 studiose
1276 4379 1344 4429 ad
1384 4390 1511 4429 eum
1551 4372 1803 4429 conferas
1840 4370 2328 4439 Commentarium,
2363 4387 2522 4442 quem
2554 4372 2776 4443 proprie
2804 4371 3045 4426 diximus
3076 4368 3323 4437 Philippo
3354 4368 3578 4434 ascribi,
3610 4366 3661 4422 id
3694 4364 3799 4420 fere
3824 4373 3925 4432 per-

656 4466 868 4521 videbis
894 4466 1165 4522 interesse
1190 4466 1545 4532 discriminis,
1572 4466 1717 4536 quod
1745 4464 1973 4520 studiosi
1998 4466 2377 4534 epitomatoris
2408 4466 2687 4536 ingenium
2721 4464 2931 4520 invexit
2958 4482 2971 4519 :
3002 4473 3059 4517 ut
3087 4477 3418 4533 quamquam
3446 4460 3514 4516 ab
3536 4476 3640 4515 ttno
3666 4459 3762 4513 illo
3782 4453 3924 4514 varia.

660 4571 783 4627 quae
824 4555 1085 4611 hactenus
1127 4556 1525 4621 recensuimus,
1559 4556 2039 4624 interpretamenta
2069 4554 2341 4627 descripta
2374 4556 2504 4622 sint,
2540 4558 2715 4627 ipsum
2748 4566 2927 4610 tamen
2959 4554 3079 4624 ejus
3107 4552 3579 4609 Cotnmentarium
3605 4567 3705 4607 non
3737 4559 3927 4621 prorsns

660 4663 782 4705 esse
811 4648 879 4702 ab
907 4648 1139 4704 aliorum
1170 4657 1262 4703 aut
1286 4647 1637 4713 assumentis,
1670 4656 1763 4702 aut
1787 4646 2003 4703 mulctis
2032 4646 2353 4715 immunem,
2384 4650 2577 4718 suique
2605 4648 2786 4703 nativa
2818 4648 3178 4719 germanitate
3206 4644 3479 4716 integrum
3510 4644 3745 4701 fatearis.

662 4805 3889 4855 Μ

1099 4967 2053 5099 EXPOSITIO
2150 4963 3526 5097 INTERLINEARIS

1847 5207 2289 5314 LIBRI
2416 5203 2739 5310 JOB.

2059 5421 2580 5469 ἤρα-

1139 5586 1401 5650 CAPUT
1438 5586 1778 5650 PRIMUM.
2372 5600 2438 5640 ex
2462 5587 2611 5638 Maria
2633 5584 2891 5651 signiﬁcat.
2916 5580 3226 5636 Consiliatrix
3252 5584 3640 5650 interpretatur.

743 5670 768 5700 ι
798 5664 887 5714 vn-
912 5639 1964 5729 ἀίοιυεάεῐῖἕιῖιῷΞηξῖηἶξὶιῖὶὶῖἑῖιὲιιίοηρε
1983 5666 2269 5729 superabat.
2904 5710 3085 5729 ,“____
3678 5651 3702 5682 ⁸
3739 5646 3819 5698 ³ου
3852 5639 3909 5689 διν

1421 5708 2269 5782 {EB};"ei'ﬁﬁg'ﬁiiﬁﬂérru'ﬁﬁv;
2372 5714 2482 5764 lens
2504 5715 2878 5782 interpretatur.
2904 5710 3087 5773 Typum
3108 5708 3286 5782 Qhristi
3312 5708 3535 5761 ferebat.

655 5777 773 5838 otior
815 5791 1273 5854 fratrisAbraham.
2455 5789 2476 5815 ί·
2517 5768 2802 5837 Vir'erat
2835 5776 2899 5835 in
2932 5768 3102 5837 terra
3130 5771 3156 5811 δ
3182 5772 3348 5851 Ηῑις,
3384 5776 3654 5841 nomine
3681 5788 3701 5817 °
3729 5768 3907 5845 Ῐοδὲδι
