4006 6288
64 320 197 378 “09

62 496 111 546 in
130 494 261 553 bona,
284 492 524 557 simplices
545 492 704 545 autem
724 496 773 545 in
789 495 932 548 nmio.
959 500 1177 557 Quatuor
1199 500 1275 547 bis
1300 492 1513 558 pollebat
1541 501 1635 548 vir-

61 559 258 608 tutibus.
1276 561 1438 610 Deum
1460 563 1637 610 limere

63 627 194 681 erat
224 620 320 699 vir
354 618 515 699 ille}1
549 620 846 699 simplex,
893 627 955 683 et
998 626 1236 698 rectus,
1286 640 1361 684 ac
1404 624 1635 685 timens

63 705 156 757 est,
184 698 309 747 nulla
331 712 440 761 qum
466 698 685 748 facienda
709 708 820 749 sunt
844 703 968 751 bona
1002 703 1267 763 praeterire
1293 718 1305 751 :

60 763 291 843 Deum,
349 767 433 843 et‘
455 763 757 843 recedens
813 781 850 843 a
899 766 1124 827 malo:
1181 766 1447 843 natique
1486 770 1641 826 sunt

59 846 245 907 septem
260 841 383 890 dona
404 840 616 904 Spiritus
630 844 804 906 sancti,
826 842 1034 903 Legem,
1050 840 1388 907 Prophetiam,
1409 844 1641 906 Evange-

59 902 187 953 lium.
444 902 454 904 ⁷
790 902 798 906 ⁷
905 902 921 903 ί
1150 902 1163 907 ⁷
1189 902 1447 955 Perfectus
1465 902 1639 956 nume-

62 966 114 1025 ei
169 968 405 1043 septem
455 964 611 1037 ﬁlii,
666 972 727 1026 et
785 972 915 1029 tres
969 967 1137 1029 ﬁlim.
1193 969 1271 1028 Et
1316 968 1431 1029 fuit
1484 986 1642 1043 pos-

60 1057 139 1093 rus
159 1044 419 1110 perfectam
451 1044 685 1095 Ecclesia:
718 1046 867 1095 vitam
902 1047 1191 1109 signiﬁcant,
1238 1047 1437 1110 plebem
1463 1044 1640 1097 Christi

61 1108 254 1169 sessio
311 1106 476 1185 ejus,
529 1115 768 1185 septem
829 1106 1029 1171 millia
1091 1106 1335 1183 oviu'm,
1396 1116 1457 1169 et
1519 1112 1641 1173 tria

57 1186 333 1263 significant.
360 1187 595 1263 gentilem
616 1188 1158 1263 populum..Jud:eorum
1178 1196 1229 1238 et
1250 1189 1472 1251 gentium
1492 1202 1641 1263 popu-

60 1249 725 1330 milliacamelorum,
768 1251 1126 1330 quingenta
1173 1249 1435 1328 quoque
1482 1249 1639 1330 jnga

60 1326 131 1392 lus
155 1327 471 1392 signiﬁcatur,
489 1330 628 1391 quasi
646 1329 824 1377 munda
850 1336 901 1379 et
919 1326 1163 1378 immunda
1185 1326 1643 1391 animalia,domﬁm

62 1391 286 1469 boum,
359 1397 425 1451 et
494 1393 865 1469 quingentae
940 1392 1181 1469 asinae,
1242 1410 1317 1453 ac
1400 1393 1641 1455 familia

60 1468 280 1521 Ecclesiae
302 1468 675 1534 multiplicatam
690 1472 741 1519 in
762 1470 854 1519 ﬁde
874 1470 938 1519 de
962 1468 1172 1521 diversis
1191 1474 1363 1533 gratiis
1384 1472 1640 1533 signiﬁcat.

860 1534 1058 1598 divitior
1070 1548 1235 1598 super
1257 1546 1430 1582 omnes
1452 1536 1534 1596 qui
1557 1535 1645 1583 ha-

61 1596 251 1657 multa
289 1595 506 1667 nimis,
554 1598 821 1673 eratque
875 1597 975 1655 vir
1018 1595 1438 1673 ille'magnus
1473 1595 1646 1657 inter

62 1675 268 1724 hitabant
289 1677 336 1723 in
362 1673 592 1725 Oriente.
755 1675 816 1725 Et
860 1682 997 1737 pater
1036 1676 1177 1724 dives
1215 1676 1424 1737 dicitur,
1472 1684 1523 1724 et
1560 1676 1644 1725 lilii

65 1755 265 1799 omnes
297 1737 686 1799 Orientales.
753 1739 828 1797 Et
858 1740 1035 1798 ibant
1079 1738 1189 1798 ﬁlii
1239 1737 1401 1815 ejus,
1442 1745 1502 1799 et
1537 1739 1644 1800 fa—

63 1817 326 1894 concordes,
344 1819 500 1881 patris
509 1816 771 1892 dividenda
786 1818 918 1866 inter
930 1831 1017 1894 e_os
1028 1818 1293 1866 substantia
1308 1817 1645 1892 aderat,corda
1676 1835 1723 1894 Β

64 1879 316 1941 ciebant
347 1879 689 1943 convivia
740 1897 874 1959 per
933 1881 1157 1940 domos
1190 1925 1207 1955 ,
1282 1883 1645 1959 unusquis-

64 1966 211 2007 tamen
232 1960 452 2009 omnium
476 1959 685 2008 indivisa
709 1958 918 2008 eharitas
940 1960 1207 2009 retinebat.

64 2037 177 2097 que
216 2022 275 2082 in
326 2023 433 2083 die
472 2039 609 2083 suo.
660 2023 738 2081 Et
782 2023 1105 2082 mittentes
1146 2021 1461 2082 vocabant
1516 2024 1643 2083 tres

64 2116 298 2162 sorores
330 2118 513 2170 suas,
545 2107 615 2162 ut
651 2101 1057 2162 comederent
1091 2105 1155 2162 et
1184 2101 1477 2162 biberent
1499 2120 1645 2162 cum

176 2180 372 2244 septem
396 2181 514 2229 dies
539 2179 855 2238 finiebantur,

64 2242 164 2303 eis.
194 2242 488 2322 Cumque
516 2245 579 2302 in
612 2246 834 2303 orbem
872 2243 1258 2322 transissent
1301 2242 1435 2303 dies
1478 2260 1646 2305 con-

233 2338 291 2372 ex
318 2320 407 2372 hor
430 2324 581 2371 etiam
601 2324 910 2372 sanctitatem
936 2328 984 2370 et
1003 2320 1297 2384 religionem
1315 2334 1449 2370 suam
1477 2332 1647 2372 osten-

62 2384 225 2461 vivii,
272 2386 569 2446 mittebat
611 2387 688 2446 ad
742 2402 851 2445 eos
899 2384 1043 2455 Job,
1094 2392 1156 2444 et
1202 2384 1649 2448 sanetiﬁcabat

62 2464 144 2529 dit,
184 2468 294 2529 quia
324 2468 388 2516 ita
441 2466 733 2527 cupit,eos,
775 2465 916 2529 sicut
947 2466 1303 2529 semetipsum,
1367 2462 1476 2529 Deo
1522 2467 1649 2515 irre-

64 2524 213 2599 illos,
251 2524 790 2606 consurgensque
837 2524 1478 2587 diluculo—offerebat
1519 2528 1647 2587 ho-

62 2608 398 2668 prehensibiles
456 2608 718 2656 exhibere.
774 2605 831 2655 In
876 2606 967 2654 hoc
1021 2614 1224 2668 apparet
1270 2606 1647 2667 primogenitum

67 2672 329 2733 Iocausta
377 2688 503 2748 per
542 2670 858 2747 singulos.
921 2668 1185 2748 Dim-bat
1237 2668 1409 2727 enim
1441 2669 1587 2748 iJob
1628 2691 1645 2733 :

67 2747 221 2813 fuisse,
244 2753 323 2813 qui
341 2747 633 2799 belocausta
661 2757 713 2799 et
736 2748 1026 2813 sacriﬁcium
1050 2747 1313 2813 otl'erebat.
1431 2747 1650 2813 Scriptor

68 2811 147 2871 Nc
200 2808 351 2874 forte
421 2812 839 2890 peccaverint
892 2808 1007 2870 ﬁlii
1073 2812 1249 2890 mei,
1317 2817 1379 2869 et
1440 2808 1647 2890 bene-

69 2893 249 2942 mutavit
266 2889 485 2942 sensum.
1188 2889 1407 2938 Securus
1436 2889 1502 2938 de
1525 2902 1649 2951 epe-

71 2953 321 3017 dixerint
370 2956 507 3016 Deo
552 2954 617 3014 in
654 2952 957 3015 cordibus
1006 2953 1165 3015 suis.
1223 2953 1325 3012 Sic
1377 2952 1650 3014 faciebat

72 3033 192 3083 ribus
210 3038 316 3085 ideo
340 3035 491 3084 corda
517 3033 797 3082 mundabat.

70 3094 174 3156 Job
201 3100 441 3159 cunctis
473 3097 725 3157 diebus.
769 3093 1061 3169 Quadam
1095 3100 1313 3157 autem
1341 3093 1469 3170 die,
1500 3112 1646 3156 cum

325 3176 431 3226 Non
456 3175 620 3225 solum
644 3175 865 3236 Angelos
880 3174 997 3235 Dei,
1031 3175 1120 3223 Sed
1149 3175 1295 3223 etiam
1328 3188 1502 3224 onmes
1524 3177 1649 3225 San-

73 3240 371 3318 venissent
401 3238 869 3318 Angeliiqutg.
902 3237 1071 3313 Filii]
1102 3238 1240 3309 Dei,
1271 3243 1342 3296 ut
1371 3241 1649 3297 assiste-

70 3326 162 3368 ctos
189 3317 536 3383 intelligamus
635 3317 919 3383 Permissus
932 3323 1008 3383 est
1030 3328 1087 3383 se
1111 3320 1335 3366 inserere
1366 3318 1414 3364 in
1436 3318 1650 3383 medium

72 3388 196 3441 rent
232 3380 444 3443 coram
476 3380 773 3450 Domino,
808 3380 1010 3439 adfuit
1073 3381 1239 3438 inter
1286 3396 1397 3438 eos
1456 3381 1647 3441 etiam

71 3457 314 3511 Justorum.
348 3460 456 3509 Non
483 3457 879 3522 ignorantiaiDei
905 3458 1227 3522 exprimitur,
1246 3457 1335 3522 sed
1356 3459 1459 3507 vias
1475 3472 1651 3521 super-

73 3522 340 3585 Satanas.
390 3521 524 3584 Cui
555 3521 719 3582 dixit
764 3521 1125 3581 Dominus:
1177 3521 1355 3582 Unde
1414 3524 1650 3582 venis?

72 3601 329 3664 biadiaboli
347 3604 583 3652 nesciens
600 3599 862 3650 damnavit.
881 3601 977 3664 ljer
1005 3600 1098 3664 hoc
1118 3599 1255 3649 labor
1278 3600 1458 3648 diaboli
1478 3600 1654 3664 digno-

74 3663 178 3736 Qui
224 3667 646 3743 respondens,
696 3664 785 3725 ait
819 3680 833 3719 :
873 3661 1152 3724 Circuiri
1227 3670 1462 3723 terram
1488 3708 1504 3736 ,
1537 3661 1553 3664 θ
1589 3671 1651 3725 et

74 3744 224 3803 scitur,
247 3745 730 3819 adeoququuantus.

74 3804 529 3882 perambulavi'
570 3822 733 3866 eam.
817 3804 1123 3882 Dixitque
1190 3805 1501 3865 Dominus
1570 3805 1647 3866 ad

292 3887 339 3935 in
365 3886 491 3935 coelo
518 3892 653 3934 stare
687 3885 1078 3946 eomtempsit,...
1116 3884 1305 3934 electos
1328 3897 1444 3934 suos
1469 3885 1652 3946 justiﬁ-

75 3962 201 4007 eum
237 3970 251 4007 :
294 3946 627 4027 Numquid
665 3948 1091 4027 considerasti
1125 3965 1397 4025 puerum
1435 3966 1649 4008 meum

71 4027 231 4089 cand...
251 4029 479 4077 nimirum
491 4024 725 4089 'apostata
750 4025 961 4089 angelus
981 4024 1173 4076 fuisset.

71 4087 195 4163 Job,
230 4091 396 4167 quod
435 4087 572 4150 non
604 4090 687 4149 sit
732 4091 787 4148 ei
821 4087 1056 4150 similis
1108 4091 1173 4150 in
1209 4098 1404 4161 terra,
1458 4088 1652 4150 homo

238 4169 372 4219 Idem
396 4169 532 4232 quod
554 4181 720 4230 supra.

72 4228 350 4309 simplex,
380 4228 444 4296 et
474 4228 719 4303 rectus,
758 4236 819 4292 et
859 4232 1086 4293 timens
1128 4232 1360 4303 Deum,
1414 4249 1489 4291 ac
1540 4249 1652 4293 re—

72 4312 279 4374 cedens
351 4329 389 4374 a
440 4311 662 4372 malo?
707 4310 821 4373 Cui
877 4312 1275 4389 respondens
1334 4312 1649 4387 Satanas,

70 4399 119 4437 ac
140 4391 176 4439 si
197 4398 361 4453 aperte
387 4392 553 4449 dicat;
587 4390 680 4449 Qui
703 4398 775 4440 tot
795 4391 925 4440 bona
948 4393 998 4440 in
1025 4399 1158 4440 terra
1191 4391 1388 4453 recipit,
1414 4392 1529 4451 quid
1557 4392 1650 4439 mi-

72 4453 151 4511 ait
181 4476 195 4515 :
224 4452 547 4532 Numquid
572 4452 809 4514 frustra
843 4455 1021 4514 timet
1048 4454 1169 4513 Job
1210 4453 1449 4515 Deum?
1481 4470 1652 4514 non-

69 4542 166 4579 rum
186 4538 276 4596 est,
300 4535 343 4583 si
364 4546 452 4596 pro
476 4533 555 4582 eis
577 4545 692 4581 sese
717 4535 1008 4583 innocenter
1032 4535 1182 4596 gerit.

72 4601 233 4657 netu
261 4593 515 4657 vallasti
549 4612 721 4667 eum,
767 4611 843 4657 ac
883 4593 1145 4655 domum
1182 4593 1345 4672 ejus,
1380 4594 1649 4656 univer-
1675 4613 1726 4673 ι)

72 4688 321 4754 sanique
365 4675 797 4738 substantiam
838 4693 951 4753 per
1000 4674 1373 4747 circuitum,
1430 4676 1652 4753 operi-

73 4750 304 4833 busq'ue
328 4771 647 4817 manuum
664 4755 799 4832 ejus
824 4750 1310 4830 benedixisti,et
1331 4750 1649 4833 possessio

436 4835 509 4885 Ac
532 4835 574 4883 si
591 4835 755 4883 dicat:
781 4833 848 4898 Ea
873 4847 984 4898 quae
1000 4834 1178 4885 dedisti
1202 4834 1460 4898 subtrahe,
1483 4846 1595 4882 nam
1616 4834 1659 4883 si

76 4893 199 4972 ejus
236 4872 1653 4973 πενίίῖἲῖἰῖἓῆτξὲἴέἱῐέἱὶᾱῖὶῖῦἱιῖῖίῖτὶί

73 4985 257 5038 accepta
268 4976 559 5039 perdiderlt,
573 4986 855 5040 reapectum
876 4984 970 5026 tuae
983 4978 1156 5040 gratia:
1176 4977 1352 5025 ablatis
1373 4976 1523 5026 rebus
1534 4981 1656 5025 tem-

74 5059 321 5108 manum
348 5053 555 5122 tuam,
588 5052 647 5109 et
681 5053 869 5128 tange
895 5054 1127 5109 cuncta
1158 5064 1303 5125 quas
1331 5046 1609 5125 possidet
1637 5093 1654 5121 ,

76 5132 307 5191 poralibus
325 5148 424 5185 non
442 5136 714 5200 quaesierit.
740 5135 841 5185 Per
863 5136 1183 5199 antiphrasim
1202 5136 1384 5186 dictum
1413 5143 1506 5197 est,
1526 5139 1656 5201 quod

80 5204 189 5264 nisi
218 5206 279 5267 in
312 5206 476 5270 facie
512 5213 622 5271 tua
662 5206 1061 5271 benedixerit
1102 5207 1237 5269 tibi.
1279 5208 1456 5268 Dixit
1500 5226 1655 5289 ergo

78 5300 167 5339 non
196 5291 281 5343 fuit
312 5307 461 5344 ausus
491 5296 699 5358 scriptor
734 5296 954 5347 historia
979 5307 1068 5347 ore
1093 5308 1183 5346 suo
1216 5296 1265 5344 in
1289 5294 1451 5346 Deum
1484 5296 1657 5347 dicere

79 5358 377 5426 Dominus
419 5365 500 5427 ad
548 5365 847 5429 Satanam
883 5389 898 5428 :
936 5368 1139 5444 Ecce,
1168 5367 1475 5429 universa
1514 5386 1657 5446 qua:

81 5454 270 5504 verbum
293 5455 625 5519 blasphemiae.
649 5456 821 5520 Magna
858 5458 1015 5518 pietas
1042 5457 1232 5506 Domini
1270 5458 1446 5521 nostri,
1466 5458 1660 5509 hostem

86 5521 284 5599 habet,
311 5528 375 5587 in
402 5543 601 5588 manu
635 5535 743 5590 tua
778 5535 930 5589 sunt
963 5550 979 5589 :
1016 5536 1266 5590 tantum
1304 5532 1369 5589 in
1402 5549 1547 5591 eum
1580 5550 1659 5593 ne

84 5619 285 5661 nostrum
310 5616 549 5676 permittit
589 5622 641 5666 et
672 5618 877 5677 retinet,
904 5616 1098 5667 relaxat
1136 5624 1187 5666 et
1222 5615 1410 5679 frenat;
1442 5619 1670 5668 substan-

88 5682 193 5730 tiam
238 5686 409 5747 prodit,
435 5688 524 5736 sed
573 5694 737 5739 tamen
778 5702 956 5753 corpus
1003 5691 1246 5753 protegit,
1293 5691 1422 5751 quod
1468 5691 1669 5753 quidem

92 5755 375 5812 postmodum
398 5761 628 5808 tentatori
654 5759 925 5809 traditurus
958 5766 1054 5821 est,
1079 5759 1169 5809 sed
1210 5767 1375 5809 tamen
1410 5772 1505 5810 non
1528 5762 1669 5810 simul

92 5827 147 5879 ad
163 5831 312 5879 omnia
332 5831 521 5882 relaxat
541 5832 749 5897 hostem,
770 5849 833 5887 ne
852 5835 1069 5900 undique
1091 5835 1276 5886 feriens
1286 5834 1479 5899 frangat
1491 5836 1665 5887 civem.

1007 318 1379 377 EXI‘OSlTIO
1420 318 1959 376 INTERLINEARIS
2001 317 2184 375 LIBRI
2223 317 2365 375 JOB.

480 432 507 471 εἰ
535 438 585 481 nt
611 433 887 501 Apostolus
906 436 1006 501 ait:
1036 436 1158 485 Volo
1175 449 1255 501 vos
1272 433 1511 501 sapientes
1534 448 1637 487 esse
1665 442 1713 501 Α

3207 315 3348 371 “10

2603 435 2642 481 Α
2670 431 2793 481 faeie
2832 430 2941 493 ejus
2964 430 3104 487 exiit,
3125 432 3237 493 quia
3260 445 3322 493 po

1744 501 2053 560 extendas
2116 514 2379 559 manum
2461 503 2664 557 luam.
2734 497 3183 573 Egressusque
3252 500 3351 553 est

1743 584 1973 627 testatem
1988 580 2276 627 tentationis
2286 578 2549 639 accipiens,
2564 575 2621 623 ad
2636 574 2834 623 malitiae
2848 586 2950 623 suae
2964 580 3075 622 vota
3099 575 3348 639 pervenit.

1744 641 2013 702 Satanas
2050 657 2087 700 a
2121 638 2279 699 facie
2302 635 2580 699 Domini.
2622 638 2783 700 Cum
2815 642 3030 698 autem
3066 635 3347 712 quadam

1743 720 1844 780 die
1875 721 1988 780 ﬁlii
2028 723 2090 780 et
2128 717 2277 779 ﬁliae
2323 718 2462 797 ejus
2499 716 2909 779 comederent
2950 722 3009 797 et
3055 714 3351 797 biberent

1744 800 1809 859 in
1872 801 2062 860 domo
2132 795 2372 859 fratris'
2421 798 2521 859 sui
2576 795 3015 875 primogeniti,
3080 795 3349 875 nuntius

2712 876 2875 925 Boves
2898 875 3118 929 arabant,
3142 879 3196 921 ut
3213 874 3349 922 vide-

1746 941 1920 1001 venit
1950 942 2027 1003 ad
2074 941 2217 1012 Job,
2249 940 2359 1019 qui
2392 940 2630 1001 diceret
2662 958 2678 997 :
2717 939 2918 998 Boves
2953 938 3354 1019 arabant,_et

1743 1020 1859 1070 licet
1883 1027 2152 1071 memorato
2174 1014 2335 1069 fruc'tu
2370 1020 2556 1081 aperis,
2592 1029 2737 1067 causa
2777 1022 2969 1066 crescat
2986 1014 3185 1081 doloris.
3231 1015 3354 1065 Ideo

1745 1084 1943 1163 asinae
1995 1079 2661 1163 pascebanturgjuxta
2714 1096 2849 1163 eos,
2898 1086 2959 1163 et
3019 1079 3356 1163 irruerunt

1744 1162 1849 1210 haec
1864 1157 2023 1211 omnia
2034 1169 2271 1224 Operatus
2283 1157 2611 1218 estdiabolus,
2629 1165 2767 1210 uttot
2778 1158 3019 1208 calamital
3030 1157 3137 1205 ibus
3148 1168 3356 1219 exaspe-

1746 1224 1977 1301 Sabaai,
2008 1226 2425 1300 tuleruntque
2451 1225 2698 1296 omnia,
2727 1228 2786 1282 et
2818 1237 3052 1299 pueros
3092 1236 3355 1301 percus-

1744 1310 1896 1359 ratus,
1922 1298 2089 1351 contra
2104 1298 2360 1364 Dominum
2386 1304 2434 1350 in
2468 1298 2825 1364 blasphemiam
2843 1298 3229 1362 erumperet,de
3254 1312 3353 1361 quo

1747 1374 1970 1444 serunt
2002 1366 2065 1426 in
2110 1363 2345 1443 gladio,
2381 1372 2441 1425 et
2478 1363 2654 1425 evasi
2695 1381 2816 1444 ego
2852 1364 3029 1444 solus
3068 1369 3137 1421 ut
3184 1378 3351 1421 nun-

1746 1442 1884 1493 Deus
1907 1451 2021 1494 ante
2048 1442 2278 1506 magnum
2299 1445 2634 1493 testimonium
2663 1442 3018 1505 perhibuisset.

1750 1508 1976 1567 tiarem
2006 1504 2149 1567 tibi.
2186 1508 2476 1583 Cumque
2506 1504 2717 1566 adhuc
2744 1506 3146 1581 loqueretur,
3177 1504 3361 1566 venit

1809 1586 1881 1635 Ac
1898 1586 1940 1633 si
1962 1585 2156 1635 diceret
2181 1600 2193 1634 ε
2215 1584 2344 1633 illius
2368 1584 2846 1634 animadversionem
2863 1584 3268 1646 sustines,quem
3288 1590 3359 1635 tot

1749 1649 1913 1709 alter
1949 1656 2006 1708 et
2048 1648 2206 1709 dixit
2249 1671 2264 1708 :
2302 1649 2475 1725 Ignis
2532 1648 2644 1707 Dei
2705 1647 2930 1709 cecidit
2990 1665 3023 1705 e
3086 1646 3246 1709 ccelo
3296 1655 3360 1707 et

1748 1727 1924 1777 hostiis
1950 1728 2145 1789 placare
2170 1726 2388 1789 voluisti;
2413 1728 2519 1789 ejus
2541 1730 2660 1775 iram
2685 1726 2888 1789 toleras,
2912 1728 2985 1774 cui
3005 1725 3358 1789 quotidie_ser-

1752 1786 1963 1851 tactas
1990 1806 2145 1851 oves
2196 1786 2563 1867 puerOsque
2600 1786 3034 1869 consumpsit,
3064 1797 3123 1849 et
3157 1786 3355 1865 effugi

1751 1872 1891 1917 viens
1913 1869 2191 1917 insudabas.
2790 1868 2919 1918 Ecce
2945 1870 3125 1918 iterum
3150 1879 3215 1930 ne
3243 1869 3357 1930 quid

1752 1949 1872 2010 ego
1904 1931 2079 1991 solus
2108 1938 2179 1991 ut
2221 1931 2591 1993 nuntiarem
2630 1931 2768 2010 tibi.
2832 1931 2947 1991 Sed
2982 1937 3047 2010 et
3099 1929 3208 1989 illo
3246 1929 3359 1990 ad-

1750 2007 1910 2058 minus
1932 2010 1997 2060 de
2021 2010 2230 2059 humana
2257 2010 2555 2060 adversitate
2585 2009 2853 2072 doluisset,
2879 2007 3211 2058 Chaldaeorum
3253 2016 3359 2058 tur-

1752 2072 1879 2132 huc
1918 2074 2248 2149 loquente,
2290 2075 2462 2133 venit
2492 2074 2684 2144 alius,
2723 2078 2785 2132 et
2824 2073 3032 2131 dixit:
3074 2072 3353 2134 Chaldmi

1750 2163 1856 2200 mas
1885 2152 2092 2201 irruissc
2130 2152 2405 2203 denuntiat.
2452 2152 2610 2201 Sabmi
2654 2158 2707 2200 et
2738 2151 2951 2202 Chaldaei
2991 2158 3265 2200 vastatores
3305 2158 3359 2201 et

1754 2215 2042 2277 fecerunt
2077 2221 2204 2276 tres
2238 2222 2511 2286 turmas,
2544 2219 2607 2272 et
2636 2216 3016 2275 invaserunt
3045 2215 3350 2286 camelos,

1754 2300 2102 2356 persecutores
2126 2294 2379 2355 Ecclesiae,
2420 2295 2507 2357 qui
2543 2293 2751 2343 haeresis
2778 2296 3020 2356 pravitate
3042 2304 3230 2354 greges
3254 2291 3357 2341 Do-

1754 2365 1816 2418 et
1844 2361 2136 2419 tulerunt
2176 2375 2312 2429 eos,
2361 2373 2609 2417 necnon
2644 2364 2704 2417 et
2748 2373 2982 2435 pueros
3024 2372 3359 2434 percusse-

1752 2439 1973 2501 minicos,
2001 2444 2053 2487 et
2074 2438 2269 2487 domum
2294 2436 2472 2501 Christi
2496 2436 2737 2501 dissipare
2762 2435 3085 2485 contendunt.

1753 2508 1907 2561 runt
1934 2496 2166 2579 gladio,
2196 2507 2259 2561 et
2288 2517 2407 2577 ego
2447 2498 2575 2576 fugi
2609 2500 2812 2568 solus,
2860 2503 2930 2558 ut
2966 2496 3352 2579 nuntiarem

1913 2578 2125 2629 Callidus
2152 2581 2304 2628 hostis
2320 2580 2455 2640 prius
2479 2589 2648 2640 parva,
2674 2584 2727 2627 et
2752 2584 2860 2638 post
2882 2578 3061 2640 majora
3086 2578 3361 2639 nuntiavit;

1754 2642 1892 2703 tibi.
1927 2643 2149 2703 Adhuc
2174 2642 2561 2720 loquebatur
2592 2643 2725 2718 ille,
2758 2648 2819 2701 et
2856 2659 3002 2702 ecce
3049 2641 3215 2701 alius
3263 2643 3361 2702 in-

1754 2723 1801 2769 in
1833 2731 2060 2771 extremo
2084 2719 2291 2771 filiorum
2329 2727 2537 2770 mortem
2578 2721 2761 2777 intulit,
2790 2727 2844 2769 ut
2877 2719 3161 2781 patientiam
3205 2724 3361 2771 sancti

1756 2785 1973 2862 travit,
1999 2793 2057 2845 et
2085 2786 2243 2845 dixit
2274 2804 2287 2843 :
2323 2784 2499 2844 Filiis
2532 2784 2657 2844 tuis
2690 2791 2751 2845 et
2788 2783 3043 2844 ﬁliabus
3095 2801 3359 2845 vescen-

1753 2862 1857 2927 γετί
1883 2872 2154 2927 rumperet.
2182 2864 2237 2912 In
2262 2864 2466 2924 maioris
2496 2862 2662 2913 fratris
2680 2864 2824 2913 domo
2846 2862 3231 2927 convivabantur
3251 2876 3360 2913 cum

1755 2926 1922 2987 tibus
1977 2924 2039 2987 et
2096 2927 2457 2987 bibentibus
2516 2928 2736 2987 vinum
2788 2928 2856 2987 in
2899 2926 3090 2986 domo
3138 2924 3357 2987 fratris

1754 3012 1991 3067 pereunt,
2016 3007 2127 3067 quia
2154 3019 2261 3055 cum
2289 3005 2499 3066 majores
2524 3006 2859 3067 voluptatibus
2877 3007 3187 3066 deserviunt,
3214 3007 3361 3055 nimi-

1754 3071 1854 3127 sui
1913 3069 2349 3146 primogeniti,
2411 3079 2676 3146 repente
2728 3076 2956 3130 ventus
3013 3068 3357 3131 vehemens

1752 3160 1857 3212 rum
1903 3149 1949 3195 in
1996 3148 2265 3196 minoribus
2310 3148 2522 3198 lasciviae
2566 3148 2705 3198 irena
2750 3148 2996 3198 laxantur.
3040 3146 3218 3212 Notum
3262 3156 3360 3212 est,

1677 3226 1721 3287 ρ
1760 3211 1947 3270 irruit
1976 3228 2013 3271 a
2042 3212 2305 3288 regione
2331 3213 2592 3287 deserti,
2617 3218 2676 3271 et
2706 3211 3109 3289 consumpsit
3144 3211 3357 3289 [γαίας

1756 3290 1885 3351 quod
1906 3291 2091 3350 absque
2113 3303 2332 3353 superno
2355 3298 2477 3341 nutu
2514 3292 2765 3341 elementa
2789 3292 2980 3343 moveri
3015 3304 3110 3401 ripa
3141 3298 3359 3402 pqssupt.

3068 3361 3182 3402 aten
3213 3368 3267 3402 er
3306 3367 3359 3401 n-

3068 3360 3267 3402 atenter
3287 3360 3359 3402 in-

1755 3416 2103 3495 concussit]
2136 3422 2421 3493 quatuor
2456 3418 2731 3495 angulos
2756 3418 3010 3490 domus,
3042 3432 3187 3491 quae
3216 3432 3358 3475 cor-

1754 3493 1931 3555 fertur,
1972 3497 2105 3557 quod
2143 3496 2248 3557 ipse
2292 3493 2837 3558 elementa—moveret,
2882 3496 2967 3557 qui
3002 3506 3204 3558 movere
3244 3507 3330 3555 per

1753 3573 1950 3647 ruens
1989 3556 2308 3637 Oppressit
2337 3560 2572 3621 liberos
2617 3566 2787 3633 tuos,
2822 3556 3155 3684 etmorluiI
3179 3561 3352 3683 spat,

1753 3645 1907 3684 mtsnt.
3163 3649 3192 3683 η
3235 3644 3352 3684 οτιι-

1753 3637 1907 3685 misit.
3137 3637 3192 3684 In
3217 3637 3357 3686 forti-

1754 3698 2042 3779 etiellugi
2075 3718 2195 3779 ego
2232 3701 2437 3778 solus,
2474 3707 2545 3762 ut
2589 3702 2954 3763 nuntiarem
2985 3700 3122 3759 tibi.
3171 3700 3355 3760 Tunc

1755 3778 1972 3845 tudinem
1998 3778 2287 3845 tolerantiae.
2315 3782 2563 3845 Signiﬁcat
2587 3782 2792 3841 luctum,
2808 3792 2904 3828 non
2925 3792 2987 3828 ex
3001 3779 3356 3840 desperatione

1754 3842 2017 3907 tristitiam,
2046 3843 2221 3907 et_pios
2246 3844 2309 3890 al)
2327 3842 2487 3906 impiis
2510 3851 2785 3907 separatos.

1754 3905 2039 3963 surrexit
2087 3903 2233 3979 Job,
2287 3911 2348 3964 et
2396 3903 2585 3968 scidit
2645 3907 2929 3966 tunicam
2995 3921 3179 3967 suam
3213 3949 3230 3981 ,
3292 3911 3354 3967 et

1817 3981 2107 4047 Superﬂua,
2125 3987 2179 4031 et
2202 3984 2389 4033 inutilia
2415 3987 2685 4036 resecanda
2709 3984 2969 4047 signiﬁcat.

1755 4046 1942 4104 tonso
1973 4046 2179 4119 capite
2216 4063 2527 4109 corruens
2561 4050 2625 4108 in
2660 4044 2895 4108 terram
2933 4044 3249 4118 adoravit,
3290 4054 3354 4107 et

2032 4122 2293 4190 Hominem
2316 4131 2449 4176 terra
2476 4128 2656 4177 nudum
2675 4127 2915 4190 producit,
2940 4133 2990 4175 et
3012 4125 3195 4190 nu_d_um
3224 4127 3355 4190 reci-

1752 4186 1841 4251 pit.
1875 4183 2229 4251 ANullausorde
2266 4191 2453 4249 peccati
2486 4183 2742 4251 originalis
2782 4183 3031 4251 aspersus.
3069 4185 3189 4237 Hice
3227 4188 3357 4238 dicta

1752 4247 1917 4329 dixit
1963 4266 1978 4306 :
2033 4247 2598 4329 Nudns‘egressu's
2655 4270 2797 4313 sum
2834 4247 2911 4321 de
2966 4258 3150 4311 utero
3210 4267 3355 4313 ma-

1753 4326 1946 4377 Christo
1962 4331 2284 4379 conveniunt.

1939 4389 2013 4439 Ad
2037 4404 2236 4440 carnem
2256 4405 2395 4441 suam
2419 4393 2791 4443 resurrectione
2811 4394 3079 4443 rediturus.
3119 4392 3282 4442 Bonos
3307 4394 3354 4443 in

1755 4452 1869 4513 tris
1905 4471 2085 4527 mete,
2122 4454 2331 4515 nudus
2381 4462 2440 4513 et
2478 4464 2770 4517 revertar
2808 4458 2985 4516 illuc.
3045 4456 3357 4517 Dominus

1752 4532 2092 4599 hzereditatem
2117 4534 2229 4590 sibi,
2257 4542 2309 4583 et
2326 4534 2487 4599 malos
2504 4535 2722 4589 abstulit.
2846 4535 2960 4599 Ipse
2979 4538 3063 4598 qui
3090 4535 3247 4595 dedit,
3275 4550 3361 4586 sua

1754 4596 1952 4657 recipit,
1981 4608 2075 4643 non
2104 4603 2267 4643 nostra
2293 4597 2513 4647 abstulit.

1756 4658 2303 4737 dedit,Dominus
2340 4661 2648 4737 abstulit;
2693 4661 2774 4722 sit
2824 4679 3060 4722 nomen
3106 4661 3358 4722 Domini

1758 4736 2165 4821 benedictum
2200 4739 2533 4821 insrecula
2571 4741 2868 4821 [InYulg.
2917 4741 3358 4821 desideratur].

1759 4815 1884 4874 Quia
1908 4827 2003 4865 nec
2021 4829 2113 4882 per
2135 4819 2483 4882 conscientiam
2508 4815 2682 4870 tacitus
2707 4815 2901 4879 tumuit,
2940 4833 3035 4870 nec
3074 4815 3361 4882 linguamin

1760 4880 2112 4927 contumaciam
2135 4879 2340 4930 laxavit.
3146 4879 3162 4882 '
3192 4880 3359 4930 Stulte

1761 4939 1833 4999 In
1878 4944 2181 5022 omnibus
2229 4944 2327 5003 bis
2388 4959 2515 5005 non
2572 4943 2863 5022 peccavit
2924 4943 3088 5016 Job,
3150 4958 3361 5022 neque

1762 5030 1859 5067 non
1874 5021 2042 5086 potuit
2075 5020 2217 5086 loqui
2234 5023 2475 5084 sapientia
2498 5020 2669 5086 patris.
2771 5085 2776 5086 ν
3256 5020 3273 5022 _
3302 5030 3307 5043 ³

1763 5083 2030 5143 stultum
2067 5084 2221 5162 quid
2256 5083 2721 5149 cOntra'Deum
2766 5085 3022 5149 locutus
3058 5087 3179 5148 est.

2364 5209 2623 5274 CAPUT
2667 5212 2749 5273 ll.

2551 5339 2675 5401 Quia
2696 5340 2897 5405 Spiritus
2914 5339 3226 5405 Angelorum
3252 5340 3368 5392 illuc

1847 5398 2115 5482 Factum
2154 5404 2525 5482 estautem,
2568 5398 3042 5482 cum‘quadam
3093 5404 3196 5466 die
3248 5423 3368 5465 ve-

1766 5479 2089 5541 conversione
2100 5479 2470 5541 redeunt,unde
2483 5479 2612 5532 nulla
2626 5479 2804 5533 mentis
2815 5486 3072 5535 aversione
3084 5483 3367 5533 discedunt.

1774 5540 2165 5622 nissentﬁlii
2206 5540 2354 5622 Dei,
2386 5551 2449 5606 et
2500 5553 2747 5608 starent
2795 5564 3013 5609 coram
3061 5547 3364 5622 Domino,

1773 5618 2011 5689 Quiaetsl
2032 5620 2641 5689 beatitudinem_perdidit,
2661 5631 2884 5675 naturam
2897 5634 3060 5676 tamen
3073 5626 3147 5675 eis
3157 5618 3368 5675 similem

1775 5684 2052 5769 venisset
2080 5701 2359 5769 quoque
2377 5684 2845 5769 Satanasinter
2874 5708 3018 5761 eos,
3067 5696 3128 5751 et
3166 5696 3370 5769 staret

1773 5774 1869 5832 non
1896 5763 2079 5826 amisit,
2093 5759 2147 5812 et
2168 5759 2299 5814 oculi
2320 5764 2535 5832 Domini,
2557 5775 2612 5817 ut
2630 5767 2752 5832 dicit
2771 5759 3043 5832 Scriptura,
3060 5767 3373 5832 speculmttur

1773 5824 1837 5885 in
1892 5824 2235 5906 conspectu
2294 5827 2472 5905 ejus,
2521 5824 2587 5890 ut
2638 5824 2896 5895 diceret'
2928 5824 3238 5895 Dominus
3291 5830 3372 5899 ad
