3964 6294
631 219 650 272 l
673 213 768 272 l67

1384 210 1476 266 AD
1516 203 1758 268 TOMUM
1797 201 1864 265 lli
1899 201 2190 266 OPERUH
2212 201 2278 267 Si
2321 201 2708 266 IIERONYMI
2747 207 3130 266 APPENDIX.

3805 211 3911 270 NQ

907 327 1030 390 Quia
1060 333 1246 390 partem
1273 325 1575 390 Angelorum
1591 337 1760 376 secum
1777 327 1947 376 traxit.
2015 324 2225 376 Sanctus
2250 328 2297 390 Α
2328 326 2655 376 intercedere
2680 325 2869 384 sitim.
2892 323 2992 373 sibi
3012 325 3177 384 potius
3217 335 3282 374 ex
3325 327 3431 387 ipsa
3467 324 3720 390 charity.
3761 321 3910 390 suis.

630 397 904 460 hastam.
956 390 1090 450 Sub
1140 392 1279 468 ipso
1317 397 1508 449 erunt
1544 391 1705 450 radii
1757 392 1955 468 solis:
1996 391 2224 450 sternit

622 475 721 528 sibi
743 473 922 524 sternit
940 471 1079 534 quasi
1102 465 1277 530 lutum,
1303 479 1413 520 cum
1437 481 1524 519 eos
1541 469 1888 534 sibisubditos
1908 465 2022 534 facit
2041 470 2093 518 in
2115 482 2224 534 θυι-τ

622 531 1121 598 dibuspeccatorum.
1248 594 1259 598 _
1317 595 1328 598 _
1599 531 1741 598 _iloc
1787 531 2063 598 saeuitum,
2093 531 2224 598 quod

625 601 746 661 sibi
790 594 1025 658 aurum
1076 594 1261 672 quasi
1317 595 1543 654 lutum.
1599 595 1984 654 Fervescere
2036 594 2222 654 faciet

623 680 774 728 maris
812 675 1052 739 profundo
1088 683 1425 736 comparatur,
1465 673 1752 724 fervescere
1788 673 1914 739 tavit
1947 673 2222 739 ad_iniqui-

623 748 793 790 tatem.
814 732 828 739 ⁷
1201 732 1210 736 ⁷
1412 732 1419 735 ⁷
1857 732 2093 784 Diabolus
2107 732 2225 783 suos

622 803 809 882 quasi
867 800 1074 882 ollam
1133 798 1527 882 profundum
1587 797 1830 882 maris,
1893 805 1958 882 e_t
2026 804 2222 882 ponet

622 877 866 946 sequaces
897 880 1078 928 carnali
1115 877 1517 941 concupiscentia
1555 877 1802 937 accendit,
1829 877 2152 946 utﬁferveautn
2163 878 2222 925 ad

619 939 826 994 amanda
855 950 1072 991 terrena.
1279 939 1293 941 ⁷
1874 940 1996 998 Quia
2031 940 2082 988 in
2124 939 2222 988 ﬁne

627 1007 808 1084 quasi
862 1021 1009 1066 cum
1069 1009 1402 1082 unguenta
1460 1003 1802 1063 ebulliunt.
1869 1004 2015 1084 Post
2069 1019 2220 1062 eum

621 1083 866 1147 intelliget
882 1097 938 1132 se
953 1096 1114 1147 egere
1127 1084 1437 1147 plliltllﬂlllla,
1453 1095 1596 1147 quam
1613 1093 1875 1147 numquam
1903 1083 2217 1145 adipiscetur.

1102 1146 1330 1194 Mundnm
1354 1145 1515 1193 credit
1539 1146 1588 1195 in
1616 1145 1830 1206 peccatis
1855 1156 2056 1206 semper
2081 1157 2220 1192 man-

618 1223 809 1271 surum,
836 1221 933 1257 non
959 1210 1225 1258 attendens
1250 1215 1357 1268 post
1383 1208 1626 1257 Christum
1653 1219 1966 1255 conversum.

621 1267 860 1333 lucebit
887 1273 1149 1344 semita;
1187 1267 1527 1332 mstimabit
1564 1275 1868 1346 abyssum
1898 1267 2088 1346 quasi
2121 1285 2220 1329 se-

996 1351 1112 1412 quia
1132 1349 1262 1399 nulla
1283 1356 1507 1398 creatura
1534 1350 1580 1397 in
1604 1354 1854 1410 potestate
1876 1350 1986 1398 talis
2005 1355 2102 1406 est,
2127 1360 2220 1397 nec

624 1417 1033 1487 nascentem;
1083 1429 1209 1472 non
1261 1418 1359 1472 cst
1405 1428 1599 1490 super
1647 1417 1882 1470 terram
1933 1417 2215 1488 potestas

622 1493 805 1541 malitia
832 1502 883 1542 et
909 1494 1147 1554 nequitia.
1243 1494 1315 1540 sic
1337 1495 1382 1539 in
1400 1492 1582 1554 duritia
1597 1499 1770 1540 estcor
1783 1491 1910 1552 ejus,
1925 1493 2038 1538 dum
2062 1491 2220 1552 primo

625 1569 769 1632 qua}
797 1552 1208 1632 comparetur
1235 1556 1293 1613 ci
1323 1573 1336 1612 :
1369 1555 1477 1629 qui
1511 1552 1719 1613 factus
1749 1563 1848 1632 est
1871 1561 1941 1612 ut
1965 1556 2217 1612 nullum

619 1631 792 1696 moues
812 1631 1146 1696 praecellebat.
1195 1633 1246 1682 lu
1261 1632 1628 1696 subhmcatque
1644 1633 1691 1680 in
1711 1631 1963 1696 excelsum
1985 1634 2212 1696 erigitur.

622 1693 778 1759 Caput
802 1693 854 1746 et
879 1699 1107 1759 princeps
1125 1696 1337 1746 omnium
1359 1693 1706 1759 superborum.
1735 1693 1909 1755 Angeh
1929 1696 2039 1754 ejus
2059 1702 2109 1744 et
2127 1694 2216 1742 ho-

621 1758 894 1819 timerct.
953 1758 1158 1819 Onine
1189 1759 1461 1820 sublime
1488 1758 1685 1829 videt,
1717 1764 1780 1817 et
1812 1761 1947 1835 ipse
1975 1765 2072 1818 est
2099 1774 2214 1816 rex

625 1839 788 1886 mines
811 1839 945 1900 impii
968 1837 1083 1886 facti
1107 1845 1222 1887 sunt
1245 1835 1328 1900 lilii
1353 1837 1601 1898 superbiae
1636 1837 1763 1900 ejus,
1797 1836 2052 1886 imitantes
2086 1849 2220 1887 eum.

618 1916 816 1981 super
853 1898 1189 1962 universos
1242 1898 1408 1959 ﬁlios
1449 1899 1791 1976 superbiae.

1177 2069 1434 2133 CAPUT
1480 2059 1678 2128 XLII.

703 2212 1121 2291 Respondeas
1180 2223 1398 2276 autem
1447 2215 1570 2274 Job
1637 2213 1945 2282 Domino,
2003 2214 2216 2274 dixit:

617 2293 875 2343 Diabolum
905 2294 1131 2344 humilias
1163 2295 1408 2357 quomodo
1443 2295 1541 2351 vis,
1581 2301 1635 2342 et
1675 2303 1859 2354 quanto
1900 2295 1988 2343 vis.
2033 2293 2089 2342 B.
2125 2293 2221 2343 Joh

655 2357 870 2406 (enitens
898 2358 1004 2405 Deo
1021 2360 1352 2419 cogitationes
1373 2371 1487 2406 suas
1509 2358 1790 2406 conﬁtetur.

618 2371 768 2480 gcio
815 2421 975 2480 auia
1001 2422 1218 2480 omnia
1259 2427 1464 2480 notes.
1497 2427 1559 2479 et
1600 2420 1774 2478 nulla

670 2423 768 2482 cio
815 2421 975 2498 quia
1001 2422 1218 2480 omnia
1259 2427 1464 2496 potes,
1497 2427 1559 2479 et
1600 2420 1774 2478 nulla
1809 2423 1867 2478 te
1920 2419 2075 2478 latet
2101 2435 2210 2478 co-

809 2499 969 2549 Nemo
983 2505 1144 2556 potest
1161 2500 1416 2548 consilium
1429 2512 1454 2547 a
1467 2500 1769 2548 conscientia
1788 2504 1867 2546 tua
1887 2498 2214 2547 abscondere.

622 2562 872 2641 gitatio.
927 2561 1086 2636 Quis
1117 2568 1208 2624 est
1243 2562 1354 2639 qui
1392 2565 1557 2623 celat
1585 2561 1931 2621 consilium
1968 2562 2216 2639 absque

994 2641 1102 2717 :lam
1127 2644 1177 2691 in
1201 2641 1631 2717 subsequentibus
1644 2653 1868 2689 errorem
1889 2651 2032 2689 suum
2060 2641 2215 2717 mani:

619 2705 941 2768 scientia?
988 2705 1136 2765 Ideo
1199 2705 1572 2781 insipienter
1619 2705 1870 2763 loculus
1927 2721 2097 2777 sum,
2151 2709 2214 2764 et

618 2782 833 2846 festavit,
861 2794 914 2832 et
938 2784 1275 2846 insipientiam
1301 2782 1582 2841 conﬁtetur,
1609 2795 1700 2845 per
1721 2791 1870 2842 quam
1895 2783 2128 2846 ignorans
2153 2783 2214 2832 ad

617 2845 778 2895 Deum
806 2844 1261 2906 lo-tuendi'modum
1285 2848 1581 2904 excesserit,
1606 2844 1659 2894 et
1684 2858 1775 2906 per
1800 2846 2022 2894 notitiam
2044 2844 2212 2894 incre-

616 2911 826 2968 patiouis
847 2909 1027 2982 dtt'inaa
1052 2908 1112 2956 ad
1139 2909 1536 2982 emendationem
1565 2917 1768 2982 erectus
1785 2913 1888 2982 est.
1951 2969 1963 2982 ο
2059 2969 2098 2982 Δ.

620 2987 764 3046 quas
843 2973 1008 3032 ultra
1085 2973 1340 3032 modum
1414 2970 1804 3032 excederent
1876 2970 2210 3030 scientiam

901 3052 1016 3099 Post
1037 3052 1423 3114 increpationcm
1440 3050 1651 3110 Domini,
1666 3050 1890 3112 deposita
1908 3049 2208 3111 insipientia,

615 3111 765 3160 audet
788 3112 1119 3174 interregare.

621 3188 849 3234 meam.
900 3171 1091 3249 Audi,
1150 3181 1210 3234 et
1265 3191 1383 3254 ego
1452 3175 1727 3251 loquar;
1791 3171 2206 3254 interrogabo

1219 3255 1340 3304 Post
1366 3255 1651 3304 tentationis
1674 3255 2010 3315 probationem
2041 3255 2208 3313 proxi-

615 3315 737 3362 mior
760 3313 918 3364 factus
937 3312 1115 3363 divinas
1138 3317 1423 3379 cognitioni,
1443 3316 1541 3376 jam
1567 3312 1690 3366 dicit
1718 3328 1772 3364 se
1810 3316 1970 3365 Deum
2008 3312 2200 3379 videre,

613 3390 762 3437 quem
786 3385 1049 3439 antequam
1078 3375 1463 3435 exanimaretur,
1489 3379 1705 3427 audisse.
1929 3430 1936 3439 ι
2054 3375 2100 3425 id
2127 3375 2205 3428 est

617 3430 698 3508 te,
733 3446 793 3499 et
827 3430 1090 3501 ostende
1123 3441 1300 3500 mihi.
1341 3430 1574 3500 Auditu
1614 3440 1791 3500 auris
1822 3430 2037 3500 audivi
2093 3445 2201 3517 te;

613 3519 794 3569 cordis.
923 3521 970 3569 id
995 3526 1089 3574 est.
1115 3521 1311 3568 ruentis.
1337 3532 1394 3569 se
1418 3520 1561 3568 dixit.
1879 3518 2201 3581 Quiaqunnto

619 3598 788 3640 nunc
817 3591 1028 3642 autem
1061 3584 1286 3644 oculus
1323 3601 1502 3642 mens
1558 3581 1724 3642 videt
1775 3589 1833 3639 te
1880 3575 1913 3640 :7
1955 3575 2198 3642 idcirco

609 3661 720 3723 quis
743 3662 1066 3723 pmpinquius
1095 3667 1250 3711 t'eum
1276 3662 1526 3723 intelligit,
1552 3668 1690 3711 tanto
1713 3660 1942 3723 humilior
1967 3659 2196 3723 elﬁcitur.

608 3721 725 3771 Sive
746 3720 804 3772 ut
828 3720 906 3772 alii
931 3720 1196 3774 dixerunt:
1226 3723 1349 3774 Ideo
1373 3720 1577 3786 despexi
1617 3720 1972 3786 "temetipsum,
1997 3729 2041 3772 et
2064 3722 2198 3773 (vsti-

611 3786 749 3864 ipse
799 3805 898 3846 me
931 3789 1358 3863 reprehendo,
1398 3794 1458 3847 et
1488 3805 1610 3864 ago
1645 3787 2081 3863 paenitentiam
2129 3787 2193 3846 in

608 3863 738 3927 ηιαυὶ
749 3878 822 3914 me
834 3865 1309 3918 lerramelciiwrem.
1377 3866 1471 3916 Hic
1491 3863 1875 3922 demonstratur,
1901 3864 2029 3927 quod
2053 3867 2196 3917 amici

610 3924 824 3990 favilla
862 3937 924 3990 et
973 3931 1214 3991 cinere.
1264 3932 1604 3991 Postquam
1662 3936 1878 3989 autem
1919 3924 2191 3990 locutus

605 4002 700 4054 Job
719 4008 939 4066 injuriam
967 4022 1062 4057 non
1090 4018 1227 4060 recte
1250 4010 1400 4060 locuti
1423 4002 1622 4058 fuerunt
1645 4015 1810 4057 contra
1838 4020 1969 4057 eum.

606 4074 704 4128 est
740 4071 1050 4132 Dominus
1081 4076 1277 4134 verba
1311 4075 1444 4134 haec
1475 4073 1551 4132 ad
1580 4071 1726 4147 Job,
1757 4071 1921 4130 dixit
1956 4069 2035 4130 ad
2064 4070 2192 4131 Eli-

856 4157 876 4215 μ
1107 4214 1110 4215 ν
1164 4152 1357 4202 Amicos
1381 4151 1488 4214 ejus
1503 4163 1593 4215 per
1605 4152 1842 4214 justitiam
1859 4150 2085 4200 districte
2104 4162 2190 4198 re-

650 4210 771 4272 haz
805 4212 1230 4276 Themaniten
1263 4235 1276 4273 :
1319 4210 1529 4276 Iratus
1560 4210 1652 4274 est
1693 4215 1872 4274 furor
1905 4229 2088 4274 meus
2122 4215 2188 4275 iu

635 4295 813 4354 arguit.
843 4299 895 4342 et
919 4307 1011 4355 per
1034 4295 1414 4344 misericordiam
1445 4295 1664 4354 benigne
1689 4293 1951 4342 convertit.
1985 4291 2079 4342 Hic
2112 4294 2188 4341 in-

605 4357 784 4433 te_,et
831 4355 895 4413 in
949 4356 1109 4417 duos
1165 4359 1406 4418 amicos
1449 4363 1638 4428 tuos;
1694 4356 2002 4433 quoniam
2055 4374 2183 4418 non

601 4429 890 4500 telligimns,
909 4437 1036 4500 quod
1058 4436 1174 4484 nulli
1197 4438 1400 4500 expedit
1421 4450 1531 4485 cum
1557 4429 1874 4486 insultatione
1897 4441 2115 4500 arguere
2135 4437 2184 4486 in

2326 396 2491 454 Eatur.
2695 451 2704 454 Α
2775 450 2805 454 _
2938 448 2950 454 _
3143 449 3162 454 _
3241 449 3252 454 _
3420 449 3447 454 _
3497 449 3515 454 _
3614 387 3909 454 Qneoditsr,

2329 453 2406 512 Et
2455 451 2738 528 suscepit
2771 448 3084 512 Dominus
3136 449 3362 510 faciem
3413 449 3562 509 Job.
3614 448 3910 516 Domitius

2327 532 2457 594 quod
2485 532 2633 579 etiam
2661 543 2746 592 pro
2769 529 3042 590 semetipso
3066 531 3342 594 praenitens,
3369 535 3509 579 tanto
3533 530 3687 578 citius
3715 533 3916 584 exaudiri

2327 591 2591 671 quoque
2643 591 2999 653 Conversus
3031 591 3237 671 estad
3295 595 3752 667 ptenitentiam
3793 594 3914 662 Job,

2326 670 2526 733 meruit,
2554 680 2740 733 quanto
2761 671 2948 721 devote
2975 682 3064 732 pro
3089 670 3198 718 aliis
3222 672 3588 719 intercesserit.
3655 671 3767 721 Sed
3795 674 3920 724 etilli

2328 750 2472 794 cum
2524 734 2632 795 ille
2687 741 2900 794 oraret
2935 750 3053 812 pro
3093 735 3319 812 amicis
3351 735 3513 793 suis.
3573 734 3652 793 Et
3695 737 3920 798 addidit

2324 815 2556 876 duplicati
2593 820 2706 862 sunt
2747 815 2793 862 in
2838 811 3046 874 his,’qui
3077 826 3103 860 a
3141 811 3494 876 Dcotranslati
3518 821 3656 868 sunt.
3687 820 3745 876 et
3771 815 3822 862 in
3845 817 3921 876 bis,

2324 873 2450 938 quos
2481 877 2660 924 lterum
2697 876 2872 936 genuit
2909 873 3016 935 νοεῖ.
3039 886 3176 923 suam
3203 873 3557 934 calamitatem;
3582 876 3680 922 sed
3707 875 3823 925 haec
3849 873 3921 926 ὼιέ

2362 939 2525 987 licatin
2542 952 2632 1000 per
2652 938 3006 999 aliquantulum
3020 939 3309 998 orevit,non
3327 938 3496 986 subito
3514 938 3822 998 conglobata
3839 951 3922 990 est.

2324 953 2639 1060 Dominus
2675 1001 2918 1060 omnia.
2972 1017 3118 1060 ante
3150 1001 3414 1060 fuerant
3447 1001 3568 1059 Joh
3614 999 3918 1060 dunlicia.

2381 999 2639 1060 ominus
2675 1001 2918 1080 omnia,
2972 1001 3414 1080 qumitucrant
3447 1001 3568 1059 Joh
3614 999 3918 1080 duplicia.

2319 1077 2494 1146 anis
2520 1081 2771 1146 cognatio,
2799 1088 2851 1128 et
2875 1077 3058 1128 initia
3087 1079 3202 1140 ejus
3226 1080 3434 1146 generis
3453 1077 3802 1146 intelligenda
3835 1091 3917 1146 est,

2327 1118 2772 1204 Vitassem
2801 1118 2970 1201 ἒῐῖιῖ
2979 1118 3083 1201 “at.
3092 1118 3205 1202 ἷῖἑέ
3226 1118 3658 1211 ῗὲέὲῐὶρὲἐέίὶἰζδ
3668 1118 3922 1205 erat:

2324 1225 2374 1271 et
2403 1221 2505 1271 noli
2530 1229 2583 1271 et.
2618 1222 2760 1271 amici
2795 1221 2920 1283 ejus,
2951 1221 3035 1282 qui
3067 1221 3204 1283 prius
3229 1228 3468 1269 novet-ant
3489 1220 3729 1282 regalem
3757 1231 3920 1283 poten-

2323 1302 2525 1346 versaa
2563 1301 2822 1346 sorores
2870 1301 3025 1350 sum.
3065 1292 3127 1343 et
3178 1285 3389 1344 cuncti
3430 1285 3546 1359 qui
3600 1294 3917 1350 noverant

2322 1365 2438 1413 tiam
2463 1367 2588 1426 ejus.
2744 1363 2798 1412 in
2823 1364 3046 1412 convivio
3077 1361 3278 1426 honoris
3303 1361 3412 1422 ejus
3433 1365 3734 1426 reverentia
3755 1373 3916 1415 ωιεει.

2320 1426 2472 1488 ditur,
2490 1424 2607 1488 ’quia
2632 1426 2694 1474 ab
2717 1438 2780 1475 eo
2803 1427 3018 1474 omnium
3053 1425 3267 1474 sordiqu
3301 1424 3501 1487 squalor
3537 1427 3806 1474 abstersisti
3829 1437 3912 1480 est.

2321 1505 2469 1550 eum
2513 1490 2718 1568 prius.
2753 1489 2828 1548 Et
2859 1488 3274 1568 comederunt
3304 1503 3450 1568 cum
3471 1505 3556 1568 eo
3588 1502 3829 1568 panem
3859 1493 3912 1554 in

2631 1567 2688 1617 In
2706 1573 2839 1617 motu
2859 1567 3054 1628 capitis,
3067 1567 3542 1616 convenientiumed
3567 1579 3686 1615 eum
3707 1567 3913 1620 lautam

2317 1627 2510 1691 domo
2545 1629 2708 1710 ejus.
2761 1631 2835 1690 Et
2869 1627 3206 1710 moverunt
3257 1646 3456 1704 snper
3497 1643 3654 1710 eum
3701 1642 3912 1710 caput,

2322 1711 2565 1759 novimus.
2592 1708 2882 1759 Ostenditur
2905 1709 3036 1771 quod
3058 1716 3243 1771 quanto
3254 1708 3911 1771 quiscemiturderestituta

2329 1781 2391 1832 et
2412 1775 2726 1834 consolati
2757 1779 2903 1833 sunt
2927 1788 3071 1832 eum
3101 1789 3295 1850 super
3320 1773 3493 1831 omni
3525 1773 3726 1839 malo,
3751 1776 3910 1850 quod

2327 1853 2538 1914 proximi
2557 1849 2718 1902 salute
2736 1850 2974 1914 gaudere,
2992 1854 3130 1900 tanto
3146 1849 3203 1900 se
3223 1850 3400 1900 indicat
3416 1852 3482 1901 de
3499 1850 3666 1914 ablata
3683 1849 3908 1903 doluisse.

3507 1913 3736 1977 noueris
3768 1919 3909 1977 gratia

2328 1975 2634 2038 intulerat
2669 1975 2978 2037 Dominus
3024 1987 3223 2052 super
3261 1989 3438 2037 eum.
3478 1975 3556 2034 Et
3603 1975 3908 2038 dederunt

2326 2055 2460 2104 velut
2484 2057 2612 2119 inopi
2643 2065 2692 2106 et
2712 2059 2913 2119 penitus
2930 2055 3055 2119 nihil
3080 2055 3276 2104 babenti
3301 2055 3584 2119 dederunt,
3612 2063 3667 2104 et
3689 2057 3731 2106 si
3761 2059 3810 2103 in
3831 2059 3908 2107 hac

2325 2130 2467 2181 parta
2502 2116 2793 2168 Collectione
2827 2116 3085 2181 duplicatae
3113 2123 3230 2181 sunt
3263 2118 3310 2166 ei
3336 2118 3524 2167 divitias
3565 2116 3694 2181 ejus,
3723 2120 3907 2177 modis

2324 2179 2582 2230 multitudo
2607 2182 2698 2230 fuit
2718 2179 3116 2229 convenientium
3137 2180 3196 2227 ad
3222 2193 3354 2236 eum.
3378 2182 3492 2242 uitia
3513 2189 3540 2225 α
3567 2179 3783 2242 singulis
3807 2195 3907 2242 par-

2323 2256 2433 2306 vum
2479 2249 2699 2306 accepit,
2744 2251 2798 2292 et
2838 2245 2998 2292 subito
3032 2251 3274 2292 tantarum
3315 2242 3599 2306 divitiarum
3643 2242 3804 2292 factus
3840 2252 3908 2293 est

2322 2305 2380 2384 ei
2420 2304 2868 2384 unusquisque
2896 2322 3080 2384 ovem
3113 2304 3768 2384 unam,et_inaurem
3801 2319 3906 2366 au-

2321 2381 2564 2434 dominus.
2612 2381 2627 2384 ⁷
2775 2385 2941 2434 Potuit
2961 2381 3055 2432 hoc
3077 2385 3288 2442 scriptor
3310 2383 3416 2432 libri
3436 2381 3608 2444 huius.
3636 2391 3690 2432 et
3714 2395 3808 2447 per
3831 2397 3926 2440 sua

2322 2464 2500 2507 ream
2529 2466 2748 2508 unam.
2775 2450 3085 2508 Dominus
3111 2452 3326 2506 autem
3354 2447 3683 2506 benedixit
3711 2452 3907 2508 novis-

2321 2526 2655 2588 ticipationem
2681 2529 2885 2585 dixisse,
2913 2534 2964 2575 ut
2991 2533 3101 2588 post
3124 2526 3449 2576 tentationem
3486 2523 3620 2573 illam
3650 2525 3741 2575 HO
3767 2541 3906 2576 annos

2319 2589 2498 2650 simis
2529 2588 2673 2658 Job.
2693 2592 2893 2668 magis
2912 2601 3108 2668 quam
3136 2588 3450 2668 principio
3471 2588 3639 2666 ejus,
3665 2595 3729 2668 et
3753 2591 3906 2651 facta

2319 2668 2429 2716 vitae
2458 2674 2580 2730 sum,
2609 2665 2943 2718 benedicenie
2967 2667 3195 2727 Domino,
3223 2668 3276 2716 ib
3297 2665 3518 2730 duplum
3538 2666 3817 2716 cumulatas
3837 2669 3904 2717 di-

2319 2732 2455 2778 vitias
2477 2729 2774 2792 posSederit,
2800 2731 3006 2780 liliorum
3043 2741 3161 2779 vero
3195 2729 3494 2791 daplicatum
3529 2743 3792 2779 numerum
3817 2743 3902 2778 non

2318 2802 2466 2871 sunt
2507 2794 2565 2854 ei
2619 2793 3109 2871 quatuordecim
3163 2793 3362 2850 millia
3395 2792 3641 2871 ovium,
3685 2801 3748 2852 et
3797 2809 3902 2853 sex

2318 2870 2543 2931 legimus.
2571 2870 2780 2934 Propter
2804 2871 3176 2922 aediﬁcationem
3201 2873 3371 2933 itaque
3395 2870 3510 2918 ﬁdei
3539 2879 3725 2920 nostra
3749 2880 3897 2921 tantos

2318 2936 2361 2982 ei
2385 2934 2507 2981 ﬁlios
2525 2948 2551 2999 a
2573 2935 2679 2999 Deo
2706 2936 2941 2999 redditos,
2963 2940 3172 2995 quantos
3197 2934 3449 2999 amiserat,
3468 2934 3792 2999 sentiendum
3813 2942 3897 2999 est,

2315 3001 2368 3046 ut
2403 2998 2620 3045 omnium
2651 2997 2894 3046 bonorum
2925 2993 3128 3046 suorum
3159 2993 3442 3044 substantia
3466 2997 3516 3043 in
3540 2993 3746 3057 duplum
3770 2998 3856 3045 sibi
3875 3009 3897 3044 ε

2319 3057 2516 3119 millia
2555 3061 2978 3134 camelorum,
3011 3065 3072 3118 et
3099 3060 3271 3116 mille
3297 3059 3525 3130 asinae,
3553 3067 3616 3116 et
3643 3058 3896 3119 fuerunt

2314 3136 2425 3186 Deo
2457 3137 2669 3195 reddita,
2695 3140 2842 3187 etiam
2884 3139 3008 3187 ﬁlios
3032 3138 3079 3185 in
3113 3135 3315 3198 duplum
3351 3136 3543 3185 habere
3566 3149 3625 3184 se
3649 3139 3894 3196 crederet,

2309 3201 2393 3260 qui
2419 3209 2588 3262 utpote
2614 3200 2928 3250 ﬁdelissimus
2945 3200 3040 3249 Dei
3059 3209 3250 3252 servus.
3269 3200 3470 3248 minime
3493 3199 3724 3248 dubitare
3748 3201 3896 3248 debe-

2307 3269 2391 3309 ret
2417 3272 2504 3311 eos
2527 3264 2639 3321 sibi,
2665 3277 2786 3326 quos
2811 3263 2870 3310 ad
2897 3262 3068 3326 Deum
3087 3262 3411 3326 praemiserat,
3440 3274 3536 3308 non
3561 3264 3777 3322 petisse.

2307 3331 2549 3403 septem
2587 3324 2723 3396 ﬁlii,
2781 3332 2842 3385 et
2877 3332 3006 3386 tres
3039 3324 3206 3384 ﬁliae.
3258 3324 3336 3383 Et
3376 3326 3626 3403 vocavit
3667 3338 3889 3385 nomen

2307 3401 2502 3465 unius
2546 3405 2749 3476 Dicm,
2784 3412 2846 3467 et
2882 3419 3116 3465 nomen
3161 3401 3457 3464 secundm
3484 3403 3802 3472 Gassiam,
3835 3409 3891 3465 et

2308 3501 2540 3560 nomen
2573 3485 2774 3546 tertiae
2804 3485 3242 3549 Cornuslibia.
3303 3476 3444 3544 Non
3493 3487 3644 3544 sum
3680 3489 3887 3544 autem

2305 3561 2586 3626 inventa)
2632 3567 2934 3627 mulieres
2995 3565 3302 3627 soeciosze
3355 3565 3515 3624 sicul
3572 3561 3722 3624 ﬁlia!
3773 3561 3880 3624 Job

2303 3643 2367 3724 in
2422 3647 2725 3706 universa
2771 3651 2962 3707 terra.
3017 3643 3331 3724 Deditque
3371 3646 3463 3704 eis
3502 3649 3697 3724 pater:
3739 3661 3881 3704 suus

2301 3721 2738 3786 hmreditatem
2783 3727 2950 3786 inter
2988 3715 3520 3786 fratres-earum.‘
3554 3715 3734 3782 Vixit
3779 3741 3883 3783 au-

2299 3807 2424 3862 tem
2449 3804 2568 3884 Joh
2596 3814 2734 3884 post
2760 3803 2893 3867 haec
2915 3811 3172 3884 centum
3198 3805 3630 3881 quadraginta
3658 3819 3879 3884 annos,

2297 3889 2359 3942 Et
2399 3883 2549 3943 vidit
2580 3885 2744 3944 ﬁlios
2777 3903 2955 3959 suos,
2983 3890 3046 3944 et
3072 3883 3238 3944 ﬁlios
3262 3884 3544 3944 ﬁliorum
3581 3899 3786 3960 usque
3808 3883 3879 3944 ad

2297 3972 2596 4038 quartam
2628 3966 3135 4043 generationem,
3160 3969 3224 4024 et
3251 3973 3544 4025 mortuus
3569 3969 3666 4024 est
3687 3971 3879 4022 senex

2295 4049 2358 4102 et
2394 4045 2622 4122 plenus
2657 4045 2931 4105 dierum.

2889 4182 3292 4245 CONCLUSIO.

2292 4299 2472 4356 Gloria
2489 4299 2772 4369 tibiPater,
2797 4301 2968 4373 gloria
2995 4301 3042 4356 U
3047 4302 3291 4372 ingenito,
3307 4317 3424 4356 cum
3457 4311 3639 4357 sancto
3659 4303 3870 4374 Spiritu,

2771 4396 2825 4450 in
2852 4397 3161 4468 sempiterna
3185 4399 3400 4451 swcula.

597 4483 1395 4582 Ξίῖῗιεῗὲἓίὲῗῗηξ.ἓῗέῗίίέἓῖῖὲηξὲ
1432 4500 1705 4582 931ῗὲῗὲ
1722 4497 2181 4582 Ξῖἱν¹3ἷ¹3.“.¹ἶξ’θ¹ἶῖἓξ
2212 4483 2261 4543 υ
2361 4511 2556 4567 [ir-alus
2593 4526 2726 4568 vero
2773 4511 2877 4568 10b
2921 4525 2984 4567 ex
3044 4511 3158 4568 suis
3183 4512 3370 4568 verbis
3407 4518 3462 4568 el
3498 4512 3871 4582 passionum.

597 4558 810 4604 ostendit
833 4560 960 4622 quod
987 4569 1180 4618 cuncta,
1207 4573 1317 4622 qua:
1343 4564 1392 4608 in
1416 4562 1707 4610 defensione
1731 4571 1820 4609 sua
1843 4558 2056 4622 dixerat,
2085 4573 2182 4610 non

598 4619 872 4682 contumaci
896 4623 1148 4682 superbia,
1175 4619 1262 4670 sed
1290 4623 1563 4671 humilitate
1586 4623 1729 4672 dixit.

598 4680 751 4740 estis
797 4680 990 4745 locuti
1047 4701 1264 4743 coram
1306 4703 1406 4745 me
1442 4692 1707 4756 rectum,
1741 4685 1906 4744 sicut
1953 4702 2180 4746 servus

599 4775 777 4821 meus
814 4761 955 4824 Job.
996 4761 1238 4844 Sumite
1260 4778 1416 4844 ergo
1440 4764 1619 4844 vobis
1648 4771 1892 4841 septem
1929 4771 2180 4842 tauros,

595 4845 657 4901 et
689 4849 929 4920 septem
958 4843 1220 4919 arietes,
1274 4843 1468 4906 et’itc
1526 4843 1602 4906 ad
1649 4855 2180 4973 servummmepm

1967 4936 1995 4972 Β
2016 4935 2071 4973 οδ
2096 4937 2180 4973 en-

1967 4936 1995 4972 Β
2016 4935 2186 4973 osten-

591 4979 739 5063 Joh,
777 4990 838 5046 et
872 4983 1095 5048 offerte
1145 4985 1595 5048 holocaustum
1630 4993 1747 5063 pro
1799 4986 2006 5047 vobis.
2060 4987 2181 5049 Job

590 5059 738 5126 ditur,
767 5067 893 5128 quod
925 5073 1180 5129 peccatum
1205 5067 1326 5116 illud
1353 5059 1748 5130 caprobrati'onis
1771 5064 1848 5130 eis
1873 5065 2063 5130 remitti
2085 5078 2182 5116 non

591 5127 805 5188 autem
835 5127 1059 5190 servus
1086 5147 1266 5190 meus
1299 5127 1508 5189 orabit
1539 5143 1654 5205 pro
1685 5129 1886 5190 vobis.
1923 5127 2178 5190 Faciem

589 5208 742 5270 possit
775 5208 865 5256 nisi
890 5209 994 5268 ipse
1018 5207 1195 5256 beatus
1221 5209 1315 5258 Job
1341 5207 1598 5257 Dominum
1627 5221 1713 5270 pro
1739 5205 1836 5256 illis
1860 5209 2098 5265 oraVerit,
2127 5215 2180 5259 et

589 5268 726 5348 ejus
765 5271 1137 5348 suscipiam,
1162 5279 1229 5330 ut
1254 5289 1379 5332 non
1421 5273 1600 5331 vobis
1628 5268 1984 5348 imputetur
2011 5271 2177 5332 stul~

585 5347 917 5412 holocaustum
942 5347 1300 5412 propi:iationis
1317 5351 1571 5400 obtulerit.

583 5411 760 5486 tilia;
800 5411 1009 5490 neque
1035 5411 1211 5472 enim
1249 5415 1440 5474 loculi
1478 5415 1630 5473 estis
1660 5413 1734 5474 ad
1768 5431 1867 5474 me
1899 5419 2172 5491 rectum,

582 5491 745 5574 sicut
780 5509 1006 5574 servus
1068 5511 1245 5574 meus
1293 5495 1452 5574 Job.
1490 5493 1803 5574 Abierant
1846 5494 2176 5574 ergoiEli-

589 5571 754 5649 phaz
786 5572 1222 5647 Themaniles,
1251 5581 1312 5632 et
1347 5573 1582 5632 Baldad
1617 5573 1854 5648 Suites,
1895 5571 1956 5633 et
2011 5573 2175 5633 fece-

590 5659 743 5710 runt
823 5653 985 5712 sicut
1069 5654 1318 5713 locutus
1390 5651 1598 5712 fuerat
1666 5653 1757 5712 eis
1840 5652 2173 5712 Dominus.

591 5723 733 5786 Beati
758 5729 852 5778 Job
874 5728 1049 5788 faciem
1074 5734 1354 5793 suscepisse
1370 5730 1572 5794 dicitur,
1591 5731 1704 5810 quia
1721 5730 1946 5810 quisquis
1968 5743 2057 5794 pro
2072 5731 2181 5782 aliis

2285 4603 2488 4659 Christi
2530 4606 2806 4673 extiressit
2843 4605 3156 4675 imaginem.
3190 4605 3406 4675 Conqu
3452 4622 3584 4661 vero
3611 4607 3728 4676 ejus
3759 4621 3874 4660 car-

2287 4697 2486 4751 nalium
2531 4707 2714 4768 typum
2744 4697 2992 4766 designat
3015 4737 3029 4761 ,
3061 4698 3153 4766 qui
3184 4698 3322 4752 intra
3357 4697 3655 4752 Ecclesiam
3687 4699 3867 4767 positi,

2287 4791 2450 4845 vitam
2482 4789 2843 4861 spiritualium
2876 4790 3118 4846 moribus
3140 4791 3252 4846 suis
3275 4790 3669 4846 St'tliitlallzailt.
3706 4790 3870 4845 Amici

2285 4883 2403 4953 ejus
2429 4881 2650 4952 ﬁguram
2685 4884 3065 4938 haereticorum
3101 4882 3404 4954 designant.
3441 4883 3563 4940 Elin
3592 4901 3718 4939 vero
3743 4900 3871 4954 gen-

2289 4978 2504 5032 tilitalis
2537 4977 2727 5031 habuit
2756 4978 3070 5047 imaginem.
3103 4978 3209 5032 Sed
3244 4994 3388 5031 ncnc
3413 4979 3677 5033 exsﬁncta
3705 4977 3871 5049 genti-

2286 5070 2439 5124 litate
2490 5079 2652 5140 atque
2691 5071 2928 5134 abolita,
2971 5071 3212 5124 lueretiei
3255 5071 3321 5123 ad
3365 5069 3642 5126 Christum
3691 5087 3718 5122 a
3768 5071 3867 5124 Deo

2285 5167 2723 5230 prmmittnntur,
2755 5174 2810 5218 et
2841 5178 2939 5234 per
2962 5165 3318 5219 mediatorcm
3363 5165 3473 5218 Deo
3515 5165 3866 5220 reconcilian-
3962 5219 3964 5240 Ι

2279 5267 2389 5314 tur.
2427 5255 2484 5313 In
2515 5259 2829 5314 holocausta
2854 5273 2985 5314 vero
3010 5265 3220 5328 septem
3239 5267 3595 5316 taurorumet
3623 5262 3862 5321 arietum,

2280 5353 2587 5405 orationum
2619 5361 2781 5422 atque
2804 5353 3277 5422 cleemosynarum
3295 5354 3674 5408 satisfactione
3704 5353 3865 5423 pomi-

2275 5445 2443 5500 t-uttia
2475 5443 2902 5500 demonstratur.
2927 5444 3082 5513 Quod
3105 5454 3286 5498 autem
3318 5448 3397 5498 ait
3429 5464 3442 5500 z
3479 5444 3735 5499 Donatius
3753 5461 3859 5497 sus-

2278 5539 2407 5610 cepit
2441 5539 2626 5608 [aciem
2645 5537 2774 5606 Job,
2811 5547 2864 5593 et
2895 5539 3135 5607 reliqua;
3168 5535 3489 5596 utJonnnes
3513 5541 3622 5593 ait:
3654 5537 3770 5610 Ipse
3795 5546 3859 5592 est

2279 5630 2582 5702 propitialio
2611 5629 2751 5700 apud
2781 5627 3012 5682 Patrem.
3047 5627 3138 5684 Sic
3162 5631 3342 5698 itaque
3366 5621 3538 5684 l'acies
3568 5629 3854 5686 Salvatorls

2278 5739 2305 5777 a
2337 5724 2495 5778 Patre
2523 5723 2819 5794 suscipitur
2840 5761 2854 5790 ,
2883 5721 3010 5776 dum
3033 5730 3088 5776 et
3112 5721 3229 5792 ipse
3260 5722 3488 5777 exaudit
3511 5735 3566 5779 et
3586 5720 3854 5780 exauditur
