3964 6308
0 280 145 340 Η·9

912 285 1279 342 EXCERPTA
1320 286 1411 343 EX
1456 286 1959 347 COMMENTARIO
1997 292 2106 348 MS.
2135 290 2201 347 IN
2238 289 2381 347 JOB.

3173 295 3317 352 “70

0 418 97 473 pro
123 402 303 456 nobis.
343 401 412 455 lit
441 402 643 473 adjecit
666 403 921 458 Dominus
940 445 955 469 ,
988 413 1043 457 et
1074 403 1300 471 reliqua.
1325 402 1419 457 illa
1452 404 1612 472 igitur
1640 409 1692 468 Α
1718 422 1849 462 vero
1878 406 2334 479 signiﬁcationem
2364 409 2687 465 animalium
2724 410 2985 466 vocabula
3018 412 3071 467 in
3098 427 3161 468 se
3190 428 3324 469 con-

0 496 188 551 sddita
227 504 360 549 sunt
406 493 644 550 Christo
699 497 928 551 Domino
954 538 969 562 ,
999 512 1121 551 cum
1168 496 1364 565 pepqu
1393 495 1614 551 Judaao-

0 604 145 651 rum,
192 585 459 642 Gentium
496 588 790 643 multitudo
828 588 1070 644 additur.
1107 587 1298 641 Omnes
1336 591 1523 659 fratres
1565 598 1614 642 et

0 702 215 741 sorores.
261 685 468 739 Omnis
500 687 760 757 cognatio
789 685 973 755 populi
1002 684 1314 740 Judzrorum
1341 724 1357 750 ,
1389 684 1457 738 de
1483 699 1616 752 quo-

0 794 114 833 rum
143 778 354 831 familia
385 776 649 833 Christus
667 787 829 833 natus
856 788 961 832 est.
988 777 1118 833 Sive
1146 776 1480 845 generaliter
1502 792 1617 830 oin-

0 872 141 926 niutn
186 869 461 925 Gentium
512 870 919 925 multitudinem
956 870 1264 939 intelligere
1301 884 1612 937 possumus.

0 962 99 1028 Qui
118 964 264 1032 prius
284 974 550 1017 noverant
578 961 1116 1017 eum.0mnesSancti
1138 971 1194 1015 et
1216 961 1501 1029 Prophetas
1524 961 1613 1029 qui

0 1055 238 1111 Butndem
264 1055 537 1109 videbant
563 1054 853 1124 inSpiritu,
874 1071 1031 1121 quem
1055 1054 1217 1107 etiam
1242 1057 1292 1106 in
1313 1069 1475 1108 carne
1496 1068 1616 1107 ven-

0 1159 168 1201 turum
191 1147 618 1202 annuntiabant
644 1145 1005 1201 .Contederunt
1029 1164 1143 1199 cum
1164 1160 1245 1200 eo.
1266 1146 1421 1201 Nunc
1446 1148 1497 1200 in
1518 1146 1617 1201 do—

0 1257 78 1297 mo
100 1241 367 1297 Ecclesiae
389 1242 729 1307 Salvatoris,
753 1258 945 1297 omnes
970 1242 1186 1297 Fideles
1210 1243 1613 1310 Scripturarum

0 1335 479 1390 exhortationibus
498 1335 843 1390 reficiuntur.
865 1334 929 1387 Et
944 1344 1277 1387 moveruntsu
1286 1351 1377 1405 per
1398 1350 1513 1387 cum
1529 1352 1618 1387 ca-

0 1438 100 1497 put.
131 1426 342 1480 Omnes
368 1426 574 1483 Sancti
595 1424 1097 1493 exsultanteSquod
1118 1427 1384 1496 spiritalis
1401 1436 1451 1480 et
1474 1425 1614 1480 sacri

0 1518 187 1572 Christi
204 1519 455 1573 convivii
476 1519 662 1575 effecti
681 1528 801 1573 sunt
820 1535 881 1589 pa
892 1518 1213 1588 rticipes.Et
1232 1521 1615 1573 consolotisuut

0 1611 492 1667 eitm.Salvatorem
512 1623 758 1667 nostrum
780 1629 886 1667 non
904 1612 1257 1667 mediocriter
1272 1612 1609 1677 consolatur,

0 1702 135 1770 quod
185 1718 285 1771 per
334 1704 462 1771 ejus
510 1703 823 1772 passionem
876 1704 1112 1757 mundus
1144 1703 1466 1773 redemptus
1506 1712 1610 1758 est.

0 1796 243 1853 lntulisse
272 1810 465 1853 autem
491 1799 629 1854 dicit
674 1799 812 1854 Filio
834 1814 932 1853 suo
965 1800 1135 1853 Deum
1166 1798 1384 1852 Patrem
1412 1799 1610 1851 malum

0 1891 266 1959 passionis
294 1901 354 1945 et
389 1892 596 1946 mortis
618 1933 632 1956 ,
664 1901 720 1946 ut
753 1893 828 1945 ait
858 1890 1154 1961 Apostolus
1193 1909 1205 1942 :
1270 1890 1371 1956 Qui
1402 1892 1610 1961 proprio

0 1980 132 2035 Filio
171 1999 270 2036 suo
301 2001 410 2037 non
450 1985 710 2055 pepercit.
758 1983 823 2037 Et
867 1985 1121 2038 dederunt
1171 1984 1217 2038 ei
1259 1985 1612 2053 unusquisque

6 2094 132 2131 orem
179 2096 365 2136 unam.
414 2080 806 2151 Unusquisque
856 2096 951 2149 per
996 2080 1160 2135 ﬁdem
1204 2079 1272 2132 ad
1325 2079 1604 2134 Christum

1 2173 335 2229 venientium
366 2173 575 2229 offeret
605 2175 656 2229 ei
688 2174 1061 2229 innocentiam
1093 2189 1268 2235 suam.
1304 2174 1613 2242 mentisque

4 2262 386 2319 obtdmtitiam.
419 2265 691 2320 Dominus
718 2276 889 2319 autem
907 2266 1197 2320 novissimis
1226 2264 1327 2320 Job
1354 2266 1609 2319 benedixit

6 2358 157 2426 magis
183 2375 343 2424 quam
385 2360 656 2428 principio
687 2361 817 2430 ejus.
864 2359 1141 2429 Principia
1182 2360 1382 2414 Christi
1420 2359 1511 2413 Dei
1552 2366 1611 2412 et

8 2450 210 2506 Domini
244 2455 470 2519 nostri,
509 2456 652 2525 legis
685 2455 853 2525 Moysi
886 2455 1106 2509 exordia
1142 2469 1263 2509 esse
1300 2454 1606 2525 signiﬁcat,

9 2544 296 2600 novissima
329 2563 473 2602 vero
507 2548 630 2615 ejus
667 2548 1017 2617 Evangeliqu
1050 2562 1172 2602 esse
1215 2556 1483 2601 monstrat
1511 2586 1525 2610 ,
1558 2555 1613 2601 et

11 2636 193 2691 melior
220 2650 301 2692 est
330 2640 715 2695 manilestatio
748 2639 990 2694 veritatis
1018 2640 1068 2691 in
1106 2640 1423 2709 Evangelii),
1452 2655 1611 2710 quant

14 2727 383 2799 allegoriarum
436 2732 633 2786 umbra
688 2734 740 2785 in
787 2731 961 2785 veteri
1012 2730 1388 2785 Testamento.
1440 2732 1611 2798 Quam

26 2844 179 2863 ~—

1720 500 1957 566 tiueant,
1986 503 2037 555 in
2064 502 2335 573 principio
2358 502 2519 572 hujus
2538 504 2724 572 operis
2748 503 2954 557 dixisse
2971 518 3060 558 me
3076 506 3329 563 memini.

1718 592 1938 660 Septem
1972 592 2065 648 ﬁlii
2097 594 2466 663 septifnrmem
2505 597 2739 666 gratiam
2769 596 3007 666 Spiritus
3033 598 3231 662 sancti;
3264 607 3322 655 et

1720 694 1831 740 tres
1863 686 1985 740 ﬁliae
2016 685 2247 758 Legem,
2282 688 2615 757 prephetas,
2646 701 2700 743 et
2728 689 3079 759 Evangelium
3108 691 3321 760 signiﬁ-

1717 793 1861 833 Cant.
1886 778 2115 834 Nomina
2150 780 2381 835 ﬁliarum
2410 782 2526 851 ejus
2548 822 2564 846 ,
2605 781 2762 846 Dies,
2797 781 2976 837 Cassia
2996 827 3010 849 ,
3046 782 3318 839 Cornuti-

1719 871 1817 923 bia.
1857 869 1979 924 Dies
2010 887 2139 941 ergo
2168 874 2254 928 lex
2290 873 2381 928 Dei
2412 884 2528 942 est,
2561 890 2683 944 qua:
2708 876 2775 928 ad
2808 876 3143 945 agnitionem
3174 874 3322 931 veri-

1720 964 1876 1028 tatis,
1911 982 1959 1017 nt
1984 976 2125 1019 ctem
2164 968 2412 1020 humana:
2453 966 2776 1036 ignorantiae
2806 966 3096 1023 illuminat.
3140 966 3322 1023 Cassia

1714 1069 1915 1111 Sancta}
1954 1059 2227 1112 unctionis
2254 1059 2454 1114 denum
2487 1068 2589 1114 est.
2622 1060 2951 1114 Cornustibia
2984 1070 3303 1127 competen-

1719 1150 1926 1203 tissime
1951 1150 2286 1219 Evangelicis
2312 1152 2486 1221 copiis
2514 1162 2822 1221 coaptatur.
2855 1150 3037 1207 Cornu
3070 1166 3205 1207 vero
3236 1150 3305 1206 ad

1717 1242 2032 1309 dignitatem
2082 1243 2342 1297 Ecclesia!
2385 1244 2643 1314 pertinet.
2689 1242 3166 1311 Quemadmodum
3194 1258 3325 1298 vero

1719 1336 1906 1389 beatus
1934 1336 2039 1391 Job
2068 1346 2189 1406 post
2220 1334 2475 1391 damnum
2508 1336 2711 1391 ditatus
2744 1346 2828 1391 est
2873 1338 2925 1390 in
2960 1335 3119 1402 filiis;
3152 1334 3227 1389 ita
3269 1343 3325 1391 et

1716 1430 1967 1485 Salvator
1996 1441 2116 1499 post
2139 1431 2493 1484 amissionem
2529 1429 2829 1484 inﬁdeliqu
2853 1430 3171 1484 Juda-orutn
3195 1471 3209 1494 ,
3245 1428 3325 1482 di-

1721 1532 1861 1575 latus
1895 1532 1977 1575 est
2024 1524 2076 1575 in
2116 1521 2405 1577 Gentibus.
2446 1520 2567 1575 Non
2604 1530 2725 1576 sunt
2758 1531 2928 1575 autem
2958 1524 3181 1575 invean
3205 1537 3323 1574 mu-

1713 1614 1863 1667 lieres
1890 1615 2135 1684 specioste
2154 1657 2169 1679 ,
2200 1614 2321 1685 quia
2351 1615 2647 1669 electorum
2677 1615 2876 1669 anima:
2904 1630 3067 1668 mune
3090 1612 3234 1684 quod
3262 1615 3314 1665 in

1718 1715 1861 1761 terra
1892 1718 2283 1773 conversatur,
2314 1724 2428 1762 suae
2457 1707 2878 1777 pulchritudinis
2909 1708 3109 1761 decore
3142 1718 3319 1761 trans-

1718 1800 1978 1853 cendunt.
2002 1798 2263 1871 Deditque
2289 1802 2366 1854 eis
2392 1811 2539 1872 pater
2558 1818 2684 1855 suus
2705 1843 2722 1869 ,
2756 1812 2811 1856 et
2835 1801 3063 1869 reliqua.
3090 1799 3325 1857 Sorores

1718 1908 1841 1947 eum
1875 1892 2129 1946 fratribus
2160 1893 2225 1947 ad
2257 1892 2631 1948 haereditatem
2660 1895 2923 1959 veniunt,
2957 1894 3081 1963 quia
3118 1892 3313 1947 inﬁrmi

1720 1984 1771 2037 in
1804 1999 2029 2053 regnum
2075 1985 2168 2038 Dei
2208 1999 2331 2038 cum
2380 1984 2613 2038 fortibus
2650 1984 3033 2038 admittuntur.
3076 1976 3145 2035 Et
3188 1984 3316 2036 cidit

1716 2078 1855 2147 filios
1894 2094 2035 2131 suos.
2080 2076 2277 2132 Sancta
2326 2078 2567 2131 Ecclesia
2600 2078 2748 2131 videt
2786 2077 2927 2131 ﬁlios
2972 2091 3137 2142 suos,
3188 2090 3316 2131 cum

1718 2178 1945 2243 primam
1971 2172 2216 2226 ﬁdelium
2235 2171 2480 2226 sobolem
2514 2172 2783 2241 conspicit
2809 2190 2819 2225 :
2847 2170 2995 2225 videt
3017 2171 3157 2224 ﬁlios
3182 2168 3321 2226 ﬁlio-

1718 2280 1779 2318 ru
1806 2284 1873 2329 u,
1924 2279 2046 2317 cum
2085 2262 2155 2316 ab
2196 2262 2403 2317 eisdem
2445 2262 2697 2317 ﬁdelibus
2728 2263 2864 2315 alios
2892 2261 3069 2333 gignit
3109 2262 3320 2317 ﬁdeles.

1714 2357 1779 2411 Et
1812 2358 1963 2424 plena
1995 2355 2207 2410 dierum
2250 2355 2511 2419 moritur,
2542 2354 2667 2424 quia
2702 2370 2797 2423 per
2829 2354 2947 2408 lta-c
2983 2355 3319 2409 transeuntis

1716 2460 1998 2517 tempora,
2041 2456 2298 2515 operatur
2321 2448 2465 2517 quod
2509 2448 2744 2502 transire
2777 2464 2885 2501 non
2920 2447 3117 2517 paterit
3144 2490 3159 2513 ,
3198 2448 3325 2517 quia

1715 2543 1903 2596 ﬁdeles
1928 2541 2190 2595 Ecclesia:
2216 2551 2271 2596 et
2300 2555 2469 2610 opera
2498 2540 2639 2595 bona
2668 2555 2790 2595 cum
2818 2538 3039 2596 Christo
3072 2541 3123 2595 in
3154 2548 3315 2595 aeter-

1720 2653 1847 2692 num
1893 2642 2275 2707 perseverant.

1252 2950 2103 3055 EXCERI’TA

734 3165 900 3247 EX
979 3161 1872 3248 COMMENTARIO
1949 3150 2075 3245 IN
2148 3156 2602 3255 JOBUM,

244 3302 371 3378 Qui
400 3306 903 3383 manuscriptum
944 3303 1381 3366 Amstelodami
1414 3305 1482 3364 in
1508 3301 1881 3362 bibliotheca
1907 3302 1987 3362 cl.
2025 3302 2159 3363 Viri
2189 3302 2401 3362 MARCI
2432 3303 2750 3364 Mstsoutt
2783 3300 3075 3363 exstabat

976 3436 1078 3495 ET
1121 3433 1493 3496 PUTATUR
1538 3430 1723 3489 esse
1769 3429 1830 3489 s.
1878 3426 2367 3503 HIERONYMI,

34 3556 158 3618 Huc
183 3561 452 3639 primum
484 3562 835 3643 (Vallarsio
867 3560 1196 3641 loquente)
1238 3558 1498 3625 adscito,
1524 3576 1660 3643 _nec
1713 3575 1842 3616 non
1890 3555 2133 3643 aliquot
2175 3555 2333 3616 locis
2369 3562 2588 3625 aucta,
2632 3562 2818 3631 atque
2867 3543 3185 3608 emendato
3243 3560 3320 3603 ex

1175 3657 1438 3699 romano
1477 3639 1673 3700 altero
1698 3639 2159 3715 manuscripto.

1532 3792 1888 3803 —————-—

478 3916 623 3986 EX
696 3912 1227 3986 PRO(EMIO
1301 3911 1450 3982 AD
1530 3906 1818 3979 HUNC
1894 3903 2850 3977 COMMENTARIUM.

1601 4056 1634 4065 ..-

1485 4053 1872 4081 —--==——

489 4192 514 4219 α
549 4182 624 4237 De
660 4181 811 4235 modo
843 4178 1151 4247 exponendi.

109 4273 349 4340 Quaedam
384 4279 648 4335 historice
678 4276 764 4330 hic
802 4275 1058 4329 dicuntur
1084 4314 1096 4333 ,
1138 4281 1192 4325 et
1221 4269 1533 4337 allegorice,
1562 4275 1617 4321 et

46 4368 327 4425 moraliter.
377 4370 639 4439 Qumdam
691 4376 966 4439 nequeunt
1003 4365 1069 4420 ad
1121 4364 1357 4418 litteram
1406 4362 1611 4432 ποθίρίι

49 4456 160 4521 (ιυίει
196 4456 223 4495 δ
255 4475 487 4518 errones
516 4471 738 4527 essent,
777 4459 863 4514 vel
902 4455 1292 4527 impossibilia,
1346 4453 1431 4507 vel
1476 4469 1505 4506 a
1556 4467 1617 4507 se

50 4544 259 4605 invicem
293 4553 711 4618 discordantia;
752 4562 841 4615 ut,
883 4550 975 4605 sub
1030 4564 1131 4618 quo
1168 4554 1482 4611 curvantur,
1529 4545 1617 4615 qui

55 4651 238 4703 portent
268 4647 443 4701 orbem
469 4663 485 4699 :
514 4644 667 4715 quasi
697 4645 945 4714 gigantes
972 4638 1233 4694 mundum
1260 4637 1478 4689 vehant.
1517 4634 1615 4687 Et:

56 4729 189 4801 είθθίῑ
216 4738 546 4809 suspendium
568 4737 739 4790 anima
763 4751 877 4789 mea
902 4752 915 4788 :
942 4734 1094 4803 quasi
1125 4740 1229 4783 tam
1260 4729 1472 4798 patiens
1496 4726 1626 4780 velit

62 4828 333 4890 susliendio
366 4832 529 4883 vitam
564 4828 741 4881 ﬁnire.
777 4828 878 4881 Et:
908 4834 1080 4894 pereat
1102 4822 1212 4874 dies
1234 4862 1247 4885 ,
1271 4820 1325 4873 in
1348 4835 1451 4888 qua
1472 4826 1624 4871 natus

60 4924 190 4978 sum,
229 4930 333 4974 etc.
378 4920 687 4991 Aliquando
730 4920 819 4988 qui
866 4931 1085 4971 sensum
1132 4914 1326 4968 litterae
1359 4911 1625 4981 negligit,

64 5006 479 5069 vcritatislumeu
508 5014 609 5069 sibi
638 5010 957 5074 abscondit,
980 5010 1109 5063 dum
1136 5006 1462 5061 intrinsecus
1482 5002 1627 5057 aliud

63 5106 331 5161 quaerendo
352 5149 365 5172 ,
395 5106 539 5178 quod
570 5116 652 5161 est
683 5104 816 5160 foris
843 5145 858 5168 ,
896 5100 1074 5171 perdit
1103 5117 1115 5153 :
1145 5097 1275 5153 dum
1312 5096 1381 5149 de
1414 5094 1628 5149 miseri-

68 5192 241 5249 cordia
262 5201 513 5267 Operibus
538 5198 669 5253 dicit
693 5216 705 5251 :
739 5198 783 5250 si
814 5194 1013 5266 negaui,
1035 5190 1172 5261 quod
1208 5187 1443 5243 volebant
1461 5228 1474 5252 ,
1500 5201 1632 5257 pau-

68 5281 267 5342 veribus.

135 5485 157 5513 ³
194 5482 336 5560 lianc
372 5489 593 5560 przefert
638 5490 867 5545 Roman.
902 5502 1005 5543 ms.
1052 5484 1387 5560 epigraphen
1412 5520 1428 5550 ,
1455 5482 1546 5553 qui
1579 5491 1633 5535 et

74 5551 220 5629 totum
242 5551 403 5616 hocce
436 5563 759 5629 prooemium
783 5551 1202 5627 undecimquasi
1234 5551 1403 5610 titulis
1426 5551 1519 5609 aut
1540 5568 1634 5607 ca-

78 5621 254 5702 Pil‘ib‘tjs
281 5621 586 5702 distinguit.

142 5688 505 5773 Plionciuniiis
555 5705 606 5757 in
636 5703 865 5757 Roman.
917 5718 1043 5765 ms.,
1077 5699 1215 5771 quod
1241 5706 1451 5752 er‘ronea
1491 5697 1595 5750 sint
1621 5736 1635 5761 ,

82 5760 147 5811 vel
168 5764 487 5838 impossibilia
505 5815 518 5841 ,
545 5774 620 5828 vel
649 5792 679 5827 α
702 5791 785 5840 se,
814 5783 918 5829 etc.

1645 4170 1691 4235 C
1800 4168 2023 4223 Divinos
2051 4178 2259 4234 sermo,
2291 4168 2438 4223 sicut
2470 4177 2491 4203 ε
2527 4163 2806 4235 mysteriis
2846 4160 3142 4231 prudentes
3170 4172 3332 4235 exer-

1725 4273 1812 4318 cet
1863 4280 1875 4315 :
1912 4262 1985 4317 ita
2030 4262 2323 4332 superﬁcie
2366 4258 2645 4328 simplices
2693 4256 2946 4319 refovet,
2995 4252 3117 4322 quia
3151 4262 3233 4307 est
3276 4261 3334 4304 ut

1726 4356 1924 4410 ﬂuvius
1960 4355 2155 4422 planus
2182 4364 2235 4410 et
2263 4354 2405 4408 altus
2425 4392 2440 4419 ,
2479 4352 2533 4405 in
2563 4336 2672 4420 quo
2703 4362 2879 4419 equus
2912 4344 3188 4411 ambulet,
3213 4342 3328 4398 ele-

1726 4448 1861 4518 pbas
1894 4454 2068 4501 natet.

1800 4540 2015 4595 Erranti
2042 4536 2247 4592 homini
2275 4534 2399 4589 data
2424 4542 2512 4588 est
2539 4532 2625 4586 lex
2656 4550 2670 4585 :
2705 4530 3032 4587 inobedieus
3059 4527 3161 4595 legi
3189 4542 3327 4583 con-

1727 4632 1968 4687 funditur
2001 4650 2012 4684 :
2047 4628 2304 4697 exemplo
2346 4627 2563 4681 maximi
2590 4626 2863 4691 hominis,
2899 4622 3018 4678 sine
3063 4620 3186 4692 lege
3236 4619 3329 4691 qui

1726 4725 1975 4795 legaliter
2007 4722 2162 4777 vixit.
2192 4719 2350 4777 Unde
2375 4719 2615 4774 dubesce
2643 4718 2811 4773 Sidon
2839 4759 2855 4782 ,
2879 4717 2935 4771 id
2964 4724 3079 4781 est,
3111 4713 3327 4769 stabili-

1730 4826 1811 4871 tas
1837 4816 1891 4871 in
1932 4816 2051 4884 lege
2080 4812 2382 4883 positorum
2410 4830 2421 4863 :
2456 4812 2528 4863 ait
2557 4826 2734 4875 mare,
2780 4808 2834 4863 id
2867 4818 2944 4861 est
2971 4847 2986 4870 ,
3013 4806 3297 4874 gentilitas
3316 4842 3332 4867 ,

1728 4925 1855 4981 quae
1882 4908 2011 4963 dum
2041 4908 2214 4977 legem
2242 4904 2484 4959 custodit
2508 4943 2523 4969 ,
2548 4902 2832 4957 auditores
2864 4900 2999 4966 legis
3028 4896 3331 4963 redarguit.

1804 5002 2013 5056 Dicitur
2035 5000 2210 5054 Moses
2234 4999 2352 5053 ha-c
2371 4997 2437 5051 de
2461 4996 2634 5051 Jacoh
2657 5037 2672 5060 ,
2702 4994 2855 5064 quasi
2882 4993 2950 5047 de
2970 4988 3333 5046 antecedente

1733 5095 2057 5158 scripsisse,
2104 5092 2227 5161 quia
2272 5092 2326 5145 in
2371 5089 2570 5144 Genesi
2606 5087 2804 5157 legitur
2844 5084 3022 5141 Johab
3068 5082 3137 5139 de
3186 5082 3331 5138 Esau

1736 5185 2111 5250 descendisse,
2132 5196 2185 5238 et
2207 5183 2331 5238 Bela
2350 5182 2467 5236 ﬁlio
2488 5180 2629 5235 Beor
2651 5182 2702 5234 in
2726 5193 2953 5250 regnum
2974 5175 3328 5230 successisse.

1744 5279 1853 5336 Sed
1903 5293 2021 5334 mos
2058 5288 2141 5331 est
2185 5277 2326 5331 sacri
2373 5274 2621 5345 eloquii,
2663 5274 2717 5328 in
2769 5271 3047 5343 prioribus
3094 5267 3340 5340 patribus

1818 5491 1840 5519 ο
1877 5480 2006 5534 Erat
2035 5494 2104 5535 ex
2131 5476 2497 5534 Meibomiano
2525 5476 2650 5530 cod.
2681 5475 2984 5529 ministeriis
3010 5515 3025 5541 ,
3061 5469 3203 5539 quod
3230 5469 3343 5541 fio-

1744 5566 1891 5607 man.
1923 5550 2207 5619 emendat,
2232 5562 2394 5620 atque
2423 5551 2536 5621 ipse
2563 5548 2755 5621 horum
2787 5546 3187 5621 Excerotorum
3218 5540 3347 5621 Edi-

1746 5632 1831 5677 tor
1857 5624 1908 5676 in
1932 5621 2077 5693 Acti3
2120 5612 2322 5676 erudit:
2358 5612 2737 5693 Lipsiensibus
2761 5616 2907 5693 anni
2944 5612 3078 5693 liii
3117 5612 3379 5693 castiga-,

1752 5702 1903 5749 Verat
1934 5691 2079 5764 quod
2111 5687 2456 5763 perspicuum
2483 5690 2556 5743 sit
2583 5732 2594 5752 ,
2620 5688 2775 5764 innni
2828 5687 2898 5742 ab
2954 5687 3114 5757 hujus
3164 5687 3347 5751 operis

1766 5762 1989 5823 auctore
2014 5762 2249 5821 sensum
2270 5765 2568 5834 Scriptura:
2602 5762 2915 5835 mysticum.
