3964 6324
228 12 453 21 "1—H...—

610 326 744 381 M71

1387 320 1481 376 AD
1519 316 1764 374 TOMUM
1807 315 1873 372 III
1911 313 2197 371 OPERUM
2235 314 2295 372 S.
2337 310 2717 369 IIIERONYMI
2758 312 3133 370 APPENDIX.

3784 312 3898 371 ΗΒ

606 442 845 499 breviter
881 440 1041 509 longe
1084 446 1205 507 post
1235 446 1488 493 secutura
1519 435 1884 506 perstringere
1909 473 1923 499 ,
1972 432 2101 487 dum
2130 431 2198 485 ad
2226 437 2277 495 Α
2372 430 2530 486 Omni
2560 445 2761 500 genere
2792 432 3115 486 tentationis
3152 431 3349 487 feritur
3376 431 3508 487 Job.
3564 431 3796 486 Damnis
3823 448 3894 486 re-

605 536 708 591 alia
744 541 1019 604 prOperat.
1061 529 1179 585 Non
1222 531 1386 601 igitur
1417 528 1522 584 fuit
1550 529 1653 584 .lob
1691 537 1817 584 ante
1855 528 2029 597 legem
2055 568 2068 591 ,
2103 524 2200 581 sed

606 640 853 697 tempore
891 630 1163 685 Iudicum.
1196 629 1297 697 Qui
1333 630 1448 701 ipse
1488 629 1672 683 verius
1701 627 1951 682 creditur
1981 634 2133 695 gesta
2174 632 2197 661 α

605 725 851 779 victoriae
882 738 993 779 suae
1023 723 1333 793 scripsisse.
1366 721 1474 776 Nec
1502 729 1703 786 nocet,
1739 718 1880 789 quod
1922 719 1997 771 ait
2024 735 2038 771 :
2069 716 2201 769 dixit

598 817 686 871 vel
711 818 831 887 fecit
864 817 968 871 hoc
995 816 1098 871 Job
1132 834 1143 867 :
1174 817 1300 886 quia
1341 830 1459 867 mos
1498 823 1583 868 est
1616 812 1787 866 sancti
1810 853 1824 878 ,
1854 810 1922 864 de
1959 824 2018 863 se
2044 807 2200 878 quasi

597 906 670 964 de
688 909 811 963 aliis
836 908 1005 979 loqui.
1042 909 1279 977 Spiritus
1310 906 1459 959 enim
1483 914 1565 960 est
1592 946 1606 969 ,
1637 905 1727 973 qui
1757 901 1995 972 loquitur
2019 902 2070 955 in
2094 900 2201 954 illis

601 1000 672 1057 de
704 1001 857 1072 ipsis,
889 1002 1031 1055 sicut
1053 1000 1120 1055 de
1144 1000 1284 1055 aliis.
1318 998 1471 1054 Unde
1492 996 1720 1067 angelus
1750 994 1884 1049 Mosi
1916 993 2075 1047 modo
2101 1007 2201 1045 an-

601 1095 756 1166 gelus
782 1094 985 1148 dicitur
1013 1135 1028 1158 ,
1070 1094 1162 1163 qui
1195 1090 1439 1146 exterius
1469 1089 1639 1144 servit
1667 1105 1679 1141 :
1716 1086 1877 1141 modo
1903 1084 2159 1139 dominus
2184 1126 2198 1151 ,

597 1189 693 1258 qui
742 1186 976 1241 interius
1019 1184 1296 1255 praesidet.
1330 1182 1488 1239 Unde
1536 1192 1590 1237 et
1634 1180 1804 1235 David
1847 1195 1859 1231 :
1908 1179 2199 1242 attendite,

602 1279 826 1349 populus
867 1293 1042 1340 meus,
1083 1276 1245 1344 legem
1275 1292 1466 1329 meam.
1514 1274 1630 1328 Non
1678 1274 1825 1327 enim
1858 1271 2088 1340 populus
2120 1272 2203 1324 vel

604 1370 689 1426 lex
721 1379 841 1426 erat
877 1370 905 1408 δ
939 1370 1113 1425 David
1145 1412 1159 1436 ,
1190 1368 1284 1424 sed
1317 1369 1439 1438 ejus
1465 1410 1478 1434 ,
1512 1367 1603 1438 qui
1636 1367 1689 1422 in
1719 1382 1785 1421 eo
1830 1364 2093 1435 loquitur.

677 1464 742 1517 Et
766 1480 794 1516 ει
825 1464 1047 1534 gentili,
1081 1464 1223 1517 sicut
1246 1477 1274 1515 a
1296 1460 1507 1527 Judaeo,
1538 1460 1707 1515 voluit
1736 1457 2045 1528 prophetari
2066 1497 2081 1522 ,
2110 1458 2202 1526 qui

604 1574 704 1630 pro
733 1569 968 1629 utroque
992 1558 1194 1629 p0pnlo
1223 1566 1467 1612 venerat.

677 1651 1018 1707 Infructuosa
1050 1652 1351 1721 loquacitas
1372 1648 1524 1721 quasi
1548 1648 1835 1703 verborum
1861 1647 1982 1701 folia
2010 1662 2037 1698 a
2067 1645 2203 1699 divi-

605 1744 690 1799 nis
729 1753 1034 1810 resecatur,
1075 1744 1202 1798 dum
1254 1744 1307 1797 in
1355 1742 1557 1812 templo
1600 1741 1695 1797 Dei
1740 1754 1933 1795 nemus
1970 1738 2201 1809 plantari

2305 539 2444 587 rum,
2470 522 2669 591 quibus
2692 530 2888 593 potens
2911 523 2962 576 in
2994 524 3196 577 saeculo
3222 525 3425 578 moveri
3457 523 3795 594 putabatur:
3823 525 3901 578 sed
3962 562 3964 565 -

2309 616 2425 670 hzcc
2454 615 2705 686 despicit.
2732 614 2983 671 Orbitate
3013 617 3200 684 prolis,
3232 616 3327 672 sed
3358 615 3502 671 hanc
3532 617 3905 685 mquanimiter
3962 658 3964 679 ε

2304 708 2471 762 dolet.
2516 707 2877 761 Percussione
2913 708 3128 771 carnis,
3161 723 3323 774 quam
3372 708 3659 779 patienter
3702 707 3903 762 tolerat.

2306 802 2371 855 Et
2402 801 2516 855 haec
2542 799 2762 854 fuerunt
2788 801 2944 870 quasi
2970 802 3205 855 exterior
3230 802 3470 870 impetus
3499 801 3649 859 belli.
3680 810 3738 855 et
3763 800 3906 868 quasi

2306 896 2492 949 hostes
2531 909 2560 947 a
2605 893 2745 948 faeie
2792 903 3121 963 pugnantes.
3169 893 3317 947 Intus
3362 908 3496 948 vero
3542 908 3645 963 per
3696 907 3909 947 uxorem

2304 991 2459 1061 quasi
2490 1006 2584 1061 per
2615 991 2790 1045 civem
2823 1005 2977 1044 mens
3006 989 3239 1044 sustinet
3266 1002 3477 1043 venena
3525 985 3789 1050 consilii;
3826 986 3909 1042 sed

2306 1094 2362 1139 et
2386 1084 2527 1138 hanc
2558 1083 2839 1151 sapienter
2869 1083 3050 1138 docet.

2382 1176 2552 1231 Amici
2585 1175 2652 1230 ad
2683 1176 3115 1230 consolationem
3150 1176 3406 1240 veniunt,
3441 1174 3539 1230 sed
3568 1174 3637 1230 ad
3665 1175 3909 1243 increpa-

2307 1270 2508 1324 tionem
2570 1269 2873 1337 prosiliunt.
2931 1268 3074 1322 Inter
3119 1283 3255 1337 quos
3312 1275 3368 1322 et
3429 1267 3657 1321 ultimus
3705 1268 3907 1335 junier.

2308 1364 2501 1432 OQuod
2535 1364 2789 1432 indignus
2821 1364 2911 1428 sit,
2938 1363 3116 1418 acrius
3144 1362 3431 1433 increpat:
3465 1366 3593 1433 quia
3623 1362 3914 1431 aliquando

2309 1460 2430 1529 plus
2473 1459 2801 1515 conturbant
2848 1459 3041 1525 verba,
3083 1473 3243 1527 quam
3290 1460 3539 1512 vulnera.
3589 1457 3741 1512 Ecce
3772 1457 3913 1526 quasi

2307 1553 2490 1608 hostes
2526 1570 2593 1607 ex
2624 1556 2809 1607 latere.
2854 1552 2958 1607 Per
3012 1554 3234 1607 vulnera
3284 1552 3550 1622 probatur
3604 1550 3907 1621 patientia:

2306 1648 2398 1701 illa
2427 1649 2646 1712 robore,
2682 1647 2799 1702 hinc
2830 1648 3043 1702 ratione
3070 1648 3367 1713 superavit.

2380 1742 2555 1796 Amici
2604 1740 2706 1795 Job
2749 1742 2919 1811 magis
2970 1741 3272 1810 ignorantia
3317 1740 3710 1808 deliquerunt,
3762 1752 3912 1808 quam

606 1836 946 1906 prohibetur.
978 1836 1259 1907 Indignum
1294 1846 1408 1899 est,
1443 1845 1501 1889 ut
1529 1834 1692 1890 verba
1724 1833 1967 1889 caelestis
1996 1832 2197 1887 oraculi
2231 1834 2279 1893 B
2306 1832 2532 1886 malitia.
2564 1832 2680 1886 Non
2713 1832 2856 1887 enim
2900 1841 3083 1886 tantus
3106 1831 3189 1885 vir
3210 1832 3418 1885 amicos
3452 1830 3674 1900 iniquos
3705 1829 3907 1893 habuit,

606 1928 1008 1998 restringantur
1033 1929 1135 1983 sub
1165 1928 1369 1996 regulis
1396 1928 1613 1983 Donati.

683 2017 866 2073 Virtus
903 2018 1005 2073 Job
1036 2019 1087 2073 in
1119 2018 1303 2089 quiete
1336 2034 1529 2088 magna
1561 2017 1661 2073 fuit
1689 2017 1790 2071 sibi
1822 2027 1946 2071 nota
1972 2025 2028 2071 et
2057 2017 2203 2081 Deo,

604 2110 704 2166 sed
747 2111 975 2181 ﬂagellis
1022 2121 1291 2166 commota
1315 2153 1330 2177 ,
1382 2120 1438 2166 ut
1472 2123 1745 2176 aromata,
1780 2111 1939 2166 nobis
1970 2110 2201 2166 redolet.

606 2202 759 2258 Unde
797 2214 852 2258 et
888 2202 1020 2259 ﬁdes
1053 2219 1224 2275 grano
1255 2205 1460 2273 sinapis
1490 2213 1862 2274 comparatur,
1905 2204 2052 2273 quod
2097 2220 2201 2258 non

603 2297 898 2349 contritum
933 2296 1057 2355 lene
1085 2305 1189 2362 est,
1226 2296 1320 2351 sed
1359 2297 1401 2349 si
1449 2298 1769 2361 conteritur,
1806 2297 2122 2361 inardescit,
2152 2306 2206 2350 et

603 2391 746 2460 quod
779 2391 980 2446 latebat
1011 2393 1062 2447 in
1092 2408 1190 2461 eo,
1236 2394 1436 2464 prodit.
1471 2393 1625 2449 Unde
1662 2394 1716 2448 in
1749 2394 1993 2464 psalmo:
2029 2393 2093 2448 In
2124 2395 2207 2448 die

604 2484 865 2537 mandavit
886 2483 1140 2539 Dominus
1170 2487 1579 2540 misericordiam
1601 2504 1770 2551 suam,
1793 2497 1843 2541 et
1860 2496 2007 2540 nocte
2029 2487 2206 2540 decla-

602 2574 736 2628 ravit
768 2592 901 2629 eant.
932 2576 1144 2631 Donum
1180 2577 1604 2643 miscricordim,
1638 2577 1782 2648 quod
1807 2580 1859 2631 in
1888 2578 1992 2632 diei
2024 2580 2204 2647 quiete

603 2670 940 2738 prmcipitur,
994 2682 1153 2726 nocte
1198 2671 1547 2726 adversitatis
1591 2671 1929 2726 manilestari
1976 2671 2199 2728 dicitur.

602 2760 936 2829 Flagellatur
982 2772 1188 2826 autem,
1234 2775 1289 2816 ut
1329 2775 1382 2818 et
1434 2764 1579 2819 inter
1628 2766 1767 2819 mala
1801 2767 2002 2833 gratias
2044 2783 2203 2836 agerc

601 2854 769 2909 sciret
795 2872 807 2908 :
841 2856 987 2926 quod
1014 2872 1119 2910 uno
1138 2868 1157 2893 ε
1180 2855 1423 2925 profecto
1452 2856 1660 2911 deerat.
1686 2858 1839 2923 Quod
1873 2874 2006 2927 ergo
2033 2858 2203 2913 hostis

598 2947 665 3000 ad
696 2948 893 3001 malum
919 2948 1100 3017 petiit,
1128 2947 1269 3002 Deus
1290 2947 1357 3002 ad
1390 2948 1587 3002 bonum
1620 2950 1887 3019 permisit.
1922 2948 2029 3004 Nec
2053 2959 2205 3019 putet

604 3040 747 3109 quis,
783 3041 1077 3111 aliquando
1128 3042 1294 3096 verba
1337 3042 1440 3097 Job
1489 3042 1983 3112 reprehendenda,
2040 3058 2200 3110 quem

607 3131 748 3185 Deus
775 3132 910 3186 adeo
940 3135 1318 3187 commendat:
1350 3135 1403 3188 in
1437 3151 1567 3205 quo,
1601 3136 1755 3204 quasi
1790 3135 1986 3203 medio,
2012 3134 2204 3189 diabo-

2307 1927 2428 1992 sed,
2453 1927 2579 1981 dum
2605 1941 2822 1981 causam
2843 1927 3251 1995 percussionum
3273 1925 3591 1979 discernere
3616 1930 3909 1991 nequeunt,

2309 2020 2361 2074 in
2391 2019 2603 2089 culpam
2654 2019 2928 2072 labuntur.
2987 2018 3407 2072 Percussionum
3457 2017 3606 2071 enim
3656 2015 3768 2070 alia
3813 2027 3909 2081 est,

2310 2128 2415 2182 qua
2452 2113 2714 2183 premitur
2743 2112 2982 2181 iniquus,
3018 2121 3075 2165 ut
3101 2112 3386 2180 puniatur;
3421 2110 3552 2175 alia,
3586 2118 3643 2162 ut
3676 2109 3910 2174 corriga-

2311 2214 2425 2270 tur;
2458 2205 2582 2271 alia,
2618 2220 2683 2258 ne
2714 2203 2891 2258 futura
2924 2204 3257 2267 committat;
3283 2202 3408 2267 alia,
3435 2211 3497 2256 ut
3516 2217 3642 2257 cum
3669 2203 3913 2269 sequitur

2308 2299 2476 2364 salus,
2505 2298 2754 2353 Salvator
2781 2297 3010 2367 amplius
3040 2305 3271 2353 ametur.
3299 2296 3485 2350 Bonus
3516 2298 3560 2350 si
3592 2298 3909 2364 percutitur,

2306 2391 2499 2445 merita
2545 2389 2941 2443 cumulantur:
2996 2388 3139 2455 quod
3190 2386 3912 2456 nesciemesdistinguere,

2307 2506 2621 2561 percussum
2675 2506 2772 2561 pro
2812 2490 2971 2558 culpa
3013 2489 3263 2543 credunt.
3324 2488 3481 2545 Unde
3528 2496 3591 2543 et
3640 2489 3808 2544 citius
3852 2488 3915 2542 ad

2306 2594 2515 2648 veniam
2549 2592 2797 2648 redeunt.
2827 2592 2975 2660 Quos
3008 2593 3148 2647 Deus
3176 2594 3256 2646 sic
3290 2592 3560 2655 humiliat,
3587 2602 3645 2647 ut
3680 2608 3790 2648 ιιοιι
3817 2591 3916 2647 nisi

2304 2710 2402 2764 per
2431 2710 2578 2761 eum,
2606 2710 2763 2764 quem
2798 2694 3177 2762 deSpexerant,
3210 2692 3277 2747 ad
3307 2694 3542 2763 gratiam
3578 2694 3878 2763 reciperet.

2380 2794 2399 2832 τ
2432 2795 2727 2849 Mnraliter.
2762 2793 2925 2847 Multa
2967 2790 3113 2848 ἵει...
3165 2793 3454 2845 Ιιιιιιιηιριίι
3505 2792 3665 2847 turba
3708 2793 3913 2863 cogita-

2307 2895 2536 2959 tionum,
2569 2910 2689 2964 qua:
2721 2894 2872 2963 quasi
2904 2892 3118 2947 ancillze
3148 2891 3398 2956 domina,
3455 2901 3512 2946 et
3559 2892 3781 2948 ratione
3821 2893 3909 2947 ab-

2304 3004 2461 3051 sente
2492 3012 2626 3064 opus
2655 2995 2947 3057 deserunt,
2993 3002 3361 3063 perstrepunt,
3416 3000 3472 3046 et
3526 3007 3597 3047 ea
3646 2994 3909 3048 redeunte

2303 3115 2426 3154 eum
2459 3099 2675 3154 silentio
2706 3105 3024 3165 operantur.
3060 3095 3152 3150 lIis
3182 3096 3413 3159 scilicet,
3448 3094 3595 3149 unde
3624 3096 3899 3151 dominam

602 3222 687 3276 lus
727 3234 915 3277 contra
951 3224 1236 3278 Damnum
1270 3197 1470 3281 cum:
1498 3197 1701 3295 Quo'dd
1742 3243 1868 3281 vero
1915 3197 2053 3281 ho'na
2103 3241 2199 3279 sua
2228 3216 2273 3279 ρ
2306 3201 2359 3256 in
2387 3217 2571 3257 earum
2606 3200 2951 3255 multitudine
2978 3200 3195 3253 animus
3216 3208 3457 3268 superat.
3492 3197 3808 3255 Orientales
3856 3212 3906 3254 et

603 3326 824 3380 narrat,
855 3330 963 3368 non
986 3323 1072 3369 est
1101 3318 1428 3387 arrogantia,
1452 3319 1547 3374 sed
1578 3335 1673 3389 per
1696 3335 1756 3373 ea
1786 3335 1876 3386 se,
1910 3334 1978 3374 ne
2004 3319 2198 3388 despe-

600 3413 685 3460 ret
707 3447 720 3468 ,
752 3403 1074 3472 conﬁrmat,
1114 3421 1239 3461 cum
1275 3424 1370 3478 per
1402 3420 1480 3463 tot
1513 3412 1655 3466 mala
1682 3422 1737 3467 et
1762 3416 2061 3469 amicorum
2094 3427 2193 3482 op-

600 3498 817 3568 probria
849 3506 1139 3568 cogeretur
1166 3500 1460 3569 desperare
1488 3502 1560 3556 de
1580 3504 1687 3558 vita
1719 3518 1837 3559 sua.

681 3645 704 3672 ⁸
738 3637 865 3704 Leg.
905 3638 1157 3696 historiae.

600 3710 607 3770 ;
674 3706 701 3744 ι’
734 3707 788 3761 Id
812 3719 916 3773 est,
947 3709 1178 3765 Davidis.

672 3789 694 3855 ξ
724 3778 978 3855 [fortasse
1006 3783 1291 3855 legendum
1323 3786 1569 3855 perfecto.

670 3846 696 3885 ά
729 3848 967 3906 Rursum
1002 3846 1261 3910 méndose
1292 3846 1556 3927 scriptum
1591 3860 1643 3914 in
1674 3858 2041 3915 Meibomiano
2062 3860 2188 3916 cod.

599 3936 719 3975 vera
750 3938 853 3992 pro
880 3939 1020 3981 vero.

2304 3305 2525 3373 angelos
2556 3302 2752 3358 orienti
2782 3302 2887 3357 luci
2920 3301 3250 3357 inhaerentes
3278 3300 3457 3370 magni
3493 3314 3684 3357 sumus
3718 3316 3907 3357 eorum

2300 3410 2467 3479 socii,
2492 3420 2598 3465 etc.

2379 3658 2400 3717 (ξ
2435 3647 2586 3717 I.eg.,
2619 3647 2829 3700 ultimus
2855 3655 2905 3700 et
2929 3648 3131 3716 junior,
3164 3648 3323 3711 quod.

2380 3715 2397 3753 τ
2433 3714 2771 3773 Postremum
2806 3714 2973 3773 hocce
3002 3720 3302 3788 capitulum
3324 3760 3336 3781 ,
3378 3730 3491 3787 quo
3524 3716 3717 3770 tertius
3757 3714 3901 3771 Scri-

2305 3798 2482 3855 pturae
2528 3805 2720 3845 sensus
2766 3791 3072 3857 explicatur
3116 3790 3182 3844 ad
3224 3789 3480 3845 Auctoris
3524 3797 3799 3852 mentem,
3839 3800 3902 3839 ex

2306 3861 2551 3915 Ilomano
2582 3862 2880 3936 archetypo
2905 3861 3243 3917 sull'ecimus.

598 4038 3887 4066 Ἥ

1600 4161 1743 4232 ΕΧ
1779 4161 2011 4235 IPSO
2049 4162 2367 4234 COMM
2378 4160 2510 4231 EN
2516 4160 2897 4230 TABIO.

667 4450 900 4507 Necesse
923 4462 1027 4517 est,
1053 4465 1109 4508 ut
1138 4383 1542 4525 sifndplicgi’latgin
1557 4387 1838 4512 icolumba:
1863 4455 2055 4510 astutia
2078 4470 2196 4509 ser-

598 4544 775 4613 pentis
822 4545 1102 4611 instituat,
1148 4556 1204 4602 et
1246 4550 1502 4604 astutiam
1549 4548 1869 4618 simplicitas
1912 4558 2195 4618 temperet.

601 4638 756 4695 Unde
802 4639 1057 4695 Christus
1104 4641 1159 4695 in
1207 4642 1457 4698 columba
1504 4655 1558 4698 et
1598 4645 1722 4713 igne
1756 4644 2039 4713 apparuit:
2073 4643 2197 4710 quia

596 4733 747 4803 pleni
784 4734 879 4787 illo
902 4734 984 4790 sic
1015 4737 1423 4791 mansuetudini
1451 4738 1817 4807 simplicitatis
1845 4736 2193 4803 deserviunt,

595 4835 860 4881 utcontra
888 4827 1027 4882 mala
1070 4828 1188 4883 zelo
1229 4825 1581 4884 rectitudinis
1626 4829 2017 4883 accendantur.
2046 4837 2072 4864 ει
2100 4828 2197 4882 Ti-

596 4939 732 4975 mens
764 4921 954 4976 Deum.
988 4923 1248 4979 Salomon
1278 4942 1288 4977 :
1327 4924 1431 4991 Qui
1464 4926 1604 4979 timet
1636 4924 1825 4991 Deum,
1857 4924 1990 4978 nihil
2032 4926 2198 4996 negli-

590 5016 685 5086 git.
721 5015 983 5071 Recedens
1026 5036 1058 5071 a
1109 5019 1268 5072 malo.
1324 5018 1455 5073 Item
1502 5018 1803 5074 Salomon:
1849 5020 1952 5086 Qui
1996 5020 2051 5073 in
2094 5036 2197 5072 uno

594 5106 844 5174 o/fendit,
922 5111 1084 5164 multa
1143 5111 1276 5164 bona
1338 5113 1526 5181 perdit.
1584 5111 1740 5166 Prius
1792 5127 2025 5180 persona
2072 5123 2195 5182 apta

595 5200 949 5267 describitur,
974 5219 1139 5272 quam
1163 5219 1337 5273 pugna
1366 5205 1484 5275 ejus
1511 5205 1742 5273 dicatur,
1790 5214 1846 5261 ut
1877 5205 2000 5261 talis
2030 5221 2194 5277 posse

596 5294 772 5350 vicem
804 5293 1042 5352 reddere
1066 5296 1334 5352 videatur.

1152 5391 1232 5445 Ad
1256 5392 1387 5465 Cap.
1420 5392 1550 5463 III,
1585 5396 1639 5451 8.

669 5484 992 5542 Maledicant
1037 5488 1121 5552 ei,
1171 5488 1259 5555 qui
1300 5488 1616 5543 maledicunt
1645 5490 1769 5545 diei.
1801 5489 2100 5546 Moraliter.
2134 5490 2191 5547 In

597 5582 769 5636 veteri
823 5582 1217 5639 translatione:
1268 5580 1557 5637 Maledicat
1598 5600 1743 5651 eam,
1794 5587 1882 5652 qui
1929 5585 2196 5639 maledicit

596 5669 754 5743 diem,
780 5675 867 5746 qui
895 5684 1144 5743 capturus
1172 5685 1251 5733 est
1278 5674 1477 5748 grande
1517 5684 1701 5731 cetum.
1756 5676 2047 5745 Diabolus,
2098 5677 2194 5749 qui

2222 4382 2275 4442 D
2303 4380 2465 4435 modo
2495 4395 2624 4441 nox,
2658 4377 2710 4432 in
2738 4377 2843 4431 line
2888 4374 2995 4430 erit
3046 4375 3193 4429 visus
3242 4374 3383 4443 dies,
3436 4388 3558 4429 cum
3607 4374 3912 4431 extolletur

2304 4487 2466 4543 supra
2495 4487 2657 4525 omne
2685 4469 2757 4536 id,
2792 4468 2932 4539 quod
2966 4466 3166 4521 dicitur
3202 4468 3365 4527 Deus,
3396 4466 3479 4521 vel
3505 4467 3649 4537 quod
3674 4468 3908 4522 colitur.

2303 4566 2409 4622 Sed
2435 4566 2598 4620 modo
2622 4564 2880 4619 malitiam
2904 4562 3023 4631 ejus
3050 4561 3299 4625 destruit,
3326 4562 3417 4630 qui
3450 4561 3501 4615 in
3529 4561 3638 4615 line
3662 4561 3911 4617 adventu

2303 4674 2404 4713 suo
2449 4657 2748 4727 potentiam
2799 4656 2915 4723 ejus
2953 4654 3245 4709 destruet:
3291 4655 3381 4725 qui
3426 4655 3476 4708 in
3523 4657 3674 4724 aquis
3729 4658 3910 4711 sancti

2303 4751 2557 4822 baptismi
2604 4749 2813 4820 grande
2858 4758 3073 4810 cetum,
3128 4746 3178 4801 id
3225 4755 3329 4812 est,
3384 4745 3759 4800 fortitudinem
3793 4748 3909 4817 ejus

2301 4842 2610 4912 exstinguit.
2655 4839 2743 4895 Vel
2774 4839 3083 4893 maledicunt
3111 4838 3180 4903 ei,
3209 4837 3261 4891 id
3294 4848 3398 4901 est,
3436 4838 3579 4892 nocti
3601 4880 3615 4903 ,
3647 4838 3908 4893 tenebras

2300 4934 2612 4989 damnando
2659 4933 2971 4988 nuntiantes
3002 4931 3163 4987 electi
3192 4930 3395 5000 angeli.
3444 4929 3548 4996 Qui
3586 4931 3907 4985 maledicunt

2300 5027 2425 5091 diei,
2474 5026 2526 5081 id
2568 5035 2674 5091 est,
2711 5024 2799 5093 qui
2832 5024 3009 5077 ﬁctam
3051 5022 3171 5091 ejus
3208 5021 3553 5086 claritatem,
3600 5036 3703 5091 qua
3759 5038 3905 5091 pra:—

2299 5123 2536 5191 sumpsit
2561 5119 2786 5188 :equalis
2814 5116 2925 5169 Deo
2956 5116 3097 5181 lieri,
3128 5114 3538 5185 despiciendam
3570 5126 3902 5168 monstrant.

2303 5212 2406 5280 Qui
2436 5214 2602 5281 parati
2631 5218 2750 5263 sunt
2799 5208 3067 5272 suscitare,
3116 5207 3167 5260 id
3219 5216 3323 5272 est,
3374 5207 3651 5271 relaxare,
3684 5216 3743 5258 ut
3777 5209 3901 5259 totis
3962 5224 3964 5227 ·

2299 5304 2511 5359 viribus
2540 5312 2729 5356 contra
2762 5298 3064 5354 Ecclesiam
3090 5308 3233 5368 agat.
3269 5297 3434 5351 Modo
3457 5296 3657 5367 ligatus
3687 5306 3901 5351 tenetur

2298 5399 2355 5454 in
2402 5398 2599 5469 abysso
2644 5404 2699 5451 et
2743 5408 2988 5466 pressus,
3022 5405 3078 5448 et
3114 5392 3206 5463 qui
3238 5390 3511 5460 superbus
3545 5408 3653 5459 prte
3691 5391 3816 5444 aliis
3840 5407 3899 5444 se

2299 5490 2513 5553 extulit,
2535 5490 2837 5544 substratus
2860 5485 3054 5540 ditioni
3085 5500 3273 5540 eorum
3304 5485 3617 5547 succubuit,
3651 5494 3707 5537 ut
3738 5486 3896 5537 modo
3962 5496 3964 5521 i

2299 5585 2378 5641 eis
2411 5584 2674 5640 ministris
2698 5582 2893 5654 ligatus
2920 5581 3236 5653 lateattetsi
3268 5581 3322 5637 in
3345 5581 3455 5637 line
3476 5581 3691 5638 solutus
3711 5592 3895 5653 aperte

2298 5677 2437 5734 bella
2458 5685 2630 5749 gerat.

667 5817 688 5841 υ
715 5796 1098 5880 Ilancquoqtie
1120 5820 1185 5867 ex
1208 5809 1455 5869 Romano
1476 5830 1578 5870 ius.
1602 5812 1895 5885 pericopen
1920 5820 2163 5872 atteXere
2185 5816 2410 5888 placuit.
