3964 6306
57 311 193 369 1475
553 372 556 376 ,

544 425 623 479 Ad
652 421 1030 496 cap.Iv,to,
1067 422 1153 474 ll.

119 524 406 592 Postquam
470 519 774 576 clementer
826 516 1074 581 monuit,
1128 520 1318 582 aperte
1370 510 1634 574 increpat.

55 616 268 686 Rugitus
291 613 459 668 leonis
483 627 504 667 :
535 610 586 665 id
616 617 728 673 εει,
751 608 1014 662 severitas
1038 613 1096 660 et
1122 611 1297 657 terror
1326 599 1494 670 ipsius
1514 596 1635 652 .lob.

61 708 170 763 νοω
205 709 408 770 ferente,
445 702 748 775 loquacitas
779 698 1024 768 conjugis
1059 714 1072 750 :
1105 696 1284 749 dentes
1318 691 1637 753 catulorum,

51 801 285 858 edacitas
316 798 582 860 filiorum,
610 795 880 850 destructa
904 801 1007 845 est.
1037 788 1130 843 His
1154 786 1358 856 rigidus
1388 783 1640 847 insultat,

53 894 196 966 quasi
228 895 279 947 in
311 907 371 947 re
407 891 691 946 damnata.
736 886 932 957 Tigridi
978 884 1143 939 etiam
1183 881 1284 936 Job
1329 885 1640 948 comparat,

52 1004 147 1061 pro
169 985 392 1041 maculis
417 981 805 1039 simulationis.
828 978 1120 1050 llypocrita
1147 975 1315 1038 enim,
1346 973 1436 1042 qui
1460 979 1642 1025 rectus

51 1080 276 1141 videtur,
310 1077 481 1131 habet
511 1074 730 1130 latentia
755 1072 918 1136 vitia,
962 1084 1083 1141 qua:
1122 1064 1418 1137 aliquando
1455 1076 1641 1117 erum-

52 1172 228 1243 pentia
259 1169 512 1224 colorem
546 1166 774 1221 variant.
809 1163 998 1218 Prwda
1029 1171 1113 1216 est
1137 1161 1410 1230 justorum
1436 1155 1639 1226 gloria,

52 1281 202 1336 quam
238 1263 343 1318 sibi
375 1262 596 1332 arripit.
647 1260 848 1314 Putatis
903 1270 1037 1326 ergo
1089 1255 1214 1319 iste,
1265 1261 1510 1306 sanctum
1541 1247 1644 1302 Joh

53 1362 208 1425 bona,
254 1374 376 1432 quae
405 1359 463 1412 in
498 1372 565 1413 eo
593 1361 857 1420 noverat,
891 1367 988 1422 per
1018 1349 1334 1421 hypocrisin
1383 1344 1642 1410 tenuisse,

53 1455 212 1510 dicit:
250 1452 425 1524 Tigris
452 1451 640 1524 periit,
692 1450 794 1503 hoc
841 1456 956 1514 est,
1007 1445 1243 1498 varietas
1279 1437 1646 1496 simulationis

54 1558 150 1604 tua:
178 1549 448 1604 exstincta
491 1555 596 1609 est,
637 1545 762 1612 quia
787 1541 1032 1596 adulatio
1082 1538 1258 1593 laudis
1299 1535 1502 1589 ablata.
1537 1531 1646 1587 Pro

56 1641 230 1710 tigride
279 1641 367 1695 liic
423 1639 570 1710 apud
621 1635 767 1692 LXX
819 1633 1171 1688 uiirmicoleon
1218 1630 1449 1699 legitur,
1502 1625 1644 1696 quod

58 1733 240 1788 Latine
267 1731 474 1787 dicitur
515 1730 864 1786 formicarum
892 1727 1010 1793 leo,
1043 1725 1130 1779 vel
1158 1721 1507 1792 expressius,
1538 1719 1650 1774 for-

904 294 1314 374 ;EXCERPTA
1357 295 1453 354 EX
1491 285 2000 352 COMMENTARIO
2037 287 2151 347 MS.
2190 284 2260 345 IN
2297 287 2441 346 JOB.

3198 275 3350 342 ιιπ

1661 411 1714 470 Α
1742 405 1885 461 idem
1917 406 2057 476 ipse.
2092 405 2428 475 Redemptor
2454 413 2611 458 meus
2641 400 2801 464 vivit,
2849 407 2904 455 et
2938 409 3038 471 per
3065 410 3348 456 resurrec-

1745 499 1948 552 tionem
1972 511 2136 567 Spero
2159 496 2287 551 mibi
2314 495 2576 551 similem:
2603 503 2659 548 ut
2685 493 2809 548 aliae
2833 492 2999 563 virga:
3028 499 3347 546 manserunt

1743 587 1938 653 aridae,
1988 587 2084 643 sed
2130 587 2282 658 virga
2310 587 2528 651 Aaron,
2573 584 2623 639 id
2658 592 2779 651 est,
2818 597 3016 654 corpus
3046 580 3348 637 sacerdotis

1743 680 1921 734 nostri
1971 679 2023 734 in
2070 678 2261 734 liorem
2315 677 2735 734 resurrectionis
2786 676 3002 746 erupit,
3058 688 3166 744 quo
3207 672 3348 728 ﬂore

1743 771 1996 827 sacerdos
2028 771 2120 826 ille
2151 770 2482 837 ostenditur,
2511 771 2604 841 qui
2633 784 2733 841 pro
2764 769 2923 824 nobis
2949 764 3286 836 interpellat.

2245 864 2328 918 Ad
2357 862 2488 934 Cap.
2515 862 2722 932 XXII,
2758 863 2848 919 ιι.

1815 955 1884 1010 Ει
1908 957 2101 1026 impetu
2123 973 2372 1029 aquarum
2398 955 2766 1010 inundantium
2796 952 3228 1026 non:oppressum
3256 951 3343 1007 iri.

1745 1048 2146 1105 Tribulationes
2172 1050 2332 1120 aquis
2361 1047 2757 1103 inundantibus
2779 1055 3189 1118 comparantur,
3219 1044 3344 1115 quia

1743 1142 1864 1197 aliae
1891 1157 2053 1212 super
2080 1143 2222 1198 alias
2255 1143 2501 1210 irruunt,
2535 1142 2676 1197 sicut
2721 1141 2864 1196 unda
2905 1155 3070 1211 super
3121 1139 3345 1194 undam.

1744 1234 1873 1290 Ideo
1904 1251 2009 1289 non
2045 1235 2270 1306 putabas
2314 1244 2367 1290 te
2414 1233 2859 1304 opprimendum,
2912 1232 3035 1303 quia
3074 1231 3354 1302 cogitabas

1745 1327 1914 1383 Deum
1945 1344 2052 1382 non
2077 1327 2262 1382 videre
2291 1327 2408 1382 haec
2435 1325 2718 1382 inferiora.
2748 1325 2776 1363 ι)
2805 1327 2871 1380 Ει
2893 1340 2960 1379 an
2990 1323 3168 1378 adhuc
3199 1325 3350 1393 cogi-

1745 1422 1864 1474 tas?
1896 1420 2153 1475 llaeretici
2183 1436 2241 1474 se
2273 1419 2557 1490 sapientes
2581 1427 2803 1488 putant,
2830 1424 2885 1472 et
2906 1416 3134 1470 irrident
3164 1415 3352 1470 catho—

1745 1509 1912 1579 licos,
1965 1514 2104 1583 quod
2163 1515 2328 1568 Deum
2383 1529 2492 1568 non
2537 1514 2800 1578 timeant,
2834 1512 2961 1582 quia
2991 1508 3357 1580 corporaliter

1745 1621 1871 1661 eum
1907 1623 2013 1661 nun
2047 1607 2267 1662 vident:
2299 1623 2398 1663 nec
2433 1617 2622 1676 putant
2653 1623 2778 1663 eum
2806 1617 3021 1664 terrena
3056 1609 3243 1665 videre
3282 1624 3353 1665 ex

1749 1698 2069 1769 longinquo.
2104 1697 2274 1753 Immo
2306 1699 2447 1767 quod
2479 1699 2618 1754 cmlo
2647 1701 2812 1756 altior
2860 1701 2953 1766 sit,
3003 1709 3059 1756 et
3097 1701 3251 1772 quasi
3301 1701 3355 1755 in

58 1825 183 1879 mica
209 1832 264 1879 et
295 1824 405 1878 lco.
442 1823 542 1877 Est
570 1831 750 1875 autem
771 1833 1000 1888 parvum
1028 1815 1256 1879 animal,
1283 1812 1428 1884 quod
1467 1811 1646 1866 latens

1767 1790 1894 1844 iube
1927 1790 2102 1845 latens
2134 1807 2230 1860 per
2257 1791 2552 1862 caliginem
2576 1791 2807 1860 judicet.
2845 1793 3001 1859 Ideo,
3034 1793 3176 1863 quod
3216 1793 3360 1849 inter

59 1914 106 1970 in
142 1916 360 1982 pulvere
387 1914 681 1969 insidiatur
709 1911 989 1974 formicis,
1022 1924 1114 1963 eas
1143 1906 1380 1961 comedit
1407 1923 1418 1957 :
1455 1903 1640 1958 volati-

60 2008 188 2061 libus
214 2017 268 2062 et
297 2008 422 2062 aliis
445 2006 776 2062 animalibus
799 2003 1025 2058 formica
1053 2012 1158 2066 est,
1188 2016 1217 2054 a
1249 1997 1443 2069 quibus
1468 2010 1650 2052 come-

59 2099 213 2154 ditur.
249 2099 350 2154 Per
378 2099 487 2154 hoc
515 2107 689 2163 notat,
721 2096 826 2151 Job
854 2096 1020 2150 fuisse
1047 2103 1239 2147 contra
1265 2098 1481 2146 erectos
1503 2088 1652 2142 timi-

60 2192 196 2262 dum,
227 2201 418 2248 contra
453 2192 737 2263 subjectos
764 2189 1026 2244 audacem
1049 2229 1064 2254 ,
1093 2190 1186 2241 sed
1212 2187 1324 2255 jam
1355 2199 1461 2239 non
1487 2182 1652 2236 habet

61 2288 286 2357 prmdam
309 2288 429 2358 ejus
463 2288 664 2349 elatio,
706 2284 830 2355 quia
876 2296 1165 2353 percussus
1210 2279 1280 2334 ab
1325 2279 1507 2332 aliena
1551 2275 1650 2330 la:-

64 2380 203 2437 sione
235 2381 581 2451 prohibetur.
635 2378 842 2434 Eadem
883 2377 1065 2448 typice
1104 2374 1172 2429 de
1215 2370 1508 2426 haereticis.
1539 2368 1653 2423 Leo

67 2473 298 2529 diabolus
330 2491 433 2545 pro
475 2472 713 2530 saevitia.
746 2471 940 2526 Leaena
982 2468 1178 2523 civitas
1219 2464 1428 2520 mundi.
1479 2462 1655 2532 Baby-

66 2565 232 2631 lonia,
265 2567 410 2622 leoni
444 2565 692 2630 sociata,
741 2563 932 2618 catuli.
972 2560 1072 2628 Qui
1128 2557 1272 2629 quod
1319 2554 1536 2626 reprobi
1587 2553 1655 2606 ab

73 2656 170 2710 illis
195 2659 464 2728 generati,
495 2657 566 2712 ab
597 2656 682 2711 his
711 2661 906 2710 cavent
933 2653 1036 2706 sibi
1067 2653 1262 2706 sancti.
1299 2653 1366 2703 λι
1411 2644 1652 2701 haeretici

73 2752 228 2806 securi
253 2755 437 2807 omnia
465 2767 527 2807 se
555 2764 845 2820 superasse
868 2755 1082 2817 putant,
1105 2743 1260 2815 quasi
1291 2741 1499 2797 dicant:
1531 2739 1656 2794 ideo

72 2854 166 2893 non
196 2841 562 2911 ﬂagellamur,
597 2838 724 2908 quia
758 2837 1018 2891 virtutem
1048 2831 1248 2888 diaboli
1283 2831 1576 2896 vincimus,
1604 2837 1660 2884 et

74 2945 277 2999 vocem,
309 2934 361 2988 id
394 2943 515 2999 est,
543 2931 777 3003 gloriam
808 2927 993 2984 saeculi
1015 2969 1029 2990 ,
1077 2935 1131 2981 et
1161 2925 1404 2994 {dentes,
1452 2921 1502 2975 id
1540 2929 1655 2986 est,

74 3024 472 3091 persuasionem
507 3023 890 3092 reproborum.
929 3018 1109 3088 Tigris
1157 3017 1354 3070 iterum
1405 3011 1659 3067 diabolus

76 3129 164 3183 pro
188 3117 504 3172 multiformi
533 3115 756 3181 astutia,
788 3114 873 3168 vel
901 3110 1311 3175 mirmicoleon,
1346 3108 1438 3179 qui
1465 3114 1657 3161 contra

1755 1899 1852 1938 nos
1894 1893 1949 1938 et
1995 1885 2193 1941 ccelum
2236 1887 2401 1940 aeria:
2448 1896 2634 1955 partes
2675 1897 2834 1954 sunt,
2883 1897 2938 1942 et
2982 1887 3360 1956 superioribus

1752 1977 2010 2040 intentus,
2046 1976 2229 2029 minus
2259 1976 2438 2030 videat
2481 1975 2624 2042 ima,
2675 1978 2763 2032 vel
2807 1978 3058 2034 ambiens
3103 1977 3358 2035 cardines

1753 2071 1900 2134 coeli,
1926 2069 2188 2124 inferiora
2220 2085 2327 2123 non
2361 2069 2640 2138 resiiiciat.

2181 2160 2262 2214 Ad
2293 2161 2422 2232 Cap.
2466 2159 2674 2227 XXII,
2718 2161 2930 2229 45,16.

1829 2250 2101 2322 Numquid
2123 2253 2357 2306 semitam
2383 2254 2696 2307 swculorum
2717 2255 3150 2328 custodirekupis
3167 2255 3193 2310 .’
3206 2256 3361 2314 Sicut

1754 2347 1945 2401 semita
1980 2345 2348 2416 redemptoris
2376 2345 2673 2414 humilitas,
2701 2347 2773 2401 ita
2798 2349 2991 2404 semita
3027 2349 3357 2407 saeculorum

1755 2437 2031 2508 superbia.
2066 2436 2404 2493 Steculorum
2435 2436 2624 2508 itaque
2645 2438 2898 2493 semitam
2927 2439 3030 2494 viri
3055 2440 3225 2511 iniqui
3248 2441 3361 2497 cal-

1756 2539 1885 2587 cant
1905 2575 1918 2597 ,
1946 2533 2074 2603 quia
2106 2547 2202 2601 per
2232 2532 2394 2601 hujus
2427 2534 2552 2587 vitae
2575 2533 2847 2588 desideria
2891 2534 2941 2588 in
2969 2535 3204 2590 elatione
3226 2551 3358 2606 per-

1758 2628 2058 2682 ambulant.
2107 2627 2210 2692 Qui
2255 2627 2446 2681 sublati
2471 2626 2598 2682 'sunt
2640 2637 2758 2682 ante
2795 2637 2994 2701 tempus
3041 2645 3224 2694 suum,
3261 2629 3358 2701 qui

1761 2730 2087 2790 praesentem
2113 2721 2275 2774 vitam
2306 2718 2561 2789 diligunt,
2594 2721 2840 2791 longiora
2873 2720 2977 2775 sibi
3006 2721 3182 2791 spatia
3209 2723 3359 2792 ejus-

1761 2813 1885 2868 dem
1934 2814 2056 2867 vitze
2102 2813 2448 2883 promittunt.
2497 2812 2606 2868 Sed
2654 2828 2777 2868 cum
2827 2828 2922 2868 eos
2966 2815 3365 2883 superveniens

1761 2919 1908 2960 mors
1935 2904 2229 2970 subtrahit,
2265 2920 2455 2960 eorum
2504 2905 2634 2958 vitae
2671 2905 2866 2975 spatia,
2921 2921 3043 2976 qua:
3072 2907 3124 2959 iti
3151 2907 3363 2978 cogita-

1761 3000 1910 3054 tione
1933 2999 2296 3064 tetenderant,
2330 2998 2630 3054 intercidit.
2657 2998 2723 3052 Et
2753 3000 2943 3068 ﬂuvius
2971 2999 3217 3054 subvertit
3241 3005 3364 3073 {un-

1771 3095 2073 3149 damentum
2124 3110 2324 3147 eorum.
2369 3091 2574 3163 Iniqui,
2630 3093 2755 3146 dum
2806 3095 3096 3163 prtesentia
3143 3093 3367 3165 fugitiva

79 3208 381 3265 resistentes
402 3209 624 3273 debilis,
645 3216 833 3262 contra
853 3204 1261 3260 consentientes
1285 3202 1460 3257 l'ortis.
1485 3201 1656 3269 Quem
1687 3182 1733 3246 C
1766 3203 1887 3244 esse
1917 3204 2023 3241 “0"
2075 3187 2388 3254 initientur.
2434 3194 2672 3241 memem
2725 3186 2780 3241 ίη
2836 3201 3028 3244 amore
3082 3189 3369 3254 ιη’ωεθηιίε

78 3295 244 3354 dicunt
273 3302 525 3371 periisse,
553 3301 676 3371 quia
703 3298 756 3352 in
780 3297 861 3353 eis
887 3295 1132 3366 prmdam
1175 3311 1280 3348 non
1316 3293 1493 3348 habet.
1545 3292 1659 3346 lloc

80 3395 102 3422 ⁸
123 3404 211 3458 pro
230 3394 430 3462 gaudio
459 3399 743 3463 repetunt,
776 3390 902 3460 quia
920 3403 1067 3456 Stepe
1083 3387 1368 3456 repetitur,
1394 3383 1535 3454 quod
1564 3397 1660 3452 per

80 3481 314 3548 gaudium
344 3485 572 3542 dicitur.

589 3577 669 3630 Ad
692 3575 823 3644 Cap.
853 3573 1012 3642 XIX,
1035 3573 1130 3628 εις.

143 3665 288 3731 Ouod
315 3670 368 3726 in
395 3671 621 3742 plumbo
645 3669 926 3736 scribitur,
954 3667 1116 3722 citius
1139 3664 1375 3721 deletur.
1415 3663 1471 3718 ln
1510 3661 1664 3718 silice

83 3755 286 3815 difﬁcile
313 3765 594 3829 scribitur,
638 3763 733 3816 sed
765 3769 972 3815 manet.
1014 3759 1105 3815 Sic
1148 3758 1337 3813 Judzea
1375 3756 1540 3812 verba
1571 3752 1664 3810 Dci

83 3852 181 3906 cito
209 3856 395 3927 recipit
436 3866 492 3912 et
522 3855 768 3912 deserit:
821 3853 1099 3926 gentilitas
1148 3853 1238 3907 vix
1291 3851 1520 3922 recipit,
1565 3849 1664 3905 sed

83 3942 279 4005 fortiter
309 3959 517 4007 servat.

507 4041 589 4095 Ad
616 4039 746 4109 Cap.
779 4035 958 4104 XIX,
989 4035 1082 4098 es,
1115 4036 1206 4090 ετ.

147 4129 259 4186 Scio
284 4139 440 4202 enim,
474 4134 614 4207 quod
639 4134 934 4202 redemptor
956 4146 1098 4184 meus
1122 4131 1266 4184 vivit.
1295 4127 1410 4183 Non
1439 4125 1516 4180 ait
1544 4140 1666 4178 con-

88 4216 228 4288 ditar,
274 4227 366 4281 sed
418 4228 735 4294 redemptor,
777 4238 901 4278 eum
953 4229 1146 4291 aperte
1187 4219 1540 4282 denuntians,
1573 4216 1664 4287 qui

89 4321 349 4383 Postquam
380 4319 566 4373 omnia
599 4316 825 4379 creavit,
858 4314 928 4368 de
957 4311 1272 4380 captivitate
1298 4310 1548 4379 passione
1570 4323 1668 4363 sua

91 4419 180 4460 nos
204 4410 452 4467 redemit.
484 4411 630 4466 Vivit
656 4420 866 4473 autem,
897 4406 1044 4478 quod
1077 4405 1220 4460 inter
1253 4418 1447 4458 manus
1475 4402 1670 4474 impio-

90 4510 198 4555 rum
224 4507 494 4561 occubuit.
552 4505 715 4571 Quem
759 4502 962 4556 uisurus
998 4515 1113 4554 sum
1165 4515 1288 4569 ego,
1322 4496 1375 4553 id
1403 4505 1504 4564 est,
1537 4510 1668 4550 caro

92 4600 257 4649 nostra
280 4607 409 4666 post
435 4595 895 4652 resurrectionem
935 4591 1127 4649 eadem
1155 4590 1289 4655 erit,
1324 4597 1380 4645 et
1419 4588 1662 4644 diversa.
1694 4589 1745 4649 D

92 4679 275 4743 Eadem
307 4705 407 4759 per
432 4698 712 4755 naturam,
764 4688 982 4742 diversa
1015 4699 1116 4755 per
1143 4681 1394 4753 gloriam.
1443 4680 1670 4751 Eritque

93 4775 399 4848 spiritualis,
451 4781 576 4852 quia
622 4777 1084 4848 incorruptibilis,
1117 4786 1172 4830 et
1201 4772 1512 4847 palpabilis,
1545 4773 1668 4843 quia

98 4879 187 4923 non
227 4877 495 4932 amittitur
541 4873 785 4930 essentia
815 4871 1028 4926 veracis
1064 4879 1292 4925 naturae.
1319 4866 1571 4938 Reposito
1601 4875 1675 4920 est

98 4955 191 5013 ’lwc
216 4979 325 5031 spes
354 4985 470 5022 mea
488 4969 542 5022 in
565 4968 683 5021 sinu
713 4981 844 5020 meo.
878 4962 1026 5018 Nihil
1076 4977 1178 5017 nos
1223 4963 1428 5018 certius
1475 4960 1675 5014 habere

99 5052 372 5126 credimus,
399 5075 561 5130 quam
592 5057 735 5126 quod
767 5057 820 5112 in
845 5055 969 5111 sinu
999 5063 1269 5109 tenemus.
1300 5053 1358 5107 In
1392 5052 1515 5106 sinu
1546 5065 1677 5122 ergo

101 5155 235 5212 sDem
263 5152 556 5223 repositam
588 5151 760 5206 tenuit
779 5193 793 5216 ,
828 5150 956 5220 quia
979 5163 1106 5203 vera
1138 5145 1467 5202 certitudinc
1493 5143 1562 5199 de
1585 5157 1681 5213 spe

102 5247 500 5301 resurrectionis
528 5243 899 5314 praesumpsit.
927 5241 1204 5309 Expressc
1232 5237 1434 5293 indicat
1475 5236 1680 5290 verita-

106 5331 196 5384 tem
235 5337 672 5395 resurreCtionis.
722 5334 838 5390 Non
873 5333 1015 5389 alius
1045 5331 1296 5399 moritur,
1327 5329 1468 5384 alius
1493 5342 1675 5384 resur-

104 5418 198 5487 ςῑιε
239 5432 408 5503 utqui
435 5431 662 5498 dicunt,
717 5427 992 5484 invisibile
1036 5438 1235 5496 corpus
1276 5423 1548 5478 futurum:
1583 5419 1677 5474 sed

169 5588 459 5666 ffortasse
483 5595 774 5666 legendum
802 5608 930 5666 prce.

168 5653 192 5693 δ
214 5653 631 5722 Ιιεεετίὺειιιιῖιιη
651 5653 1030 5721 censétcditor
1047 5659 1351 5732 Lipsiensis
1372 5659 1472 5712 hoc
1485 5662 1674 5728 pacto:

155 5737 168 5779 ι
196 5731 431 5809 idAadhuc
460 5740 687 5809 coquant
716 5735 943 5790 haeretici
962 5777 976 5799 ,
999 5736 1086 5805 qui
1115 5731 1167 5788 se
1187 5734 1604 5809 sapientes,e_tc.

177 5810 196 5837 ο
225 5799 846 5879 Constabit"utcumque
898 5799 1115 5875 sensus,
1164 5804 1208 5860 si
1251 5799 1400 5873 legas
1453 5799 1678 5856 subruit.

1763 3285 1886 3336 vita:
1913 3280 2166 3349 infigunt,
2192 3287 2248 3334 et
2275 3277 2430 3348 quasi
2464 3279 2640 3348 longa:
2666 3277 3028 3334 habitationis
3068 3279 3121 3334 in
3165 3295 3230 3335 ca
3261 3280 3367 3336 sibi

1762 3373 2175 3429 fundamentum
2205 3380 2551 3427 construunt.
2585 3371 2694 3427 Sed
2726 3372 2922 3428 ﬂuvius
2944 3373 3216 3428 subvertit
3240 3373 3365 3427 lun-

1763 3468 2077 3523 damentum
2104 3480 2292 3522 eorum
2316 3483 2328 3519 :
2354 3465 2478 3535 quia
2505 3467 2620 3535 ipse
2640 3480 2834 3520 cursus
2853 3464 3233 3520 mutabilitatis
3252 3473 3370 3520 sta-

1767 3569 1878 3614 tum
1908 3561 2030 3628 ejus
2055 3570 2076 3598 ε
2099 3559 2288 3614 subrui
2319 3572 2497 3626 pravae
2528 3555 2970 3612 constructionis.

2282 3650 2363 3704 Ad
2386 3649 2516 3721 Cap.
2540 3644 2735 3715 XXII,
2768 3648 2855 3704 ιθ.

1841 3746 1942 3812 Qui
1963 3745 2151 3801 sublati
2173 3753 2424 3798 suntanle
2446 3753 2648 3813 tempus
2671 3741 3152 3799 suum.Sciendum
3168 3739 3194 3781 δ
3219 3745 3365 3814 quod

1768 3839 1988 3894 ordinat
2016 3853 2191 3892 annos
2221 3837 2363 3891 Deus
2390 3836 2540 3905 juxta
2575 3835 2770 3889 merita
2798 3835 3364 3906 singulorum,dispo—

1769 3931 1852 3985 nit
1884 3937 1937 3984 et
1960 3929 2274 3993 terminum,
2305 3938 2366 3982 ut
2403 3936 2459 3982 et
2489 3927 2668 3981 malus
2687 3926 3204 3995 brevitervivat,ne
3231 3930 3357 3998 plu-

1770 4021 1922 4076 ribus
1953 4030 2166 4088 noceat,
2198 4020 2286 4074 vcl
2314 4020 2492 4075 bonus
2525 4018 2731 4073 diutius
2775 4019 2965 4086 vivat,
3027 4028 3084 4073 ut
3123 4019 3367 4090 pluribus

1767 4114 1947 4184 prosit
1979 4131 1992 4167 :
2027 4114 2111 4168 vel
2145 4129 2336 4169 rursus
2369 4114 2544 4170 malus
2581 4113 2787 4169 diutius
2814 4158 2828 4180 ,
2876 4123 2938 4169 ut
2967 4113 3106 4168 mala
3149 4126 3368 4186 augeat,

1768 4207 1964 4277 quibus
1989 4205 2114 4260 boni
2138 4206 2459 4276 probentur,
2479 4215 2533 4260 et
2557 4205 2665 4276 [ΑΙ.
2700 4205 2780 4276 ιιι]
2813 4207 2988 4261 bonus
3019 4205 3181 4262 citius
3236 4209 3366 4265 sub-

1772 4299 2032 4365 trahitur,
2066 4315 2134 4355 ne
2183 4299 2229 4354 si
2281 4299 2484 4353 diutius
2537 4297 2704 4364 vivat,
2740 4299 2946 4353 malitia
2968 4310 3370 4371 corrumpatur.

1770 4392 1842 4446 Et
1864 4403 2104 4448 mutatur
2134 4393 2406 4448 sententia
2450 4389 2570 4456 Dei,
2616 4389 2712 4445 sed
2746 4405 2852 4446 non
2878 4391 3174 4448 consilium
3204 4401 3372 4449 aeter-

1775 4502 1928 4541 num.

2213 4577 2314 4630 Ad.
2344 4574 2477 4648 Cap.
2502 4575 2719 4644 XXIV,
2765 4577 2920 4634 s-ti.

1846 4671 1950 4724 Alii
1978 4671 2124 4740 quasi
2167 4669 2351 4742 onagri
2406 4669 2462 4723 in
2509 4669 2712 4725 deserto
2753 4670 3087 4742 egrediuntur
3134 4671 3204 4727 ad
3249 4689 3377 4746 opus

1773 4778 1943 4816 suum.
1975 4760 2278 4817 Suutenim
2313 4759 2583 4827 haeretici,
2615 4761 2706 4832 qui
2736 4762 2953 4832 populis
2974 4763 3268 4819 admisceri
3293 4779 3378 4818 re-

1774 4853 2012 4925 fugiunt,
2041 4854 2136 4910 sed
2161 4867 2442 4909 secessum
2462 4854 2591 4907 vita:
2614 4854 2935 4909 secretioris
2973 4863 3188 4922 petunt,
3224 4864 3278 4909 et
3309 4870 3376 4911 eo

1777 4949 2012 5019 amplius
2044 4956 2200 5019 peste
2221 4961 2334 5002 sua:
2361 4945 2738 5016 persuasionis
2774 4945 3040 5015 inliciunt,
3074 4961 3182 5017 quo
3209 4947 3375 5018 quasi

1781 5058 1846 5098 ex
1872 5043 1999 5097 vitae
2025 5040 2240 5096 meritis
2270 5038 2684 5095 reverentiores
2714 5037 2987 5092 videntur.
3022 5038 3256 5109 Onagris
3282 5054 3382 5095 auc

1781 5145 1888 5191 tem
1922 5141 2338 5205 comparantur,
2370 5130 2514 5202 quod
2542 5130 2596 5186 iu
2625 5130 2740 5186 suis
2766 5131 3144 5186 voluntatibus
3165 5129 3378 5187 dimissi

1782 5245 1811 5283 a
1843 5228 2064 5284 vinculo
2091 5226 2217 5282 lidei
2240 5233 2296 5282 et
2333 5224 2562 5279 rationis
2601 5233 2733 5280 sunt
2786 5224 2980 5278 alieni.
3027 5223 3387 5295 Egrediuntur

1783 5324 1852 5378 ad
1883 5340 2012 5394 opus
2039 5339 2213 5379 suum.
2238 5320 2355 5376 Non
2389 5318 2536 5375 enim
2565 5318 2682 5384 Dei,
2714 5317 2810 5373 sed
2856 5333 2992 5386 opus
3021 5332 3177 5372 suum
3223 5332 3383 5386 pera-

1782 5422 1939 5486 gunt,
1970 5414 2097 5470 dum
2133 5428 2243 5469 non
2274 5419 2426 5468 recta
2450 5407 2842 5482 dogmata,sed
2867 5408 3087 5479 pr0pria
3109 5406 3386 5465 desideria

1782 5583 2045 5639 Fortasse
2077 5591 2258 5636 tamen
2293 5580 2560 5648 scriptum
2592 5577 2662 5631 ab
2692 5584 2920 5648 auctore
2957 5583 3072 5644 est,
3113 5573 3287 5648 innuit
3338 5576 3389 5632 e’t

1787 5671 1985 5727 praete,
2019 5663 2127 5709 etc.
2160 5645 2466 5722 Lipsiensis
2489 5648 2674 5706 editor
2698 5648 2805 5719 legi
2838 5647 2974 5717 vult,
3000 5645 3344 5718 fundamenta
3368 5687 3386 5718 ,

1790 5743 1888 5799 pro
1909 5735 2100 5783 statum
2123 5728 2258 5799 eius.

1861 5795 1886 5835 ά
1914 5799 2120 5854 Mavult
2145 5790 2327 5852 editor
2356 5793 2507 5865 Lips.
2533 5792 2676 5862 quod
2705 5791 2832 5847 dum
2851 5790 3084 5846 ordinat.
