3964 6316
589 286 727 353 imi

1370 291 1463 349 AD
1500 288 1752 350 'I’OMUM
1791 289 1861 347 ill
1901 286 2187 347 OPERUM
2218 291 2277 349 Β.
2326 290 2711 351 ΙΙΙΕΒΟΝΥΜΙ
2753 291 3120 352 APPIINDIX.

3780 296 3884 355 “75

586 418 912 483 sequuntur.
952 407 1336 479 Vigilantesque
1374 408 1443 461 ad
1470 407 1702 480 prmium
1723 451 1737 475 ,
1767 417 2068 479 prmparant
2097 423 2192 478 pa-
2226 418 2278 475 Α
2303 408 2507 465 tionem
2530 411 2816 477 suscitare,
2853 420 3112 481 patentes
3137 412 3322 467 saeculi
3356 412 3423 466 ad
3480 413 3587 467 hoc
3644 414 3881 479 excitant,

592 519 708 560 nem
733 501 927 555 liberis.
948 499 1027 553 Ad
1061 498 1302 570 prmdam
1334 499 1584 569 vigilant,
1616 500 1707 570 qui
1732 500 1895 554 verba
1926 500 2195 570 justorum

589 596 655 650 ad
690 609 912 649 sensum
965 592 1245 663 proprium
1293 606 1514 661 semper
1543 608 1739 661 rapere
1782 600 2077 659 conantur,
2138 603 2197 648 ιιι

589 702 688 758 per
716 686 834 741 huic
860 686 1136 755 perversis
1159 684 1284 739 lilils
1316 700 1511 755 panem
1543 686 1749 740 erroris
1768 696 1981 756 parent.
2002 686 2197 757 Agrum

589 798 691 836 non
717 796 872 835 suum
897 781 1181 835 demetunt.
1221 782 1348 852 Agri
1376 783 1458 837 vel
1506 784 1677 837 vineae
1727 786 1953 837 nomine
2008 784 2194 839 Ecclco

583 875 663 929 sia
696 876 968 945 signatur,
1003 891 1169 945 quam
1207 875 1451 945 perversi
1476 877 1867 945 pranllcatores
1890 876 2195 940 demetunt,

592 977 645 1024 et
664 978 944 1023 auctorem
964 968 1081 1038 ejus
1100 968 1156 1022 in
1177 968 1438 1023 membris
1454 968 1818 1037 opprimendo
1837 968 2196 1023 vindemiant:

592 1062 685 1133 qni
712 1060 983 1116 creatoris
1031 1061 1264 1131 gratiam
1295 1070 1720 1130 persequentes,
1756 1061 1885 1114 tlutn
1934 1060 2197 1130 quosdam

594 1152 663 1208 de
686 1152 801 1219 illa,
837 1153 925 1222 qui
958 1153 1091 1207 reeti
1118 1152 1476 1219 videbantur,
1512 1154 1736 1223 rapiunt
1762 1196 1774 1217 ,
1813 1152 1943 1223 quid
1999 1154 2144 1206 aliud
2181 1193 2195 1216 ,

593 1259 759 1315 qttam
782 1245 1077 1314 spicas,vel
1104 1245 1293 1300 botros
1326 1245 1635 1298 aninturum
1661 1242 1845 1316 [Forte
1871 1242 2198 1314 animarum]

602 1336 841 1390 tollunt?
874 1335 1066 1390 Nudos
1087 1338 1355 1389 dimittunt
1385 1335 1639 1398 homines.
1672 1336 1974 1391 indumenta
2014 1334 2198 1390 tollen-

594 1437 689 1492 tes,
714 1427 894 1497 quibus
926 1444 1028 1482 non
1051 1437 1130 1482 est
1149 1429 1525 1497 operimentum
1554 1429 1607 1481 in
1632 1431 1844 1501 frigore.
1871 1430 2023 1482 Sicut
2074 1444 2199 1483 ves-

597 1520 821 1576 timenta
854 1535 1081 1591 corpus,
1115 1522 1195 1576 sic
1228 1524 1366 1575 bona
1390 1538 1555 1592 opera
1592 1532 1888 1593 protegunt
1935 1523 2197 1576 animam.

600 1613 857 1669 Hmretici
888 1615 1093 1685 itaque,
1128 1630 1251 1670 cum
1282 1614 1644 1685 quorumdam
1692 1616 1833 1669 bona
1888 1631 2055 1685 opera
2102 1616 2197 1671 de-

598 1717 839 1775 struunt,
873 1710 1201 1764 vestimenta
1226 1710 1447 1763 tollunt.
1476 1710 1674 1777 Quibus
1693 1727 1796 1764 non
1816 1722 1889 1765 est
1912 1711 2199 1780 aperimen—

601 1811 708 1855 tum
731 1805 784 1856 in
805 1803 1019 1873 frigore.
1044 1802 1461 1873 Operimentum
1492 1803 1560 1859 ad
1606 1804 1869 1874 justitiam
1930 1810 2199 1876 pertinet,

2312 514 2547 570 quorum
2573 500 2759 556 fervor
2778 503 2905 557 dum
2933 517 3120 557 eorum
3145 503 3418 557 desideria
3442 504 3627 568 Satist,
3647 504 3702 559 in
3723 520 3895 562 eorum

2315 594 2545 660 actibus,
2580 596 2733 665 quasi
2766 596 2816 649 in
2851 595 3099 655 meridie.
3130 596 3440 665 quiescunt.

2726 688 2807 740 Ad
2838 686 2967 760 Cap.
2999 686 3219 755 XXVI,
3252 690 3306 755 2,
3342 692 3401 753 5.
3437 689 3494 743 4.

2376 779 2543 852 Cujus
2572 779 2785 851 adjutor
2812 782 2901 833 es?
2932 782 3184 851 numquid
3205 783 3515 838 imbecillis?
3564 796 3676 839 etc.
3737 786 3904 856 Adju-

2303 887 2433 927 vare
2460 873 2793 927 imbecillem
2824 874 3105 929 ('bttritatis
3151 886 3231 930 est
3267 892 3281 928 :
3317 878 3583 948 adjuvare
3628 890 3910 949 potentem

2307 966 2468 1031 velle,
2505 967 2763 1021 elationis
2793 977 2898 1022 est.
2932 969 2996 1022 Et
3028 978 3107 1024 est
3143 985 3361 1024 sensus.
3397 971 3537 1025 Dum
3570 988 3700 1027 eum
3724 974 3910 1043 juvare

2305 1058 2576 1126 intendas,
2616 1059 2719 1113 sub
2762 1060 2918 1129 cujus
2961 1062 3335 1131 magnitudine
3376 1065 3715 1131 succumbis,
3771 1068 3911 1135 quod

2305 1150 2578 1221 impendis
2611 1152 2891 1219 Solatium,
2924 1152 2992 1207 tle
3013 1156 3379 1209 ostentatione
3412 1166 3518 1225 cst,
3554 1174 3661 1211 non
3699 1159 3767 1210 de
3794 1162 3909 1228 pie-

2306 1251 2433 1297 tate.
2470 1242 2566 1297 Cui
2588 1246 2777 1300 dedisti
2797 1246 3117 1301 consilium?
3167 1246 3475 1303 Cttnsilium
3517 1249 3657 1305 dare
3696 1253 3859 1305 stulto
3892 1296 3909 1317 ,

2304 1338 2588 1392 charltatis
2613 1348 2695 1393 est
2722 1357 2735 1393 :
2763 1339 3056 1395 consilium
3088 1340 3224 1395 dare
3251 1342 3507 1410 sapienti,
3530 1345 3914 1401 ostctttationis

2304 1441 2426 1486 est:
2460 1432 2749 1487 consilium
2799 1433 2933 1487 dare
2990 1433 3090 1502 ipsi
3146 1434 3481 1502 Sapientie,
3536 1439 3911 1505 powers-italis

2305 1533 2408 1579 est.
2459 1525 2613 1579 Unde
2659 1528 2950 1595 sequitur,
3000 1535 3046 1580 ct
3109 1528 3461 1599 prudentiam.
3542 1528 3774 1596 Omnis,
3823 1532 3911 1586 cui

2307 1616 2598 1685 prudentia
2631 1626 2715 1672 est
2737 1661 2750 1684 ,
2786 1632 2933 1673 recta
2966 1627 3071 1675 est.
3103 1619 3345 1675 Plurima
3374 1639 3485 1677 nun
3507 1631 3613 1686 est,
3643 1624 3766 1693 quia
3802 1640 3911 1679 non

2307 1708 2429 1777 plus
2450 1709 2661 1777 appetit
2690 1724 2903 1779 strpere.
2938 1710 3129 1765 Nonne
3144 1728 3285 1779 εαηι,
3329 1714 3419 1780 qui
3462 1715 3585 1785 fecit
3623 1716 3911 1786 spiramus-

2308 1803 2457 1855 tum?
2487 1802 2712 1866 Baldatl,
2744 1806 2869 1872 quia
2899 1804 3005 1859 Job
3030 1805 3361 1876 ﬂagellatam
3395 1822 3495 1876 pro
3538 1808 3702 1878 culpa
3731 1811 3906 1864 credi—

590 1894 761 1965 frigus
783 1895 849 1948 ad
870 1895 1110 1966 culpam.
1146 1896 1308 1966 Alget
1340 1910 1493 1966 ergo,
1527 1904 1583 1949 et
1612 1899 1834 1967 tegitur,
1870 1900 1959 1968 qui
1994 1914 2057 1952 ex
2096 1899 2204 1953 alio
2234 1897 2281 1956 B
2308 1893 2413 1961 dit,
2446 1896 2721 1949 occultum
2748 1895 2842 1951 Dei
2884 1897 3179 1965 judicium,
3232 1898 3377 1968 quod
3423 1903 3678 1955 venerari
3729 1902 3910 1956 debuit

600 2001 772 2056 Opere
809 1989 1066 2043 fervescit
1124 1989 1189 2042 ad
1229 1989 1526 2057 justitiam,
1561 2004 1625 2044 ex
1677 1989 1784 2045 alio
1843 1990 2088 2063 frigescit
2135 1993 2201 2047 ad

594 2080 950 2149 culpatn.Sed
975 2096 1097 2135 cum
1130 2080 1375 2135 hzeretici
1403 2082 1603 2135 talibus
1628 2082 1769 2135 bona
1801 2098 1966 2153 opera
1987 2085 2203 2139 subtra-

596 2172 769 2243 bunt,
795 2185 961 2244 agunt
987 2189 1056 2229 ne
1084 2175 1135 2228 in
1168 2173 1375 2244 frigore
1406 2172 1667 2240 habeant,
1701 2176 1843 2229 unde
1876 2179 2195 2231 vestiantur.

596 2266 738 2332 Quos
762 2265 946 2321 imbres
973 2268 1226 2320 montium
1252 2267 1450 2339 rigant,
1487 2267 1540 2321 id
1569 2275 1680 2332 est,
1709 2266 1905 2322 ﬂuenta
1937 2270 2203 2338 praedica-

592 2366 770 2413 torum
799 2366 1040 2412 sacrant.
1064 2357 1133 2411 Et
1156 2375 1259 2412 non
1290 2358 1535 2413 habentes
1551 2359 1798 2426 velamen,
1826 2361 2197 2432 amplexantur

593 2449 818 2518 lapides.
852 2450 990 2504 Dicit
1024 2450 1199 2505 fortes
1242 2449 1297 2505 in
1335 2450 1579 2505 Ecclesia
1612 2452 1780 2519 viros,
1808 2461 1865 2507 ιιι
1903 2463 2195 2525 martyres.

592 2543 694 2609 Qui
726 2528 1003 2613 itaquede
1044 2544 1204 2599 nullo
1260 2558 1433 2612 apere
1460 2560 1562 2598 suo
1610 2546 1897 2600 confidunt
1930 2588 1944 2613 ,
1989 2547 2085 2601 sed
2129 2547 2196 2601 ad

587 2648 901 2693 sanctorum
938 2649 1241 2709 martyrum
1275 2638 1669 2708 protectionem
1704 2640 1911 2696 orando
1941 2650 2193 2708 currunt,

588 2730 720 2802 quid
752 2732 839 2785 isti
865 2730 1094 2794 faciunt,
1127 2733 1280 2787 nisi‘
1318 2732 1409 2802 qui
1456 2732 1615 2787 bona:
1664 2733 1897 2787 actionis
1940 2735 2190 2789 velamen

592 2838 700 2879 non
733 2824 932 2879 habent
966 2824 1176 2893 lapides
1208 2825 1618 2895 amplexantur.
1662 2824 1775 2879 Vim
1821 2830 2057 2897 fecerunt
2106 2830 2196 2882 de-

592 2918 885 2987 prtedantes
914 2920 1164 2991 pupillos,
1189 2928 1235 2971 et
1259 2919 1475 2991 vulgum
1501 2936 1787 2990 pauperum
1812 2919 2191 2990 spoliaverunt.

591 3010 853 3067 Hmretici
895 3013 1279 3080 depraedantes
1336 3012 1445 3067 vim
1478 3013 1693 3069 faciunt
1738 3014 1869 3084 quia
1906 3012 2017 3086 [ΑΙ.
2050 3014 2192 3087 qum]

589 3113 783 3158 contra
816 3104 1063 3159 infirmas
1115 3105 1355 3161 ﬁdelium
1390 3116 1605 3161 mentes
1639 3107 1933 3161 verborum
1977 3116 2033 3161 et
2063 3122 2195 3174 epe-

591 3210 711 3250 rum
732 3196 999 3251 violentia
1016 3198 1596 3268 grassanturNulgum
1618 3213 1911 3268 pauperem
1936 3199 2190 3269 spoliant,

2308 1987 2611 2055 humiliter,
2654 1992 2886 2058 superba
2922 1990 3075 2046 nisus
3106 2001 3192 2045 est
3242 1994 3559 2047 temeritate
3602 2004 3906 2063 penetrare.

2305 2078 2411 2149 Ipsi
2436 2096 2567 2149 ergo
2590 2097 2648 2135 se
2673 2097 2771 2151 per
2804 2082 3149 2152 prudentiam
3176 2085 3433 2151 praetulit,
3455 2085 3616 2156 cujus
3638 2086 3906 2154 judicium

2306 2187 2415 2225 non
2450 2173 3116 2243 intelligendojudicavit.
3160 2176 3271 2231 Sed
3298 2179 3423 2246 quia
3450 2176 3561 2232 Job
3582 2221 3597 2246 ,
3649 2179 3909 2235 Ecclesia

2309 2275 2493 2335 typum
2522 2282 2740 2335 gerens,
2762 2282 2931 2337 pach
2958 2268 3011 2323 in
3030 2270 3397 2338 superborum
3418 2274 3769 2329 correctione
3789 2291 3911 2343 pro-

2304 2359 2450 2418 tulit.
2486 2370 2715 2427 repente
2742 2376 2804 2415 se
2833 2361 2898 2414 ad
2930 2361 3239 2416 doctrinam
3264 2378 3360 2431 per
3385 2367 3694 2420 sententias
3712 2382 3911 2435 expan-

2302 2450 2379 2504 dit
2407 2450 2600 2506 dicens
2632 2452 2812 2522 (Vera.
2836 2455 2893 2526 5)
2921 2470 2932 2505 :
2959 2453 3096 2509 Ecce
3123 2458 3359 2528 gigantes
3377 2472 3589 2526 genium
3616 2460 3713 2513 sub
3740 2462 3911 2532 aquis.

2308 2541 2591 2612 Gigantes,
2634 2546 2853 2613 superbi
2891 2563 2905 2599 :
2946 2561 3099 2617 aquae
3123 2552 3487 2617 suntpOpuli.
3523 2551 3669 2605 Elati
3700 2563 3907 2621 autem,

2305 2632 2433 2688 dum
2468 2635 2519 2689 in
2556 2636 2655 2690 llOC
2678 2638 2882 2691 sucula
2905 2641 3128 2709 assequi
3156 2640 3420 2696 honorem
3449 2643 3799 2699 celsitudinis
3819 2662 3912 2699 cu-

2301 2729 2479 2797 piunt,
2512 2731 2612 2784 sub
2638 2731 2977 2798 ponderibus
3008 2734 3330 2803 populorum
3358 2748 3611 2806 gemunt.
3665 2738 3761 2792 Eis
3816 2754 3909 2808 p0-

2302 2822 2444 2891 pulis
2472 2823 2799 2892 supponitur
2829 2824 2950 2894 quis
2980 2837 3183 2891 mente,
3219 2827 3418 2896 quibus
3447 2832 3785 2897 supponitur
3829 2831 3910 2884 di-

2297 2918 2525 2984 gnitate.
2547 2916 2607 2969 lit
2638 2915 2721 2970 his
2744 2917 2925 2971 verbis
2955 2918 3247 2986 indit-stur,
3274 2920 3421 2990 quod
3448 2922 3631 2975 omnis
3653 2923 3905 2993 superbia

2298 3021 2365 3061 eo
2397 3008 2513 3075 ipso
2541 3009 2593 3062 in
2626 3009 2735 3063 imo
2769 3010 2943 3078 jacet,
2974 3026 3083 3080 quo
3125 3027 3185 3066 se
3211 3013 3265 3066 in
3293 3013 3461 3067 altum
3489 3016 3674 3085 erigit.

2733 3103 2814 3154 Ad
2846 3101 2977 3167 Cap.
3011 3101 3225 3169 XXIX,
3265 3105 3351 3171 19,
3386 3106 3479 3160 20.

2374 3189 2547 3244 Radix
2573 3208 2683 3245 mea
2704 3204 2884 3263 aperta
2914 3205 2988 3247 est
3008 3197 3167 3265 juxta
3185 3206 3206 3233 ο
3232 3212 3419 3265 aquas.
3438 3196 3668 3253 Radinis
3688 3201 3905 3255 nomine

591 3290 742 3360 quia,
775 3289 907 3343 dum
937 3289 1113 3342 doctis
1156 3305 1263 3344 non
1304 3291 1640 3359 przevalent,
1691 3290 1947 3346 indoctos
1991 3306 2019 3345 a
2052 3292 2199 3345 vela-
2226 3301 2271 3365 ρ
2302 3283 2511 3336 occulta
2546 3285 2807 3353 cogitatio
2838 3285 3108 3353 signatur.
3146 3287 3308 3342 Juxta
3338 3305 3509 3358 aquas
3544 3292 3700 3345 radis
3733 3294 3903 3363 aperi-

590 3384 738 3440 mine
763 3382 1217 3438 ﬁdeideuudant.
1269 3383 1442 3439 Nudis
1493 3396 1541 3438 et
1601 3385 1953 3440 incedentibus
2010 3388 2199 3455 absque

588 3480 773 3534 vestitu
816 3488 865 3534 et
892 3479 1237 3533 esurientibus
1290 3482 1522 3533 tulerunt
1563 3482 1751 3552 spicas.
1784 3481 1885 3547 Qui
1921 3495 2019 3534 nec
2045 3480 2189 3534 bona

598 3586 695 3625 nec
731 3572 866 3624 mala
900 3582 1183 3641 operatur,
1216 3571 1395 3626 nudus
1421 3582 1505 3626 est
1538 3581 1591 3625 et
1643 3572 1854 3626 otiosus
1886 3591 1896 3625 :
1925 3574 2017 3641 qui
2057 3573 2197 3627 mala

590 3662 726 3733 agit,
762 3662 938 3718 ttttdtts
985 3662 1210 3728 incedit,
1240 3663 1362 3733 quia
1391 3664 1509 3719 sine
1535 3664 1815 3718 velamine
1856 3665 1987 3719 boni
2018 3665 2201 3734 aperis

590 3769 687 3825 per
712 3755 817 3809 iter
848 3756 1133 3825 pravitatis
1165 3756 1361 3825 pergit.
1398 3753 1425 3792 lt
1464 3755 1844 3810 Esurientibus
1874 3765 1927 3810 et
1961 3771 2055 3826 per
2084 3772 2201 3827 poe-

598 3848 883 3902 nitentiam
918 3848 1179 3919 pabulum
1210 3850 1361 3902 verbi
1394 3849 1935 3918 concupiscentibus,
1956 3848 2199 3903 ha-retici

593 3940 772 4011 apicati
802 3941 1021 4006 tollunt,
1048 3940 1173 4011 quia
1204 3940 1258 3994 in
1291 3956 1481 3996 eorum
1515 3951 1698 3995 mente
1728 3940 1948 3994 Patrum
1974 3949 2194 3995 senten-

592 4034 695 4087 tias
718 4034 1034 4099 destruunt,
1068 4049 1189 4103 qua:
1239 4048 1337 4102 per
1372 4037 1554 4104 spicas
1607 4034 2007 4105 signiﬁcantur.
2059 4035 2196 4099 Quia

590 4124 719 4180 dum
747 4139 845 4195 per
868 4124 1096 4196 figuram
1122 4124 1338 4194 eloquia
1372 4124 1833 4195 proferuntur,ab
1864 4124 1931 4179 iis
1959 4124 2197 4195 tegimen

588 4217 813 4286 litterae,
838 4219 991 4289 quasi
1016 4219 1307 4273 aristarum
1334 4218 1545 4288 paleas,
1573 4217 1969 4282 subtrabimns,
1998 4228 2055 4274 nt
2085 4234 2197 4272 me—

588 4311 741 4367 dulla
768 4311 994 4382 spiritus
1024 4311 1357 4367 reﬁciamtts.
1394 4309 1542 4364 Inter
1562 4325 1766 4364 acervos
1812 4328 1990 4365 eorum
2040 4311 2195 4365 meri—

589 4403 876 4473 diotisttnt,
906 4406 994 4475 qui
1016 4405 1232 4459 sulcatis
1261 4402 1610 4458 torcularibus
1640 4404 1844 4456 sitiunt.
1879 4403 1982 4470 Qui
2007 4403 2195 4459 Eccle-

585 4497 723 4551 siatn
759 4509 1189 4566 persequuntur,
1217 4496 1464 4550 torcular
1505 4495 1741 4548 calcant.
1776 4493 1911 4548 Nam
1944 4494 2072 4547 dum
2105 4496 2191 4547 in—

578 4589 715 4660 justi
739 4588 918 4659 justos
948 4589 1286 4659 deprimunt.
1309 4588 1499 4643 botros
1528 4588 1633 4643 sub
1656 4580 1883 4657 pedibus
1932 4588 2189 4654 mittunt,

581 4684 675 4755 qui
696 4698 865 4738 carne
889 4683 1038 4737 exuti
1069 4683 1139 4737 ad
1168 4682 1418 4738 cmicstia
1444 4682 1594 4736 velut
1621 4683 1674 4736 lu
1705 4681 2034 4751 apothecam
2064 4697 2191 4737 cur-

585 4786 735 4832 runt.
772 4776 1002 4829 (I‘alcant
1026 4782 1204 4829 autem
1235 4782 1291 4829 et
1321 4775 1539 4841 sitiunt,
1571 4772 1661 4843 qui
1689 4774 1901 4843 agendo
1927 4773 2167 4829 crudelia

585 4884 653 4928 eo
679 4872 798 4942 ipso
819 4867 1158 4925 crudeliores
1179 4867 1337 4934 ﬁunt,
1352 4865 1674 4937 etgraviora
1703 4864 1885 4923 facere
1909 4866 2154 4920 ambiunt
2179 4884 2190 4919 :

583 4979 724 5037 quos
753 4979 876 5019 cum
905 4972 1107 5018 contra
1141 4961 1447 5017 catholicos
1479 4957 1725 5013 hieretici
1756 4973 1920 5028 agere
1949 4957 2190 5013 crudelia
2210 5019 2269 5027 ν

583 5058 951 5128 Conspisiunt,
985 5057 1133 5111 inter
1156 5068 1384 5110 acervos
1438 5066 1632 5109 eorum
1658 5051 2039 5106 meridiantor.
2091 5050 2192 5116 Qui

581 5152 800 5207 calcatis
830 5148 1174 5204 torcularibus
1200 5148 1406 5213 sitiunt,
1444 5146 1570 5215 quia
1620 5160 1813 5200 eorum
1844 5158 1905 5199 se
1943 5143 2190 5197 multitu-

578 5246 697 5302 dini
729 5244 1049 5312 adiungunt,
1075 5255 1212 5312 quos
1248 5240 1437 5296 vident
1464 5240 1648 5310 gravia
1684 5248 1866 5308 agere,
1914 5245 1970 5291 et
2014 5235 2192 5290 adhuc

584 5338 840 5413 graviora
870 5336 1047 5405 sitire,
1078 5345 1135 5392 et
1164 5351 1286 5390 cum
1311 5348 1415 5405 per
1430 5348 1493 5389 se
1517 5348 1625 5386 non
1660 5340 1894 5403 possunt
1935 5342 2193 5400 persecu-

654 5474 681 5503 ⁸
713 5462 860 5519 Idem
886 5460 1124 5530 reponit,
1168 5458 1271 5513 nisi
1324 5455 1461 5527 quod
1492 5456 1641 5530 bona:
1687 5452 1907 5530 actionis
1952 5454 2183 5505 velamen

579 5552 683 5593 non
712 5524 977 5589 habentes.
1002 5524 1367 5587 Niltiloseciu's
1397 5527 1699 5599 impeditus
1730 5524 1906 5599 valde
1941 5532 2025 5599 est
2054 5539 2183 5599 sen-

574 5622 694 5675 sus,
729 5616 783 5660 et
810 5613 1006 5660 contra
1023 5601 1323 5672 Scriptoris
1357 5593 1911 5669 men’temﬂigilantii
1944 5593 2063 5649 fere
2088 5593 2185 5648 do—

576 5680 811 5734 ctrinam
840 5676 1075 5731 redolet.

650 5749 882 5802 bPravae
904 5744 1272 5801 distinctionis
1296 5741 1430 5797 vitio
1458 5738 1803 5795 laborantem
1832 5735 1978 5792 hunc
2006 5734 2188 5792 locum

577 5815 649 5870 ita
682 5815 924 5870 restituit
950 5815 1103 5885 Lips.
1136 5813 1339 5871 editor.

2308 3386 2415 3439 tur,
2444 3377 2699 3445 quoniam
2723 3377 2787 3431 ad
2818 3379 3167 3447 percipienda
3193 3383 3442 3436 veritatis
3482 3380 3509 3419 ιι
3552 3384 3777 3439 ﬂuctuis
3831 3387 3903 3439 la-

2306 3480 2484 3525 tenter
2504 3471 2767 3541 cogitatio
2796 3474 2993 3528 mentis
3024 3475 3292 3544 aperitur.
3321 3475 3390 3530 Et
3420 3494 3507 3532 ros
3527 3480 3818 3533 morabitur
3844 3481 3891 3533 is

2304 3563 2560 3617 messione
2590 3581 2721 3617 mea.
2751 3565 3028 3619 Subaudis
3048 3574 3093 3634 α,
3134 3568 3380 3621 dicebam.
3413 3569 3615 3624 Messio
3648 3572 3897 3629 Ecc'esie

2301 3655 2580 3723 accipitur,
2607 3672 2730 3709 cunt
2754 3658 3012 3724 perfecta:
3034 3658 3233 3714 animo:
3259 3662 3592 3730 corporibus
3616 3662 3894 3717 abstracta:

2301 3746 2450 3799 velut
2482 3756 2708 3800 matura:
2737 3759 2954 3818 segetes
2990 3764 3019 3803 a
3070 3761 3214 3805 terra
3270 3752 3493 3820 decisa‘,
3552 3754 3622 3809 ad
3649 3756 3893 3811 cmiestia

2300 3836 2501 3892 horrea
2532 3839 2861 3910 demigrant.
2890 3842 2999 3897 Ros
3028 3844 3327 3899 morabitur
3355 3848 3411 3900 in
3446 3846 3749 3921 messione,
3778 3850 3897 3918 quia

2302 3933 2471 4001 gratia
2500 3933 2735 4003 desuper
2759 3937 2985 3991 veniens
3019 3939 3149 4008 agit,
3180 3948 3240 3992 ut
3271 3939 3418 4010 digiti
3463 3942 3659 4010 simus,
3712 3944 3809 4012 qui
3835 3944 3899 3999 de

2304 4024 2657 4079 inferioribus
2689 4027 3039 4098 colligamur.
3067 4027 3250 4086 Gloria
3275 4048 3387 4086 mea
3409 4049 3616 4101 semper
3640 4036 3902 4089 innovatu-

2300 4128 2424 4173 tur:
2452 4119 2470 4157 τ
2500 4120 2639 4187 Quia
2679 4121 2937 4177 amissam
2989 4124 3220 4194 gloriam
3253 4126 3545 4196 deplorat:
3590 4129 3717 4198 quia
3771 4145 3893 4195 eos,

2300 4226 2440 4282 quos
2470 4213 2586 4283 ipse
2609 4229 2763 4269 novae
2795 4217 2919 4271 vitae
2966 4218 3204 4273 militare
3258 4219 3610 4288 crediderat,
3671 4226 3897 4279 vetustis

2299 4303 2591 4361 desideriis
2616 4308 2825 4362 servire
2854 4311 3162 4379 cognoscit.

2741 4402 2820 4454 Αιι
2853 4400 2983 4471 Cap.
3011 4400 3227 4469 XXXI,
3260 4403 3451 4460 25.28.

2369 4488 2685 4545 Intellectus
2715 4492 2799 4548 vel
2832 4494 2942 4547 otio
2977 4504 3155 4565 torpet
3177 4540 3190 4559 ,
3226 4496 3310 4550 vel
3359 4498 3596 4553 elatione
3627 4501 3892 4565 vanescit,

2298 4593 2353 4637 et
2384 4583 2508 4637 ideo
2536 4585 2610 4638 ait
2637 4601 2650 4638 :
2681 4585 2725 4638 si
2753 4586 2960 4640 laetatus
2983 4603 3119 4642 sum.
3142 4585 3279 4642 Cum
3303 4592 3591 4661 quis.th
3615 4592 3892 4664 intelligit,

2299 4687 2577 4745 operatur,
2596 4693 2665 4733 ex
2695 4694 2781 4746 eo,
2803 4679 2944 4749 quod
2977 4680 3123 4735 foras
3150 4681 3477 4751 ostenditur,
3503 4699 3653 4753 saepe
3679 4685 3890 4741 labitur.

2299 4766 2404 4823 Sed
2436 4767 2651 4823 beatum
2675 4768 2779 4824 Job
2809 4771 2951 4825 sicut
2982 4771 3357 4841 intelligentiae
3379 4788 3570 4830 aurum
3598 4789 3709 4830 non
3736 4788 3893 4832 extu—

2302 4860 2383 4927 lit,
2418 4862 2497 4917 sic
2527 4876 2628 4916 nec
2656 4862 2842 4920 lumen
2867 4865 3219 4933 operationis.
3247 4866 3314 4922 Et
3344 4869 3448 4924 ltoc
3476 4879 3582 4938 est,
3615 4873 3665 4925 si
3686 4872 3797 4927 vidi
3822 4890 3893 4927 so-

2301 4950 2423 5005 lent.
2456 4952 2602 5007 Bene
2632 4953 2735 5008 soli
2769 4954 2891 5008 boui
2925 4955 3063 5009 bona
3093 4971 3193 5009 sua
3219 4973 3327 5012 non
3358 4959 3565 5029 vident,
3601 4978 3727 5032 quae
3778 4963 3892 5018 aliis

2301 5044 2539 5100 videnda
2589 5046 2862 5114 prrebent,
2920 5063 3023 5101 nec
3060 5049 3267 5118 lunam,
3304 5050 3356 5105 id
3388 5061 3494 5119 est,
3530 5052 3729 5108 famam
3778 5054 3889 5110 boni

2304 5139 2511 5205 aperis,
2527 5151 2646 5205 quae
2664 5137 2719 5191 in
2740 5138 2977 5193 tenebris
3000 5139 3406 5197 ambulantibus
3428 5145 3729 5201 locanﬂtrc
3748 5149 3889 5203 enim

2301 5231 2407 5288 Job
2434 5249 2542 5289 non
2566 5234 2786 5299 extulit,
2820 5249 2941 5303 quae
2979 5236 3101 5304 plus
3145 5236 3389 5291 timenda
3429 5248 3477 5291 ε.
3518 5239 3676 5294 Tunc
3728 5244 3885 5303 enim,

2295 5328 2458 5399 quasi
2498 5329 2608 5383 alta
2662 5327 3083 5391 arbor,llatibus
3113 5330 3349 5399 amplius
3375 5332 3779 5403 agitavimqsa:
3808 5350 3887 5407 per

2366 5460 2387 5489 ο
2421 5448 2567 5523 Bene
2596 5449 2751 5523 ita‘in
2787 5462 2889 5502 ms.
2918 5462 3025 5503 non
3044 5465 3190 5504 secus
3218 5449 3345 5504 utin
3369 5450 3591 5523 vulgata
3619 5460 3881 5513 versione.

2289 5520 2425 5576 Nota
2457 5521 2708 5575 Relantli.

2363 5590 2389 5629 ά
2425 5592 2552 5662 Leg.
2578 5593 2795 5662 ﬂuenta.

2369 5674 2391 5733 ς
2417 5661 2547 5733 Leg.
2576 5661 2823 5728 subaudi,
2852 5674 3052 5733 nempe
3073 5675 3104 5715 e
3134 5662 3417 5733 principio
3438 5680 3635 5723 versus
3670 5668 3751 5726 l8.

2369 5732 2390 5773 ί
2424 5732 2788 5804 Praepositum
2817 5732 2941 5802 quia
2962 5732 3167 5787 rectius
3197 5737 3557 5804 expunxeris.

2369 5814 2394 5854 Ι
2419 5804 2549 5875 Leg.
2582 5802 2773 5858 Fama.
