3964 6302
58 352 197 409 “77

956 344 1331 407 SXCERPTA
1374 350 1466 405 EX
1507 348 2019 406 CUMMEN‘I‘ARIO
2054 348 2171 406 MS.
2207 348 2276 404 ιη
2318 347 2458 405 JOB.

3217 336 3357 402 “78

56 465 481 535 intelligentiam
536 476 654 521 erat
696 467 847 536 quasi
900 468 950 520 in
1003 468 1215 520 semine
1270 468 1646 535 operationnm
1678 472 1725 529 Α
1753 466 2035 527 sentiunt,
2080 464 2208 519 dttm
2244 464 2296 518 in
2329 462 2445 517 suis
2473 462 2739 516 cornibus
2762 460 3115 529 excipiuntur
3144 477 3161 513 :
3194 462 3315 530 quin
3345 502 3358 525 ,

54 570 288 615 mortua.
318 561 395 612 De
427 558 684 612 laudibus
708 572 832 611 vero
866 574 972 612 non
1006 556 1169 611 modo
1224 574 1328 609 non
1360 565 1443 611 est
1477 556 1656 613 factus

55 667 317 719 arrogans
346 650 403 703 in
441 650 641 715 verbis,
676 648 768 704 sed
811 664 911 703 nec
940 647 993 701 in
1021 656 1170 701 tanta
1201 649 1548 717 cogitatione.
1586 648 1651 701 Et

51 743 151 798 hoc
179 752 287 810 est,
314 744 551 797 lwtatum
583 751 655 796 est
682 760 769 796 cor
800 759 970 799 meum
996 742 1050 795 in
1081 743 1405 796 abscondito.
1439 742 1499 795 Et
1524 741 1651 808 quia

51 834 458 891 inconsudcrata
488 850 663 897 mens,
684 834 960 888 favoribus
978 846 1183 895 erecta,
1214 833 1504 903 aliquando
1537 833 1651 887 lau-

54 926 166 991 dat,
196 943 320 996 qum
349 926 505 991 fecit,
536 926 685 980 addit
714 945 725 978 :
758 937 804 980 et
827 928 1089 980 osculatus
1113 942 1223 979 sum
1249 943 1457 979 manum
1486 942 1648 980 meam

49 1038 135 1077 ore
159 1037 289 1074 meo.
324 1020 460 1088 Qua:
488 1021 730 1089 iniquitas
759 1031 835 1074 est
860 1022 1107 1075 maximo.
1138 1023 1310 1075 Omne
1332 1029 1643 1089 peccatum,

49 1114 189 1186 quod
218 1128 285 1167 ex
320 1112 641 1168 inﬁrmitate
672 1120 775 1173 est,
810 1114 1063 1182 spiritum
1096 1128 1201 1166 non
1234 1112 1433 1181 perdit,
1462 1114 1585 1180 quia
1618 1127 1647 1166 a

46 1204 157 1260 Deo
183 1206 409 1260 veniam
440 1208 653 1275 quzrrit.
690 1204 1053 1274 Praesumptio
1084 1221 1242 1271 vero,
1292 1215 1499 1274 quanto
1529 1205 1649 1259 lon-

47 1300 163 1371 gius
189 1310 273 1354 est
304 1300 377 1353 ab
403 1299 730 1363 humilitate,
754 1308 907 1355 tanto
938 1298 1156 1368 gravior
1180 1299 1236 1351 in
1263 1298 1647 1367 desperatione

48 1401 148 1458 est,
182 1404 257 1457 et,
282 1392 421 1446 dum
454 1395 597 1447 vires
627 1392 735 1446 sibi
777 1390 991 1457 tribuit,
1026 1408 1054 1443 a
1084 1392 1193 1446 Deo
1239 1406 1343 1446 non
1392 1391 1644 1460 requirit.

46 1515 114 1527 ——
140 1486 270 1538 Dum
299 1484 436 1539 mali
468 1485 607 1540 liena
639 1486 926 1547 mirantur,
950 1484 1172 1537 lucerna
1205 1483 1360 1537 ardet
1390 1485 1441 1537 in
1465 1492 1643 1538 nocte.

48 1576 102 1634 Si
126 1588 177 1632 et
202 1578 330 1632 boni
366 1576 574 1645 optima
605 1579 903 1643 mirantur,
921 1578 1006 1631 sol
1038 1576 1266 1646 fulget.a
1305 1576 1361 1630 lu
1394 1577 1483 1632 die
1512 1576 1643 1630 dum

47 1670 243 1726 bonum
288 1672 511 1726 actione
538 1672 784 1740 corporis
834 1672 997 1734 lucet,
1028 1672 1251 1726 lucerna
1306 1682 1421 1737 est,
1452 1671 1503 1725 id
1536 1681 1639 1735 est,

48 1764 223 1819 lumen
256 1765 311 1819 in
340 1774 483 1820 testa
512 1782 527 1817 :
560 1764 690 1820 dum
723 1765 1186 1834 contemplatione
1218 1764 1441 1831 mentis,
1464 1765 1545 1820 sol
1575 1766 1644 1819 de

45 1858 193 1913 calo.

506 1949 587 2002 Ad
615 1947 741 2021 Cap.
766 1947 924 2003 XXX
942 1947 1105 2017 VIII,
1143 1950 1195 2003 7.

109 2045 233 2097 Cum
258 2043 643 2098 melaudarcut
670 2045 826 2097 simul
855 2054 999 2097 astro
1016 2044 1287 2096 matutina.
1308 2042 1647 2098 Incarnatio-

45 2135 335 2190 nisChristi
370 2135 696 2206 mysterium
723 2137 886 2190 etiam
913 2135 1077 2190 electi
1096 2135 1275 2205 angeli
1300 2135 1643 2203 miratisunt,

44 2228 160 2298 quia
189 2229 346 2296 primi
373 2228 432 2281 in
458 2238 701 2297 tempore
725 2230 899 2283 creati
923 2239 1072 2297 sunt,
1092 2244 1198 2283 non
1220 2229 1273 2282 in
1298 2228 1643 2285 initio.Astra

47 2322 300 2377 matutina
336 2323 620 2387 dicuntur,
651 2324 738 2378 vel
774 2323 905 2393 quia
958 2340 1106 2394 sape
1153 2326 1220 2377 ad
1274 2324 1642 2379 exhortandus

46 2413 287 2470 homines
318 2416 501 2484 missi,
531 2416 657 2470 dum
688 2426 977 2470 venturum
1034 2433 1191 2471 mane
1242 2419 1517 2483 nuntiant,
1573 2418 1647 2473 ab

45 2505 283 2562 humanis
314 2507 581 2563 cordibus
637 2510 929 2577 praisentis
957 2510 1083 2562 vita:
1141 2510 1399 2565 tenebras
1432 2509 1639 2580 fugant.

46 2599 165 2667 θυῖε
202 2601 475 2654 matutina
507 2610 653 2655 astra
684 2602 847 2655 etiam
889 2617 1011 2655 cum
1044 2602 1375 2671 vespertinis
1404 2601 1638 2656 Redem-

46 2694 206 2762 ptoris
260 2696 569 2765 potentiam
603 2695 864 2749 laudant:
908 2695 1035 2765 quia
1077 2694 1381 2764 redemptis
1430 2696 1482 2749 in
1533 2696 1641 2750 line

48 2787 218 2842 mundi
248 2788 574 2843 hominibus
599 2788 908 2857 largitatem
950 2805 1204 2859 superna:
1243 2791 1437 2859 gratim
1475 2790 1641 2859 glori-

49 2877 218 2935 ﬁcant.
254 2880 323 2935 Et
336 2882 633 2950 jubilnrent
657 2898 835 2935 omnes
858 2883 957 2945 ﬁlii
984 2881 1094 2935 Dei.
1127 2881 1395 2937 Jubilatio
1412 2882 1633 2949 dicitur,

48 2984 157 3025 cum
188 2974 369 3027 cordis
402 2974 588 3027 lmtitia
624 2974 738 3027 oris
770 2973 1013 3027 efﬁcacia
1044 2990 1150 3027 non
1182 2974 1460 3043 expletur.
1492 2973 1635 3028 Lan-

48 3061 165 3117 dant
187 3066 367 3135 itaque
410 3065 589 3134 angeli
618 3111 631 3133 ,
664 3067 884 3135 quijam
913 3076 1076 3120 tanta:
1103 3066 1369 3121 claritatis
1398 3067 1637 3121 latitudi—

48 3171 159 3210 nem
190 3158 239 3210 in
274 3158 610 3215 sublimibus
643 3158 867 3213 vident:
906 3158 1143 3228 juliilant
1169 3173 1297 3213 vero
1340 3161 1589 3214 homines
1618 3201 1630 3223 ,

1755 556 2014 627 qnianid
2050 562 2219 610 ruina:
2261 557 2581 624 temporalis
2623 554 2971 608 adversitatis
3010 555 3306 607 accesserit
3339 598 3351 619 ,

1755 650 1808 703 in
1852 649 2190 704 testamentis
2227 664 2285 704 se
2343 665 2512 703 sacrze
2550 648 2849 717 Scriptura:
2882 647 3189 716 suscipiunt
3222 692 3236 713 ,
3301 658 3358 701 et

1752 744 1908 814 quasi
1939 759 2208 799 cornuum
2240 745 2565 803 cxcentione
2612 743 2914 799 salvantur.
2951 742 3052 811 Ipsi
3082 742 3233 795 cervi
3264 757 3357 796 vo-

1752 850 1945 890 cantur
1976 880 1989 904 ,
2023 837 2112 907 qui
2171 837 2519 906 interemptis
2550 837 2716 898 vitiis,
2752 836 2903 904 quasi
2936 833 3219 889 exsﬁuctis
3243 848 3359 887 ser-

1759 928 2034 996 pentibus,
2083 927 2294 995 vivunt,
2328 938 2381 983 et
2430 928 2496 982 de
2547 930 2658 996 ipsa
2692 928 3057 982 exstinctioue
3098 927 3353 981 vitiorum

1752 1020 1817 1075 ad
1854 1021 2056 1074 ioutem
2086 1020 2209 1077 vitm
2234 1022 2415 1075 acrius
2444 1022 2822 1075 inardescunt.

2250 1114 2329 1167 Ad
2360 1112 2491 1182 Cap.
2523 1111 2714 1179 XLII,
2751 1114 2841 1169 t5.

1824 1203 2082 1276 Dedilquc
2118 1206 2193 1260 eis
2223 1215 2372 1276 pater
2422 1223 2547 1259 suus
2587 1204 2946 1259 hwreditatcm
2989 1206 3123 1260 inter
3169 1206 3357 1273 fratres

1749 1298 2002 1367 ipsarum.
2046 1298 2191 1368 Ergo
2240 1316 2305 1352 ex
2356 1298 2731 1368 pt'mfecwt'urti
2791 1316 3022 1353 numero
3086 1297 3349 1368 speciosa}

1752 1400 2145 1445 memorantur.
2210 1392 2345 1459 Ipsa:
2381 1392 2545 1445 etiam
2602 1408 2665 1447 ex
2718 1390 3159 1460 imperfectorum
3230 1403 3356 1460 typo

1750 1482 1897 1537 velut
1956 1483 2190 1538 inﬁrmae
2231 1494 2447 1538 mentes
2492 1484 2874 1539 han-editatem
2926 1483 3219 1553 accipiunt.
3259 1486 3358 1538 So-

1749 1591 1907 1631 rores
1955 1591 2091 1646 ergo
2136 1592 2263 1632 cum
2314 1576 2576 1655 fratribus
2617 1576 2684 1633 ad
2726 1578 3106 1633 [nereditatem
3166 1594 3354 1647 perve.

1749 1667 1904 1722 niunt
1952 1687 1965 1723 :
2016 1670 2140 1739 quia
2184 1669 2385 1723 iulirmi
2413 1669 2481 1723 ad
2522 1670 2767 1725 rmlcstia
2818 1687 2941 1725 cum
2984 1669 3216 1726 fortibus
3262 1672 3328 1724 ad

1747 1761 2061 1815 mittuntur.
2098 1761 2240 1815 Vixit
2269 1773 2443 1815 autent
2482 1761 2582 1816 Job
2606 1771 2719 1835 post
2745 1761 2876 1817 huic.
2909 1761 3111 1817 Vacuus
3144 1764 3348 1817 dierum

1676 1870 1722 1928 Β
1748 1863 1861 1916 est,
1911 1855 2001 1921 qui
2039 1863 2095 1909 et
2122 1854 2421 1923 quamlibet
2462 1859 2691 1909 multum
2734 1854 2969 1919 vixerit,
3023 1857 3201 1910 anatis
3239 1872 3351 1911 sua:

1752 1954 1997 2013 tempora
2047 1947 2097 2001 in
2128 1949 2367 2002 vanitate
2408 1947 2750 2016 consumpsit
2792 1965 2806 2001 :
2841 1957 2894 1999 at
2925 1956 3113 2002 contra
3169 1949 3355 2017 plenus

1748 2039 1951 2093 diorum
2000 2038 2223 2105 dicitur,
2272 2040 2359 2093 cui
2403 2054 2743 2107 nequaquam
2784 2037 2901 2092 dies
2940 2039 3024 2092 sui
3068 2040 3350 2106 pereundo

1749 2141 2059 2197 transeunt,
2106 2132 2202 2187 sed
2241 2148 2306 2187 ex
2349 2132 2675 2202 quotidiana
2714 2132 2967 2187 mercede
3008 2133 3132 2185 boni
3168 2132 3352 2201 operis

1746 2226 1889 2294 apud
1933 2226 2141 2293 justum
2174 2225 2437 2291 judicent,
2489 2231 2545 2278 et
2584 2233 2869 2292 postquam
2925 2224 3185 2277 transacti
3224 2234 3353 2279 sunt

1744 2321 1837 2375 vel
1870 2320 2095 2386 fuerint,
2127 2331 2504 2374 reservantur.
2535 2318 2591 2372 lu
2623 2329 2751 2389 typo
2770 2317 3056 2380 Ecclesiai,
3089 2318 3131 2369 si
3168 2318 3236 2372 14
3255 2332 3349 2386 per

1742 2412 2027 2467 denarium
2071 2411 2345 2473 ducimus.
2389 2411 2455 2465 ad
2500 2412 2871 2465 centesimum
2908 2418 2966 2464 et
3000 2409 3352 2480 quadragesi-

1744 2521 1891 2560 mum
1933 2521 2221 2560 numerum
2253 2505 2625 2573 perrenimus.
2658 2504 2726 2559 Et
2757 2512 2901 2559 recte
2922 2503 3181 2559 Ecclesiae
3225 2502 3251 2541 ιι
3296 2514 3353 2560 ut

1744 2598 2101 2667 multiplicata
2158 2597 2226 2652 10
2265 2609 2319 2652 et
2363 2596 2400 2651 4
2428 2604 2774 2667 computatur
2816 2612 2827 2649 :
2880 2596 3004 2664 quia
3053 2604 3346 2664 utrumque

1744 2700 2135 2747 testamentum
2172 2692 2486 2747 custodiens
2517 2731 2529 2753 ,
2584 2699 2639 2745 et
2680 2700 2787 2744 tam
2841 2689 3141 2745 secundum
3182 2689 3343 2760 Legio

1741 2782 2260 2855 dcealrgtim,quam
2284 2784 2585 2839 secundum
2613 2783 2891 2852 Evangelii
2913 2791 3148 2849 quatuor
3176 2782 3345 2841 libros

1739 2876 1930 2931 vivens
1957 2917 1971 2942 ,
2031 2893 2200 2946 usque
2239 2878 2309 2931 ad
2372 2876 2722 2946 perfectionis
2754 2875 2973 2929 culmen
3010 2875 3343 2929 extenditur.

1745 2968 1895 3023 Bene
1926 2980 2106 3023 alitem
2146 2967 2249 3023 Job
2289 2979 2415 3039 post
2453 2967 2667 3033 ﬂagella
2720 2967 2901 3021 \ivere
2953 2966 3169 3030 dicitur,
3223 2968 3347 3037 quia

1739 3061 1988 3117 Ecclesia
2015 3062 2161 3132 prius
2181 3061 2397 3131 ﬂagello
2421 3062 2725 3130 disciplinae
2757 3060 3087 3130 percutitur,
3110 3070 3167 3117 et
3190 3072 3345 3131 post-

1743 3154 1960 3208 modum
1991 3156 2115 3210 vita:
2144 3155 2480 3224 perfectione
2511 3154 2820 3208 roboratur.
2852 3154 2983 3222 Qua:
3010 3155 3176 3209 etiam
3205 3154 3343 3208 ﬁlios

50 3251 127 3318 qui
157 3250 332 3306 adhuc
372 3253 433 3306 in
464 3250 835 3317 inferioribus,
867 3251 981 3308 oris
1035 3252 1122 3308 sui
1171 3255 1448 3324 angustias
1472 3255 1632 3308 susti-
1662 3233 1705 3295 (ἶ
1739 3260 1899 3311 suos»
1941 3255 1993 3301 Cl
2034 3246 2176 3301 illius
2208 3245 2441 3301 ﬁliorum
2482 3262 2703 3301 ειιυΐυιιι
2754 3262 2929 3317 usque
2969 3246 3042 3302 δά
3090 3261 3341 3318 quartam

50 3350 168 3396 neut
195 3362 211 3395 :
241 3361 362 3413 qua:
394 3350 520 3414 quia
552 3343 731 3398 futura
767 3346 1025 3401 Dominus
1050 3355 1299 3411 noverat,
1332 3346 1469 3400 facta
1511 3362 1633 3400 nar-

50 3444 142 3487 rat.
171 3436 275 3490 Sed
302 3437 429 3508 quin
462 3452 585 3491 eum
620 3437 1005 3506 bonijubilaot
1033 3480 1047 3504 ,
1095 3439 1269 3492 malos
1322 3439 1520 3492 invidia
1555 3439 1631 3493 in-

50 3522 298 3597 ﬂammat,
323 3544 466 3597 quos
500 3538 679 3584 tamen
714 3529 975 3586 Dominus
1006 3529 1485 3599 temperat,deliis
1513 3547 1639 3601 pro-

53 3618 185 3675 tinus
210 3622 420 3677 subdit.

470 3711 549 3766 Ad
581 3712 708 3785 Cap.
742 3712 1081 3775 XXXVIII,
1116 3715 1206 3770 5i.

114 3796 139 3836 ι’
181 3800 456 3872 Numquid
485 3808 794 3876 conjungere
820 3804 1011 3858 valebis
1042 3806 1287 3859 micantes
1305 3807 1503 3875 stellas,
1529 3817 1636 3862 etc.

55 3891 264 3948 Consmt
297 3900 407 3949 hoc
439 3897 641 3950 nullum
678 3898 955 3951 hominem
1006 3913 1199 3968 posse;
1236 3900 1329 3953 sed
1373 3914 1493 3953 cum
1537 3899 1642 3953 .lob

56 3981 114 4037 de
144 3984 226 4040 liis
265 3986 682 4056 interrogatur,
738 3999 792 4042 ut
835 3989 1056 4043 humilis
1106 3990 1171 4042 ad
1213 4006 1336 4043 eum
1372 3988 1636 4058 refugiat,

58 4074 140 4143 qui
177 4078 325 4131 solus
365 4092 554 4146 posset
598 4081 722 4144 ltoc,
754 4080 1091 4135 ostenditur.

365 4168 446 4221 Ad
475 4170 793 4240 principium
826 4170 1020 4239 Capitis
1057 4169 1328 4224 XXXIX.

125 4268 145 4295 ε
185 4258 355 4316 Ibices
386 4277 550 4330 parva
584 4262 959 4332 quadrupedia
985 4262 1279 4325 dicuntur,
1312 4278 1432 4328 qua:
1465 4262 1517 4317 in
1553 4278 1643 4331 pc-

58 4350 149 4403 tris
191 4364 496 4416 morantur,
556 4362 612 4407 et
651 4354 869 4423 pariunt
916 4372 928 4405 :
973 4361 1026 4407 et
1076 4354 1287 4407 ruentia
1327 4352 1380 4406 in
1426 4353 1546 4407 suis
1585 4369 1644 4408 se

60 4446 311 4501 cornibus
351 4448 520 4503 illaesa
566 4446 896 4516 suscipiunt.
929 4446 985 4501 ln
1031 4446 1229 4516 quibus
1257 4449 1645 4516 magistrorum

61 4537 412 4605 spiritualium
457 4557 687 4611 persona
728 4542 999 4611 signatur,
1036 4542 1125 4610 qui
1183 4542 1330 4595 velut
1371 4542 1537 4596 ibices
1588 4542 1650 4595 in

62 4632 219 4696 petris
242 4637 483 4701 pariunt,
515 4636 640 4704 quia
682 4634 735 4687 in
761 4636 1007 4688 doctrina
1043 4633 1286 4700 Patrum,
1334 4634 1423 4704 qui
1477 4641 1644 4703 petra)

1737 3342 2151 3409 generationem
2180 3340 2446 3410 conspicit
2492 3361 2503 3395 :

2553 3341 2679 3409 quia
2722 3342 2821 3393 hac
2861 3350 3045 3403 relate,
3089 3356 3212 3410 qua:
3242 3357 3342 3397 att-

1741 3433 1861 3484 uuis
1894 3432 1927 3485 4
1959 3433 2292 3499 temporibus
2338 3432 2577 3486 volvitur
2617 3447 2787 3503 usque
2812 3433 2879 3485 ad
2914 3431 3074 3483 linem
3113 3430 3300 3484 mundi
3325 3471 3338 3494 ,

1741 3538 1836 3592 per
1874 3538 1967 3578 ora
2004 3524 2412 3593 prmdimntium
2467 3534 2755 3579 nascentes
2804 3523 2906 3577 sibi
2947 3522 3165 3575 soboles
3211 3535 3343 3574 con-

1742 3618 2058 3684 templatur.
2092 3616 2252 3673 Videt
2301 3616 2535 3671 ﬁliurutn
2570 3617 2732 3681 ﬁlios,
2778 3630 2900 3668 cum
2940 3614 3009 3667 ab
3030 3613 3238 3669 eisdem
3266 3612 3336 3668 ad

1744 3708 1903 3764 linem
1933 3708 2080 3779 gigni
2097 3710 2305 3763 etalios
2345 3712 2606 3778 agnoscit.
2625 3710 2757 3777 Qua:
2779 3722 2943 3761 senex
2972 3717 3025 3761 et
3052 3708 3214 3776 plena
3228 3708 3345 3763 die-

1745 3817 1863 3855 rum
1898 3800 2155 3855 moritur:
2176 3802 2296 3870 quia
2318 3802 2683 3874 subgequcntc
2703 3802 2819 3853 luce
2840 3813 2904 3851 ex
2930 3799 3182 3857 mercede
3213 3816 3348 3871 quo-

1749 3895 2076 3949 lidianorum
2111 3909 2359 3963 operum,
2391 3896 2642 3965 deposito
2685 3892 3055 3962 corruptionis
3084 3892 3341 3961 pondere,

1749 3989 1814 4041 ad
1850 3987 2308 4057 incorruptionem
2342 3989 2642 4057 spiritualis
2673 3988 2858 4056 patriae
2892 3994 3151 4040 mutatur.
3179 3984 3343 4040 Plena

1746 4081 1956 4136 dierum
2004 4084 2257 4149 moritur,
2310 4082 2401 4136 cui
2449 4083 2693 4137 labentes
2725 4082 2855 4136 anni
2883 4098 2988 4135 non
3038 4092 3348 4147 transeunt,

1747 4176 1843 4227 sed
1874 4174 2135 4226 stantium
2164 4183 2379 4227 actuum
2412 4172 2772 4228 retributione
2818 4173 3137 4226 solidantur.
3183 4172 3349 4225 Plena

1744 4265 1955 4320 dierum
1990 4266 2247 4331 moritur,
2288 4267 2413 4336 quia
2440 4281 2533 4336 per
2576 4266 2689 4318 haec
2722 4266 3055 4318 transeuntia
3101 4273 3351 4333 tempora

1745 4358 1820 4427 id,
1853 4358 1997 4428 quod
2040 4376 2148 4413 non
2184 4361 2400 4421 transit,
2431 4367 2704 4427 operatur.
2747 4388 2817 4396 —
2848 4356 2957 4412 Usu
2991 4359 3193 4412 veteris
3227 4358 3353 4410 vita:

1748 4456 1965 4509 feminae
2007 4454 2151 4510 inter
2181 4468 2361 4507 mares
2397 4451 2770 4506 luereditatem
2799 4468 2905 4505 non
2948 4452 3150 4506 habent
3182 4469 3195 4506 :
3232 4451 3357 4522 quia

1746 4546 1881 4617 legis
1917 4546 2190 4602 severitas
2234 4547 2394 4599 fortia
2448 4545 2675 4614 eligens,
2714 4546 2926 4600 infirma
2974 4556 3357 4612 contemnens,

1748 4640 1989 4691 districta
2019 4640 2201 4708 potius
2228 4637 2458 4702 studuit,
2500 4654 2662 4707 quam
2704 4638 2937 4706 benigna
2978 4641 3218 4693 sancire.
3253 4638 3358 4693 Sed

62 4732 152 4786 ι)ΐο
181 4722 457 4783 soliditate
495 4737 620 4782 sunt
655 4726 856 4794 vocati,
881 4726 946 4781 ad
976 4727 1393 4782 conversionem
1434 4727 1645 4782 animas
1679 4713 1729 4771 Ι)
1753 4732 1839 4800 pio
1879 4729 2242 4799 Redemptere
2281 4728 2532 4785 veniente
2558 4771 2573 4795 ,
2622 4738 2677 4785 et
2706 4730 2954 4786 inﬁrmus
2987 4746 3109 4786 cum
3144 4732 3359 4801 perlec-

65 4812 299 4884 gignnnt.
352 4821 480 4890 ipsi,
542 4821 690 4875 velut
742 4820 930 4889 ibices,
973 4835 1132 4877 casus
1192 4820 1394 4876 nullius
1449 4826 1643 4876 thtmna

133 4981 155 5043 9
183 4974 381 5030 Mavult
410 4976 541 5030 edit.
574 4976 720 5043 Lips.
755 4975 904 5031 Inde.

130 5040 156 5079 ι)
185 5046 277 5100 llis
304 5048 502 5102 desinit
526 5040 753 5102 Roman.
788 5050 982 5112 culex,
1008 5064 1075 5102 ex
1109 5064 1217 5117 quo
1247 5065 1387 5103 nunc
1412 5052 1649 5118 primunt

68 5118 168 5167 tota
200 5118 312 5173 lucc
338 5135 456 5184 Cap.
485 5122 822 5188 58peric0pe
856 5120 1137 5189 suppletur
1165 5138 1177 5174 :
1203 5132 1400 5177 (χειρί-ει
1424 5123 1641 5177 deside-

68 5197 267 5241 Tallllll‘.

135 5258 262 5331 filix
308 5259 547 5331 Isidoro,
578 5276 738 5331 quem
767 5270 821 5315 et
847 5262 917 5316 (Ἰ.
971 5260 1257 5331 Relandus
1296 5260 1499 5331 laudat,
1531 5263 1647 5315 [nec

68 5321 382 5401 delibantur,
444 5321 544 5385 Ηυξ
594 5321 686 5397 in,
733 5348 853 5401 cap.
886 5333 937 5386 i.
971 5333 1101 5385 circ.
1138 5329 1377 5385 medium
1413 5350 1421 5383 :
1456 5321 1646 5396 Ibices,

70 5399 207 5462 quasi
236 5404 462 5457 anites...
495 5418 606 5472 qua:
637 5399 887 5456 animalia
927 5403 980 5455 in
1013 5403 1169 5471 petris
1209 5403 1478 5456 altissimis
1509 5418 1646 5455 com-

1756 4824 1824 4877 tis
1856 4825 1920 4877 ad
1952 4838 2176 4894 regnum
2209 4824 2527 4877 assmnitur.

1756 4986 2044 5040 morantur,
2086 4985 2141 5029 ut
2180 4974 2227 5029 si
2252 4976 2459 5043 quando
2501 4979 2749 5045 ferarum,
2779 4976 2855 5029 rel
2885 4975 3152 5028 hominum
3179 4975 3364 5028 aduer-

1754 5052 1961 5104 aitatem
1980 5049 2345 5118 peraettserint,
2372 5048 2435 5099 de
2461 5046 2726 5099 altissimis
2745 5064 2986 5099 sanorum
3010 5048 3364 5118 caettirtiuibus

1753 5138 1863 5179 sese
1901 5116 2283 5192 praecipitantes
2324 5120 2377 5170 in
2428 5119 2534 5192 suis
2573 5134 2625 5192 se
2657 5117 2936 5192 cornibus
2964 5116 3145 5192 illmsa:
3198 5119 3361 5171 susci-

1754 5188 1923 5260 piunt.
1958 5188 2226 5246 Nonnulla
2269 5204 2336 5244 ex
2368 5189 2559 5242 eodem
2592 5188 2817 5241 interius
2847 5188 3070 5241 totidem
3104 5189 3216 5242 fere
3244 5203 3363 5242 ver-

1753 5264 1838 5319 bis
1877 5263 2281 5317 describuntur.

1826 5332 1851 5370 ἀ
1888 5335 2016 5404 Legi
2046 5334 2159 5387 vult
2197 5332 2374 5387 editor
2410 5328 2732 5401 Lipsiensis.
2794 5328 3046 5383 Ecclesia:
3084 5345 3148 5383 eat
3180 5328 3363 5381 multi-

1758 5404 1973 5475 plicata.
