3964 6302
602 335 741 393 N79
1187 358 1199 366 -
1392 331 1486 388 AD
1522 328 1764 387 TOMUM
1805 325 1873 385 ΙΙΙ
1909 327 2199 385 OPERUM
2241 325 2300 385 S.
2345 321 2712 382 lllERONYMl
2753 317 3126 378 APPENDIX.
3753 305 3871 364 “89

614 439 3855 494 _____________________

1949 573 2529 658 MISCELLA

1232 721 1565 801 Emeerpta
1591 739 1670 782 ea:
1699 720 1894 782 variis
1921 719 2177 798 paginis
2211 716 2478 798 ejusdem
2513 712 2753 776 codicis
2785 708 3234 789 manuscripti.

663 1011 795 1086 Png.
829 1015 882 1068 5.
917 1010 1068 1067 Sicut
1096 1022 1286 1063 omnes
1337 1006 1494 1077 justi,
1545 1007 1620 1061 ita
1664 1004 1791 1072 Job,
1822 1013 1846 1041 ιι
1883 1018 1989 1058 non
2030 1001 2192 1057 modo
2221 1003 2277 1063 Α
2301 999 2512 1055 oblata.
2551 997 2772 1066 Septem
2819 993 3004 1066 procis
3039 1003 3061 1029 ο
3095 989 3362 1047 sacriﬁcia
3392 985 3726 1086 oderantur,
3759 980 3889 1052 quis,

587 1077 794 1169 verbis,
821 1104 916 1158 sed
941 1104 1130 1169 rebus,
1158 1101 1437 1156 Christum
1472 1098 1849 1169 prmsignavit,
1873 1106 1930 1151 ιιι
1958 1111 2055 1166 per
2075 1111 2198 1166 pas—
2305 1094 2434 1149 dum
2465 1091 2844 1160 septiformem
2877 1087 3140 1160 Spiritum
3172 1085 3474 1154 accipiunt,
3505 1077 3668 1151 quasi
3699 1087 3894 1169 septem

596 1167 810 1252 sionem
845 1167 1132 1266 passurum
1165 1193 1419 1249 ostendat
1448 1167 1749 1257 Christum,
1795 1191 1846 1244 id
1887 1199 1991 1253 est,
2036 1197 2201 1258 caput
2301 1184 2670 1241 oblationibus
2688 1182 2998 1253 expiantur.
3023 1180 3186 1234 Tauri
3217 1187 3269 1232 et
3291 1177 3496 1230 arietes
3512 1188 3619 1244 pro
3639 1174 3723 1228 eis
3744 1167 3894 1225 oblati

594 1305 716 1344 cum
761 1303 998 1357 corpore
1031 1329 1044 1353 ,
1096 1285 1243 1357 quod
1281 1285 1524 1339 Ecclesia
1558 1293 1661 1338 est.
1698 1284 1845 1338 Uxor
1876 1280 1903 1319 ι)
1935 1282 2053 1350 ejus
2081 1295 2198 1335 car.
2302 1290 2450 1334 sunt.
2504 1279 2557 1331 In
2593 1288 2750 1332 tauro
2779 1276 2964 1331 cervix
2995 1273 3271 1341 superbia:
3301 1270 3556 1340 signatur
3613 1284 3627 1320 :
3662 1266 3716 1319 in
3745 1264 3898 1318 ariete

597 1385 748 1439 mles
777 1382 1073 1452 signiﬁcat,
1105 1381 1195 1450 qui
1228 1379 1369 1433 intra
1404 1378 1705 1433 Ecclesiam
1726 1419 1740 1443 ,
1773 1391 1881 1446 quo
1911 1391 2009 1445 per
2039 1373 2198 1428 ﬁdem
2303 1373 2537 1427 ducatus
2585 1369 2788 1440 gregis,
2822 1368 2946 1439 quia
2976 1382 3076 1438 per
3104 1364 3417 1434 superbiam
3447 1361 3518 1415 ab
3547 1358 3799 1415 Ecclesia
3829 1372 3899 1411 re-

604 1477 831 1549 propins
860 1484 1017 1542 sunt,
1054 1473 1244 1527 durius
1277 1471 1330 1526 in
1365 1472 1474 1524 vita
1505 1481 1848 1540 premuntur.
1882 1467 2058 1522 Amici
2099 1463 2201 1520 Job
2303 1467 2574 1528 silientes,
2598 1473 2722 1536 post
2749 1479 2805 1517 se
2835 1462 3076 1517 inﬁrmas
3097 1473 3289 1530 greges
3315 1455 3631 1511 trahebant.

596 1544 919 1632 haereticos,
949 1567 1041 1636 qui
1073 1565 1259 1636 specie
1287 1560 1647 1627 consulendi,
1681 1559 1939 1628 decipere
1969 1557 2160 1611 volunt
2185 1597 2200 1622 ,
2379 1558 2516 1630 Pag.
2547 1557 2671 1611 147.
2697 1553 3074 1625 Sardonychas
3092 1560 3255 1607 terra:
3286 1550 3469 1604 rubra:
3494 1544 3898 1602 similitudinem

597 1669 651 1716 et
681 1658 809 1713 dum
841 1658 994 1728 quasi
1031 1673 1128 1726 pro
1163 1653 1394 1709 Domino
1421 1654 1737 1723 loquuntur,
1771 1651 1986 1706 veritati
2019 1649 2206 1703 advcr-
2317 1661 2468 1707 tenet
2502 1651 2833 1723 :sapphyrus
2864 1650 3067 1703 aeriam
3099 1654 3246 1700 tenct
3277 1643 3539 1714 speciem.

598 1760 812 1807 santur.
859 1749 962 1804 Job
1011 1749 1191 1802 dolens
1235 1745 1468 1812 dicitur,
1501 1760 1606 1815 quo
1637 1744 1824 1814 passio
1854 1742 2086 1809 Christi,
2121 1742 2203 1798 vel
2381 1743 2517 1815 Pag.
2553 1743 2677 1798 148.
2713 1742 2782 1796 Et
2811 1741 3051 1810 tapazion
3083 1739 3150 1793 de
3180 1737 3485 1806 Ethiopia,
3516 1750 3623 1806 pro
3653 1749 3745 1801 eo,
3775 1731 3899 1802 quod

607 1845 763 1902 labor
794 1842 1057 1898 Ecclesia:
1098 1840 1449 1910 exprimitur.
1483 1837 1707 1908 Eliphaz
1734 1878 1750 1904 ,
1787 1847 1807 1874 ο
1841 1836 2036 1890 domini
2085 1853 2206 1889 con—
2307 1839 2454 1892 omni
2499 1837 2517 1875 ί
2553 1836 2739 1891 colore
2794 1833 3127 1904 resplendet,
3179 1832 3419 1903 topazion
3465 1829 3625 1901 quasi
3670 1828 3900 1901 tapadion

597 1947 819 2009 temptas
850 1951 868 1990 :
901 1934 956 1989 id
985 1941 1097 1997 est,
1131 1931 1380 1987 haeretici
1406 1971 1419 1994 ,
1451 1933 1541 2000 qui
1572 1971 1587 1996 ,
1628 1929 1756 1983 dum
1809 1929 1945 1982 falsa
1996 1929 2062 1981 de
2097 1929 2206 1981 lteo
2312 1941 2560 1985 vocatur.

598 2029 864 2092 sentiunt,
926 2041 1054 2081 eum
1116 2022 1492 2094 superbiendo
1540 2029 1924 2076 contemnunt.
1975 2018 2202 2083 Baldad.
2383 2023 2522 2092 Pag.
2561 2021 2686 2078 150.
2719 2021 2838 2076 Mos
2865 2031 3114 2075 veterum
3159 2019 3262 2074 fuit
3290 2027 3348 2074 ut
3384 2017 3635 2073 seniores
3682 2016 3738 2072 in
3767 2023 3902 2086 porta

593 2130 842 2185 vetustas,
879 2117 935 2173 id
964 2127 1071 2183 est,
1124 2117 1262 2184 sola,
1295 2117 1422 2186 quia
1447 2131 1555 2169 non
1577 2115 1883 2169 intentione
1915 2113 2077 2174 bona,
2109 2111 2204 2166 sed

2365 2118 2546 2172 vitatis
2589 2117 2979 2172 consisterent.
3005 2123 3061 2171 et
3081 2128 3277 2169 causas
3309 2112 3687 2168 innocentium
3713 2109 3902 2181 judica-

597 2215 842 2286 appetitu
875 2213 1071 2283 gloriae
1117 2211 1416 2279 loquuntur
1469 2227 1481 2263 :
1534 2209 1585 2263 id
1635 2217 1739 2275 est,
1794 2223 1899 2262 non
1929 2207 2053 2262 zelo
2083 2206 2205 2261 novi
2310 2220 2455 2279 rent,
2489 2211 2535 2265 si
2565 2210 2718 2264 urbis
2765 2208 3005 2279 papulus
3033 2217 3182 2263 esset
3205 2208 3490 2277 pacilicus,
3525 2206 3584 2260 in
3622 2220 3787 2276 quam
3812 2204 3906 2257 dis—

601 2309 863 2372 hominis,
899 2305 993 2362 sed
1026 2305 1294 2375 pravitate
1316 2305 1443 2358 vitae
1473 2300 2208 2371 veteris.SOphar,dissipa-
2311 2303 2505 2360 cordes
2551 2301 2762 2372 ingredi
2805 2317 2914 2355 non
2967 2300 3174 2355 liceret.
3209 2298 3365 2367 Quod
3424 2309 3481 2352 et
3523 2295 3659 2353 fecit
3709 2295 3906 2352 divinus

601 2403 674 2456 tio
703 2398 925 2472 specula:
943 2398 1031 2453 vel
1060 2396 1438 2469 speculatorem
1467 2395 1729 2465 dissipans
1764 2412 1776 2447 :
1807 2394 1931 2465 quia
1964 2393 2208 2448 hmretici
2244 2415 2287 2472 Β
2316 2397 2440 2453 Job.

615 2501 828 2549 mentes
883 2506 1121 2560 superna
1173 2489 1612 2558 contemplantes
1670 2487 1855 2541 verbis
1895 2499 2213 2556 pervertere

600 2593 882 2656 appetunt.
917 2581 1342 2636 Contemuendo
1372 2595 1505 2650 ergo
1537 2580 1704 2634 Deum
1755 2581 1809 2634 in
1860 2588 2132 2634 vetustate
2153 2594 2213 2634 se
2318 2581 2633 2648 ratur,quia
2663 2593 2953 2646 pravorum
2986 2579 3242 2632 insolenti
3269 2574 3650 2646 inquietudine
3669 2575 3907 2639 molesta,

604 2681 860 2742 retinent,
887 2675 940 2730 in
970 2689 1079 2744 qua
1111 2683 1418 2739 manentes,
1451 2673 1606 2726 malis
1641 2671 1990 2726 sermonibus
2019 2685 2215 2740 Specu-
2321 2675 2387 2728 ad
2421 2672 2781 2740 obruendam,
2825 2683 2884 2726 ut
2911 2673 2983 2726 ita
3013 2670 3276 2736 dixerim,
3311 2684 3513 2725 navem
3539 2667 3748 2733 cordis,
3773 2664 3909 2738 quasi

614 2771 858 2826 lantibus
899 2776 1121 2823 nocent.
1154 2765 1261 2822 Sed
1293 2764 1417 2835 quia
1453 2772 1512 2819 et
1543 2765 1642 2833 ipsi
1682 2763 1974 2834 aliquando
2005 2765 2071 2817 ad
2104 2763 2211 2818 Ec-
2327 2777 2626 2837 tempestas
2658 2767 2916 2821 illabitur.

607 2863 833 2919 clesiam
859 2859 1109 2923 redeunt,
1141 2859 1259 2912 hate
1284 2855 1311 2894 τι
1337 2872 1604 2912 annorum
1633 2857 2005 2913 reconciliatio
2026 2865 2212 2912 osten-

605 2955 706 3020 dit,
741 2969 839 3023 pro
868 2953 1066 3022 quibus
1088 2951 1194 3006 Job
1217 2959 1343 3005 orat
1375 2967 1389 3004 :
1423 2950 1551 3020 quia
1586 2950 1970 3004 haereticorum
2006 2950 2215 3004 sacriﬁ-

613 3045 695 3100 cia
731 3046 841 3100 Deo
881 3059 989 3098 non
1039 3052 1170 3098 sunt
1220 3050 1475 3110 accepta,
1531 3042 1634 3097 nisi
1666 3042 1917 3096 manibus
1953 3042 2216 3098 Ecclesia:

2324 2964 2500 3009 turam
2529 2969 2742 3008 sacram
2765 2951 3048 3022 operando
3081 2951 3369 3023 perﬁcere.

673 3192 699 3219 τι
742 3182 992 3237 Proxime
1011 3182 1270 3252 superius
1296 3182 1442 3237 edita
1477 3182 1814 3238 interlinear.
1842 3183 2128 3252 Expositio
2153 3185 2205 3238 in

612 3256 707 3309 lin.
735 3252 972 3327 :Beatus
995 3251 1095 3304 Job
1119 3252 1285 3306 verbis
1325 3264 1369 3305 et
1396 3255 1721 3323 passionibus
1750 3251 1943 3308 Christi
1971 3257 2220 3327 expressit

613 3326 908 3405 ειηρρέηεηιο
1085 3393 1098 3405 _
1225 3393 1263 3405 η
1416 3394 1448 3405 ,ν
1567 3393 1600 3405 Α
1685 3396 1696 3405 _
1971 3400 1984 3405 _
2162 3399 2208 3405 __
2318 3345 2414 3399 per
2449 3325 2597 3405 quos
2630 3341 2687 3405 et
2721 3331 2875 3399 juxta
2926 3332 3267 3405 interlincar.
3311 3330 3584 3405 Exposit,
3614 3325 3911 3405 septiforqu

682 3393 976 3477 b"ll-ursum
1000 3393 1190 3477 eadem
1225 3393 1474 3477 Exposit.
1510 3412 1522 3476 ξ
1560 3393 2047 3477 ροηριιιξί-υεγορῇιε
2071 3397 2222 3477 (Jub)_
2321 3393 2496 3477 gratia
2529 3393 2785 3477 _Spirit{ts_
2821 3404 2988 3454 sancti
3018 3402 3348 3477 petrplicatur.
3381 3401 3648 3477 Suspecta
3673 3393 3813 3452 adeo
3841 3405 3910 3473 est

609 3466 903 3542 carnalium
936 3477 1118 3542 typum
1143 3465 1402 3542 designat,
1434 3469 1522 3534 qui
1554 3465 1690 3542 intra
1736 3465 2024 3542 Ecclesium
2065 3465 2222 3542 positi
2322 3465 2455 3526 inihi
2510 3465 2596 3527 de'
2628 3472 2827 3526 mendo
2881 3488 2983 3526 vox
3017 3465 3204 3528 isthu-c
3256 3473 3446 3542 procis.
3490 3465 3675 3542 Facde
3713 3485 3805 3542 pro
3853 3466 3909 3519 eis

611 3543 780 3613 vitam
817 3536 1171 3613 spiritualium
1230 3536 1460 3613 moribus
1509 3539 1619 3590 suis
1659 3536 2075 3613 scandalizentf
2119 3541 2218 3604 Et,
2325 3543 2543 3613 scripsit
2565 3552 2774 3605 anctor,
2798 3543 3210 3613 supplendaque
3232 3536 3316 3600 est
3340 3559 3441 3596 vox
3469 3536 3909 3610 ﬁliisiciSeptem

613 3610 782 3684 Amici
820 3613 932 3678 ejus
967 3609 1592 3684 ﬁguratalucreticorum
1627 3607 1929 3684 designant.
2243 3637 2286 3684 η
2324 3607 2451 3682 ﬁlii,
2476 3629 2570 3684 pro
2599 3613 2671 3665 eis
2701 3607 2984 3683 sacriﬁcia,
3014 3624 3119 3668 etc.

689 3680 1036 3754 thqneuita
1091 3679 1308 3754 quidem
1364 3678 1589 3733 llier'on.
1626 3679 1678 3732 in
1707 3678 2058 3754 Qitotnastico
2086 3695 2207 3752 sup.
2244 3678 2334 3699 ν’
2399 3678 2527 3738 {Ex
2576 3685 2633 3738 S.
2689 3678 2896 3739 Isidoro
2944 3684 3095 3754 Orig.
3148 3686 3242 3739 lib.
3284 3699 3395 3748 xvr,
3447 3699 3572 3752 cap.
3607 3682 3642 3738 Β
3693 3700 3708 3735 :
3760 3679 3908 3749 Tapu-

609 3751 716 3831 col.
751 3748 844 3831 81.
880 3748 1128 3831 lglipltaz,
1172 3748 1272 3831 Dei
1317 3758 1656 3831 contemptus.
1707 3748 1918 3804 Baldad
1945 3748 2210 3816 ,vetustas
2320 3755 2438 3831 aion
2484 3771 2548 3809 ea:
2585 3756 2768 3809 virenti
2819 3772 3005 3828 genere
3043 3748 3114 3811 Eu
3139 3798 3152 3823 ,
3200 3757 3441 3826 omnique
3483 3748 3664 3809 colore
3698 3748 3910 3821 resplen-

613 3823 752 3877 sola.
783 3819 1019 3894 Sophar,
1061 3820 1290 3892 spoculw
1316 3819 1612 3890 dissipatio,
1637 3832 1743 3876 etc.
2321 3827 2469 3880 dens.

2393 3185 2418 3224 ι¹
2449 3186 2718 3243 Rescribit
2757 3187 3024 3254 Lipsicus.
3059 3187 3263 3255 editor,
3293 3187 3607 3241 amicorum.

2393 3270 2416 3296 θ
2450 3260 2667 3328 Septem
2699 3258 2821 3314 Jobi
2866 3258 3007 3312 ﬁlios
3045 3259 3293 3314 denotari
3342 3260 3428 3313 hic
3476 3258 3667 3312 nullus
3695 3255 3908 3328 dubitur.

1086 4079 1267 4188 Ι)-
1348 4075 2167 4193 JOANNIS

2363 4083 3448 4229 tan'rmmm,

1335 4269 1703 4333 MONACHI
1746 4272 2260 4339 BENEDICTINI
2299 4281 2345 4340 E
2375 4280 2775 4343 CONGREG.
2814 4281 2876 4343 S.
2914 4280 3196 4352 MAURI,

1575 4424 2922 4577 {COMMENTARII

732 4671 970 4828 IN
1109 4665 1294 4824 s.
1435 4665 2809 4920 HIEBONYMI
2938 4669 3871 4920 LIBROS”

1643 4917 1752 4976 QUI
1785 4914 1918 4971 HOC
1951 4919 2183 4971 TERTIO
2217 4921 2396 4972 ΤΟΜΟ
2429 4921 2895 4973 CONTINENTUR.

1954 5032 2567 5069 ς...ῗὲ

946 5289 1035 5346 ΒΕ
1075 5287 1531 5346 ERUDITIONIS
1569 5285 2037 5345 PRESTANTIA
2078 5285 2167 5340 AC
2205 5285 2504 5341 PIETATE
2544 5283 3059 5342 OPUSCULORUM
3098 5286 3158 5344 S.
3204 5285 3614 5345 HIERONYMI.

655 5527 683 5598 §
721 5526 764 5582 l.
810 5522 1121 5580 Eruditione
1149 5525 1281 5580 inter
1310 5538 1497 5598 omnes
1512 5522 1788 5598 scriptores
1815 5519 2187 5576 ecclesiasticos

2331 5519 2579 5593 quamvis
2607 5518 2749 5588 'ipse
2785 5518 3092 5593 tacuisset,
3142 5529 3354 5576 cunctae
3386 5521 3613 5593 syllaba:
3641 5520 3899 5593 aclittere

1018 5598 1171 5669 longe
1201 5603 1416 5665 praestat
1445 5592 1803 5662 Hieronymus

2335 5590 2716 5657 Opuseulorum
2746 5589 2862 5657 ejus
2894 5591 3070 5659 palam
3111 5589 3477 5658 testarentur,
3503 5595 3556 5646 in
3590 5592 3783 5649 Latino
3808 5591 3896 5646 sci-

2339 5662 2460 5716 licet
2487 5677 2625 5730 pene
2645 5663 2713 5713 ah
2735 5662 2866 5733 ipsis
2896 5662 3234 5733 incunabulis
3275 5663 3421 5717 inter
3442 5666 3829 5733 grammaticos
3853 5668 3894 5714 et

736 5735 939 5790 .Bonis
959 5735 1171 5806 artibus
1194 5741 1250 5790 et
1287 5731 1791 5800 studiisexpolitum
1833 5731 2020 5806 fuisse
2040 5732 2231 5806 Hiero—
2337 5733 2595 5787 rhetores
2623 5741 2682 5787 et
2707 5731 3061 5806 philosophos
3088 5733 3347 5806 detritum
3381 5731 3506 5788 cuin
3541 5745 3712 5806 atque
3741 5747 3893 5806 versa-

629 5818 892 5876 nymum,
941 5805 1034 5876 qui
1081 5807 1443 5877 negetjnemo
1512 5806 1752 5860 virorum
1794 5813 1917 5860 est:
1971 5803 2024 5859 id
2085 5805 2232 5859 enim
2342 5811 2455 5858 tum
2486 5818 2628 5858 esse.
2676 5806 2743 5857 At
2785 5801 3005 5857 minima
3031 5803 3407 5874 jnvenilisque
3428 5801 3649 5876 ρει-ἰιίξὲ
3669 5820 3787 5878 pars
3817 5801 3889 5858 illa

2391 2487 2521 2560 Pag.
2558 2488 2680 2542 158.
2705 2485 3161 2542 Adversariorum
3189 2485 3386 2540 semita
3416 2482 3681 2539 ﬂuctibus
3706 2495 3910 2551 compa-

2394 2862 2528 2933 Pag.
2564 2861 2689 2916 169.
2722 2859 2944 2915 Librum
2978 2859 3031 2914 in
3074 2857 3306 2913 humero
3345 2862 3602 2928 portare,
3633 2861 3718 2911 est
3747 2851 3914 2921 Scrip-

3961 493 3964 656 l
