3964 6302
83 329 220 388 1495

990 327 1471 387 COMMENTARII
1509 328 1599 387 ΕΤ
1637 327 1846 388 ΝΟΤΕ
1883 329 2075 389 JOAN.
2118 325 2547 390 ΜΔΒΤῙΑΝᾹΞΙ.

3175 387 3183 393 .
3258 335 3399 393 ΗΜ

82 444 288 519 criticis
332 443 443 519 hoc
485 446 621 501 loco
655 448 891 503 breviter
932 445 1429 519 demonstrandam
1458 446 1695 519 suscepi.
1730 445 1776 505 Δ
1810 465 1828 497 t
1877 448 2232 516 fortitudine,
2280 447 2488 517 iustitia
2515 486 2531 514 ,
2597 450 2988 519 temperantia,
3045 448 3351 505 humilitate
3377 493 3393 518 ,

83 514 167 573 Ab
196 517 472 583 exetnplis
503 530 696 575 autem
730 535 840 573 rem
872 529 1034 573 totam
1069 515 1311 587 perficio,
1347 518 1468 586 quia
1501 518 1552 571 in
1596 514 1701 571 hoc

84 596 414 644 artzumeoto
451 588 551 643 illa
582 591 701 644 sola
734 591 1031 644 sufliciunt.

194 699 207 713 .
249 656 514 714 Primum
568 662 805 715 sumitur
836 677 903 714 ex
950 660 1181 729 epistola
1215 658 1280 712 ad
1314 658 1590 713 Fabiolam
1632 658 1699 711 de

85 727 249 785 Veste
278 734 635 785 sacerdotali
665 748 678 786 :
724 752 742 785 ι
800 727 1157 802 Super‘putre
1193 747 1288 783 suo
1318 741 1363 784 et
1407 738 1570 802 matre
1606 743 1700 781 sua

93 818 111 852 t
156 817 267 872 non
290 801 696 871 inquinabitur.
733 800 895 857 Multa
925 817 1023 856 nos
1054 801 1234 855 facere
1263 802 1407 872 Cogit
1432 800 1697 865 allectus;

91 887 111 923 t
155 882 209 925 et
239 869 375 943 dum
414 876 891 943 propinquitatem
918 873 1243 943 respicimus
1272 869 1563 941 corporum
1592 909 1630 943 ,ί
1649 879 1703 943 et

89 959 108 993 ι
153 942 438 1011 corporis,
492 940 553 997 et
607 940 799 999 animae
850 942 1179 999 oﬂenditnus
1219 940 1554 998 Creatorem.
1598 940 1701 1006 Qui

92 1030 111 1063 α
156 1023 303 1066 amat
330 1026 560 1082 patrem
594 1026 686 1069 aut
711 1026 937 1069 matrem
968 1029 1131 1082 super
1156 1012 1454 1071 Christum.
1487 1028 1594 1065 non
1620 1020 1707 1065 est

92 1099 111 1134 ι
159 1098 227 1137 eo
273 1084 508 1153 dignus.
568 1086 884 1153 Discipulus
926 1085 991 1139 ad
1034 1087 1371 1151 sepulturam
1409 1083 1578 1153 patris
1624 1082 1704 1137 ire

91 1171 111 1205 t
158 1152 525 1219 desiderans,
553 1152 856 1211 Salvatotiv
890 1158 1205 1224 prohibetur
1230 1152 1479 1224 imperio.
1505 1153 1703 1221 Quanti

95 1241 114 1276 ι
165 1224 585 1281 monachorum
618 1227 744 1282 tluttt
775 1230 965 1297 patris,
1017 1230 1312 1295 matrisque
1353 1230 1701 1287 miserentur,

94 1312 112 1347 t
158 1310 289 1367 suas
334 1313 568 1353 animas
606 1298 1002 1367 perdiderunt?
1034 1298 1209 1365 Super
1242 1308 1393 1366 patre
1434 1306 1487 1351 ct
1530 1305 1705 1349 matre

96 1383 114 1417 ι
163 1366 336 1436 pollui
372 1371 548 1422 nobis
583 1366 688 1423 non
722 1371 869 1435 licet,
893 1379 1094 1438 quanto
1118 1372 1288 1435 magis
1319 1384 1483 1437 super
1512 1368 1703 1428 fratre,

98 1454 116 1489 t
160 1439 487 1503 sororibus,
537 1442 914 1505 consobrinis,
958 1439 1187 1505 familia,
1215 1442 1494 1494 servulis?
1522 1438 1705 1492 Genus

98 1526 116 1560 t
163 1508 389 1577 regale,
426 1520 487 1565 et
520 1511 869 1566 sacerdotale
913 1524 1118 1572 sumus.
1161 1510 1313 1563 lllutn
1362 1508 1708 1563 attendamus

99 1594 116 1628 t
164 1577 418 1652 Patrem,
459 1582 562 1651 qui
598 1597 893 1652 numquam
928 1582 1178 1647 moritur,
1210 1593 1301 1635 aut
1330 1583 1420 1651 qui
1464 1597 1561 1648 pro
1606 1596 1705 1632 no-

100 1666 117 1698 t
165 1648 249 1704 liis
282 1648 537 1706 moritur
573 1670 587 1706 :
620 1663 675 1708 et
710 1648 802 1723 qui
832 1654 953 1707 ideo
981 1652 1163 1707 vivens
1208 1648 1451 1707 mortuus
1483 1660 1567 1704 est
1592 1693 1605 1716 ,
1652 1658 1709 1723 ut

102 1736 119 1770 t
168 1736 271 1792 nos
328 1732 597 1778 mortuos
653 1722 973 1778 viviticaret.
1029 1722 1085 1777 Si
1141 1724 1268 1792 quid
1326 1723 1591 1777 habemus
1640 1722 1709 1775 de

103 1806 119 1840 t
164 1790 441 1863 Aigypto,
471 1795 624 1877 quod
651 1800 902 1881 princeps
926 1795 1107 1847 mundi
1131 1790 1286 1881 suum
1320 1795 1489 1881 possit
1510 1806 1706 1856 agnos-
1737 1819 1785 1881 Β

104 1878 121 1912 t
165 1877 336 1937 cere,
372 1868 597 1920 tenenti
639 1865 916 1937 IEgyptite
945 1880 1066 1918 cum
1110 1866 1274 1933 pallio
1315 1866 1703 1937 relinquamus.

104 1948 122 1981 ι
164 1933 440 2003 Syndone
454 1946 689 2005 apertus
712 1933 1034 1991 adolescens
1061 1939 1297 1989 vinctum
1320 1934 1609 1989 Dominum
1630 1948 1710 1988 se-

105 2019 121 2052 i
167 2006 451 2073 quebatur
478 2028 493 2063 :
525 2009 583 2062 in
620 2007 845 2077 laqueos
873 2008 973 2061 nisi
1000 2007 1286 2075 expeditus
1306 2016 1356 2061 et
1384 2006 1565 2059 nudus
1589 2019 1707 2071 per-

106 2091 124 2125 t
169 2079 538 2144 sequentium
566 2078 895 2133 declinasset
922 2079 1143 2143 impetu.
1178 2077 1485 2131 Reddatnus
1518 2090 1711 2144 paren-

106 2162 125 2196 t
173 2144 345 2214 tibus,
370 2165 503 2213 quze
533 2160 823 2218 parentum
853 2157 1006 2202 sunt:
1028 2151 1071 2201 si
1096 2160 1278 2204 tamen
1300 2149 1482 2200 vivunt
1507 2163 1519 2218 ς
1540 2148 1583 2200 si
1605 2160 1713 2200 ser-

107 2233 124 2267 t
172 2219 394 2288 vicittes
421 2217 664 2273 Domino
683 2222 822 2274 lilios
846 2238 973 2272 suos
994 2218 1239 2288 praeferri
1262 2218 1362 2273 sibi
1383 2217 1708 2287 gloriantur.

175 2306 195 2339 ι
242 2284 315 2361 Et
348 2292 417 2344 de
443 2293 645 2361 saviolis
676 2308 775 2345 non
806 2284 1114 2361 egredietur,
1144 2299 1189 2343 et
1216 2305 1317 2343 non
1346 2284 1538 2360 polluet
1560 2304 1713 2341 sunt:-

111 2374 127 2408 t
174 2359 527 2426 tiﬁcationem
553 2359 654 2415 Dei
692 2365 792 2415 sui.
825 2359 931 2416 Pro
962 2364 1137 2416 otioso
1168 2359 1385 2429 quoque
1417 2361 1583 2413 verbo
1621 2374 1709 2412 ra-

110 2446 128 2479 t
175 2429 388 2486 tionem
420 2434 698 2487 reddituri
732 2449 950 2498 sumus;
994 2442 1049 2485 et
1074 2447 1239 2487 omne
1269 2431 1410 2499 quod
1444 2447 1549 2483 non
1583 2430 1710 2482 ardi-

114 2516 131 2550 t
180 2502 307 2573 fleat
332 2503 657 2571 audientes,
682 2504 734 2558 in
767 2506 1067 2573 periculum
1092 2506 1322 2557 vertitur
1348 2503 1709 2571 loquentium.

114 2587 132 2620 ί
181 2572 297 2645 Ego
325 2575 373 2627 si
404 2573 624 2641 fecero,
658 2576 701 2629 si
726 2572 919 2629 dixero
944 2573 1217 2645 quidpiam
1247 2574 1389 2642 qUod
1422 2572 1714 2645 reprehen-

117 2657 135 2690 ι
181 2644 339 2699 sione
364 2646 599 2716 dignum
632 2656 719 2701 est
751 2663 764 2698 :
795 2646 862 2700 de
894 2643 1097 2699 sanctis
1126 2646 1399 2715 egredior,
1447 2654 1495 2695 et
1530 2643 1713 2711 polluo

117 2728 135 2761 ί
180 2719 524 2770 vocabulum
557 2716 782 2781 Christi,
819 2718 869 2770 in
894 2732 1004 2786 quo
1027 2716 1159 2770 inihi
1192 2716 1440 2770 blandior
1474 2722 1714 2783 :quanto

121 2799 137 2832 t
182 2788 361 2865 magis
405 2788 662 2865 pontifex
705 2798 758 2843 et
798 2790 1311 2865 episcorius,_quem
1355 2793 1571 2853 oportet
1595 2799 1716 2838 esse

125 2870 140 2904 t
184 2859 304 2910 sine
336 2860 583 2914 crimine
628 2876 639 2910 :
676 2867 1057 2929 tantarumque
1087 2859 1347 2913 virtutum
1371 2897 1386 2921 ,
1419 2866 1476 2908 ut
1502 2870 1717 2929 semper

125 2940 140 2974 t
185 2939 439 2983 moretur
470 2932 530 2985 in
563 2931 789 2997 sanctis,
822 2940 877 2983 et
911 2926 1130 2995 paratus
1154 2929 1224 2983 sit
1248 2929 1495 2981 victimas
1520 2926 1716 2980 offerre

122 3010 139 3044 ε
187 3014 285 3063 pro
310 3003 526 3069 populo
555 3045 569 3067 ,
602 3011 883 3070 sequester
911 3001 1190 3055 hominum
1213 3009 1267 3053 et
1296 2999 1416 3060 Dei,
1442 3007 1497 3051 et
1521 3012 1715 3070 carnes

126 3082 143 3114 ι
193 3073 328 3141 ῥειιὶ
365 3088 536 3125 sacro
585 3069 692 3126 ore
721 3072 1011 3125 conficiens
1058 3091 1069 3124 :
1110 3071 1233 3141 quia
1262 3080 1506 3141 sanctum
1538 3069 1714 3141 oleum

129 3153 145 3185 t
193 3136 404 3196 Christi
442 3143 547 3197 Dei
579 3143 663 3197 sui
686 3157 850 3213 super
878 3159 999 3196 eum
1032 3136 1143 3197 est:
1165 3141 1279 3196 Non
1304 3138 1621 3213 egredietur
1648 3138 1717 3193 de

1810 535 1828 569 t
1876 520 2318 586 mansuetudine,
2342 519 2691 581 liberalitate,
2713 530 2937 587 poswnt
2954 519 3397 590 etaliijudicare:

1810 605 1829 640 ι
1876 592 2193 659 pudicitiam
2254 592 2371 645 sola
2417 593 2565 644 novit
2622 591 2986 657 Conscientia,
3052 599 3106 645 et
3174 592 3399 647 humani

1810 676 1829 711 ι
1875 662 2168 729 oculiejus
2198 664 2273 717 rei
2296 661 2429 716 certi
2456 661 2668 731 judices
2689 677 2811 716 esse
2840 679 2943 715 non
2976 670 3202 731 possunt
3228 680 3239 714 :
3272 663 3397 716 abs-

1812 749 1830 781 t
1876 748 1981 798 que
2022 733 2125 796 his,
2168 734 2259 803 qui
2293 734 2492 801 passim
2524 733 2575 785 in
2609 748 2813 803 rnorem
2861 734 3140 787 hruloruin
3188 734 3397 787 anima-

1810 819 1829 851 t
1878 804 2004 855 lium
2041 802 2250 858 libidini
2295 804 2525 871 expositi
2570 812 2713 858 Sunt.
2760 802 2917 858 Unde
2960 810 3015 857 et
3053 804 3394 870 Apostolus:

1812 889 1830 923 t
1882 872 1956 947 De
1988 873 2308 947 Virginibus,
2340 877 2534 947 inquit,
2576 884 2897 947 prwccptutn
2921 872 3128 947 Domini
3162 890 3261 927 non
3294 872 3395 927 hac

1811 962 1829 995 ι
1879 944 1969 997 bro
1995 962 2007 998 :
2038 944 2191 1016 quasi
2221 946 2431 1013 Moyses
2461 944 2750 1016 loquatur,
2775 945 3131 1016 feminalibus
3158 959 3258 1016 ego
3286 960 3393 999 non

1811 1032 1829 1066 t
1877 1013 2072 1079 vestio,
2106 1032 2204 1071 nec
2237 1016 2456 1083 impono
2500 1013 2658 1069 alicui
2692 1015 3077 1070 necessitatem
3117 1032 3128 1067 :
3160 1013 3251 1084 qui
3280 1016 3396 1070 vult

1813 1104 1832 1139 t
1879 1088 2138 1141 sacerdos
2187 1101 2349 1151 esse,
2400 1088 2518 1155 ipse
2560 1101 2619 1141 se
2661 1087 2871 1141 \estiat.
2906 1086 2951 1141 Ο
2988 1094 3203 1155 quantae
3235 1085 3402 1155 virgi-

1813 1175 1832 1209 ι
1878 1172 2013 1221 nes,
2054 1167 2109 1212 et
2151 1166 2482 1226 quantorum
2515 1166 2728 1227 sperata
2762 1158 3017 1226 pudicitia
3060 1159 3112 1209 in
3141 1156 3232 1211 die
3258 1156 3403 1225 judi-

1812 1246 1831 1279 ι
1877 1229 1946 1283 cii
1980 1228 2437 1283 dehonestabitur
2467 1246 2477 1279 :
2512 1239 2835 1297 quantorum
2868 1229 3121 1282 infamata
3140 1227 3395 1295 pudicitia

1815 1317 1833 1350 ι
1878 1314 1906 1351 a
1941 1299 2055 1352 Deo
2085 1299 2266 1367 judice
2300 1300 2676 1353 coronabttur.
2724 1298 2825 1367 lpsi
2862 1300 3025 1367 igitur
3053 1312 3398 1352 assumamus

1814 1387 1835 1422 α
1881 1370 2155 1424 feminalia
2200 1386 2214 1425 :
2260 1370 2362 1439 ipsi
2395 1380 2582 1423 nostra
2627 1369 2862 1424 verenda
2893 1371 3251 1439 operiamus:
3289 1384 3396 1423 non

1816 1460 1834 1494 t
1882 1456 2189 1510 qumramus
2218 1441 2426 1495 alienos
2452 1441 2667 1495 oculos.
2702 1440 2779 1494 Ita
2824 1448 3077 1510 tegantur
3101 1440 3357 1510 genitalia
3383 1482 3397 1506 ,

1816 1531 1834 1563 ι
1884 1520 1942 1565 ut
1973 1513 2249 1566 nullorum
2280 1510 2455 1566 oculis
2495 1522 2736 1582 pateant,
2786 1526 2854 1564 ne
2882 1511 3099 1581 quando
3133 1513 3403 1565 intramus

1815 1600 1833 1634 ι
1879 1582 2078 1637 Sancta
2112 1592 2426 1637 sanctorum
2452 1623 2466 1647 ,
2498 1582 2543 1636 si
2576 1598 2678 1652 qua
2714 1584 3033 1651 apparuerit
3074 1582 3359 1652 turpitudo
3385 1625 3399 1648 ,

1817 1672 1835 1706 t
1885 1662 2059 1707 morte
2092 1656 2410 1708 moriamur.

1886 1741 1905 1776 t
1953 1724 2073 1779 iam
2112 1738 2295 1778 sermo
2338 1723 2561 1788 linitur,
2596 1733 2654 1778 et
2696 1724 2762 1779 ad
2803 1724 3090 1794 superiora
3126 1722 3398 1779 retrahor.

1818 1814 1837 1847 ‹
1883 1795 2052 1849 Tanta
2100 1796 2261 1850 debet
2302 1808 2425 1850 esse
2467 1796 2697 1849 scientia
2743 1805 2797 1851 et
2844 1795 3080 1851 eruditio
3128 1795 3401 1864 pontificis

1819 1884 1837 1918 ι
1890 1867 1981 1920 Dei
2006 1907 2020 1927 .
2068 1876 2125 1921 ut
2166 1875 2222 1921 et
2262 1880 2488 1936 gressus
2519 1864 2638 1932 ejus
2666 1907 2679 1929 ,
2712 1876 2766 1920 et
2798 1878 3011 1931 motus,
3056 1876 3108 1920 et
3150 1866 3404 1922 universa

1820 1956 1838 1989 ι
1884 1938 2090 1992 Vocalia
2118 1938 2249 1991 sint.
2287 1937 2579 1990 Veritatem
2626 1947 2807 1990 mente
2848 1937 3136 2005 coacipiat,
3189 1945 3245 1991 et
3288 1945 3405 1991 toto

1820 2026 1838 2060 ι
1886 2022 2006 2061 eam
2040 2007 2227 2061 habitu
2258 2014 2477 2060 reSonet
2505 2014 2561 2059 et
2591 2018 2786 2076 ornatu
2821 2025 2833 2057 :
2866 2014 2923 2059 ut
2951 2005 3213 2076 quidquid
3245 2009 3400 2076 agit,

1820 2096 1839 2131 ι
1888 2077 2147 2147 quidquid
2236 2077 2519 2143 loquitur,
2604 2075 2675 2130 sit
2736 2075 2985 2147 doctrina
3054 2075 3401 2147 populorum.

1822 2167 1840 2202 t
1886 2145 2104 2217 Absque
2138 2147 2519 2201 tintinnabulis
2549 2149 2693 2200 enim
2723 2154 2781 2201 et
2809 2145 3038 2201 diversis
3080 2146 3365 2202 coloribus
3390 2188 3405 2210 ,

1822 2238 1840 2272 t
1888 2232 1942 2274 et
1988 2218 2221 2290 gemmis
2262 2217 2598 2283 nuribusque
2624 2219 2925 2290 \‘il'lll‘llltll‘,
2973 2218 3411 2290 occsa-nemin-

1821 2308 1839 2341 t
1888 2285 2041 2361 gredi
2077 2300 2273 2361 potest,
2306 2302 2408 2361 nec
2435 2298 2636 2361 nomen
2669 2285 2933 2361 antistitis
2958 2287 3253 2361 possidere.
3280 2286 3408 2361 ῌειξο

1822 2379 1839 2412 t
1889 2358 1954 2415 ad
1987 2374 2147 2414 unam
2179 2358 2732 2425 lucubratiunculam,
2764 2375 2885 2413 cum
2915 2358 3025 2429 jam
3050 2358 3195 2413 funis
3225 2358 3412 2413 solve-

1823 2449 1841 2483 t
1890 2442 2041 2486 retur
2085 2447 2113 2485 a
2165 2431 2385 2493 littore,
2435 2441 2488 2483 et
2529 2440 2706 2483 nauta:
2747 2430 2993 2485 crebrius
3025 2430 3403 2493 inclamatent,

1824 2521 1843 2555 ι
1892 2516 2125 2572 propero
2142 2504 2403 2572 s'ertnoue
2426 2499 2645 2562 dictavi,
2670 2513 2790 2569 qua:
2811 2503 3073 2555 memoria
3101 2509 3288 2555 tenere
3313 2515 3408 2569 pc-

1823 2592 1842 2626 t
1892 2571 2087 2637 teram,
2118 2586 2167 2626 et
2200 2586 2318 2642 qua-
2350 2571 2604 2625 diuturua
2652 2572 2705 2625 in
2738 2571 2987 2642 rationali
3034 2574 3272 2640 peetoris
3301 2572 3407 2624 mci

1824 2662 1843 2696 ι
1890 2645 2128 2701 lectione
2159 2640 2540 2713 congesseram
2576 2659 2588 2695 :
2624 2645 2757 2713 satis
2794 2640 3300 2713 intelligensmagis
3323 2656 3410 2695 ne

1824 2734 1843 2767 ι
1893 2714 2147 2784 loquendi
2181 2711 2406 2782 impetu,
2436 2726 2595 2783 quam
2622 2711 2831 2781 judicio
2872 2712 3161 2784 scribentis
3192 2711 3362 2766 fluere
3389 2754 3404 2777 ,

1825 2804 1843 2838 ι
1890 2781 2143 2841 ειῚιιοῖθ
2176 2781 2741 2840 torrentis—turbidum
2783 2781 3027 2854 proferre
3068 2792 3403 2854 sermonem.

1826 2877 1845 2911 ι
1893 2857 2092 2912 Fertur
2126 2857 2177 2910 in
2210 2856 2385 2909 iudice
2413 2855 2660 2923 Septimii
2687 2850 3009 2910 Tertulliani
3040 2852 3182 2908 liber
3212 2852 3280 2907 de
3302 2850 3411 2907 Aa-

1827 2948 1846 2982 ‹
1894 2945 1995 2982 ron
2024 2928 2289 2986 vestibus.
2318 2927 2410 2996 qui
2444 2927 2659 2979 interim
2695 2939 2867 2996 usque
2910 2924 2975 2978 ad
3010 2923 3147 2979 hanc
3188 2925 3331 2996 diem
3363 2941 3406 2996 _a

1827 3019 1846 3053 ‹
1895 3014 1981 3053 me
2010 3012 2116 3051 nou
2149 3005 2235 3052 est
2261 2992 2530 3063 repertus.
2565 2997 2620 3049 Si
2652 3006 2680 3047 a
2710 2992 2862 3051 vobis
2907 3005 3128 3065 propter
3171 2992 3409 3051 celebri-

1828 3090 1847 3123 ‹
1896 3078 2058 3124 tatem
2092 3067 2253 3123 Urbis
2282 3067 2444 3121 fuerit
2473 3068 2751 3131 inventus,
2782 3080 2971 3136 quaeso
3002 3082 3069 3121 ue
3092 3074 3267 3121 meam
3296 3066 3412 3121 stil—

1835 3161 1852 3194 t
1902 3142 2004 3195 Iam
2039 3140 2180 3222 illius
2210 3136 2423 3220 “llillilli
2448 3138 2802 3222 comparetis.
2836 3137 2952 3222 Non
2995 3138 3141 3193 enim
3186 3153 3411 3222 magno-

130 3223 147 3256 ι
192 3223 412 3279 saneto,
449 3229 526 3269 ne
554 3200 956 3279 vestimentum,
990 3229 1097 3279 quo
1122 3200 1469 3275 indutttsveSI,
1495 3210 1723 3281 polluat.
1752 3200 1799 3263 C
1836 3232 1853 3265 ι
1902 3226 2020 3266 rum
2065 3212 2305 3264 virorum
2362 3200 2614 3279 ingeniis,
2676 3208 2772 3264 scd
2825 3209 2962 3265 meis
3025 3223 3145 3263 sum
3208 3200 3411 3263 viribus

133 3294 150 3328 ⁸
193 3282 485 3354 Quotquot
513 3286 656 3339 enim
690 3286 740 3339 iu
770 3284 988 3339 Christo
1013 3286 1263 3353 baptizati
1294 3297 1502 3347 sumus,
1533 3282 1721 3354 Chris-

134 3365 151 3399 ι
199 3361 308 3407 tum
358 3352 665 3411 induimus.
699 3356 793 3411 ille
836 3352 1128 3410 montanus
1178 3354 1483 3419 habitator,
1529 3352 1617 3421 qui
1652 3352 1721 3407 de

138 3436 157 3469 ι
198 3422 516 3483 Jerusalem
546 3428 915 3482 descendebat
944 3429 995 3481 in
1024 3427 1262 3489 Jericho,
1298 3441 1403 3477 nou
1437 3426 1584 3491 prius
1607 3423 1723 3476 vul-

138 3506 155 3539 ι
203 3508 432 3553 iteratus
481 3506 564 3553 est
608 3512 766 3565 quant
814 3499 1069 3552 nudatus.
1114 3496 1416 3553 infunditur
1454 3495 1501 3549 ci
1542 3494 1720 3547 oleum

136 3576 157 3611 ί
205 3568 670 3624 medicamentum
705 3572 845 3634 lene,
882 3581 937 3624 et
966 3569 1334 3623 misericordia
1369 3577 1723 3634 temperatum

141 3648 158 3681 ⁸
204 3647 259 3691 et
284 3640 417 3707 quia
444 3640 635 3695 debuit
663 3643 1003 3710 negligentiae
1025 3644 1230 3695 sentire
1260 3640 1585 3702 cruciatum,
1616 3637 1725 3693 vini

144 3719 160 3751 ι
206 3712 538 3769 ειυςιετίιηιιθ
570 3715 847 3767 mordetur
872 3756 885 3779 ,
920 3723 976 3767 ut
1023 3730 1117 3782 per
1146 3714 1324 3765 oletttn
1354 3710 1418 3763 ad
1454 3711 1723 3778 paeniten-

145 3792 163 3826 α
210 3782 341 3854 tiam
378 3796 709 3854 provocetur
736 3825 751 3851 ,
786 3800 881 3854 per
925 3787 1107 3838 vinum
1154 3784 1498 3838 severitatem
1529 3785 1729 3836 sentiat

148 3862 165 3898 ι
207 3850 531 3920 jndieantis.

217 3934 243 3999 _t
288 3926 404 3997 Ego
432 3929 543 3999 jam
571 3943 878 3999 mensuram
905 3928 1151 3999 epistoltc
1173 3924 1440 3979 excedere
1460 3938 1547 3977 me
1574 3921 1732 3999 intel-

151 4007 168 4040 ⁸
215 3994 357 4063 ligo;
387 3994 448 4055 et
481 3994 803 4064 excipientis
850 3994 1007 4054 t-eras
1048 3997 1204 4051 video
1241 4011 1364 4051 esse
1408 3995 1727 4062 Completas.

154 4078 171 4110 ⁸
218 4067 378 4125 Unde
410 4070 478 4124 ad
519 4071 722 4137 reliqua
757 4078 997 4136 transeo,
1030 4079 1086 4123 ut
1113 4067 1328 4121 tandem
1360 4065 1576 4137 finiatur
1606 4079 1730 4137 ora-

154 4148 172 4181 ι
221 4140 316 4191 tio.
369 4141 598 4196 Lamina
639 4135 803 4195 aurea
834 4142 1014 4195 rutilat
1047 4143 1097 4193 in
1136 4138 1358 4199 fronte;
1406 4135 1541 4189 nihil
1585 4136 1731 4187 enim

156 4218 174 4252 ι
221 4211 379 4264 uoltis
424 4213 648 4282 prodeat
692 4213 934 4266 omnium
978 4226 1157 4265 rerum
1189 4208 1445 4282 eruditio,
1492 4204 1597 4258 nisi
1638 4204 1735 4259 Dei

158 4289 175 4321 ⁸
222 4280 456 4337 scientia
497 4299 849 4338 coronentur.
893 4282 1076 4336 Liueiv
1124 4280 1419 4338 induimur,
1474 4286 1736 4329 ornantur

160 4360 177 4393 ι
223 4352 624 4434 hyacinthinis.
656 4370 814 4434 sacro
848 4356 1022 4434 baltea
1055 4352 1322 4419 cingimur
1348 4391 1366 4430 ,'
1398 4349 1595 4400 dantur
1640 4361 1737 4434 tto-

161 4431 179 4464 ⁸
223 4418 308 4476 bis
346 4440 539 4495 opera,
586 4426 847 4479 rationale
889 4426 939 4476 in
987 4418 1205 4495 pectore
1244 4420 1463 4495 ponitur
1496 4436 1507 4471 :
1539 4418 1740 4495 accipi-

162 4504 180 4537 σ
228 4509 349 4567 tntis
378 4490 688 4561 veritatem,
723 4498 928 4567 profert
956 4509 1148 4567 sermo
1162 4490 1460 4545 doctrinam
1494 4491 1740 4567 :_it_t_ipcr-

1828 3303 1849 3336 ι
1894 3283 2265 3338 mstimandus.
2304 3298 2322 3332 ι

1893 3354 1950 3407 2.
1982 3354 2059 3407 Ex
2090 3352 2317 3423 epistola
2359 3362 2576 3423 quoque
2615 3348 2681 3405 ad
2708 3352 2970 3423 eamdem
3017 3346 3297 3423 Fabiolam
3342 3348 3410 3403 de

1824 3419 2180 3493 quadraginta
2212 3419 2425 3478 duabus
2456 3419 2826 3477 Mausionibus
2868 3420 3031 3493 lsr_acl
3062 3419 3115 3474 in
3148 3419 3408 3493 deserto,

1828 3486 1943 3551 huic
1986 3486 2151 3549 habes
2182 3495 2431 3561 exempla
2481 3494 2740 3547 virtutum
2787 3508 2800 3547 :
2854 3508 2872 3543 ο
2922 3491 2998 3544 Ex
3025 3503 3133 3561 quo
3160 3486 3409 3561 animad-

1833 3588 1852 3621 t
1902 3571 2160 3621 vertimus
2186 3582 2291 3619 non
2321 3559 2374 3619 in
2405 3572 2589 3619 monte
2617 3560 2958 3633 simpliciter,
2994 3559 3093 3615 sed
3119 3559 3176 3633 in
3210 3560 3411 3613 m‘outis

1835 3661 1853 3695 ι
1903 3650 2088 3693 tnotue
2118 3638 2434 3691 Pontificem
2467 3628 2767 3700 mortuum,
2812 3644 2866 3687 ut
2896 3628 3092 3701 dignus
3118 3630 3270 3686 locus
3300 3645 3415 3685 me-

1836 3732 1855 3766 t
1904 3711 2021 3765 ritis
2050 3712 2193 3763 illius
2225 3716 2648 3762 monstraretur.
2680 3705 2905 3758 Moritur
2934 3714 3115 3756 autem
3149 3716 3214 3756 eo
3242 3710 3413 3765 anno,

1836 3804 1857 3837 α
1902 3798 2009 3852 quo
2040 3796 2210 3834 novus
2239 3780 2485 3852 populus
2517 3774 2964 3852 repromissionis
3008 3781 3211 3852 terram
3242 3772 3414 3827 intra-

1838 3875 1856 3908 t
1907 3841 2059 3906 t'urus
2087 3861 2203 3906 erat
2236 3841 2289 3904 in
2317 3841 2806 3903 extremis'tinibus
2833 3854 2992 3899 terra:
3020 3841 3411 3898 ldumazorum.

1839 3945 1857 3977 ι
1907 3924 1975 3977 Ει
2001 3937 2323 3989 quamquam
2358 3919 2414 3973 itt
2459 3927 2641 3971 monte
2669 3912 3327 3989 sacerdotiumEleazaro
3353 3913 3415 3966 ll-

1841 4015 1858 4048 (
1909 3993 1982 4047 lio
2010 3980 2387 4058 t'lt't'eliquerit,
2418 3992 2608 4059 lexque
2634 4004 2752 4053 eos,
2782 3989 2873 4055 qui
2897 4001 3015 4041 eam
3045 3980 3417 4059 impleverim,

1842 4085 1861 4119 ι
1909 4064 2167 4132 perducat
2196 4054 2263 4117 ad
2288 4054 2557 4132 summum
2587 4072 2599 4112 :
2634 4054 2823 4132 tauxeti
2844 4060 2952 4132 ipsa
2978 4054 3280 4132 sublimitas
3308 4070 3417 4108 non

1844 4156 1861 4188 t
1908 4128 1987 4187 est
2021 4143 2169 4188 trans
2198 4132 2400 4188 fluenta
2430 4130 2699 4195 Jordanls,
2734 4129 2825 4182 sed
2858 4130 2909 4181 in
2952 4128 3212 4181 extremis
3244 4134 3416 4179 terre-

1844 4228 1862 4261 t
1911 4220 2105 4260 norum
2136 4218 2359 4274 operum
2403 4201 2604 4254 finibus
2630 4242 2642 4262 ,
2671 4210 2739 4274 ei
2775 4200 2981 4274 plangit
3022 4212 3143 4250 eum
3188 4196 3421 4274 pepulus

1846 4297 1864 4331 ι
1912 4276 2129 4345 triginta
2155 4265 2389 4345 diebus;
2423 4274 2602 4325 Aaron
2634 4265 2929 4345 plangitur,
2953 4267 3243 4345 Jes_us_t_ion
3270 4265 3421 4345 plan-

1848 4368 1865 4402 ι
1911 4335 2077 4415 gitur.
2112 4347 2168 4402 lit
2204 4347 2321 4415 lege
2353 4335 2655 4415 descensus
2680 4340 2744 4415 ad
2765 4335 3002 4415 inferos,
3037 4337 3090 4391 in
3122 4335 3422 4415 Evangelia

1850 4440 1868 4473 ε
1912 4407 1979 4471 ad
2013 4407 2320 4488 paradisum
2351 4408 3257 4488 transmigratio._Audiyitquoque
3281 4407 3425 4488 pha—

1851 4510 1869 4543 ι
1918 4478 2141 4543 italia-us
2171 4488 2312 4557 quod
2343 4478 2788 4557 venissetjsrael
2808 4524 2823 4547 ,
2855 4490 2909 4535 et
2940 4478 3145 4557 in_lOco
3172 4478 3427 4557 explora-

164 4574 182 4607 ⁸
230 4564 370 4622 fecta
394 4550 532 4621 sunt
560 4550 831 4631 unive'rsa,
859 4566 958 4620 nisi
984 4576 1089 4618 tam
1119 4564 1321 4617 decoro
1344 4562 1522 4615 currui
1550 4550 1743 4637 dignus
1769 4573 1826 4637 D
1857 4581 1874 4614 t
1925 4570 2124 4637 torum,
2147 4550 2234 4613 tibi
2258 4556 2531 4637 quondam
2546 4551 2836 4637 edendisse
2851 4551 3114 4637 populum
3139 4550 3425 4637 noverant,

167 4644 184 4677 ⁸
232 4648 512 4703 quaeratur
541 4639 727 4709 auriga
752 4680 765 4704 ,
799 4646 854 4691 et
874 4652 1035 4706 super
1054 4642 1341 4709 t't‘t'aturaS
1372 4643 1588 4709 creator
1616 4632 1741 4709 insi-

168 4715 185 4748 ⁸
232 4719 383 4764 stens
405 4750 419 4773 ,
452 4718 604 4780 regat
633 4704 751 4779 ipse
781 4724 899 4775 qua:
930 4704 1192 4780 condidit.
1234 4704 1386 4770 Quod
1419 4704 1547 4780 oliui
1580 4704 1631 4754 in
1670 4704 1747 4756 la-

170 4788 188 4820 ⁸
235 4782 378 4834 mina
413 4776 838 4843 monstrabatur,
865 4795 1005 4833 ttuttc
1030 4780 1079 4829 in
1108 4779 1265 4845 signo
1295 4776 1603 4828 ostenditur
1626 4789 1749 4828 cru¢

174 4857 191 4889 ⁸
236 4850 335 4922 gis.
380 4852 527 4906 Auro
558 4855 719 4922 lt'gis,
752 4848 1289 4922 Sanguislivangelii
1326 4846 1611 4914 pretiosior
1632 4854 1746 4922 est.

176 4928 191 4959 ⁸
236 4918 389 4994 ‘l‘onc
416 4916 807 4994 sigrrunijuxla
851 4916 1148 4974 Ezechielis
1174 4916 1366 4971 vocem
1410 4916 1751 4994 gementibus

178 4999 194 5031 ⁸
240 4987 508 5061 (ἰεθικιιιῖτ
533 4995 585 5048 in
618 4987 795 5048 fronte
828 5010 840 5047 :
871 5007 1012 5044 nunc
1055 4998 1332 5058 portantes
1363 5002 1579 5061 crucem
1600 4987 1753 5061 Adit-i-

178 5069 195 5103 ⁸
243 5056 397 5117 ιῐῖιιεε
433 5060 708 5134 Signinum
737 5073 810 5117 est
841 5072 994 5126 nuper
1022 5056 1113 5134 nos
1137 5062 1307 5113 (unum
1338 5059 1509 5134 vultus
1534 5058 1629 5119 tui,
1654 5056 1757 5134 {)0-

180 5140 197 5172 ⁸
245 5137 398 5189 mine.
444 5130 531 5190 Bis
581 5139 631 5189 iit
687 5134 877 5189 Exodo
933 5133 1194 5199 legimus,
1253 5131 1604 5198 praecipiente
1657 5130 1759 5182 Do-

184 5210 199 5244 ⁸
248 5206 412 5272 mino,
443 5218 496 5261 et
524 5207 709 5278 Moyse
732 5211 899 5278 jussm
920 5203 1149 5278 faciente
1170 5212 1339 5278 ,_t:cto
1388 5201 1619 5254 vestium
1663 5214 1759 5269 ge~

184 5281 201 5313 ⁸
248 5290 376 5332 nera
424 5275 719 5333 Petttilicis.
774 5275 831 5330 ln
880 5275 1121 5329 Levitico
1169 5275 1236 5325 de
1283 5282 1492 5340 septem
1554 5281 1759 5324 tantum

183 5352 201 5386 ⁸
247 5351 507 5417 scripturn
554 5356 637 5404 est
673 5362 685 5400 :
728 5352 781 5401 ct
820 5347 1053 5401 refertur
1087 5344 1372 5417 quorm-alo
1405 5340 1761 5417 llovscsfra-

185 5421 202 5454 ⁸
250 5412 382 5473 trem
428 5432 585 5475 suum
637 5422 815 5474 Aaron
863 5416 967 5471 illis
1012 5415 1245 5469 induerit
1287 5433 1299 5467 :
1343 5414 1406 5465 de
1440 5412 1573 5465 solis
1612 5412 1767 5465 femi-

185 5494 203 5526 ⁸
251 5490 468 5544 nalthus
514 5491 645 5545 nihil
688 5490 883 5543 dicitur
927 5504 940 5539 :

988 5486 1119 5550 hac,
1167 5496 1221 5537 ut
1254 5486 1493 5538 arbitror
1517 5523 1530 5545 ,
1573 5496 1761 5549 causa,

189 5565 206 5599 ⁸
254 5562 395 5627 quod
450 5562 516 5616 ad
566 5561 829 5631 genitalia
868 5564 1096 5631 nostra,
1145 5568 1192 5609 et
1244 5559 1477 5631 verenda
1521 5553 1605 5608 lex
1658 5568 1765 5606 ttou

193 5636 211 5668 ⁸
256 5632 418 5686 mittit
448 5627 664 5685 manum
692 5647 706 5697 ;
740 5630 834 5685 sed
865 5627 967 5698 ipsi
994 5628 1534 5698 secretiorianostia,
1560 5634 1611 5678 et
1641 5638 1772 5678 con—

195 5708 212 5741 ⁸
257 5698 469 5757 fusione
499 5705 658 5773 digna
690 5697 910 5772 tegere,
952 5710 1005 5753 et
1035 5699 1218 5773 velare
1245 5697 1532 5773 (li-bemus,
1555 5702 1617 5773 rt
1645 5709 1775 5748 con-

198 5778 215 5810 ⁸
261 5766 932 5843 εοὶθιιιὶειπηἰιυιιίιειῙὶε.ιιρ
963 5770 1229 5843 seminum
1265 5768 1373 5822 Deo
1398 5766 1776 5843 judicireser-

199 5849 217 5901 i
266 5856 415 5911 vare.
477 5835 805 5913 lle-caneris
854 5840 1167 5915 virtutibus,
1220 5854 1273 5893 v.
1333 5854 1415 5909 gr.
1469 5835 1778 5907 sapientia,

1860 4652 1877 4685 ι
1926 4617 2123 4685 ineunt
2146 4617 2412 4699 przcl'iutn,
2443 4634 2497 4680 et
2518 4622 2799 4699 captivum
2833 4617 3038 4679 duc-unt
3067 4618 3252 4677 Israel.
3284 4617 3429 4699 itur-

1862 4723 1879 4755 t
1927 4694 2159 4771 sumque
2192 4704 2241 4753 in
2283 4698 2474 4753 eodem
2518 4694 2634 4751 loco
2667 4706 2957 4771 pugnatur,
2999 4708 3068 4749 ex
3106 4704 3231 4747 voto
3259 4694 3433 4745 victor

1864 4792 1883 4826 ι
1930 4766 2198 4838 vincitur,
2263 4771 2391 4823 victi
2440 4766 3192 4840 superatit,‘appellaturque
3233 4775 3433 4840 nomen

1865 4863 1883 4897 t
1929 4843 2030 4897 loci
2064 4832 2286 4907 Hormo,
2318 4840 2369 4894 id
2399 4832 2835 4901 esu—anathema:
2858 4832 3062 4891 Eadem
3096 4832 3277 4888 dicere
3302 4832 3437 4907 mihi

1866 4933 1883 4966 ι
1934 4930 2039 4967 non
2081 4924 2163 4967 est
2216 4900 2447 4981 pigrum,
2493 4900 2798 4981 legentibus
2846 4906 3233 4981 oecossaripm,
3291 4900 3435 4981 quod

1864 5006 1881 5038 ι
1930 5000 2147 5053 semper
2180 4972 2449 5053 humanus
2479 4972 2655 5053 statos
2686 4979 2739 5031 in
2762 4976 2933 5053 huius
2973 4974 3153 5028 saeculi
3176 4972 3269 5053 _via
3310 4973 3441 5053 fluo-

1866 5074 1885 5108 ι
1930 5042 2070 5122 txzet,
2120 5064 2177 5109 et
2222 5054 2361 5107 alius
2414 5046 2465 5103 lu
2514 5046 2675 5122 valle,
2726 5042 2871 5122 alius
2911 5045 2965 5099 in
3014 5043 3220 5122 campis
3249 5086 3263 5109 ,
3308 5042 3446 5122 alios

1868 5146 1887 5179 ι
1936 5115 2196 5181 moriatur
2246 5126 2297 5177 in
2339 5130 2554 5184 monte,
2609 5120 2659 5171 id
2710 5128 2813 5179 est,
2864 5119 2913 5169 in
2955 5115 3176 5169 excelso
3216 5115 3442 5167 vertice.

1872 5215 1891 5249 t
1938 5198 2182 5266 Cumque
2212 5210 2313 5248 nos
2346 5194 2439 5246 Dei
2468 5191 2673 5266 auxilio
2702 5189 2996 5266 destitutos
3028 5186 3203 5238 hestis
3235 5187 3449 5266 invase-

1876 5288 1893 5321 t
1944 5269 2035 5332 tit,
2058 5255 2379 5335 dhxeritque
2400 5262 2667 5335 captivos,
2690 5275 2793 5313 non
2817 5260 3168 5335 desperemus
3194 5255 3447 5335 salutem;

1879 5320 1897 5392 ί
1944 5320 2037 5393 sed
2070 5339 2262 5390 itcrtnn
2293 5320 2567 5389 armentur
2597 5320 2665 5385 ad
2706 5320 2995 5399 przeliuu'i._
3022 5320 3209 5399 Potest
3249 5324 3364 5399 ficri
3399 5334 3459 5376 ut

1882 5429 1897 5461 t
1948 5412 2247 5470 vincamus,
2301 5404 2390 5459 ubi
2436 5403 2563 5457 victi
2612 5396 2834 5461 l‘uimus,
2885 5408 2939 5453 et
2984 5396 3035 5470 io
3087 5396 3279 5452 eodem
3332 5396 3453 5449 loco

1873 5499 1891 5532 ι
1942 5469 2364 5547 triutnphemus,
2396 5469 3117 5547 ubi_fuimu<-antecaptivi.
3160 5487 3179 5520 ι
3296 5538 3307 5547 ι
3385 5535 3395 5547 _

1942 5554 1992 5605 '5.
2032 5538 2362 5617 lix-cpistola
2393 5546 2457 5599 ad
2492 5544 2816 5617 Principiam
2854 5540 3181 5617 Virgine-iu:
3224 5558 3242 5590 ι
3276 5538 3461 5617 ᾼιτῐη-

1877 5640 1895 5677 t
1944 5639 2057 5693 gere
2087 5609 2263 5693 gladio
2299 5630 2387 5672 tuo
2417 5633 2565 5689 super
2594 5609 3259 5693 [cnimtutiut‘fortissinte.
3301 5611 3461 5691 Istum

1883 5713 1901 5746 t
1944 5681 2185 5746 arbitror
2218 5699 2267 5744 te
2312 5681 2489 5743 locum
2538 5681 2739 5754 optime
2778 5683 3083 5754 intelligere
3111 5719 3125 5744 ,
3159 5692 3217 5754 ct
3256 5681 3462 5734 atcinc-

1887 5784 1904 5818 t
1954 5773 2060 5818 tam
2089 5761 2291 5816 Christi
2318 5761 2499 5830 gladio
2543 5753 2797 5830 militare.
2844 5753 2913 5830 Ut
2940 5753 3288 5830 :ttttctn__scias
3329 5767 3472 5806 τριη-

1889 5855 1906 5890 ‹
1958 5852 2053 5906 per
2084 5822 2450 5901 Virginitle!!!
2497 5827 2736 5896 gladium
2786 5824 2988 5882 habere
3025 5822 3295 5897 ρυάἰεὶιίιυ
3323 5862 3336 5887 ,
3383 5836 3478 5896 per
