3964 6346
517 327 654 381 1495

1270 325 1361 379 ΑΙ)
1402 323 1648 381 ΤΟΜυΜ
1690 323 1758 378 lll
1798 322 2085 378 OPERUM
2124 322 2183 377 S.
2231 320 2615 377 lllERONYMl
2655 320 3024 378 APPENDIX.

3674 315 3815 374 “96

519 461 540 494 ‹
587 459 748 513 quem
770 453 994 514 truncat
1022 458 1184 514 opera
1213 443 1418 509 carnis,
1452 453 1508 498 et
1531 453 1752 512 superat
1779 423 2106 513 voluptates,
2142 450 2182 504 Α
2222 462 2241 494 ‹
2287 459 2479 514 aquam
2515 443 2687 509 Siloe,
2720 459 2842 513 qua:
2873 443 3165 498 vaditcum
3187 443 3452 511 silentio;
3485 453 3543 499 et
3571 452 3813 502 veterem

521 534 542 567 ‹
589 513 808 583 gentilis
839 529 1058 583 quoque
1099 529 1255 569 error
1284 515 1417 568 deas
1461 515 1699 583 virgines
1732 514 1886 568 finxit
1933 529 2110 568 arma-

596 595 698 639 tas.
729 585 984 639 Aecinxit
1011 596 1065 639 et
1096 585 1288 640 Petrus
1316 585 1532 640 lumbos
1557 600 1707 653 suos,
1742 598 1796 640 et
1828 584 2107 639 ardentem

597 656 874 710 lucernam
927 656 1118 709 habuit
1151 657 1201 709 in
1237 656 1484 710 manibus
1514 656 1650 710 suis.
1698 697 1710 710 .
1757 696 1769 709 .
1818 694 1830 706 .
1877 693 1891 707 .
1925 655 2110 710 Gloria

596 741 726 797 ergo
757 735 813 780 et
842 727 1042 781 decore
1082 741 1181 780 suo
1204 767 1218 791 ,
1263 728 1376 781 sive
1405 728 1587 796 specie
1614 736 1670 780 et
1711 725 2112 797 pulchritudine

597 796 902 851 divinitatis
931 811 1042 852 suae
1069 801 1251 851 carnis
1277 813 1438 867 opera
1467 796 1804 852 mortificans
1824 839 1838 860 ,
1869 805 1924 850 et
1953 808 2112 851 natus

595 882 662 920 ex
716 867 956 950 Virgine,
1008 868 1206 923 futuris
1245 869 1545 939 virginibus
1593 867 1920 940 virginitatis
1960 867 2111 937 priu-

599 953 728 1006 ceps
759 938 881 994 fuit.
921 958 940 990 ι

595 1008 766 1081 LEX
792 1010 1116 1081 epistolaail
1137 1008 1465 1081 Cyprianum
1499 1011 1875 1081 presbyterum
1907 1027 1919 1060 :
1953 1028 1969 1060 ι
2011 1007 2115 1063 Do-

601 1080 758 1143 mine,
785 1079 1142 1134 habitaculum
1172 1079 1337 1150 factus
1369 1095 1422 1133 es
1453 1081 1597 1134 nobis
1621 1079 1678 1135 in
1703 1082 2040 1151 generatione
2067 1089 2115 1134 et

596 1153 940 1224 generatione.
972 1153 1321 1220 Septuaginta
1349 1167 1362 1202 :
1390 1151 1623 1224 Domine,
1656 1153 1914 1224 refugium
1947 1155 2115 1224 factus

600 1239 651 1273 ea
679 1222 857 1293 nobis,
901 1223 952 1276 in
985 1225 1124 1274 omni
1163 1221 1500 1293 generatione
1540 1233 1588 1275 et
1628 1221 1980 1291 generatione.
2012 1223 2115 1293 l’ro

606 1291 943 1347 habitatione
991 1303 1044 1346 et
1092 1291 1299 1362 refugio
1343 1292 1395 1345 iu
1441 1294 1724 1355 Ilebraico,
1767 1307 1908 1348 mon
1961 1291 2112 1360 poni-

605 1372 711 1427 tur,
765 1365 905 1434 qzzoJ
953 1366 1123 1432 magis
1177 1363 1574 1418 habitationem
1627 1379 1788 1434 quam
1848 1365 2113 1434 refugium

603 1443 778 1486 sonat.
813 1433 1149 1488 Narraturus
1178 1443 1359 1488 autem
1391 1435 1563 1488 tristia
1593 1478 1606 1501 ,
1639 1433 1694 1489 et
1723 1450 1892 1504 genus
1929 1433 2118 1501 deplo-

605 1513 825 1557 raturns
873 1505 1190 1569 humanum,
1244 1521 1273 1557 a
1323 1505 1720 1560 laudibus'Dei
1765 1504 1952 1568 incipit
1998 1521 2011 1556 :
2061 1512 2118 1556 ut

603 1575 862 1644 quidquid
897 1588 1080 1644 postea
1115 1575 1318 1628 homini
1349 1577 1548 1629 accidit
1575 1577 1930 1630 adversorum
1959 1615 1972 1637 ,
2011 1590 2114 1626 non

603 1648 875 1699 Creatoris
917 1646 1116 1699 duritia
1138 1687 1151 1708 ,
1186 1645 1280 1700 sed
1310 1645 1428 1712 ejus
1472 1647 1562 1715 qui
1605 1657 1821 1700 creatus
1852 1653 1936 1698 est
1961 1646 2116 1712 culpa

603 1716 868 1770 accidisse
899 1718 1166 1771 videatur.
1199 1718 1298 1781 Qui
1329 1717 1560 1771 sustinet
1582 1724 1956 1786 tempestatem
1976 1757 1989 1779 ,
2034 1717 2118 1769 vel

607 1797 792 1854 petrar,
842 1789 925 1842 vel
979 1791 1106 1842 tecti
1152 1787 1348 1856 quaerit
1398 1788 1690 1855 refugium.
1734 1787 1901 1853 Quem
1947 1787 2118 1840 hostis

608 1859 975 1926 persequitur,
1017 1858 1086 1911 ad
1135 1873 1319 1910 muros
1361 1858 1572 1911 urbium
1617 1857 1878 1928 confugit.
1922 1856 2120 1911 Fessus

616 1928 794 1981 viator
825 1939 933 1982 tam
965 1930 1078 1983 sole
1109 1944 1271 1998 quam
1302 1929 1550 1994 pulvere,
1585 1929 1791 1983 umbra:
1819 1929 2011 1996 qua-rit
2037 1944 2123 1982 so-

605 1998 815 2052 latium.
847 2000 906 2054 Si
931 2001 1230 2053 snvissima
1252 1999 1424 2052 bestia
1448 1999 1683 2054 boininis
1705 1999 2022 2068 sanguinein
2047 2001 2093 2053 si
2109 2031 2122 2042 -

608 2071 741 2130 tiat,
790 2072 937 2139 cupit
987 2079 1041 2123 et
1088 2070 1298 2135 nititur,
1363 2077 1655 2139 utcumque
1695 2071 1935 2138 poterit,
1986 2087 2124 2138 prte-

606 2155 733 2194 seus
776 2137 952 2196 vitare
994 2141 1309 2194 discrimen.
1363 2137 1438 2192 Ita
1479 2151 1534 2194 et
1572 2137 1740 2195 homo
1785 2156 1814 2193 a
1857 2142 2122 2209 principio

606 2210 936 2266 conditionis
980 2229 1092 2266 sua:
1131 2210 1244 2263 Deo
1286 2211 1455 2263 utitur
1485 2211 1730 2281 adjutore
1761 2229 1771 2263 :
1806 2220 2012 2265 etcum
2055 2213 2120 2265 il-

611 2282 713 2334 lius
745 2285 814 2334 sit
841 2283 1029 2352 gratia:
1058 2281 1200 2351 quod
1233 2291 1447 2335 creatus
1476 2293 1582 2347 est,
1625 2283 1883 2350 illiusque
1915 2283 2125 2337 miseri-

609 2352 812 2407 cordia:
839 2353 982 2423 quod
1024 2354 1271 2407 subsistit
1305 2360 1363 2405 et
1403 2353 1571 2418 vivit;
1611 2352 1740 2407 nihil
1775 2352 1901 2406 boui
1941 2355 2123 2422 operis

610 2438 772 2491 agere
805 2433 982 2492 potest
1009 2425 1212 2492 absque
1238 2436 1326 2486 eo,
1359 2425 1450 2492 qui
1481 2423 1556 2478 ita
1587 2424 1858 2478 concessit
1890 2424 2122 2478 liberum

610 2494 921 2561 arbitrium,
953 2506 1010 2548 ut
1037 2510 1187 2547 suam
1213 2507 1310 2562 per
1331 2495 1543 2563 singula
1570 2509 1734 2562 opera
1763 2494 1990 2562 gratiam
2017 2510 2122 2548 non

612 2576 839 2634 negaret
877 2584 889 2618 :
938 2582 1003 2620 ne
1032 2565 1259 2619 libertas
1288 2565 1502 2618 arbitrii
1536 2565 1869 2620 redundaret
1892 2565 1959 2618 ad
1987 2565 2127 2634 inju-

611 2637 746 2688 riam
794 2636 1137 2699 conditoris;
1187 2643 1240 2688 et
1287 2635 1354 2687 ad
1399 2637 1517 2704 ejus
1555 2638 1993 2702 contumaciam,
2033 2638 2124 2706 qui

614 2707 736 2761 ideo
767 2708 901 2760 liber
926 2706 1180 2761 conditus
1209 2715 1314 2768 eSt,
1347 2717 1405 2760 ιιι
1436 2708 1638 2776 absque
1681 2707 1790 2760 Deo
1832 2706 1964 2760 nihil
2005 2722 2126 2762 eSse

614 2793 674 2831 se
716 2780 950 2832 noverit.
995 2777 1150 2844 Quod
1195 2786 1376 2830 autem
1418 2777 1570 2842 dixit,
1615 2778 1672 2830 in
1710 2779 2034 2847 generatione
2079 2787 2128 2831 et

614 2851 966 2914 generatione,
1015 2848 1196 2903 omnia
1246 2847 1512 2915 signiﬁcat
1569 2856 1855 2916 tempora,
1903 2857 1959 2902 et
1997 2860 2127 2904 ante

619 2921 840 2988 Legem,
869 2930 925 2974 et
957 2923 1009 2973 in
1043 2920 1206 2984 Lege,
1238 2927 1298 2988 et,
1335 2920 1387 2972 in
1421 2918 1700 2988 Evangelii
1732 2921 1926 2988 gratia.
1976 2919 2129 2973 Unde

616 2997 672 3042 et
703 2986 1012 3058 'Apostolus
1049 2991 1180 3044 dicit
1213 3005 1225 3041 :
1258 2986 1442 3042 Gratia
1481 2986 1609 3044 salvi
1656 2986 1780 3058 facit
1807 2991 1924 3043 estis
1950 3007 2038 3060 per
2063 2991 2125 3060 ﬁ-

619 3060 756 3124 dem,
784 3072 830 3114 et
857 3059 953 3114 hoc
986 3077 1087 3114 non
1118 3075 1179 3114 ea:
1207 3061 1368 3122 vobis,
1401 3061 1492 3114 sed
1517 3077 1580 3115 ex
1610 3062 1744 3115 dono
1769 3060 1883 3112 Dei.
1919 3059 1985 3114 Et
2011 3059 2128 3115 om.

620 3144 717 3182 nes
763 3132 1010 3199 epistola:
1039 3133 1160 3199 ejus
1205 3132 1257 3185 in
1299 3132 1643 3186 salutationis
1675 3131 1974 3200 principio,
2020 3147 2124 3186 non

622 3269 773 3334 tiam,
797 3282 850 3324 et
880 3273 959 3325 sic
989 3286 1197 3340 pacem;
1230 3279 1306 3336 ut,
1332 3269 1547 3326 donatis
1570 3273 1726 3328 nobis
1751 3273 1988 3342 peccatis
2010 3269 2132 3329 nos-

622 3342 741 3404 tris,
769 3355 956 3410 pacem
991 3343 1201 3396 Domini
1229 3356 1647 3411 consequamur.

621 3411 674 3467 5.
711 3412 784 3466 Ex
809 3411 1115 3467 Comment.
1147 3413 1199 3466 in
1231 3427 1349 3480 cap.
1385 3429 1418 3467 x
1447 3416 1790 3469 Ecclesiastes
1820 3432 1831 3467 :
1866 3431 1885 3464 ι
1924 3413 2014 3468 Va:
2041 3415 2134 3468 tibi

622 3491 754 3536 terra
773 3526 787 3547 ,
838 3486 990 3554 cujus
1031 3499 1121 3537 rea:
1149 3482 1447 3538 adolescens
1467 3526 1481 3545 ,
1523 3495 1569 3538 et
1600 3485 1855 3554 principes
1884 3487 1958 3538 tui
1987 3504 2137 3541 mane

620 3553 912 3608 comedunt.
958 3553 1115 3628 Beata
1160 3562 1316 3628 terra,
1350 3558 1512 3628 cujus
1550 3553 1642 3610 rex
1672 3566 1792 3608 tuus
1821 3556 1962 3624 ﬁlius
1992 3559 2133 3628 inge-

620 3641 836 3677 nuorum
863 3668 876 3690 ,
924 3635 974 3680 et
1001 3625 1258 3696 principes
1285 3625 1360 3677 tui
1392 3625 1446 3697 in
1474 3634 1698 3697 tempore
1723 3630 1991 3679 rontcdunt
2023 3625 2135 3692 {in

614 3697 920 3764 fortitudine
945 3738 958 3761 ,
989 3707 1036 3749 et
1068 3712 1167 3749 non
1209 3697 1262 3748 in
1292 3696 1619 3766 confusione.
1659 3696 1886 3751 Videtur
1916 3699 2132 3766 quidem

621 3768 914 3838 reprobare
936 3769 1199 3834 juvenum
1225 3767 1608 3835 principatum,
1642 3777 1698 3822 et
1725 3769 2030 3824 luxuriosos
2050 3769 2137 3838 ju-

621 3836 769 3892 dices
813 3841 1220 3901 condemnare;
1271 3840 1414 3905 quod
1457 3839 1509 3892 in
1556 3841 1730 3894 altero
1779 3854 1872 3909 per
1922 3836 2133 3894 aetatem

618 3909 687 3960 sit
719 3909 929 3962 infirma
960 3909 1250 3977 sapientia,
1287 3910 1342 3962 in
1376 3909 1498 3964 aliis
1545 3911 1710 3965 etiam
1751 3919 1962 3964 matura
2004 3925 2137 3964 aetas

618 3978 833 4051 deliciis
863 3993 1177 4034 encrvetur.
1224 3981 1292 4034 Et
1329 3984 1641 4035 econtrario
1685 3982 1982 4051 principem
2015 3997 2137 4051 pro-

620 4049 746 4104 bare
777 4051 934 4104 bonis
967 4051 1230 4116 moribus,
1273 4061 1325 4105 et
1359 4051 1662 4107 liberaliter
1687 4049 2051 4118 institutum;
2083 4062 2139 4106 et

619 4135 712 4175 eos
731 4123 942 4190 judices
965 4121 1285 4191 praedicare,
1319 4122 1410 4191 qui
1434 4137 1772 4192 nequaquam
1804 4125 2136 4192 voluptatein

618 4193 852 4264 negotiis
881 4192 1078 4264 civium
1114 4193 1449 4259 praeferant;
1484 4193 1579 4247 sed
1611 4204 1733 4264 post
1784 4195 2011 4248 multum
2057 4196 2134 4247 la-

617 4263 801 4316 borem
835 4275 887 4318 et
920 4263 1454 4317 administrationem
1479 4263 1814 4333 reipublicm,
1848 4266 2028 4321 eibum
2057 4281 2140 4320 ca-

617 4349 746 4401 pere
772 4335 926 4402 quasi
957 4335 1289 4389 necessitate
1319 4344 1605 4402 cogantur.
1652 4335 1852 4390 Verum
1886 4337 2018 4391 mihi
2054 4352 2141 4390 sa-

550 4420 570 4447 ι
608 4407 810 4476 cratius
839 4405 964 4471 quid
997 4405 1169 4476 latere
1197 4405 1412 4459 videtur
1439 4406 1492 4460 in
1525 4406 1702 4460 littera
1748 4425 1758 4460 :
1807 4408 1949 4476 quod
1985 4408 2142 4476 juve-

551 4491 571 4523 ι
620 4488 716 4545 nes
747 4475 994 4528 dicantur
1023 4475 1077 4528 in
1101 4476 1402 4544 Scriptura,
1432 4478 1526 4545 qui
1555 4493 1585 4531 a
1612 4478 1786 4531 veteri
1813 4475 2140 4532 auctoritate

552 4561 573 4596 ι
617 4543 967 4608 desciscunt,
1009 4556 1068 4617 et
1110 4543 1242 4600 cana
1314 4543 1585 4617 princ—cpta
1655 4558 1935 4617 parentum
2002 4565 2138 4602 enn-

547 4631 568 4664 ι
618 4621 864 4668 temnunt
883 4631 898 4680 ;
917 4616 1044 4686 qui,
1071 4617 1320 4686 neglecto
1338 4616 1436 4671 Dei
1459 4616 1736 4679 mandato.
1765 4621 1992 4686 cupiunt
2019 4631 2128 4672 sta-

551 4703 571 4735 t
620 4693 773 4757 tuere
807 4685 1134 4757 traditiones
1151 4685 1469 4741 hominum.
1505 4690 1580 4743 De
1606 4689 1802 4757 quibus
1834 4685 1888 4743 et
1919 4691 1970 4743 in
1999 4689 2133 4742 Isaia

552 4774 570 4806 ι
619 4755 803 4810 lsraeli
843 4756 1104 4810 Dominus
1145 4759 1548 4822 comminatur;
1597 4755 1662 4813 eo
1707 4759 1850 4827 quod
1901 4761 2138 4815 noluerit

532 1099 550 1129 1

531 1170 550 1200 1

531 1239 551 1270 1

533 1310 553 1342 1

531 1380 551 1412 1

533 1451 554 1482 1

535 1524 554 1554 1

536 1593 554 1623 1

536 1665 554 1694 1

537 1736 556 1767 1

536 1804 556 1836 1

539 1875 558 1907 1

543 1947 561 1978 1

538 2016 557 2048 1

540 2087 558 2119 1

537 2158 557 2188 1

539 2226 559 2258 1

541 2298 560 2330 1

539 2370 558 2400 1

543 2440 563 2472 1

542 2511 561 2544 1

543 2582 562 2615 1

545 2653 564 2685 1

546 2725 564 2755 1

547 2794 566 2826 1

547 2864 567 2896 1

549 2934 569 2967 1

549 3004 569 3037 1

551 3075 570 3109 1

553 3147 571 3179 1

549 3219 572 3251 1

551 3287 570 3321 1

553 3359 573 3392 1

2221 532 2239 566 ι
2288 516 2550 585 piscinam
2581 514 2867 577 averterit,
2901 514 3108 584 eligens
3139 515 3241 571 sibi
3271 515 3474 571 fluenta
3505 516 3773 572 Samaria
3797 558 3814 583 ,

2221 603 2239 636 ι
2287 587 2629 658 etgurgites
2683 585 3069 658 [)amasciarEt
3118 587 3290 649 dabo,
3347 588 3554 658 inquit,
3595 591 3815 658 juvene:

2221 673 2240 706 ι
2289 657 2544 727 principes
2578 672 2772 710 .eorum
2799 697 2826 727 ,ν
2865 665 2911 708 et
2969 657 3207 710 illusores
3261 657 3675 712 dominabuntur
3721 659 3815 713 eis.

2221 743 2240 778 ς
2287 728 2430 796 Lege
2461 726 2672 787 Daniel.
2705 737 2761 781 et
2787 726 3066 780 Vetustum
3100 728 3309 782 dierum
3341 729 3588 783 invenies
3623 730 3817 783 Deum.

2225 815 2244 849 α
2291 799 2432 867 Lege
2481 799 2867 868 Apocalypsim
2917 798 3176 857 Joannis.
3223 806 3278 853 et
3304 809 3470 868 caput
3508 798 3817 854 Salvatoris

2223 885 2242 919 t
2289 869 2578 940 candidum
2613 879 2668 920 iit
2713 868 2890 921 nit-cm
2919 912 2932 935 ,
2977 879 3029 923 et
3052 870 3205 936 quasi
3236 871 3412 924 lanam
3441 869 3620 924 albam
3663 884 3825 940 repe-

2224 956 2242 990 ‹
2291 940 2415 993 ries.
2447 939 2715 1010 .leremias
2745 955 2983 1008 quoque,
3015 941 3138 1010 quia
3182 940 3400 1008 sapiens
3429 948 3574 1004 erat,
3595 949 3656 995 et
3694 939 3820 995 cani

2225 1027 2242 1058 ε
2292 1012 2407 1079 ejus
2451 1010 2501 1062 iii
2535 1009 2802 1077 sapientia
2836 1009 3248 1080 ri-putabantur,
3294 1011 3618 1078 prohibetur
3655 1010 3823 1080 juve-

2225 1098 2243 1131 ι
2293 1097 2413 1135 nem
2446 1096 2568 1134 esse
2595 1095 2655 1134 se
2683 1079 2886 1151 dicere.
2922 1081 3011 1134 Va:
3042 1096 3172 1149 ergo
3203 1092 3383 1146 terrae,
3416 1082 3577 1151 cujus
3607 1079 3710 1136 rex
3738 1091 3824 1136 est

2226 1168 2245 1202 ι
2293 1152 2570 1215 diabolus,
2605 1149 2699 1218 qui
2740 1166 2956 1219 semper
3002 1167 3262 1205 novarum
3306 1149 3496 1207 rerum
3541 1152 3820 1221 cupidus,

2226 1239 2244 1272 ‹
2290 1223 2452 1276 etiam
2481 1221 2534 1275 iu
2569 1221 2866 1275 Abessalon
2908 1221 3166 1276 adversus
3209 1233 3488 1291 parentem
3537 1223 3818 1284 rebellat;

2227 1310 2245 1343 ‹
2291 1307 2413 1362 quze
2436 1292 2650 1362 juilices
2673 1302 2725 1345 et
2751 1294 3020 1359 principes
3044 1308 3140 1347 eos
3164 1293 3350 1360 habet,
3376 1294 3470 1362 qui
3502 1303 3697 1348 ament
3723 1292 3822 1345 hu-

2227 1380 2245 1414 ι
2289 1365 2378 1433 jus
2409 1364 2591 1417 steculi
2627 1364 2934 1431 voluptates
2956 1406 2971 1428 ,
3014 1363 3104 1431 qui
3135 1375 3424 1432 antequam
3459 1363 3576 1418 dies
3619 1362 3819 1417 mortis

2227 1450 2244 1482 ‹
2292 1434 2562 1497 adveniat,
2591 1433 2782 1487 dicunt
2809 1451 2821 1489 :
2853 1433 3258 1498 Manducemus,
3288 1444 3344 1489 et
3380 1435 3674 1498 bibamus;
3701 1447 3823 1488 cras

2227 1522 2246 1555 ι
2293 1510 2436 1558 cnim
2491 1505 2805 1559 moriemur.
2859 1505 3096 1558 Econtra
3129 1505 3285 1559 beata
3324 1516 3467 1560 terra
3515 1504 3818 1565 Ecclesiae.

2228 1592 2246 1624 ι
2294 1576 2450 1646 cujus
2495 1591 2588 1629 rex
2640 1583 2731 1646 est
2770 1575 3021 1629 Cltrisms
3059 1576 3234 1629 Filius
3289 1578 3652 1646 ingenuorum
3683 1619 3697 1640 ,
3753 1574 3822 1628 de

2228 1661 2245 1694 ι
2295 1645 2566 1701 Abraham
2600 1687 2613 1708 ,
2669 1645 2817 1700 Isaac
2857 1656 2913 1700 et
2973 1646 3140 1700 Jacob
3168 1687 3181 1709 ,
3234 1646 3634 1715 Prophetarum
3661 1660 3824 1715 quo-

2229 1734 2248 1768 ‹
2293 1733 2399 1786 que
2451 1727 2506 1772 et
2550 1717 2876 1772 Sanctorum
2927 1716 3167 1770 omnium
3211 1714 3383 1787 stirpe
3425 1714 3820 1787 descendens,

2230 1804 2249 1836 ι
2296 1788 2489 1857 quibus
2550 1796 2829 1856 peccatum
2893 1803 2996 1841 non
3060 1787 3158 1840 fuit
3218 1786 3609 1850 dominatum;
3652 1797 3711 1840 el.
3753 1786 3821 1857 ob

2235 1875 2253 1909 ›
2292 1856 2343 1912 id
2368 1873 2494 1912 vero
2517 1859 2733 1912 fuerunt
2761 1859 2939 1912 liberi.
2970 1859 3045 1911 litt
3073 1859 3269 1928 quibus
3299 1868 3419 1912 nata
3454 1858 3732 1926 estVirgo
3759 1856 3822 1910 li-

2236 1949 2254 1980 i
2295 1931 2475 1984 berior
2505 1939 2690 1982 sancta
2718 1930 2908 1994 Maria,
2928 1930 3131 1982 nullum
3158 1930 3363 1983 habens
3391 1929 3679 1990 fruticem,
3707 1928 3825 1980 nul-

2233 2018 2250 2050 ‹
2293 2001 2403 2054 lum
2426 2015 2649 2068 germen
2684 2015 2748 2053 ex
2776 2001 2943 2054 latere
2978 2019 2990 2054 :
3027 1999 3123 2054 sed
3149 2009 3292 2054 totus
3318 1999 3528 2054 fructus
3553 1999 3677 2065 ejus
3702 2012 3825 2051 cru-

2234 2089 2253 2122 ι
2293 2073 2368 2140 pit
2395 2067 2446 2126 in
2477 2071 2668 2124 florem
2690 2111 2704 2135 ,
2753 2071 3066 2140 loquentem
3092 2072 3144 2124 in
3172 2070 3400 2125 Cantico
3424 2067 3780 2124 Canticorum
3807 2084 3824 2123 :

2235 2160 2252 2193 ι
2290 2140 2403 2211 Ego
2458 2143 2554 2212 ﬂos
2605 2143 2810 2210 campi,
2847 2151 2893 2195 et
2923 2140 3093 2194 lilium
3145 2141 3482 2195 convallium.
3535 2140 3822 2212 Principes

2233 2229 2251 2262 ι
2290 2209 2504 2282 quoque
2531 2212 2648 2280 ejus
2677 2209 2803 2267 sunt
2833 2215 3072 2280 Apostoli
3100 2253 3115 2278 ,
3163 2221 3436 2268 etomnes
3461 2212 3649 2282 sancti
3674 2250 3689 2274 ,
3729 2209 3823 2278 qui

2233 2300 2251 2332 ι
2290 2281 2472 2353 regem
2508 2283 2709 2337 habent
2740 2283 2910 2336 filittm
2958 2284 3320 2352 ingenuorum
3343 2328 3358 2349 ,
3386 2283 3562 2336 filium
3597 2281 3822 2344 liberae,

2233 2371 2253 2403 ι
2294 2371 2398 2407 non
2422 2354 2492 2408 de
2520 2354 2716 2408 ancilla
2744 2353 2910 2423 Agar,
2965 2354 3060 2408 sed
3088 2353 3156 2408 de
3186 2353 3337 2410 Sarze
3370 2354 3626 2408 libertate
3655 2365 3818 2423 gene-

2233 2440 2251 2474 t
2293 2433 2491 2479 ratum.
2527 2423 2635 2478 Nec
2662 2420 2955 2479 comedunt
2983 2439 3170 2487 mane,
3222 2439 3322 2479 nec
3370 2420 3676 2478 velociter.
3703 2420 3821 2474 Non

2235 2511 2254 2544 ι
2294 2499 2439 2550 enim
2489 2497 2540 2548 in
2576 2494 2829 2565 praesenti
2887 2496 3087 2548 smculo
3127 2504 3380 2564 quzerunt
3431 2494 3819 2565 voluptatem:

2236 2584 2253 2616 ι
2293 2567 2387 2620 sed
2410 2563 2658 2632 tempore
2708 2581 2808 2619 suo
2861 2563 3262 2620 manducabunt
3286 2606 3300 2628 ,
3340 2581 3468 2619 cum
3501 2563 3829 2618 retributio-

2235 2654 2253 2688 ‹
2295 2636 2377 2690 nis
2403 2647 2616 2706 tempus
2643 2637 2931 2690 advenerit
2958 2655 2971 2689 :
3003 2646 3058 2690 et
3089 2636 3499 2691 manducabunt
3519 2635 3574 2688 in
3603 2633 3823 2688 fortitu-

2235 2724 2253 2757 ι
2293 2707 2440 2771 dine,
2472 2720 2526 2761 et
2554 2724 2660 2762 non
2690 2707 2744 2760 in
2768 2707 3113 2761 confusione.
3145 2707 3320 2762 Omne
3343 2707 3548 2761 bonum
3578 2719 3824 2774 praesen-

2235 2795 2254 2828 σ
2296 2780 2361 2832 tis
2388 2780 2571 2832 sreculi
2599 2779 2850 2833 confusio
2872 2790 2954 2832 est
2979 2795 2992 2841 ;
3026 2777 3214 2839 futuri,
3240 2786 3500 2847 perpetua
3531 2774 3818 2847 fortitudo.

2235 2865 2254 2898 ‹
2293 2849 2422 2904 'l‘ale
2450 2851 2579 2920 quid
2607 2859 2662 2902 et
2689 2849 2741 2902 in
2793 2848 2928 2902 Isaia
2973 2849 3176 2903 dicitur
3207 2846 3406 2920 {Ecce
3449 2847 3542 2920 qui
3583 2846 3822 2920 serviunt

2236 2935 2254 2970 (
2289 2920 2439 2984 milii,
2460 2917 2876 2982 inanducabnnt;
2898 2936 2981 2972 vos
3003 2929 3174 2973 autem
3202 2917 3470 2972 esurietis.’
3497 2918 3564 2972 Et
3583 2917 3775 2970 iterum
3805 2930 3820 2967 :

2235 3006 2254 3038 t
2294 2988 2430 3045 Ecce
2475 2993 2564 3058 qui
2591 2992 2816 3045 serviunt
2848 2990 2995 3056 mihi,
3040 2989 3351 3044 (relabuntur
3373 3006 3394 3055 ;
3423 3005 3512 3043 vos
3535 2995 3709 3042 autem
3730 3002 3823 3058 pu-

2236 3077 2254 3110 t
2293 3061 2454 3116 debit.

2309 3151 2329 3184 ‹
2371 3133 2434 3185 In
2466 3133 2688 3205 pigritiis
2715 3133 3075 3205 humiliabitur
3104 3131 3464 3205 contignatio;
3515 3137 3565 3184 et
3591 3128 3659 3182 in
3677 3126 3814 3197 inﬁr-

619 3201 768 3272 prius
792 3216 977 3268 pacem
1011 3203 1300 3267 tiabent,et
1329 3203 1409 3256 sic
1440 3202 1703 3272 gratiam;
1735 3202 1831 3256 sed
1861 3212 1986 3256 ante
2014 3219 2131 3271 gra-
2161 3205 2206 3267 C
2244 3220 2263 3254 ‹
2300 3201 2478 3257 mitate
2502 3201 2744 3257 manuum
2773 3202 2985 3256 stillabit
3012 3205 3214 3256 domus.
3239 3202 3445 3272 Domus
3466 3209 3677 3272 nostra,
3707 3211 3818 3267 qua:

2243 3291 2264 3326 ‹
2301 3289 2423 3329 cum
2451 3284 2592 3328 statu
2644 3273 2882 3328 hominis
2901 3283 3080 3328 erecta
3121 3282 3225 3334 cst,
3257 3283 3313 3327 et
3347 3271 3640 3333 habitatio,
3668 3283 3818 3337 quam

2243 3362 2263 3395 ι
2303 3346 2564 3400 habemus
2597 3345 2647 3398 in
2679 3345 2833 3399 cwlis
2865 3383 2882 3406 ,
2933 3344 2979 3398 si
3021 3345 3160 3414 pigri
3213 3356 3405 3414 sumus
3433 3383 3449 3408 ,
3494 3351 3549 3395 et
3587 3340 3656 3395 ad
3686 3340 3822 3414 bona

2243 3433 2262 3466 ι
2300 3431 2463 3481 onera
2494 3416 2785 3480 tardiores,
2810 3412 3214 3468 huiniliabitur.
3249 3413 3320 3467 Et
3346 3414 3528 3467 omnis
3551 3412 3824 3480 cantigna-

2245 3503 2264 3537 ι
2301 3488 2375 3540 tio
2400 3502 2519 3554 qua:
2548 3486 2711 3541 debet
2739 3486 2953 3540 culmen
2983 3494 3200 3554 portare
3227 3484 3279 3539 in
3323 3483 3562 3538 sublime
3583 3524 3596 3544 ,
3626 3481 3823 3554 adter-

2244 3574 2263 3608 ι
2305 3551 2428 3612 ram'
2450 3573 2717 3612 corruens
2745 3551 3108 3610 habitatorem
3151 3569 3310 3609 suum
3352 3554 3639 3623 opprimit.
3669 3551 3825 3623 Cum-

2245 3645 2264 3680 ι
2303 3643 2410 3697 que
2464 3627 2734 3682 auxilium
2793 3643 3048 3680 manuum
3102 3621 3473 3694 virtutumque
3521 3621 3822 3697 torpuerit,

2246 3716 2263 3748 i
2303 3693 2493 3752 oumes
2522 3699 2762 3766 desuper
2803 3708 3158 3768 tempestates
3178 3739 3192 3761 ,
3227 3705 3283 3768 et
3307 3693 3622 3768 nimborum
3651 3693 3715 3746 ad
3737 3704 3824 3768 nos

2245 3787 2264 3819 ι
2307 3770 2464 3823 turbo
2506 3764 2834 3838 prorumpit.
2866 3764 3032 3822 Porro
3065 3768 3207 3834 quod
3243 3767 3295 3820 in
3341 3766 3565 3838 homi_ne
3591 3780 3722 3838 Διιηο
3752 3764 3824 3816 iti-

2245 3857 2264 3890 ¢
2305 3834 2586 3914 terpretati
2606 3834 2822 3914 sumus,
2848 3840 3052 3914 melius
3077 3847 3256 3914 potest
3281 3852 3450 3914 super
3477 3834 3721 3914 Ecclesia
3739 3847 3825 3914 ac-

2246 3927 2264 3960 t
2303 3907 2408 3976 cipi
2431 3930 2443 3968 :
2474 3911 2617 3979 quod
2640 3926 2736 3978 per
2760 3907 3146 3980 negligentiam
3170 3907 3699 3980 principum,omnis
3720 3907 3825 3980 ejus

2247 4000 2266 4032 ε
2304 3976 2529 4037 corruat
2550 3976 2786 4034 altitudo
2816 3976 2924 4034 :‘ct'
2957 3981 3028 4034 ibi
3063 3976 3318 4034 vitiorum
3350 3976 3653 4033 ‘illecebra:
3690 3976 3824 4038 sint,

2248 4071 2266 4103 ι
2305 4054 2396 4108 ubi
2429 4064 2643 4121 tegmen
2674 4052 2967 4121 putabatur
2990 4066 3114 4106 esse
3135 4053 3416 4121 virtutum.
3451 4067 3472 4100 ι

2320 4117 2599 4196 Ηίιιθξνυιιι
2623 4117 2896 4191 ιιὶξϐιιψιει,
2921 4123 3116 4189 quibus
3143 4122 3210 4175 ad
3263 4119 3558 4196 lectionem
3590 4117 3826 4196 Opuscu-

2245 4195 2420 4249 larum
2447 4195 2762 4263 llieronynii
2785 4188 3094 4256 provocare
3113 4202 3167 4246 te
3188 4191 3546 4257 volui,lector
3563 4188 3827 4263 studiose;

2243 4275 2394 4319 ratus
2419 4265 2473 4319 in
2512 4266 2618 4319 illis
2644 4257 2750 4318 non
2781 4264 3138 4317 Rabbinicam
3188 4272 3243 4318 et
3274 4274 3608 4331 exsanguem
3653 4257 3829 4331 erudi-

2246 4339 2445 4389 tionem
2495 4348 2545 4390 te
2588 4346 2934 4404 reperturum
2961 4379 2975 4401 ,
3006 4334 3100 4387 sed
3158 4330 3477 4404 uberrimos,
3515 4330 3738 4404 pietatis
3782 4334 3831 4382 et

2244 4407 2526 4475 religionis
2555 4401 2885 4460 ChriSIianze
2917 4405 3131 4458 fructus
3152 4420 3218 4458 ex
3249 4418 3441 4475 eorum
3463 4401 3705 4475 lectione
3723 4413 3835 4475 per-

2245 4471 2555 4545 ceptarum.
2588 4477 2834 4544 Denique
2866 4491 3024 4545 nemo
3054 4477 3283 4529 miretur
3310 4473 3359 4528 si
3383 4472 3511 4545 quid
3537 4471 3672 4525 mihi
3699 4471 3836 4524 exci-

2245 4543 2387 4602 derit
2419 4553 2470 4601 in
2509 4557 2651 4600 tanta
2684 4543 2904 4616 tamque
2931 4543 3137 4600 difficili
3170 4545 3417 4616 editione
3443 4543 3689 4616 Operum
3715 4554 3834 4594 san-

2243 4621 2314 4672 cti
2350 4618 2696 4689 Hieronymi;
2726 4613 2874 4672 solus
2904 4617 3047 4689 enim
3079 4628 3132 4689 et
3157 4615 3366 4689 nullius
3387 4613 3597 4668 auxilio
3624 4624 3832 4689 recrea-

2247 4700 2330 4742 tus
2393 4684 2846 4744 linne'laborem
2918 4686 3188 4742 Herculeo
3243 4686 3508 4756 majorem
3563 4684 3831 4739 sustinere

2245 4761 2560 4829 compulsus
2592 4775 2736 4814 sum.

577 5022 1526 5109 COMMENTARIUS
1578 5026 1701 5107 IN
1754 5026 2214 5109 LIBRUM
2267 5026 2845 5111 NOMINUM
2909 4979 3819 5112 HEBRAICORUM.

610 5315 668 5369 in
711 5315 939 5370 edendis
982 5314 1142 5370 hodie
1167 5324 1482 5370 sanctorum
1521 5315 1747 5370 Patrum
1772 5358 1786 5381 ,
1840 5315 2148 5371 aliorumve

539 5385 885 5455 Scriptorum
932 5387 1221 5453 Opusculis
1263 5400 1326 5440 ac
1363 5387 1823 5456 syntagmatibus,
1871 5388 1953 5442 sic
1991 5387 2150 5442 nobis

540 5472 672 5513 usus
700 5466 803 5522 est,
857 5467 914 5509 ut
947 5457 1184 5525 perfecta
1216 5459 1600 5526 coinpletaque
1654 5457 1897 5510 editione
1923 5468 2150 5512 contex-

539 5537 712 5593 tuum,
744 5529 1092 5598 praefationes
1115 5529 1282 5584 totius
1303 5527 1486 5596 operis
1511 5527 1748 5598 przeviaz,
1776 5542 1871 5581 seu
1897 5528 2144 5597 prolego-

539 5615 694 5654 mena
731 5598 1056 5653 universalia
1093 5598 1340 5653 ultimum
1364 5599 1528 5666 praelo
1556 5597 1952 5666 subjiciuntur;
1984 5607 2146 5664 atque

537 5669 701 5738 capiti
731 5670 1022 5724 voluminis
1066 5671 1223 5740 quasi
1251 5667 1630 5738 componendo
1657 5679 1902 5740 extrema
1953 5683 2144 5722 manus

539 5740 872 5810 imponatur.
907 5740 985 5793 Ex
1008 5738 1333 5810 ea’recepta
1352 5741 1512 5810 modo
1539 5739 1704 5810 apud
1728 5738 1993 5810 librorum
2024 5740 2142 5810 edi-_

540 5805 686 5862 t'oros
736 5805 1129 5866 consuetudine
1183 5805 1267 5867 vel
1323 5809 1425 5866 hoc
1476 5805 1877 5866 incommodum
1936 5807 2140 5879 sat-pius

2256 5329 2538 5385 emergere
2552 5311 2905 5384 potest,quod
2920 5311 3047 5385 dum
3062 5320 3255 5367 auctor
3276 5313 3552 5384 inceptum
3568 5328 3723 5370 nova:
3735 5314 3832 5369 edi-

2260 5384 2430 5441 tionis’
2451 5387 2697 5440 decurrit
2728 5385 2992 5456 laborent,
3023 5384 3140 5451 ipse
3163 5393 3394 5456 mortem
3422 5394 3648 5456 oppetat
3671 5385 3832 5454 prius-

2254 5473 2414 5526 quam
2455 5456 2803 5528 aggrediatur
2831 5455 2897 5508 ad
2946 5454 3423 5528 communiendam
3463 5454 3649 5526 aliqua
3682 5471 3829 5528 gene-

2255 5525 2353 5582 rali
2389 5525 2704 5596 praefatione
2752 5526 2900 5578 illam
2939 5525 3278 5596 editionem;
3332 5525 3706 5596 foetoremque
3733 5539 3830 5582 stu-

2253 5594 2466 5653 diosum
2498 5595 2950 5667 commonefaciat
2978 5594 3047 5667 de
3078 5597 3263 5667 multis
3291 5610 3322 5650 a
3347 5610 3408 5651 se
3425 5594 3686 5667 gnaviter
3714 5613 3832 5667 prae-

2249 5670 2414 5734 stitis,
2433 5683 2662 5738 quorum
2684 5666 2871 5720 notitia
2894 5665 3088 5738 abalio
3113 5666 3386 5738 scriptore
3409 5665 3568 5722 nobis
3595 5665 3829 5736 deinceps

2252 5735 2473 5810 minime
2502 5738 2798 5810 aperienda
2819 5735 3094 5810 _est._liuic
3122 5751 3223 5806 ego
3243 5737 3613 5810 laudabilium
3640 5735 3829 5794 studius

2249 5804 2367 5866 rum
2391 5803 2920 5866 discrlniinlobviam
2937 5807 3015 5862 ire
3034 5803 3378 5878 percupiens,
3404 5809 3606 5866 librum
3631 5811 3830 5868 llcbraii
