3962 6312
478 194 618 253 1519

1235 194 1329 249 AD
1368 190 1611 248 TOMUM
1652 190 1721 247 lll
1759 190 2048 249 OPERUM
2089 193 2147 250 S.
2190 190 2576 248 lllEHONYMI
2616 189 2987 247 APPENDIX.

3647 188 3790 247 {520

483 329 503 362 ι
552 323 737 364 verum
788 306 1073 370 dicerent,
1106 306 1151 360 si
1180 314 1326 361 esset
1373 306 1459 359 ain
1510 307 1765 376 positum.
1816 306 2069 362 Nonnulli
2099 308 2150 369 Α
2181 307 2586 363 characteribus
2615 307 2858 362 Hebraeis
2888 306 3228 375 scripserint,
3258 319 3383 375 qua:
3423 304 3791 374 Hieronymus

482 400 504 434 ι
552 381 828 443 foramen;
862 380 1002 448 quod
1035 385 1230 448 posset
1249 378 1452 447 accipi,
1487 378 1531 431 si
1563 378 1680 432 lieth
1709 378 1933 433 haberet
1960 379 2071 433 ele-

482 468 503 505 c
552 462 816 506 mentum.
847 447 983 505 Cum
1013 458 1193 503 autem
1224 447 1436 517 legatur
1466 464 1562 518 per
1589 447 1683 515 he,
1719 454 1892 519 magis
1916 464 2071 504 mons

484 542 506 577 ι
552 522 900 591 intelligitur,
927 530 982 575 et
1010 521 1111 589 legi
1143 528 1361 591 potest:
1389 519 1649 574 Ascendit
1678 520 1858 574 Aaron
1891 535 2073 575 sacer-

486 613 505 647 (
551 595 649 648 dos
680 590 1262 662 iii’montisrniontem,
1289 590 1340 644 id
1371 599 1478 655 est,
1508 592 1560 645 in
1593 593 1847 646 verticem
1880 592 2017 662 ejus.
2047 611 2066 643 i

476 665 833 733 Septuaginta
869 661 1107 733 denique
1136 660 1475 733 lnterpretes
1500 662 1698 716 acriter
1728 660 1977 733 coarguit
2003 665 2073 716 ob

476 732 705 789 inuitata,
734 735 901 789 verba
951 732 1255 795 Hebraica;
1293 747 1414 785 nam
1466 732 1562 787 lib.
1607 748 1721 794 xu,
1768 732 1986 788 Comm.
2019 733 2071 788 iii

477 808 680 862 Ezecli.
726 822 847 873 cap.
884 820 939 859 xi
981 806 1053 857 ita
1092 803 1290 859 docet:
1320 822 1339 855 ι
1376 801 1583 856 Talami
1611 812 1792 859 autem
1816 845 1831 870 ,
1862 806 2070 874 inquit,

484 896 503 930 ι
550 880 666 933 sive
689 885 747 931 ut
763 875 906 931 LXX
932 889 1162 944 posuere
1180 874 1305 929 thau
1327 873 1415 928 vel
1440 874 1562 929 thee
1593 875 1887 942 (vertentes
1912 873 2076 945 atque

484 967 504 1001 ι
552 958 826 1004 mutantes
871 962 964 1016 per
990 946 1204 1014 singula
1248 947 1385 1007 loca,
1420 955 1480 998 ut
1520 945 1829 1011 voluerunt,
1857 951 2072 1001 nomina

485 1039 505 1071 ε
558 1018 844 1090 Hebraica)
876 1016 1455 1090 sexicubitoruintetc.
1484 1034 1502 1067 i
1539 1016 1902 1090 occasionum
1931 1017 2075 1072 haud

473 1092 661 1161 segnis
690 1086 833 1145 cuni'
857 1091 937 1143 sic
968 1088 1227 1161 fuerit_in
1259 1086 1643 1161 redarguendo
1672 1087 2036 1161 Hieronymus
2058 1130 2072 1153 ,

477 1158 601 1217 sine
631 1162 828 1231 injuria
853 1161 921 1215 de
947 1174 1014 1214 eo
1037 1158 1182 1214 credi
1215 1159 1437 1213 minime
1463 1158 1665 1229 potuit,
1690 1160 1833 1228 quod
1872 1158 2079 1215 temere

474 1233 552 1287 illi
582 1230 804 1288 ascribit
830 1231 1074 1286 historia:
1105 1230 1312 1283 critica:
1342 1243 1573 1298 parens,
1600 1240 1837 1284 mutasse
1868 1230 2079 1286 scilicet

479 1305 751 1361 elementa
779 1303 1043 1356 llebraica
1068 1300 1461 1363 indifferenter,
1496 1311 1550 1355 et
1576 1302 1731 1370 quasi
1756 1300 1883 1371 jure
1907 1305 2079 1357 victo-

476 1375 557 1431 ris
587 1377 798 1445 captiva
831 1372 1055 1428 duxisse
1084 1374 1137 1425 iii
1170 1386 1302 1425 suos
1332 1385 1546 1427 sensus.

553 1469 661 1525 Sed
691 1478 748 1523 ut
789 1468 845 1523 in
873 1467 1099 1537 gratiam
1125 1464 1415 1537 redeamus
1460 1479 1581 1537 cum
1616 1480 1824 1535 iiupero
1852 1465 1945 1519 illo
1969 1466 2079 1520 cri-

481 1541 610 1603 tico,
642 1535 995 1595 concedimus
1039 1537 1115 1591 illi
1165 1535 1441 1590 variantes
1490 1536 1762 1591 interdum
1812 1537 2079 1591 lectiones

478 1616 784 1667 occurrisse
816 1612 868 1663 in
903 1608 1148 1663 Hebraais
1174 1606 1611 1674 exemplaribus,
1637 1608 1834 1676 quibus
1880 1608 2073 1662 Hiero-

480 1698 677 1755 iiymus
708 1682 978 1758 utebatur.
1033 1678 1175 1733 lnter
1205 1678 1479 1758 variantes
1518 1678 1793 1758 lectiones
1842 1679 2081 1758 eligebat
2110 1698 2160 1758 Β

481 1748 577 1809 eas
608 1761 830 1809 sanctus
861 1752 1076 1815 doctor,
1100 1763 1237 1819 quas
1262 1748 1811 1816 interpretationibus
1842 1752 1955 1803 suis
1986 1765 2083 1819 ap-

480 1826 651 1880 tiores
698 1833 753 1878 et
801 1823 1114 1877 veraciores
1152 1820 1532 1885 existimabat;
1563 1821 1701 1873 nihil
1745 1832 1921 1875 tamen
1966 1836 2086 1875 mu-

481 1896 650 1951 tando
677 1896 731 1949 in
762 1894 1057 1965 archetypo
1086 1890 1388 1965 exemplari
1416 1932 1429 1957 ,
1463 1892 1619 1960 cujus
1649 1891 1867 1946 lectioni
1900 1892 2087 1946 adlim-

480 1969 668 2022 sisset.
702 1964 838 2020 Nam
878 1967 922 2018 si
955 1962 1127 2018 secus
1169 1962 1403 2023 faceret,
1432 1965 1531 2014 lioc
1572 1973 1709 2025 erat,
1734 1979 1841 2016 non
1872 1976 2087 2017 vertere

484 2039 657 2093 libros
686 2036 1046 2091 Hebrieorum
1074 2075 1089 2097 ,
1122 2032 1218 2087 sed
1244 2042 1493 2087 evertere
1517 2049 1531 2095 ;
1564 2042 1729 2102 atque
1760 2034 2085 2088 Hebraicani

486 2110 777 2164 veritatem
804 2107 1027 2175 insuper
1060 2106 1284 2159 habere.
1327 2105 1486 2170 Quod
1521 2106 1661 2158 Deus
1688 2113 1899 2159 avertat
1935 2120 2089 2175 pror-

487 2194 582 2234 sus
612 2180 681 2234 ab
708 2179 916 2233 eximio
966 2176 1311 2245 maximoque
1353 2175 1763 2245 Scripturarum
1793 2176 2090 2245 interprete

486 2251 858 2322 Hieronymo;
910 2264 977 2322 ne
1003 2246 1143 2322 fides
1189 2246 1615 2322 translationum
1648 2246 1765 2322 ejus
1815 2254 1928 2300 tota
1969 2262 2093 2322 cor-

486 2331 651 2387 ruat,
699 2317 858 2376 iiullo
918 2318 1203 2374 Hebraica:
1260 2317 1510 2373 veritatis
1560 2317 1913 2371 fundamento
1965 2317 2093 2372 sub.

481 2408 638 2448 ﬂlxa.

564 2462 751 2519 Tertio
778 2461 1012 2529 denique
1055 2459 1354 2515 notandum
1398 2459 1743 2529 maximeque
1776 2475 2094 2529 prmcaven-

492 2535 621 2590 dum
666 2544 753 2589 εει
781 2534 1008 2597 lectori,
1050 2532 1193 2601 quod
1228 2534 1342 2600 ipse
1375 2531 1738 2601 Hieronymus
1767 2534 2098 2599 praemonuit

494 2606 582 2661 his
624 2604 807 2661 verbis
832 2604 929 2659 lib.
962 2619 993 2655 v
1024 2604 1332 2657 Comment.
1378 2604 1429 2655 in
1472 2601 1595 2656 lsai.
1630 2616 1750 2672 cap.
1788 2619 1856 2656 xv
1901 2622 1915 2657 :
1964 2622 1981 2653 ι
2020 2603 2096 2657 Ne

502 2696 525 2730 ο
571 2678 692 2747 quis
715 2676 999 2747 scriptoris
1024 2675 1215 2728 vitium
1249 2681 1420 2747 putet,
1450 2681 1505 2726 et
1530 2688 1772 2728 errorem
1804 2675 2098 2728 emendare

503 2768 525 2802 ι
569 2745 697 2803 dum
729 2748 867 2811 vult,
908 2745 1100 2810 faciat;
1128 2759 1236 2799 una
1284 2745 1414 2798 urbs
1456 2751 1517 2815 et
1562 2760 1660 2815 per
1698 2761 1832 2798 mem
1857 2786 1871 2809 ,
1902 2754 1958 2800 et
2002 2761 2100 2814 per

505 2838 526 2873 ι
571 2820 683 2874 beth
713 2818 950 2873 litteram
982 2818 1271 2880 scribitur,
1304 2828 1335 2869 e
1376 2814 1573 2883 quibus
1602 2814 1793 2869 Dimon
1819 2818 2098 2871 silentium

503 2909 524 2943 ‹
572 2891 996 2958 interpretatur;
1029 2886 1200 2941 Dibon
1224 2928 1239 2952 ,
1274 2884 1479 2949 ﬂuens;
1511 2885 1685 2958 indito
1729 2896 1958 2957 utroque
2006 2901 2103 2958 no-

504 2980 524 3012 ε
574 2957 965 3029 ιιιίιιείριοιιιθι·
1000 2960 1215 3021 latices,
1246 2958 1339 3026 qui
1375 2958 1537 3029 tacite
1566 2957 1740 3011 lluaiit
1767 2976 1779 3010 :
1804 2974 1978 3029 usque
2006 2957 2104 3014 ho-

504 3050 522 3083 I
572 3032 663 3084 die
692 3029 1068 3083 indifferenter
1094 3042 1148 3083 et
1178 3030 1394 3095 Dimon,
1423 3036 1479 3083 et
1506 3028 1681 3083 Dibon
1714 3032 1817 3084 hoc
1842 3031 2100 3099 oppidum

507 3121 527 3154 ι
573 3100 793 3155 dicitur.
831 3118 849 3150 i
878 3099 1180 3154 Hebraicus
1210 3099 1509 3153 hodiernus
1552 3107 1731 3154 textus
1764 3101 1887 3154 huic
1915 3100 2109 3155 Hiero-

501 3175 778 3244 nymiaiiat
823 3170 1196 3244 observationi
1243 3179 1649 3224 consentaneus
1678 3172 1803 3227 lsai.
1846 3186 1969 3244 cap.
2004 3188 2105 3238 xv,

502 3236 651 3298 vers.
678 3241 735 3307 ‘2,
767 3240 895 3309 legit
918 3243 1056 3323 p371
1091 3236 1300 3307 Dibon;
1330 3251 1386 3294 et
1432 3250 1618 3309 postea
1660 3256 1807 3296 vers.
1837 3242 1893 3307 9,
1922 3236 2107 3326 mm,

509 3335 727 3390 Dimon.
756 3330 1047 3403 Clialdteus
1070 3330 1321 3403 similiter
1340 3347 1462 3386 cum
1488 3334 1890 3403 exemplaribus
1910 3335 2115 3391 Graecis

512 3410 773 3479 Romanis}.
802 3402 1110 3479 editionis,
1145 3402 1233 3479 ubi
1284 3404 1458 3479 Auﬁdii
1506 3414 1560 3457 ct
1604 3402 1831 3479 Δὲιμών,
1865 3407 1959 3479 sed
2008 3422 2109 3479 ms.

516 3474 923 3533 Alexandrinus
962 3472 1315 3543 Septuaginta
1344 3472 1708 3541 lnterpretum
1740 3478 1900 3531 aliter
1932 3478 2114 3542 habet,

516 3547 790 3617 Δαιϐηδὸν,
819 3559 1015 3614 nempe
1044 3543 1370 3617 et‘ngpdw.
1419 3544 1592 3617 Syrus
1642 3546 1843 3617 ubique
1894 3549 2120 3603 retinuit

516 3621 621 3675 Res
660 3620 730 3671 ab
762 3614 919 3670 initio
946 3657 961 3679 ,
989 3626 1043 3670 et
1074 3614 1203 3669 Betlt
1234 3614 1284 3669 iii
1318 3614 1532 3682 medio,
1565 3620 1697 3697 πλη
1723 3616 1913 3673 Ribon.
1944 3622 2119 3674 Arabs

514 3724 669 3773 vero,
699 3708 860 3779 juxta
891 3707 1171 3779 exemplar
1215 3705 1464 3761 Graecum
1497 3706 1953 3776 Alexandrinum,
1987 3710 2123 3779 legit

518 3777 778 3835 Dibon’et
809 3777 1077 3851 Remmon.
1113 3778 1258 3851 Inter
1291 3786 1371 3851 tot
1397 3779 1671 3851 variantes
1694 3779 1954 3835 lectiones
1976 3777 2123 3851 ejus-

521 3855 647 3907 dem
679 3850 915 3905 nominis
940 3893 954 3917 ,
988 3850 1110 3920 quis
1140 3849 1582 3903 Hebraizantium
1627 3858 1937 3905 nostrorum
1971 3849 2124 3920 igno-

521 3934 641 3979 rata
680 3922 994 3993 Hieronymi
1024 3921 1412 3993 observatione
1440 3964 1453 3988 ,
1482 3936 1589 3975 non
1621 3923 1796 3993 ipsum
1830 3921 2123 3992 reprehen-

524 3996 700 4058 deret,
729 3992 1058 4063 quod’lsaia‘.
1088 4006 1138 4047 c.
1173 4006 1275 4058 xv,
1320 3992 1386 4056 9,
1420 3994 1667 4063 posuerit
1698 3992 1867 4047 Dibon
1899 4013 1994 4061 pro
2028 3994 2121 4048 Di-

524 4082 667 4130 mon,
698 4062 792 4119 aut
820 4078 918 4133 pro
948 4062 1238 4117 Remmon?
1265 4063 1507 4118 Dixisset
1529 4062 1669 4117 haud
1694 4064 1857 4119 dubie
1881 4064 2125 4120 historias

525 4150 753 4206 nupera:
805 4134 1318 4206 criticmscriptor‘,
1373 4134 1765 4205 Hieronymum
1824 4152 1975 4191 more
2026 4152 2125 4192 suo

526 4204 797 4263 elementa
851 4205 1112 4260 llebraica
1162 4204 1537 4261 indill'erenter
1581 4204 1881 4275 accepisse,
1913 4206 2127 4262 ctBeth

530 4294 630 4349 pro
661 4277 801 4331 Mem
843 4277 1130 4349 libidinose
1178 4276 1411 4349 legisse.
1442 4275 1550 4331 Sed
1594 4277 1739 4331 illam
1770 4277 2124 4349 Opinionem,

529 4348 672 4405 Sicut
692 4358 747 4403 et
774 4348 1165 4418 praicedentes,
1184 4350 1251 4401 ad
1282 4348 1569 4402 libidinem
1603 4350 1717 4417 ipse
1748 4348 2021 4415 finxisset,
2048 4348 2126 4404 uti

529 4420 874 4487 exiiloratum
916 4418 1149 4473 habetur
1175 4434 1240 4473 ex
1275 4421 1537 4473 varietate
1578 4419 1991 4473 translationum
2035 4436 2127 4475 su—

570 4490 920 4553 radictarum,
938 4489 1135 4558 quibus
1158 4488 1518 4544 invictissime
1540 4492 1888 4559 probavimus
1911 4491 2124 4545 diversa

570 4508 920 4553 mutuarum,
938 4508 1135 4558 (1111οι18
1158 4508 1518 4544 ιιινιοιιδειιιιρ
1540 4508 1888 4559 ριὀυίινιιιιιιε
1911 4508 2124 4545 αινρτεει

528 4508 697 4615 Riisse
727 4559 871 4684 Ἓυά
899 4559 1149 4614 diversos
1173 4559 1437 4615 Hebraica
1468 4561 1803 4629 exemplaria
1835 4562 2125 4632 Scriptura:

529 4645 726 4684 sacrae.
803 4640 1083 4684 omnescat
1114 4631 1295 4684 itaque
1344 4631 1565 4684 nimiam
1614 4633 1922 4684 libertatem
1954 4635 2125 4684 disse-

529 4645 726 4687 sacrie.
757 4631 1083 4698 Compescat
1114 4631 1295 4697 itaque
1344 4631 1565 4684 nimiam
1614 4633 1922 4686 libertatem
1954 4631 2129 4689 disse-

531 4701 690 4760 rendi
722 4714 958 4769 nuperus
995 4700 1090 4755 ille
1117 4699 1377 4767 criticus;
1412 4711 1466 4755 et
1510 4705 1689 4755 statim
1724 4702 1883 4756 lidem
1914 4719 1977 4759 ac
2004 4720 2128 4761 eru-

530 4775 791 4829 ditionem
827 4770 1307 4843 Hieronymianam
1334 4772 1617 4827 nobiscum
1649 4774 1915 4843 suscipiet
1940 4784 2048 4829 tam
2076 4778 2128 4830 iii

532 4856 790 4901 contextu
819 4842 1157 4911 versionum,
1186 4859 1345 4915 quam
1382 4848 1435 4898 iii
1460 4842 1811 4916 etymologiis
1838 4846 2132 4903 llebraico-

531 4932 653 4972 rum
684 4916 998 4970 Nominum.

603 5010 761 5077 Quod
793 5010 838 5063 si
866 5016 1113 5064 nostram
1136 5010 1620 5066 commonitionem
1651 5011 2007 5077 recusaverit,
2034 5028 2133 5068 au-

532 5081 647 5136 diat
676 5080 867 5135 saltem
918 5082 1094 5134 virum
1143 5080 1517 5135 doctissimum
1564 5080 1828 5137 Joannem
1886 5085 2138 5139 Drusium

530 5157 735 5219 Quaest.
772 5151 1023 5206 Hebraic.
1052 5152 1146 5204 lib.
1185 5166 1264 5215 iii,
1291 5160 1486 5219 quaest.
1533 5151 1621 5219 75,
1657 5152 1725 5207 de
1753 5154 1970 5208 nomine
2004 5155 2137 5209 υτεὸ

529 5223 895 5278 disserentem
921 5239 935 5275 :
969 5241 989 5275 ί
1013 5221 1336 5294 Dupliciter,
1368 5223 1562 5292 inquit,
1585 5233 1829 5279 erratum
1860 5241 1887 5277 a
1918 5226 2138 5294 nuperis

528 5294 933 5350 correctoribus
964 5294 1017 5347 in
1050 5293 1441 5362 Hieronymum
1488 5313 1500 5347 :
1544 5296 1776 5363 primum
1813 5295 1864 5349 in
1891 5310 1958 5351 eo
1989 5293 2137 5367 quod

605 5404 686 5477 (a)
725 5405 875 5460 Talis
901 5406 1055 5461 locus
1081 5415 1165 5460 est
1193 5406 1246 5459 in
1278 5404 1588 5461 Comment.
1623 5404 1788 5461 Mich.
1819 5420 1859 5460 ιι
1889 5422 1902 5460 :
1943 5424 1962 5457 ι
2000 5407 2136 5462 Zara

539 5497 559 5530 α
590 5481 641 5531 in
683 5477 865 5547 lingua
898 5486 1083 5531 nostra
1114 5477 1316 5531 dicitur
1362 5491 1575 5541 semen,
1626 5478 1711 5531 vel
1748 5478 1964 5547 oriens,
2020 5495 2135 5533 cum

538 5567 558 5598 ι
589 5546 915 5620 δᾳηιειιξὶηῖ,
958 5549 1139 5620 oriens
1159 5550 1255 5603 m1
1282 5548 1493 5620 dicatur
1517 5563 1542 5620 :7
1562 5557 1616 5600 ut
1641 5546 1788 5602 nullo
1833 5550 1987 5602 modo
2009 5566 2135 5620 pos.

541 5634 559 5667 ι
589 5619 689 5669 sint
721 5619 803 5672 hic
824 5618 1065 5671 adhiberi
1092 5618 1417 5673 characteres
1442 5618 1708 5673 Hebrairi.
1750 5637 1769 5670 i

608 5685 686 5756 (ὁ)
717 5689 940 5744 Hieron.
973 5689 1108 5759 Hag.
1136 5690 1189 5745 1.
1229 5689 1370 5745 «Pro
1399 5690 1635 5745 siccitate
1663 5689 1811 5745 LXX
1842 5688 2135 5767 Ῥομφαίαν,

2176 379 2387 433 Latinis
2408 380 2701 447 scripserat
2716 378 2945 455 ;_d_einde
2962 377 3107 455 quod
3129 388 3334 455 mutata
3357 377 3537 432 veteri
3559 376 3792 455 lectione

2178 466 2278 519 pro
2307 466 2367 503 ea
2399 465 2592 504 novam
2627 464 2692 505 ac
2725 449 3053 519 Hieronymo
3096 448 3430 519 incognitam
3482 448 3791 519 posuerint.

2175 516 2255 576 Ac
2294 524 2363 575 de
2406 521 2645 575 lectione
2689 520 2903 590 quidem
2925 516 2944 584 ζ
2969 518 3110 589 quod
3142 516 3266 573 dico
3310 534 3507 574 verum
3539 532 3665 573 esse
3695 516 3795 590 ali-

2177 592 2417 662 quando,
2442 592 2487 645 si
2516 588 2917 659 vita,valetudo
2943 601 2999 645 et
3024 591 3193 645 otium
3225 600 3509 661 suppetet,
3534 588 3795 643 ostende-

2178 679 2319 718 mus.
2360 663 2434 717 De
2474 662 2883 717 cliaracteribns
2926 662 3194 716 adducam
3244 678 3389 717 nunc
3437 663 3654 724 locum,
3687 672 3795 728 quo

2179 734 2431 804 injuriain
2490 735 2686 787 factam
2734 748 2855 788 esse
2905 733 3251 787 sanctissimo
3297 735 3451 795 viro,
3513 730 3619 804 nisi
3667 745 3793 784 eum

2180 802 2405 860 summa:
2438 806 2723 874 imperitia:
2754 804 2985 858 velimus
3016 818 3295 869 accusare,
3326 804 3486 857 facile
3514 802 3791 874 evincam.

2180 877 2359 931 Locus
2379 885 2463 929 est
2488 872 2539 929 iri
2572 874 2783 929 Comm.
2816 873 3063 943 Soiihon.
3106 890 3168 939 ii,
3204 876 3292 929 tibi
3324 877 3396 929 ita
3425 874 3699 941 scriptum
3729 872 3795 926 li-

2179 947 2292 1001 bris
2322 946 2574 1001 omnibus
2623 946 2932 1013 impressis,
2973 964 2991 997 t
3025 946 3293 1000 Praeterea
3341 944 3491 1016 quod
3524 954 3582 999 et
3615 959 3716 997 uos
3740 954 3796 998 et

2185 1036 2204 1069 ι
2252 1017 2396 1071 LXX
2426 1017 2676 1071 similiter
2700 1019 3077 1071 transtulimus
3098 1060 3111 1082 ,
3139 1031 3341 1072 corvus
3372 1017 3426 1070 iii
3474 1016 3796 1084 superlimi-

2187 1108 2205 1140 ι
2252 1089 2405 1153 nari,
2440 1089 2492 1141 in
2551 1087 2785 1142 Hebraeo
2836 1088 3055 1157 ponitur
3100 1094 3249 1151 :m,
3281 1086 3431 1158 quod
3490 1088 3793 1158 secundum

2189 1178 2207 1211 ι
2255 1160 2502 1215 lectionis
2533 1159 2909 1230 diversitatem
2948 1159 3033 1213 vel
3059 1157 3409 1230 siccitas,’vel
3438 1160 3673 1230 gladius,
3704 1157 3795 1212 vel

2188 1249 2207 1283 ι
2254 1247 2441 1298 corpus
2472 1230 2772 1299 accipitur:
2799 1229 2941 1285 unde
2969 1240 3023 1285 et
3050 1229 3243 1299 Aquila
3273 1229 3542 1299 gladium,
3574 1231 3668 1283 alii
3694 1230 3796 1282 sic-

2188 1320 2207 1353 ‹
2254 1302 2460 1372 citatam
2501 1301 2841 1372 interpretati
2887 1310 3032 1356 sunt.
3072 1321 3091 1353 ι
3140 1301 3265 1357 Noli
3313 1302 3601 1372 ambigere
3621 1302 3794 1372 ,Aquin

2190 1392 2208 1427 ι
2257 1371 2964 1443 Hieronymusscripserit:
3010 1372 3064 1426 In
3092 1372 3322 1428 Hebraeo
3364 1370 3597 1442 ponitur
3628 1370 3793 1443 0rd),

2189 1462 2207 1495 ι
2256 1444 2401 1513 quod
2431 1442 2729 1497 secundum
2752 1442 3004 1498 lectionis
3022 1445 3421 1510 diversitatem,
3446 1454 3559 1499 etc.
3593 1462 3612 1495 i
3642 1442 3795 1510 Quod

2183 1514 2275 1585 qui
2298 1522 2598 1577 mutarunt,
2624 1529 2687 1567 ac
2719 1528 2817 1583 pro
2840 1514 2986 1585 Oreb
3015 1515 3207 1570 litteris
3238 1515 3533 1570 Hebraicis
3563 1517 3796 1585 scripse-

2184 1584 2310 1640 runt
2356 1591 2561 1658 n'll'lex
2610 1595 2759 1639 textu
2812 1584 3060 1652 Hebraeo,
3107 1586 3340 1641 viderint
3385 1584 3687 1658 quomodo
3712 1584 3793 1641 hic

2186 1666 2453 1712 excusent
2476 1655 2865 1729 Hieronymum
2893 1658 2993 1725 (a).
3013 1658 3143 1711 Nam
3159 1655 3793 1729 l'll'lquomodocumque

2187 1730 2358 1797 legas,
2394 1742 2687 1796 numquam
2723 1727 2888 1781 habet
2914 1727 3370 1798 significationem
3418 1731 3603 1784 corvi:
3626 1744 3729 1783 nec
3752 1730 3793 1782 si

2186 1803 2295 1857 3W
2318 1798 2485 1872 legas,
2516 1812 2768 1872 umquam
2796 1808 2947 1872 notat
2968 1800 3657 1872 siccitatem,autgladiam.
3693 1800 3793 1855 Sed

2188 1884 2338 1924 scum
2368 1868 2601 1923 diversa!
2638 1870 2748 1941 sint
2780 1870 2989 1941 radices
3021 1872 3213 1927 litteris
3243 1868 3465 1940 quoque
3496 1870 3689 1941 primis
3716 1872 3794 1923 di-

2189 1941 2422 2013 stinctae,
2448 1956 2550 1993 una
2574 1940 2810 2013 qumAin
2828 1940 2989 1995 habet
3018 1941 3069 1995 in
3103 1942 3301 2013 capite,
3330 1940 3552 1997 corvum
3583 1957 3795 2011 semper

2191 2010 2499 2080 signiﬁcat,
2546 2012 2717 2065 altera
2746 2027 2864 2079 qua:
2899 2013 3063 2067 habet
3093 2010 3234 2077 Ηιῑι,
3272 2015 3435 2069 modo
3476 2010 3795 2080 siccitatem,

2193 2083 2355 2138 modo
2373 2081 3058 2153 gladium(a).,Siccitateiii,
3091 2086 3135 2137 si
3163 2087 3338 2153 prima
3366 2086 3438 2140 sit
3472 2084 3681 2151 Holem,
3708 2100 3798 2140 se-

2192 2162 2394 2235 quente
2444 2152 2655 2235 Segol,_
2689 2152 2942 2235 videlicet
2987 2152 3205 2235 [lci-ob,
3241 2166 3301 2211 ut
3346 2156 3510 2235 hodie
3559 2158 3796 2235 legitur:

2194 2222 2453 2298 gladium,
2485 2222 2529 2278 si
2559 2222 2748 2298 eadem
2778 2224 2853 2298 sit
2877 2225 3054 2298 Segol,
3075 2238 3129 2281 et
3158 2226 3389 2282 alterum
3424 2227 3585 2298 Segol
3612 2222 3801 2296 {equa-

2197 2293 2283 2350 iur
2314 2296 2418 2369 hoc
2449 2295 2611 2348 modo
2631 2335 2671 2369 ,_
2694 2293 2886 2369 Hercc.
2918 2293 3122 2369 Itaque
3168 2300 3362 2368 Aquila
3382 2341 3398 2365 ,
3444 2293 3802 2369 ᾳιῖὶναίιιάῖκιη

2196 2365 2487 2429 transfert,
2533 2364 2675 2419 haud
2720 2365 2886 2421 dubie
2915 2364 3090 2437 legit:
3132 2364 3247 2423 nisi
3286 2364 3420 2425 sane
3463 2364 3803 2423 existimavit

2198 2437 2371 2492 Horeb
2402 2438 2565 2492 etiam
2584 2437 3177 2509 rgladium‘signiﬁmre,
3196 2442 3343 2509 quod
3378 2454 3517 2495 vero
3545 2455 3655 2494 non
3686 2442 3802 2494 dis-

2198 2521 2516 2563 setitaneiim
2546 2508 2777 2561 videtur.
2801 2506 2933 2580 Nam
2958 2506 3308 2580 qtiantumad
3332 2526 3559 2567 sensum
3584 2512 3801 2573 attinet,

2200 2594 2391 2649 parum
2433 2581 2659 2633 interest
2698 2579 3066 2648 gladium,’aii
3097 2582 3383 2637 siccitatem
3415 2585 3519 2637 hoc
3564 2582 3686 2636 loco
3714 2598 3805 2636 cx-

2203 2665 2390 2724 ponas.
2445 2650 2666 2724 Interim
2699 2664 2886 2724 verum
2930 2651 3059 2706 illud
3108 2652 3459 2724 Hieronymi,
3504 2652 3803 2708 dictionem

2206 2722 2338 2776 Oreb
2372 2736 2471 2789 pro
2502 2720 2749 2775 lectionis
2785 2720 3098 2778 diversitate
3126 2720 3520 2784 siccitatemiet
3546 2726 3805 2790 gladium,

2206 2740 2338 2776 urev
2372 2740 2471 2789 pro
2503 2740 2749 2775 tectionis
2785 2740 3098 2778 mversuate
3126 2740 3431 2784 siccitatem.
3464 2740 3520 2779 et
3582 2740 3804 2790 rauim,

2202 2804 2257 2847 et
2286 2808 2497 2846 corvum
2535 2808 2552 2844 :
2591 2790 2782 2866 falsum
2814 2795 3326 2866 quodrcorrectorcs
3373 2795 3454 2850 illi
3500 2740 3804 2866 alglingunt,

2201 2869 2336 2936 W1,
2377 2865 2597 2936 κόρακα,
2632 2864 2684 2917 1.
2717 2878 2923 2936 corvum
2952 2865 3235 2920 denotare.
3272 2885 3292 2919 i

2279 2934 2674 3009 liln_lta'_prmt_er
2722 2934 2839 2989 haec
2884 2936 3147 3009 obiiciunt
3185 2936 3519 3009 Hieronymo
3559 2936 3809 2992 hodierni

2206 3005 2379 3079 critici
2407 3005 2844 3079 Allebraiaantes,
2886 3017 2941 3061 et
2967 3008 3279 3079 criticorum
3311 3005 3587 3079 gregales,
3619 3024 3810 3079 quam-

2133 3084 2178 3146 C
2212 3077 2294 3130 vis
2327 3076 2601 3130 Hebraicze
2633 3077 2832 3150 linguai
2853 3092 3077 3150 prorsus
3108 3078 3270 3135 rudes
3310 3076 3374 3134 ac
3405 3076 3665 3150 imperiti.
3700 3081 3807 3133 llo-

2214 3163 2332 3202 rum
2378 3157 2693 3218 argumenta
2732 3148 2951 3218 collegit
2991 3150 3073 3204 vir
3111 3151 3451 3205 clarissimus
3488 3148 3811 3206 Ludovicus

2216 3218 2528 3293 Ferrandus
2555 3259 2569 3281 ,
2614 3221 2688 3293 de
2731 3219 2901 3293 sacris
2956 3220 3174 3276 Litteris
3202 3264 3216 3287 ,
3262 3231 3317 3277 et
3363 3223 3433 3277 de
3483 3222 3810 3293 Hieronymo

2216 3288 2738 3363 Optimeﬁnieritus.
2802 3289 3018 3363 [sicuin
3087 3298 3419 3363 suscepisset
3478 3288 3809 3363 provinciam

2218 3360 2431 3436 tuenda:
2454 3360 2729 3436 Hebraica:
2756 3362 3074 3436 eruditionis
3098 3360 3560 3436 Hieroiiymiaiiie,
3577 3365 3810 3432 undique

2217 3431 2546 3499 conquisitis
2589 3434 2927 3501 argumentis
2949 3475 2963 3497 ,
2992 3435 3192 3503 quibus
3232 3431 3414 3491 sancti
3444 3436 3689 3491 doetoris
3720 3431 3813 3489 im-

2220 3510 2492 3573 pugnatur
2544 3505 2740 3572 peritia
2767 3549 2783 3573 ,
2813 3505 3131 3561 satisfacere
3166 3507 3434 3561 laudabili
3470 3516 3676 3562 conatu
3715 3504 3809 3559 sibi

2218 3578 2535 3701 proposuit;
2576 3584 2631 3628 et
2684 3583 2797 3629 t0to
2846 3576 3088 3658 capitulo
3194 3580 3575 3661 .sectionisuv
3607 3577 3806 3647 disput.

2267 3648 2530 3701 roleriom.
2564 3661 2789 3700 summa:
2819 3647 3063 3701 Biblicaz.
3090 3649 3332 3701 militare
3360 3658 3533 3701 comit
3558 3649 3806 3701 adversus

2267 3648 2530 3720 rolegom.
2564 3661 2789 3720 summa:
2819 3647 3063 3720 Biblicaz,
3090 3649 3332 3704 militare
3360 3651 3533 3720 carpit
3558 3649 3809 3703 adversus

2222 3732 2319 3773 eos
2341 3718 2433 3791 qui
2458 3717 2904 3791 semperaliquid
2926 3720 3344 3791 reprehendunt
3380 3721 3433 3775 in
3453 3717 3811 3791 'etymologiis

2224 3797 2316 3861 aut
2342 3786 2893 3861 interpretationibus
2923 3786 3262 3861 Hieronymi.
3296 3794 3365 3845 At
3397 3786 3595 3846 nolunt
3631 3786 3810 3861 plures

2224 3860 2280 3932 in
2328 3860 2612 3932 responsis
2658 3859 2762 3914 viri
2815 3861 3014 3915 laudati
3062 3859 3262 3920 faniam
3308 3864 3555 3932 pendere
3601 3859 3811 3917 maximi

2220 3930 2631 4003 scripturarum
2662 3932 2980 4003 interpretis
3003 3974 3017 3997 ,
3045 3933 3170 4003 quia
3199 3934 3288 3987 vix
3312 3930 3687 4003 acquiescunt
3712 3948 3813 3989 me-

2224 4001 2330 4056 dia:
2364 4002 2513 4074 parti
2544 4002 2920 4074 responsionis
2964 4001 3105 4074 ejus.
3162 4005 3297 4072 Quis
3324 4001 3472 4060 enim
3500 4049 3516 4073 ,
3572 4004 3816 4074 inquiunt

2226 4087 2333 4146 non
2354 4072 2724 4146 paucitaaquo
2754 4072 2937 4146 animo
2963 4072 3103 4129 ferat
3131 4090 3296 4146 vagas
3324 4091 3385 4131 ac
3427 4075 3618 4133 futiles
3652 4072 3703 4130 in
3731 4077 3817 4131 de-

2226 4143 2827 4218 [ensiooellieronymi
2868 4145 2923 4197 id
2960 4161 3133 4218 genus
3177 4143 3597 4217 responsiones,
3633 4163 3688 4218 p.
3726 4146 3817 4202 “6

2229 4214 2386 4290 sum.
2414 4214 2581 4290 Biblic
2608 4232 2671 4290 ει
2689 4215 2928 4270 Cretera:
2946 4214 3285 4290 objectionis
3300 4228 3475 4275 sexta:
3496 4214 3820 4290 interprets:

2230 4286 2405 4360 tiones
2455 4284 2712 4360 defendi,
2764 4295 2859 4360 aut
2906 4284 3163 4360 excusari
3207 4289 3372 4345 facile
3427 4284 3667 4360 possunt
3704 4308 3717 4344 :
3757 4289 3819 4344 ad

2230 4356 2445 4433 ignotas
2473 4355 2847 4433 confugiendo
2875 4357 3334 4433 significationes,
3358 4355 3456 4433 aut
3483 4364 3821 4433 negligentes

2153 4462 2208 4522 ι)
2231 4426 3119 4522 ξῖτξιξεοτεελ9ηςξιέρξ..ιῑίξ9ριι,ἀο,ε
3146 4431 3382 4522 iam
3406 4426 3819 4522 ποτιξέεεῗριίεπξ

2235 4499 2407 4567 possit
2461 4498 2720 4553 lectionis
2769 4501 3009 4554 varietas
3030 4542 3044 4566 ,
3074 4518 3195 4570 qua:
3226 4504 3279 4557 in
3297 4498 3477 4559 causa
3518 4503 3704 4570 fuerit,
3735 4518 3826 4558 cur

2234 4570 2443 4693 antiqui
2475 4569 2985 4693 tinterpretationes
3024 4569 3103 4627 ab
3125 4589 3225 4628 usu
3266 4584 3461 4630 nostro
3500 4575 3713 4631 alienas
3737 4575 3827 4630 ad-

2276 4655 2465 4695 uxerin
2502 4681 2513 4694 .

2312 4728 2331 4761 ι
2372 4710 2532 4765 Vocis
2570 4727 2772 4775 sonus,
2804 4713 2895 4781 qui
2925 4713 3068 4770 idem
3116 4715 3227 4773 fere
3273 4725 3363 4772 est
3407 4716 3464 4771 in
3517 4718 3826 4773 nominibus

2239 4781 2408 4835 Hercb
2430 4788 2561 4847 :m,
2585 4793 2638 4837 et
2658 4787 2800 4849 3W;
2832 4784 2995 4839 Gades
3015 4790 3164 4869 W'l'P,
3189 4797 3243 4842 et
3266 4792 3414 4855 ωτι,
3443 4788 3825 4861 Hieronymum

2239 4874 2523 4949 altioribus
2552 4877 2814 4949 intentum
2839 4918 2853 4941 ,
2882 4886 2938 4949 et
2969 4877 3195 4933 forsitan
3227 4892 3623 4949 properantem
3653 4880 3829 4936 fallere

2242 4945 2436 5023 potuit,
2464 4953 2525 4999 ut
2543 4946 2779 5001 rebusin
2804 4947 3119 5017 liujiismodi
3148 4945 3455 5007 doctissimi
3478 4954 3686 5023 quique
3709 4966 3834 5023 quo-

2245 5015 2381 5071 tidie
2413 5028 2659 5085 peccant.
2688 5036 2708 5068 ι

2313 5087 2477 5160 Certe
2507 5104 2596 5143 res
2622 5088 2869 5145 conlecta
2903 5100 3008 5160 est,
3036 5091 3083 5148 si
3113 5092 3245 5148 nihil
3278 5092 3423 5149 aliud
3456 5094 3757 5152 aderamus
3783 5094 3829 5149 iii

2242 5157 2618 5240 defensionem
2670 5160 2953 5240 Hebraica:
2994 5157 3830 5240 eruditioiiisuilieronymianie.

2240 5230 2367 5301 Sive
2410 5230 2553 5301 enim
2600 5232 2981 5301 properando,
3010 5235 3127 5291 sive
3170 5236 3458 5293 altioribus
3501 5230 3832 5295 intendenda

2241 5300 2414 5357 falsus
2438 5300 2613 5356 fuerit
2630 5300 2853 5359 sanctus
2881 5303 3101 5371 doctor,
3134 5316 3399 5363 constans
3430 5310 3545 5364 erit
3571 5308 3834 5366 sententia

2246 5428 2265 5461 r
2300 5411 2556 5478 gladium,
2589 5414 3014 5478 transtulerunt;
3044 5415 3138 5470 sed
3172 5424 3229 5471 et
3267 5416 3322 5471 in
3353 5416 3634 5473 Hebraica
3673 5419 3834 5476 tribus

2244 5498 2263 5532 ι
2299 5482 2527 5559 litteris
2555 5483 2819 5559 scriptum
2876 5489 3053 5559 reperi
3110 5487 3270 5551 Heth,
3318 5488 3448 5550 Res,
3484 5489 3648 5545 Beth.
3690 5489 3832 5559 Quod

2241 5569 2259 5603 ‹
2291 5552 2337 5607 si
2367 5552 2537 5634 llereb
2565 5552 3094 5634 legi’mus,‘gau’diuiii
3119 5568 3313 5634 sonat:
3342 5558 3627 5634 si_Horeb,
3647 5552 3829 5634 κᾳῖῦμει,

2243 5641 2261 5674 t
2298 5628 2439 5694 quod
2474 5642 2571 5679 nos
2613 5628 2989 5682 transtulimus
3034 5630 3361 5697 siccitatem,
3398 5632 3531 5688 licet
3559 5628 3754 5690 melius
3781 5636 3830 5689 in

2243 5712 2262 5747 ι
2295 5706 2529 5752 urentem
2558 5707 2766 5754 ventum
2810 5699 3110 5755 transferre
3139 5703 3342 5772 possis.
3381 5720 3402 5757 ι
