3962 6298
540 321 565 327 ρ,
581 320 734 331 ντθουη,›ο

175 341 205 397 1
217 342 324 400 521

1054 346 1541 412 COMMENTARH
1577 356 1665 413 ET
1703 356 1909 415 NOTAE
1948 361 2140 420 JOAN.
2184 364 2609 425 MARTIANZEI.

3345 379 3488 440 1522

170 460 323 540 apud
351 461 616 540 eruditos,
644 463 1035 540 Hieronymum
1069 472 1271 537 smplns
1303 473 1695 528 halluciuatum
1719 475 1769 529 in

1879 458 2022 540 quod
2049 460 2114 540 -i_n
2145 476 2226 530 ps.
2255 477 2399 517 cxvu
2446 464 2665 540 legitur,
2698 466 2873 540 tribus
2911 465 3107 540 litteris
3133 469 3321 534 scribi.
3354 471 3488 540 Het,

168 531 295 615 suis
338 531 904 615 interpretationibus
959 550 1011 593 ct
1069 531 1348 615 nominum
1398 545 1771 615 etymologiis.

171 602 389 679 Deinde
437 602 616 679 nullus
661 617 744 661 est
787 624 942 663 error
974 619 1079 666 tam
1112 602 1475 679 manifestus:
1496 602 1775 672 nullavde-

168 676 519 752 pravationis
557 678 772 752 species
811 694 934 747 qua:
962 697 1071 737 non
1124 685 1293 752 possit
1323 676 1577 752 defendi,
1611 689 1776 742 modo

168 744 653 824 cquiugiamus__at_l
684 749 776 824 illa
824 744 1506 823 imperium-diverticula,
1556 744 1607 810 id
1656 770 1771 824 est,

166 816 244 870 ad
292 818 501 897 ignotas
546 816 939 876 Hebraicorum
982 827 1260 880 nominum
1304 816 1771 897 signiﬁcationes,

164 896 271 941 aut
310 890 639 957 scriptorum
672 902 916 946 veterum
954 898 1280 951 oscitantem
1316 890 1598 954 in'scitiam.
1630 890 1777 955 Prw;

162 965 287 1039 stat
309 960 475 1027 igitur
492 976 661 1039 novas
686 966 865 1030 potius
888 979 951 1019 ac
979 968 1249 1034 speciales
1274 970 1527 1039 supplere
1546 984 1776 1039 respon-

164 1030 380 1095 siones,
410 1046 571 1105 quam
604 1032 755 1089 hisce
783 1030 1135 1105 generalibus
1163 1030 1559 1098 assertionibus
1590 1030 1777 1098 adhae-

162 1116 318 1181 rere,
340 1103 539 1181 quibus
570 1103 1052 1181 nec_mediocriter
1080 1111 1221 1164 docti
1256 1112 1392 1165 satis
1422 1112 1775 1181 acquiescere

162 1172 312 1227 mihi
357 1173 455 1228 visi
486 1182 634 1251 sunt.
684 1174 742 1251 Id
796 1192 895 1246 ego
944 1188 1098 1234 tanto
1142 1182 1421 1236 lubentius
1467 1172 1767 1251 exsequar,

160 1246 582 1319 quantomajor
610 1250 765 1316 copia
812 1252 1233 1319 responsionum
1263 1263 1317 1307 et
1344 1246 1676 1310 solutionum
1707 1246 1775 1309 ab

162 1315 296 1389 ipso
341 1315 693 1389 Hieronymo,
723 1319 883 1374 nobis
907 1315 1398 1379 subministratur.
1440 1324 1546 1381 Sed
1580 1328 1773 1383 ordine

162 1386 369 1465 debito
392 1386 590 1458 cuique
611 1389 922 1465 difﬁcultati
946 1394 1221 1462 propriam
1246 1396 1650 1465 expositionem
1678 1399 1775 1453 ad-

160 1457 463 1538 hibendam
488 1457 807 1538 statuimus,
827 1472 881 1517 et
906 1457 1025 1538 cum
1049 1457 1279 1538 erudito
1322 1457 1600 1523 lt‘errando
1625 1472 1771 1538 prio—

158 1543 286 1584 rem
317 1530 688 1600 objectionem
716 1533 820 1587 hoc
852 1535 1015 1590 modo
1041 1537 1403 1607 pr0ponimus
1433 1555 1446 1592 :

243 1639 263 1673 ι
309 1622 672 1699 Hieronymus
699 1623 984 1699 Hebrteam
1011 1627 1249 1698 linguam
1274 1630 1516 1699 apprime
1538 1630 1773 1686 caluisse

158 1692 443 1773 immerito
473 1692 709 1749 dicitur:
737 1711 859 1750 cum
894 1692 1388 1773 ipsemettestet'ur
1432 1716 1492 1755 se
1526 1702 1767 1773 linguam

158 1763 487 1841 Hebraicam
521 1781 585 1819 ex
620 1777 770 1832 parte
820 1763 1027 1841 tantum
1060 1769 1345 1837 didicisse;
1388 1763 1771 1841 sequefScri—

154 1844 365 1913 pturas
386 1836 867 1913 interpretaturum
900 1840 1159 1913 Hebrzeos
1204 1836 1432 1897 subinde
1472 1836 1767 1913 magistros

154 1907 517 1984 accersivisse
543 1925 555 1961 :
581 1910 727 1978 quod
785 1910 1298 1984 hominemialiena:
1340 1915 1459 1982 opis
1502 1907 1762 1984 indigum,

154 1993 265 2033 nec
291 1978 668 2050 satisdoctum
702 1982 906 2050 prodit.
940 1982 1014 2038 Se
1044 1983 1327 2037 Hebraeum
1360 1978 1671 2040 sermonem
1696 1978 1763 2042 ex

158 2059 322 2123 parte
351 2049 607 2123 didicisse
630 2049 818 2107 aitlib.
843 2069 880 2107 ιι
905 2064 1093 2108 c0ntra
1124 2054 1248 2109 Hui.
1281 2053 1535 2123 Idemque
1568 2058 1765 2113 fatetur

155 2121 532 2201 inrepitaphio
562 2122 779 2191 Paulae,
812 2133 868 2179 et
894 2124 1113 2179 Praefat.
1156 2125 1209 2180 in
1246 2121 1472 2180 Esdram
1505 2136 1559 2183 et
1586 2127 1761 2183 Nehe-

152 2206 350 2246 mlum.
388 2210 407 2243 ι

233 2263 401 2329 Quasi
429 2278 535 2319 non
563 2264 749 2321 liceret
779 2268 984 2322 homini
1012 2266 1413 2323 studiosissimo
1435 2284 1497 2323 ac
1521 2268 1761 2325 omnium

150 2334 538 2409 eruditissimo
583 2338 866 2409 modestia:
897 2349 1079 2409 partes
1110 2354 1270 2409 agere
1300 2342 1351 2393 in
1382 2340 1498 2393 suis
1527 2355 1761 2409 Opuscu-

151 2404 456 2480 iisilmino
484 2408 707 2462 multam
754 2404 1042 2479 gloriolam
1094 2404 1399 2475 redoleret,
1427 2421 1481 2465 et
1512 2404 1761 2480 sapiente

150 2477 381 2544 indigna
417 2478 729 2547 loqueretur
753 2477 774 2544 ,⁷
800 2482 844 2535 si
884 2491 1099 2536 tumens
1144 2480 1198 2535 in
1249 2497 1310 2535 se
1356 2477 1623 2537 summam
1656 2484 1761 2539 lle-

150 2549 293 2622 brzci
326 2549 595 2622 sermonis
627 2551 874 2619 peritiam
903 2565 1247 2622 agnosceret.
1276 2552 1394 2607 Non
1418 2563 1503 2608 est
1524 2552 1760 2609 hominis

148 2619 512 2693 christianain
549 2622 802 2693 pietrtem
833 2619 1099 2693 professi,
1128 2625 1359 2678 virtutes
1385 2639 1513 2677 suas
1534 2665 1549 2689 ,
1582 2626 1761 2679 scien-

154 2690 315 2764 tiam,
344 2700 455 2764 aut
506 2702 656 2764 recte
686 2690 851 2764 iacta
887 2695 1125 2762 jactare;
1161 2695 1257 2750 sed
1310 2695 1481 2750 Judaei
1532 2694 1757 2764 Josephi

152 2761 432 2835 historici,
464 2763 555 2831 qui
590 2762 658 2817 de
682 2763 837 2819 Bello
882 2761 1007 2820 Jud.
1041 2766 1136 2821 lii).
1172 2782 1252 2833 ιιι,
1274 2781 1394 2835 cap.
1426 2766 1491 2820 M
1518 2776 1572 2819 et
1602 2761 1753 2835 alibi,

148 2834 495 2906 suasmpius
520 2835 713 2888 merita
746 2835 1032 2903 decantat,
1065 2848 1118 2892 et
1161 2834 1472 2891 Judaeo’rum
1516 2839 1757 2906 pruden-

151 2903 453 2975 tissimum,
484 2903 772 2975 legumque
818 2922 1097 2962 sacrarum
1146 2903 1611 2962 consultissimum
1637 2923 1758 2963 esse

149 2989 219 3030 se
250 2974 575 3048 quandoque
611 2974 899 3048 signiﬁcat.
937 2979 1126 3033 Procul
1168 2980 1237 3033 ab
1278 2979 1613 3048 Hieronymo
1657 2980 1758 3034 luit

148 3045 343 3119 omnis
372 3046 458 3119 ilia
486 3046 768 3114 jactantia,
806 3065 925 3104 nam
960 3050 1053 3104 lib.
1086 3066 1098 3103 t
1126 3050 1404 3119 Apologia:
1434 3045 1545 3103 sua:
1571 3050 1757 3104 adver-

148 3132 252 3172 sus
311 3115 565 3191 Ruﬁnum
611 3119 679 3173 ab
724 3119 827 3191 hoc
886 3121 1020 3175 vitio
1071 3115 1190 3176 sibi
1220 3115 1527 3189 praécavere
1575 3122 1752 3191 palam

148 3188 428 3262 ostendit,
461 3188 649 3262 dicens
675 3206 687 3262 ς
718 3207 737 3242 ι
775 3190 888 3245 Nisi
934 3193 1080 3246 enim
1112 3201 1167 3246 et
1194 3193 1463 3262 prolixum
1495 3188 1666 3257 esset,
1697 3202 1755 3247 et

156 3279 178 3313 ι
232 3260 510 3333 redoleret
553 3260 836 3333 gloriolam
862 3305 875 3327 ,
906 3264 1019 3333 jam
1071 3260 1214 3317 nunc
1256 3263 1356 3316 tibi
1406 3262 1752 3318 ostenderem
1782 3273 1826 3333 ί]

156 3350 179 3383 ε
228 3331 358 3399 quid
393 3329 647 3404 utilitatis
675 3331 871 3404 habeat
909 3329 1297 3404 magistrorum
1330 3334 1515 3390 limina
1551 3343 1750 3401 terere,

156 3422 178 3454 ι
230 3413 291 3473 et
312 3410 481 3455 artem
511 3402 580 3455 ab
604 3402 904 3473 artiﬁcibus
945 3402 1156 3458 discere
1184 3422 1195 3458 :
1224 3415 1278 3460 et
1305 3405 1521 3459 videres
1551 3414 1752 3473 quanta

156 3492 177 3525 ‹
229 3472 364 3526 silva
391 3472 635 3544 sitapud
668 3473 923 3529 Hebraeos
949 3477 1326 3544 ambiguorum
1361 3472 1640 3529 nominum
1669 3488 1752 3530 at-

158 3562 182 3597 ‹
230 3558 339 3610 que
368 3543 677 3598 verborum.
726 3544 859 3613 Quae
905 3562 993 3601 res
1038 3543 1266 3600 diversa:
1312 3546 1753 3614 interpretationi

156 3634 178 3667 ‹
231 3615 514 3686 materiam
545 3614 808 3682 praebuit;
839 3618 964 3672 dum
995 3620 1363 3686 unusquisque
1394 3619 1540 3671 inter
1563 3617 1750 3681 dubia,

157 3706 179 3738 ι
223 3686 371 3755 quod
399 3685 501 3738 sibi
533 3689 949 3742 convenientius
981 3685 1195 3742 videtur
1220 3730 1234 3751 ,
1278 3685 1380 3742 hoc
1410 3688 1693 3743 transfert.
1729 3709 1747 3742 ι

148 3759 346 3825 Itaque
389 3757 622 3823 propriae
669 3760 993 3812 eruditionis
1041 3759 1321 3813 Hebraica:
1354 3776 1420 3813 ne
1453 3768 1757 3815 ostentato-

148 3843 274 3884 rem
306 3842 365 3881 se
395 3826 661 3901 pricberet
689 3828 1049 3901 Hieronymus
1068 3872 1082 3897 ,
1113 3845 1423 3885 sermonem
1462 3830 1751 3885 Hebraeum

149 3914 222 3954 ex
258 3905 411 3968 parte
443 3912 502 3952 se
530 3897 790 3953 didicisse
822 3897 1020 3955 aiebat.
1052 3904 1185 3955 Etsi
1217 3901 1436 3969 quando
1468 3901 1535 3953 ad
1560 3901 1757 3955 Libro-

148 3969 625 4041 rumidivinorum
674 3969 1177 4041 interpretationem
1220 3972 1399 4027 Socios
1443 3971 1750 4026 Judceorum

150 4040 449 4108 magistros
487 4038 786 4111 adhibuit,
820 4038 1113 4111 diligentia:
1155 4042 1285 4096 illud
1328 4040 1750 4097 adscribendum

150 4121 242 4167 est
268 4122 324 4165 et
355 4109 543 4182 studio
566 4111 667 4164 viri
693 4109 1119 4179 sapientissimi,
1150 4113 1242 4182 qui
1273 4113 1531 4182 quidquid
1562 4114 1752 4166 habuit

149 4182 477 4237 maturioris
534 4181 586 4235 in
646 4196 705 4236 se
750 4186 940 4252 judicii
971 4225 984 4249 ,
1030 4181 1381 4238 scienti-.eac
1425 4183 1750 4239 eruditionis

149 4254 323 4308 etiam
352 4252 692 4319 mutuatitiae,
728 4263 895 4308 totum
930 4254 1223 4324 insumpsit
1250 4255 1300 4307 in
1338 4254 1630 4322 perfectam
1661 4254 1749 4306 Bi-

153 4324 393 4394 bliorum
443 4337 721 4377 sacrorum
775 4328 1185 4380 translationem
1215 4366 1230 4389 ,
1277 4340 1437 4394 quam
1488 4325 1748 4379 Ecclesia:

149 4393 361 4449 Christi
386 4394 644 4462 deinceps
668 4397 919 4450 utendam
948 4393 1334 4466 suscipiebant.
1361 4414 1380 4447 ‹
1416 4398 1634 4457 Fateor,
1665 4395 1749 4449 in-

158 4485 180 4518 ‹
231 4467 350 4534 quit
379 4466 699 4519 Prml’atione
735 4468 787 4521 in
834 4468 1027 4521 librum
1075 4466 1557 4536 l”aralipomenon,
1591 4482 1750 4520 num—

157 4556 181 4590 ‹
230 4553 392 4606 quam
426 4553 511 4590 me
538 4536 591 4590 in
624 4537 821 4593 divinis
849 4540 1238 4602 voluminibus,
1268 4537 1499 4606 propriis
1542 4537 1751 4591 viribus

157 4625 179 4659 ι
229 4608 650 4662 credidisse"...
680 4610 774 4664 sed
807 4626 869 4664 ea
907 4612 1070 4664 etiam
1093 4649 1109 4675 ,
1140 4609 1208 4663 de
1239 4608 1437 4678 quibus
1476 4608 1618 4663 scire
1662 4624 1751 4663 me

156 4698 178 4732 ι
229 4678 557 4743 arbitrabar,
593 4678 931 4749 interrogare
960 4696 1044 4734 tne
1072 4680 1311 4742 solitum,
1336 4688 1442 4733 etc.
1476 4698 1495 4730 ι

228 4749 541 4805 Secundum
593 4750 737 4818 quod
787 4750 990 4805 eudunt
1051 4759 1432 4817 argumentum
1487 4750 1750 4805 adversus

152 4821 484 4876 llebraicam
533 4821 896 4876 eruditionem
944 4821 1280 4892 Hieronymi,
1312 4821 1440 4876 illud
1471 4823 1550 4876 sic
1575 4820 1748 4875 dedu-

147 4902 288 4947 cunt
327 4892 496 4947 critici
545 4906 607 4944 ex
657 4893 883 4958 epistola
914 4892 981 4945 ad
1016 4891 1305 4946 Damasum
1355 4907 1586 4962 papam:
1620 4911 1639 4944 ‹
1675 4894 1751 4947 De

150 4963 332 5018 verbo
362 4966 574 5016 Osanna
607 4961 889 5031 disputans
934 4963 1322 5034 Hieronymus,
1350 4961 1435 5016 ait
1465 4964 1701 5030 primum
1734 4980 1748 5017 :

144 5036 403 5099 Osanna,
436 5050 534 5088 seu
568 5042 625 5086 ut
653 5034 770 5102 ipse
801 5033 1085 5102 legendum
1136 5033 1320 5103 putat,
1355 5034 1623 5103 Osianna,
1655 5050 1751 5090 ex-

147 5105 378 5175 ponitur
406 5104 664 5170 salviﬁca,
699 5118 795 5158 seu
825 5104 1034 5158 salvum
1062 5104 1164 5158 fac.
1194 5106 1263 5157 At
1292 5119 1398 5158 vox
1429 5104 1518 5158 illa
1546 5114 1704 5159 sonat
1728 5123 1742 5159 :

146 5176 374 5231 Salvum
399 5175 504 5241 l’ac,
528 5189 735 5245 quaeso.
765 5175 970 5229 Deinde
998 5176 1072 5228 ait
1095 5183 1314 5229 sanctus
1340 5176 1533 5229 doctor
1556 5193 1569 5228 :
1594 5176 1653 5230 Si
1679 5193 1746 5231 ex

147 5248 295 5301 ileth
341 5248 609 5302 scribatur
637 5246 793 5299 Anna
818 5286 832 5305 ,
865 5260 986 5299 esse
1030 5246 1469 5315 conjunctionem
1509 5247 1623 5301 sive
1664 5247 1750 5299 in-

146 5318 555 5385 terjectionem,
581 5332 699 5385 qua:
731 5317 871 5385 apud
897 5315 1118 5388 Graecos
1154 5319 1371 5385 ponitur
1404 5325 1747 5388 σχετλιαστι-

143 5396 273 5450 κῶς,
309 5390 461 5457 cujus
508 5388 1008 5455 interpretationem
1038 5386 1265 5441 Latinus
1291 5386 1483 5442 sermo
1514 5405 1620 5443 non
1648 5404 1752 5442 ex-

144 5460 356 5532 primit.
391 5460 460 5513 At
484 5461 629 5532 vocis
649 5458 808 5527 hujus
836 5459 1335 5532 interpretationem
1358 5459 1546 5532 Latina
1571 5460 1751 5532 lingua

141 5530 357 5603 optime
385 5530 667 5603 exprimit,
699 5545 821 5584 cum
854 5532 1081 5603 gratiam
1110 5530 1324 5595 habeat,
1360 5546 1479 5599 quae
1503 5530 1745 5603 Hebraea:

142 5600 265 5658 voci
309 5602 605 5670 respondet
632 5619 644 5653 :
673 5616 704 5655 e
732 5616 834 5670 qua
878 5600 1034 5653 ﬂuxit
1084 5616 1279 5654 nomen
1324 5602 1512 5660 Anna,
1547 5601 1747 5656 beatis--

143 5676 304 5729 simae
328 5672 561 5741 Virginis
580 5672 737 5726 Matri
767 5670 997 5724 inditum
1025 5671 1165 5740 quod
1194 5674 1424 5741 gratiam
1458 5671 1743 5741 signiﬁcat,

146 5755 211 5802 ut
242 5758 404 5799 nemo
438 5743 640 5808 nescit;
675 5742 944 5810 tinxitque
968 5743 1131 5795 etiam
1160 5757 1347 5797 verum
1368 5746 1480 5798 mn
1512 5742 1747 5796 miserere

142 5818 247 5871 mei
275 5829 343 5868 :a
366 5830 470 5883 quo
494 5811 973 5885 dccail‘tatissimus
995 5813 1182 5882 incipit
1208 5815 1451 5882 psalmus
1480 5815 1748 5885 quinque-

141 5882 411 5961 gessimus.
448 5886 693 5953 Denique
731 5882 867 5937 dicit
909 5882 1275 5953 Hieronymus
1316 5882 1535 5941 tertium
1567 5882 1746 5950 Anna,

1879 528 2019 611 l‘iun,
2047 528 2157 597 He;
2181 547 2411 611 esseque
2439 528 2885 611 conjunctionem
2908 540 3021 611 sive
3048 528 3485 611 interjectionem

1882 600 2063 676 illam,
2100 604 2265 676 cujus
2315 600 2818 676 interpretationem
2866 609 3093 666 Latinus
3144 600 3326 668 sermo
3372 631 3485 671 non

1879 674 2154 753 exprimit.
2188 674 2257 753 A_t
2298 674 2481 753 littera
2505 678 2644 732 Heth
2674 680 2742 735 ad
2776 682 3085 746 praedictam
3130 684 3478 753 conjunctio-

1880 757 2003 825 nein
2053 746 2175 825 sive
2217 747 2650 825 interjectionem
2700 752 3008 825 nullatenus
3057 746 3310 825 pertinet,
3340 756 3482 814 bene

1878 813 2176 898 quidemad
2192 804 2417 898 verbu'm
2435 804 3265 898 Hebraicuml't'zilerosrperare
3274 804 3310 893 ξ’

1878 893 1965 965 est
1987 889 2144 965 te_rtia_
2191 890 2445 945 radiealis
2470 909 2484 956 ;
2509 902 2591 965 Aet
2617 910 2645 946 a
2675 909 2781 963 quo
2809 889 3000 950 divelli
3027 889 3134 950 non
3167 889 3351 965 potest
3373 889 3481 963 ,lut

1879 956 2316 1036 interjectionem
2350 963 2579 1036 seorsim
2611 956 2941 1029 constituat,
2962 967 3105 1036 quod
3150 956 3343 1025 contra
3368 956 3479 1025 He-

1878 1024 2077 1109 braicae
2104 1031 2295 1099 lingua:
2322 1034 2538 1103 regulas
2559 1036 2819 1109 supponit
2835 1024 3230 1109 Hiérbnymus.
3271 1058 3292 1092 ι

1949 1099 2141 1174 Oleum
2163 1113 2335 1174 atque
2364 1099 2585 1173 operam
2626 1099 2994 1174 perdidissem
3036 1099 3090 1163 in
3130 1108 3234 1165 hoc
3272 1115 3481 1169 exscri-

1878 1167 2059 1248 bendo
2086 1167 2296 1248 nullius
2329 1167 2590 1231 momenti
2621 1167 2965 1248 argumento,
3000 1181 3104 1235 nisi
3131 1167 3478 1240 occasionem

1877 1244 2142 1325 praeberet
2161 1246 2491 1325 restituendi
2520 1244 2831 1325 conteituin
2864 1244 3337 1325 Hieronymianum
3360 1256 3481 1325 epi-

1876 1311 2033 1394 stola:
2064 1315 2621 1394 adDamasuquute
2649 1322 2940 1394 maximam
2974 1311 3186 1376 cladem
3219 1311 3477 1394 perpessa

1876 1392 1961 1465 est
1990 1390 2039 1436 in
2064 1393 2223 1441 antea
2249 1390 2410 1465 editis
2444 1390 2621 1444 libris.
2652 1391 3048 1465 Argumentum
3074 1390 3254 1449 autem
3283 1390 3476 1465 super-

1874 1452 2042 1507 ﬂuum
2084 1471 2148 1534 ac
2186 1458 2391 1534 nullius
2425 1463 2669 1534 nomenti
2710 1452 2852 1528 dico,
2895 1465 3040 1534 quod
3080 1479 3235 1519 suam
3276 1452 3475 1524 habeat

1875 1530 2290 1607 responsionem
2313 1533 2363 1585 in
2380 1532 2513 1601 ipsis
2532 1530 2999 1607 epistola:_verliis.
3016 1534 3097 1589 Ex
3118 1536 3222 1590 illis
3239 1551 3475 1607 namque

1876 1598 2335 1678 manifestissime
2366 1598 2623 1678 apparet,
2649 1605 2796 1678 apud
2831 1606 3219 1678 Hieronymum
3260 1598 3473 1665 Osanna

1876 1672 2222 1737 interpretari
2256 1672 2454 1728 salvum
2473 1675 2577 1744 fac,
2605 1672 2816 1730 obs—erro
2840 1694 2859 1730 :
2880 1693 2981 1733 nec
3004 1672 3248 1733 sanctum
3278 1679 3473 1736 docto-

1875 1752 1988 1819 rem
2029 1757 2280 1819 umquam
2324 1746 2608 1813 ignorasse
2640 1748 2862 1803 verbum
2893 1749 3046 1802 Anna
3069 1764 3192 1806 cmn
3230 1748 3369 1804 Heth
3402 1753 3471 1806 ab

1876 1812 2052 1875 initio,
2090 1812 2402 1890 signiﬁcare
2441 1821 2704 1889 gratiam:
2736 1821 2907 1873 multo
2946 1821 3125 1874 minus
3162 1836 3470 1890 supponere

1798 1896 1845 1955 B
1873 1892 2064 1936 contra
2122 1886 2403 1941 ilebraica:
2443 1886 2642 1960 linguae
2684 1891 2898 1959 regulas
2937 1886 3303 1946 divellendam
3344 1908 3467 1948 esse

1872 1974 2087 2057 tertiam
2117 1976 2414 2057 radicalem
2449 1995 2481 2033 a
2511 1982 2683 2036 verbo
2708 1966 2838 2046 n53,
2870 1992 2927 2057 ut
2952 1998 3074 2057 cum
3108 1984 3465 2057 sequentibus

1868 2043 2160 2123 elementis
2206 2049 2260 2101 in
2293 2066 2428 2123 voce
2470 2067 2717 2123 iiscum,
2751 2043 2982 2107 seorsim
3017 2043 3459 2123 interjectionem

1868 2115 2193 2196 constituat,
2244 2138 2262 2196 ι
2299 2120 2405 2176 Alii
2434 2122 2646 2196 Opinati
2674 2115 2832 2189 sunt,
2864 2115 3458 2196 inquitiiieronymus,

1873 2202 1891 2234 ι
1938 2186 2180 2265 Dsanna,
2206 2192 2441 2265 gloriam
2468 2186 2597 2247 dici.
2630 2194 2802 2249 Porro
2820 2186 3017 2264 gloria:
3040 2194 3255 2250 Chabod
3279 2186 3464 2265 appet;

1872 2276 1891 2307 ‹
1941 2257 2103 2334 latur.
2138 2257 2415 2332 Nonnulli,
2448 2266 2704 2334 gratiam,
2739 2257 2861 2319 cum
2896 2268 3068 2334 gratia
3097 2257 3462 2334 Thetim-sive

1872 2343 1891 2377 ι
1939 2328 2091 2407 Anna
2120 2328 2512 2405 iiuncupeturli
2550 2335 2616 2389 Et
2642 2349 2863 2406 postea:
2898 2328 2922 2388 ἶ
2957 2337 3024 2391 Et
3046 2338 3170 2407 quia
3197 2328 3459 2405 Osianna,

1872 2415 1891 2448 α
1938 2401 2080 2477 quod
2120 2418 2221 2458 nos
2261 2401 2519 2476 corrupte
2558 2401 2785 2477 propter
2828 2401 3193 2477 ignorantiam
3225 2401 3460 2464 dicimus

1871 2486 1890 2519 ι
1942 2469 2174 2548 Osanna,
2220 2469 2485 2548 Asalvilic'a,
2530 2469 2904 2534 sive'5alvuln
2956 2482 3055 2547 fac,
3093 2482 3455 2548 exprimatur,

1870 2557 1889 2591 ‹
1937 2544 2179 2620 omnium
2213 2546 2667 2617 interpretatione
2691 2552 2964 2620 signatum
2998 2544 3102 2605 eat.
3138 2544 3291 2606 Nune
3320 2544 3460 2607 illud

1871 2628 1889 2663 ι
1937 2613 1988 2691 in
2031 2632 2164 2672 cura
2210 2630 2295 2675 est
2333 2613 2465 2691 quid
2506 2622 2625 2676 sine
2664 2613 2968 2690 adfectione
2999 2622 3267 2689 salvandi,
3303 2625 3457 2679 solus

1869 2700 1888 2733 ι
1917 2687 2093 2762 __Anna
2120 2704 2318 2762 sermo
2351 2687 2701 2762 signiﬁcet.»
2731 2687 2905 2759 ’ρυοά
2960 2694 3014 2747 in
3061 2694 3167 2747 line
3207 2687 3457 2762 epistolze

1861 2756 2158 2833 edisseruit
2178 2779 2203 2833 :7
2224 2780 2243 2814 ι
2283 2762 2410 2816 Osia
2424 2756 2564 2833 largo
2587 2756 2829 2817 salviﬁea
2858 2756 3283 2833 interpretatur;
3304 2766 3457 2819 Anna

1868 2845 1886 2878 ι
1938 2830 2247 2903 interjectio
2270 2830 2622 2903 deprecantis
2647 2845 2752 2889 est.
2782 2836 2841 2889 Si
2866 2850 2934 2890 ex
2956 2830 3172 2890 duobus
3203 2835 3290 2889 his
3318 2839 3458 2893 velis

1866 2918 1887 2953 ‹
1933 2902 2295 2969 compositum
2327 2902 2551 2961 verbum
2595 2905 2800 2974 facere,
2849 2906 3000 2961 dices
3046 2906 3301 2973 Osianna,
3337 2908 3456 2964 sive

1864 2986 1886 3021 ι
1936 2982 2001 3045 n_t_
2042 2988 2140 3027 nos
2188 2975 2480 3045 quuimur,
2537 2976 2775 3041 Osanna,
2822 2976 3000 3032 media
3047 2978 3223 3032 vocali
3270 2979 3453 3034 littera

1866 3057 1886 3092 ι
1931 3041 2097 3117 elisa,
2137 3041 2277 3100 eth
2329 3050 2553 3103 Otiosus
2592 3048 2758 3117 igitur
2798 3064 2982 3103 sermo
3031 3050 3123 3103 ille
3170 3049 3454 3104 habendus

1858 3122 1964 3189 est,
1990 3121 2055 3189 et_
2072 3114 2329 3183 frigidum
2358 3114 2737 3189 argumentum
2770 3119 2927 3189 cujus
2954 3120 3306 3175 dillicultates
3334 3120 3452 3188 ipsa

1858 3185 2301 3260 epistolzeverba
2345 3185 2632 3245 enodatius
2672 3185 2986 3257 explicant;
3020 3206 3142 3244 nam
3184 3185 3451 3260 quidquid

1861 3253 1922 3330 in
1945 3269 2011 3309 eo
2053 3258 2217 3325 objici
2263 3263 2438 3330 potuit
2480 3271 2669 3316 contra
2711 3253 3037 3316 Hebraica'm
3078 3253 3449 3317 eruditionem

1860 3323 2214 3402 Hieronymi,
2265 3323 2544 3387 solutione
2590 3343 3028 3402 praeoccupatum
3081 3332 3344 3402 habemus
3393 3334 3447 3387 in

1860 3397 1981 3473 ipso
2025 3397 2268 3468 epistolae
2300 3397 2642 3469 contextu,'e
2672 3420 2778 3473 quo
2814 3397 3058 3458 conﬂant
3100 3401 3290 3457 Critici
3338 3403 3445 3459 hoc

1861 3466 2034 3543 ipsum
2058 3466 2462 3541 argumentum.
2486 3466 2747 3541 Verbum,
2776 3485 2834 3530 ut
2857 3474 2960 3543 iam
2986 3473 3191 3539 monui,
3221 3474 3444 3529 multam

1862 3536 2026 3593 habet
2054 3536 2367 3609 utilitatem,
2400 3562 2464 3600 eo
2496 3546 2639 3614 quod
2674 3536 3088 3601 locum'tribuat
3120 3536 3445 3600 restituendi

1859 3618 2148 3686 contextus
2193 3617 2437 3684 epistolae
2478 3618 2534 3671 in
2576 3617 2738 3672 rebus
2776 3614 2940 3669 etiam
2987 3616 3293 3686 gravissimi
3328 3632 3448 3671 mo-

1862 3684 2052 3755 menti.
2086 3682 2205 3738 Non
2228 3682 2377 3741 enim
2410 3702 2532 3742 eum
2564 3696 2723 3743 antea
2755 3686 2916 3741 editis
2958 3682 3115 3739 libris
3152 3687 3331 3755 legere
3363 3689 3447 3743 fas

1860 3761 1967 3829 est,
2004 3753 2133 3818 Quae
2167 3760 2310 3826 apud
2341 3757 2549 3813 Graecos
2575 3760 2789 3829 ponitur
2816 3753 3259 3829 σχετλιαστικῶξς
3288 3760 3446 3829 cujus

1859 3822 2334 3895 interpretationem
2359 3822 2585 3883 Latinus
2598 3846 2765 3883 sermo
2787 3822 2895 3882 non
2909 3828 3186 3895 exprimit:
3205 3822 3297 3883 sed
3317 3822 3443 3882 cum

1858 3892 2254 3966 antiquissimis
2275 3901 2672 3966 exemplaribus
2695 3892 3106 3962 manuscrintis,
3139 3899 3268 3963 Quae
3296 3899 3442 3966 apud

1860 3958 2069 4038 ercos
2111 3970 2321 4035 ponitur
2360 3958 2447 4031 δὴξ
2483 3982 2527 4024 et
2563 3980 2634 4024 est
2674 3971 2729 4023 in
2777 3976 2943 4026 σῶσον
2981 3958 3255 4038 δήξειῇιιδ
3281 3958 3443 4023 inter-

1861 4036 2459 4112 pretationemLatinus
2508 4057 2673 4094 sermo
2718 4059 2818 4094 non
2871 4040 3129 4112 exprimit.
3163 4036 3294 4094 lHoc
3336 4050 3440 4101 est.

1860 4099 2042 4181 Graeci
2073 4110 2388 4181 exprimunt
2423 4111 2771 4165 Hebraeorum
2813 4099 3252 4181 inteljectionem
3284 4099 3440 4165 Anna

1860 4186 1958 4239 per
1986 4172 2069 4233 δή.
2102 4172 2233 4251 utin
2268 4189 2438 4236 σῶσον
2461 4181 2522 4240 δὴ
2553 4184 2853 4251 supeiiori;
2885 4172 2979 4237 secl
3008 4180 3233 4235 Latinus
3259 4196 3444 4236 sermo

1859 4258 1974 4319 n_ot_i_
2018 4250 2275 4314 exprimit
2321 4253 2469 4306 illam
2518 4250 2954 4319 interjectionem
3007 4254 3060 4305 in
3108 4251 3341 4305 Osianna
3388 4263 3446 4307 et

1858 4313 2138 4392 dstianna,
2171 4323 2295 4390 quia
2342 4339 2437 4389 pro
2470 4323 2553 4377 his
2579 4313 2762 4377 verbis
2789 4323 3111 4392 compositis
3140 4322 3319 4377 reddit
3348 4338 3443 4377 so-

1859 4383 2138 4466 iummodo
2165 4383 2364 4446 salvum
2388 4397 2493 4463 fac,
2522 4403 2579 4448 et
2604 4395 2727 4466 bene
2752 4383 3078 4466 prosperare,
3107 4408 3230 4448 cum
3261 4404 3443 4450 tamen

1859 4453 2553 4536 Latinavertendum'esset
2579 4466 2630 4519 in
2652 4453 2888 4530 Osanna,
2908 4453 3107 4520 salvum
3121 4469 3222 4536 fac,
3241 4481 3442 4536 qua’so;

1858 4536 1913 4609 et
1944 4530 1996 4581 in
2029 4529 2309 4609 Aslt’anna,
2338 4537 2464 4609 bene
2492 4552 2821 4609 prosperare,
2852 4529 3080 4609 Obsecro.
3112 4529 3268 4609 Quod
3298 4529 3441 4609 apud

1858 4595 2080 4674 Graecos
2123 4595 2445 4674 exprimitur
2492 4595 2670 4663 ’σῶσόν
2710 4595 2818 4673 δή(
2850 4616 2906 4663 et
2936 4595 3186 4663 εὺόδωσῖν
3214 4606 3295 4667 δὴ.
3329 4595 3441 4663 ὒτο

1776 4657 1934 4749 Dte,
1973 4671 2162 4741 lector,
2194 4657 2919 4749 am'isaiiis'iiietatyai
2937 4657 3436 4745 semesam;

1856 4740 1902 4793 Si
1932 4756 2097 4810 purus
2125 4740 2330 4817 uspiam
2366 4751 2545 4805 editus
2571 4762 2698 4805 ante
2726 4740 2828 4805 nos
2849 4750 3043 4805 fuisset
3070 4750 3191 4818 ejus
3212 4740 3440 4817 operum

1856 4821 2143 4892 contextus
2184 4822 2251 4874 ad
2294 4822 2453 4877 ﬁdem
2502 4822 3031 4892 quamplurimorum
3063 4818 3318 4892 codicum
3343 4835 3440 4892 ve-

1857 4884 2278 4960 tustissimorum
2310 4902 2363 4946 et
2386 4884 2607 4960 Optimae
2633 4884 2809 4946 noue?
2832 4892 3007 4945 Nolim
3031 4900 3210 4943 tamen
3234 4889 3443 4946 inﬁcias

1857 4954 1936 5030 ire
1963 4957 2149 5014 Graeca
2187 4964 2349 5019 verba
2380 4954 2438 5019 in.
2477 4963 2711 5017 maxima
2754 4960 3249 5030 manuscriptorum
3282 4963 3439 5030 cepia

1857 5026 1928 5104 ita
1957 5030 2250 5104 depravate
2284 5036 2411 5104 legi,
2436 5045 2495 5089 ut
2516 5032 3008 5089 eruditissimorum
3036 5026 3277 5104 virorum
3309 5026 3442 5086 con-

1852 5098 2079 5162 jecturis
2131 5105 2282 5160 locus
2336 5098 2608 5161 tribuatur
2658 5105 2724 5158 ad
2779 5114 2959 5159 textus
3009 5103 3439 5158 restitutionem.

1856 5168 2008 5244 Unde
2030 5174 2222 5230 doctus
2245 5178 2501 5233 Erasmus
2525 5177 2629 5230 hoc
2662 5175 2827 5230 habet
2849 5174 3099 5229 scholion
3123 5174 3175 5228 in
3200 5189 3444 5244 praesens

1853 5243 2077 5319 verbum
2106 5286 2120 5310 ,
2156 5265 2175 5299 ‹
2219 5251 2347 5313 Qua:
2384 5249 2527 5318 apud
2557 5245 2769 5302 Graecos
2810 5248 3043 5319 ponitur.
3077 5245 3176 5300 Hic
3207 5243 3359 5301 locus
3390 5248 3447 5300 in

1853 5314 2109 5388 omnibus
2157 5314 2559 5386 exemplaribus
2605 5320 2675 5372 ita
2719 5314 3048 5388 depravatus
3092 5326 3209 5386 est,
3243 5327 3307 5373 ut
3335 5332 3446 5372 non

1852 5384 2057 5451 possim
2099 5384 2639 5460 liquido—conjicere.
2672 5384 3012 5460 Quamquam
3046 5403 3112 5441 ex
3144 5384 3445 5460 elemento-

1855 5467 1975 5531 rum
2006 5455 2245 5531 vestigiis
2275 5461 2347 5515 ita
2382 5455 2671 5531 legendum
2699 5455 2962 5529 arbitror,
2986 5458 3209 5531 δεήσεως
3231 5461 3299 5531 ᾡς
3319 5455 3437 5527 ἄνα,

1857 5523 1925 5601 id
1943 5533 2029 5578 est
2056 5523 2484 5601 deprecationis,
2515 5543 2574 5585 ut
2602 5529 2719 5599 ἄνα,
2754 5547 2874 5599 quae
2908 5523 3016 5584 vox
3048 5530 3189 5601 apud
3220 5523 3440 5583 Graecos

1856 5594 2149 5680 aiiquantio
2186 5613 2271 5657 est
2309 5594 2669 5680 obsecrantis,
2701 5594 3002 5670 priesertim
3045 5594 3184 5680 apud
3229 5606 3439 5680 poetas.

1862 5667 2061 5743 Verum
2108 5671 2247 5727 hanc
2290 5675 2658 5743 conjecturam
2703 5667 2877 5726 meam
2921 5667 3172 5743 protinus
3207 5668 3439 5743 rejiciat,

1858 5738 1951 5821 qui
1986 5744 2317 5821 probabilius
2348 5738 2548 5821 aliquid
2578 5744 2870 5821 invenerit,
2899 5738 3041 5821 etc.»
3083 5739 3201 5821 Non
3236 5739 3439 5821 proba-

1858 5809 2248 5891 biliori_a_l_iqua
2276 5809 2588 5891 conjectura
2618 5810 3111 5891 protinusniilrasmi
3153 5810 3440 5891 conjectu-

1859 5896 1975 5935 ram
2022 5883 2340 5953 abjicimus;
2385 5883 2488 5940 sed
2535 5886 2817 5953 explorata
2863 5883 2966 5939 lide
3010 5888 3068 5938 et
3115 5883 3442 5937 auctoritate
