  <div class='ocr_page' id='page_1' title='image "/cluster/home/n/w/nwhite01/storage/ocr_20150623/23/uva.x000775467/771.png"; bbox 0 0 3962 6378; ppageno 0'>
   <div class='ocr_carea' id='block_1_1' title="bbox 439 334 573 391">
    <p class='ocr_par' dir='ltr' id='par_1_1' title="bbox 439 334 573 391">
     <span class='ocr_line' id='line_1_1' title="bbox 439 334 573 391; baseline -0.03 0"><span class='ocrx_word' id='word_1_1' title='bbox 439 334 573 391; x_wconf 69' lang='lat' dir='ltr'><strong>lLi&#39;l</strong></span> 
     </span>
    </p>
   </div>
   <div class='ocr_carea' id='block_1_2' title="bbox 1197 318 2962 382">
    <p class='ocr_par' dir='ltr' id='par_1_2' title="bbox 1197 318 2962 382">
     <span class='ocr_line' id='line_1_2' title="bbox 1197 318 2962 382; baseline -0.006 0"><span class='ocrx_word' id='word_1_2' title='bbox 1197 326 1289 382; x_wconf 80' lang='lat' dir='ltr'><strong>AD</strong></span> <span class='ocrx_word' id='word_1_3' title='bbox 1328 323 1572 382; x_wconf 76' lang='lat' dir='ltr'><strong>TOMUM</strong></span> <span class='ocrx_word' id='word_1_4' title='bbox 1616 323 1685 380; x_wconf 87' lang='lat' dir='ltr'><strong>Ill</strong></span> <span class='ocrx_word' id='word_1_5' title='bbox 1723 323 2014 380; x_wconf 79' lang='lat' dir='ltr'><strong>OPERUM</strong></span> <span class='ocrx_word' id='word_1_6' title='bbox 2057 321 2117 379; x_wconf 91' lang='lat' dir='ltr'><strong>S.</strong></span> <span class='ocrx_word' id='word_1_7' title='bbox 2163 320 2551 377; x_wconf 76' lang='lat' dir='ltr'><strong>HIERONYMI</strong></span> <span class='ocrx_word' id='word_1_8' title='bbox 2588 318 2962 376; x_wconf 78' lang='lat' dir='ltr'><strong>APPENDIX.</strong></span> 
     </span>
    </p>
   </div>
   <div class='ocr_carea' id='block_1_3' title="bbox 3635 302 3781 360">
    <p class='ocr_par' dir='ltr' id='par_1_3' title="bbox 3635 302 3781 360">
     <span class='ocr_line' id='line_1_3' title="bbox 3635 302 3781 360; baseline 0 -1"><span class='ocrx_word' id='word_1_9' title='bbox 3635 302 3781 360; x_wconf 71' lang='grc'><strong>1528</strong></span> 
     </span>
    </p>
   </div>
   <div class='ocr_carea' id='block_1_4' title="bbox 437 422 3785 517">
    <p class='ocr_par' dir='ltr' id='par_1_4' title="bbox 437 422 3785 517">
     <span class='ocr_line' id='line_1_4' title="bbox 437 422 3785 517; baseline -0.008 -8"><span class='ocrx_word' id='word_1_10' title='bbox 437 451 739 510; x_wconf 75' lang='lat' dir='ltr'><strong>scribebat:</strong></span> <span class='ocrx_word' id='word_1_11' title='bbox 760 467 778 499; x_wconf 75' lang='grc' dir='ltr'><strong>ι</strong></span> <span class='ocrx_word' id='word_1_12' title='bbox 803 446 930 502; x_wconf 83' lang='lat' dir='ltr'><strong>Alus</strong></span> <span class='ocrx_word' id='word_1_13' title='bbox 947 445 1354 517; x_wconf 73' lang='lat' dir='ltr'><strong>tenuenta,sive</strong></span> <span class='ocrx_word' id='word_1_14' title='bbox 1369 444 1670 517; x_wconf 82' lang='lat' dir='ltr'><strong>c_0ntmisce;</strong></span> <span class='ocrx_word' id='word_1_15' title='bbox 1694 443 1836 512; x_wconf 90' lang='lat' dir='ltr'><strong>quod</strong></span> <span class='ocrx_word' id='word_1_16' title='bbox 1849 441 2041 517; x_wconf 67' lang='lat' dir='ltr'><strong>Graice</strong></span> <span class='ocrx_word' id='word_1_17' title='bbox 2068 444 2122 501; x_wconf 82' lang='grc' dir='ltr'><strong>Α</strong></span> <span class='ocrx_word' id='word_1_18' title='bbox 2147 449 2397 517; x_wconf 80' lang='lat' dir='ltr'><strong>remanet</strong></span> <span class='ocrx_word' id='word_1_19' title='bbox 2426 437 2938 517; x_wconf 52' lang='lat' dir='ltr'><strong>llietonymusmisi</strong></span> <span class='ocrx_word' id='word_1_20' title='bbox 2983 435 3183 517; x_wconf 68' lang='lat' dir='ltr'><strong>ignotis</strong></span> <span class='ocrx_word' id='word_1_21' title='bbox 3203 422 3785 517; x_wconf 34' lang='lat' dir='ltr'><strong>.acquiescatnl‘t‘sus‘i:</strong></span> 
     </span>
    </p>
   </div>
   <div class='ocr_carea' id='block_1_5' title="bbox 441 514 2043 604">
    <p class='ocr_par' dir='ltr' id='par_1_5' title="bbox 441 514 2043 604">
     <span class='ocr_line' id='line_1_5' title="bbox 441 514 2043 604; baseline -0.006 -27"><span class='ocrx_word' id='word_1_22' title='bbox 441 545 468 604; x_wconf 76' lang='lat'><strong>¢_</strong></span> <span class='ocrx_word' id='word_1_23' title='bbox 497 525 697 604; x_wconf 80' lang='lat' dir='ltr'><strong>dicitur</strong></span> <span class='ocrx_word' id='word_1_24' title='bbox 727 514 1002 604; x_wconf 33' lang='lat' dir='ltr'><strong>-mdpa‘ajo-v.</strong></span> <span class='ocrx_word' id='word_1_25' title='bbox 1033 537 1051 568; x_wconf 78' lang='grc' dir='ltr'><strong>ι</strong></span> <span class='ocrx_word' id='word_1_26' title='bbox 1106 514 1521 604; x_wconf 33' lang='lat' dir='ltr'><strong>Hancnprolec-to</strong></span> <span class='ocrx_word' id='word_1_27' title='bbox 1553 515 2043 604; x_wconf 17' lang='grc' dir='ltr'><strong>⁸ιιιιριςςιςῨιιιὶιιιιιιὲξ</strong></span> 
     </span>
    </p>
   </div>
   <div class='ocr_carea' id='block_1_6' title="bbox 437 587 2042 654">
    <p class='ocr_par' dir='ltr' id='par_1_6' title="bbox 437 587 2042 654">
     <span class='ocr_line' id='line_1_6' title="bbox 437 587 2042 654; baseline -0.009 -3"><span class='ocrx_word' id='word_1_28' title='bbox 437 587 1024 651; x_wconf 71' lang='grc' dir='ltr'><strong>ἀριιιιθτιιηι’νίιιᾱὶρθε</strong></span> <span class='ocrx_word' id='word_1_29' title='bbox 1067 587 1385 643; x_wconf 85' lang='lat' dir='ltr'><strong>eruditionis</strong></span> <span class='ocrx_word' id='word_1_30' title='bbox 1414 587 1846 654; x_wconf 70' lang='lat' dir='ltr'><strong>Hieronymianre</strong></span> <span class='ocrx_word' id='word_1_31' title='bbox 1873 627 1888 648; x_wconf 91' lang='lat'><strong>,</strong></span> <span class='ocrx_word' id='word_1_32' title='bbox 1922 598 2042 652; x_wconf 60' lang='lat' dir='ltr'><strong>qua:</strong></span> 
     </span>
    </p>
   </div>
   <div class='ocr_carea' id='block_1_7' title="bbox 437 655 2044 733">
    <p class='ocr_par' dir='ltr' id='par_1_7' title="bbox 437 655 2044 733">
     <span class='ocr_line' id='line_1_7' title="bbox 437 655 2044 733; baseline -0.009 -9"><span class='ocrx_word' id='word_1_33' title='bbox 437 662 785 733; x_wconf 84' lang='lat' dir='ltr'><strong>inculpabilis</strong></span> <span class='ocrx_word' id='word_1_34' title='bbox 815 675 1038 733; x_wconf 81' lang='lat' dir='ltr'><strong>prorsus</strong></span> <span class='ocrx_word' id='word_1_35' title='bbox 1069 659 1312 714; x_wconf 88' lang='lat' dir='ltr'><strong>habenda</strong></span> <span class='ocrx_word' id='word_1_36' title='bbox 1344 667 1453 723; x_wconf 89' lang='lat' dir='ltr'><strong>est,</strong></span> <span class='ocrx_word' id='word_1_37' title='bbox 1485 673 1608 733; x_wconf 84' lang='lat' dir='ltr'><strong>eum</strong></span> <span class='ocrx_word' id='word_1_38' title='bbox 1642 657 1718 733; x_wconf 82' lang='lat' dir='ltr'><strong>ait</strong></span> <span class='ocrx_word' id='word_1_39' title='bbox 1748 674 1760 709; x_wconf 91' lang='lat'><strong>:</strong></span> <span class='ocrx_word' id='word_1_40' title='bbox 1798 675 1817 708; x_wconf 75' lang='lat' dir='ltr'><strong>t</strong></span> <span class='ocrx_word' id='word_1_41' title='bbox 1870 655 2044 733; x_wconf 77' lang='lat' dir='ltr'><strong>luter-</strong></span> 
     </span>
    </p>
   </div>
   <div class='ocr_carea' id='block_1_8' title="bbox 443 727 2039 805">
    <p class='ocr_par' dir='ltr' id='par_1_8' title="bbox 443 727 2039 805">
     <span class='ocr_line' id='line_1_8' title="bbox 443 727 2039 805; baseline -0.007 -15"><span class='ocrx_word' id='word_1_42' title='bbox 443 757 462 790; x_wconf 74' lang='grc' dir='ltr'><strong>ι</strong></span> <span class='ocrx_word' id='word_1_43' title='bbox 501 727 853 805; x_wconf 51' lang='grc' dir='ltr'>ρι’θίιιιιιιδιιιιὶξ</span> <span class='ocrx_word' id='word_1_44' title='bbox 881 731 1032 796; x_wconf 78' lang='lat' dir='ltr'><strong>Aius,</strong></span> <span class='ocrx_word' id='word_1_45' title='bbox 1051 735 1354 805; x_wconf 72' lang='lat' dir='ltr'><strong>{erittantum</strong></span> <span class='ocrx_word' id='word_1_46' title='bbox 1381 744 1398 782; x_wconf 90' lang='lat'><strong><em>:</em></strong></span> <span class='ocrx_word' id='word_1_47' title='bbox 1421 729 1561 805; x_wconf 82' lang='lat' dir='ltr'><strong>quod</strong></span> <span class='ocrx_word' id='word_1_48' title='bbox 1589 729 1787 805; x_wconf 77' lang='lat' dir='ltr'><strong>tollens</strong></span> <span class='ocrx_word' id='word_1_49' title='bbox 1819 727 2039 792; x_wconf 85' lang='lat' dir='ltr'><strong>mulier,</strong></span> 
     </span>
    </p>
   </div>
   <div class='ocr_carea' id='block_1_9' title="bbox 443 800 2044 867">
    <p class='ocr_par' dir='ltr' id='par_1_9' title="bbox 443 800 2044 867">
     <span class='ocr_line' id='line_1_9' title="bbox 443 800 2044 867; baseline -0.005 -7"><span class='ocrx_word' id='word_1_50' title='bbox 443 828 463 860; x_wconf 84' lang='grc'><strong>‹</strong></span> <span class='ocrx_word' id='word_1_51' title='bbox 501 800 719 861; x_wconf 81' lang='lat' dir='ltr'><strong>miscuit</strong></span> <span class='ocrx_word' id='word_1_52' title='bbox 745 800 933 858; x_wconf 63' lang='lat' dir='ltr'><strong>farinae</strong></span> <span class='ocrx_word' id='word_1_53' title='bbox 964 802 1098 857; x_wconf 89' lang='lat' dir='ltr'><strong>satis</strong></span> <span class='ocrx_word' id='word_1_54' title='bbox 1147 801 1363 867; x_wconf 91' lang='lat' dir='ltr'><strong>tribus,</strong></span> <span class='ocrx_word' id='word_1_55' title='bbox 1403 802 1577 856; x_wconf 90' lang='lat' dir='ltr'><strong>donec</strong></span> <span class='ocrx_word' id='word_1_56' title='bbox 1621 800 2044 855; x_wconf 87' lang='lat' dir='ltr'><strong>fermentaretur</strong></span> 
     </span>
    </p>
   </div>
   <div class='ocr_carea' id='block_1_10' title="bbox 445 886 749 933">
    <p class='ocr_par' dir='ltr' id='par_1_10' title="bbox 445 886 749 933">
     <span class='ocr_line' id='line_1_10' title="bbox 445 886 749 933; baseline -0.016 0"><span class='ocrx_word' id='word_1_57' title='bbox 445 897 465 932; x_wconf 72' lang='grc' dir='ltr'><strong>ι</strong></span> <span class='ocrx_word' id='word_1_58' title='bbox 502 886 695 933; x_wconf 89' lang='lat' dir='ltr'><strong>totum.</strong></span> <span class='ocrx_word' id='word_1_59' title='bbox 731 896 749 929; x_wconf 75' lang='grc' dir='ltr'><strong>ι</strong></span> 
     </span>
    </p>
   </div>
   <div class='ocr_carea' id='block_1_11' title="bbox 513 941 2046 1015">
    <p class='ocr_par' dir='ltr' id='par_1_11' title="bbox 513 941 2046 1015">
     <span class='ocr_line' id='line_1_11' title="bbox 513 941 2046 1015; baseline -0.007 -12"><span class='ocrx_word' id='word_1_60' title='bbox 513 948 858 1003; x_wconf 88' lang='lat' dir='ltr'><strong>Latissimum</strong></span> <span class='ocrx_word' id='word_1_61' title='bbox 888 963 1016 1002; x_wconf 89' lang='lat' dir='ltr'><strong>vero</strong></span> <span class='ocrx_word' id='word_1_62' title='bbox 1047 944 1433 1015; x_wconf 91' lang='lat' dir='ltr'><strong>disputationis</strong></span> <span class='ocrx_word' id='word_1_63' title='bbox 1455 957 1704 1012; x_wconf 84' lang='lat' dir='ltr'><strong>campum</strong></span> <span class='ocrx_word' id='word_1_64' title='bbox 1730 941 2046 1015; x_wconf 80' lang='lat' dir='ltr'><strong>nobispan-</strong></span> 
     </span>
    </p>
   </div>
   <div class='ocr_carea' id='block_1_12' title="bbox 436 1013 2040 1088">
    <p class='ocr_par' dir='ltr' id='par_1_12' title="bbox 436 1013 2040 1088">
     <span class='ocr_line' id='line_1_12' title="bbox 436 1013 2040 1088; baseline -0.005 -13"><span class='ocrx_word' id='word_1_65' title='bbox 436 1022 517 1075; x_wconf 86' lang='lat' dir='ltr'><strong>dit</strong></span> <span class='ocrx_word' id='word_1_66' title='bbox 553 1019 862 1074; x_wconf 75' lang='lat' dir='ltr'><strong>observatio</strong></span> <span class='ocrx_word' id='word_1_67' title='bbox 911 1013 1150 1088; x_wconf 79' lang='lat' dir='ltr'><strong>sequens</strong></span> <span class='ocrx_word' id='word_1_68' title='bbox 1184 1016 1424 1088; x_wconf 73' lang='lat' dir='ltr'><strong>Summa:</strong></span> <span class='ocrx_word' id='word_1_69' title='bbox 1472 1015 1689 1088; x_wconf 74' lang='lat' dir='ltr'><strong>Biblicze</strong></span> <span class='ocrx_word' id='word_1_70' title='bbox 1735 1029 1854 1088; x_wconf 82' lang='lat' dir='ltr'><strong>pag.</strong></span> <span class='ocrx_word' id='word_1_71' title='bbox 1893 1013 2040 1067; x_wconf 77' lang='lat' dir='ltr'><strong>Mli:</strong></span> 
     </span>
    </p>
   </div>
   <div class='ocr_carea' id='block_1_13' title="bbox 441 1085 2041 1158">
    <p class='ocr_par' dir='ltr' id='par_1_13' title="bbox 441 1085 2041 1158">
     <span class='ocr_line' id='line_1_13' title="bbox 441 1085 2041 1158; baseline -0.006 -14"><span class='ocrx_word' id='word_1_72' title='bbox 441 1111 460 1144; x_wconf 75' lang='grc' dir='ltr'><strong>ι</strong></span> <span class='ocrx_word' id='word_1_73' title='bbox 498 1092 619 1144; x_wconf 75' lang='lat' dir='ltr'><strong>Abel</strong></span> <span class='ocrx_word' id='word_1_74' title='bbox 649 1091 832 1144; x_wconf 70' lang='lat' dir='ltr'><strong>Asirim</strong></span> <span class='ocrx_word' id='word_1_75' title='bbox 863 1085 1125 1158; x_wconf 86' lang='lat' dir='ltr'><strong>scriptori,</strong></span> <span class='ocrx_word' id='word_1_76' title='bbox 1162 1102 1247 1140; x_wconf 89' lang='lat' dir='ltr'><strong>me</strong></span> <span class='ocrx_word' id='word_1_77' title='bbox 1272 1086 1473 1158; x_wconf 84' lang='lat' dir='ltr'><strong>judice.</strong></span> <span class='ocrx_word' id='word_1_78' title='bbox 1509 1086 1676 1158; x_wconf 88' lang='lat' dir='ltr'><strong>tribui</strong></span> <span class='ocrx_word' id='word_1_79' title='bbox 1706 1085 1902 1158; x_wconf 77' lang='lat' dir='ltr'><strong>debet,</strong></span> <span class='ocrx_word' id='word_1_80' title='bbox 1936 1099 2041 1158; x_wconf 89' lang='lat' dir='ltr'><strong>non</strong></span> 
     </span>
    </p>
   </div>
   <div class='ocr_carea' id='block_1_14' title="bbox 439 1156 2043 1228">
    <p class='ocr_par' dir='ltr' id='par_1_14' title="bbox 439 1156 2043 1228">
     <span class='ocr_line' id='line_1_14' title="bbox 439 1156 2043 1228; baseline -0.006 -12"><span class='ocrx_word' id='word_1_81' title='bbox 439 1163 694 1216; x_wconf 89' lang='lat' dir='ltr'><strong>auctori:</strong></span> <span class='ocrx_word' id='word_1_82' title='bbox 738 1177 896 1228; x_wconf 97' lang='lat' dir='ltr'><strong>quem</strong></span> <span class='ocrx_word' id='word_1_83' title='bbox 964 1156 1259 1215; x_wconf 73' lang='lat' dir='ltr'><strong>verisimile</strong></span> <span class='ocrx_word' id='word_1_84' title='bbox 1311 1168 1392 1212; x_wconf 84' lang='lat' dir='ltr'><strong>est</strong></span> <span class='ocrx_word' id='word_1_85' title='bbox 1438 1157 1634 1226; x_wconf 78' lang='lat' dir='ltr'><strong>legisse</strong></span> <span class='ocrx_word' id='word_1_86' title='bbox 1681 1156 1806 1228; x_wconf 86' lang='lat' dir='ltr'><strong>Abel</strong></span> <span class='ocrx_word' id='word_1_87' title='bbox 1853 1157 2043 1228; x_wconf 83' lang='lat' dir='ltr'><strong>Asirim</strong></span> 
     </span>
    </p>
   </div>
   <div class='ocr_carea' id='block_1_15' title="bbox 439 1227 2044 1300">
    <p class='ocr_par' dir='ltr' id='par_1_15' title="bbox 439 1227 2044 1300">
     <span class='ocr_line' id='line_1_15' title="bbox 439 1227 2044 1300; baseline -0.005 -12"><span class='ocrx_word' id='word_1_88' title='bbox 439 1250 562 1288; x_wconf 90' lang='lat' dir='ltr'><strong>cum</strong></span> <span class='ocrx_word' id='word_1_89' title='bbox 589 1227 808 1287; x_wconf 77' lang='lat' dir='ltr'><strong>Samech</strong></span> <span class='ocrx_word' id='word_1_90' title='bbox 840 1249 858 1285; x_wconf 91' lang='lat'><strong><em>:</em></strong></span> <span class='ocrx_word' id='word_1_91' title='bbox 884 1233 1027 1300; x_wconf 88' lang='lat' dir='ltr'><strong>quod</strong></span> <span class='ocrx_word' id='word_1_92' title='bbox 1059 1229 1254 1283; x_wconf 82' lang='lat' dir='ltr'><strong>luctum</strong></span> <span class='ocrx_word' id='word_1_93' title='bbox 1284 1229 1551 1297; x_wconf 75' lang='lat' dir='ltr'><strong>spinarum</strong></span> <span class='ocrx_word' id='word_1_94' title='bbox 1589 1227 1793 1300; x_wconf 86' lang='lat' dir='ltr'><strong>optime</strong></span> <span class='ocrx_word' id='word_1_95' title='bbox 1821 1227 2044 1281; x_wconf 86' lang='lat' dir='ltr'><strong>verterit</strong></span> 
     </span>
    </p>
   </div>
   <div class='ocr_carea' id='block_1_16' title="bbox 441 1299 2043 1374">
    <p class='ocr_par' dir='ltr' id='par_1_16' title="bbox 441 1299 2043 1374">
     <span class='ocr_line' id='line_1_16' title="bbox 441 1299 2043 1374; baseline -0.005 -16"><span class='ocrx_word' id='word_1_96' title='bbox 441 1306 825 1374; x_wconf 74' lang='lat' dir='ltr'><strong>llicroltymtts.</strong></span> <span class='ocrx_word' id='word_1_97' title='bbox 844 1323 862 1355; x_wconf 75' lang='grc' dir='ltr'><strong>ι</strong></span> <span class='ocrx_word' id='word_1_98' title='bbox 885 1305 1032 1357; x_wconf 89' lang='lat' dir='ltr'><strong>Hanc</strong></span> <span class='ocrx_word' id='word_1_99' title='bbox 1062 1305 1206 1374; x_wconf 91' lang='lat' dir='ltr'><strong>enim</strong></span> <span class='ocrx_word' id='word_1_100' title='bbox 1235 1300 1602 1374; x_wconf 73' lang='lat' dir='ltr'><strong>conjecturam</strong></span> <span class='ocrx_word' id='word_1_101' title='bbox 1631 1299 1842 1374; x_wconf 78' lang='lat' dir='ltr'><strong>longius</strong></span> <span class='ocrx_word' id='word_1_102' title='bbox 1861 1313 1888 1350; x_wconf 90' lang='lat' dir='ltr'><strong>a</strong></span> <span class='ocrx_word' id='word_1_103' title='bbox 1913 1313 2043 1374; x_wconf 72' lang='lat' dir='ltr'><strong>vero</strong></span> 
     </span>
    </p>
   </div>
   <div class='ocr_carea' id='block_1_17' title="bbox 435 1369 2043 1442">
    <p class='ocr_par' dir='ltr' id='par_1_17' title="bbox 435 1369 2043 1442">
     <span class='ocr_line' id='line_1_17' title="bbox 435 1369 2043 1442; baseline -0.004 -13"><span class='ocrx_word' id='word_1_104' title='bbox 435 1369 855 1442; x_wconf 58' lang='lat' dir='ltr'><strong>abesse&#39;palam</strong></span> <span class='ocrx_word' id='word_1_105' title='bbox 902 1376 1159 1429; x_wconf 89' lang='lat' dir='ltr'><strong>evincunt</strong></span> <span class='ocrx_word' id='word_1_106' title='bbox 1186 1371 1356 1440; x_wconf 87' lang='lat' dir='ltr'><strong>ipsius</strong></span> <span class='ocrx_word' id='word_1_107' title='bbox 1408 1369 2043 1442; x_wconf 81' lang='lat' dir='ltr'><strong>Hieronymicontrariae</strong></span> 
     </span>
    </p>
   </div>
   <div class='ocr_carea' id='block_1_18' title="bbox 435 1439 2042 1513">
    <p class='ocr_par' dir='ltr' id='par_1_18' title="bbox 435 1439 2042 1513">
     <span class='ocr_line' id='line_1_18' title="bbox 435 1439 2042 1513; baseline -0.004 -13"><span class='ocrx_word' id='word_1_108' title='bbox 435 1439 847 1500; x_wconf 81' lang='lat' dir='ltr'><strong>observatimies</strong></span> <span class='ocrx_word' id='word_1_109' title='bbox 882 1449 934 1499; x_wconf 89' lang='lat' dir='ltr'><strong>in</strong></span> <span class='ocrx_word' id='word_1_110' title='bbox 967 1454 1128 1513; x_wconf 81' lang='lat' dir='ltr'><strong>caput</strong></span> <span class='ocrx_word' id='word_1_111' title='bbox 1155 1444 1372 1497; x_wconf 88' lang='lat' dir='ltr'><strong>tertium</strong></span> <span class='ocrx_word' id='word_1_112' title='bbox 1399 1441 1566 1496; x_wconf 85' lang='lat' dir='ltr'><strong>Joelis</strong></span> <span class='ocrx_word' id='word_1_113' title='bbox 1598 1439 1899 1513; x_wconf 73' lang='lat' dir='ltr'><strong>prophetzn,</strong></span> <span class='ocrx_word' id='word_1_114' title='bbox 1951 1439 2042 1494; x_wconf 86' lang='lat' dir='ltr'><strong>ubi</strong></span> 
     </span>
    </p>
   </div>
   <div class='ocr_carea' id='block_1_19' title="bbox 437 1511 2040 1586">
    <p class='ocr_par' dir='ltr' id='par_1_19' title="bbox 437 1511 2040 1586">
     <span class='ocr_line' id='line_1_19' title="bbox 437 1511 2040 1586; baseline -0.004 -16"><span class='ocrx_word' id='word_1_115' title='bbox 437 1519 507 1571; x_wconf 88' lang='lat' dir='ltr'><strong>dc</strong></span> <span class='ocrx_word' id='word_1_116' title='bbox 559 1528 799 1572; x_wconf 85' lang='lat' dir='ltr'><strong>torrente</strong></span> <span class='ocrx_word' id='word_1_117' title='bbox 851 1511 1128 1586; x_wconf 77' lang='lat' dir='ltr'><strong>spinarum</strong></span> <span class='ocrx_word' id='word_1_118' title='bbox 1184 1515 1271 1586; x_wconf 12' lang='lat' dir='ltr'><strong>sic,</strong></span> <span class='ocrx_word' id='word_1_119' title='bbox 1308 1513 1541 1567; x_wconf 90' lang='lat' dir='ltr'><strong>instituit</strong></span> <span class='ocrx_word' id='word_1_120' title='bbox 1575 1511 2040 1586; x_wconf 81' lang='lat' dir='ltr'><strong>disputationem:</strong></span> 
     </span>
    </p>
   </div>
   <div class='ocr_carea' id='block_1_20' title="bbox 441 1582 2039 1670">
    <p class='ocr_par' dir='ltr' id='par_1_20' title="bbox 441 1582 2039 1670">
     <span class='ocr_line' id='line_1_20' title="bbox 441 1582 2039 1670; baseline -0.001 -31"><span class='ocrx_word' id='word_1_121' title='bbox 441 1608 460 1639; x_wconf 70' lang='grc' dir='ltr'>ε</span> <span class='ocrx_word' id='word_1_122' title='bbox 503 1591 608 1642; x_wconf 87' lang='lat' dir='ltr'><strong>Pro</strong></span> <span class='ocrx_word' id='word_1_123' title='bbox 640 1598 864 1670; x_wconf 73' lang='lat' dir='ltr'><strong>torrente</strong></span> <span class='ocrx_word' id='word_1_124' title='bbox 883 1582 1188 1670; x_wconf 69' lang='lat' dir='ltr'><strong>spinarum,</strong></span> <span class='ocrx_word' id='word_1_125' title='bbox 1237 1584 1591 1670; x_wconf 59' lang='lat' dir='ltr'><strong>Septuaginta</strong></span> <span class='ocrx_word' id='word_1_126' title='bbox 1626 1582 2039 1670; x_wconf 48' lang='lat' dir='ltr'><strong>transtulerunt,</strong></span> 
     </span>
    </p>
   </div>
   <div class='ocr_carea' id='block_1_21' title="bbox 446 1653 2045 1730">
    <p class='ocr_par' dir='ltr' id='par_1_21' title="bbox 446 1653 2045 1730">
     <span class='ocr_line' id='line_1_21' title="bbox 446 1653 2045 1730; baseline -0.001 -20"><span class='ocrx_word' id='word_1_127' title='bbox 446 1678 465 1710; x_wconf 75' lang='grc' dir='ltr'><strong>ι</strong></span> <span class='ocrx_word' id='word_1_128' title='bbox 503 1669 774 1713; x_wconf 74' lang='lat' dir='ltr'><strong>torrentem</strong></span> <span class='ocrx_word' id='word_1_129' title='bbox 808 1653 1182 1730; x_wconf 74' lang='lat' dir='ltr'><strong>faniwlorum,</strong></span> <span class='ocrx_word' id='word_1_130' title='bbox 1236 1656 1287 1730; x_wconf 76' lang='lat' dir='ltr'><strong>id</strong></span> <span class='ocrx_word' id='word_1_131' title='bbox 1336 1659 1704 1730; x_wconf 66' lang='lat' dir='ltr'><strong>cst,_xoivmv.</strong></span> <span class='ocrx_word' id='word_1_132' title='bbox 1753 1653 1905 1720; x_wconf 83' lang='lat' dir='ltr'><strong>Quod</strong></span> <span class='ocrx_word' id='word_1_133' title='bbox 1953 1665 2045 1708; x_wconf 87' lang='lat' dir='ltr'><strong>attt</strong></span> 
     </span>
    </p>
   </div>
   <div class='ocr_carea' id='block_1_22' title="bbox 445 1725 2042 1799">
    <p class='ocr_par' dir='ltr' id='par_1_22' title="bbox 445 1725 2042 1799">
     <span class='ocr_line' id='line_1_22' title="bbox 445 1725 2042 1799; baseline -0.002 -18"><span class='ocrx_word' id='word_1_134' title='bbox 445 1750 466 1781; x_wconf 83' lang='grc'><em>‹</em></span> <span class='ocrx_word' id='word_1_135' title='bbox 507 1730 777 1784; x_wconf 89' lang='lat' dir='ltr'><strong>funiculos</strong></span> <span class='ocrx_word' id='word_1_136' title='bbox 806 1725 1094 1799; x_wconf 81' lang='lat' dir='ltr'><strong>signiﬁcat,</strong></span> <span class='ocrx_word' id='word_1_137' title='bbox 1120 1735 1207 1780; x_wconf 92' lang='lat' dir='ltr'><strong>aut</strong></span> <span class='ocrx_word' id='word_1_138' title='bbox 1240 1726 1394 1795; x_wconf 81' lang='lat' dir='ltr'><strong>juxta</strong></span> <span class='ocrx_word' id='word_1_139' title='bbox 1419 1725 1703 1799; x_wconf 32' lang='lat' dir='ltr'><strong>Eg’yptios</strong></span> <span class='ocrx_word' id='word_1_140' title='bbox 1736 1738 2042 1781; x_wconf 82' lang='lat' dir='ltr'><strong>mensuram</strong></span> 
     </span>
    </p>
   </div>
   <div class='ocr_carea' id='block_1_23' title="bbox 444 1797 2039 1866">
    <p class='ocr_par' dir='ltr' id='par_1_23' title="bbox 444 1797 2039 1866">
     <span class='ocr_line' id='line_1_23' title="bbox 444 1797 2039 1866; baseline -0.004 -10"><span class='ocrx_word' id='word_1_141' title='bbox 444 1819 463 1851; x_wconf 69' lang='grc' dir='ltr'>ί</span> <span class='ocrx_word' id='word_1_142' title='bbox 497 1802 628 1856; x_wconf 86' lang='lat' dir='ltr'><strong>certi</strong></span> <span class='ocrx_word' id='word_1_143' title='bbox 663 1797 895 1866; x_wconf 78' lang='lat' dir='ltr'><strong>itineris,</strong></span> <span class='ocrx_word' id='word_1_144' title='bbox 923 1800 1209 1854; x_wconf 83' lang='lat' dir='ltr'><strong>Psalmista</strong></span> <span class='ocrx_word' id='word_1_145' title='bbox 1239 1799 1456 1851; x_wconf 86' lang='lat' dir='ltr'><strong>dicente</strong></span> <span class='ocrx_word' id='word_1_146' title='bbox 1486 1817 1498 1851; x_wconf 90' lang='lat'><strong>:</strong></span> <span class='ocrx_word' id='word_1_147' title='bbox 1544 1797 1804 1853; x_wconf 82' lang='lat' dir='ltr'><strong>Setnitatn</strong></span> <span class='ocrx_word' id='word_1_148' title='bbox 1838 1810 2039 1863; x_wconf 88' lang='lat' dir='ltr'><strong>meam,</strong></span> 
     </span>
    </p>
   </div>
   <div class='ocr_carea' id='block_1_24' title="bbox 448 1867 2034 1942">
    <p class='ocr_par' dir='ltr' id='par_1_24' title="bbox 448 1867 2034 1942">
     <span class='ocr_line' id='line_1_24' title="bbox 448 1867 2034 1942; baseline -0.001 -19"><span class='ocrx_word' id='word_1_149' title='bbox 448 1892 468 1923; x_wconf 85' lang='grc'><strong><em>‹</em></strong></span> <span class='ocrx_word' id='word_1_150' title='bbox 506 1882 561 1926; x_wconf 89' lang='lat' dir='ltr'><strong>et</strong></span> <span class='ocrx_word' id='word_1_151' title='bbox 583 1872 873 1942; x_wconf 74' lang='lat' dir='ltr'><strong>funiculum</strong></span> <span class='ocrx_word' id='word_1_152' title='bbox 904 1887 1085 1926; x_wconf 88' lang='lat' dir='ltr'><strong>meum</strong></span> <span class='ocrx_word' id='word_1_153' title='bbox 1132 1879 1195 1942; x_wconf 63' lang='grc' dir='ltr'><strong>ιιιΔ</strong></span> <span class='ocrx_word' id='word_1_154' title='bbox 1233 1869 1586 1942; x_wconf 72' lang='lat' dir='ltr'><strong>investigasti.</strong></span> <span class='ocrx_word' id='word_1_155' title='bbox 1641 1869 1704 1942; x_wconf 74' lang='grc' dir='ltr'><strong>ΙιιΔ</strong></span> <span class='ocrx_word' id='word_1_156' title='bbox 1740 1867 1857 1942; x_wconf 72' lang='lat' dir='ltr'><strong>Nilo</strong></span> <span class='ocrx_word' id='word_1_157' title='bbox 1892 1868 2034 1921; x_wconf 89' lang='lat' dir='ltr'><strong>enim</strong></span> 
     </span>
    </p>
   </div>
   <div class='ocr_carea' id='block_1_25' title="bbox 446 1937 2041 2010">
    <p class='ocr_par' dir='ltr' id='par_1_25' title="bbox 446 1937 2041 2010">
     <span class='ocr_line' id='line_1_25' title="bbox 446 1937 2041 2010; baseline -0.001 -15"><span class='ocrx_word' id='word_1_158' title='bbox 446 1961 466 1995; x_wconf 72' lang='grc' dir='ltr'><strong>ι</strong></span> <span class='ocrx_word' id='word_1_159' title='bbox 504 1937 746 2008; x_wconf 82' lang='lat' dir='ltr'><strong>flumine,</strong></span> <span class='ocrx_word' id='word_1_160' title='bbox 780 1943 895 1998; x_wconf 87' lang='lat' dir='ltr'><strong>sive</strong></span> <span class='ocrx_word' id='word_1_161' title='bbox 919 1943 971 1996; x_wconf 91' lang='lat' dir='ltr'><strong>in</strong></span> <span class='ocrx_word' id='word_1_162' title='bbox 995 1942 1124 1996; x_wconf 84' lang='lat' dir='ltr'><strong>rivis</strong></span> <span class='ocrx_word' id='word_1_163' title='bbox 1148 1939 1267 2010; x_wconf 88' lang='lat' dir='ltr'><strong>ejus</strong></span> <span class='ocrx_word' id='word_1_164' title='bbox 1295 1937 1472 1994; x_wconf 83' lang='lat' dir='ltr'><strong>solent</strong></span> <span class='ocrx_word' id='word_1_165' title='bbox 1495 1955 1660 1993; x_wconf 85' lang='lat' dir='ltr'><strong>naves</strong></span> <span class='ocrx_word' id='word_1_166' title='bbox 1685 1937 1906 1992; x_wconf 89' lang='lat' dir='ltr'><strong>funibus</strong></span> <span class='ocrx_word' id='word_1_167' title='bbox 1931 1948 2041 1993; x_wconf 88' lang='lat' dir='ltr'><strong>tra-</strong></span> 
     </span>
    </p>
   </div>
   <div class='ocr_carea' id='block_1_26' title="bbox 448 2010 2040 2080">
    <p class='ocr_par' dir='ltr' id='par_1_26' title="bbox 448 2010 2040 2080">
     <span class='ocr_line' id='line_1_26' title="bbox 448 2010 2040 2080; baseline -0.003 -12"><span class='ocrx_word' id='word_1_168' title='bbox 448 2033 474 2068; x_wconf 72' lang='grc' dir='ltr'><strong>ι</strong></span> <span class='ocrx_word' id='word_1_169' title='bbox 504 2013 655 2080; x_wconf 84' lang='lat' dir='ltr'><strong>here,</strong></span> <span class='ocrx_word' id='word_1_170' title='bbox 689 2023 833 2068; x_wconf 88' lang='lat' dir='ltr'><strong>certa</strong></span> <span class='ocrx_word' id='word_1_171' title='bbox 863 2014 1122 2068; x_wconf 75' lang='lat' dir='ltr'><strong>habentes</strong></span> <span class='ocrx_word' id='word_1_172' title='bbox 1153 2012 1348 2080; x_wconf 89' lang='lat' dir='ltr'><strong>spatia,</strong></span> <span class='ocrx_word' id='word_1_173' title='bbox 1382 2027 1501 2080; x_wconf 63' lang='lat' dir='ltr'><strong>quae</strong></span> <span class='ocrx_word' id='word_1_174' title='bbox 1533 2010 1808 2080; x_wconf 91' lang='lat' dir='ltr'><strong>appellant</strong></span> <span class='ocrx_word' id='word_1_175' title='bbox 1838 2010 2040 2080; x_wconf 77' lang='lat' dir='ltr'><strong>funicu-</strong></span> 
     </span>
    </p>
   </div>
   <div class='ocr_carea' id='block_1_27' title="bbox 446 2081 2039 2147">
    <p class='ocr_par' dir='ltr' id='par_1_27' title="bbox 446 2081 2039 2147">
     <span class='ocr_line' id='line_1_27' title="bbox 446 2081 2039 2147; baseline -0.001 -10"><span class='ocrx_word' id='word_1_176' title='bbox 446 2103 465 2137; x_wconf 76' lang='lat' dir='ltr'><strong>t</strong></span> <span class='ocrx_word' id='word_1_177' title='bbox 508 2085 583 2140; x_wconf 88' lang='lat' dir='ltr'><strong>los</strong></span> <span class='ocrx_word' id='word_1_178' title='bbox 633 2102 650 2140; x_wconf 92' lang='lat'><strong><em>:</em></strong></span> <span class='ocrx_word' id='word_1_179' title='bbox 697 2095 754 2138; x_wconf 89' lang='lat' dir='ltr'><strong>ut</strong></span> <span class='ocrx_word' id='word_1_180' title='bbox 801 2085 969 2139; x_wconf 86' lang='lat' dir='ltr'><strong>labori</strong></span> <span class='ocrx_word' id='word_1_181' title='bbox 1023 2084 1384 2147; x_wconf 70' lang='lat' dir='ltr'><strong>defessorum,</strong></span> <span class='ocrx_word' id='word_1_182' title='bbox 1431 2084 1670 2136; x_wconf 85' lang='lat' dir='ltr'><strong>recentia</strong></span> <span class='ocrx_word' id='word_1_183' title='bbox 1708 2081 2039 2136; x_wconf 86' lang='lat' dir='ltr'><strong>trahentium</strong></span> 
     </span>
    </p>
   </div>
   <div class='ocr_carea' id='block_1_28' title="bbox 443 2154 2038 2222">
    <p class='ocr_par' dir='ltr' id='par_1_28' title="bbox 443 2154 2038 2222">
     <span class='ocr_line' id='line_1_28' title="bbox 443 2154 2038 2222; baseline -0.001 -14"><span class='ocrx_word' id='word_1_184' title='bbox 443 2174 464 2208; x_wconf 75' lang='lat' dir='ltr'><strong>t</strong></span> <span class='ocrx_word' id='word_1_185' title='bbox 503 2157 640 2210; x_wconf 91' lang='lat' dir='ltr'><strong>colla</strong></span> <span class='ocrx_word' id='word_1_186' title='bbox 670 2156 985 2210; x_wconf 85' lang='lat' dir='ltr'><strong>succedant.</strong></span> <span class='ocrx_word' id='word_1_187' title='bbox 1041 2155 1147 2208; x_wconf 81' lang='lat' dir='ltr'><strong>Nec</strong></span> <span class='ocrx_word' id='word_1_188' title='bbox 1199 2154 1391 2206; x_wconf 90' lang='lat' dir='ltr'><strong>mirum</strong></span> <span class='ocrx_word' id='word_1_189' title='bbox 1447 2154 1489 2206; x_wconf 92' lang='lat' dir='ltr'><strong>si</strong></span> <span class='ocrx_word' id='word_1_190' title='bbox 1523 2166 1856 2222; x_wconf 71' lang='lat' dir='ltr'><strong>unaqumque</strong></span> <span class='ocrx_word' id='word_1_191' title='bbox 1883 2167 2038 2221; x_wconf 90' lang='lat' dir='ltr'><strong>gens,</strong></span> 
     </span>
    </p>
   </div>
   <div class='ocr_carea' id='block_1_29' title="bbox 449 2223 2038 2296">
    <p class='ocr_par' dir='ltr' id='par_1_29' title="bbox 449 2223 2038 2296">
     <span class='ocr_line' id='line_1_29' title="bbox 449 2223 2038 2296; baseline -0.001 -17"><span class='ocrx_word' id='word_1_192' title='bbox 449 2246 467 2279; x_wconf 79' lang='grc' dir='ltr'><strong>ι</strong></span> <span class='ocrx_word' id='word_1_193' title='bbox 507 2237 655 2282; x_wconf 88' lang='lat' dir='ltr'><strong>certa</strong></span> <span class='ocrx_word' id='word_1_194' title='bbox 689 2229 898 2282; x_wconf 84' lang='lat' dir='ltr'><strong>viarum</strong></span> <span class='ocrx_word' id='word_1_195' title='bbox 930 2227 1102 2296; x_wconf 86' lang='lat' dir='ltr'><strong>spatia</strong></span> <span class='ocrx_word' id='word_1_196' title='bbox 1129 2224 1238 2278; x_wconf 84' lang='lat' dir='ltr'><strong>suis</strong></span> <span class='ocrx_word' id='word_1_197' title='bbox 1264 2223 1500 2293; x_wconf 87' lang='lat' dir='ltr'><strong>appellet</strong></span> <span class='ocrx_word' id='word_1_198' title='bbox 1531 2223 1837 2296; x_wconf 79' lang='lat' dir='ltr'><strong>nominibus</strong></span> <span class='ocrx_word' id='word_1_199' title='bbox 1870 2239 1883 2274; x_wconf 90' lang='lat'><strong>:</strong></span> <span class='ocrx_word' id='word_1_200' title='bbox 1919 2239 2038 2278; x_wconf 90' lang='lat' dir='ltr'><strong>cum</strong></span> 
     </span>
    </p>
   </div>
   <div class='ocr_carea' id='block_1_30' title="bbox 445 2294 2044 2366">
    <p class='ocr_par' dir='ltr' id='par_1_30' title="bbox 445 2294 2044 2366">
     <span class='ocr_line' id='line_1_30' title="bbox 445 2294 2044 2366; baseline 0 -16"><span class='ocrx_word' id='word_1_201' title='bbox 445 2317 466 2350; x_wconf 76' lang='grc' dir='ltr'><strong>ι</strong></span> <span class='ocrx_word' id='word_1_202' title='bbox 504 2310 558 2351; x_wconf 87' lang='lat' dir='ltr'><strong>et</strong></span> <span class='ocrx_word' id='word_1_203' title='bbox 586 2298 762 2353; x_wconf 92' lang='lat' dir='ltr'><strong>Latini</strong></span> <span class='ocrx_word' id='word_1_204' title='bbox 803 2294 1173 2366; x_wconf 51' lang='lat' dir='ltr'><strong>mille&#39;passus</strong></span> <span class='ocrx_word' id='word_1_205' title='bbox 1217 2303 1448 2360; x_wconf 84' lang='lat' dir='ltr'><strong>vocent,</strong></span> <span class='ocrx_word' id='word_1_206' title='bbox 1480 2304 1535 2349; x_wconf 89' lang='lat' dir='ltr'><strong>et</strong></span> <span class='ocrx_word' id='word_1_207' title='bbox 1561 2294 1698 2350; x_wconf 86' lang='lat' dir='ltr'><strong>Galli</strong></span> <span class='ocrx_word' id='word_1_208' title='bbox 1730 2296 1911 2366; x_wconf 75' lang='lat' dir='ltr'><strong>leucas</strong></span> <span class='ocrx_word' id='word_1_209' title='bbox 1934 2336 1946 2357; x_wconf 92' lang='lat'><strong>,</strong></span> <span class='ocrx_word' id='word_1_210' title='bbox 1988 2303 2044 2350; x_wconf 89' lang='lat' dir='ltr'><strong>et</strong></span> 
     </span>
    </p>
   </div>
   <div class='ocr_carea' id='block_1_31' title="bbox 446 2365 2040 2438">
    <p class='ocr_par' dir='ltr' id='par_1_31' title="bbox 446 2365 2040 2438">
     <span class='ocr_line' id='line_1_31' title="bbox 446 2365 2040 2438; baseline -0.001 -17"><span class='ocrx_word' id='word_1_211' title='bbox 446 2387 467 2421; x_wconf 72' lang='grc' dir='ltr'><strong>ι</strong></span> <span class='ocrx_word' id='word_1_212' title='bbox 506 2369 686 2424; x_wconf 71' lang='lat' dir='ltr'><strong>Persa:</strong></span> <span class='ocrx_word' id='word_1_213' title='bbox 714 2365 1039 2438; x_wconf 84' lang='lat' dir='ltr'><strong>parasangas</strong></span> <span class='ocrx_word' id='word_1_214' title='bbox 1069 2411 1084 2436; x_wconf 93' lang='lat'><strong>,</strong></span> <span class='ocrx_word' id='word_1_215' title='bbox 1133 2376 1188 2422; x_wconf 92' lang='lat' dir='ltr'><strong>et</strong></span> <span class='ocrx_word' id='word_1_216' title='bbox 1235 2375 1412 2438; x_wconf 84' lang='lat' dir='ltr'><strong>rastas</strong></span> <span class='ocrx_word' id='word_1_217' title='bbox 1439 2367 1692 2420; x_wconf 88' lang='lat' dir='ltr'><strong>universa</strong></span> <span class='ocrx_word' id='word_1_218' title='bbox 1726 2365 2040 2432; x_wconf 87' lang='lat' dir='ltr'><strong>Germania,</strong></span> 
     </span>
    </p>
   </div>
   <div class='ocr_carea' id='block_1_32' title="bbox 446 2437 2038 2510">
    <p class='ocr_par' dir='ltr' id='par_1_32' title="bbox 446 2437 2038 2510">
     <span class='ocr_line' id='line_1_32' title="bbox 446 2437 2038 2510; baseline 0 -19"><span class='ocrx_word' id='word_1_219' title='bbox 446 2457 467 2491; x_wconf 74' lang='grc' dir='ltr'><strong>ι</strong></span> <span class='ocrx_word' id='word_1_220' title='bbox 505 2451 666 2510; x_wconf 86' lang='lat' dir='ltr'><strong>atque</strong></span> <span class='ocrx_word' id='word_1_221' title='bbox 697 2437 748 2493; x_wconf 92' lang='lat' dir='ltr'><strong>in</strong></span> <span class='ocrx_word' id='word_1_222' title='bbox 782 2437 1008 2510; x_wconf 82' lang='lat' dir='ltr'><strong>singulis</strong></span> <span class='ocrx_word' id='word_1_223' title='bbox 1038 2438 1345 2510; x_wconf 85' lang='lat' dir='ltr'><strong>nominibus</strong></span> <span class='ocrx_word' id='word_1_224' title='bbox 1375 2437 1589 2510; x_wconf 73' lang='lat' dir='ltr'><strong>diversa</strong></span> <span class='ocrx_word' id='word_1_225' title='bbox 1645 2452 1894 2510; x_wconf 72' lang='lat' dir='ltr'><strong>mensura</strong></span> <span class='ocrx_word' id='word_1_226' title='bbox 1949 2439 2038 2492; x_wconf 87' lang='lat' dir='ltr'><strong>sit.</strong></span> 
     </span>
    </p>
   </div>
   <div class='ocr_carea' id='block_1_33' title="bbox 447 2507 2036 2581">
    <p class='ocr_par' dir='ltr' id='par_1_33' title="bbox 447 2507 2036 2581">
     <span class='ocr_line' id='line_1_33' title="bbox 447 2507 2036 2581; baseline -0.001 -19"><span class='ocrx_word' id='word_1_227' title='bbox 447 2529 466 2562; x_wconf 77' lang='grc' dir='ltr'><strong>ι</strong></span> <span class='ocrx_word' id='word_1_228' title='bbox 507 2507 633 2565; x_wconf 46' lang='lat' dir='ltr'><strong>Huic</strong></span> <span class='ocrx_word' id='word_1_229' title='bbox 662 2507 947 2580; x_wconf 76' lang='lat' dir='ltr'><strong>pr0pterea</strong></span> <span class='ocrx_word' id='word_1_230' title='bbox 973 2554 988 2575; x_wconf 92' lang='lat'><strong>,</strong></span> <span class='ocrx_word' id='word_1_231' title='bbox 1043 2513 1166 2581; x_wconf 87' lang='lat' dir='ltr'><strong>quia</strong></span> <span class='ocrx_word' id='word_1_232' title='bbox 1217 2509 1440 2581; x_wconf 83' lang='lat' dir='ltr'><strong>verbum</strong></span> <span class='ocrx_word' id='word_1_233' title='bbox 1470 2507 1792 2581; x_wconf 72' lang='lat' dir='ltr'><strong>Hebraicum</strong></span> <span class='ocrx_word' id='word_1_234' title='bbox 1827 2507 2036 2573; x_wconf 89' lang='lat' dir='ltr'><strong>Sattim,</strong></span> 
     </span>
    </p>
   </div>
   <div class='ocr_carea' id='block_1_34' title="bbox 449 2579 2043 2653">
    <p class='ocr_par' dir='ltr' id='par_1_34' title="bbox 449 2579 2043 2653">
     <span class='ocr_line' id='line_1_34' title="bbox 449 2579 2043 2653; baseline 0.002 -21"><span class='ocrx_word' id='word_1_235' title='bbox 449 2599 468 2632; x_wconf 74' lang='grc' dir='ltr'><strong>ι</strong></span> <span class='ocrx_word' id='word_1_236' title='bbox 509 2579 862 2653; x_wconf 83' lang='lat' dir='ltr'><strong>Septuaginta</strong></span> <span class='ocrx_word' id='word_1_237' title='bbox 882 2579 1152 2636; x_wconf 84' lang='lat' dir='ltr'><strong>funiculos</strong></span> <span class='ocrx_word' id='word_1_238' title='bbox 1181 2579 1594 2653; x_wconf 68' lang='lat' dir='ltr'><strong>transtulerunt.</strong></span> <span class='ocrx_word' id='word_1_239' title='bbox 1616 2580 1886 2653; x_wconf 54' lang='lat' dir='ltr'><strong>caeterum</strong></span> <span class='ocrx_word' id='word_1_240' title='bbox 1911 2581 2043 2653; x_wconf 80' lang='lat' dir='ltr'><strong>nulli</strong></span> 
     </span>
    </p>
   </div>
   <div class='ocr_carea' id='block_1_35' title="bbox 447 2649 2045 2722">
    <p class='ocr_par' dir='ltr' id='par_1_35' title="bbox 447 2649 2045 2722">
     <span class='ocr_line' id='line_1_35' title="bbox 447 2649 2045 2722; baseline 0.001 -18"><span class='ocrx_word' id='word_1_241' title='bbox 447 2671 468 2704; x_wconf 70' lang='grc' dir='ltr'><em>α</em></span> <span class='ocrx_word' id='word_1_242' title='bbox 504 2649 740 2709; x_wconf 76' lang='lat' dir='ltr'><strong>dubium</strong></span> <span class='ocrx_word' id='word_1_243' title='bbox 755 2663 858 2719; x_wconf 79' lang='lat' dir='ltr'><strong>est,</strong></span> <span class='ocrx_word' id='word_1_244' title='bbox 888 2654 1070 2708; x_wconf 88' lang='lat' dir='ltr'><strong>omnia</strong></span> <span class='ocrx_word' id='word_1_245' title='bbox 1102 2666 1226 2722; x_wconf 74' lang='lat' dir='ltr'><strong>qua:</strong></span> <span class='ocrx_word' id='word_1_246' title='bbox 1254 2650 1307 2704; x_wconf 92' lang='lat' dir='ltr'><strong>in</strong></span> <span class='ocrx_word' id='word_1_247' title='bbox 1356 2651 1727 2722; x_wconf 84' lang='lat' dir='ltr'><strong>&#39;l‘abernaculo</strong></span> <span class='ocrx_word' id='word_1_248' title='bbox 1774 2649 1870 2703; x_wconf 88' lang='lat' dir='ltr'><strong>Dei</strong></span> <span class='ocrx_word' id='word_1_249' title='bbox 1913 2651 2045 2722; x_wconf 83' lang='lat' dir='ltr'><strong>legi-</strong></span> 
     </span>
    </p>
   </div>
   <div class='ocr_carea' id='block_1_36' title="bbox 447 2721 2041 2809">
    <p class='ocr_par' dir='ltr' id='par_1_36' title="bbox 447 2721 2041 2809">
     <span class='ocr_line' id='line_1_36' title="bbox 447 2721 2041 2809; baseline 0.001 -34"><span class='ocrx_word' id='word_1_250' title='bbox 447 2742 467 2775; x_wconf 72' lang='grc' dir='ltr'><strong>ι</strong></span> <span class='ocrx_word' id='word_1_251' title='bbox 506 2742 646 2809; x_wconf 89' lang='lat' dir='ltr'><strong>mus,</strong></span> <span class='ocrx_word' id='word_1_252' title='bbox 677 2725 748 2809; x_wconf 80' lang='lat' dir='ltr'><strong>de</strong></span> <span class='ocrx_word' id='word_1_253' title='bbox 775 2726 936 2809; x_wconf 82' lang='lat' dir='ltr'><strong>lignis</strong></span> <span class='ocrx_word' id='word_1_254' title='bbox 963 2721 1160 2809; x_wconf 69' lang='lat' dir='ltr'><strong>Settim</strong></span> <span class='ocrx_word' id='word_1_255' title='bbox 1204 2721 1649 2809; x_wconf 43' lang='lat' dir='ltr'><strong>fuissenperfecta</strong></span> <span class='ocrx_word' id='word_1_256' title='bbox 1705 2739 1722 2809; x_wconf 55' lang='grc' dir='ltr'><strong><em>ξ</em></strong></span> <span class='ocrx_word' id='word_1_257' title='bbox 1754 2736 1890 2809; x_wconf 52' lang='lat' dir='ltr'><strong>quae</strong></span> <span class='ocrx_word' id='word_1_258' title='bbox 1940 2721 2041 2809; x_wconf 49' lang='grc' dir='ltr'><strong>ξος</strong></span> 
     </span>
    </p>
   </div>
   <div class='ocr_carea' id='block_1_37' title="bbox 447 2790 2044 2867">
    <p class='ocr_par' dir='ltr' id='par_1_37' title="bbox 447 2790 2044 2867">
     <span class='ocr_line' id='line_1_37' title="bbox 447 2790 2044 2867; baseline 0.001 -20"><span class='ocrx_word' id='word_1_259' title='bbox 447 2813 467 2847; x_wconf 75' lang='grc' dir='ltr'><strong>ι</strong></span> <span class='ocrx_word' id='word_1_260' title='bbox 509 2798 785 2867; x_wconf 90' lang='lat' dir='ltr'><strong>ptnaginta</strong></span> <span class='ocrx_word' id='word_1_261' title='bbox 818 2790 1161 2867; x_wconf 74' lang='lat' dir='ltr'><strong>interpretati</strong></span> <span class='ocrx_word' id='word_1_262' title='bbox 1203 2799 1332 2847; x_wconf 86' lang='lat' dir='ltr'><strong>sunt</strong></span> <span class='ocrx_word' id='word_1_263' title='bbox 1373 2793 1515 2864; x_wconf 81' lang='lat' dir='ltr'><strong>ligna</strong></span> <span class='ocrx_word' id='word_1_264' title='bbox 1541 2790 1915 2867; x_wconf 74' lang='lat' dir='ltr'><strong>imputribitia.</strong></span> <span class='ocrx_word' id='word_1_265' title='bbox 1949 2795 2044 2867; x_wconf 57' lang='lat' dir='ltr'><strong>list</strong></span> 
     </span>
    </p>
   </div>
   <div class='ocr_carea' id='block_1_38' title="bbox 448 2864 2040 2937">
    <p class='ocr_par' dir='ltr' id='par_1_38' title="bbox 448 2864 2040 2937">
     <span class='ocr_line' id='line_1_38' title="bbox 448 2864 2040 2937; baseline 0 -19"><span class='ocrx_word' id='word_1_266' title='bbox 448 2885 467 2918; x_wconf 73' lang='grc' dir='ltr'><strong>ι</strong></span> <span class='ocrx_word' id='word_1_267' title='bbox 500 2864 678 2922; x_wconf 78' lang='lat' dir='ltr'><strong>autem</strong></span> <span class='ocrx_word' id='word_1_268' title='bbox 710 2883 883 2937; x_wconf 88' lang='lat' dir='ltr'><strong>genus</strong></span> <span class='ocrx_word' id='word_1_269' title='bbox 911 2864 1121 2922; x_wconf 83' lang='lat' dir='ltr'><strong>arboris</strong></span> <span class='ocrx_word' id='word_1_270' title='bbox 1151 2866 1203 2918; x_wconf 91' lang='lat' dir='ltr'><strong>in</strong></span> <span class='ocrx_word' id='word_1_271' title='bbox 1231 2878 1436 2937; x_wconf 85' lang='lat' dir='ltr'><strong>eremo,</strong></span> <span class='ocrx_word' id='word_1_272' title='bbox 1469 2865 1641 2937; x_wconf 69' lang='lat' dir='ltr'><strong>spina:</strong></span> <span class='ocrx_word' id='word_1_273' title='bbox 1671 2864 1808 2937; x_wconf 80' lang='lat' dir='ltr'><strong>albae</strong></span> <span class='ocrx_word' id='word_1_274' title='bbox 1840 2865 2040 2937; x_wconf 80' lang='lat' dir='ltr'><strong>simile,</strong></span> 
     </span>
    </p>
   </div>
   <div class='ocr_carea' id='block_1_39' title="bbox 448 2935 2041 3005">
    <p class='ocr_par' dir='ltr' id='par_1_39' title="bbox 448 2935 2041 3005">
     <span class='ocr_line' id='line_1_39' title="bbox 448 2935 2041 3005; baseline 0 -16"><span class='ocrx_word' id='word_1_275' title='bbox 448 2955 469 2989; x_wconf 83' lang='grc'>‹</span> <span class='ocrx_word' id='word_1_276' title='bbox 501 2941 684 2993; x_wconf 90' lang='lat' dir='ltr'><strong>colore</strong></span> <span class='ocrx_word' id='word_1_277' title='bbox 715 2935 774 2993; x_wconf 78' lang='lat' dir='ltr'><strong>et</strong></span> <span class='ocrx_word' id='word_1_278' title='bbox 822 2938 997 3004; x_wconf 85' lang='lat' dir='ltr'><strong>foliis,</strong></span> <span class='ocrx_word' id='word_1_279' title='bbox 1052 2951 1158 2990; x_wconf 94' lang='lat' dir='ltr'><strong>non</strong></span> <span class='ocrx_word' id='word_1_280' title='bbox 1205 2935 1595 3005; x_wconf 83' lang='lat' dir='ltr'><strong>magnitudine.</strong></span> <span class='ocrx_word' id='word_1_281' title='bbox 1640 2935 1891 3003; x_wconf 83' lang='lat' dir='ltr'><strong>Alioquin</strong></span> <span class='ocrx_word' id='word_1_282' title='bbox 1935 2946 2041 2990; x_wconf 90' lang='lat' dir='ltr'><strong>tam</strong></span> 
     </span>
    </p>
   </div>
   <div class='ocr_carea' id='block_1_40' title="bbox 450 3006 2043 3076">
    <p class='ocr_par' dir='ltr' id='par_1_40' title="bbox 450 3006 2043 3076">
     <span class='ocr_line' id='line_1_40' title="bbox 450 3006 2043 3076; baseline 0.001 -18"><span class='ocrx_word' id='word_1_283' title='bbox 450 3025 470 3058; x_wconf 87' lang='grc'><strong>‹</strong></span> <span class='ocrx_word' id='word_1_284' title='bbox 508 3010 742 3076; x_wconf 86' lang='lat' dir='ltr'><strong>grandes</strong></span> <span class='ocrx_word' id='word_1_285' title='bbox 771 3011 994 3065; x_wconf 87' lang='lat' dir='ltr'><strong>arbores</strong></span> <span class='ocrx_word' id='word_1_286' title='bbox 1020 3018 1163 3074; x_wconf 90' lang='lat' dir='ltr'><strong>sunt,</strong></span> <span class='ocrx_word' id='word_1_287' title='bbox 1197 3017 1253 3062; x_wconf 94' lang='lat' dir='ltr'><strong>ut</strong></span> <span class='ocrx_word' id='word_1_288' title='bbox 1279 3007 1539 3061; x_wconf 84' lang='lat' dir='ltr'><strong>latissima</strong></span> <span class='ocrx_word' id='word_1_289' title='bbox 1569 3022 1638 3060; x_wconf 81' lang='lat' dir='ltr'><strong>ex</strong></span> <span class='ocrx_word' id='word_1_290' title='bbox 1672 3007 1779 3061; x_wconf 91' lang='lat' dir='ltr'><strong>illis</strong></span> <span class='ocrx_word' id='word_1_291' title='bbox 1808 3006 2043 3060; x_wconf 85' lang='lat' dir='ltr'><strong>tabulata</strong></span> 
     </span>
    </p>
   </div>
   <div class='ocr_carea' id='block_1_41' title="bbox 447 3077 2045 3148">
    <p class='ocr_par' dir='ltr' id='par_1_41' title="bbox 447 3077 2045 3148">
     <span class='ocr_line' id='line_1_41' title="bbox 447 3077 2045 3148; baseline 0.003 -20"><span class='ocrx_word' id='word_1_292' title='bbox 447 3096 467 3128; x_wconf 71' lang='grc' dir='ltr'><strong>ι</strong></span> <span class='ocrx_word' id='word_1_293' title='bbox 501 3080 814 3132; x_wconf 64' lang='lat' dir='ltr'><strong>caedantur:</strong></span> <span class='ocrx_word' id='word_1_294' title='bbox 843 3081 1160 3148; x_wconf 86' lang='lat' dir='ltr'><strong>lignumque</strong></span> <span class='ocrx_word' id='word_1_295' title='bbox 1201 3079 1555 3133; x_wconf 86' lang='lat' dir='ltr'><strong>fortissimum</strong></span> <span class='ocrx_word' id='word_1_296' title='bbox 1599 3088 1702 3144; x_wconf 90' lang='lat' dir='ltr'><strong>est,</strong></span> <span class='ocrx_word' id='word_1_297' title='bbox 1727 3087 1782 3132; x_wconf 90' lang='lat' dir='ltr'><strong>et</strong></span> <span class='ocrx_word' id='word_1_298' title='bbox 1810 3077 2045 3148; x_wconf 90' lang='lat' dir='ltr'><strong>incredi-</strong></span> 
     </span>
    </p>
   </div>
   <div class='ocr_carea' id='block_1_42' title="bbox 449 3147 2038 3218">
    <p class='ocr_par' dir='ltr' id='par_1_42' title="bbox 449 3147 2038 3218">
     <span class='ocr_line' id='line_1_42' title="bbox 449 3147 2038 3218; baseline 0.003 -19"><span class='ocrx_word' id='word_1_299' title='bbox 449 3165 470 3199; x_wconf 71' lang='grc' dir='ltr'><strong>ι</strong></span> <span class='ocrx_word' id='word_1_300' title='bbox 515 3147 636 3201; x_wconf 84' lang='lat' dir='ltr'><strong>bilis</strong></span> <span class='ocrx_word' id='word_1_301' title='bbox 659 3147 984 3202; x_wconf 34' lang='lat' dir='ltr'><strong>levitatis’ac</strong></span> <span class='ocrx_word' id='word_1_302' title='bbox 1006 3147 1451 3218; x_wconf 88' lang='lat' dir='ltr'><strong>pulchritudinis,</strong></span> <span class='ocrx_word' id='word_1_303' title='bbox 1485 3151 1552 3201; x_wconf 88' lang='lat' dir='ltr'><strong>ita</strong></span> <span class='ocrx_word' id='word_1_304' title='bbox 1585 3160 1638 3201; x_wconf 89' lang='lat' dir='ltr'><strong>ut</strong></span> <span class='ocrx_word' id='word_1_305' title='bbox 1670 3165 1738 3202; x_wconf 84' lang='lat' dir='ltr'><strong>ex</strong></span> <span class='ocrx_word' id='word_1_306' title='bbox 1767 3147 1848 3201; x_wconf 88' lang='lat' dir='ltr'><strong>his</strong></span> <span class='ocrx_word' id='word_1_307' title='bbox 1877 3150 2038 3203; x_wconf 90' lang='lat' dir='ltr'><strong>etiam</strong></span> 
     </span>
    </p>
   </div>
   <div class='ocr_carea' id='block_1_43' title="bbox 449 3205 2114 3292">
    <p class='ocr_par' dir='ltr' id='par_1_43' title="bbox 449 3205 2114 3292">
     <span class='ocr_line' id='line_1_43' title="bbox 449 3205 2114 3292; baseline 0.001 -22"><span class='ocrx_word' id='word_1_308' title='bbox 449 3241 468 3270; x_wconf 78' lang='grc' dir='ltr'><strong>ι</strong></span> <span class='ocrx_word' id='word_1_309' title='bbox 505 3233 629 3292; x_wconf 76' lang='lat' dir='ltr'><strong>vasa</strong></span> <span class='ocrx_word' id='word_1_310' title='bbox 668 3205 1026 3292; x_wconf 62' lang='lat' dir='ltr'><strong>torculariun&#39;t</strong></span> <span class='ocrx_word' id='word_1_311' title='bbox 1056 3259 1070 3282; x_wconf 88' lang='lat'><strong>,</strong></span> <span class='ocrx_word' id='word_1_312' title='bbox 1099 3233 1238 3292; x_wconf 63' lang='lat' dir='ltr'><strong>quae</strong></span> <span class='ocrx_word' id='word_1_313' title='bbox 1263 3205 1489 3292; x_wconf 69' lang='grc' dir='ltr'><strong>ἄρσενάς</strong></span> <span class='ocrx_word' id='word_1_314' title='bbox 1515 3227 1571 3273; x_wconf 92' lang='lat' dir='ltr'><strong>et</strong></span> <span class='ocrx_word' id='word_1_315' title='bbox 1607 3221 1793 3292; x_wconf 72' lang='grc' dir='ltr'><strong>θηλύας</strong></span> <span class='ocrx_word' id='word_1_316' title='bbox 1823 3231 2037 3292; x_wconf 68' lang='lat' dir='ltr'><strong>vocant,</strong></span> <span class='ocrx_word' id='word_1_317' title='bbox 2069 3205 2114 3267; x_wconf 85' lang='lat' dir='ltr'><strong><em>C</em></strong></span> 
     </span>
    </p>
   </div>
   <div class='ocr_carea' id='block_1_44' title="bbox 448 3288 2043 3360">
    <p class='ocr_par' dir='ltr' id='par_1_44' title="bbox 448 3288 2043 3360">
     <span class='ocr_line' id='line_1_44' title="bbox 448 3288 2043 3360; baseline 0.003 -20"><span class='ocrx_word' id='word_1_318' title='bbox 448 3305 469 3340; x_wconf 70' lang='grc' dir='ltr'><strong>ε</strong></span> <span class='ocrx_word' id='word_1_319' title='bbox 504 3289 754 3343; x_wconf 87' lang='lat' dir='ltr'><strong>ditissimi</strong></span> <span class='ocrx_word' id='word_1_320' title='bbox 783 3290 986 3360; x_wconf 83' lang='lat' dir='ltr'><strong>quique</strong></span> <span class='ocrx_word' id='word_1_321' title='bbox 1015 3288 1242 3342; x_wconf 90' lang='lat' dir='ltr'><strong>studiosi</strong></span> <span class='ocrx_word' id='word_1_322' title='bbox 1271 3288 1490 3353; x_wconf 84' lang='lat' dir='ltr'><strong>faciant,</strong></span> <span class='ocrx_word' id='word_1_323' title='bbox 1520 3305 1639 3359; x_wconf 75' lang='lat' dir='ltr'><strong>qua:</strong></span> <span class='ocrx_word' id='word_1_324' title='bbox 1671 3291 1810 3358; x_wconf 85' lang='lat' dir='ltr'><strong>ligna</strong></span> <span class='ocrx_word' id='word_1_325' title='bbox 1837 3288 1890 3343; x_wconf 91' lang='lat' dir='ltr'><strong>in</strong></span> <span class='ocrx_word' id='word_1_326' title='bbox 1911 3291 2043 3346; x_wconf 87' lang='lat' dir='ltr'><strong>locis</strong></span> 
     </span>
    </p>
   </div>
   <div class='ocr_carea' id='block_1_45' title="bbox 449 3359 2042 3427">
    <p class='ocr_par' dir='ltr' id='par_1_45' title="bbox 449 3359 2042 3427">
     <span class='ocr_line' id='line_1_45' title="bbox 449 3359 2042 3427; baseline 0.003 -16"><span class='ocrx_word' id='word_1_327' title='bbox 449 3378 469 3411; x_wconf 74' lang='grc' dir='ltr'><strong>ε</strong></span> <span class='ocrx_word' id='word_1_328' title='bbox 505 3361 683 3427; x_wconf 89' lang='lat' dir='ltr'><strong>cultis,</strong></span> <span class='ocrx_word' id='word_1_329' title='bbox 717 3370 771 3415; x_wconf 92' lang='lat' dir='ltr'><strong>et</strong></span> <span class='ocrx_word' id='word_1_330' title='bbox 798 3359 852 3414; x_wconf 90' lang='lat' dir='ltr'><strong>in</strong></span> <span class='ocrx_word' id='word_1_331' title='bbox 884 3360 1131 3414; x_wconf 82' lang='lat' dir='ltr'><strong>Romano</strong></span> <span class='ocrx_word' id='word_1_332' title='bbox 1156 3359 1275 3412; x_wconf 89' lang='lat' dir='ltr'><strong>solo</strong></span> <span class='ocrx_word' id='word_1_333' title='bbox 1298 3401 1312 3424; x_wconf 92' lang='lat'><strong>,</strong></span> <span class='ocrx_word' id='word_1_334' title='bbox 1354 3360 1558 3427; x_wconf 88' lang='lat' dir='ltr'><strong>absque</strong></span> <span class='ocrx_word' id='word_1_335' title='bbox 1598 3361 1810 3415; x_wconf 73' lang='lat' dir='ltr'><strong>Arabia:</strong></span> <span class='ocrx_word' id='word_1_336' title='bbox 1849 3363 2042 3416; x_wconf 88' lang='lat' dir='ltr'><strong>solitu-</strong></span> 
     </span>
    </p>
   </div>
   <div class='ocr_carea' id='block_1_46' title="bbox 447 3430 2038 3500">
    <p class='ocr_par' dir='ltr' id='par_1_46' title="bbox 447 3430 2038 3500">
     <span class='ocr_line' id='line_1_46' title="bbox 447 3430 2038 3500; baseline 0.001 -17"><span class='ocrx_word' id='word_1_337' title='bbox 447 3448 467 3483; x_wconf 70' lang='lat' dir='ltr'><strong>s</strong></span> <span class='ocrx_word' id='word_1_338' title='bbox 505 3431 632 3487; x_wconf 91' lang='lat' dir='ltr'><strong>diue</strong></span> <span class='ocrx_word' id='word_1_339' title='bbox 678 3447 784 3486; x_wconf 88' lang='lat' dir='ltr'><strong>non</strong></span> <span class='ocrx_word' id='word_1_340' title='bbox 831 3430 1197 3486; x_wconf 86' lang='lat' dir='ltr'><strong>inveniuntur.</strong></span> <span class='ocrx_word' id='word_1_341' title='bbox 1259 3430 1364 3483; x_wconf 83' lang='lat' dir='ltr'><strong>Pro</strong></span> <span class='ocrx_word' id='word_1_342' title='bbox 1406 3441 1626 3485; x_wconf 88' lang='lat' dir='ltr'><strong>torrente</strong></span> <span class='ocrx_word' id='word_1_343' title='bbox 1663 3430 2038 3500; x_wconf 82' lang='lat' dir='ltr'><strong>funiculorum,</strong></span> 
     </span>
    </p>
   </div>
   <div class='ocr_carea' id='block_1_47' title="bbox 450 3500 2042 3574">
    <p class='ocr_par' dir='ltr' id='par_1_47' title="bbox 450 3500 2042 3574">
     <span class='ocr_line' id='line_1_47' title="bbox 450 3500 2042 3574; baseline 0.002 -20"><span class='ocrx_word' id='word_1_344' title='bbox 450 3520 470 3554; x_wconf 86' lang='grc'><strong>‹</strong></span> <span class='ocrx_word' id='word_1_345' title='bbox 509 3503 625 3574; x_wconf 83' lang='lat' dir='ltr'><strong>sive</strong></span> <span class='ocrx_word' id='word_1_346' title='bbox 654 3504 946 3574; x_wconf 75' lang='lat' dir='ltr'><strong>spinarum,</strong></span> <span class='ocrx_word' id='word_1_347' title='bbox 981 3500 1341 3574; x_wconf 65' lang='lat' dir='ltr'><strong>Symmachus</strong></span> <span class='ocrx_word' id='word_1_348' title='bbox 1370 3501 1778 3574; x_wconf 71' lang='lat' dir='ltr'><strong>interpretatus</strong></span> <span class='ocrx_word' id='word_1_349' title='bbox 1811 3513 1896 3574; x_wconf 88' lang='lat' dir='ltr'><strong>est</strong></span> <span class='ocrx_word' id='word_1_350' title='bbox 1934 3505 2042 3557; x_wconf 79' lang='lat' dir='ltr'><strong>ral-</strong></span> 
     </span>
    </p>
   </div>
   <div class='ocr_carea' id='block_1_48' title="bbox 449 3572 2039 3645">
    <p class='ocr_par' dir='ltr' id='par_1_48' title="bbox 449 3572 2039 3645">
     <span class='ocr_line' id='line_1_48' title="bbox 449 3572 2039 3645; baseline 0.002 -21"><span class='ocrx_word' id='word_1_351' title='bbox 449 3590 470 3624; x_wconf 74' lang='lat' dir='ltr'><strong>r</strong></span> <span class='ocrx_word' id='word_1_352' title='bbox 509 3573 609 3628; x_wconf 88' lang='lat' dir='ltr'><strong>lem</strong></span> <span class='ocrx_word' id='word_1_353' title='bbox 654 3572 942 3645; x_wconf 73' lang='lat' dir='ltr'><strong>spinarum.</strong></span> <span class='ocrx_word' id='word_1_354' title='bbox 995 3572 1096 3627; x_wconf 85' lang='lat' dir='ltr'><strong>Est</strong></span> <span class='ocrx_word' id='word_1_355' title='bbox 1143 3580 1326 3627; x_wconf 89' lang='lat' dir='ltr'><strong>autem</strong></span> <span class='ocrx_word' id='word_1_356' title='bbox 1376 3572 1528 3645; x_wconf 86' lang='lat' dir='ltr'><strong>locus</strong></span> <span class='ocrx_word' id='word_1_357' title='bbox 1571 3573 1726 3645; x_wconf 62' lang='lat' dir='ltr'><strong>juytta&#39;</strong></span> <span class='ocrx_word' id='word_1_358' title='bbox 1760 3573 2039 3627; x_wconf 83' lang='lat' dir='ltr'><strong>Libiadem</strong></span> 
     </span>
    </p>
   </div>
   <div class='ocr_carea' id='block_1_49' title="bbox 451 3642 2039 3707">
    <p class='ocr_par' dir='ltr' id='par_1_49' title="bbox 451 3642 2039 3707">
     <span class='ocr_line' id='line_1_49' title="bbox 451 3642 2039 3707; baseline 0.001 -11"><span class='ocrx_word' id='word_1_359' title='bbox 451 3661 470 3696; x_wconf 73' lang='grc' dir='ltr'><strong>ι</strong></span> <span class='ocrx_word' id='word_1_360' title='bbox 507 3654 655 3698; x_wconf 89' lang='lat' dir='ltr'><strong>trans</strong></span> <span class='ocrx_word' id='word_1_361' title='bbox 680 3642 830 3699; x_wconf 82' lang='lat' dir='ltr'><strong>mare</strong></span> <span class='ocrx_word' id='word_1_362' title='bbox 866 3645 1136 3700; x_wconf 84' lang='lat' dir='ltr'><strong>Mortuum</strong></span> <span class='ocrx_word' id='word_1_363' title='bbox 1165 3685 1178 3707; x_wconf 92' lang='lat'><strong>,</strong></span> <span class='ocrx_word' id='word_1_364' title='bbox 1223 3651 1376 3697; x_wconf 82' lang='lat' dir='ltr'><strong>sexto</strong></span> <span class='ocrx_word' id='word_1_365' title='bbox 1408 3644 1475 3697; x_wconf 91' lang='lat' dir='ltr'><strong>ab</strong></span> <span class='ocrx_word' id='word_1_366' title='bbox 1504 3659 1565 3697; x_wconf 91' lang='lat' dir='ltr'><strong>ea</strong></span> <span class='ocrx_word' id='word_1_367' title='bbox 1597 3642 1807 3697; x_wconf 88' lang='lat' dir='ltr'><strong>distans</strong></span> <span class='ocrx_word' id='word_1_368' title='bbox 1841 3645 2039 3697; x_wconf 89' lang='lat' dir='ltr'><strong>millia-</strong></span> 
     </span>
    </p>
   </div>
   <div class='ocr_carea' id='block_1_50' title="bbox 446 3713 2040 3786">
    <p class='ocr_par' dir='ltr' id='par_1_50' title="bbox 446 3713 2040 3786">
     <span class='ocr_line' id='line_1_50' title="bbox 446 3713 2040 3786; baseline 0.003 -20"><span class='ocrx_word' id='word_1_369' title='bbox 446 3732 466 3766; x_wconf 83' lang='grc'>‹</span> <span class='ocrx_word' id='word_1_370' title='bbox 503 3715 603 3778; x_wconf 92' lang='lat' dir='ltr'><strong>rio,</strong></span> <span class='ocrx_word' id='word_1_371' title='bbox 637 3716 724 3768; x_wconf 91' lang='lat' dir='ltr'><strong>ubi</strong></span> <span class='ocrx_word' id='word_1_372' title='bbox 757 3716 1028 3786; x_wconf 90' lang='lat' dir='ltr'><strong>quondam</strong></span> <span class='ocrx_word' id='word_1_373' title='bbox 1054 3730 1174 3770; x_wconf 92' lang='lat' dir='ltr'><strong>cum</strong></span> <span class='ocrx_word' id='word_1_374' title='bbox 1199 3714 1506 3768; x_wconf 88' lang='lat' dir='ltr'><strong>Madianitis</strong></span> <span class='ocrx_word' id='word_1_375' title='bbox 1536 3713 1830 3786; x_wconf 76' lang='lat' dir='ltr'><strong>fornicatus</strong></span> <span class='ocrx_word' id='word_1_376' title='bbox 1853 3725 1932 3769; x_wconf 92' lang='lat' dir='ltr'><strong>est</strong></span> <span class='ocrx_word' id='word_1_377' title='bbox 1966 3715 2040 3770; x_wconf 86' lang='lat' dir='ltr'><strong>ls-</strong></span> 
     </span>
    </p>
   </div>
   <div class='ocr_carea' id='block_1_51' title="bbox 447 3785 2040 3857">
    <p class='ocr_par' dir='ltr' id='par_1_51' title="bbox 447 3785 2040 3857">
     <span class='ocr_line' id='line_1_51' title="bbox 447 3785 2040 3857; baseline 0.003 -21"><span class='ocrx_word' id='word_1_378' title='bbox 447 3802 467 3836; x_wconf 72' lang='grc'><strong>(</strong></span> <span class='ocrx_word' id='word_1_379' title='bbox 499 3787 633 3840; x_wconf 90' lang='lat' dir='ltr'><strong>rael.</strong></span> <span class='ocrx_word' id='word_1_380' title='bbox 667 3785 838 3857; x_wconf 85' lang='lat' dir='ltr'><strong>Hujus</strong></span> <span class='ocrx_word' id='word_1_381' title='bbox 865 3787 968 3842; x_wconf 91' lang='lat' dir='ltr'><strong>loci</strong></span> <span class='ocrx_word' id='word_1_382' title='bbox 998 3803 1064 3841; x_wconf 76' lang='lat' dir='ltr'><strong>ex</strong></span> <span class='ocrx_word' id='word_1_383' title='bbox 1094 3800 1322 3857; x_wconf 89' lang='lat' dir='ltr'><strong>persona</strong></span> <span class='ocrx_word' id='word_1_384' title='bbox 1371 3785 1466 3839; x_wconf 89' lang='lat' dir='ltr'><strong>Dei</strong></span> <span class='ocrx_word' id='word_1_385' title='bbox 1494 3785 1744 3839; x_wconf 71' lang='lat' dir='ltr'><strong>Michaeas</strong></span> <span class='ocrx_word' id='word_1_386' title='bbox 1775 3787 2040 3855; x_wconf 87' lang='lat' dir='ltr'><strong>propheta</strong></span> 
     </span>
    </p>
   </div>
   <div class='ocr_carea' id='block_1_52' title="bbox 446 3857 2034 3926">
    <p class='ocr_par' dir='ltr' id='par_1_52' title="bbox 446 3857 2034 3926">
     <span class='ocr_line' id='line_1_52' title="bbox 446 3857 2034 3926; baseline 0.001 -18"><span class='ocrx_word' id='word_1_387' title='bbox 446 3873 467 3907; x_wconf 87' lang='grc'><strong>‹</strong></span> <span class='ocrx_word' id='word_1_388' title='bbox 505 3858 774 3924; x_wconf 89' lang='lat' dir='ltr'><strong>meminit,</strong></span> <span class='ocrx_word' id='word_1_389' title='bbox 808 3858 996 3914; x_wconf 90' lang='lat' dir='ltr'><strong>dicens</strong></span> <span class='ocrx_word' id='word_1_390' title='bbox 1029 3877 1041 3913; x_wconf 91' lang='lat'><strong>:</strong></span> <span class='ocrx_word' id='word_1_391' title='bbox 1070 3857 1270 3926; x_wconf 80' lang='lat' dir='ltr'><strong>I&#39;Opule</strong></span> <span class='ocrx_word' id='word_1_392' title='bbox 1298 3871 1471 3923; x_wconf 89' lang='lat' dir='ltr'><strong>meus,</strong></span> <span class='ocrx_word' id='word_1_393' title='bbox 1501 3867 1795 3922; x_wconf 90' lang='lat' dir='ltr'><strong>memento,</strong></span> <span class='ocrx_word' id='word_1_394' title='bbox 1825 3873 2034 3926; x_wconf 58' lang='lat' dir='ltr'><strong>quaso,</strong></span> 
     </span>
    </p>
   </div>
   <div class='ocr_carea' id='block_1_53' title="bbox 445 3929 2043 4000">
    <p class='ocr_par' dir='ltr' id='par_1_53' title="bbox 445 3929 2043 4000">
     <span class='ocr_line' id='line_1_53' title="bbox 445 3929 2043 4000; baseline 0.004 -23"><span class='ocrx_word' id='word_1_395' title='bbox 445 3943 466 3977; x_wconf 74' lang='grc' dir='ltr'><strong>ι</strong></span> <span class='ocrx_word' id='word_1_396' title='bbox 505 3929 632 4000; x_wconf 90' lang='lat' dir='ltr'><strong>quid</strong></span> <span class='ocrx_word' id='word_1_397' title='bbox 666 3931 986 4000; x_wconf 73' lang='lat' dir='ltr'><strong>cogitaverit</strong></span> <span class='ocrx_word' id='word_1_398' title='bbox 1013 3929 1172 3984; x_wconf 90' lang='lat' dir='ltr'><strong>Balac</strong></span> <span class='ocrx_word' id='word_1_399' title='bbox 1201 3943 1296 3981; x_wconf 81' lang='lat' dir='ltr'><strong>rex</strong></span> <span class='ocrx_word' id='word_1_400' title='bbox 1318 3929 1483 4000; x_wconf 82' lang='lat' dir='ltr'><strong>Moab</strong></span> <span class='ocrx_word' id='word_1_401' title='bbox 1508 3971 1522 3993; x_wconf 92' lang='lat'><strong>,</strong></span> <span class='ocrx_word' id='word_1_402' title='bbox 1568 3938 1622 3982; x_wconf 91' lang='lat' dir='ltr'><strong>et</strong></span> <span class='ocrx_word' id='word_1_403' title='bbox 1661 3929 1787 3997; x_wconf 84' lang='lat' dir='ltr'><strong>quid</strong></span> <span class='ocrx_word' id='word_1_404' title='bbox 1818 3944 2043 3997; x_wconf 81' lang='lat' dir='ltr'><strong>respon-</strong></span> 
     </span>
    </p>
   </div>
   <div class='ocr_carea' id='block_1_54' title="bbox 445 3999 2046 4068">
    <p class='ocr_par' dir='ltr' id='par_1_54' title="bbox 445 3999 2046 4068">
     <span class='ocr_line' id='line_1_54' title="bbox 445 3999 2046 4068; baseline 0.004 -20"><span class='ocrx_word' id='word_1_405' title='bbox 445 4015 466 4048; x_wconf 84' lang='grc'><strong><em>‹</em></strong></span> <span class='ocrx_word' id='word_1_406' title='bbox 503 3999 641 4054; x_wconf 92' lang='lat' dir='ltr'><strong>derit</strong></span> <span class='ocrx_word' id='word_1_407' title='bbox 674 4001 891 4056; x_wconf 88' lang='lat' dir='ltr'><strong>Balaam</strong></span> <span class='ocrx_word' id='word_1_408' title='bbox 926 4002 1070 4055; x_wconf 92' lang='lat' dir='ltr'><strong>ﬁlius</strong></span> <span class='ocrx_word' id='word_1_409' title='bbox 1100 4001 1261 4064; x_wconf 87' lang='lat' dir='ltr'><strong>Beor,</strong></span> <span class='ocrx_word' id='word_1_410' title='bbox 1295 3999 1363 4052; x_wconf 93' lang='lat' dir='ltr'><strong>de</strong></span> <span class='ocrx_word' id='word_1_411' title='bbox 1391 3999 1582 4054; x_wconf 91' lang='lat' dir='ltr'><strong>Settim</strong></span> <span class='ocrx_word' id='word_1_412' title='bbox 1622 4015 1790 4068; x_wconf 89' lang='lat' dir='ltr'><strong>usque</strong></span> <span class='ocrx_word' id='word_1_413' title='bbox 1820 4001 1885 4053; x_wconf 91' lang='lat' dir='ltr'><strong>ad</strong></span> <span class='ocrx_word' id='word_1_414' title='bbox 1917 4001 2046 4055; x_wconf 55' lang='lat' dir='ltr'><strong>Gal-</strong></span> 
     </span>
    </p>
   </div>
   <div class='ocr_carea' id='block_1_55' title="bbox 445 4070 2037 4142">
    <p class='ocr_par' dir='ltr' id='par_1_55' title="bbox 445 4070 2037 4142">
     <span class='ocr_line' id='line_1_55' title="bbox 445 4070 2037 4142; baseline 0 -18"><span class='ocrx_word' id='word_1_415' title='bbox 445 4086 465 4118; x_wconf 85' lang='grc'><strong><em>‹</em></strong></span> <span class='ocrx_word' id='word_1_416' title='bbox 502 4071 677 4139; x_wconf 81' lang='lat' dir='ltr'><strong>galant</strong></span> <span class='ocrx_word' id='word_1_417' title='bbox 723 4091 736 4126; x_wconf 87' lang='lat'><strong>:</strong></span> <span class='ocrx_word' id='word_1_418' title='bbox 784 4088 884 4142; x_wconf 94' lang='lat' dir='ltr'><strong>pro</strong></span> <span class='ocrx_word' id='word_1_419' title='bbox 913 4087 1018 4141; x_wconf 91' lang='lat' dir='ltr'><strong>quo</strong></span> <span class='ocrx_word' id='word_1_420' title='bbox 1047 4081 1102 4126; x_wconf 92' lang='lat' dir='ltr'><strong>et</strong></span> <span class='ocrx_word' id='word_1_421' title='bbox 1131 4070 1201 4124; x_wconf 88' lang='lat' dir='ltr'><strong>ibi</strong></span> <span class='ocrx_word' id='word_1_422' title='bbox 1233 4072 1584 4142; x_wconf 70' lang='lat' dir='ltr'><strong>Septuaginta</strong></span> <span class='ocrx_word' id='word_1_423' title='bbox 1619 4072 2037 4142; x_wconf 83' lang='lat' dir='ltr'><strong>transtulerunt,</strong></span> 
     </span>
    </p>
   </div>
   <div class='ocr_carea' id='block_1_56' title="bbox 444 4141 2040 4216">
    <p class='ocr_par' dir='ltr' id='par_1_56' title="bbox 444 4141 2040 4216">
     <span class='ocr_line' id='line_1_56' title="bbox 444 4141 2040 4216; baseline -0.001 -19"><span class='ocrx_word' id='word_1_424' title='bbox 444 4157 465 4192; x_wconf 74' lang='grc' dir='ltr'><strong>ι</strong></span> <span class='ocrx_word' id='word_1_425' title='bbox 501 4143 604 4216; x_wconf 78' lang='grc' dir='ltr'><strong>δεπρ</strong></span> <span class='ocrx_word' id='word_1_426' title='bbox 630 4151 729 4197; x_wconf 83' lang='grc' dir='ltr'><strong>τῶν</strong></span> <span class='ocrx_word' id='word_1_427' title='bbox 757 4141 1098 4216; x_wconf 25' lang='grc' dir='ltr'><strong>χοίνωνειιιυα</strong></span> <span class='ocrx_word' id='word_1_428' title='bbox 1122 4151 1227 4206; x_wconf 90' lang='lat' dir='ltr'><strong>est,</strong></span> <span class='ocrx_word' id='word_1_429' title='bbox 1259 4157 1288 4194; x_wconf 91' lang='lat' dir='ltr'><strong>a</strong></span> <span class='ocrx_word' id='word_1_430' title='bbox 1321 4141 1575 4216; x_wconf 84' lang='lat' dir='ltr'><strong>funiculis</strong></span> <span class='ocrx_word' id='word_1_431' title='bbox 1607 4157 1774 4216; x_wconf 83' lang='lat' dir='ltr'><strong>usque</strong></span> <span class='ocrx_word' id='word_1_432' title='bbox 1819 4143 1884 4195; x_wconf 84' lang='lat' dir='ltr'><strong>ad</strong></span> <span class='ocrx_word' id='word_1_433' title='bbox 1915 4141 2040 4216; x_wconf 86' lang='lat' dir='ltr'><strong>Gal-</strong></span> 
     </span>
    </p>
   </div>
   <div class='ocr_carea' id='block_1_57' title="bbox 443 4213 2040 4283">
    <p class='ocr_par' dir='ltr' id='par_1_57' title="bbox 443 4213 2040 4283">
     <span class='ocr_line' id='line_1_57' title="bbox 443 4213 2040 4283; baseline 0.003 -20"><span class='ocrx_word' id='word_1_434' title='bbox 443 4229 465 4263; x_wconf 75' lang='grc' dir='ltr'><strong>ι</strong></span> <span class='ocrx_word' id='word_1_435' title='bbox 502 4214 702 4281; x_wconf 88' lang='lat' dir='ltr'><strong>galam,</strong></span> <span class='ocrx_word' id='word_1_436' title='bbox 734 4213 840 4269; x_wconf 70' lang='lat' dir='ltr'><strong>etc.</strong></span> <span class='ocrx_word' id='word_1_437' title='bbox 873 4234 893 4266; x_wconf 75' lang='grc' dir='ltr'><strong>ι</strong></span> <span class='ocrx_word' id='word_1_438' title='bbox 953 4213 1067 4268; x_wconf 85' lang='grc' dir='ltr'>Νοιι</span> <span class='ocrx_word' id='word_1_439' title='bbox 1115 4221 1328 4283; x_wconf 87' lang='lat' dir='ltr'><strong>poterat</strong></span> <span class='ocrx_word' id='word_1_440' title='bbox 1376 4215 1718 4267; x_wconf 85' lang='lat' dir='ltr'><strong>manifestius</strong></span> <span class='ocrx_word' id='word_1_441' title='bbox 1771 4228 1922 4267; x_wconf 88' lang='lat' dir='ltr'><strong>suam</strong></span> <span class='ocrx_word' id='word_1_442' title='bbox 1972 4215 2040 4268; x_wconf 90' lang='lat' dir='ltr'><strong>de</strong></span> 
     </span>
    </p>
   </div>
   <div class='ocr_carea' id='block_1_58' title="bbox 439 4283 2039 4354">
    <p class='ocr_par' dir='ltr' id='par_1_58' title="bbox 439 4283 2039 4354">
     <span class='ocr_line' id='line_1_58' title="bbox 439 4283 2039 4354; baseline 0.001 -18"><span class='ocrx_word' id='word_1_443' title='bbox 439 4286 659 4340; x_wconf 87' lang='lat' dir='ltr'><strong>nomine</strong></span> <span class='ocrx_word' id='word_1_444' title='bbox 689 4294 862 4345; x_wconf 68' lang='lat' dir='ltr'><strong>arcta</strong></span> <span class='ocrx_word' id='word_1_445' title='bbox 892 4285 1071 4342; x_wconf 85' lang='lat' dir='ltr'><strong>Sittim</strong></span> <span class='ocrx_word' id='word_1_446' title='bbox 1095 4331 1108 4354; x_wconf 90' lang='lat'><strong>,</strong></span> <span class='ocrx_word' id='word_1_447' title='bbox 1153 4284 1238 4338; x_wconf 77' lang='lat' dir='ltr'><strong>vel</strong></span> <span class='ocrx_word' id='word_1_448' title='bbox 1265 4283 1457 4338; x_wconf 85' lang='lat' dir='ltr'><strong>Saltim</strong></span> <span class='ocrx_word' id='word_1_449' title='bbox 1497 4285 1809 4350; x_wconf 84' lang='lat' dir='ltr'><strong>Opinionem</strong></span> <span class='ocrx_word' id='word_1_450' title='bbox 1844 4299 2039 4354; x_wconf 88' lang='lat' dir='ltr'><strong>propo-</strong></span> 
     </span>
    </p>
   </div>
   <div class='ocr_carea' id='block_1_59' title="bbox 440 4355 2039 4421">
    <p class='ocr_par' dir='ltr' id='par_1_59' title="bbox 440 4355 2039 4421">
     <span class='ocr_line' id='line_1_59' title="bbox 440 4355 2039 4421; baseline 0.003 -14"><span class='ocrx_word' id='word_1_451' title='bbox 440 4369 574 4410; x_wconf 88' lang='lat' dir='ltr'><strong>nere</strong></span> <span class='ocrx_word' id='word_1_452' title='bbox 599 4369 823 4411; x_wconf 89' lang='lat' dir='ltr'><strong>sanctus</strong></span> <span class='ocrx_word' id='word_1_453' title='bbox 855 4359 1072 4421; x_wconf 82' lang='lat' dir='ltr'><strong>Doctor;</strong></span> <span class='ocrx_word' id='word_1_454' title='bbox 1126 4370 1224 4410; x_wconf 91' lang='lat' dir='ltr'><strong>nec</strong></span> <span class='ocrx_word' id='word_1_455' title='bbox 1254 4356 1485 4410; x_wconf 87' lang='lat' dir='ltr'><strong>validius</strong></span> <span class='ocrx_word' id='word_1_456' title='bbox 1523 4356 1714 4409; x_wconf 81' lang='lat' dir='ltr'><strong>falsam</strong></span> <span class='ocrx_word' id='word_1_457' title='bbox 1755 4355 1823 4408; x_wconf 90' lang='lat' dir='ltr'><strong>de</strong></span> <span class='ocrx_word' id='word_1_458' title='bbox 1851 4371 2039 4411; x_wconf 90' lang='lat' dir='ltr'><strong>errore</strong></span> 
     </span>
    </p>
   </div>
   <div class='ocr_carea' id='block_1_60' title="bbox 434 4426 2038 4497">
    <p class='ocr_par' dir='ltr' id='par_1_60' title="bbox 434 4426 2038 4497">
     <span class='ocr_line' id='line_1_60' title="bbox 434 4426 2038 4497; baseline 0.002 -18"><span class='ocrx_word' id='word_1_459' title='bbox 434 4427 719 4497; x_wconf 83' lang='lat' dir='ltr'><strong>scriptoris</strong></span> <span class='ocrx_word' id='word_1_460' title='bbox 743 4427 1112 4496; x_wconf 86' lang='lat' dir='ltr'><strong>conjecturam</strong></span> <span class='ocrx_word' id='word_1_461' title='bbox 1145 4427 1204 4497; x_wconf 89' lang='lat' dir='ltr'><strong>in</strong></span> <span class='ocrx_word' id='word_1_462' title='bbox 1243 4427 1476 4482; x_wconf 88' lang='lat' dir='ltr'><strong>lectione</strong></span> <span class='ocrx_word' id='word_1_463' title='bbox 1505 4426 1632 4480; x_wconf 86' lang='lat' dir='ltr'><strong>Abel</strong></span> <span class='ocrx_word' id='word_1_464' title='bbox 1662 4426 1854 4497; x_wconf 84' lang='lat' dir='ltr'><strong>Asirim</strong></span> <span class='ocrx_word' id='word_1_465' title='bbox 1877 4471 1890 4493; x_wconf 95' lang='lat'><strong>,</strong></span> <span class='ocrx_word' id='word_1_466' title='bbox 1939 4443 2038 4497; x_wconf 91' lang='lat' dir='ltr'><strong>pro</strong></span> 
     </span>
    </p>
   </div>
   <div class='ocr_carea' id='block_1_61' title="bbox 436 4495 2038 4567">
    <p class='ocr_par' dir='ltr' id='par_1_61' title="bbox 436 4495 2038 4567">
     <span class='ocr_line' id='line_1_61' title="bbox 436 4495 2038 4567; baseline 0.001 -17"><span class='ocrx_word' id='word_1_467' title='bbox 436 4495 566 4550; x_wconf 87' lang='lat' dir='ltr'><strong>Abel</strong></span> <span class='ocrx_word' id='word_1_468' title='bbox 594 4498 800 4564; x_wconf 82' lang='lat' dir='ltr'><strong>Asitim,</strong></span> <span class='ocrx_word' id='word_1_469' title='bbox 831 4495 1143 4567; x_wconf 81' lang='lat' dir='ltr'><strong>explodere.</strong></span> <span class='ocrx_word' id='word_1_470' title='bbox 1175 4496 1444 4550; x_wconf 89' lang='lat' dir='ltr'><strong>Constans</strong></span> <span class='ocrx_word' id='word_1_471' title='bbox 1473 4497 1698 4565; x_wconf 86' lang='lat' dir='ltr'><strong>proinde</strong></span> <span class='ocrx_word' id='word_1_472' title='bbox 1726 4496 1889 4551; x_wconf 88' lang='lat' dir='ltr'><strong>debet</strong></span> <span class='ocrx_word' id='word_1_473' title='bbox 1915 4495 2038 4553; x_wconf 75' lang='lat' dir='ltr'><strong>esse</strong></span> 
     </span>
    </p>
   </div>
   <div class='ocr_carea' id='block_1_62' title="bbox 2148 505 3782 582">
    <p class='ocr_par' dir='ltr' id='par_1_62' title="bbox 2148 505 3782 582">
     <span class='ocr_line' id='line_1_62' title="bbox 2148 505 3782 582; baseline -0.009 -19"><span class='ocrx_word' id='word_1_474' title='bbox 2148 511 2586 580; x_wconf 89' lang='lat' dir='ltr'><strong>guiﬁcationibus</strong></span> <span class='ocrx_word' id='word_1_475' title='bbox 2629 505 3396 582; x_wconf 41' lang='lat' dir='ltr'><strong>llebraicorutn__Non:tinum;</strong></span> <span class='ocrx_word' id='word_1_476' title='bbox 3433 508 3531 582; x_wconf 77' lang='lat' dir='ltr'><strong>aut</strong></span> <span class='ocrx_word' id='word_1_477' title='bbox 3552 505 3782 582; x_wconf 53' lang='lat' dir='ltr'><strong>reteres</strong></span> 
     </span>
    </p>
   </div>
   <div class='ocr_carea' id='block_1_63' title="bbox 2147 569 3780 651">
    <p class='ocr_par' dir='ltr' id='par_1_63' title="bbox 2147 569 3780 651">
     <span class='ocr_line' id='line_1_63' title="bbox 2147 569 3780 651; baseline -0.009 -15"><span class='ocrx_word' id='word_1_478' title='bbox 2147 569 2338 637; x_wconf 69' lang='lat' dir='ltr'><strong>onmes</strong></span> <span class='ocrx_word' id='word_1_479' title='bbox 2360 582 2726 651; x_wconf 83' lang='lat' dir='ltr'><strong>exscriptores</strong></span> <span class='ocrx_word' id='word_1_480' title='bbox 2748 581 2987 651; x_wconf 82' lang='lat' dir='ltr'><strong>Operam</strong></span> <span class='ocrx_word' id='word_1_481' title='bbox 3017 579 3076 635; x_wconf 88' lang='lat' dir='ltr'><strong>S.</strong></span> <span class='ocrx_word' id='word_1_482' title='bbox 3121 574 3454 647; x_wconf 85' lang='lat' dir='ltr'><strong>Hieronymi</strong></span> <span class='ocrx_word' id='word_1_483' title='bbox 3487 569 3780 627; x_wconf 61' lang='lat' dir='ltr'><strong>insimule-</strong></span> 
     </span>
    </p>
   </div>
   <div class='ocr_carea' id='block_1_64' title="bbox 2148 654 3022 723">
    <p class='ocr_par' dir='ltr' id='par_1_64' title="bbox 2148 654 3022 723">
     <span class='ocr_line' id='line_1_64' title="bbox 2148 654 3022 723; baseline -0.001 -17"><span class='ocrx_word' id='word_1_484' title='bbox 2148 669 2268 707; x_wconf 79' lang='lat' dir='ltr'><strong>nms</strong></span> <span class='ocrx_word' id='word_1_485' title='bbox 2290 654 2700 723; x_wconf 85' lang='lat' dir='ltr'><strong>depravationis</strong></span> <span class='ocrx_word' id='word_1_486' title='bbox 2725 662 3022 722; x_wconf 75' lang='lat' dir='ltr'><strong>perpetuae.</strong></span> 
     </span>
    </p>
   </div>
   <div class='ocr_carea' id='block_1_65' title="bbox 2218 714 3776 792">
    <p class='ocr_par' dir='ltr' id='par_1_65' title="bbox 2218 714 3776 792">
     <span class='ocr_line' id='line_1_65' title="bbox 2218 714 3776 792; baseline -0.008 -14"><span class='ocrx_word' id='word_1_487' title='bbox 2218 724 2332 780; x_wconf 90' lang='lat' dir='ltr'><strong>Non</strong></span> <span class='ocrx_word' id='word_1_488' title='bbox 2366 714 2445 780; x_wconf 77' lang='lat' dir='ltr'><strong>ita</strong></span> <span class='ocrx_word' id='word_1_489' title='bbox 2489 726 2618 788; x_wconf 87' lang='lat' dir='ltr'><strong>erit,</strong></span> <span class='ocrx_word' id='word_1_490' title='bbox 2645 735 2701 780; x_wconf 93' lang='lat' dir='ltr'><strong>ut</strong></span> <span class='ocrx_word' id='word_1_491' title='bbox 2727 714 3143 792; x_wconf 46' lang='lat' dir='ltr'><strong>vel-imperitia:</strong></span> <span class='ocrx_word' id='word_1_492' title='bbox 3183 718 3436 792; x_wconf 67' lang='lat' dir='ltr'><strong>suslticio</strong></span> <span class='ocrx_word' id='word_1_493' title='bbox 3482 714 3776 768; x_wconf 64' lang='lat' dir='ltr'><strong>adhmreat</strong></span> 
     </span>
    </p>
   </div>
   <div class='ocr_carea' id='block_1_66' title="bbox 2147 791 3774 868">
    <p class='ocr_par' dir='ltr' id='par_1_66' title="bbox 2147 791 3774 868">
     <span class='ocr_line' id='line_1_66' title="bbox 2147 791 3774 868; baseline -0.008 -18"><span class='ocrx_word' id='word_1_494' title='bbox 2147 796 2505 868; x_wconf 82' lang='lat' dir='ltr'><strong>Hieronymo,</strong></span> <span class='ocrx_word' id='word_1_495' title='bbox 2539 807 2632 850; x_wconf 89' lang='lat' dir='ltr'><strong>aut</strong></span> <span class='ocrx_word' id='word_1_496' title='bbox 2675 791 3082 868; x_wconf 84' lang='lat' dir='ltr'><strong>depravationis</strong></span> <span class='ocrx_word' id='word_1_497' title='bbox 3126 794 3290 868; x_wconf 87' lang='lat' dir='ltr'><strong>culpa</strong></span> <span class='ocrx_word' id='word_1_498' title='bbox 3333 791 3774 868; x_wconf 41' lang='lat' dir='ltr'><strong>rei‘teneap&#39;tur</strong></span> 
     </span>
    </p>
   </div>
   <div class='ocr_carea' id='block_1_67' title="bbox 2147 854 3773 937">
    <p class='ocr_par' dir='ltr' id='par_1_67' title="bbox 2147 854 3773 937">
     <span class='ocr_line' id='line_1_67' title="bbox 2147 854 3773 937; baseline -0.007 -17"><span class='ocrx_word' id='word_1_499' title='bbox 2147 854 2416 937; x_wconf 63' lang='lat' dir='ltr'><strong>quotqniit</strong></span> <span class='ocrx_word' id='word_1_500' title='bbox 2445 854 2670 934; x_wconf 77' lang='lat' dir='ltr'><strong>usquam</strong></span> <span class='ocrx_word' id='word_1_501' title='bbox 2699 854 2942 936; x_wconf 80' lang='lat' dir='ltr'><strong>gentium</strong></span> <span class='ocrx_word' id='word_1_502' title='bbox 2966 854 3382 932; x_wconf 62' lang='lat' dir='ltr'><strong>descripsErunt</strong></span> <span class='ocrx_word' id='word_1_503' title='bbox 3411 860 3597 937; x_wconf 68' lang='lat' dir='ltr'><strong>Opera</strong></span> <span class='ocrx_word' id='word_1_504' title='bbox 3641 854 3773 909; x_wconf 82' lang='lat' dir='ltr'><strong>Hie-</strong></span> 
     </span>
    </p>
   </div>
   <div class='ocr_carea' id='block_1_68' title="bbox 2147 930 3770 1010">
    <p class='ocr_par' dir='ltr' id='par_1_68' title="bbox 2147 930 3770 1010">
     <span class='ocr_line' id='line_1_68' title="bbox 2147 930 3770 1010; baseline -0.01 -15"><span class='ocrx_word' id='word_1_505' title='bbox 2147 930 2491 1010; x_wconf 69' lang='lat' dir='ltr'><strong>roItymiana.</strong></span> <span class='ocrx_word' id='word_1_506' title='bbox 2532 930 2727 1007; x_wconf 75' lang='lat' dir='ltr'><strong>Neque</strong></span> <span class='ocrx_word' id='word_1_507' title='bbox 2775 955 2873 1007; x_wconf 78' lang='lat' dir='ltr'><strong>par</strong></span> <span class='ocrx_word' id='word_1_508' title='bbox 2918 930 3164 1010; x_wconf 79' lang='lat' dir='ltr'><strong>arbitror</strong></span> <span class='ocrx_word' id='word_1_509' title='bbox 3191 950 3370 1010; x_wconf 90' lang='lat' dir='ltr'><strong>unum</strong></span> <span class='ocrx_word' id='word_1_510' title='bbox 3410 930 3770 1010; x_wconf 72' lang='lat' dir='ltr'><strong>velalterum</strong></span> 
     </span>
    </p>
   </div>
   <div class='ocr_carea' id='block_1_69' title="bbox 2145 1005 3773 1080">
    <p class='ocr_par' dir='ltr' id='par_1_69' title="bbox 2145 1005 3773 1080">
     <span class='ocr_line' id='line_1_69' title="bbox 2145 1005 3773 1080; baseline -0.006 -19"><span class='ocrx_word' id='word_1_511' title='bbox 2145 1005 2422 1065; x_wconf 79' lang='lat' dir='ltr'><strong>afﬁrmare</strong></span> <span class='ocrx_word' id='word_1_512' title='bbox 2447 1030 2457 1064; x_wconf 78' lang='grc' dir='ltr'><strong>τ</strong></span> <span class='ocrx_word' id='word_1_513' title='bbox 2485 1013 2578 1065; x_wconf 89' lang='lat' dir='ltr'><strong>sed</strong></span> <span class='ocrx_word' id='word_1_514' title='bbox 2619 1005 2968 1065; x_wconf 71' lang='lat' dir='ltr'><strong>verisimilius</strong></span> <span class='ocrx_word' id='word_1_515' title='bbox 3024 1008 3277 1080; x_wconf 76' lang='lat' dir='ltr'><strong>dixerim</strong></span> <span class='ocrx_word' id='word_1_516' title='bbox 3321 1005 3773 1080; x_wconf 61' lang='lat' dir='ltr'><strong>levi_ter_tinctos</strong></span> 
     </span>
    </p>
   </div>
   <div class='ocr_carea' id='block_1_70' title="bbox 2145 1070 3773 1151">
    <p class='ocr_par' dir='ltr' id='par_1_70' title="bbox 2145 1070 3773 1151">
     <span class='ocr_line' id='line_1_70' title="bbox 2145 1070 3773 1151; baseline -0.009 -17"><span class='ocrx_word' id='word_1_517' title='bbox 2145 1095 2268 1134; x_wconf 76' lang='lat' dir='ltr'><strong>esse</strong></span> <span class='ocrx_word' id='word_1_518' title='bbox 2298 1083 2523 1137; x_wconf 86' lang='lat' dir='ltr'><strong>scientia</strong></span> <span class='ocrx_word' id='word_1_519' title='bbox 2551 1081 2761 1135; x_wconf 82' lang='lat' dir='ltr'><strong>Hebr-.L-i</strong></span> <span class='ocrx_word' id='word_1_520' title='bbox 2784 1081 3074 1147; x_wconf 85' lang='lat' dir='ltr'><strong>sermonis,</strong></span> <span class='ocrx_word' id='word_1_521' title='bbox 3099 1079 3190 1148; x_wconf 92' lang='lat' dir='ltr'><strong>qui</strong></span> <span class='ocrx_word' id='word_1_522' title='bbox 3225 1077 3310 1131; x_wconf 90' lang='lat' dir='ltr'><strong>his</strong></span> <span class='ocrx_word' id='word_1_523' title='bbox 3342 1070 3773 1151; x_wconf 68' lang='lat' dir='ltr'><strong>difficultatibus</strong></span> 
     </span>
    </p>
   </div>
   <div class='ocr_carea' id='block_1_71' title="bbox 2146 1144 3770 1222">
    <p class='ocr_par' dir='ltr' id='par_1_71' title="bbox 2146 1144 3770 1222">
     <span class='ocr_line' id='line_1_71' title="bbox 2146 1144 3770 1222; baseline -0.008 -15"><span class='ocrx_word' id='word_1_524' title='bbox 2146 1155 2405 1221; x_wconf 84' lang='lat' dir='ltr'><strong>superati,</strong></span> <span class='ocrx_word' id='word_1_525' title='bbox 2448 1155 2684 1222; x_wconf 88' lang='lat' dir='ltr'><strong>impares</strong></span> <span class='ocrx_word' id='word_1_526' title='bbox 2727 1168 2786 1206; x_wconf 90' lang='lat' dir='ltr'><strong>se</strong></span> <span class='ocrx_word' id='word_1_527' title='bbox 2839 1144 3084 1221; x_wconf 50' lang='lat' dir='ltr'><strong>pra’bent</strong></span> <span class='ocrx_word' id='word_1_528' title='bbox 3117 1144 3770 1222; x_wconf 50' lang='lat' dir='ltr'><strong>&#39;susceptarudefeusiom</strong></span> 
     </span>
    </p>
   </div>
   <div class='ocr_carea' id='block_1_72' title="bbox 2145 1212 3766 1295">
    <p class='ocr_par' dir='ltr' id='par_1_72' title="bbox 2145 1212 3766 1295">
     <span class='ocr_line' id='line_1_72' title="bbox 2145 1212 3766 1295; baseline -0.006 -20"><span class='ocrx_word' id='word_1_529' title='bbox 2145 1212 2315 1278; x_wconf 80' lang='lat' dir='ltr'><strong>sancti</strong></span> <span class='ocrx_word' id='word_1_530' title='bbox 2349 1212 2690 1295; x_wconf 76' lang='lat' dir='ltr'><strong>Hieronymi.</strong></span> <span class='ocrx_word' id='word_1_531' title='bbox 2719 1212 3002 1295; x_wconf 47' lang='lat' dir='ltr'><strong>Nam-quid</strong></span> <span class='ocrx_word' id='word_1_532' title='bbox 3033 1229 3199 1295; x_wconf 57' lang='lat' dir='ltr'><strong>tanta;</strong></span> <span class='ocrx_word' id='word_1_533' title='bbox 3221 1212 3308 1274; x_wconf 70' lang='lat' dir='ltr'><strong>esi</strong></span> <span class='ocrx_word' id='word_1_534' title='bbox 3336 1215 3692 1295; x_wconf 71' lang='lat' dir='ltr'><strong>difﬁcultatis</strong></span> <span class='ocrx_word' id='word_1_535' title='bbox 3713 1212 3766 1295; x_wconf 70' lang='lat' dir='ltr'><strong>in</strong></span> 
     </span>
    </p>
   </div>
   <div class='ocr_carea' id='block_1_73' title="bbox 2147 1283 3769 1364">
    <p class='ocr_par' dir='ltr' id='par_1_73' title="bbox 2147 1283 3769 1364">
     <span class='ocr_line' id='line_1_73' title="bbox 2147 1283 3769 1364; baseline -0.006 -18"><span class='ocrx_word' id='word_1_536' title='bbox 2147 1295 2391 1349; x_wconf 84' lang='lat' dir='ltr'><strong>recitatis</strong></span> <span class='ocrx_word' id='word_1_537' title='bbox 2434 1283 3003 1364; x_wconf 60' lang='lat' dir='ltr'><strong>interprt-tatitenibus,</strong></span> <span class='ocrx_word' id='word_1_538' title='bbox 3029 1303 3088 1346; x_wconf 92' lang='lat' dir='ltr'><strong>ut</strong></span> <span class='ocrx_word' id='word_1_539' title='bbox 3136 1294 3344 1364; x_wconf 86' lang='lat' dir='ltr'><strong>fingere</strong></span> <span class='ocrx_word' id='word_1_540' title='bbox 3374 1302 3532 1364; x_wconf 78' lang='lat' dir='ltr'><strong>opus</strong></span> <span class='ocrx_word' id='word_1_541' title='bbox 3561 1287 3638 1340; x_wconf 86' lang='lat' dir='ltr'><strong>sit</strong></span> <span class='ocrx_word' id='word_1_542' title='bbox 3683 1283 3769 1337; x_wconf 67' lang='lat' dir='ltr'><strong>vel</strong></span> 
     </span>
    </p>
   </div>
   <div class='ocr_carea' id='block_1_74' title="bbox 2146 1362 3769 1434">
    <p class='ocr_par' dir='ltr' id='par_1_74' title="bbox 2146 1362 3769 1434">
     <span class='ocr_line' id='line_1_74' title="bbox 2146 1362 3769 1434; baseline -0.004 -17"><span class='ocrx_word' id='word_1_543' title='bbox 2146 1365 2372 1419; x_wconf 80' lang='lat' dir='ltr'><strong>crimina</strong></span> <span class='ocrx_word' id='word_1_544' title='bbox 2401 1367 2454 1420; x_wconf 92' lang='lat' dir='ltr'><strong>in</strong></span> <span class='ocrx_word' id='word_1_545' title='bbox 2487 1362 2805 1431; x_wconf 62' lang='grc' dir='ltr'><strong>εριοῖβιηιὫε,</strong></span> <span class='ocrx_word' id='word_1_546' title='bbox 2830 1366 2912 1420; x_wconf 88' lang='lat' dir='ltr'><strong>vel</strong></span> <span class='ocrx_word' id='word_1_547' title='bbox 2954 1368 3170 1434; x_wconf 84' lang='lat' dir='ltr'><strong>ignOtas</strong></span> <span class='ocrx_word' id='word_1_548' title='bbox 3203 1362 3646 1432; x_wconf 86' lang='lat' dir='ltr'><strong>significationes</strong></span> <span class='ocrx_word' id='word_1_549' title='bbox 3674 1370 3769 1410; x_wconf 82' lang='lat' dir='ltr'><strong>vo-</strong></span> 
     </span>
    </p>
   </div>
   <div class='ocr_carea' id='block_1_75' title="bbox 2146 1435 3828 1498">
    <p class='ocr_par' dir='ltr' id='par_1_75' title="bbox 2146 1435 3828 1498">
     <span class='ocr_line' id='line_1_75' title="bbox 2146 1435 3828 1498; baseline -0.005 -10"><span class='ocrx_word' id='word_1_550' title='bbox 2146 1449 2268 1489; x_wconf 90' lang='lat' dir='ltr'><strong>cum</strong></span> <span class='ocrx_word' id='word_1_551' title='bbox 2295 1437 2825 1492; x_wconf 68' lang='lat' dir='ltr'><strong>llebrsnarum?Snla</strong></span> <span class='ocrx_word' id='word_1_552' title='bbox 2847 1437 3008 1490; x_wconf 90' lang='lat' dir='ltr'><strong>lectio</strong></span> <span class='ocrx_word' id='word_1_553' title='bbox 3029 1435 3452 1489; x_wconf 87' lang='lat' dir='ltr'><strong>libriGeneseos</strong></span> <span class='ocrx_word' id='word_1_554' title='bbox 3475 1445 3598 1498; x_wconf 84' lang='lat' dir='ltr'><strong>cap.</strong></span> <span class='ocrx_word' id='word_1_555' title='bbox 3629 1443 3765 1490; x_wconf 77' lang='lat' dir='ltr'><strong>xm,</strong></span> <span class='ocrx_word' id='word_1_556' title='bbox 3825 1482 3828 1488; x_wconf 73' lang='grc'>,</span> 
     </span>
    </p>
   </div>
   <div class='ocr_carea' id='block_1_76' title="bbox 2147 1503 3766 1579">
    <p class='ocr_par' dir='ltr' id='par_1_76' title="bbox 2147 1503 3766 1579">
     <span class='ocr_line' id='line_1_76' title="bbox 2147 1503 3766 1579; baseline -0.001 -21"><span class='ocrx_word' id='word_1_557' title='bbox 2147 1521 2290 1579; x_wconf 79' lang='lat' dir='ltr'><strong>vers.</strong></span> <span class='ocrx_word' id='word_1_558' title='bbox 2328 1507 2382 1573; x_wconf 83' lang='lat'><strong>5,</strong></span> <span class='ocrx_word' id='word_1_559' title='bbox 2417 1511 2782 1578; x_wconf 86' lang='lat' dir='ltr'><strong>objectionem</strong></span> <span class='ocrx_word' id='word_1_560' title='bbox 2827 1509 2894 1563; x_wconf 89' lang='lat' dir='ltr'><strong>de</strong></span> <span class='ocrx_word' id='word_1_561' title='bbox 2918 1507 3256 1579; x_wconf 76' lang='lat' dir='ltr'><strong>etymologia</strong></span> <span class='ocrx_word' id='word_1_562' title='bbox 3288 1503 3529 1579; x_wconf 76' lang='lat' dir='ltr'><strong>nominis</strong></span> <span class='ocrx_word' id='word_1_563' title='bbox 3562 1512 3766 1558; x_wconf 61' lang='lat' dir='ltr'><strong>3mm:</strong></span> 
     </span>
    </p>
   </div>
   <div class='ocr_carea' id='block_1_77' title="bbox 2146 1574 3759 1648">
    <p class='ocr_par' dir='ltr' id='par_1_77' title="bbox 2146 1574 3759 1648">
     <span class='ocr_line' id='line_1_77' title="bbox 2146 1574 3759 1648; baseline -0.004 -19"><span class='ocrx_word' id='word_1_564' title='bbox 2146 1577 2430 1648; x_wconf 76' lang='lat' dir='ltr'><strong>Abraham,</strong></span> <span class='ocrx_word' id='word_1_565' title='bbox 2461 1574 2671 1635; x_wconf 80' lang='lat' dir='ltr'><strong>futilem</strong></span> <span class='ocrx_word' id='word_1_566' title='bbox 2699 1595 2922 1648; x_wconf 89' lang='lat' dir='ltr'><strong>prorsus</strong></span> <span class='ocrx_word' id='word_1_567' title='bbox 2952 1574 3015 1634; x_wconf 63' lang='lat' dir='ltr'><strong>a&#39;c</strong></span> <span class='ocrx_word' id='word_1_568' title='bbox 3048 1574 3361 1646; x_wconf 85' lang='lat' dir='ltr'><strong>imperitam</strong></span> <span class='ocrx_word' id='word_1_569' title='bbox 3387 1574 3759 1648; x_wconf 79' lang='lat' dir='ltr'><strong>demonstrat.</strong></span> 
     </span>
    </p>
   </div>
   <div class='ocr_carea' id='block_1_78' title="bbox 2146 1646 3758 1720">
    <p class='ocr_par' dir='ltr' id='par_1_78' title="bbox 2146 1646 3758 1720">
     <span class='ocr_line' id='line_1_78' title="bbox 2146 1646 3758 1720; baseline -0.004 -19"><span class='ocrx_word' id='word_1_570' title='bbox 2146 1647 2254 1703; x_wconf 77' lang='lat' dir='ltr'><strong>Nec</strong></span> <span class='ocrx_word' id='word_1_571' title='bbox 2271 1653 2497 1706; x_wconf 84' lang='lat' dir='ltr'><strong>feliciori</strong></span> <span class='ocrx_word' id='word_1_572' title='bbox 2524 1661 2671 1706; x_wconf 84' lang='lat' dir='ltr'><strong>sorte</strong></span> <span class='ocrx_word' id='word_1_573' title='bbox 2687 1646 2902 1706; x_wconf 67' lang='lat' dir='ltr'><strong>caztcra:</strong></span> <span class='ocrx_word' id='word_1_574' title='bbox 2923 1649 3261 1720; x_wconf 88' lang='lat' dir='ltr'><strong>gaudebunt,</strong></span> <span class='ocrx_word' id='word_1_575' title='bbox 3276 1649 3321 1701; x_wconf 90' lang='lat' dir='ltr'><strong>si</strong></span> <span class='ocrx_word' id='word_1_576' title='bbox 3341 1646 3758 1720; x_wconf 8' lang='lat' dir='ltr'><strong>regseuucleate,</strong></span> 
     </span>
    </p>
   </div>
   <div class='ocr_carea' id='block_1_79' title="bbox 2146 1716 3759 1791">
    <p class='ocr_par' dir='ltr' id='par_1_79' title="bbox 2146 1716 3759 1791">
     <span class='ocr_line' id='line_1_79' title="bbox 2146 1716 3759 1791; baseline -0.002 -19"><span class='ocrx_word' id='word_1_577' title='bbox 2146 1720 2446 1791; x_wconf 84' lang='lat' dir='ltr'><strong>ordineque</strong></span> <span class='ocrx_word' id='word_1_578' title='bbox 2473 1723 2657 1778; x_wconf 84' lang='lat' dir='ltr'><strong>debito</strong></span> <span class='ocrx_word' id='word_1_579' title='bbox 2685 1716 3088 1791; x_wconf 64' lang='lat' dir='ltr'><strong>expettdaittur.</strong></span> <span class='ocrx_word' id='word_1_580' title='bbox 3121 1721 3380 1790; x_wconf 84' lang='lat' dir='ltr'><strong>Ubjectas</strong></span> <span class='ocrx_word' id='word_1_581' title='bbox 3402 1718 3569 1788; x_wconf 82' lang='lat' dir='ltr'><strong>igitur</strong></span> <span class='ocrx_word' id='word_1_582' title='bbox 3590 1716 3759 1769; x_wconf 86' lang='lat' dir='ltr'><strong>inter-</strong></span> 
     </span>
    </p>
   </div>
   <div class='ocr_carea' id='block_1_80' title="bbox 2149 1793 2886 1860">
    <p class='ocr_par' dir='ltr' id='par_1_80' title="bbox 2149 1793 2886 1860">
     <span class='ocr_line' id='line_1_80' title="bbox 2149 1793 2886 1860; baseline 0.003 -16"><span class='ocrx_word' id='word_1_583' title='bbox 2149 1797 2482 1860; x_wconf 87' lang='lat' dir='ltr'><strong>pretationes</strong></span> <span class='ocrx_word' id='word_1_584' title='bbox 2515 1796 2593 1848; x_wconf 89' lang='lat' dir='ltr'><strong>sic</strong></span> <span class='ocrx_word' id='word_1_585' title='bbox 2616 1793 2850 1848; x_wconf 86' lang='lat' dir='ltr'><strong>defendo</strong></span> <span class='ocrx_word' id='word_1_586' title='bbox 2875 1812 2886 1846; x_wconf 90' lang='lat'><strong>:</strong></span> 
     </span>
    </p>
   </div>
   <div class='ocr_carea' id='block_1_81' title="bbox 2222 1860 3759 1935">
    <p class='ocr_par' dir='ltr' id='par_1_81' title="bbox 2222 1860 3759 1935">
     <span class='ocr_line' id='line_1_81' title="bbox 2222 1860 3759 1935; baseline -0.005 -16"><span class='ocrx_word' id='word_1_587' title='bbox 2222 1864 2567 1922; x_wconf 85' lang='lat' dir='ltr'><strong>Edisserebat</strong></span> <span class='ocrx_word' id='word_1_588' title='bbox 2589 1875 2812 1919; x_wconf 87' lang='lat' dir='ltr'><strong>sanctus</strong></span> <span class='ocrx_word' id='word_1_589' title='bbox 2836 1865 3203 1935; x_wconf 52' lang='lat' dir='ltr'><strong>Hieronymus</strong></span> <span class='ocrx_word' id='word_1_590' title='bbox 3228 1863 3374 1935; x_wconf 87' lang='lat' dir='ltr'><strong>hunc</strong></span> <span class='ocrx_word' id='word_1_591' title='bbox 3388 1860 3621 1935; x_wconf 81' lang='lat' dir='ltr'><strong>Genesis</strong></span> <span class='ocrx_word' id='word_1_592' title='bbox 3638 1873 3759 1912; x_wconf 76' lang='lat' dir='ltr'><strong>ver-</strong></span> 
     </span>
    </p>
   </div>
   <div class='ocr_carea' id='block_1_82' title="bbox 2145 1931 3762 2006">
    <p class='ocr_par' dir='ltr' id='par_1_82' title="bbox 2145 1931 3762 2006">
     <span class='ocr_line' id='line_1_82' title="bbox 2145 1931 3762 2006; baseline -0.005 -17"><span class='ocrx_word' id='word_1_593' title='bbox 2145 1936 2379 1990; x_wconf 89' lang='lat' dir='ltr'><strong>siculum</strong></span> <span class='ocrx_word' id='word_1_594' title='bbox 2426 1937 2577 2006; x_wconf 82' lang='lat' dir='ltr'><strong>juxta</strong></span> <span class='ocrx_word' id='word_1_595' title='bbox 2623 1937 3014 2006; x_wconf 68' lang='lat' dir='ltr'><strong>Septuaginta:</strong></span> <span class='ocrx_word' id='word_1_596' title='bbox 3045 1931 3162 1989; x_wconf 80' lang='lat' dir='ltr'><strong>Nec</strong></span> <span class='ocrx_word' id='word_1_597' title='bbox 3185 1934 3456 1988; x_wconf 80' lang='lat' dir='ltr'><strong>vocabitur</strong></span> <span class='ocrx_word' id='word_1_598' title='bbox 3480 1931 3625 2006; x_wconf 74' lang='lat' dir='ltr'><strong>ultra</strong></span> <span class='ocrx_word' id='word_1_599' title='bbox 3665 1946 3762 1983; x_wconf 83' lang='lat' dir='ltr'><strong>no-</strong></span> 
     </span>
    </p>
   </div>
   <div class='ocr_carea' id='block_1_83' title="bbox 2145 2003 3753 2062">
    <p class='ocr_par' dir='ltr' id='par_1_83' title="bbox 2145 2003 3753 2062">
     <span class='ocr_line' id='line_1_83' title="bbox 2145 2003 3753 2062; baseline -0.004 -3"><span class='ocrx_word' id='word_1_600' title='bbox 2145 2024 2260 2060; x_wconf 85' lang='lat' dir='ltr'><strong>men</strong></span> <span class='ocrx_word' id='word_1_601' title='bbox 2309 2003 2454 2062; x_wconf 82' lang='lat' dir='ltr'><strong>tuttm</strong></span> <span class='ocrx_word' id='word_1_602' title='bbox 2494 2003 2732 2062; x_wconf 49' lang='lat' dir='ltr'><strong>Abram&#39;:</strong></span> <span class='ocrx_word' id='word_1_603' title='bbox 2773 2003 2862 2061; x_wconf 75' lang='lat' dir='ltr'><strong>sed</strong></span> <span class='ocrx_word' id='word_1_604' title='bbox 2905 2009 3003 2061; x_wconf 87' lang='lat' dir='ltr'><strong>erit</strong></span> <span class='ocrx_word' id='word_1_605' title='bbox 3035 2023 3222 2060; x_wconf 84' lang='lat' dir='ltr'><strong>nomen</strong></span> <span class='ocrx_word' id='word_1_606' title='bbox 3263 2016 3411 2059; x_wconf 88' lang='lat' dir='ltr'><strong>tuum</strong></span> <span class='ocrx_word' id='word_1_607' title='bbox 3454 2003 3753 2062; x_wconf 78' lang='lat' dir='ltr'><strong>Abraham,</strong></span> 
     </span>
    </p>
   </div>
   <div class='ocr_carea' id='block_1_84' title="bbox 2145 2078 3756 2156">
    <p class='ocr_par' dir='ltr' id='par_1_84' title="bbox 2145 2078 3756 2156">
     <span class='ocr_line' id='line_1_84' title="bbox 2145 2078 3756 2156; baseline 0 -24"><span class='ocrx_word' id='word_1_608' title='bbox 2145 2080 2265 2149; x_wconf 83' lang='lat' dir='ltr'><strong>quia</strong></span> <span class='ocrx_word' id='word_1_609' title='bbox 2313 2090 2511 2149; x_wconf 70' lang='lat' dir='ltr'><strong>patrem</strong></span> <span class='ocrx_word' id='word_1_610' title='bbox 2560 2081 2839 2132; x_wconf 79' lang='lat' dir='ltr'><strong>multarum</strong></span> <span class='ocrx_word' id='word_1_611' title='bbox 2859 2081 3088 2150; x_wconf 81' lang='lat' dir='ltr'><strong>gentium</strong></span> <span class='ocrx_word' id='word_1_612' title='bbox 3113 2078 3262 2146; x_wconf 81' lang='lat' dir='ltr'><strong>posui</strong></span> <span class='ocrx_word' id='word_1_613' title='bbox 3291 2086 3370 2139; x_wconf 89' lang='lat' dir='ltr'><strong>te,</strong></span> <span class='ocrx_word' id='word_1_614' title='bbox 3432 2084 3579 2156; x_wconf 61' lang='grc' dir='ltr'><strong>πω</strong></span> <span class='ocrx_word' id='word_1_615' title='bbox 3633 2081 3756 2132; x_wconf 66' lang='grc' dir='ltr'>πεπι</span> 
     </span>
    </p>
   </div>
   <div class='ocr_carea' id='block_1_85' title="bbox 2144 2168 3755 2258">
    <p class='ocr_par' dir='ltr' id='par_1_85' title="bbox 2144 2168 3755 2258">
     <span class='ocr_line' id='line_1_85' title="bbox 2144 2168 3755 2258; baseline -0.006 -31"><span class='ocrx_word' id='word_1_616' title='bbox 2144 2177 2316 2251; x_wconf 64' lang='grc' dir='ltr'><strong>ΤΠἾέ</strong></span> <span class='ocrx_word' id='word_1_617' title='bbox 2346 2180 2464 2232; x_wconf 66' lang='lat'><strong>:71:</strong></span> <span class='ocrx_word' id='word_1_618' title='bbox 2483 2181 2615 2258; x_wconf 54' lang='lat' dir='ltr'><strong>tum</strong></span> <span class='ocrx_word' id='word_1_619' title='bbox 2641 2182 2721 2231; x_wconf 63' lang='lat' dir='ltr'><strong>an</strong></span> <span class='ocrx_word' id='word_1_620' title='bbox 2764 2181 2817 2230; x_wconf 68' lang='grc' dir='ltr'><strong>’Ξ</strong></span> <span class='ocrx_word' id='word_1_621' title='bbox 2837 2181 3056 2237; x_wconf 63' lang='lat' dir='ltr'><strong>tamus,</strong></span> <span class='ocrx_word' id='word_1_622' title='bbox 3089 2170 3144 2225; x_wconf 85' lang='lat' dir='ltr'><strong>id</strong></span> <span class='ocrx_word' id='word_1_623' title='bbox 3187 2180 3293 2238; x_wconf 87' lang='lat' dir='ltr'><strong>est,</strong></span> <span class='ocrx_word' id='word_1_624' title='bbox 3324 2168 3394 2222; x_wconf 88' lang='lat' dir='ltr'><strong>Et</strong></span> <span class='ocrx_word' id='word_1_625' title='bbox 3439 2169 3535 2224; x_wconf 82' lang='lat' dir='ltr'><strong>erit</strong></span> <span class='ocrx_word' id='word_1_626' title='bbox 3575 2182 3755 2220; x_wconf 72' lang='lat' dir='ltr'><strong>nomen</strong></span> 
     </span>
    </p>
   </div>
   <div class='ocr_carea' id='block_1_86' title="bbox 2146 2262 3756 2336">
    <p class='ocr_par' dir='ltr' id='par_1_86' title="bbox 2146 2262 3756 2336">
     <span class='ocr_line' id='line_1_86' title="bbox 2146 2262 3756 2336; baseline -0.003 -18"><span class='ocrx_word' id='word_1_627' title='bbox 2146 2275 2291 2320; x_wconf 86' lang='lat' dir='ltr'><strong>tuum</strong></span> <span class='ocrx_word' id='word_1_628' title='bbox 2323 2266 2740 2335; x_wconf 84' lang='lat' dir='ltr'><strong>Abraham,quia</strong></span> <span class='ocrx_word' id='word_1_629' title='bbox 2769 2274 2970 2336; x_wconf 84' lang='lat' dir='ltr'><strong>patrem</strong></span> <span class='ocrx_word' id='word_1_630' title='bbox 2999 2263 3350 2318; x_wconf 78' lang='lat' dir='ltr'><strong>multitudinis</strong></span> <span class='ocrx_word' id='word_1_631' title='bbox 3378 2262 3756 2336; x_wconf 76' lang='lat' dir='ltr'><strong>gentium_dedi</strong></span> 
     </span>
    </p>
   </div>
   <div class='ocr_carea' id='block_1_87' title="bbox 2147 2332 3757 2408">
    <p class='ocr_par' dir='ltr' id='par_1_87' title="bbox 2147 2332 3757 2408">
     <span class='ocr_line' id='line_1_87' title="bbox 2147 2332 3757 2408; baseline -0.004 -16"><span class='ocrx_word' id='word_1_632' title='bbox 2147 2347 2226 2404; x_wconf 86' lang='lat' dir='ltr'><strong>te;</strong></span> <span class='ocrx_word' id='word_1_633' title='bbox 2258 2350 2422 2408; x_wconf 90' lang='lat' dir='ltr'><strong>utque</strong></span> <span class='ocrx_word' id='word_1_634' title='bbox 2447 2332 2641 2392; x_wconf 83' lang='lat' dir='ltr'><strong>mutati</strong></span> <span class='ocrx_word' id='word_1_635' title='bbox 2665 2332 2899 2391; x_wconf 87' lang='lat' dir='ltr'><strong>nominis</strong></span> <span class='ocrx_word' id='word_1_636' title='bbox 2931 2337 3197 2391; x_wconf 87' lang='lat' dir='ltr'><strong>rationem</strong></span> <span class='ocrx_word' id='word_1_637' title='bbox 3234 2332 3584 2408; x_wconf 74' lang='lat' dir='ltr'><strong>tiiaitil’estam</strong></span> <span class='ocrx_word' id='word_1_638' title='bbox 3613 2332 3757 2408; x_wconf 81' lang='lat' dir='ltr'><strong>face-</strong></span> 
     </span>
    </p>
   </div>
   <div class='ocr_carea' id='block_1_88' title="bbox 2148 2405 3750 2478">
    <p class='ocr_par' dir='ltr' id='par_1_88' title="bbox 2148 2405 3750 2478">
     <span class='ocr_line' id='line_1_88' title="bbox 2148 2405 3750 2478; baseline -0.004 -15"><span class='ocrx_word' id='word_1_639' title='bbox 2148 2421 2232 2464; x_wconf 87' lang='lat' dir='ltr'><strong>ret</strong></span> <span class='ocrx_word' id='word_1_640' title='bbox 2281 2405 2494 2474; x_wconf 78' lang='lat' dir='ltr'><strong>Ieclori,</strong></span> <span class='ocrx_word' id='word_1_641' title='bbox 2541 2409 2739 2477; x_wconf 67' lang='lat' dir='ltr'><strong>lingua:</strong></span> <span class='ocrx_word' id='word_1_642' title='bbox 2784 2407 3082 2478; x_wconf 74' lang='lat' dir='ltr'><strong>peregrina:</strong></span> <span class='ocrx_word' id='word_1_643' title='bbox 3131 2408 3327 2476; x_wconf 66' lang='lat' dir='ltr'><strong>quaerit</strong></span> <span class='ocrx_word' id='word_1_644' title='bbox 3370 2407 3461 2461; x_wconf 87' lang='lat' dir='ltr'><strong>sic</strong></span> <span class='ocrx_word' id='word_1_645' title='bbox 3507 2405 3750 2478; x_wconf 55' lang='lat' dir='ltr'><strong>augilia:</strong></span> 
     </span>
    </p>
   </div>
   <div class='ocr_carea' id='block_1_89' title="bbox 2153 2475 3749 2549">
    <p class='ocr_par' dir='ltr' id='par_1_89' title="bbox 2153 2475 3749 2549">
     <span class='ocr_line' id='line_1_89' title="bbox 2153 2475 3749 2549; baseline -0.003 -15"><span class='ocrx_word' id='word_1_646' title='bbox 2153 2499 2172 2534; x_wconf 74' lang='grc' dir='ltr'><strong>ι</strong></span> <span class='ocrx_word' id='word_1_647' title='bbox 2208 2482 2402 2536; x_wconf 91' lang='lat' dir='ltr'><strong>Dicunt</strong></span> <span class='ocrx_word' id='word_1_648' title='bbox 2427 2488 2604 2534; x_wconf 89' lang='lat' dir='ltr'><strong>autem</strong></span> <span class='ocrx_word' id='word_1_649' title='bbox 2627 2475 2872 2546; x_wconf 58' lang='lat' dir='ltr'><strong>“deum,</strong></span> <span class='ocrx_word' id='word_1_650' title='bbox 2901 2475 3044 2549; x_wconf 76' lang='lat' dir='ltr'><strong>quod</strong></span> <span class='ocrx_word' id='word_1_651' title='bbox 3071 2475 3159 2534; x_wconf 10' lang='lat' dir='ltr'><strong>exi</strong></span> <span class='ocrx_word' id='word_1_652' title='bbox 3184 2481 3407 2534; x_wconf 90' lang='lat' dir='ltr'><strong>nomine</strong></span> <span class='ocrx_word' id='word_1_653' title='bbox 3453 2492 3556 2531; x_wconf 90' lang='lat' dir='ltr'><strong>suo</strong></span> <span class='ocrx_word' id='word_1_654' title='bbox 3589 2475 3749 2540; x_wconf 82' lang='lat' dir='ltr'><strong>Deus,</strong></span> 
     </span>
    </p>
   </div>
   <div class='ocr_carea' id='block_1_90' title="bbox 2154 2549 3749 2621">
    <p class='ocr_par' dir='ltr' id='par_1_90' title="bbox 2154 2549 3749 2621">
     <span class='ocr_line' id='line_1_90' title="bbox 2154 2549 3749 2621; baseline -0.003 -17"><span class='ocrx_word' id='word_1_655' title='bbox 2154 2571 2172 2604; x_wconf 76' lang='grc' dir='ltr'><strong>ι</strong></span> <span class='ocrx_word' id='word_1_656' title='bbox 2209 2553 2349 2618; x_wconf 86' lang='lat' dir='ltr'><strong>quod</strong></span> <span class='ocrx_word' id='word_1_657' title='bbox 2383 2553 2523 2620; x_wconf 82' lang='lat' dir='ltr'><strong>apud</strong></span> <span class='ocrx_word' id='word_1_658' title='bbox 2569 2551 2692 2606; x_wconf 89' lang='lat' dir='ltr'><strong>illos</strong></span> <span class='ocrx_word' id='word_1_659' title='bbox 2721 2551 3227 2621; x_wconf 81' lang='lat' dir='ltr'><strong>Tetragratnmaton</strong></span> <span class='ocrx_word' id='word_1_660' title='bbox 3275 2559 3378 2612; x_wconf 89' lang='lat' dir='ltr'><strong>est.</strong></span> <span class='ocrx_word' id='word_1_661' title='bbox 3409 2564 3484 2604; x_wconf 65' lang='lat' dir='ltr'><strong>at:</strong></span> <span class='ocrx_word' id='word_1_662' title='bbox 3515 2549 3749 2621; x_wconf 73' lang='lat' dir='ltr'><strong>litteram</strong></span> 
     </span>
    </p>
   </div>
   <div class='ocr_carea' id='block_1_91' title="bbox 2155 2620 3749 2689">
    <p class='ocr_par' dir='ltr' id='par_1_91' title="bbox 2155 2620 3749 2689">
     <span class='ocr_line' id='line_1_91' title="bbox 2155 2620 3749 2689; baseline -0.002 -15"><span class='ocrx_word' id='word_1_663' title='bbox 2155 2642 2171 2674; x_wconf 74' lang='grc' dir='ltr'><strong>ι</strong></span> <span class='ocrx_word' id='word_1_664' title='bbox 2209 2624 2431 2678; x_wconf 77' lang='lat' dir='ltr'><strong>Abrahte</strong></span> <span class='ocrx_word' id='word_1_665' title='bbox 2455 2633 2508 2677; x_wconf 90' lang='lat' dir='ltr'><strong>et</strong></span> <span class='ocrx_word' id='word_1_666' title='bbox 2535 2622 2685 2677; x_wconf 82' lang='lat' dir='ltr'><strong>Sara:</strong></span> <span class='ocrx_word' id='word_1_667' title='bbox 2711 2620 2996 2676; x_wconf 83' lang='lat' dir='ltr'><strong>addiderit.</strong></span> <span class='ocrx_word' id='word_1_668' title='bbox 3023 2621 3316 2676; x_wconf 89' lang='lat' dir='ltr'><strong>Dicebatur</strong></span> <span class='ocrx_word' id='word_1_669' title='bbox 3337 2621 3491 2675; x_wconf 90' lang='lat' dir='ltr'><strong>enim</strong></span> <span class='ocrx_word' id='word_1_670' title='bbox 3516 2620 3749 2689; x_wconf 86' lang='lat' dir='ltr'><strong>primunt</strong></span> 
     </span>
    </p>
   </div>
   <div class='ocr_carea' id='block_1_92' title="bbox 2154 2691 3751 2766">
    <p class='ocr_par' dir='ltr' id='par_1_92' title="bbox 2154 2691 3751 2766">
     <span class='ocr_line' id='line_1_92' title="bbox 2154 2691 3751 2766; baseline -0.002 -20"><span class='ocrx_word' id='word_1_671' title='bbox 2154 2713 2173 2746; x_wconf 72' lang='grc' dir='ltr'><strong>ι</strong></span> <span class='ocrx_word' id='word_1_672' title='bbox 2210 2695 2420 2760; x_wconf 86' lang='lat' dir='ltr'><strong>Abram,</strong></span> <span class='ocrx_word' id='word_1_673' title='bbox 2440 2695 2584 2764; x_wconf 87' lang='lat' dir='ltr'><strong>quod</strong></span> <span class='ocrx_word' id='word_1_674' title='bbox 2618 2695 3004 2766; x_wconf 82' lang='lat' dir='ltr'><strong>interpretatur</strong></span> <span class='ocrx_word' id='word_1_675' title='bbox 3023 2703 3172 2766; x_wconf 85' lang='lat' dir='ltr'><strong>pater</strong></span> <span class='ocrx_word' id='word_1_676' title='bbox 3199 2691 3465 2756; x_wconf 67' lang='lat' dir='ltr'><strong>excelsus;</strong></span> <span class='ocrx_word' id='word_1_677' title='bbox 3487 2701 3543 2744; x_wconf 88' lang='lat' dir='ltr'><strong>et</strong></span> <span class='ocrx_word' id='word_1_678' title='bbox 3567 2701 3751 2766; x_wconf 76' lang='lat' dir='ltr'><strong>postea</strong></span> 
     </span>
    </p>
   </div>
   <div class='ocr_carea' id='block_1_93' title="bbox 2154 2760 3750 2835">
    <p class='ocr_par' dir='ltr' id='par_1_93' title="bbox 2154 2760 3750 2835">
     <span class='ocr_line' id='line_1_93' title="bbox 2154 2760 3750 2835; baseline -0.002 -19"><span class='ocrx_word' id='word_1_679' title='bbox 2154 2783 2172 2816; x_wconf 70' lang='grc' dir='ltr'><strong>ι</strong></span> <span class='ocrx_word' id='word_1_680' title='bbox 2214 2778 2437 2821; x_wconf 84' lang='lat' dir='ltr'><strong>vocatus</strong></span> <span class='ocrx_word' id='word_1_681' title='bbox 2458 2760 2548 2819; x_wconf 76' lang='lat' dir='ltr'><strong>est</strong></span> <span class='ocrx_word' id='word_1_682' title='bbox 2574 2760 2857 2832; x_wconf 80' lang='lat' dir='ltr'><strong>Abraham,</strong></span> <span class='ocrx_word' id='word_1_683' title='bbox 2893 2760 3034 2834; x_wconf 89' lang='lat' dir='ltr'><strong>quod</strong></span> <span class='ocrx_word' id='word_1_684' title='bbox 3067 2765 3394 2818; x_wconf 77' lang='lat' dir='ltr'><strong>transfertur</strong></span> <span class='ocrx_word' id='word_1_685' title='bbox 3440 2760 3750 2835; x_wconf 69' lang='lat' dir='ltr'><strong>paternus!-</strong></span> 
     </span>
    </p>
   </div>
   <div class='ocr_carea' id='block_1_94' title="bbox 2154 2833 3750 2904">
    <p class='ocr_par' dir='ltr' id='par_1_94' title="bbox 2154 2833 3750 2904">
     <span class='ocr_line' id='line_1_94' title="bbox 2154 2833 3750 2904; baseline -0.001 -17"><span class='ocrx_word' id='word_1_686' title='bbox 2154 2854 2172 2887; x_wconf 79' lang='lat' dir='ltr'><strong>t</strong></span> <span class='ocrx_word' id='word_1_687' title='bbox 2209 2847 2380 2891; x_wconf 87' lang='lat' dir='ltr'><strong>tarum</strong></span> <span class='ocrx_word' id='word_1_688' title='bbox 2407 2857 2424 2891; x_wconf 87' lang='grc'><strong>.·</strong></span> <span class='ocrx_word' id='word_1_689' title='bbox 2461 2852 2583 2890; x_wconf 86' lang='lat' dir='ltr'><strong>nam</strong></span> <span class='ocrx_word' id='word_1_690' title='bbox 2621 2836 2767 2904; x_wconf 89' lang='lat' dir='ltr'><strong>quod</strong></span> <span class='ocrx_word' id='word_1_691' title='bbox 2797 2833 3061 2904; x_wconf 86' lang='lat' dir='ltr'><strong>sequitur,</strong></span> <span class='ocrx_word' id='word_1_692' title='bbox 3092 2837 3356 2901; x_wconf 80' lang='lat' dir='ltr'><strong>gentium,</strong></span> <span class='ocrx_word' id='word_1_693' title='bbox 3387 2833 3496 2887; x_wconf 76' lang='lat' dir='ltr'><strong>nun</strong></span> <span class='ocrx_word' id='word_1_694' title='bbox 3523 2833 3750 2888; x_wconf 85' lang='lat' dir='ltr'><strong>habetur</strong></span> 
     </span>
    </p>
   </div>
   <div class='ocr_carea' id='block_1_95' title="bbox 2153 2906 3747 2972">
    <p class='ocr_par' dir='ltr' id='par_1_95' title="bbox 2153 2906 3747 2972">
     <span class='ocr_line' id='line_1_95' title="bbox 2153 2906 3747 2972; baseline -0.001 -12"><span class='ocrx_word' id='word_1_695' title='bbox 2153 2925 2172 2960; x_wconf 83' lang='lat' dir='ltr'><strong>t</strong></span> <span class='ocrx_word' id='word_1_696' title='bbox 2212 2909 2264 2963; x_wconf 91' lang='lat' dir='ltr'><strong>in</strong></span> <span class='ocrx_word' id='word_1_697' title='bbox 2299 2908 2538 2968; x_wconf 85' lang='lat' dir='ltr'><strong>nomine,</strong></span> <span class='ocrx_word' id='word_1_698' title='bbox 2585 2909 2678 2961; x_wconf 83' lang='lat' dir='ltr'><strong>sed</strong></span> <span class='ocrx_word' id='word_1_699' title='bbox 2715 2907 3055 2962; x_wconf 86' lang='lat' dir='ltr'><strong>subauditur.</strong></span> <span class='ocrx_word' id='word_1_700' title='bbox 3081 2906 3192 2961; x_wconf 87' lang='lat' dir='ltr'><strong>Nec</strong></span> <span class='ocrx_word' id='word_1_701' title='bbox 3219 2906 3527 2960; x_wconf 88' lang='lat' dir='ltr'><strong>mirandum</strong></span> <span class='ocrx_word' id='word_1_702' title='bbox 3559 2919 3747 2972; x_wconf 88' lang='lat' dir='ltr'><strong>quare,</strong></span> 
     </span>
    </p>
   </div>
   <div class='ocr_carea' id='block_1_96' title="bbox 2155 2975 3746 3050">
    <p class='ocr_par' dir='ltr' id='par_1_96' title="bbox 2155 2975 3746 3050">
     <span class='ocr_line' id='line_1_96' title="bbox 2155 2975 3746 3050; baseline -0.002 -19"><span class='ocrx_word' id='word_1_703' title='bbox 2155 2998 2173 3031; x_wconf 86' lang='grc'><strong><em>‹</em></strong></span> <span class='ocrx_word' id='word_1_704' title='bbox 2211 2995 2335 3034; x_wconf 89' lang='lat' dir='ltr'><strong>cum</strong></span> <span class='ocrx_word' id='word_1_705' title='bbox 2366 2980 2507 3050; x_wconf 89' lang='lat' dir='ltr'><strong>apud</strong></span> <span class='ocrx_word' id='word_1_706' title='bbox 2538 2979 2761 3034; x_wconf 79' lang='lat' dir='ltr'><strong>Graecos</strong></span> <span class='ocrx_word' id='word_1_707' title='bbox 2783 2989 2836 3032; x_wconf 91' lang='lat' dir='ltr'><strong>et</strong></span> <span class='ocrx_word' id='word_1_708' title='bbox 2861 2993 2960 3032; x_wconf 92' lang='lat' dir='ltr'><strong>nos</strong></span> <span class='ocrx_word' id='word_1_709' title='bbox 2983 2978 3232 3050; x_wconf 10' lang='lat' dir='ltr'><strong>Ailittera</strong></span> <span class='ocrx_word' id='word_1_710' title='bbox 3265 2978 3519 3050; x_wconf 77' lang='lat' dir='ltr'><strong>videatur</strong></span> <span class='ocrx_word' id='word_1_711' title='bbox 3548 2975 3746 3050; x_wconf 66' lang='lat' dir='ltr'><strong>addita,</strong></span> 
     </span>
    </p>
   </div>
   <div class='ocr_carea' id='block_1_97' title="bbox 2152 3045 3749 3106">
    <p class='ocr_par' dir='ltr' id='par_1_97' title="bbox 2152 3045 3749 3106">
     <span class='ocr_line' id='line_1_97' title="bbox 2152 3045 3749 3106; baseline -0.002 -4"><span class='ocrx_word' id='word_1_712' title='bbox 2152 3067 2172 3102; x_wconf 73' lang='grc' dir='ltr'><strong>ι</strong></span> <span class='ocrx_word' id='word_1_713' title='bbox 2213 3067 2310 3106; x_wconf 91' lang='lat' dir='ltr'><strong>nos</strong></span> <span class='ocrx_word' id='word_1_714' title='bbox 2339 3045 2660 3106; x_wconf 52' lang='lat' dir='ltr'><strong>ns&#39;litteram</strong></span> <span class='ocrx_word' id='word_1_715' title='bbox 2688 3050 2966 3104; x_wconf 68' lang='lat' dir='ltr'><strong>llebrmam</strong></span> <span class='ocrx_word' id='word_1_716' title='bbox 2990 3049 3227 3103; x_wconf 87' lang='lat' dir='ltr'><strong>additam</strong></span> <span class='ocrx_word' id='word_1_717' title='bbox 3258 3049 3587 3104; x_wconf 80' lang='lat' dir='ltr'><strong>dixerimus.</strong></span> <span class='ocrx_word' id='word_1_718' title='bbox 3615 3045 3749 3100; x_wconf 90' lang='lat' dir='ltr'><strong>Idio-</strong></span> 
     </span>
    </p>
   </div>
   <div class='ocr_carea' id='block_1_98' title="bbox 2156 3120 3746 3191">
    <p class='ocr_par' dir='ltr' id='par_1_98' title="bbox 2156 3120 3746 3191">
     <span class='ocr_line' id='line_1_98' title="bbox 2156 3120 3746 3191; baseline -0.001 -17"><span class='ocrx_word' id='word_1_719' title='bbox 2156 3141 2174 3174; x_wconf 76' lang='grc' dir='ltr'><strong>ι</strong></span> <span class='ocrx_word' id='word_1_720' title='bbox 2214 3139 2298 3175; x_wconf 89' lang='lat' dir='ltr'><strong>ma</strong></span> <span class='ocrx_word' id='word_1_721' title='bbox 2321 3123 2462 3177; x_wconf 90' lang='lat' dir='ltr'><strong>enim</strong></span> <span class='ocrx_word' id='word_1_722' title='bbox 2496 3123 2694 3191; x_wconf 73' lang='lat' dir='ltr'><strong>linguce</strong></span> <span class='ocrx_word' id='word_1_723' title='bbox 2723 3121 2868 3175; x_wconf 86' lang='lat' dir='ltr'><strong>illius</strong></span> <span class='ocrx_word' id='word_1_724' title='bbox 2892 3133 2976 3176; x_wconf 88' lang='lat' dir='ltr'><strong>est</strong></span> <span class='ocrx_word' id='word_1_725' title='bbox 3005 3135 3100 3188; x_wconf 90' lang='lat' dir='ltr'><strong>per</strong></span> <span class='ocrx_word' id='word_1_726' title='bbox 3126 3136 3197 3175; x_wconf 76' lang='lat' dir='ltr'><strong>nn</strong></span> <span class='ocrx_word' id='word_1_727' title='bbox 3229 3120 3453 3189; x_wconf 87' lang='lat' dir='ltr'><strong>quidem</strong></span> <span class='ocrx_word' id='word_1_728' title='bbox 3486 3120 3746 3181; x_wconf 86' lang='lat' dir='ltr'><strong>scribere,</strong></span> 
     </span>
    </p>
   </div>
   <div class='ocr_carea' id='block_1_99' title="bbox 2153 3192 3747 3262">
    <p class='ocr_par' dir='ltr' id='par_1_99' title="bbox 2153 3192 3747 3262">
     <span class='ocr_line' id='line_1_99' title="bbox 2153 3192 3747 3262; baseline -0.001 -17"><span class='ocrx_word' id='word_1_729' title='bbox 2153 3211 2172 3245; x_wconf 72' lang='grc' dir='ltr'>ς</span> <span class='ocrx_word' id='word_1_730' title='bbox 2209 3195 2301 3248; x_wconf 87' lang='lat' dir='ltr'><strong>sed</strong></span> <span class='ocrx_word' id='word_1_731' title='bbox 2332 3208 2430 3262; x_wconf 82' lang='lat' dir='ltr'><strong>per</strong></span> <span class='ocrx_word' id='word_1_732' title='bbox 2447 3197 2489 3246; x_wconf 86' lang='grc' dir='ltr'><em>Α</em></span> <span class='ocrx_word' id='word_1_733' title='bbox 2503 3194 2684 3262; x_wconf 69' lang='lat' dir='ltr'><strong>legele</strong></span> <span class='ocrx_word' id='word_1_734' title='bbox 2705 3211 2718 3248; x_wconf 87' lang='lat'><strong>:</strong></span> <span class='ocrx_word' id='word_1_735' title='bbox 2738 3195 2885 3247; x_wconf 90' lang='lat' dir='ltr'><strong>sicut</strong></span> <span class='ocrx_word' id='word_1_736' title='bbox 2907 3207 2938 3244; x_wconf 91' lang='lat' dir='ltr'><strong>e</strong></span> <span class='ocrx_word' id='word_1_737' title='bbox 2959 3192 3235 3247; x_wconf 68' lang='lat' dir='ltr'><strong>centu-ario</strong></span> <span class='ocrx_word' id='word_1_738' title='bbox 3265 3194 3310 3245; x_wconf 83' lang='lat' dir='ltr'><strong>A</strong></span> <span class='ocrx_word' id='word_1_739' title='bbox 3338 3192 3580 3262; x_wconf 65' lang='lat' dir='ltr'><strong>litteram</strong></span> <span class='ocrx_word' id='word_1_740' title='bbox 3610 3204 3747 3259; x_wconf 79' lang='lat' dir='ltr'><strong>saepe</strong></span> 
     </span>
    </p>
   </div>
   <div class='ocr_carea' id='block_1_100' title="bbox 2154 3261 3744 3333">
    <p class='ocr_par' dir='ltr' id='par_1_100' title="bbox 2154 3261 3744 3333">
     <span class='ocr_line' id='line_1_100' title="bbox 2154 3261 3744 3333; baseline -0.002 -16"><span class='ocrx_word' id='word_1_741' title='bbox 2154 3283 2173 3317; x_wconf 73' lang='grc' dir='ltr'><strong>ι</strong></span> <span class='ocrx_word' id='word_1_742' title='bbox 2215 3281 2307 3333; x_wconf 90' lang='lat' dir='ltr'><strong>per</strong></span> <span class='ocrx_word' id='word_1_743' title='bbox 2329 3281 2398 3319; x_wconf 82' lang='lat' dir='ltr'><strong>nn</strong></span> <span class='ocrx_word' id='word_1_744' title='bbox 2431 3261 2806 3333; x_wconf 81' lang='lat' dir='ltr'><strong>pronuntiant.</strong></span> <span class='ocrx_word' id='word_1_745' title='bbox 2850 3283 2867 3316; x_wconf 73' lang='grc' dir='ltr'><strong>ι</strong></span> <span class='ocrx_word' id='word_1_746' title='bbox 2900 3263 3054 3332; x_wconf 84' lang='lat' dir='ltr'><strong>Apud</strong></span> <span class='ocrx_word' id='word_1_747' title='bbox 3084 3263 3305 3319; x_wconf 66' lang='lat' dir='ltr'><strong>Graecos</strong></span> <span class='ocrx_word' id='word_1_748' title='bbox 3327 3272 3384 3317; x_wconf 89' lang='lat' dir='ltr'><strong>et</strong></span> <span class='ocrx_word' id='word_1_749' title='bbox 3409 3261 3636 3316; x_wconf 88' lang='lat' dir='ltr'><strong>Latinos</strong></span> <span class='ocrx_word' id='word_1_750' title='bbox 3658 3261 3744 3314; x_wconf 91' lang='lat' dir='ltr'><strong>lit-</strong></span> 
     </span>
    </p>
   </div>
   <div class='ocr_carea' id='block_1_101' title="bbox 2148 3333 3745 3402">
    <p class='ocr_par' dir='ltr' id='par_1_101' title="bbox 2148 3333 3745 3402">
     <span class='ocr_line' id='line_1_101' title="bbox 2148 3333 3745 3402; baseline -0.004 -12"><span class='ocrx_word' id='word_1_751' title='bbox 2148 3346 2262 3390; x_wconf 89' lang='lat' dir='ltr'><strong>tera</strong></span> <span class='ocrx_word' id='word_1_752' title='bbox 2292 3337 2336 3390; x_wconf 90' lang='lat' dir='ltr'><strong>A</strong></span> <span class='ocrx_word' id='word_1_753' title='bbox 2361 3336 2539 3391; x_wconf 85' lang='lat' dir='ltr'><strong>addita</strong></span> <span class='ocrx_word' id='word_1_754' title='bbox 2568 3345 2685 3388; x_wconf 89' lang='lat' dir='ltr'><strong>erat</strong></span> <span class='ocrx_word' id='word_1_755' title='bbox 2715 3337 2765 3390; x_wconf 91' lang='lat' dir='ltr'><strong>iu</strong></span> <span class='ocrx_word' id='word_1_756' title='bbox 2797 3337 3014 3390; x_wconf 89' lang='lat' dir='ltr'><strong>nomine</strong></span> <span class='ocrx_word' id='word_1_757' title='bbox 3034 3335 3328 3401; x_wconf 82' lang='lat' dir='ltr'><strong>Abraham,</strong></span> <span class='ocrx_word' id='word_1_758' title='bbox 3360 3333 3489 3402; x_wconf 86' lang='lat' dir='ltr'><strong>quia</strong></span> <span class='ocrx_word' id='word_1_759' title='bbox 3516 3333 3745 3402; x_wconf 83' lang='lat' dir='ltr'><strong>primunt</strong></span> 
     </span>
    </p>
   </div>
   <div class='ocr_carea' id='block_1_102' title="bbox 2146 3404 3745 3481">
    <p class='ocr_par' dir='ltr' id='par_1_102' title="bbox 2146 3404 3745 3481">
     <span class='ocr_line' id='line_1_102' title="bbox 2146 3404 3745 3481; baseline -0.003 -21"><span class='ocrx_word' id='word_1_760' title='bbox 2146 3407 2322 3481; x_wconf 83' lang='lat' dir='ltr'><strong>dictus</strong></span> <span class='ocrx_word' id='word_1_761' title='bbox 2367 3417 2458 3481; x_wconf 87' lang='lat' dir='ltr'><strong>est</strong></span> <span class='ocrx_word' id='word_1_762' title='bbox 2478 3404 2706 3481; x_wconf 61' lang='grc' dir='ltr'><strong>ξἈϐραμ,</strong></span> <span class='ocrx_word' id='word_1_763' title='bbox 2760 3407 2966 3481; x_wconf 75' lang='lat' dir='ltr'><strong>Abram,</strong></span> <span class='ocrx_word' id='word_1_764' title='bbox 3002 3417 3062 3481; x_wconf 81' lang='lat' dir='ltr'><strong>et</strong></span> <span class='ocrx_word' id='word_1_765' title='bbox 3095 3416 3280 3476; x_wconf 88' lang='lat' dir='ltr'><strong>postea</strong></span> <span class='ocrx_word' id='word_1_766' title='bbox 3337 3405 3527 3481; x_wconf 76' lang='lat' dir='ltr'><strong>addita</strong></span> <span class='ocrx_word' id='word_1_767' title='bbox 3573 3404 3745 3481; x_wconf 64' lang='lat' dir='ltr'><strong>littera</strong></span> 
     </span>
    </p>
   </div>
   <div class='ocr_carea' id='block_1_103' title="bbox 2145 3473 3745 3551">
    <p class='ocr_par' dir='ltr' id='par_1_103' title="bbox 2145 3473 3745 3551">
     <span class='ocr_line' id='line_1_103' title="bbox 2145 3473 3745 3551; baseline -0.004 -17"><span class='ocrx_word' id='word_1_768' title='bbox 2145 3477 2398 3551; x_wconf 81' lang='grc' dir='ltr'><strong>’Λϐραάμ,</strong></span> <span class='ocrx_word' id='word_1_769' title='bbox 2427 3473 2708 3551; x_wconf 71' lang='lat' dir='ltr'><strong>Abraham.</strong></span> <span class='ocrx_word' id='word_1_770' title='bbox 2738 3478 2890 3551; x_wconf 78' lang='lat' dir='ltr'><strong>Apud</strong></span> <span class='ocrx_word' id='word_1_771' title='bbox 2921 3473 3180 3532; x_wconf 38' lang='lat' dir='ltr'><strong>I‘lebra&#39;zos</strong></span> <span class='ocrx_word' id='word_1_772' title='bbox 3208 3492 3317 3551; x_wconf 85' lang='lat' dir='ltr'><strong>non</strong></span> <span class='ocrx_word' id='word_1_773' title='bbox 3344 3475 3516 3546; x_wconf 81' lang='lat' dir='ltr'><strong>Aleph</strong></span> <span class='ocrx_word' id='word_1_774' title='bbox 3543 3492 3586 3551; x_wconf 46' lang='grc' dir='ltr'>η</span> <span class='ocrx_word' id='word_1_775' title='bbox 3601 3473 3745 3551; x_wconf 52' lang='lat' dir='ltr'><strong>addi.</strong></span> 
     </span>
    </p>
   </div>
   <div class='ocr_carea' id='block_1_104' title="bbox 2147 3545 3741 3620">
    <p class='ocr_par' dir='ltr' id='par_1_104' title="bbox 2147 3545 3741 3620">
     <span class='ocr_line' id='line_1_104' title="bbox 2147 3545 3741 3620; baseline -0.001 -19"><span class='ocrx_word' id='word_1_776' title='bbox 2147 3545 2257 3603; x_wconf 84' lang='lat' dir='ltr'><strong>tum</strong></span> <span class='ocrx_word' id='word_1_777' title='bbox 2291 3545 2391 3620; x_wconf 64' lang='lat' dir='ltr'><strong>es&#39;t,</strong></span> <span class='ocrx_word' id='word_1_778' title='bbox 2419 3552 2510 3604; x_wconf 87' lang='lat' dir='ltr'><strong>sed</strong></span> <span class='ocrx_word' id='word_1_779' title='bbox 2534 3562 2572 3609; x_wconf 76' lang='lat' dir='ltr'><strong>rt</strong></span> <span class='ocrx_word' id='word_1_780' title='bbox 2595 3549 2674 3604; x_wconf 81' lang='lat' dir='ltr'><strong>He</strong></span> <span class='ocrx_word' id='word_1_781' title='bbox 2695 3566 2713 3604; x_wconf 91' lang='lat'><strong><em>:</em></strong></span> <span class='ocrx_word' id='word_1_782' title='bbox 2733 3545 2873 3604; x_wconf 82' lang='lat' dir='ltr'><strong>unde</strong></span> <span class='ocrx_word' id='word_1_783' title='bbox 2897 3551 3044 3620; x_wconf 76' lang='lat' dir='ltr'><strong>prius</strong></span> <span class='ocrx_word' id='word_1_784' title='bbox 3064 3558 3223 3606; x_wconf 69' lang='lat' dir='ltr'><strong>mas:</strong></span> <span class='ocrx_word' id='word_1_785' title='bbox 3235 3545 3454 3620; x_wconf 76' lang='lat' dir='ltr'><strong>Abram,</strong></span> <span class='ocrx_word' id='word_1_786' title='bbox 3476 3557 3532 3602; x_wconf 92' lang='lat' dir='ltr'><strong>et</strong></span> <span class='ocrx_word' id='word_1_787' title='bbox 3552 3545 3741 3600; x_wconf 88' lang='lat' dir='ltr'><strong>deinde</strong></span> 
     </span>
    </p>
   </div>
   <div class='ocr_carea' id='block_1_105' title="bbox 2144 3619 3742 3690">
    <p class='ocr_par' dir='ltr' id='par_1_105' title="bbox 2144 3619 3742 3690">
     <span class='ocr_line' id='line_1_105' title="bbox 2144 3619 3742 3690; baseline -0.006 -12"><span class='ocrx_word' id='word_1_788' title='bbox 2144 3630 2340 3680; x_wconf 62' lang='lat' dir='ltr'><strong>armis</strong></span> <span class='ocrx_word' id='word_1_789' title='bbox 2381 3619 2662 3686; x_wconf 86' lang='lat' dir='ltr'><strong>Abraham,</strong></span> <span class='ocrx_word' id='word_1_790' title='bbox 2697 3622 2825 3690; x_wconf 85' lang='lat' dir='ltr'><strong>quia</strong></span> <span class='ocrx_word' id='word_1_791' title='bbox 2876 3632 2914 3678; x_wconf 78' lang='grc' dir='ltr'><strong>Π</strong></span> <span class='ocrx_word' id='word_1_792' title='bbox 2962 3619 3044 3674; x_wconf 85' lang='lat' dir='ltr'><strong>He</strong></span> <span class='ocrx_word' id='word_1_793' title='bbox 3089 3636 3184 3688; x_wconf 87' lang='lat' dir='ltr'><strong>per</strong></span> <span class='ocrx_word' id='word_1_794' title='bbox 3235 3621 3278 3672; x_wconf 85' lang='lat' dir='ltr'><strong>A</strong></span> <span class='ocrx_word' id='word_1_795' title='bbox 3310 3619 3584 3688; x_wconf 85' lang='lat' dir='ltr'><strong>legebant,</strong></span> <span class='ocrx_word' id='word_1_796' title='bbox 3615 3626 3742 3690; x_wconf 79' lang='lat' dir='ltr'><strong>teste</strong></span> 
     </span>
    </p>
   </div>
   <div class='ocr_carea' id='block_1_106' title="bbox 2145 3688 3738 3764">
    <p class='ocr_par' dir='ltr' id='par_1_106' title="bbox 2145 3688 3738 3764">
     <span class='ocr_line' id='line_1_106' title="bbox 2145 3688 3738 3764; baseline -0.003 -19"><span class='ocrx_word' id='word_1_797' title='bbox 2145 3691 2498 3764; x_wconf 87' lang='lat' dir='ltr'><strong>Hieronymo.</strong></span> <span class='ocrx_word' id='word_1_798' title='bbox 2517 3688 2790 3747; x_wconf 88' lang='lat' dir='ltr'><strong>Elementi</strong></span> <span class='ocrx_word' id='word_1_799' title='bbox 2818 3701 2997 3747; x_wconf 88' lang='lat' dir='ltr'><strong>autetn</strong></span> <span class='ocrx_word' id='word_1_800' title='bbox 3036 3691 3112 3745; x_wconf 76' lang='lat' dir='ltr'><strong>lle</strong></span> <span class='ocrx_word' id='word_1_801' title='bbox 3140 3691 3578 3764; x_wconf 86' lang='lat' dir='ltr'><strong>additamentum</strong></span> <span class='ocrx_word' id='word_1_802' title='bbox 3602 3688 3738 3751; x_wconf 89' lang='lat' dir='ltr'><strong>fecit,</strong></span> 
     </span>
    </p>
   </div>
   <div class='ocr_carea' id='block_1_107' title="bbox 2147 3763 3738 3835">
    <p class='ocr_par' dir='ltr' id='par_1_107' title="bbox 2147 3763 3738 3835">
     <span class='ocr_line' id='line_1_107' title="bbox 2147 3763 3738 3835; baseline -0.002 -20"><span class='ocrx_word' id='word_1_803' title='bbox 2147 3772 2204 3816; x_wconf 91' lang='lat' dir='ltr'><strong>ut</strong></span> <span class='ocrx_word' id='word_1_804' title='bbox 2225 3764 2315 3833; x_wconf 92' lang='lat' dir='ltr'><strong>qui</strong></span> <span class='ocrx_word' id='word_1_805' title='bbox 2340 3763 2569 3835; x_wconf 85' lang='lat' dir='ltr'><strong>primum</strong></span> <span class='ocrx_word' id='word_1_806' title='bbox 2595 3771 2738 3835; x_wconf 87' lang='lat' dir='ltr'><strong>pater</strong></span> <span class='ocrx_word' id='word_1_807' title='bbox 2758 3764 2987 3818; x_wconf 74' lang='lat' dir='ltr'><strong>excelsus</strong></span> <span class='ocrx_word' id='word_1_808' title='bbox 3015 3763 3415 3835; x_wconf 72' lang='lat' dir='ltr'><strong>appellabatur,</strong></span> <span class='ocrx_word' id='word_1_809' title='bbox 3438 3772 3630 3835; x_wconf 78' lang='lat' dir='ltr'><strong>postea</strong></span> <span class='ocrx_word' id='word_1_810' title='bbox 3650 3775 3738 3835; x_wconf 82' lang='lat' dir='ltr'><strong>no-</strong></span> 
     </span>
    </p>
   </div>
   <div class='ocr_carea' id='block_1_108' title="bbox 2145 3833 3737 3903">
    <p class='ocr_par' dir='ltr' id='par_1_108' title="bbox 2145 3833 3737 3903">
     <span class='ocr_line' id='line_1_108' title="bbox 2145 3833 3737 3903; baseline -0.001 -17"><span class='ocrx_word' id='word_1_811' title='bbox 2145 3837 2294 3889; x_wconf 93' lang='lat' dir='ltr'><strong>tniue</strong></span> <span class='ocrx_word' id='word_1_812' title='bbox 2319 3849 2419 3889; x_wconf 87' lang='lat' dir='ltr'><strong>suo</strong></span> <span class='ocrx_word' id='word_1_813' title='bbox 2442 3833 2718 3890; x_wconf 87' lang='lat' dir='ltr'><strong>diceretur</strong></span> <span class='ocrx_word' id='word_1_814' title='bbox 2746 3845 2891 3903; x_wconf 86' lang='lat' dir='ltr'><strong>pater</strong></span> <span class='ocrx_word' id='word_1_815' title='bbox 2919 3833 3291 3888; x_wconf 76' lang='lat' dir='ltr'><strong>multitudinis.</strong></span> <span class='ocrx_word' id='word_1_816' title='bbox 3319 3833 3458 3887; x_wconf 81' lang='lat' dir='ltr'><strong>Nam</strong></span> <span class='ocrx_word' id='word_1_817' title='bbox 3487 3833 3737 3888; x_wconf 79' lang='lat' dir='ltr'><strong>Hebraice</strong></span> 
     </span>
    </p>
   </div>
   <div class='ocr_carea' id='block_1_109' title="bbox 2140 3905 3735 3992">
    <p class='ocr_par' dir='ltr' id='par_1_109' title="bbox 2140 3905 3735 3992">
     <span class='ocr_line' id='line_1_109' title="bbox 2140 3905 3735 3992; baseline -0.001 -33"><span class='ocrx_word' id='word_1_818' title='bbox 2140 3915 2276 3992; x_wconf 60' lang='lat' dir='ltr'><strong>rth</strong></span> <span class='ocrx_word' id='word_1_819' title='bbox 2305 3923 2479 3972; x_wconf 88' lang='lat' dir='ltr'><strong>amon,</strong></span> <span class='ocrx_word' id='word_1_820' title='bbox 2514 3907 2654 3961; x_wconf 89' lang='lat' dir='ltr'><strong>idem</strong></span> <span class='ocrx_word' id='word_1_821' title='bbox 2687 3916 2792 3970; x_wconf 88' lang='lat' dir='ltr'><strong>est,</strong></span> <span class='ocrx_word' id='word_1_822' title='bbox 2838 3906 2983 3975; x_wconf 90' lang='lat' dir='ltr'><strong>quod</strong></span> <span class='ocrx_word' id='word_1_823' title='bbox 3012 3905 3206 3959; x_wconf 88' lang='lat' dir='ltr'><strong>Latine</strong></span> <span class='ocrx_word' id='word_1_824' title='bbox 3241 3905 3525 3959; x_wconf 84' lang='lat' dir='ltr'><strong>multitudo</strong></span> <span class='ocrx_word' id='word_1_825' title='bbox 3555 3913 3612 3959; x_wconf 90' lang='lat' dir='ltr'><strong>et</strong></span> <span class='ocrx_word' id='word_1_826' title='bbox 3640 3912 3735 3957; x_wconf 79' lang='lat' dir='ltr'><strong>tur-</strong></span> 
     </span>
    </p>
   </div>
   <div class='ocr_carea' id='block_1_110' title="bbox 2145 3997 3733 4066">
    <p class='ocr_par' dir='ltr' id='par_1_110' title="bbox 2145 3997 3733 4066">
     <span class='ocr_line' id='line_1_110' title="bbox 2145 3997 3733 4066; baseline 0.001 -19"><span class='ocrx_word' id='word_1_827' title='bbox 2145 3998 2207 4050; x_wconf 87' lang='lat' dir='ltr'><strong>ba</strong></span> <span class='ocrx_word' id='word_1_828' title='bbox 2233 4015 2250 4052; x_wconf 90' lang='lat'><strong><em>:</em></strong></span> <span class='ocrx_word' id='word_1_829' title='bbox 2281 3999 2333 4053; x_wconf 88' lang='lat' dir='ltr'><strong>in</strong></span> <span class='ocrx_word' id='word_1_830' title='bbox 2359 3999 2579 4054; x_wconf 88' lang='lat' dir='ltr'><strong>nomine</strong></span> <span class='ocrx_word' id='word_1_831' title='bbox 2605 4014 2738 4053; x_wconf 75' lang='lat' dir='ltr'><strong>vero</strong></span> <span class='ocrx_word' id='word_1_832' title='bbox 2770 4009 2966 4057; x_wconf 62' lang='lat' dir='ltr'><strong>unus</strong></span> <span class='ocrx_word' id='word_1_833' title='bbox 2995 3997 3280 4064; x_wconf 81' lang='lat' dir='ltr'><strong>Abraham,</strong></span> <span class='ocrx_word' id='word_1_834' title='bbox 3307 3998 3503 4052; x_wconf 87' lang='lat' dir='ltr'><strong>ultima</strong></span> <span class='ocrx_word' id='word_1_835' title='bbox 3533 3997 3733 4066; x_wconf 78' lang='lat' dir='ltr'><strong>syllaba</strong></span> 
     </span>
    </p>
   </div>
   <div class='ocr_carea' id='block_1_111' title="bbox 2144 4068 3735 4157">
    <p class='ocr_par' dir='ltr' id='par_1_111' title="bbox 2144 4068 3735 4157">
     <span class='ocr_line' id='line_1_111' title="bbox 2144 4068 3735 4157; baseline 0.001 -35"><span class='ocrx_word' id='word_1_836' title='bbox 2144 4071 2296 4138; x_wconf 90' lang='lat' dir='ltr'><strong>prior</strong></span> <span class='ocrx_word' id='word_1_837' title='bbox 2322 4079 2407 4124; x_wconf 89' lang='lat' dir='ltr'><strong>est</strong></span> <span class='ocrx_word' id='word_1_838' title='bbox 2454 4071 2504 4123; x_wconf 91' lang='lat' dir='ltr'><strong>in</strong></span> <span class='ocrx_word' id='word_1_839' title='bbox 2537 4071 2803 4157; x_wconf 65' lang='lat' dir='ltr'><strong>vocabttlo</strong></span> <span class='ocrx_word' id='word_1_840' title='bbox 3005 4071 3171 4151; x_wconf 66' lang='lat' dir='ltr'><strong>Amen</strong></span> <span class='ocrx_word' id='word_1_841' title='bbox 3189 4085 3322 4157; x_wconf 46' lang='lat' dir='ltr'><strong>gnam</strong></span> <span class='ocrx_word' id='word_1_842' title='bbox 3341 4079 3436 4152; x_wconf 59' lang='grc' dir='ltr'><strong>⁸ωτι</strong></span> <span class='ocrx_word' id='word_1_843' title='bbox 3463 4068 3735 4157; x_wconf 65' lang='lat' dir='ltr'><strong>videlicet,</strong></span> 
     </span>
    </p>
   </div>
   <div class='ocr_carea' id='block_1_112' title="bbox 2143 4140 3738 4209">
    <p class='ocr_par' dir='ltr' id='par_1_112' title="bbox 2143 4140 3738 4209">
     <span class='ocr_line' id='line_1_112' title="bbox 2143 4140 3738 4209; baseline -0.001 -16"><span class='ocrx_word' id='word_1_844' title='bbox 2143 4156 2174 4193; x_wconf 90' lang='lat' dir='ltr'><strong>e</strong></span> <span class='ocrx_word' id='word_1_845' title='bbox 2201 4157 2304 4203; x_wconf 85' lang='lat' dir='ltr'><strong>qua</strong></span> <span class='ocrx_word' id='word_1_846' title='bbox 2335 4156 2532 4196; x_wconf 92' lang='lat' dir='ltr'><strong>nomen</strong></span> <span class='ocrx_word' id='word_1_847' title='bbox 2566 4140 3034 4195; x_wconf 80' lang='lat' dir='ltr'><strong>Ahraham&#39;babet</strong></span> <span class='ocrx_word' id='word_1_848' title='bbox 3064 4141 3526 4209; x_wconf 80' lang='lat' dir='ltr'><strong>signiﬁcationem</strong></span> <span class='ocrx_word' id='word_1_849' title='bbox 3574 4140 3738 4194; x_wconf 83' lang='lat' dir='ltr'><strong>multi-</strong></span> 
     </span>
    </p>
   </div>
   <div class='ocr_carea' id='block_1_113' title="bbox 2140 4210 3732 4282">
    <p class='ocr_par' dir='ltr' id='par_1_113' title="bbox 2140 4210 3732 4282">
     <span class='ocr_line' id='line_1_113' title="bbox 2140 4210 3732 4282; baseline -0.001 -18"><span class='ocrx_word' id='word_1_850' title='bbox 2140 4211 2376 4276; x_wconf 83' lang='lat' dir='ltr'><strong>tudinis;</strong></span> <span class='ocrx_word' id='word_1_851' title='bbox 2403 4211 2561 4267; x_wconf 90' lang='lat' dir='ltr'><strong>sicuti</strong></span> <span class='ocrx_word' id='word_1_852' title='bbox 2587 4229 2651 4265; x_wconf 76' lang='lat' dir='ltr'><strong>ex</strong></span> <span class='ocrx_word' id='word_1_853' title='bbox 2677 4223 2756 4270; x_wconf 62' lang='grc' dir='ltr'><strong>ΞΝ</strong></span> <span class='ocrx_word' id='word_1_854' title='bbox 2780 4211 2861 4275; x_wconf 93' lang='lat' dir='ltr'><strong>ab,</strong></span> <span class='ocrx_word' id='word_1_855' title='bbox 2878 4211 3039 4265; x_wconf 90' lang='lat' dir='ltr'><strong>habet</strong></span> <span class='ocrx_word' id='word_1_856' title='bbox 3059 4210 3528 4278; x_wconf 85' lang='lat' dir='ltr'><strong>signiﬁcationem</strong></span> <span class='ocrx_word' id='word_1_857' title='bbox 3559 4213 3732 4282; x_wconf 81' lang='lat' dir='ltr'><strong>patris,</strong></span> 
     </span>
    </p>
   </div>
   <div class='ocr_carea' id='block_1_114' title="bbox 2141 4283 3736 4354">
    <p class='ocr_par' dir='ltr' id='par_1_114' title="bbox 2141 4283 3736 4354">
     <span class='ocr_line' id='line_1_114' title="bbox 2141 4283 3736 4354; baseline -0.001 -18"><span class='ocrx_word' id='word_1_858' title='bbox 2141 4283 2320 4338; x_wconf 89' lang='lat' dir='ltr'><strong>littera</strong></span> <span class='ocrx_word' id='word_1_859' title='bbox 2350 4285 2524 4337; x_wconf 84' lang='lat' dir='ltr'><strong>media</strong></span> <span class='ocrx_word' id='word_1_860' title='bbox 2553 4296 2593 4339; x_wconf 82' lang='grc' dir='ltr'>-ι</span> <span class='ocrx_word' id='word_1_861' title='bbox 2623 4283 2721 4337; x_wconf 79' lang='lat' dir='ltr'><strong>fles</strong></span> <span class='ocrx_word' id='word_1_862' title='bbox 2751 4284 2925 4337; x_wconf 92' lang='lat' dir='ltr'><strong>otiosa</strong></span> <span class='ocrx_word' id='word_1_863' title='bbox 2966 4295 3322 4350; x_wconf 84' lang='lat' dir='ltr'><strong>permanente</strong></span> <span class='ocrx_word' id='word_1_864' title='bbox 3343 4299 3413 4337; x_wconf 79' lang='lat' dir='ltr'><strong>ex</strong></span> <span class='ocrx_word' id='word_1_865' title='bbox 3448 4283 3621 4354; x_wconf 90' lang='lat' dir='ltr'><strong>priori</strong></span> <span class='ocrx_word' id='word_1_866' title='bbox 3651 4300 3736 4336; x_wconf 64' lang='grc' dir='ltr'><strong>νυν</strong></span> 
     </span>
    </p>
   </div>
   <div class='ocr_carea' id='block_1_115' title="bbox 2140 4354 3732 4424">
    <p class='ocr_par' dir='ltr' id='par_1_115' title="bbox 2140 4354 3732 4424">
     <span class='ocr_line' id='line_1_115' title="bbox 2140 4354 3732 4424; baseline 0.001 -17"><span class='ocrx_word' id='word_1_867' title='bbox 2140 4355 2335 4408; x_wconf 83' lang='lat' dir='ltr'><strong>cabulo</strong></span> <span class='ocrx_word' id='word_1_868' title='bbox 2361 4365 2526 4413; x_wconf 47' lang='lat' dir='ltr'><strong>nam</strong></span> <span class='ocrx_word' id='word_1_869' title='bbox 2559 4354 2770 4415; x_wconf 87' lang='lat' dir='ltr'><strong>Abram,</strong></span> <span class='ocrx_word' id='word_1_870' title='bbox 2795 4354 2940 4423; x_wconf 90' lang='lat' dir='ltr'><strong>quod</strong></span> <span class='ocrx_word' id='word_1_871' title='bbox 2967 4367 3111 4424; x_wconf 85' lang='lat' dir='ltr'><strong>pater</strong></span> <span class='ocrx_word' id='word_1_872' title='bbox 3137 4357 3366 4408; x_wconf 75' lang='lat' dir='ltr'><strong>excelsus</strong></span> <span class='ocrx_word' id='word_1_873' title='bbox 3395 4355 3732 4424; x_wconf 72' lang='lat' dir='ltr'><strong>exprimitur.</strong></span> 
     </span>
    </p>
   </div>
   <div class='ocr_carea' id='block_1_116' title="bbox 2145 4425 3734 4490">
    <p class='ocr_par' dir='ltr' id='par_1_116' title="bbox 2145 4425 3734 4490">
     <span class='ocr_line' id='line_1_116' title="bbox 2145 4425 3734 4490; baseline 0.002 -12"><span class='ocrx_word' id='word_1_874' title='bbox 2145 4425 2236 4480; x_wconf 86' lang='lat' dir='ltr'><strong>llis</strong></span> <span class='ocrx_word' id='word_1_875' title='bbox 2261 4427 2333 4479; x_wconf 89' lang='lat' dir='ltr'><strong>ita</strong></span> <span class='ocrx_word' id='word_1_876' title='bbox 2364 4426 2666 4480; x_wconf 74' lang='lat' dir='ltr'><strong>observatis</strong></span> <span class='ocrx_word' id='word_1_877' title='bbox 2688 4426 3129 4480; x_wconf 70' lang='lat' dir='ltr'><strong>manifestissime</strong></span> <span class='ocrx_word' id='word_1_878' title='bbox 3151 4426 3551 4490; x_wconf 76' lang='lat' dir='ltr'><strong>comprobatur</strong></span> <span class='ocrx_word' id='word_1_879' title='bbox 3574 4429 3734 4481; x_wconf 84' lang='lat' dir='ltr'><strong>inter-</strong></span> 
     </span>
    </p>
   </div>
   <div class='ocr_carea' id='block_1_117' title="bbox 2143 4496 3736 4570">
    <p class='ocr_par' dir='ltr' id='par_1_117' title="bbox 2143 4496 3736 4570">
     <span class='ocr_line' id='line_1_117' title="bbox 2143 4496 3736 4570; baseline 0 -20"><span class='ocrx_word' id='word_1_880' title='bbox 2143 4497 2502 4570; x_wconf 87' lang='lat' dir='ltr'><strong>pretationem</strong></span> <span class='ocrx_word' id='word_1_881' title='bbox 2555 4511 2648 4551; x_wconf 88' lang='lat' dir='ltr'><strong>seu</strong></span> <span class='ocrx_word' id='word_1_882' title='bbox 2682 4507 2869 4570; x_wconf 79' lang='lat' dir='ltr'><strong>potius</strong></span> <span class='ocrx_word' id='word_1_883' title='bbox 2898 4496 3309 4570; x_wconf 80' lang='lat' dir='ltr'><strong>expositionem</strong></span> <span class='ocrx_word' id='word_1_884' title='bbox 3362 4498 3736 4570; x_wconf 74' lang='lat' dir='ltr'><strong>Hieronymi:-</strong></span> 
     </span>
    </p>
   </div>
   <div class='ocr_carea' id='block_1_118' title="bbox 432 4566 3733 4645">
    <p class='ocr_par' dir='ltr' id='par_1_118' title="bbox 432 4566 3733 4645">
     <span class='ocr_line' id='line_1_118' title="bbox 432 4566 3733 4645; baseline 0.001 -27"><span class='ocrx_word' id='word_1_885' title='bbox 432 4568 702 4645; x_wconf 73' lang='lat' dir='ltr'><strong>sententia</strong></span> <span class='ocrx_word' id='word_1_886' title='bbox 731 4567 874 4645; x_wconf 77' lang='lat' dir='ltr'><strong>apud</strong></span> <span class='ocrx_word' id='word_1_887' title='bbox 897 4566 1087 4645; x_wconf 77' lang='lat' dir='ltr'><strong>omnes</strong></span> <span class='ocrx_word' id='word_1_888' title='bbox 1109 4567 1471 4645; x_wconf 32' lang='lat' dir='ltr'><strong>studiosos-et</strong></span> <span class='ocrx_word' id='word_1_889' title='bbox 1497 4568 1740 4645; x_wconf 74' lang='lat' dir='ltr'><strong>eruditos</strong></span> <span class='ocrx_word' id='word_1_890' title='bbox 1767 4570 2036 4645; x_wconf 79' lang='lat' dir='ltr'><strong>sermonis</strong></span> <span class='ocrx_word' id='word_1_891' title='bbox 2063 4587 2113 4645; x_wconf 76' lang='grc' dir='ltr'>ι)</span> <span class='ocrx_word' id='word_1_892' title='bbox 2143 4584 2265 4621; x_wconf 90' lang='lat' dir='ltr'><strong>nam</strong></span> <span class='ocrx_word' id='word_1_893' title='bbox 2289 4569 2543 4645; x_wconf 80' lang='lat' dir='ltr'><strong>eximiam</strong></span> <span class='ocrx_word' id='word_1_894' title='bbox 2575 4581 2643 4645; x_wconf 72' lang='lat' dir='ltr'><strong>ac</strong></span> <span class='ocrx_word' id='word_1_895' title='bbox 2662 4568 3133 4645; x_wconf 55' lang='lat' dir='ltr'><strong>diligentissimam</strong></span> <span class='ocrx_word' id='word_1_896' title='bbox 3160 4566 3733 4645; x_wconf 62' lang='lat' dir='ltr'><strong>fuisse_._Nequebror-</strong></span> 
     </span>
    </p>
   </div>
   <div class='ocr_carea' id='block_1_119' title="bbox 433 4636 2034 4708">
    <p class='ocr_par' dir='ltr' id='par_1_119' title="bbox 433 4636 2034 4708">
     <span class='ocr_line' id='line_1_119' title="bbox 433 4636 2034 4708; baseline 0.002 -17"><span class='ocrx_word' id='word_1_897' title='bbox 433 4636 670 4702; x_wconf 74' lang='lat' dir='ltr'><strong>Hebraei,</strong></span> <span class='ocrx_word' id='word_1_898' title='bbox 715 4637 1032 4708; x_wconf 76' lang='lat' dir='ltr'><strong>vocabulum</strong></span> <span class='ocrx_word' id='word_1_899' title='bbox 1063 4646 1236 4695; x_wconf 61' lang='grc' dir='ltr'><strong>εγω</strong></span> <span class='ocrx_word' id='word_1_900' title='bbox 1272 4636 1473 4708; x_wconf 79' lang='lat' dir='ltr'><strong>Sillim,</strong></span> <span class='ocrx_word' id='word_1_901' title='bbox 1505 4638 1574 4693; x_wconf 90' lang='lat' dir='ltr'><strong>ab</strong></span> <span class='ocrx_word' id='word_1_902' title='bbox 1603 4639 1840 4708; x_wconf 88' lang='lat' dir='ltr'><strong>antiquis</strong></span> <span class='ocrx_word' id='word_1_903' title='bbox 1866 4640 2034 4694; x_wconf 84' lang='lat' dir='ltr'><strong>inter-</strong></span> 
     </span>
    </p>
   </div>
   <div class='ocr_carea' id='block_1_120' title="bbox 429 4706 2032 4778">
    <p class='ocr_par' dir='ltr' id='par_1_120' title="bbox 429 4706 2032 4778">
     <span class='ocr_line' id='line_1_120' title="bbox 429 4706 2032 4778; baseline 0.002 -15"><span class='ocrx_word' id='word_1_904' title='bbox 429 4708 677 4778; x_wconf 86' lang='lat' dir='ltr'><strong>pretibus</strong></span> <span class='ocrx_word' id='word_1_905' title='bbox 708 4707 912 4764; x_wconf 67' lang='lat' dir='ltr'><strong>Graecis</strong></span> <span class='ocrx_word' id='word_1_906' title='bbox 939 4717 1101 4778; x_wconf 89' lang='lat' dir='ltr'><strong>atque</strong></span> <span class='ocrx_word' id='word_1_907' title='bbox 1142 4706 1350 4761; x_wconf 89' lang='lat' dir='ltr'><strong>Latinis</strong></span> <span class='ocrx_word' id='word_1_908' title='bbox 1402 4706 1818 4775; x_wconf 77' lang='lat' dir='ltr'><strong>interpretatum</strong></span> <span class='ocrx_word' id='word_1_909' title='bbox 1867 4712 2032 4767; x_wconf 90' lang='lat' dir='ltr'><strong>fuisse</strong></span> 
     </span>
    </p>
   </div>
   <div class='ocr_carea' id='block_1_121' title="bbox 424 4778 2030 4848">
    <p class='ocr_par' dir='ltr' id='par_1_121' title="bbox 424 4778 2030 4848">
     <span class='ocr_line' id='line_1_121' title="bbox 424 4778 2030 4848; baseline 0.001 -13"><span class='ocrx_word' id='word_1_910' title='bbox 424 4780 624 4847; x_wconf 87' lang='lat' dir='ltr'><strong>spinas.</strong></span> <span class='ocrx_word' id='word_1_911' title='bbox 658 4780 723 4834; x_wconf 86' lang='lat' dir='ltr'><strong>Et</strong></span> <span class='ocrx_word' id='word_1_912' title='bbox 750 4789 1152 4848; x_wconf 85' lang='lat' dir='ltr'><strong>consequenter</strong></span> <span class='ocrx_word' id='word_1_913' title='bbox 1185 4778 1473 4835; x_wconf 89' lang='lat' dir='ltr'><strong>lectionem</strong></span> <span class='ocrx_word' id='word_1_914' title='bbox 1497 4780 1624 4833; x_wconf 83' lang='lat' dir='ltr'><strong>Abel</strong></span> <span class='ocrx_word' id='word_1_915' title='bbox 1644 4779 1850 4847; x_wconf 84' lang='lat' dir='ltr'><strong>Asitim,</strong></span> <span class='ocrx_word' id='word_1_916' title='bbox 1883 4798 2030 4837; x_wconf 84' lang='lat' dir='ltr'><strong>man-</strong></span> 
     </span>
    </p>
   </div>
   <div class='ocr_carea' id='block_1_122' title="bbox 425 4848 2029 4922">
    <p class='ocr_par' dir='ltr' id='par_1_122' title="bbox 425 4848 2029 4922">
     <span class='ocr_line' id='line_1_122' title="bbox 425 4848 2029 4922; baseline 0.002 -18"><span class='ocrx_word' id='word_1_917' title='bbox 425 4851 583 4922; x_wconf 77' lang='lat' dir='ltr'><strong>sione</strong></span> <span class='ocrx_word' id='word_1_918' title='bbox 613 4868 720 4906; x_wconf 66' lang='grc' dir='ltr'>χιιι</span> <span class='ocrx_word' id='word_1_919' title='bbox 752 4852 994 4920; x_wconf 68' lang='lat' dir='ltr'><strong>epistolae</strong></span> <span class='ocrx_word' id='word_1_920' title='bbox 1023 4851 1091 4904; x_wconf 89' lang='lat' dir='ltr'><strong>ad</strong></span> <span class='ocrx_word' id='word_1_921' title='bbox 1123 4848 1419 4918; x_wconf 85' lang='lat' dir='ltr'><strong>Fabiolam,</strong></span> <span class='ocrx_word' id='word_1_922' title='bbox 1466 4851 1754 4922; x_wconf 88' lang='lat' dir='ltr'><strong>genuinam</strong></span> <span class='ocrx_word' id='word_1_923' title='bbox 1802 4868 1924 4908; x_wconf 82' lang='lat' dir='ltr'><strong>esse</strong></span> <span class='ocrx_word' id='word_1_924' title='bbox 1966 4870 2029 4908; x_wconf 92' lang='lat' dir='ltr'><strong>ac</strong></span> 
     </span>
    </p>
   </div>
   <div class='ocr_carea' id='block_1_123' title="bbox 420 4921 2029 5004">
    <p class='ocr_par' dir='ltr' id='par_1_123' title="bbox 420 4921 2029 5004">
     <span class='ocr_line' id='line_1_123' title="bbox 420 4921 2029 5004; baseline 0.002 -28"><span class='ocrx_word' id='word_1_925' title='bbox 420 4921 909 5004; x_wconf 77' lang='lat' dir='ltr'><strong>Hieronymianam</strong></span> <span class='ocrx_word' id='word_1_926' title='bbox 941 4939 956 4990; x_wconf 90' lang='lat'><strong>;</strong></span> <span class='ocrx_word' id='word_1_927' title='bbox 985 4938 1091 4977; x_wconf 91' lang='lat' dir='ltr'><strong>non</strong></span> <span class='ocrx_word' id='word_1_928' title='bbox 1123 4936 1367 4978; x_wconf 89' lang='lat' dir='ltr'><strong>errorem</strong></span> <span class='ocrx_word' id='word_1_929' title='bbox 1393 4921 1632 4994; x_wconf 83' lang='lat' dir='ltr'><strong>imperiti</strong></span> <span class='ocrx_word' id='word_1_930' title='bbox 1658 4923 1845 4979; x_wconf 82' lang='lat' dir='ltr'><strong>nescio</strong></span> <span class='ocrx_word' id='word_1_931' title='bbox 1874 4924 2029 4994; x_wconf 90' lang='lat' dir='ltr'><strong>cujus</strong></span> 
     </span>
    </p>
   </div>
   <div class='ocr_carea' id='block_1_124' title="bbox 422 5001 730 5061">
    <p class='ocr_par' dir='ltr' id='par_1_124' title="bbox 422 5001 730 5061">
     <span class='ocr_line' id='line_1_124' title="bbox 422 5001 730 5061; baseline -0.006 -12"><span class='ocrx_word' id='word_1_932' title='bbox 422 5001 730 5061; x_wconf 83' lang='lat' dir='ltr'><strong>scriptoris.</strong></span> 
     </span>
    </p>
   </div>
   <div class='ocr_carea' id='block_1_125' title="bbox 494 5063 2034 5132">
    <p class='ocr_par' dir='ltr' id='par_1_125' title="bbox 494 5063 2034 5132">
     <span class='ocr_line' id='line_1_125' title="bbox 494 5063 2034 5132; baseline 0.003 -14"><span class='ocrx_word' id='word_1_933' title='bbox 494 5064 722 5120; x_wconf 86' lang='lat' dir='ltr'><strong>Caeteris</strong></span> <span class='ocrx_word' id='word_1_934' title='bbox 759 5064 1086 5120; x_wconf 89' lang='lat' dir='ltr'><strong>Criticorum</strong></span> <span class='ocrx_word' id='word_1_935' title='bbox 1117 5063 1347 5132; x_wconf 91' lang='lat' dir='ltr'><strong>objectis</strong></span> <span class='ocrx_word' id='word_1_936' title='bbox 1370 5065 1624 5120; x_wconf 89' lang='lat' dir='ltr'><strong>violentis</strong></span> <span class='ocrx_word' id='word_1_937' title='bbox 1648 5065 2034 5124; x_wconf 87' lang='lat' dir='ltr'><strong>llebraicorum</strong></span> 
     </span>
    </p>
   </div>
   <div class='ocr_carea' id='block_1_126' title="bbox 424 5132 2030 5205">
    <p class='ocr_par' dir='ltr' id='par_1_126' title="bbox 424 5132 2030 5205">
     <span class='ocr_line' id='line_1_126' title="bbox 424 5132 2030 5205; baseline 0.002 -15"><span class='ocrx_word' id='word_1_938' title='bbox 424 5132 720 5190; x_wconf 87' lang='lat' dir='ltr'><strong>Nominum</strong></span> <span class='ocrx_word' id='word_1_939' title='bbox 745 5135 1294 5205; x_wconf 89' lang='lat' dir='ltr'><strong>interpretationibus</strong></span> <span class='ocrx_word' id='word_1_940' title='bbox 1318 5137 1521 5190; x_wconf 90' lang='lat' dir='ltr'><strong>nullam</strong></span> <span class='ocrx_word' id='word_1_941' title='bbox 1565 5137 1829 5192; x_wconf 87' lang='lat' dir='ltr'><strong>adhibent</strong></span> <span class='ocrx_word' id='word_1_942' title='bbox 1851 5140 2030 5194; x_wconf 85' lang='lat' dir='ltr'><strong>crudi-</strong></span> 
     </span>
    </p>
   </div>
   <div class='ocr_carea' id='block_1_127' title="bbox 425 5205 2034 5277">
    <p class='ocr_par' dir='ltr' id='par_1_127' title="bbox 425 5205 2034 5277">
     <span class='ocr_line' id='line_1_127' title="bbox 425 5205 2034 5277; baseline 0.005 -19"><span class='ocrx_word' id='word_1_943' title='bbox 425 5205 596 5260; x_wconf 88' lang='lat' dir='ltr'><strong>tionis</strong></span> <span class='ocrx_word' id='word_1_944' title='bbox 629 5206 1048 5277; x_wconf 84' lang='lat' dir='ltr'><strong>Heronymianae</strong></span> <span class='ocrx_word' id='word_1_945' title='bbox 1080 5206 1320 5277; x_wconf 80' lang='lat' dir='ltr'><strong>vindices</strong></span> <span class='ocrx_word' id='word_1_946' title='bbox 1348 5211 1788 5276; x_wconf 85' lang='lat' dir='ltr'><strong>responsionem,</strong></span> <span class='ocrx_word' id='word_1_947' title='bbox 1834 5221 2034 5275; x_wconf 64' lang='lat' dir='ltr'><strong>prarter</strong></span> 
     </span>
    </p>
   </div>
   <div class='ocr_carea' id='block_1_128' title="bbox 421 5274 2035 5348">
    <p class='ocr_par' dir='ltr' id='par_1_128' title="bbox 421 5274 2035 5348">
     <span class='ocr_line' id='line_1_128' title="bbox 421 5274 2035 5348; baseline 0.002 -16"><span class='ocrx_word' id='word_1_948' title='bbox 421 5291 548 5332; x_wconf 86' lang='lat' dir='ltr'><strong>eam</strong></span> <span class='ocrx_word' id='word_1_949' title='bbox 574 5292 736 5346; x_wconf 88' lang='lat' dir='ltr'><strong>quam</strong></span> <span class='ocrx_word' id='word_1_950' title='bbox 763 5274 972 5333; x_wconf 79' lang='lat' dir='ltr'><strong>Gallice</strong></span> <span class='ocrx_word' id='word_1_951' title='bbox 1003 5277 1238 5333; x_wconf 88' lang='lat' dir='ltr'><strong>dicimus</strong></span> <span class='ocrx_word' id='word_1_952' title='bbox 1259 5274 1333 5330; x_wconf 86' lang='lat' dir='ltr'><strong>Le</strong></span> <span class='ocrx_word' id='word_1_953' title='bbox 1353 5274 1476 5348; x_wconf 78' lang='lat' dir='ltr'><strong>pont</strong></span> <span class='ocrx_word' id='word_1_954' title='bbox 1505 5295 1612 5333; x_wconf 82' lang='lat' dir='ltr'><strong>aua:</strong></span> <span class='ocrx_word' id='word_1_955' title='bbox 1637 5279 1792 5333; x_wconf 82' lang='lat' dir='ltr'><strong>Anes.</strong></span> <span class='ocrx_word' id='word_1_956' title='bbox 1821 5279 2035 5336; x_wconf 89' lang='lat' dir='ltr'><strong>lnsolu-</strong></span> 
     </span>
    </p>
   </div>
   <div class='ocr_carea' id='block_1_129' title="bbox 422 5348 2027 5420">
    <p class='ocr_par' dir='ltr' id='par_1_129' title="bbox 422 5348 2027 5420">
     <span class='ocr_line' id='line_1_129' title="bbox 422 5348 2027 5420; baseline 0.004 -17"><span class='ocrx_word' id='word_1_957' title='bbox 422 5349 587 5413; x_wconf 88' lang='lat' dir='ltr'><strong>biles,</strong></span> <span class='ocrx_word' id='word_1_958' title='bbox 614 5349 883 5420; x_wconf 87' lang='lat' dir='ltr'><strong>inquiunt,</strong></span> <span class='ocrx_word' id='word_1_959' title='bbox 911 5348 1068 5404; x_wconf 92' lang='lat' dir='ltr'><strong>nobis</strong></span> <span class='ocrx_word' id='word_1_960' title='bbox 1103 5348 1357 5420; x_wconf 79' lang='lat' dir='ltr'><strong>videntur</strong></span> <span class='ocrx_word' id='word_1_961' title='bbox 1380 5349 1488 5404; x_wconf 63' lang='lat' dir='ltr'><strong>illa:</strong></span> <span class='ocrx_word' id='word_1_962' title='bbox 1511 5349 1866 5405; x_wconf 81' lang='lat' dir='ltr'><strong>difﬁcultates</strong></span> <span class='ocrx_word' id='word_1_963' title='bbox 1890 5366 1904 5403; x_wconf 87' lang='lat'>:</span> <span class='ocrx_word' id='word_1_964' title='bbox 1931 5353 2027 5408; x_wconf 90' lang='lat' dir='ltr'><strong>sed</strong></span> 
     </span>
    </p>
   </div>
   <div class='ocr_carea' id='block_1_130' title="bbox 421 5419 2030 5490">
    <p class='ocr_par' dir='ltr' id='par_1_130' title="bbox 421 5419 2030 5490">
     <span class='ocr_line' id='line_1_130' title="bbox 421 5419 2030 5490; baseline 0.003 -16"><span class='ocrx_word' id='word_1_965' title='bbox 421 5421 670 5474; x_wconf 82' lang='lat' dir='ltr'><strong>excusari</strong></span> <span class='ocrx_word' id='word_1_966' title='bbox 694 5419 947 5488; x_wconf 88' lang='lat' dir='ltr'><strong>possunt,</strong></span> <span class='ocrx_word' id='word_1_967' title='bbox 969 5419 1333 5489; x_wconf 86' lang='lat' dir='ltr'><strong>confugiendo</strong></span> <span class='ocrx_word' id='word_1_968' title='bbox 1356 5420 1421 5474; x_wconf 88' lang='lat' dir='ltr'><strong>ad</strong></span> <span class='ocrx_word' id='word_1_969' title='bbox 1447 5422 1659 5490; x_wconf 90' lang='lat' dir='ltr'><strong>ignotas</strong></span> <span class='ocrx_word' id='word_1_970' title='bbox 1680 5422 2030 5490; x_wconf 87' lang='lat' dir='ltr'><strong>signiﬁcatio-</strong></span> 
     </span>
    </p>
   </div>
   <div class='ocr_carea' id='block_1_131' title="bbox 415 5491 2024 5561">
    <p class='ocr_par' dir='ltr' id='par_1_131' title="bbox 415 5491 2024 5561">
     <span class='ocr_line' id='line_1_131' title="bbox 415 5491 2024 5561; baseline 0.003 -16"><span class='ocrx_word' id='word_1_971' title='bbox 415 5504 540 5561; x_wconf 85' lang='lat' dir='ltr'><strong>nes,</strong></span> <span class='ocrx_word' id='word_1_972' title='bbox 572 5501 664 5544; x_wconf 89' lang='lat' dir='ltr'><strong>aut</strong></span> <span class='ocrx_word' id='word_1_973' title='bbox 689 5491 1027 5561; x_wconf 87' lang='lat' dir='ltr'><strong>negligentes</strong></span> <span class='ocrx_word' id='word_1_974' title='bbox 1063 5492 1359 5561; x_wconf 89' lang='lat' dir='ltr'><strong>scriptorcs</strong></span> <span class='ocrx_word' id='word_1_975' title='bbox 1382 5491 1435 5544; x_wconf 91' lang='lat' dir='ltr'><strong>in</strong></span> <span class='ocrx_word' id='word_1_976' title='bbox 1459 5493 1617 5561; x_wconf 90' lang='lat' dir='ltr'><strong>culpa</strong></span> <span class='ocrx_word' id='word_1_977' title='bbox 1644 5492 1919 5560; x_wconf 90' lang='lat' dir='ltr'><strong>ponendo.</strong></span> <span class='ocrx_word' id='word_1_978' title='bbox 1947 5494 2024 5550; x_wconf 90' lang='lat' dir='ltr'><strong>lta</strong></span> 
     </span>
    </p>
   </div>
   <div class='ocr_carea' id='block_1_132' title="bbox 421 5560 2022 5632">
    <p class='ocr_par' dir='ltr' id='par_1_132' title="bbox 421 5560 2022 5632">
     <span class='ocr_line' id='line_1_132' title="bbox 421 5560 2022 5632; baseline 0.002 -17"><span class='ocrx_word' id='word_1_979' title='bbox 421 5560 725 5632; x_wconf 83' lang='lat' dir='ltr'><strong>excipimus</strong></span> <span class='ocrx_word' id='word_1_980' title='bbox 771 5562 1128 5632; x_wconf 89' lang='lat' dir='ltr'><strong>etymologias</strong></span> <span class='ocrx_word' id='word_1_981' title='bbox 1176 5560 1528 5629; x_wconf 70' lang='lat' dir='ltr'><strong>bujusmodi:</strong></span> <span class='ocrx_word' id='word_1_982' title='bbox 1560 5560 1849 5630; x_wconf 82' lang='lat' dir='ltr'><strong>Abraham,</strong></span> <span class='ocrx_word' id='word_1_983' title='bbox 1877 5575 2022 5625; x_wconf 80' lang='lat' dir='ltr'><strong>pater</strong></span> 
     </span>
    </p>
   </div>
   <div class='ocr_carea' id='block_1_133' title="bbox 418 5630 2018 5703">
    <p class='ocr_par' dir='ltr' id='par_1_133' title="bbox 418 5630 2018 5703">
     <span class='ocr_line' id='line_1_133' title="bbox 418 5630 2018 5703; baseline 0.005 -22"><span class='ocrx_word' id='word_1_984' title='bbox 418 5630 738 5703; x_wconf 84' lang='lat' dir='ltr'><strong>multarum:</strong></span> <span class='ocrx_word' id='word_1_985' title='bbox 757 5630 1046 5703; x_wconf 69' lang='lat' dir='ltr'><strong>pibongatl,</strong></span> <span class='ocrx_word' id='word_1_986' title='bbox 1073 5633 1272 5703; x_wconf 83' lang='lat' dir='ltr'><strong>fortiter</strong></span> <span class='ocrx_word' id='word_1_987' title='bbox 1294 5632 1552 5687; x_wconf 86' lang='lat' dir='ltr'><strong>intellecta</strong></span> <span class='ocrx_word' id='word_1_988' title='bbox 1575 5636 1789 5688; x_wconf 85' lang='lat' dir='ltr'><strong>tentatio</strong></span> <span class='ocrx_word' id='word_1_989' title='bbox 1808 5633 2018 5699; x_wconf 89' lang='lat' dir='ltr'><strong>;Nabo,</strong></span> 
     </span>
    </p>
   </div>
   <div class='ocr_carea' id='block_1_134' title="bbox 418 5701 2021 5770">
    <p class='ocr_par' dir='ltr' id='par_1_134' title="bbox 418 5701 2021 5770">
     <span class='ocr_line' id='line_1_134' title="bbox 418 5701 2021 5770; baseline 0.005 -18"><span class='ocrx_word' id='word_1_990' title='bbox 418 5701 716 5770; x_wconf 73' lang='lat' dir='ltr'><strong>conclusio;</strong></span> <span class='ocrx_word' id='word_1_991' title='bbox 743 5701 904 5770; x_wconf 88' lang='lat' dir='ltr'><strong>Oreb,</strong></span> <span class='ocrx_word' id='word_1_992' title='bbox 928 5701 1134 5768; x_wconf 78' lang='lat' dir='ltr'><strong>corvus,</strong></span> <span class='ocrx_word' id='word_1_993' title='bbox 1159 5703 1235 5754; x_wconf 86' lang='lat' dir='ltr'><strong>vel</strong></span> <span class='ocrx_word' id='word_1_994' title='bbox 1255 5703 1494 5768; x_wconf 82' lang='lat' dir='ltr'><strong>siccitas;</strong></span> <span class='ocrx_word' id='word_1_995' title='bbox 1521 5706 1666 5764; x_wconf 83' lang='lat' dir='ltr'><strong>Aser,</strong></span> <span class='ocrx_word' id='word_1_996' title='bbox 1703 5705 1915 5770; x_wconf 67' lang='lat' dir='ltr'><strong>divitiae,</strong></span> <span class='ocrx_word' id='word_1_997' title='bbox 1943 5708 2021 5760; x_wconf 85' lang='lat' dir='ltr'><strong>vel</strong></span> 
     </span>
    </p>
   </div>
   <div class='ocr_carea' id='block_1_135' title="bbox 414 5768 2018 5845">
    <p class='ocr_par' dir='ltr' id='par_1_135' title="bbox 414 5768 2018 5845">
     <span class='ocr_line' id='line_1_135' title="bbox 414 5768 2018 5845; baseline 0.006 -25"><span class='ocrx_word' id='word_1_998' title='bbox 414 5768 626 5845; x_wconf 61' lang='lat' dir='ltr'><strong>beatus;</strong></span> <span class='ocrx_word' id='word_1_999' title='bbox 649 5770 836 5836; x_wconf 83' lang='lat' dir='ltr'><strong>Gades,</strong></span> <span class='ocrx_word' id='word_1_1000' title='bbox 858 5768 1058 5845; x_wconf 81' lang='lat' dir='ltr'><strong>sancta,</strong></span> <span class='ocrx_word' id='word_1_1001' title='bbox 1083 5771 1160 5827; x_wconf 80' lang='lat' dir='ltr'><strong>vel</strong></span> <span class='ocrx_word' id='word_1_1002' title='bbox 1188 5782 1421 5845; x_wconf 81' lang='lat' dir='ltr'><strong>mutata;</strong></span> <span class='ocrx_word' id='word_1_1003' title='bbox 1443 5773 1754 5845; x_wconf 84' lang='lat' dir='ltr'><strong>Nephthali,</strong></span> <span class='ocrx_word' id='word_1_1004' title='bbox 1773 5768 2018 5831; x_wconf 72' lang='lat' dir='ltr'><strong>convertit</strong></span> 
     </span>
    </p>
   </div>
   <div class='ocr_carea' id='block_1_136' title="bbox 409 5836 2014 5914">
    <p class='ocr_par' dir='ltr' id='par_1_136' title="bbox 409 5836 2014 5914">
     <span class='ocr_line' id='line_1_136' title="bbox 409 5836 2014 5914; baseline 0.009 -26"><span class='ocrx_word' id='word_1_1005' title='bbox 409 5849 512 5900; x_wconf 80' lang='lat' dir='ltr'><strong>me,</strong></span> <span class='ocrx_word' id='word_1_1006' title='bbox 532 5836 607 5889; x_wconf 79' lang='lat' dir='ltr'><strong>vel</strong></span> <span class='ocrx_word' id='word_1_1007' title='bbox 628 5844 938 5905; x_wconf 75' lang='lat' dir='ltr'><strong>compararit</strong></span> <span class='ocrx_word' id='word_1_1008' title='bbox 952 5836 1053 5895; x_wconf 56' lang='lat' dir='ltr'><strong>me:</strong></span> <span class='ocrx_word' id='word_1_1009' title='bbox 1074 5843 1295 5910; x_wconf 85' lang='lat' dir='ltr'><strong>Ergoim</strong></span> <span class='ocrx_word' id='word_1_1010' title='bbox 1304 5836 1509 5912; x_wconf 83' lang='lat' dir='ltr'><strong>peritus</strong></span> <span class='ocrx_word' id='word_1_1011' title='bbox 1531 5836 1721 5914; x_wconf 61' lang='lat' dir='ltr'><strong>lingua‘</strong></span> <span class='ocrx_word' id='word_1_1012' title='bbox 1737 5836 2014 5902; x_wconf 66' lang='lat' dir='ltr'><strong>cht&#39;aicte</strong></span> 
     </span>
    </p>
   </div>
   <div class='ocr_carea' id='block_1_137' title="bbox 2139 4637 3730 4706">
    <p class='ocr_par' dir='ltr' id='par_1_137' title="bbox 2139 4637 3730 4706">
     <span class='ocr_line' id='line_1_137' title="bbox 2139 4637 3730 4706; baseline 0.002 -14"><span class='ocrx_word' id='word_1_1013' title='bbox 2139 4653 2232 4693; x_wconf 91' lang='lat' dir='ltr'><strong>sus</strong></span> <span class='ocrx_word' id='word_1_1014' title='bbox 2287 4640 2568 4706; x_wconf 78' lang='lat' dir='ltr'><strong>ignorasse</strong></span> <span class='ocrx_word' id='word_1_1015' title='bbox 2611 4637 2763 4692; x_wconf 90' lang='lat' dir='ltr'><strong>licuit</strong></span> <span class='ocrx_word' id='word_1_1016' title='bbox 2803 4637 3018 4694; x_wconf 89' lang='lat' dir='ltr'><strong>Criticis</strong></span> <span class='ocrx_word' id='word_1_1017' title='bbox 3065 4637 3270 4691; x_wconf 88' lang='lat' dir='ltr'><strong>nostris</strong></span> <span class='ocrx_word' id='word_1_1018' title='bbox 3320 4637 3730 4706; x_wconf 83' lang='lat' dir='ltr'><strong>Hieronymum,</strong></span> 
     </span>
    </p>
   </div>
   <div class='ocr_carea' id='block_1_138' title="bbox 2136 4709 3728 4779">
    <p class='ocr_par' dir='ltr' id='par_1_138' title="bbox 2136 4709 3728 4779">
     <span class='ocr_line' id='line_1_138' title="bbox 2136 4709 3728 4779; baseline 0.003 -19"><span class='ocrx_word' id='word_1_1019' title='bbox 2136 4725 2257 4762; x_wconf 83' lang='lat' dir='ltr'><strong>rum</strong></span> <span class='ocrx_word' id='word_1_1020' title='bbox 2291 4709 2549 4763; x_wconf 87' lang='lat' dir='ltr'><strong>Abraham</strong></span> <span class='ocrx_word' id='word_1_1021' title='bbox 2598 4709 2942 4779; x_wconf 89' lang='lat' dir='ltr'><strong>interpretari</strong></span> <span class='ocrx_word' id='word_1_1022' title='bbox 2995 4709 3204 4763; x_wconf 88' lang='lat' dir='ltr'><strong>diceret</strong></span> <span class='ocrx_word' id='word_1_1023' title='bbox 3234 4721 3382 4776; x_wconf 87' lang='lat' dir='ltr'><strong>pater</strong></span> <span class='ocrx_word' id='word_1_1024' title='bbox 3433 4709 3728 4775; x_wconf 78' lang='lat' dir='ltr'><strong>multarunt,</strong></span> 
     </span>
    </p>
   </div>
   <div class='ocr_carea' id='block_1_139' title="bbox 2137 4779 3731 4852">
    <p class='ocr_par' dir='ltr' id='par_1_139' title="bbox 2137 4779 3731 4852">
     <span class='ocr_line' id='line_1_139' title="bbox 2137 4779 3731 4852; baseline 0.003 -20"><span class='ocrx_word' id='word_1_1025' title='bbox 2137 4782 2401 4852; x_wconf 86' lang='lat' dir='ltr'><strong>intentum</strong></span> <span class='ocrx_word' id='word_1_1026' title='bbox 2431 4780 2596 4852; x_wconf 84' lang='lat' dir='ltr'><strong>fuisse</strong></span> <span class='ocrx_word' id='word_1_1027' title='bbox 2628 4779 2979 4834; x_wconf 65' lang='lat' dir='ltr'><strong>Hebraeorum</strong></span> <span class='ocrx_word' id='word_1_1028' title='bbox 3005 4780 3500 4852; x_wconf 14' lang='lat' dir='ltr'><strong>Scripturaagatque</strong></span> <span class='ocrx_word' id='word_1_1029' title='bbox 3524 4781 3731 4837; x_wconf 62' lang='lat' dir='ltr'><strong>Grame-</strong></span> 
     </span>
    </p>
   </div>
   <div class='ocr_carea' id='block_1_140' title="bbox 2131 4850 3729 4930">
    <p class='ocr_par' dir='ltr' id='par_1_140' title="bbox 2131 4850 3729 4930">
     <span class='ocr_line' id='line_1_140' title="bbox 2131 4850 3729 4930; baseline 0.004 -26"><span class='ocrx_word' id='word_1_1030' title='bbox 2131 4867 2249 4930; x_wconf 67' lang='lat' dir='ltr'><strong>t&#39;utn</strong></span> <span class='ocrx_word' id='word_1_1031' title='bbox 2266 4869 2306 4930; x_wconf 29' lang='grc' dir='ltr'><strong>Δε-</strong></span> <span class='ocrx_word' id='word_1_1032' title='bbox 2321 4850 2449 4907; x_wconf 65' lang='grc' dir='ltr'><strong>Ἀλλ’</strong></span> <span class='ocrx_word' id='word_1_1033' title='bbox 2479 4850 2623 4930; x_wconf 45' lang='lat' dir='ltr'><strong>{erat</strong></span> <span class='ocrx_word' id='word_1_1034' title='bbox 2637 4853 2703 4930; x_wconf 48' lang='lat' dir='ltr'><strong>fro</strong></span> <span class='ocrx_word' id='word_1_1035' title='bbox 2723 4853 2884 4930; x_wconf 63' lang='grc' dir='ltr'><strong>ἀειρμὰ</strong></span> <span class='ocrx_word' id='word_1_1036' title='bbox 2909 4872 3007 4930; x_wconf 71' lang='grc' dir='ltr'><strong>σον</strong></span> <span class='ocrx_word' id='word_1_1037' title='bbox 3027 4851 3283 4930; x_wconf 54' lang='grc' dir='ltr'><strong>’Δϐραὰμ</strong></span> <span class='ocrx_word' id='word_1_1038' title='bbox 3299 4850 3380 4907; x_wconf 84' lang='grc' dir='ltr'><strong>ὅτι</strong></span> <span class='ocrx_word' id='word_1_1039' title='bbox 3393 4850 3598 4930; x_wconf 56' lang='lat' dir='ltr'><strong>sinciput</strong></span> <span class='ocrx_word' id='word_1_1040' title='bbox 3619 4855 3729 4930; x_wconf 64' lang='grc' dir='ltr'><strong>ποᾉ-</strong></span> 
     </span>
    </p>
   </div>
   <div class='ocr_carea' id='block_1_141' title="bbox 2130 4923 3731 4989">
    <p class='ocr_par' dir='ltr' id='par_1_141' title="bbox 2130 4923 3731 4989">
     <span class='ocr_line' id='line_1_141' title="bbox 2130 4923 3731 4989; baseline 0.002 -14"><span class='ocrx_word' id='word_1_1041' title='bbox 2130 4923 2228 4977; x_wconf 82' lang='grc' dir='ltr'><strong>λῶν</strong></span> <span class='ocrx_word' id='word_1_1042' title='bbox 2257 4924 2408 4978; x_wconf 81' lang='grc' dir='ltr'><strong>ἐθνῶν</strong></span> <span class='ocrx_word' id='word_1_1043' title='bbox 2457 4925 2655 4980; x_wconf 82' lang='grc' dir='ltr'><strong>τέθεικὰ</strong></span> <span class='ocrx_word' id='word_1_1044' title='bbox 2677 4944 2758 4984; x_wconf 83' lang='grc' dir='ltr'><strong>σε.</strong></span> <span class='ocrx_word' id='word_1_1045' title='bbox 2785 4927 2887 4976; x_wconf 86' lang='lat' dir='ltr'><strong>hoc</strong></span> <span class='ocrx_word' id='word_1_1046' title='bbox 2917 4929 3021 4989; x_wconf 86' lang='lat' dir='ltr'><strong>est,</strong></span> <span class='ocrx_word' id='word_1_1047' title='bbox 3045 4923 3135 4976; x_wconf 77' lang='lat' dir='ltr'><strong>sed</strong></span> <span class='ocrx_word' id='word_1_1048' title='bbox 3161 4923 3257 4976; x_wconf 77' lang='lat' dir='ltr'><strong>erit</strong></span> <span class='ocrx_word' id='word_1_1049' title='bbox 3282 4940 3472 4977; x_wconf 85' lang='lat' dir='ltr'><strong>nomen</strong></span> <span class='ocrx_word' id='word_1_1050' title='bbox 3504 4923 3731 4978; x_wconf 74' lang='lat' dir='ltr'><strong>tituntA~</strong></span> 
     </span>
    </p>
   </div>
   <div class='ocr_carea' id='block_1_142' title="bbox 2129 4993 3725 5065">
    <p class='ocr_par' dir='ltr' id='par_1_142' title="bbox 2129 4993 3725 5065">
     <span class='ocr_line' id='line_1_142' title="bbox 2129 4993 3725 5065; baseline 0.003 -19"><span class='ocrx_word' id='word_1_1051' title='bbox 2129 4993 2363 5059; x_wconf 88' lang='lat' dir='ltr'><strong>braham,</strong></span> <span class='ocrx_word' id='word_1_1052' title='bbox 2395 4994 2486 5064; x_wconf 86' lang='lat' dir='ltr'><strong>qni</strong></span> <span class='ocrx_word' id='word_1_1053' title='bbox 2515 5005 2712 5065; x_wconf 88' lang='lat' dir='ltr'><strong>patrem</strong></span> <span class='ocrx_word' id='word_1_1054' title='bbox 2739 4994 3018 5046; x_wconf 86' lang='lat' dir='ltr'><strong>multarum</strong></span> <span class='ocrx_word' id='word_1_1055' title='bbox 3046 4994 3274 5061; x_wconf 86' lang='lat' dir='ltr'><strong>gentium</strong></span> <span class='ocrx_word' id='word_1_1056' title='bbox 3301 4997 3460 5065; x_wconf 78' lang='lat' dir='ltr'><strong>posui</strong></span> <span class='ocrx_word' id='word_1_1057' title='bbox 3487 5006 3554 5050; x_wconf 84' lang='lat' dir='ltr'><strong>te.</strong></span> <span class='ocrx_word' id='word_1_1058' title='bbox 3582 4996 3725 5064; x_wconf 86' lang='lat' dir='ltr'><strong>Quod</strong></span> 
     </span>
    </p>
   </div>
   <div class='ocr_carea' id='block_1_143' title="bbox 2136 5066 3728 5135">
    <p class='ocr_par' dir='ltr' id='par_1_143' title="bbox 2136 5066 3728 5135">
     <span class='ocr_line' id='line_1_143' title="bbox 2136 5066 3728 5135; baseline 0.001 -16"><span class='ocrx_word' id='word_1_1059' title='bbox 2136 5079 2269 5134; x_wconf 88' lang='lat' dir='ltr'><strong>ergo</strong></span> <span class='ocrx_word' id='word_1_1060' title='bbox 2299 5067 2543 5134; x_wconf 88' lang='lat' dir='ltr'><strong>sequitur</strong></span> <span class='ocrx_word' id='word_1_1061' title='bbox 2581 5072 2702 5133; x_wconf 88' lang='lat' dir='ltr'><strong>post</strong></span> <span class='ocrx_word' id='word_1_1062' title='bbox 2737 5075 2932 5135; x_wconf 88' lang='lat' dir='ltr'><strong>patrem</strong></span> <span class='ocrx_word' id='word_1_1063' title='bbox 2962 5066 3244 5118; x_wconf 84' lang='lat' dir='ltr'><strong>multarum</strong></span> <span class='ocrx_word' id='word_1_1064' title='bbox 3271 5081 3379 5119; x_wconf 90' lang='lat' dir='ltr'><strong>non</strong></span> <span class='ocrx_word' id='word_1_1065' title='bbox 3411 5068 3646 5122; x_wconf 82' lang='lat' dir='ltr'><strong>habetur</strong></span> <span class='ocrx_word' id='word_1_1066' title='bbox 3682 5068 3728 5122; x_wconf 91' lang='lat' dir='ltr'><strong>in</strong></span> 
     </span>
    </p>
   </div>
   <div class='ocr_carea' id='block_1_144' title="bbox 2137 5135 3727 5206">
    <p class='ocr_par' dir='ltr' id='par_1_144' title="bbox 2137 5135 3727 5206">
     <span class='ocr_line' id='line_1_144' title="bbox 2137 5135 3727 5206; baseline 0.003 -18"><span class='ocrx_word' id='word_1_1067' title='bbox 2137 5137 2357 5190; x_wconf 89' lang='lat' dir='ltr'><strong>nomine</strong></span> <span class='ocrx_word' id='word_1_1068' title='bbox 2378 5135 2659 5201; x_wconf 84' lang='lat' dir='ltr'><strong>Abraham,</strong></span> <span class='ocrx_word' id='word_1_1069' title='bbox 2691 5151 2890 5203; x_wconf 88' lang='lat' dir='ltr'><strong>nempe</strong></span> <span class='ocrx_word' id='word_1_1070' title='bbox 2909 5138 3171 5204; x_wconf 78' lang='lat' dir='ltr'><strong>gentium;</strong></span> <span class='ocrx_word' id='word_1_1071' title='bbox 3196 5138 3290 5192; x_wconf 90' lang='lat' dir='ltr'><strong>sed</strong></span> <span class='ocrx_word' id='word_1_1072' title='bbox 3309 5137 3659 5206; x_wconf 88' lang='lat' dir='ltr'><strong>subauditur,</strong></span> <span class='ocrx_word' id='word_1_1073' title='bbox 3675 5146 3727 5193; x_wconf 89' lang='lat' dir='ltr'><strong>ut</strong></span> 
     </span>
    </p>
   </div>
   <div class='ocr_carea' id='block_1_145' title="bbox 2133 5206 3727 5277">
    <p class='ocr_par' dir='ltr' id='par_1_145' title="bbox 2133 5206 3727 5277">
     <span class='ocr_line' id='line_1_145' title="bbox 2133 5206 3727 5277; baseline 0.004 -18"><span class='ocrx_word' id='word_1_1074' title='bbox 2133 5208 2338 5274; x_wconf 90' lang='lat' dir='ltr'><strong>optime</strong></span> <span class='ocrx_word' id='word_1_1075' title='bbox 2369 5208 2625 5262; x_wconf 88' lang='lat' dir='ltr'><strong>observat</strong></span> <span class='ocrx_word' id='word_1_1076' title='bbox 2654 5217 2874 5260; x_wconf 88' lang='lat' dir='ltr'><strong>sanctus</strong></span> <span class='ocrx_word' id='word_1_1077' title='bbox 2917 5206 3301 5277; x_wconf 74' lang='lat' dir='ltr'><strong>Hieronymus,</strong></span> <span class='ocrx_word' id='word_1_1078' title='bbox 3326 5218 3536 5263; x_wconf 87' lang='lat' dir='ltr'><strong>temere</strong></span> <span class='ocrx_word' id='word_1_1079' title='bbox 3563 5225 3628 5265; x_wconf 87' lang='lat' dir='ltr'><strong>ac</strong></span> <span class='ocrx_word' id='word_1_1080' title='bbox 3653 5212 3727 5265; x_wconf 89' lang='lat' dir='ltr'><strong>in-</strong></span> 
     </span>
    </p>
   </div>
   <div class='ocr_carea' id='block_1_146' title="bbox 2130 5275 3724 5352">
    <p class='ocr_par' dir='ltr' id='par_1_146' title="bbox 2130 5275 3724 5352">
     <span class='ocr_line' id='line_1_146' title="bbox 2130 5275 3724 5352; baseline 0.004 -22"><span class='ocrx_word' id='word_1_1081' title='bbox 2130 5278 2290 5333; x_wconf 89' lang='lat' dir='ltr'><strong>docte</strong></span> <span class='ocrx_word' id='word_1_1082' title='bbox 2315 5294 2350 5352; x_wconf 83' lang='lat' dir='ltr'><strong>a</strong></span> <span class='ocrx_word' id='word_1_1083' title='bbox 2375 5279 2942 5352; x_wconf 77' lang='lat' dir='ltr'><strong>sciolisimpugnatus.</strong></span> <span class='ocrx_word' id='word_1_1084' title='bbox 2970 5275 3089 5330; x_wconf 83' lang='lat' dir='ltr'><strong>Non</strong></span> <span class='ocrx_word' id='word_1_1085' title='bbox 3117 5275 3314 5352; x_wconf 85' lang='lat' dir='ltr'><strong>omitto</strong></span> <span class='ocrx_word' id='word_1_1086' title='bbox 3339 5279 3724 5352; x_wconf 79' lang='lat' dir='ltr'><strong>Hieronymum</strong></span> 
     </span>
    </p>
   </div>
   <div class='ocr_carea' id='block_1_147' title="bbox 2129 5349 3719 5420">
    <p class='ocr_par' dir='ltr' id='par_1_147' title="bbox 2129 5349 3719 5420">
     <span class='ocr_line' id='line_1_147' title="bbox 2129 5349 3719 5420; baseline 0.003 -19"><span class='ocrx_word' id='word_1_1087' title='bbox 2129 5363 2290 5417; x_wconf 88' lang='lat' dir='ltr'><strong>supra</strong></span> <span class='ocrx_word' id='word_1_1088' title='bbox 2313 5351 2366 5402; x_wconf 91' lang='lat' dir='ltr'><strong>in</strong></span> <span class='ocrx_word' id='word_1_1089' title='bbox 2397 5349 2835 5404; x_wconf 87' lang='lat' dir='ltr'><strong>libroNominum</strong></span> <span class='ocrx_word' id='word_1_1090' title='bbox 2855 5351 3206 5415; x_wconf 88' lang='lat' dir='ltr'><strong>interpretari</strong></span> <span class='ocrx_word' id='word_1_1091' title='bbox 3227 5365 3428 5404; x_wconf 90' lang='lat' dir='ltr'><strong>nomen</strong></span> <span class='ocrx_word' id='word_1_1092' title='bbox 3446 5349 3719 5420; x_wconf 78' lang='lat' dir='ltr'><strong>Abraham,</strong></span> 
     </span>
    </p>
   </div>
   <div class='ocr_carea' id='block_1_148' title="bbox 2126 5420 3723 5492">
    <p class='ocr_par' dir='ltr' id='par_1_148' title="bbox 2126 5420 3723 5492">
     <span class='ocr_line' id='line_1_148' title="bbox 2126 5420 3723 5492; baseline 0.004 -21"><span class='ocrx_word' id='word_1_1093' title='bbox 2126 5429 2275 5491; x_wconf 83' lang='lat' dir='ltr'><strong>pater</strong></span> <span class='ocrx_word' id='word_1_1094' title='bbox 2301 5420 2478 5474; x_wconf 85' lang='lat' dir='ltr'><strong>videns</strong></span> <span class='ocrx_word' id='word_1_1095' title='bbox 2507 5421 2776 5492; x_wconf 85' lang='lat' dir='ltr'><strong>populum,</strong></span> <span class='ocrx_word' id='word_1_1096' title='bbox 2815 5421 2899 5473; x_wconf 86' lang='lat' dir='ltr'><strong>vel</strong></span> <span class='ocrx_word' id='word_1_1097' title='bbox 2929 5427 3072 5492; x_wconf 77' lang='lat' dir='ltr'><strong>pater</strong></span> <span class='ocrx_word' id='word_1_1098' title='bbox 3095 5420 3269 5492; x_wconf 68' lang='lat' dir='ltr'><strong>videns</strong></span> <span class='ocrx_word' id='word_1_1099' title='bbox 3299 5423 3723 5490; x_wconf 75' lang='lat' dir='ltr'><strong>multitudinem;</strong></span> 
     </span>
    </p>
   </div>
   <div class='ocr_carea' id='block_1_149' title="bbox 2128 5488 3718 5560">
    <p class='ocr_par' dir='ltr' id='par_1_149' title="bbox 2128 5488 3718 5560">
     <span class='ocr_line' id='line_1_149' title="bbox 2128 5488 3718 5560; baseline 0.002 -15"><span class='ocrx_word' id='word_1_1100' title='bbox 2128 5488 2185 5545; x_wconf 84' lang='lat' dir='ltr'><strong>in</strong></span> <span class='ocrx_word' id='word_1_1101' title='bbox 2215 5507 2316 5560; x_wconf 89' lang='lat' dir='ltr'><strong>qua</strong></span> <span class='ocrx_word' id='word_1_1102' title='bbox 2349 5488 2796 5560; x_wconf 83' lang='lat' dir='ltr'><strong>interpretatione</strong></span> <span class='ocrx_word' id='word_1_1103' title='bbox 2816 5488 3302 5558; x_wconf 54' lang='lat' dir='ltr'><strong>expritnitur&#39;aﬂes</strong></span> <span class='ocrx_word' id='word_1_1104' title='bbox 3333 5493 3538 5556; x_wconf 88' lang='lat' dir='ltr'><strong>littera,</strong></span> <span class='ocrx_word' id='word_1_1105' title='bbox 3566 5488 3718 5552; x_wconf 78' lang='lat' dir='ltr'><strong>quam</strong></span> 
     </span>
    </p>
   </div>
   <div class='ocr_carea' id='block_1_150' title="bbox 2125 5561 3718 5631">
    <p class='ocr_par' dir='ltr' id='par_1_150' title="bbox 2125 5561 3718 5631">
     <span class='ocr_line' id='line_1_150' title="bbox 2125 5561 3718 5631; baseline 0.003 -15"><span class='ocrx_word' id='word_1_1106' title='bbox 2125 5562 2356 5616; x_wconf 88' lang='lat' dir='ltr'><strong>otiosam</strong></span> <span class='ocrx_word' id='word_1_1107' title='bbox 2387 5562 2498 5616; x_wconf 81' lang='lat' dir='ltr'><strong>dixi</strong></span> <span class='ocrx_word' id='word_1_1108' title='bbox 2524 5562 2592 5617; x_wconf 88' lang='lat' dir='ltr'><strong>ad</strong></span> <span class='ocrx_word' id='word_1_1109' title='bbox 2615 5563 3023 5631; x_wconf 88' lang='lat' dir='ltr'><strong>etymologiam,</strong></span> <span class='ocrx_word' id='word_1_1110' title='bbox 3042 5571 3188 5627; x_wconf 86' lang='lat' dir='ltr'><strong>pater</strong></span> <span class='ocrx_word' id='word_1_1111' title='bbox 3217 5561 3523 5617; x_wconf 83' lang='lat' dir='ltr'><strong>multarum.</strong></span> <span class='ocrx_word' id='word_1_1112' title='bbox 3556 5563 3718 5620; x_wconf 81' lang='lat' dir='ltr'><strong>Nemo</strong></span> 
     </span>
    </p>
   </div>
   <div class='ocr_carea' id='block_1_151' title="bbox 2125 5634 3713 5704">
    <p class='ocr_par' dir='ltr' id='par_1_151' title="bbox 2125 5634 3713 5704">
     <span class='ocr_line' id='line_1_151' title="bbox 2125 5634 3713 5704; baseline 0.003 -18"><span class='ocrx_word' id='word_1_1113' title='bbox 2125 5642 2305 5687; x_wconf 89' lang='lat' dir='ltr'><strong>autem</strong></span> <span class='ocrx_word' id='word_1_1114' title='bbox 2355 5634 2526 5687; x_wconf 85' lang='lat' dir='ltr'><strong>nescit</strong></span> <span class='ocrx_word' id='word_1_1115' title='bbox 2568 5635 2791 5688; x_wconf 89' lang='lat' dir='ltr'><strong>verbum</strong></span> <span class='ocrx_word' id='word_1_1116' title='bbox 2839 5643 2958 5689; x_wconf 50' lang='lat' dir='ltr'><strong>rma</strong></span> <span class='ocrx_word' id='word_1_1117' title='bbox 2997 5648 3112 5704; x_wconf 72' lang='lat' dir='ltr'><strong>raa,</strong></span> <span class='ocrx_word' id='word_1_1118' title='bbox 3141 5635 3287 5702; x_wconf 90' lang='lat' dir='ltr'><strong>quod</strong></span> <span class='ocrx_word' id='word_1_1119' title='bbox 3321 5635 3514 5704; x_wconf 91' lang='lat' dir='ltr'><strong>incipit</strong></span> <span class='ocrx_word' id='word_1_1120' title='bbox 3540 5653 3570 5687; x_wconf 89' lang='lat' dir='ltr'><strong>a</strong></span> <span class='ocrx_word' id='word_1_1121' title='bbox 3601 5635 3713 5700; x_wconf 79' lang='lat' dir='ltr'><strong>Res,</strong></span> 
     </span>
    </p>
   </div>
   <div class='ocr_carea' id='block_1_152' title="bbox 2121 5701 3716 5778">
    <p class='ocr_par' dir='ltr' id='par_1_152' title="bbox 2121 5701 3716 5778">
     <span class='ocr_line' id='line_1_152' title="bbox 2121 5701 3716 5778; baseline 0.003 -21"><span class='ocrx_word' id='word_1_1122' title='bbox 2121 5704 2430 5778; x_wconf 83' lang='lat' dir='ltr'><strong>signiﬁcare</strong></span> <span class='ocrx_word' id='word_1_1123' title='bbox 2450 5705 2575 5778; x_wconf 70' lang='lat' dir='ltr'><strong>vidit</strong></span> <span class='ocrx_word' id='word_1_1124' title='bbox 2618 5714 2710 5758; x_wconf 91' lang='lat' dir='ltr'><strong>aut</strong></span> <span class='ocrx_word' id='word_1_1125' title='bbox 2749 5704 2924 5756; x_wconf 80' lang='lat' dir='ltr'><strong>videns</strong></span> <span class='ocrx_word' id='word_1_1126' title='bbox 2946 5719 2966 5755; x_wconf 89' lang='lat'><strong><em>:</em></strong></span> <span class='ocrx_word' id='word_1_1127' title='bbox 2997 5701 3126 5759; x_wconf 86' lang='lat' dir='ltr'><strong>hinc</strong></span> <span class='ocrx_word' id='word_1_1128' title='bbox 3161 5701 3448 5758; x_wconf 72' lang='lat' dir='ltr'><strong>Abraham</strong></span> <span class='ocrx_word' id='word_1_1129' title='bbox 3486 5717 3630 5778; x_wconf 81' lang='lat' dir='ltr'><strong>pater</strong></span> <span class='ocrx_word' id='word_1_1130' title='bbox 3655 5709 3716 5761; x_wconf 73' lang='lat' dir='ltr'><strong>tri-</strong></span> 
     </span>
    </p>
   </div>
   <div class='ocr_carea' id='block_1_153' title="bbox 2121 5775 3206 5849">
    <p class='ocr_par' dir='ltr' id='par_1_153' title="bbox 2121 5775 3206 5849">
     <span class='ocr_line' id='line_1_153' title="bbox 2121 5775 3206 5849; baseline 0.018 -27"><span class='ocrx_word' id='word_1_1131' title='bbox 2121 5775 2248 5849; x_wconf 65' lang='lat' dir='ltr'><strong>dens</strong></span> <span class='ocrx_word' id='word_1_1132' title='bbox 2276 5775 2684 5849; x_wconf 80' lang='lat' dir='ltr'><strong>multitudinem.</strong></span> <span class='ocrx_word' id='word_1_1133' title='bbox 2852 5842 2882 5849; x_wconf 81' lang='lat'><strong>_</strong></span> <span class='ocrx_word' id='word_1_1134' title='bbox 2919 5846 2929 5849; x_wconf 91' lang='lat'><strong>_</strong></span> <span class='ocrx_word' id='word_1_1135' title='bbox 2964 5847 2974 5849; x_wconf 98' lang='lat'>_</span> <span class='ocrx_word' id='word_1_1136' title='bbox 3203 5783 3206 5785; x_wconf 23' lang='grc' dir='ltr'>λ</span> 
     </span>
    </p>
   </div>
   <div class='ocr_carea' id='block_1_154' title="bbox 2189 5842 3709 5904">
    <p class='ocr_par' dir='ltr' id='par_1_154' title="bbox 2189 5842 3709 5904">
     <span class='ocr_line' id='line_1_154' title="bbox 2189 5842 3709 5904; baseline 0.002 -3"><span class='ocrx_word' id='word_1_1137' title='bbox 2189 5842 2296 5901; x_wconf 78' lang='lat' dir='ltr'><strong>Sed</strong></span> <span class='ocrx_word' id='word_1_1138' title='bbox 2328 5846 2568 5901; x_wconf 81' lang='lat' dir='ltr'><strong>breviter</strong></span> <span class='ocrx_word' id='word_1_1139' title='bbox 2607 5847 2677 5900; x_wconf 84' lang='lat' dir='ltr'><strong>ab</strong></span> <span class='ocrx_word' id='word_1_1140' title='bbox 2719 5845 2806 5900; x_wconf 86' lang='lat' dir='ltr'><strong>his</strong></span> <span class='ocrx_word' id='word_1_1141' title='bbox 2842 5842 3168 5900; x_wconf 83' lang='lat' dir='ltr'><strong>Criticorum</strong></span> <span class='ocrx_word' id='word_1_1142' title='bbox 3214 5847 3369 5903; x_wconf 82' lang='lat' dir='ltr'><strong>tricis</strong></span> <span class='ocrx_word' id='word_1_1143' title='bbox 3399 5857 3456 5903; x_wconf 89' lang='lat' dir='ltr'><strong>ut</strong></span> <span class='ocrx_word' id='word_1_1144' title='bbox 3501 5865 3603 5904; x_wconf 78' lang='lat' dir='ltr'><strong>nos</strong></span> <span class='ocrx_word' id='word_1_1145' title='bbox 3623 5859 3709 5904; x_wconf 48' lang='lat' dir='ltr'><strong>ex;</strong></span> 
     </span>
    </p>
   </div>
  </div>
