3962 6354
599 297 743 360 1555

1352 301 1448 360 AD
1488 301 1735 359 TOMUM
1777 301 1842 358 Ill
1881 300 2170 358 OPERUM
2211 302 2270 360 S.
2313 301 2698 358 lllERONYMl
2735 301 3107 359 APPENDIX.

3759 299 3852 359 155i

599 396 906 465 bujusmodi
951 396 1370 466 originationem
1415 398 1622 454 videsis
1667 412 1832 467 supra
1879 398 1937 453 in
1959 397 2188 453 scholiis
2215 400 2402 463 Acari
2451 399 2686 467 amplius
2731 414 2851 454 eum
2906 398 3104 464 vetuit,
3149 397 3461 468 linguaque
3486 394 3743 467 Egyptia
3767 396 3854 450 'lso-

599 469 803 523 nostris
827 467 894 522 ad
922 468 1240 522 vocabulum
1270 468 1462 523 Doson.

668 538 831 612 Aliud
854 539 1174 612 exemplum
1201 538 1640 612 llier0tiytnian:c
1669 540 1990 612 eruditionis
2018 554 2080 594 ac
2112 540 2194 594 in-

597 608 936 674 telligentiae,
962 626 1063 678 qua
1093 608 1426 666 odorabatur
1449 613 1824 680 sagacissime,
1849 611 1977 680 quid
2002 612 2193 680 singu-

599 681 648 735 la
697 680 1050 752 llebrtcorum
1101 683 1323 736 nomina
1355 683 1744 749 significarent,
1781 681 1922 736 sumi
1953 692 2134 752 potest
2164 697 2196 738 e

598 764 734 824 voce
783 751 1001 824 Rachel,
1048 752 1206 824 cuius
1243 755 1630 824 etymologiam
1682 751 2040 824 multiplicem
2091 753 2194 809 hoc

600 822 766 878 modo
795 822 1040 879 declarat
1086 823 1193 878 col.
1233 822 1339 878 lii':
1379 844 1397 876 ι
1434 822 1647 893 lldchel,
1697 826 1828 888 ovis,
1885 823 1972 878 vel
2019 825 2196 879 videns

604 911 624 946 ι
663 893 999 966 principium,
1053 905 1147 948 aut
1193 895 1318 950 visio
1364 895 1594 962 sceleris,
1640 898 1756 951 sive
1796 895 1975 949 videns
2001 894 2191 950 Deum.

607 982 626 1016 ι
669 965 782 1020 lloc
827 973 1010 1020 autem
1065 965 1367 1022 secundum
1408 976 1760 1024 accentorum
1800 976 1854 1020 et
1889 966 2196 1022 litterarum

605 1055 626 1088 σ
665 1038 849 1090 evenit
882 1037 1260 1092 diversitatem
1292 1081 1306 1105 ,
1341 1047 1401 1092 ut
1426 1049 1532 1092 tam
1564 1039 1619 1092 in
1648 1037 1957 1094 contrarias
1980 1038 2198 1106 signifi-

607 1125 626 1160 ι
665 1108 911 1164 eationes
943 1111 1160 1162 nomina
1195 1119 1622 1163 commutentur.
1660 1128 1679 1162 ι
1724 1108 1861 1176 Quid
1890 1110 1961 1162 sit
1987 1109 2076 1162 illa
2110 1110 2199 1164 lit-

602 1188 845 1234 terarum
891 1179 1183 1235 diversitas
1213 1181 1516 1235 contrarias
1546 1180 1814 1236 inducens
1841 1179 2202 1246 significatio-

606 1265 704 1323 nes
720 1291 736 1316 ,
770 1251 978 1323 diserte
1001 1251 1120 1318 ipse
1147 1250 1515 1323 Hieronymus
1528 1251 1785 1320 exposuit
1798 1251 2055 1305 columna
2071 1252 2198 1321 114,

601 1321 790 1396 dicens
815 1339 833 1396 :7
867 1341 884 1374 ι
917 1322 1087 1396 Raab.
1117 1325 1294 1396 siper
1322 1321 1418 1377 Ain
1452 1324 1686 1396 mediam
1720 1324 1957 1396 litteram
1989 1324 2201 1396 scriba-

607 1411 626 1444 ‹
667 1393 774 1458 tur,
809 1395 997 1462 famem
1025 1393 1329 1462 significat:
1367 1396 1410 1446 si
1445 1411 1541 1462 per
1573 1393 1678 1457 He,
1711 1395 1994 1462 impetum:
2025 1395 2070 1448 si
2103 1409 2200 1462 per

607 1462 826 1535 ¢__IIetlt.
861 1464 1210 1518 latitudinem.
1246 1482 1263 1515 ι
1311 1465 1518 1520 Eodem
1567 1465 1730 1519 modo
1772 1462 1987 1531 Rachel,
2023 1466 2067 1518 si
2104 1481 2200 1535 per

603 1533 746 1588 Hell:
779 1537 1074 1602 scribatur,
1109 1551 1254 1589 ovem
1284 1536 1588 1607 significat;
1615 1537 1657 1590 si
1687 1535 1989 1608 perAleph,
2019 1533 2202 1590 viden-

602 1639 700 1700 tem
756 1630 940 1686 Deum.
998 1632 1234 1686 Rursum
1279 1635 1323 1686 si
1373 1649 1440 1688 ex
1488 1645 1608 1692 ηιξ-ι
1635 1651 1746 1700 raa,
1783 1643 1837 1687 et
1862 1617 1966 1695 55h
1991 1632 2195 1700 hltafal,

603 1699 894 1776 figuratum
927 1704 1220 1773 intelligas,
1250 1714 1408 1758 sonat
1433 1706 1685 1758 ridentem
1713 1706 2048 1776 principium.
2093 1699 2200 1760 De-

602 1775 769 1855 nique
819 1790 885 1856 ea
928 1784 1024 1856 3m
1055 1776 1155 1841 rai,
1211 1783 1361 1840 ety't
1411 1792 1491 1843 ra,
1548 1792 1671 1830 cum
1711 1775 1836 1842 Ain,
1867 1776 2199 1845 exprimitur
2231 1797 2276 1856 Β

602 1846 730 1897 visio
760 1846 990 1906 sceleris.

673 1915 920 1989 Tertium
969 1917 1406 1989 Hieronymianre
1447 1918 1776 1974 eruditionis
1811 1929 2196 1989 argumentum

599 1986 760 2054 capio
789 2005 854 2042 ex
887 1986 1258 2044 famosissit'no
1293 1991 1516 2043 nomine
1555 1986 2084 2058 Sonulionphanecli,
2131 1990 2199 2046 de

604 2072 716 2126 quo
735 2060 841 2114 col.
873 2061 1048 2133 Uita
1078 2061 1429 2133 disserebat;
1465 2080 1481 2111 ι
1504 2059 2057 2133 Somtbonphaneeb,
2081 2076 2200 2117 cor-

605 2145 624 2180 s
667 2138 828 2202 rupte
858 2130 1092 2186 dicitur:
1127 2148 1251 2186 nam
1291 2133 1343 2185 itt
1388 2131 1619 2186 Hebraeo
1649 2130 1880 2202 legimus
1923 2133 2195 2202 Saplmetlt

606 2217 627 2252 ι
666 2199 905 2268 pltanee;
945 2203 1090 2270 quod
1139 2203 1568 2270 interpretatur,
1615 2199 2067 2259 abs—conditorum
2112 2220 2198 2259 re-

605 2286 624 2322 ι
662 2283 870 2341 pertor.
926 2273 1101 2329 Porro
1155 2276 1222 2328 ab
1269 2273 1543 2344 Egyptiis
1587 2274 1901 2342 didicimus,
1957 2275 2098 2344 quod
2142 2276 2193 2328 in

604 2359 624 2393 ο
663 2344 846 2409 lingua
887 2359 1079 2399 eorum
1120 2355 1375 2408 resonet,
1407 2347 1658 2400 Salvator
1689 2347 1892 2401 mundi.
1928 2367 1946 2398 ι
2006 2345 2194 2400 Brevis

598 2424 691 2487 est
714 2414 1005 2471 admodum
1040 2418 1157 2471 lucc
1197 2416 1505 2477 annotatio.
1534 2417 1828 2487 verbisque
1870 2417 2146 2472 succincta
2177 2435 2191 2470 :

597 2485 695 2557 sed
728 2499 990 2557 quantum
1023 2490 1414 2557 constringitur
1441 2485 1822 2552 sermonibus,
1858 2498 2065 2544 tantum
2094 2489 2190 2543 dif.

596 2554 844 2611 funditur
879 2560 1173 2613 sensibus.
1235 2554 1417 2613 M'onet
1446 2559 1498 2612 in
1534 2574 1596 2613 ea
1621 2559 2190 2630 illicollieronymus,

596 2639 856 2702 corrupte
881 2630 1141 2702 legiapud
1165 2630 1520 2702 Septuaginta
1549 2644 1747 2702 nomen
1773 2629 2192 2702 Psomtltonp/ia-

597 2700 745 2753 necti.
812 2699 1117 2756 Genuinam
1177 2699 1294 2768 ipsi:
1345 2699 1585 2756 restituit
1632 2701 1925 2757 lectionem
1975 2720 2006 2758 e
2044 2699 2192 2758 fonte

598 2768 870 2844 Hebraico
895 2789 909 2825 :
943 2789 1007 2844 ac
1031 2773 1144 2827 veri
1173 2771 1375 2844 deinde
1404 2773 1642 2826 nominis
1681 2775 2062 2844 etymologiam
2092 2774 2192 2827 lle-

595 2841 838 2896 braicam
886 2842 1118 2912 profert.
1189 2841 1302 2898 Nec
1349 2844 1431 2895 his
1474 2841 1764 2898 contentus
1809 2841 2056 2898 summus
2099 2847 2190 2898 ille

597 2912 724 2985 vir,
780 2913 1160 2985 IEgyptiacam
1224 2915 1650 2985 originationem
1715 2917 1865 2970 verbi
1919 2915 2190 2985 Saphnet/t

598 2982 901 3058 plianeer
931 2982 1212 3058 'Egyptiis
1251 2982 1532 3058 acceptam
1565 2982 2188 3056 tliligentissime'repo-

595 3055 722 3127 suit.
781 3057 989 3122 Quibus
1016 3055 1138 3110 cum
1168 3058 1324 3111 addis
1357 3057 1650 3112 llebraieas
1671 3055 2023 3123 Quaestioues
2045 3059 2192 3127 ejus-

595 3122 718 3177 dem
745 3128 917 3178 sancti
948 3127 1197 3198 Doctot-is
1221 3128 1274 3181 in
1305 3128 1584 3183 Geneseos
1623 3122 1788 3196 caput
1829 3122 2185 3198 quadragesi—

596 3209 746 3270 mum
782 3197 1038 3262 primum,
1091 3197 1181 3270 ubi
1223 3199 1596 3270 translationis
1621 3197 1900 3270 rationem
1934 3197 2188 3270 exposuit

595 3265 666 3319 de
688 3266 1243 3340 nominesupradieto
1275 3269 1545 3340 Sep/incili
1573 3269 1805 3336 plianee;
1827 3273 1963 3326 nihil
1992 3265 2185 3340 super-

597 3345 683 3413 est
715 3379 730 3402 ,
784 3337 929 3408 quod
976 3337 1222 3406 requiras
1253 3339 1320 3393 ad
1355 3337 1660 3408 perfectam
1695 3345 1845 3396 verbi
1875 3337 2185 3413 intelligen-

598 3407 752 3476 tiam,
783 3407 1159 3482 quoscumque
1188 3407 1455 3482 veterum,
1496 3413 1578 3467 vel
1612 3415 1973 3469 recentiorum
2005 3407 2191 3482 scrip-

597 3489 776 3554 torum
808 3481 1267 3554 Commentarios
1296 3481 1592 3554 evolgeris.
1653 3483 1796 3536 Loco
1829 3486 1992 3554 igitur
2021 3481 2190 3539 citato

595 3549 714 3623 htec
737 3551 903 3608 habet
928 3551 1328 3623 Hieronymus:
1374 3569 1392 3602 ι
1421 3551 1489 3606 Ει
1521 3549 1970 3610 vocavitPharao
1990 3572 2188 3609 nomen

602 3639 622 3673 ι
659 3621 864 3694 .losepb
901 3621 1203 3694 Sophanem
1237 3623 1459 3694 pltanee;
1512 3633 1568 3679 et
1594 3625 1743 3679 dedit
1768 3625 1816 3679 ei
1850 3628 2088 3680 Aseneth
2127 3631 2181 3680 fi-

602 3710 623 3746 ι
664 3692 792 3764 liam
823 3692 1123 3762 Phutipbar
1153 3692 1454 3748 sacerdotis
1479 3696 1824 3764 llcliopoleos
1857 3698 1909 3750 in
1942 3713 2188 3752 uxorem.

603 3782 623 3816 ι
661 3762 817 3819 Licet
861 3764 1132 3820 Hebraice
1165 3766 1269 3820 hoc
1319 3780 1538 3834 nomen,
1571 3762 1989 3822 absconditorum
2021 3785 2195 3835 reper-

602 3851 622 3886 ι
664 3845 826 3908 torem
877 3843 1304 3908 sonetztatnen
1350 3838 1474 3908 quia
1523 3839 1591 3891 ab
1639 3836 1899 3907 Egyptio
1949 3839 2190 3908 ponitur,

601 3923 621 3958 ι
663 3907 829 3976 ipsius
861 3908 1060 3976 lingua:
1087 3907 1251 3962 debet
1285 3907 1487 3963 habere
1514 3910 1810 3964 rationem.
1866 3907 2197 3977 Interpreta-

601 3995 621 4028 ι
661 3989 748 4032 ιιιι·
775 3995 906 4053 ergo
933 3995 1188 4053 sermone
1211 3977 1470 4049 Egyptio
1503 3978 1806 4052 Sapltanetlt
1830 3981 2053 4053 phenee;
2080 3985 2196 4038 sive

601 4065 620 4098 ι
663 4059 720 4102 ιιι
765 4051 1115 4120 Septuaginta
1168 4053 1469 4104 transferre
1523 4051 1856 4117 voluerunt,
1910 4051 2198 4108 Psomtam-

601 4136 622 4171 ι
662 4121 916 4189 pltanecli,
951 4123 1207 4192 Salvator
1239 4121 1425 4176 mundi
1455 4141 1467 4174 :
1527 4139 1593 4177 eo
1631 4124 1778 4192 quod
1813 4125 2002 4179 orbem
2033 4133 2197 4180 terra:

601 4207 620 4242 ι
663 4192 732 4247 ab
763 4193 1101 4246 imminentis
1132 4191 1288 4245 famis
1311 4194 1524 4248 excidio
1558 4191 1828 4249 liberarit.
1865 4216 1882 4247 ι

672 4263 844 4317 Tanta
891 4264 1145 4332 splendet
1187 4264 1447 4328 eruditio,
1494 4277 1714 4335 tamque
1745 4266 2198 4331 incomparabilis

597 4332 916 4406 Hieronymi
947 4335 1230 4404 diligentia
1264 4337 1346 4388 vel
1377 4335 1432 4389 in
1459 4351 1568 4391 uno
1599 4332 1701 4392 hoc
1725 4339 2000 4406 exemplo,
2035 4347 2091 4390 ut
2123 4337 2200 4392 le-

594 4407 778 4459 ctione
812 4405 1002 4470 nuperi
1056 4405 1342 4474 scriptoris
1391 4407 1714 4462 heterodoxi
1773 4405 1976 4463 certior
2024 4407 2198 4462 factus

596 4476 827 4530 audeam
861 4477 1134 4541 intrepide
1158 4491 1499 4544 asseverare,
1528 4481 1803 4533 neminem
1829 4494 1953 4533 esse
1977 4477 2200 4533 hodier-

2299 469 2507 539 phnath
2531 502 2550 511 -
2575 469 3029 539 phahaneachum
3058 511 3073 535 ,
3129 468 3236 523 hoc
3270 478 3356 524 est
3381 511 3397 532 ,
3439 468 3860 539 Occultorumn-
3915 468 3923 530 l

2295 537 2835 595 salutarem—vocavit.
2911 540 3058 596 Neve
3095 556 3163 595 ex
3191 539 3438 610 Egypto
3475 539 3548 592 ad
3578 553 3704 610 suos
3729 537 3861 610 redire

2296 627 2555 679 umquam
2588 611 2878 680 cogitaret,
2927 611 3227 666 Asnatbam
3271 609 3605 680 Potipberte
3649 609 3860 664 Oniorutu

2296 684 2603 738 sacerdotis
2633 683 2800 736 filiam
2830 683 3180 738 matrimonio
3207 683 3259 737 ei
3285 683 3440 750 iungi
3477 681 3678 734 voluit.
3700 699 3719 731 ι
3763 680 3865 747 Quot

2296 756 2404 808 sint
2446 757 2692 823 profante
2744 755 3014 808 novitates
3066 756 3118 808 in
3170 753 3328 809 novis
3378 752 3710 820 huiusmodi
3741 754 3865 806 inter-

2299 827 2713 894 pretationibus,
2768 839 2875 878 non
2909 836 2994 880 est
3021 829 3312 893 prmsentis
3339 824 3596 879 instituti
3630 823 3866 877 Lectoretn

2300 896 2598 949 monuisse.
2629 896 2682 950 Id
2716 907 2922 950 tantum
2949 897 3279 951 observasse
3303 895 3582 958 sufﬁciat,
3618 895 3783 963 lingua
3802 892 3870 948 £-

2299 967 2549 1024 ttvmiaca
2595 983 2698 1021 non
2733 982 2895 1024 posse
2922 967 3223 1024 Joseobum
3262 967 3546 1024 appellari
3581 964 3869 1024 Tsapltnatfa-

2299 827 2713 894 pretationibus,
2768 839 2875 878 non
2909 836 2994 880 est
3021 829 3312 893 prmsentis
3339 824 3596 879 instituti
3630 823 3866 894 Lectoretn

2300 892 2598 949 monuisse.
2629 896 2682 950 Id
2716 907 2922 950 tantum
2949 892 3279 951 observasse
3303 895 3582 958 sufﬁciat,
3618 895 3783 963 lingua
3802 892 3870 948 £-

2299 967 2549 1038 gyptiaca
2595 983 2698 1021 non
2733 982 2895 1038 posse
2922 967 3223 1036 Josepbum
3262 964 3869 1038 appellarLTsaphnatfa-
3922 964 3923 1034 1

2297 1036 2761 1105 pliahuneaclium}
2812 1039 2934 1104 quia
2960 1054 3154 1093 nomen
3185 1039 3317 1093 illud
3345 1055 3462 1092 non
3500 1036 3868 1107 Egyptiacum,

2299 1110 2396 1162 Sed
2448 1110 2699 1162 Latinum
2745 1109 2908 1163 habet
2947 1124 3145 1165 sonum
3170 1125 3235 1162 ac
3280 1109 3482 1173 finem,
3527 1108 3675 1178 quod
3707 1119 3866 1172 tamen,

2300 1193 2423 1234 eum
2474 1181 2543 1232 ab
2589 1179 2850 1250 {Egyptio
2884 1181 3123 1247 ponitttr,
3177 1182 3352 1248 ipsius
3386 1183 3603 1248 linguae
3629 1179 3777 1233 debet
3802 1181 3871 1230 fta-

2300 1250 2430 1322 bore
2463 1251 2758 1314 rati0nem,
2793 1259 2854 1306 ut
2883 1265 3041 1317 snpra
3062 1252 3296 1306 docebat
3326 1253 3868 1322 Hieronymus,__cujus

2300 1321 2637 1389 diligentiam
2672 1322 2863 1376 nullibi
2910 1325 3183 1390 attingunt
3225 1323 3423 1392 nuperi
3459 1320 3676 1376 Critici.
3722 1320 3867 1389 Neque

2299 1409 2432 1447 vero
2463 1393 2634 1446 sancti
2667 1393 2917 1446 Doctoris
2945 1394 3184 1448 studium
3214 1394 3493 1460 effugiunt
3527 1394 3580 1447 id
3621 1408 3778 1462 genus
3799 1395 3868 1462 ob-

2301 1465 2665 1528 servationes,
2696 1474 2752 1519 ut
2776 1465 2830 1518 in
2858 1473 3110 1532 promptu
3148 1467 3405 1533 probatio
3442 1475 3534 1518 est
3563 1461 3641 1518 cxi
3660 1477 3777 1517 voce
3801 1461 3867 1516 Si-

2303 1534 2591 1588 chimorum
2643 1534 2896 1589 columna
2931 1535 3011 1590 l6.
3073 1555 3090 1587 ι
3123 1536 3508 1592 Sichimorum
3531 1578 3546 1598 ,
3581 1535 3769 1602 inquit,
3794 1534 3866 1586 ltu-

2310 1623 2328 1656 ι
2368 1607 2504 1659 meri
2531 1624 2541 1659 :
2573 1607 2689 1674 ipsa
2717 1617 2940 1674 estqua:
2982 1614 3037 1661 et
3063 1608 3302 1663 Sicltem.
3336 1606 3456 1663 Sed
3491 1610 3546 1662 in
3577 1605 3805 1660 Latinum
3826 1613 3866 1657 et

2309 1694 2329 1727 ι
2371 1675 2621 1732 Graecum
2646 1692 2840 1732 sonum
2873 1678 3126 1732 vertitur.
3167 1698 3184 1729 ι
3224 1679 3438 1733 Prmter
3471 1679 3629 1732 illum
3659 1690 3862 1730 errorem

2304 1746 2530 1802 Joannis
2560 1748 2779 1812 Clerici,
2827 1764 2934 1817 quo
2962 1747 3255 1818 Egyptius
3289 1750 3587 1804 inducitur
3611 1748 3784 1802 Latine
3804 1748 3864 1798 lo-

2305 1835 2504 1890 quens,
2552 1820 2691 1874 alius
2735 1829 2823 1874 est
2865 1822 3162 1890 etquidem
3194 1821 3349 1889 pejor
3380 1823 3606 1890 priore,
3633 1822 3694 1890 in
3713 1818 3862 1872 eadem

2303 1889 2628 1962 Parapltrasi
2683 1889 2975 1960 perpetua,
3019 1892 3110 1946 ubi
3158 1889 3861 1962 Tsoplmath-phalmneaclm

2302 1960 2485 2032 lingua
2538 1961 2856 2032 Egyptiaca
2895 1962 3100 2016 dicitur
3147 1960 3514 2032 interpretari
3573 1960 3861 2015 Occultmm

2301 2031 2592 2104 Revelator.
2622 2031 2806 2104 illane
2857 2034 3009 2089 enim
3056 2035 3488 2104 originationem
3535 2033 3862 2104 [Egyptiacatn

2298 2103 2559 2173 confingit
2608 2103 2871 2170 Clericus,
2917 2105 3009 2174 qui
3049 2101 3479 2174 antiquissimos
3533 2101 3794 2175 Egyptios
3828 2101 3861 2153 si

2297 2177 2664 2248 consuluisset
2694 2177 2835 2248 apud
2869 2177 3294 2248 Hieronymum,
3327 2193 3440 2231 non
3478 2177 3780 2230 occultorum
3803 2187 3862 2223 re-

2297 2247 2576 2299 velatorem
2599 2289 2612 2310 ,
2639 2246 2735 2301 sed
2765 2247 2831 2300 ab
2862 2247 2968 2300 illis
3001 2246 3330 2301 Salvatorcm
3361 2249 3557 2314 mundi
3588 2248 3864 2314 interpreta-

2299 2325 2410 2391 tum
2441 2319 2705 2391 fateretur
2735 2334 2932 2391 nomen
2981 2317 3745 2391 Ts0pltnath-phaharneacltus,
3773 2315 3861 2368 sive

2299 2390 2474 2460 potius
2509 2387 2821 2460 Saphaeth-
2844 2393 3043 2460 phanee
3065 2387 3096 2458 ,⁷
3127 2400 3185 2443 ιιι
3229 2387 3442 2452 optime
3501 2390 3639 2458 legit
3677 2395 3862 2460 sanctus

2298 2457 2663 2536 lliei'ot_tytt_itts
2685 2457 3194 2536 jttxta'lglebraienm
3216 2470 3373 2536 tum
3403 2457 3858 2536 mm._Deinde_et

2297 2529 2398 2585 hoc
2425 2527 2814 2604 adjiciendum,
2851 2533 2896 2585 si
2927 2531 3190 2586 studiosis
3216 2532 3418 2604 lingua:
3451 2533 3691 2604 Coptica:
3718 2527 3860 2582 credi-

2295 2616 2436 2674 mus,
2490 2618 2684 2674 nomen
2730 2601 3132 2674 Esofem-pane
3173 2601 3496 2670 significare
3527 2603 3759 2672 Coptice,
3786 2613 3857 2653 seu

2295 2671 2472 2741 lingua
2507 2673 2852 2744 (Egyptian,
2881 2671 3209 2729 Saluatorem
3239 2675 3442 2730 saeculi.

2366 2767 2422 2822 ln
2451 2767 2644 2822 eodem
2673 2766 3080 2822 Commentario
3108 2768 3303 2838 nuperi
3324 2766 3652 2838 Scriptoris,
3682 2765 3742 2818 ab
3761 2762 3858 2838 Hie-

2293 2853 2524 2909 ronymo
2553 2852 2698 2892 ctare
2730 2839 3016 2904 edisserta,
3047 2835 3208 2908 atque
3238 2835 3540 2909 diligenter
3568 2845 3758 2900 notata,
3775 2835 3853 2888 ob-

2293 2909 2465 2964 scuris
2491 2910 2840 2973 ouittionihus
2859 2910 3084 2963 multum
3107 2909 3332 2964 confusa
3359 2912 3736 2980 reperiuntur;
3759 2919 3853 2980 nam

2294 2981 2664 3052 Hieronymus
2715 2981 2937 3052 diserte
2985 2983 3181 3052 asserit
3246 2978 3612 3052 Septuaginta
3656 2978 3854 3052 voluisse

2297 3049 2598 3126 transferre
2626 3050 3156 3126 Psontompltanech;
3201 3049 3368 3126 quod_
3382 3049 3641 3126 Clericus
3663 3049 3737 3104 bis
3763 3061 3850 3126 ver-

2295 3123 2379 3178 bis
2428 3138 2628 3192 negare
2679 3125 2811 3177 mihi
2861 3125 3008 3178 visus
3048 3134 3132 3176 e~t
3178 3138 3300 3192 pag.
3342 3122 3453 3179 265
3494 3124 3777 3178 Comment.
3810 3122 3850 3170 in

2293 3194 2492 3248 Cenes.
2540 3208 2660 3260 cap.
2706 3209 2814 3260 xu,
2848 3194 2958 3248 45:
3014 3213 3032 3244 ‹
3067 3192 3368 3263 ΤδορΙιιιαιΙι
3392 3192 3848 3265 -plialmneaclntm.

2289 3275 2436 3330 mu}:
2463 3273 2634 3328 Πιθεῖ,
2666 3282 2785 3330 qua:
2818 3281 2976 3320 voces
3005 3281 3034 3317 a
3059 3265 3413 3335 Septuaginta
3444 3267 3732 3333 lnterpret.
3755 3269 3846 3316 sunt

2294 3337 2506 3410 integre
2523 3348 2778 3402 servatze,
2802 3337 2904 3391 nisi
2924 3335 3070 3410 quod
3101 3336 3346 3410 scribunt
3365 3338 3849 3410 Ψονθομφανέκμιυα·

2292 3407 2340 3495 si
2373 3406 2633 3495 legissent
2658 3415 2820 3495 ,τηρεε
2842 3406 3114 3495 ιριεοιιιοη
3133 3424 3152 3474 ;
3207 3408 3340 3495 nisi.
3356 3411 3438 3495 sit
3467 3406 3686 3490 ali-quod
3729 3417 3848 3495 mett-

2294 3478 2420 3533 dum
2468 3480 2612 3547 quod
2658 3478 2710 3534 iit
2742 3479 3028 3534 barbaram
3079 3493 3268 3534 vocem
3316 3478 3482 3534 facile
3537 3481 3758 3547 irrepere
3781 3487 3847 3539 [>0-

2299 3553 2398 3604 tuit
2425 3546 2736 3604 Graecorum
2779 3552 3121 3605 librariorum
3166 3550 3404 3605 incuria.
3459 3550 3629 3605 Novas
3651 3546 3844 3616 profecto

2300 3622 2586 3688 lectiones,
2632 3633 2687 3677 et
2716 3622 2972 3676 iuanditm
3010 3621 3318 3689 Opiniones.
3344 3639 3364 3674 ι
3418 3621 3599 3677 Voces
3627 3619 3839 3689 Hebrum,

2298 3695 2495 3762 inquit,
2531 3687 2755 3763 integra:
2784 3687 3070 3763 servantur
3099 3708 3137 3763 7a
3171 3693 3538 3763 Septuaginta
3563 3737 3578 3760 ,
3618 3692 3712 3745 nisi
3735 3687 3840 3763 quod

2297 3759 2556 3841 Scribitur
2581 3759 2774 3841 1ιζοῖαθὸμι
2823 3780 2923 3832 pro
2973 3759 3264 3841 qulineth.
3309 3759 3475 3841 Quod
3545 3759 3695 3834 plane
3732 3759 3840 3841 idest

2298 3844 2384 3890 est
2413 3851 2477 3890 ac
2499 3835 2546 3888 si
2575 3831 2903 3899 diceremus,
2935 3831 3099 3908 verba
3120 3833 3391 3908 llebraica
3413 3831 3625 3904 integre
3649 3831 3840 3908 scribunt

2297 3908 2674 3975 Septuaginta,
2709 3908 2810 3960 nisi
2863 3905 3008 3977 quod
3050 3906 3232 3961 omnia
3270 3921 3464 3962 eorum
3499 3909 3753 3977 elementa
3780 3905 3840 3977 ire

2304 3970 2457 4032 versa
2494 3970 2548 4032 et
2596 3979 2819 4032 confusa
2861 3970 3288 4046 r'eprazsentant,
3334 3993 3432 4048 pro
3481 3970 3841 4048 Tsoplutatltle-

2299 4059 2490 4119 gentes
2533 4048 2838 4124 Psonfltom,
2891 4063 2944 4103 et
2987 4063 3083 4118 pro
3113 4048 3263 4124 .fldon
3303 4050 3583 4124 interdum
3623 4047 3840 4124 Dano‘po-

2302 4114 2516 4192 nentes.
2583 4121 2686 4175 Sed
2709 4126 2848 4192 quis
2885 4114 3094 4173 nesciat
3127 4119 3178 4172 itt
3219 4121 3536 4176 nominibus
3573 4134 3634 4173 ac
3665 4114 3841 4192 vocibus

2302 4191 2548 4244 llebrscis
2579 4191 3034 4260 significatiotiem
3069 4205 3261 4244 earnm
3294 4194 3370 4244 ita
3403 4192 3474 4244 ab
3511 4185 3841 4255 integrolittc-

2303 4278 2488 4315 rarum
2507 4262 2697 4316 ordine
2715 4262 2976 4331 pendere,
2996 4263 3158 4331 utqui
3181 4277 3350 4316 unam
3366 4262 3837 4331 inverterit,on_ntetn

2303 4348 2522 4387 sensum
2568 4329 2851 4387 sttbvertat
2904 4331 2957 4405 in
2999 4329 3583 4405 _ve‘rbis?_Neiigitur
3623 4329 3841 4405 susdegltd

2303 4414 2618 4459 contextum
2662 4419 2879 4458 sacrum
2923 4403 3220 4457 habeamus
3259 4403 3316 4457 in
3367 4399 3609 4459 Hebr-aris
3648 4399 3839 4456 Numini-

2305 4475 2427 4538 bus,
2452 4491 2573 4529 cum
2604 4475 2941 4547 Hieronymo
2964 4490 3164 4547 nomen
3185 4472 3740 4545 Psomtltom-pltaneclt
3751 4480 3840 4520 cur-

597 4556 1170 4633 n‘ornmcaptatorum
1205 4548 1492 4629 novitttis,
1518 4551 1608 4619 qui
1638 4551 1812 4633 possit
1836 4550 1998 4632 fidem
2027 4551 2198 4603 sancti
2228 4557 2280 4618 Ι)
2307 4554 2467 4614 rupte
2509 4547 2795 4633 scriptum:
2821 4545 2901 4601 'et
2942 4546 3010 4599 ab
3058 4545 3190 4613 ipsis
3217 4547 3593 4633 Septuaginta
3630 4549 3839 4633 mutalgtn

599 4615 874 4690 Doctor-is,
900 4619 1212 4681 scientiam,
1237 4625 1292 4670 et
1314 4615 1591 4690 ingenium
1608 4615 1728 4689 eius
1746 4623 1985 4690 assequi,
2011 4636 2203 4689 quam-

599 4689 680 4742 vis
714 4688 970 4742 adhibeat
1019 4701 1272 4756 pompam
1322 4690 1375 4742 in
1417 4688 1676 4755 dicendo,
1711 4701 1765 4744 et
1789 4688 2042 4746 omnibus
2068 4693 2201 4746 viri—

599 4760 700 4814 bus
748 4757 1041 4812 contendat
1082 4757 1148 4811 ad
1177 4772 1398 4812 sensum
1432 4776 1631 4816 novum
1665 4763 1717 4815 in
1749 4776 1920 4817 sacrts
1955 4762 2202 4817 Volumi-

599 4832 758 4886 nibns
795 4829 1243 4903 procudendumL
1278 4829 1334 4884 Id
1381 4832 1510 4885 mihi
1548 4833 1706 4886 facile
1742 4833 2070 4900 concedent,
2106 4835 2198 4903 qui

601 4903 880 4972 ingenium
931 4902 1161 4956 Joannis
1204 4897 1400 4956 Clerici
1430 4914 1653 4967 norunt,
1687 4897 2076 4972 qua‘situsquc,
2111 4897 2199 4960 vel

595 4989 662 5028 ex
692 4975 935 5028 futilibus
965 4973 1326 5042 argumentis,
1380 4983 1434 5028 et
1467 4976 1648 5041 procul
1683 4975 2004 5041 accersitas,
2039 4992 2195 5045 argu-

594 5047 702 5100 tias
728 5057 1068 5115 qnantoperc
1099 5053 1308 5111 Captet,
1342 5047 1546 5098 sciunt.
1598 5046 1728 5099 Nam
1765 5048 1814 5098 in
1846 5046 2198 5101 Commenta-

596 5117 679 5170 rio
707 5133 806 5170 suo
838 5117 889 5169 in
917 5115 1176 5169 Genesim
1201 5129 1373 5183 nuper
1389 5117 1559 5184 edito,
1587 5118 1884 5170 multarttm
1908 5119 2194 5173 ltmreseon

595 5199 842 5242 assertor
889 5185 1025 5240 nihil
1067 5186 1276 5239 invenit
1306 5187 1463 5250 novi,
1498 5188 1642 5256 quod
1681 5189 1942 5242 lectorem
1971 5189 2199 5246 doceret

595 5259 738 5313 eirea
777 5257 1287 5324 interpretationem
1325 5261 1562 5312 nominis
1605 5259 1851 5328 Joseplto
1896 5261 2138 5326 impositi
2167 5278 2195 5315 a

597 5328 917 5384 Pharaone:
953 5329 1082 5398 quin
1108 5329 1274 5381 etiam
1310 5330 1379 5381 ab
1427 5330 1550 5383 aliis
1577 5331 1718 5385 bene
1760 5330 1927 5395 dicta,
1961 5333 2198 5387 maxime

595 5402 665 5455 ab
707 5399 1042 5470 Hieronymo
1091 5399 1457 5455 scientissime
1487 5401 1711 5465 tradita,
1740 5400 2052 5455 obscuravit
2081 5403 2198 5458 suis

593 5469 939 5527 commentis.
973 5469 1062 5524 Sic
1084 5470 1231 5523 enim
1259 5471 1310 5524 in
1343 5486 1477 5525 nova
1504 5473 1758 5526 versione
1779 5486 1843 5525 ac
1869 5471 2188 5539 paraphrasi

595 5555 858 5613 perpetua
907 5539 1120 5613 reddit__
1146 5556 1363 5595 versum
1401 5541 1472 5597 45
1510 5545 1705 5610 rapitis
1738 5558 1846 5604 xu,
1877 5544 1930 5613 in
1969 5543 2189 5597 Versiu-

597 5610 668 5683 ne
697 5610 916 5682 quidem
943 5629 954 5664 :
1029 5628 1050 5683 ι
1085 5610 1413 5683 Vocavitqne
1444 5614 1665 5668 nomine
1700 5629 1829 5666 novo
1859 5612 2184 5683 Josephum.

597 5681 1437 5752 Tsophnatlt~phabaneachum
1466 5726 1480 5751 ,
1543 5698 1597 5738 et
1659 5684 1955 5739 Asnatbam
1993 5681 2187 5738 ‘filiam

596 5750 906 5821 Peti'phera:
953 5750 1264 5806 sacerdotis
1307 5750 1572 5809 Oniorum
1603 5755 1652 5809 ei
1690 5769 1919 5808 uxorem
1942 5754 2189 5809 colloca-

599 5821 702 5874 vlt.
745 5822 800 5873 ln
833 5823 1149 5890 paraphrasi
1183 5833 1397 5878 autem:
1428 5825 1565 5880 Tum
1597 5826 1818 5880 nomine
1843 5824 2065 5894 JOSephI
2093 5841 2188 5880 vo:-

2307 4606 2692 4686 agitoscamus.
2737 4618 3012 4682 Quantum
3040 4606 3170 4670 vero
3193 4606 3522 4686 detrimenti
3550 4630 3716 4672 secum
3737 4606 3837 4686 alie;

2308 4676 2431 4743 rant
2476 4676 2858 4757 hujuscemodi
2910 4685 3347 4756 perturbationes
3385 4689 3772 4746 elementorum,
3788 4676 3838 4758 ab

2307 4759 2500 4815 eodem
2557 4759 2890 4829 flietonymo
2939 4759 3154 4813 discere
3203 4772 3523 4828 possumus.
3587 4761 3692 4829 Ipse
3727 4760 3836 4807 enim

2307 4775 2500 4815 eooem
2557 4775 2755 4814 uteton
2804 4776 2890 4811 mo
2939 4775 3154 4813 discere
3203 4775 3523 4828 possumus.
3587 4775 3692 4829 Ipse
3727 4775 3836 4807 etum

2305 4829 2690 4895 Cotntttentar,
2726 4775 2821 4884 liii.
2869 4844 2967 4884 vm
2997 4829 3064 4902 in
3103 4829 3300 4883 Ezech.
3325 4871 3340 4892 ,
3369 4845 3496 4899 cap.
3528 4839 3836 4902 xxvn,app0-

2303 4904 2408 4956 site
2434 4903 2577 4955 istud
2609 4902 2898 4955 observat:
2936 4920 2956 4953 ι
2983 4899 3251 4966 Cltarran,
3282 4895 3486 4969 inquit,
3518 4903 3568 4957 in
3590 4895 3836 4969 nostraha-

2310 4990 2329 5024 ι
2367 4989 2466 5040 gna
2496 4979 2658 5026 sonat
2673 4973 2954 5044 foramina;
2972 4970 3216 5044 Cbannﬁe,
3234 4963 3682 5044 pt'wparationem;
3699 4963 3831 5044 Edon:

2309 5062 2328 5096 ι
2367 5029 2601 5097 delicias.
2673 5029 2779 5097 'Pro
2806 5059 2914 5112 quo
2937 5029 3100 5110 'apud
3141 5029 3501 5112 Septuaginta
3538 5029 3691 5101 Edric,
3727 5029 3833 5104 (ιυυά

2307 5133 2327 5167 ι
2366 5117 2416 5169 in
2451 5115 2720 5169 llebraico
2763 5131 2870 5168 non
2901 5113 3152 5178 habetur,
3200 5114 3331 5182 quid
3361 5127 3522 5168 sonet
3549 5114 3832 5184 ignorantes:

2307 5203 2328 5237 ι
2366 5197 2419 5240 et
2447 5185 2557 5240 ficti
2607 5186 2846 5239 nominis
2890 5174 3274 5256 etymologiam
3323 5174 3831 5254 quaererevnondebe-

2308 5275 2327 5308 ι
2367 5273 2508 5311 mus.
2547 5277 2562 5309 ι
2622 5256 2792 5312 Unius
2822 5256 3095 5326 litterulas
3120 5257 3478 5326 transpositio
3520 5263 3748 5326 quantum
3769 5258 3830 5298 cr—

2304 5343 2484 5382 rorem
2516 5328 2645 5382 fecit
2673 5327 2816 5396 apud
2845 5325 3239 5396 Septuaginta?
3277 5325 3430 5380 Eden
3463 5325 3678 5395 namque
3699 5327 3829 5396 tp§9m

2309 5417 2327 5450 ι
2367 5412 2452 5454 est
2502 5399 2674 5462 Edne,
2708 5386 2768 5452 ἐἰ
2802 5386 3080 5453 ultimum"
3105 5413 3132 5449 e
3179 5400 3500 5461 reposueris
3542 5386 3672 5452 ante.
3696 5386 3827 5446 {Hoc

2300 5478 2483 5524 tamen
2521 5472 2706 5524 fictum
2747 5483 2948 5524 nomen
2985 5478 3143 5523 vocat
3179 5467 3573 5539 llieronymns,
3596 5465 3728 5539 cujus
3745 5467 3826 5526 ety-

2300 5543 2596 5609 mologiam
2627 5555 2875 5610 quaerere
2922 5539 3288 5610 @dignatur;
3339 5533 3468 5607 quia
3500 5533 3822 5610 nonhahelltf.

2299 5611 2356 5668 in
2391 5608 2659 5667 llebraieo
2703 5625 2902 5666 nomen
2929 5608 3079 5684 Edric
3111 5609 3404 5684 scriptum.
3466 5611 3546 5666 Ex
3575 5608 3648 5684 his
3671 5613 3825 5684 ςιςῖερι·

2299 5700 2401 5739 cue
2428 5692 2675 5752 apparet,
2719 5697 2881 5753 quant
2911 5681 3099 5750 dispar
3127 5675 3291 5735 fuerit
3322 5675 3823 5753 llieronymidiligcu-

2301 5755 2399 5822 tia,
2431 5747 2592 5824 quam
2636 5747 2826 5824 dispar
2875 5747 3151 5822 ingenium
3184 5759 3240 5806 et
3276 5752 3523 5824 studium
3539 5747 3818 5824 intem?

2298 5817 2428 5890 eris,
2450 5817 2536 5879 illi
2578 5817 2742 5894 quod.
2768 5839 2912 5882 nunc
2934 5817 3238 5879 iosten'tant
3283 5817 3477 5880 Critici
3509 5824 3652 5894 huius
3674 5822 3816 5880 ιεωρν

3597 6003 3924 6252 ,Δ
