4042 6210
494 907 1706 1054 ΥΠΟΜῘΝΗΜΑΤΑ
1794 913 2054 1040 ΕΙΣ
2147 906 2603 1040 ΤΟΥΣ
2677 906 3567 1047 ΨΑΛΜΟΥΣ.

759 1354 1805 1570 EUSEBII
1993 1344 3314 1557 PAMPHILI

1150 1708 1974 1870 ῦθΜΜΕΝΤΑΒΙΑ
2081 1690 2212 1862 ΙΝ
2325 1707 2896 1865 ΡεΑιΜθδ.

419 1986 523 2049 Ex
565 2003 709 2046 mss.
741 1984 1059 2046 codicibus
1105 1991 1305 2052 eruta,
1349 1981 1572 2042 Latine
1600 1998 1802 2047 versa,
1842 1998 1912 2040 ac
1942 1979 2125 2057 notis
2158 1975 2504 2057 illustrem,
2536 1977 2747 2040 studio
2787 1986 2846 2038 et
2876 1996 3067 2057 opera
3096 1979 3175 2039 D.
3215 1977 3529 2041 Bernardi
3559 1981 3652 2042 Dn

536 2066 1004 2137 Mourmucou,
1036 2062 1390 2142 presbyteri
1427 2070 1485 2119 et
1515 2059 1803 2120 monachi
1842 2056 2087 2118 ordinis
2120 2056 2185 2119 S.
2232 2056 2581 2130 Benedicti,
2613 2076 2643 2116 e
2673 2056 3152 2136 congregatione
3178 2058 3244 2120 S.
3286 2059 3525 2119 Mauri.

423 253 1377 315 ξω

959 2222 1203 2289 (Collectio
1223 2236 1344 2274 nova
1365 2224 1571 2272 Patrum
1600 2227 1646 2273 et
1665 2218 1953 2284 scriptorum
1975 2222 2270 2279 Gracorum,
2298 2219 2516 2281 Parisiis,
2547 2218 2685 2282 1707,
2709 2219 2892 2280 in-fol.,
2918 2227 3035 2271 tom.
3072 2221 3135 2285 Ι.)

2010 2421 2081 2434 ..ι-

1110 2504 1663 2568 CLEMENTI
1730 2505 1841 2566 XI
1888 2464 2451 2570 PONTIFICI
2506 2507 2939 2572 MAXIMO.

493 2634 648 2696 Cum
679 2610 797 2710 per
823 2630 1164 2690 Romanum
1194 2626 1387 2685 otium
1416 2624 1725 2703 colloquio
1754 2643 1882 2685 non
1907 2625 2093 2686 semel
2119 2623 2413 2704 dignatus
2439 2635 2569 2698 tuo,
2595 2627 2999 2689 Sanctissime
3028 2632 3254 2709 Pater,
3287 2637 3646 2700 Gracarum

410 2753 564 2815 quas
593 2732 874 2812 apprime
915 2728 1122 2801 calles,
1155 2725 1637 2805 disciplinarum
1658 2727 1991 2788 maximam
2020 2727 2088 2786 in
2119 2736 2175 2795 te
2205 2745 2421 2786 curam
2452 2726 3019 2803 animadverterim,
3066 2752 3136 2793 ea
3169 2738 3321 2798 mihi
3364 2758 3501 2799 cum
3530 2742 3645 2800 sti-

412 2836 614 2896 mulas
657 2833 921 2906 addidit,
954 2841 1023 2893 ut
1048 2836 1183 2912 jam
1224 2829 1436 2891 multis
1482 2831 1665 2891 annis
1714 2830 1944 2890 initum
1976 2828 2337 2890 Gracarum
2380 2830 2710 2890 Musarum
2753 2835 3145 2895 curriculum
3183 2855 3642 2919 prosequerer:

415 2946 543 2997 tum
570 2937 809 2996 animos
843 2934 1012 3014 fecit,
1041 2939 1111 2992 ut
1137 2931 1318 2991 hasce
1349 2928 1817 2990 lucubrationes
1846 2946 2009 2987 meas
2037 2928 2377 2989 Sanctitati
2419 2930 2565 2988 Tua
2596 2948 3046 3010 nuncuparem.
3074 2934 3191 2995 Est
3220 2939 3450 3017 quippe
3482 2941 3645 3002 illud

412 3038 496 3096 iis
530 3038 638 3111 qui
681 3044 953 3094 veterum
981 3035 1390 3094 monumentis
1427 3029 1713 3092 eruendis
1742 3042 1980 3091 atatem
2011 3037 2367 3101 conterunt,
2402 3048 2511 3090 nec
2546 3029 2855 3092 modicum
2884 3032 2966 3093 ad
3008 3054 3258 3114 operam
3295 3040 3641 3101 navandum

413 3134 901 3204 incitamentum,
934 3150 1069 3190 cum
1099 3133 1149 3191 ii
1178 3134 1286 3208 qui
1317 3131 1622 3207 dignitate
1654 3139 1711 3189 et
1740 3129 2151 3208 amplitudine
2188 3132 2428 3191 cateris
2449 3141 2781 3209 prastant,
2831 3152 3046 3213 parem
3098 3137 3165 3197 in
3208 3156 3276 3197 re
3323 3139 3640 3204 litterario

413 3232 677 3316 gradum
719 3241 909 3311 gustu
938 3239 995 3291 et
1017 3230 1258 3307 peritia
1290 3247 1500 3288 rerum
1529 3230 1801 3289 assecuti
1841 3237 2010 3289 sunt.
2046 3230 2201 3290 Cum
2239 3240 2469 3303 autem,
2502 3233 2908 3295 Sanctissime
2937 3236 3167 3312 Pater,
3204 3240 3301 3300 rei
3351 3243 3640 3304 ecclesia-

414 3335 585 3396 stica
599 3322 797 3413 juxta
825 3350 896 3391 ac
927 3331 1253 3392 litteraria
1267 3326 1475 3410 judex
1502 3326 1856 3405 arbiterque
1904 3326 2138 3401 sedeas,
2172 3347 2437 3407 quorum
2476 3330 2654 3392 aliud
2684 3333 2802 3394 tibi
2850 3353 3088 3394 summa
3129 3339 3333 3399 virtus
3367 3344 3638 3404 omnium

413 3422 749 3514 conjuncta
775 3433 936 3493 votis
969 3429 1213 3503 detulit,
1241 3427 1418 3490 aliud
1457 3429 1689 3489 eximia
1716 3427 2202 3507 disciplinarum
2233 3430 2506 3489 omni-um
2533 3431 2766 3491 notitia
2798 3452 2926 3492 una
2953 3436 3315 3498 conciliavit
3333 3459 3352 3506 ;
3384 3443 3488 3502 cui
3502 3461 3627 3520 po-

413 3538 541 3599 tius
571 3533 780 3596 labore
811 3542 867 3592 et
897 3530 1122 3591 sudore
1152 3537 1369 3589 nostro
1395 3535 1589 3608 parta
1618 3527 1974 3607 oﬂ‘eramus,
2007 3544 2191 3606 quam
2224 3530 2280 3589 ei
2309 3531 2418 3608 qui
2438 3548 2565 3589 non
2594 3530 2946 3594 eruditione
2974 3535 3178 3595 minus
3210 3555 3391 3616 quam
3419 3539 3634 3619 digni-

413 3646 537 3697 tate
567 3633 805 3696 cateris
841 3632 1221 3693 antecellat?

487 3734 748 3797 Eusebii
784 3736 991 3812 itaque
1022 3734 1229 3794 nostri
1262 3733 1718 3796 Commentario
1746 3736 1817 3794 in
1865 3733 2135 3812 psalmos
2168 3734 2510 3797 Sanctitati
2548 3738 2693 3798 Tua
2720 3737 3025 3800 sistimus.
3061 3736 3233 3817 Opus
3275 3759 3421 3802 sane
3466 3760 3637 3822 egre-

409 3840 602 3918 gium,
651 3837 710 3895 si
747 3835 1096 3913 Scriptura
1123 3851 1318 3894 sacra
1346 3834 1662 3907 notitiam,
1693 3842 1972 3895 veterum
2006 3835 2425 3915 interpretum
2452 3838 2770 3917 copiosam
2805 3838 3278 3917 supellectilem,
3316 3840 3529 3903 doctas
3558 3843 3635 3904 de

411 3937 709 4017 cujusque
733 3936 968 4017 psalmi
996 3943 1251 3995 auctore
1284 3942 1341 3994 et
1371 3943 1645 4013 tempore
1676 3935 2139 3997 observationes
2169 3939 2574 4016 spectaveris.
2608 3939 2750 4000 Huc
2778 3939 3080 4000 accedunt
3107 3942 3459 4021 frequentes
3489 3963 3636 4005 con-

411 4049 514 4099 tra
543 4039 753 4100 atheos
782 4055 853 4097 ac
883 4036 1108 4113 impios
1136 4035 1554 4101 velitationes.
1594 4056 1666 4096 ac
1716 4035 1788 4096 de
1832 4034 2229 4097 Psalmorum
2274 4040 2602 4112 sententia,
2640 4049 2769 4100 tum
2817 4037 3108 4112 litterali,
3164 4051 3293 4102 tum
3324 4052 3633 4121 mystago-

406 4140 550 4218 gica
575 4135 1064 4199 accuratissima
1093 4131 1548 4207 meditationes,
1577 4143 1634 4194 et
1669 4135 1799 4195 alia
1829 4134 2026 4195 multa
2072 4136 2246 4213 queis
2277 4135 2569 4197 rudiores
2600 4139 2794 4199 animi
2823 4137 2905 4198 ad
2939 4138 3240 4216 pietatem
3259 4184 3275 4213 ,
3304 4144 3635 4222 perfectio-

404 4257 507 4300 res
536 4249 760 4309 autem,
789 4235 871 4296 ad
902 4235 1220 4296 sublimem
1246 4233 1595 4312 Scriptura
1623 4252 1816 4294 sacra
1844 4236 2137 4296 notitiam
2165 4236 2502 4316 informari
2528 4237 2753 4299 solent.
2780 4238 2922 4298 Hac
2950 4256 3028 4299 ex
3055 4236 3365 4299 diu’turna
3398 4251 3629 4301 tracta-

408 4344 576 4404 tione
628 4337 977 4411 Eusebius,
1038 4334 1356 4414 Pamphili
1397 4334 1699 4412 martyris
1745 4335 2226 4413 Scripturarum
2293 4336 2701 4398 scientissimi
2750 4338 3159 4399 contubernio
3211 4338 3622 4409 nobilitatus,

404 4440 691 4518 apprime
715 4436 955 4508 calluit,
988 4436 1112 4497 hac
1142 4436 1317 4494 docte
1345 4430 1647 4494 disseruit
1678 4440 1738 4492 ct
1764 4434 2169 4511 explanavit;
2205 4433 2370 4493 unde
2397 4438 2619 4497 merito
2652 4455 2798 4497 sane
2825 4438 3247 4515 Hieronymus
3276 4436 3633 4501 eruditissi-

407 4560 536 4601 mos
581 4543 759 4605 hosce
802 4540 1288 4603 Commentarios
1338 4554 1464 4596 esse
1505 4538 1909 4614 pronuntiat.
1944 4536 2225 4610 Quorum
2259 4547 2434 4600 tanta
2476 4540 2604 4617 fuit
2630 4536 2802 4616 apud
2842 4548 3075 4600 veteres
3116 4540 3524 4613 existimatio,
3552 4551 3626 4602 ut

405 4642 824 4707 Occidentalis
874 4644 1175 4705 Ecclesia
1218 4643 1423 4703 lumen
1468 4638 1631 4701 illud
1659 4638 1968 4701 Eusebius
2010 4641 2415 4701 I’ercellensis
2460 4642 2530 4701 in
2558 4639 2931 4701 Latinorum
2972 4660 3153 4701 usum
3198 4651 3394 4703 totum
3443 4662 3622 4724 opus,

403 4741 702 4806 submotis
735 4755 938 4805 tamen
981 4745 1064 4806 iis
1094 4762 1226 4823 qua
1263 4742 1689 4802 Arianismum
1733 4740 1992 4813 olerent,
2042 4740 2264 4800 Latine
2296 4743 2539 4820 fecerit.
2591 4741 2797 4821 Hujus
2830 4759 2944 4801 nos
3005 4740 3393 4820 diligentiam
3444 4763 3623 4802 amu-

405 4843 624 4915 lantes,
655 4863 755 4919 ne,
786 4846 1039 4927 jamdiu
1087 4846 1249 4907 tanti
1278 4844 1405 4905 viri
1448 4842 1968 4920 interpretatione
1999 4842 2248 4915 amissa,
2280 4850 2502 4902 nostra
2532 4852 2678 4903 atas
2707 4845 2823 4905 hoc
2864 4844 3103 4922 insigni
3145 4861 3330 4921 opere
3365 4844 3617 4918 orbata,

400 4942 686 5021 segnitiei
713 4944 891 5005 nobis
920 4955 1131 5008 notam
1159 4946 1466 5017 inureret,
1507 4961 1586 5003 ex
1615 4940 2007 5003 bibliothecis
2043 4952 2289 5002 erutum
2321 4951 2378 5001 et
2403 4942 2625 5003 Latine
2654 4962 2900 5003 versum
2933 4942 3353 5021 publicamus,
3387 4944 3619 5023 tibique

402 5042 746 5122 offerimus,
778 5054 851 5105 ut
882 5049 1032 5121 tuis,
1057 5046 1461 5108 Sanctissime
1490 5044 1705 5114 Pater,
1743 5042 2047 5120 auspiciis
2078 5042 2327 5121 felicius
2360 5044 2427 5103 in
2458 5043 2654 5103 lucem
2688 5041 2975 5122 prodeat,
3008 5052 3183 5120 teque
3221 5041 3372 5103 duce
3402 5044 3617 5123 faciles

398 5141 524 5204 sibi
549 5150 729 5221 paret
755 5142 837 5202 ad
864 5146 1308 5223 rempublicam
1337 5144 1713 5205 litterariam
1737 5140 1971 5203 aditus.
2014 5220 2019 5225 1

482 5246 702 5308 Verum
744 5263 872 5305 non
919 5246 1186 5324 perinde
1218 5246 1569 5309 laudandus
1598 5246 1859 5308 Eusebii
1890 5254 2148 5307 conatus
2178 5245 2518 5307 Sanctitati
2555 5248 2698 5307 Tua
2728 5246 3039 5321 videatur,
3072 5248 3130 5309 si
3156 5245 3238 5307 ad
3266 5245 3617 5307 doctrinam

394 5342 467 5407 de
501 5348 834 5417 Trinitate,
872 5346 930 5407 si
972 5345 1052 5405 ad
1094 5349 1376 5409 vitiatam
1419 5348 1493 5410 de
1555 5348 1741 5409 Verbo
1781 5349 1897 5409 Dei
1943 5348 2310 5408 sententiam
2343 5348 2617 5408 animum
2646 5349 3009 5411 attenderis.
3043 5351 3161 5411 Est
3189 5349 3349 5410 enim
3379 5364 3615 5418 eorum,

394 5467 502 5528 qui
532 5450 717 5511 nimis
741 5450 991 5528 ingenio
1023 5448 1441 5531 doctrinaque
1463 5472 1591 5514 sua
1608 5453 1831 5533 ﬁdunt,
1855 5460 2203 5531 perpetuus
2232 5451 2340 5511 ille
2374 5450 2693 5529 scopulus,
2720 5461 2792 5512 ut
2819 5468 2959 5514 cum
2987 5472 3100 5513 suo
3131 5460 3322 5512 marte
3353 5448 3618 5527 religio-

392 5552 491 5616 nis
541 5550 751 5631 capita
798 5547 1054 5628 deﬁnire
1084 5549 1376 5617 audeant.
1430 5573 1468 5614 a
1515 5572 1676 5616 certe
1727 5552 1877 5632 fidei
1912 5553 2160 5613 tramite
2200 5552 2443 5630 passim
2474 5551 2786 5614 aberrent.
2833 5554 3084 5615 Possem
3127 5550 3608 5615 innumerabiles

714 5651 986 5711 PATBOL.
1019 5650 1134 5711 Gn.
1192 5646 1429 5717 XXIII.
1968 5730 1974 5737 η

389 5736 551 5923 ὑί]
