4042 6210
390 246 445 347 ll
1054 294 1320 350 EUSEBil
1358 287 1833 349 CAESARIENSIS
1870 286 2019 343 OPP.
2063 287 2243 342 PARS
2284 287 2371 343 lli.
2414 318 2487 331 --
2522 289 2930 349 EXEGETICA.
3543 291 3613 348 li

386 416 701 492 proferre,
741 416 848 492 qui
885 433 1046 473 nova
1076 424 1310 475 tentata
1340 414 1470 493 ejus
1504 407 1914 487 explananda:
1940 408 2066 479 via,
2097 409 2501 486 naufragium
2528 410 2850 487 fecerunt;
2881 427 3092 469 verum
3121 427 3282 469 unus
3315 416 3442 469 esto
3470 408 3608 470 Eu-

385 516 593 577 sebius
623 518 780 578 satis
813 539 831 578 :
864 518 919 578 is
953 520 1021 580 in
1055 517 1396 595 exemplum
1451 514 1696 575 cunctis
1735 511 2062 591 offeratur.
2107 510 2264 573 Nam
2301 513 2359 570 si
2407 513 2506 571 vir
2538 510 2645 572 ille
2680 521 2915 582 tantus,
2961 522 3050 573 tot
3096 511 3455 592 disciplinis
3486 531 3601 576 ex-

385 618 618 687 cultus,
655 618 766 679 ubi
809 638 939 679 sese
984 617 1244 697 ﬁdenter
1280 633 1605 676 sacrorum
1638 613 2041 690 interpretem
2083 612 2412 689 prrestitit,
2453 619 2691 671 tantum
2723 631 2761 670 a
2807 629 2965 672 verte
3009 613 3272 690 pietatis
3302 616 3611 677 sententia

385 716 739 797 deﬂexerit,
772 718 922 799 quid
944 720 1086 779 aliis
1109 713 1509 796 sperandum,
1539 715 1649 793 qui
1686 732 1814 774 non
1838 713 2107 793 paribus
2139 712 2378 788 ingenii
2407 711 2822 789 doctrinaque
2855 712 3105 773 dotibus
3134 716 3456 787 instructi,
3485 734 3607 794 pa-

385 837 517 877 rem
543 830 743 881 tamen
772 822 961 881 aleam
991 820 1203 881 subire
1234 838 1362 879 non
1383 825 1721 877 vereantur
1744 818 1772 875 ?
1807 817 1959 886 Una,
1987 833 2113 875 una
2144 822 2234 873 est
2262 831 2418 873 vero:
2445 812 2590 890 ﬁdei
2612 815 2909 887 anchora,
2945 822 3182 873 statuta
3209 814 3449 875 scilicet
3479 815 3608 875 Ec-

389 919 589 981 clesia:
620 942 640 979 :
670 921 853 1002 hujus
906 928 997 992 tu,
1030 921 1272 980 Summe
1308 917 1629 996 Pontifex,
1662 922 1874 993 caput,
1907 914 2288 990 antistesque
2337 928 2685 982 sacrorum,
2721 913 2825 971 cui
2857 911 3191 989 religionis
3210 913 3374 991 jura
3404 910 3611 972 dicere

386 1024 456 1082 in
486 1020 688 1099 officio
717 1029 825 1083 est.
861 1021 949 1081 Ab
979 1022 1091 1082 hac
1132 1038 1276 1079 vero
1321 1036 1539 1078 norma
1589 1017 1869 1095 quisquis
1900 1013 2309 1085 aberraverit,
2343 1014 2489 1075 huic
2533 1023 2812 1074 extrema
2848 1020 2905 1073 et
2941 1021 3112 1073 certa
3162 1014 3479 1091 pernicies
3520 1023 3610 1075 est

384 1119 889 1198 pertimescenda.

459 1221 708 1281 Accedit
750 1221 954 1297 igitur
986 1218 1067 1279 ad
1095 1218 1278 1297 pedes
1304 1217 1673 1280 Sanctitatis
1708 1218 1858 1277 Tute
1896 1213 2208 1274 Eusebius
2237 1214 2342 1274 ille
2378 1213 2711 1293 Pamphili,
2746 1223 2815 1275 ut
2847 1215 2978 1294 ejus
3007 1218 3081 1281 de
3130 1215 3319 1278 Verbo
3351 1214 3468 1277 Dei
3495 1213 3603 1273 do-

382 1325 606 1393 ctrina,
644 1339 828 1400 quam
859 1338 995 1379 cum
1036 1339 1114 1381 ex
1148 1322 1599 1401 pestiferorum
1640 1319 1955 1382 hominum
1986 1315 2238 1395 afﬂatu,
2272 1326 2399 1374 tum
2437 1333 2515 1375 ex
2563 1315 2805 1392 ingenii
2845 1317 2947 1377 sui
2993 1317 3260 1378 arbitrio
3303 1317 3597 1401 protulit,

372 1421 679 1502 Judicium
722 1419 941 1481 subeat
997 1427 1188 1482 tuum.
1230 1422 1448 1482 l’erum
1492 1417 1722 1480 talibus
1768 1423 2029 1476 onustus
2071 1414 2377 1476 mercibus
2408 1416 2519 1477 vix
2565 1428 2961 1495 conspectum
3002 1417 3181 1479 illum
3229 1418 3449 1496 ferret,
3480 1418 3595 1478 vix

378 1522 551 1583 illam
601 1521 922 1582 oculorum
970 1523 1216 1599 orisque
1264 1520 1630 1599 dignitatem
1672 1518 2061 1590 sustineret,
2120 1518 2249 1577 nisi
2288 1518 2591 1595 permista
2639 1519 2819 1579 malis
2862 1517 3023 1579 bona
3070 1519 3437 1588 innumera,
3470 1516 3600 1580 nisi

379 1620 577 1679 multa
607 1620 881 1699 offerret,
914 1637 1044 1698 qua
1063 1620 1300 1697 passim
1330 1621 1398 1679 in
1427 1635 1614 1697 opere
1643 1615 1895 1694 decerpi
1919 1617 2172 1694 possint
2204 1616 2607 1676 emolumenta
2632 1638 2651 1677 :
2680 1627 2749 1677 ut
2780 1618 2893 1679 hac
2924 1619 2992 1678 in
3019 1635 3085 1677 re
3112 1616 3291 1677 nobis
3346 1615 3601 1677 Eusebii

381 1719 769 1797 diligentiam
812 1718 1077 1779 laudare
1113 1719 1315 1791 liceat,
1347 1720 1405 1777 si
1432 1719 1634 1778 minus
1672 1717 1857 1776 liceat
1897 1718 1965 1777 in
1997 1717 2140 1776 aliis
2171 1715 2473 1777 doctrina:
2506 1718 2944 1778 sinceritatem.
2978 1717 3105 1778 Nos
3142 1733 3309 1787 vero,
3337 1715 3450 1775 etsi
3473 1733 3597 1795 pro

381 1838 549 1878 more
579 1829 797 1879 nostro
826 1819 948 1879 hac
979 1816 1060 1876 ad
1092 1817 1371 1877 codicum
1399 1814 1600 1894 ﬁdem,
1632 1815 1730 1874 uti
1762 1832 1824 1872 se
1867 1812 2118 1884 dabant,
2147 1812 2404 1891 publica
2433 1815 2783 1895 fecerimus,
2823 1814 3084 1875 Eusebii
3117 1823 3319 1873 tamen
3354 1814 3588 1874 Vercel-

381 1897 569 1977 lensis
601 1917 949 1977 cautionem
984 1916 1113 1975 alia
1154 1916 1438 1975 cautione
1476 1930 1809 1991 pensamus
1836 1931 1853 1970 :
1880 1913 1946 1972 in
1968 1911 2507 1989 prceliminaribus
2539 1915 2792 1992 quippe,
2833 1913 3092 1974 Eusebii
3126 1911 3197 1972 de
3242 1912 3432 1973 i’erbo
3475 1912 3589 1972 Dei

381 2018 757 2096 opinionem,
789 2034 914 2076 non
953 2035 1031 2076 ex
1067 2016 1163 2077 his
1207 2013 1380 2074 modo
1430 2013 1944 2082 Commentariis,
1994 2017 2100 2072 sed
2131 2032 2213 2074 ex
2255 2014 2400 2073 aliis
2445 2016 2590 2074 item
2633 2014 2890 2092 scriptis
2934 2010 3202 2093 ejusdem
3246 2014 3587 2090 aperimus.

380 2116 775 2194 confutamus
805 2134 824 2173 :
853 2132 926 2173 ac
954 2131 1029 2173 ne
1071 2112 1299 2172 malum
1334 2111 1596 2171 occultis
1629 2109 1889 2170 subinde
1920 2111 2127 2172 verbis
2167 2110 2523 2171 obvolutum
2553 2111 2744 2171 latius
2786 2120 3020 2191 serpat,
3053 2129 3092 2170 a
3118 2111 3341 2191 quibus
3377 2129 3597 2172 caven-

379 2213 524 2274 dum
548 2216 631 2275 sit
661 2213 1029 2285 indicamus,
1063 2222 1120 2274 et
1144 2222 1512 2292 argumenta
1540 2221 1761 2271 contra
1790 2211 1967 2288 ﬁdem
1998 2212 2205 2273 oblata
2238 2230 2357 2290 pro
2390 2213 2565 2273 virili
2598 2211 2993 2291 depellimus.

460 2318 626 2379 Huic
674 2327 907 2379 nostra
967 2335 1193 2396 operte,
1235 2314 1637 2375 Sanctissime
1666 2314 1877 2388 Pater,
1911 2316 1966 2375 si
2013 2315 2319 2375 calculum
2363 2314 2703 2387 addideris,
2744 2316 2801 2376 si
2843 2316 2966 2377 hcec
3007 2315 3213 2377 studio
3238 2315 3591 2396 vigiliisque

378 2419 614 2480 nostris
645 2428 838 2498 parta
869 2418 1105 2479 lubenti
1132 2414 1338 2476 animo
1370 2416 1710 2494 acceperis,
1743 2436 1904 2476 unus
1930 2417 2109 2477 nobis
2140 2420 2348 2478 instar
2377 2418 2645 2478 omnium
2674 2428 2897 2478 auctor
2926 2420 3072 2491 eris,
3092 2430 3160 2480 ut
3194 2419 3432 2481 cateris
3460 2435 3594 2497 quis

381 2535 497 2596 per
527 2520 721 2579 otium
746 2527 1083 2599 parantur,
1116 2518 1393 2578 alacrius
1439 2535 1684 2577 manum
1726 2517 2177 2578 admoveamus.
2218 2519 2300 2578 Te
2334 2519 2565 2598 quippe
2604 2519 2719 2581 hoc
2751 2519 2819 2581 in
2859 2520 3115 2584 honoris
3148 2523 3438 2592 culmine,
3479 2523 3593 2583 hac

381 2623 451 2682 in
496 2620 747 2699 specula
780 2620 1047 2693 sedente,
1080 2619 1161 2680 ad
1188 2622 1447 2682 virtutis
1486 2619 1786 2692 studium,
1824 2631 1882 2681 et
1912 2619 1994 2680 ad
2030 2621 2388 2681 litterarum
2426 2623 2665 2683 cultum
2708 2635 3024 2686 acuuntur
3051 2626 3289 2693 animi;
3334 2634 3401 2685 ut
3455 2644 3594 2705 spes

378 2722 464 2783 sit
498 2722 888 2802 afflictam-et
919 2720 1224 2788 labantem
1248 2722 1316 2782 in
1337 2720 1468 2782 dies
1499 2739 1629 2780 rem
1659 2719 2038 2783 litterariam
2065 2740 2178 2801 ope
2208 2732 2265 2782 et
2294 2724 2651 2801 patrocinio
2678 2732 2783 2784 tuo
2814 2736 3235 2786 restauratum
3270 2727 3378 2788 iri.
3412 2726 3594 2801 Quod

380 2824 545 2882 omni
571 2822 1031 2901 exspectatione
1063 2822 1374 2882 maturius
1410 2819 1674 2892 accidet,
1697 2821 1753 2881 si
1781 2821 1959 2881 nobis
1988 2823 2198 2903 fausta
2243 2823 2646 2901 precantibus
2674 2826 2899 2905 faverit
2929 2826 3199 2887 omnium
3241 2825 3595 2890 moderator

379 2921 506 2990 slle,
536 2920 644 2998 qui
670 2918 853 2979 rebus
873 2919 1188 2997 prospicit
1215 2919 1524 2990 humanis,
1556 2936 1666 2978 nec
1698 2927 1756 2978 te
1799 2917 1976 2978 modo
2010 2921 2381 2981 incolumem
2409 2920 2650 2983 diutius
2682 2925 3041 2997 servaverit,
3074 2924 3180 2985 sed
3210 2928 3391 2987 etiam
3423 2937 3594 2989 tran-

304 3068 334 3097 ,λ
382 3017 578 3097 quilla
609 3026 955 3095 pacataque
992 3025 1270 3096 tempora
1305 3018 1472 3097 plebi
1499 3036 1627 3079 sua:
1643 3018 2024 3096 providerit,
2059 3018 2225 3099 quod
2253 3023 2641 3100 cumprimis
2674 3024 3001 3104 efﬂagitat,

1675 3120 1891 3182 Sancti
1896 3122 2043 3181 tatis
2078 3123 2242 3196 Tua,

2464 3286 3107 3367 Obsequentissimus
3146 3302 3206 3354 et
3244 3293 3432 3354 addi-

2550 3368 2869 3431 ctissimus
2888 3370 3054 3430 filius
3090 3378 3151 3431 et
3181 3388 3431 3440 servus,

2465 3463 2536 3526 F.
2598 3466 2782 3527 Bern.
2816 3469 2923 3528 -υκ
2965 3470 3428 3532 Mourmccou.

387 3627 3305 3662 mm

3314 3638 3572 3667 ..κ-ε-

1385 3798 2578 3929 ΡΡυλΕΙλΙΜΙΝΑΒΙΑ

751 4063 875 4152 ΙΝ
953 4057 1431 4151 EUSEBII
1506 4051 2379 4146 COMMENTARIA
2455 4054 2579 4143 IN
2659 4056 3219 4154 PSALMOS.

957 4368 1366 4428 PliOtEMlUM.
1954 4384 1998 4434 Α
2029 4369 2208 4439 prodit
2232 4368 2500 4425 Eusebius
2532 4371 2664 4442 :qui
2695 4372 2741 4427 si
2784 4381 3040 4443 quantam
3094 4376 3435 4442 erudit?onis,
3463 4387 3586 4433 tan-

444 4461 677 4517 ‘l‘antum
706 4460 807 4519 sibi
843 4475 1039 4516 nomen
1072 4461 1128 4515 in
1151 4476 1210 4517 re
1239 4462 1500 4517 litteraria
1523 4464 1729 4533 peperit
1758 4461 1928 4518 Euse-

374 4553 499 4609 bius
522 4553 895 4615 Caesariensis,
919 4560 1116 4606 utcum
1146 4553 1200 4607 in
1219 4554 1339 4623 ejus
1371 4554 1592 4625 scriptis
1618 4564 1932 4610 restauran-

312 4674 317 4685 -
375 4647 483 4709 dis,
515 4647 562 4701 si
600 4654 874 4716 prostent,
908 4646 1182 4706 emendis,
1210 4647 1258 4701 si
1293 4647 1516 4713 lateant,
1549 4663 1714 4718 opera
1766 4664 1932 4703 nava-

310 4760 314 4764 -
376 4745 487 4800 tur,
513 4735 567 4790 id
605 4739 659 4789 in
696 4737 969 4805 praecipua
995 4736 1155 4792 cilicii
1186 4746 1338 4807 parte
1374 4749 1578 4807 ponant
1617 4741 1836 4795 eruditi.
1886 4739 1933 4796 Is

376 4828 522 4880 enim
552 4833 633 4878 tot
664 4826 718 4878 in
746 4824 992 4890 historia,
1019 4826 1076 4879 in
1096 4826 1468 4895 chronologia,
1501 4827 1555 4881 in
1594 4831 1933 4900 antiquitatis

380 4919 593 4985 notitia,
624 4918 828 4988 ingenii
869 4917 953 4973 sui
985 4918 1281 4988 specimina
1308 4921 1478 4985 dedit,
1513 4928 1572 4973 ut
1592 4935 1715 4975 cum
1745 4923 1933 4992 primis

308 5050 313 5057 -
379 5012 638 5068 Ecclesiae
668 5011 1029 5081 scriptoribus
1067 5014 1277 5068 censeri
1318 5023 1613 5071 mereatur.
1643 5013 1821 5069 Unum
1856 5032 1937 5071 re-

380 5104 560 5162 stabat
578 5105 633 5156 in
651 5118 760 5173 quo
780 5104 1043 5157 nullidum
1063 5104 1279 5159 Eusebii
1295 5106 1541 5175 peritiam
1557 5106 1933 5161 internoscen-

378 5194 434 5246 Ci
472 5201 711 5264 potestas
735 5193 927 5259 funerat,
958 5196 1329 5265 interpretatio
1354 5196 1604 5251 videlicet
1632 5197 1937 5267 Scriptura-

381 5302 522 5340 rmn.
553 5284 671 5351 Qua
702 5289 756 5339 in
787 5302 844 5342 re
864 5301 987 5341 eum
1019 5302 1126 5340 non
1153 5286 1378 5340 minoris
1408 5286 1550 5356 apud
1573 5297 1780 5345 veteres
1812 5304 1936 5359 pre-

380 5376 439 5429 tii
473 5375 657 5440 fuerit,
688 5384 994 5447 temporum
1023 5385 1203 5432 tamen
1234 5377 1433 5447 injuria
1470 5379 1686 5448 ignotus
1706 5395 1842 5449 pene
1868 5381 1934 5435 ad

379 5476 628 5523 nostrum
676 5485 852 5523 aevum
878 5469 1104 5523 mansit.
1143 5466 1262 5521 1am
1313 5483 1440 5522 vero
1469 5469 1561 5523 ubi
1598 5470 1933 5525 celeberrimi

377 5556 455 5611 illi
476 5557 530 5610 in
572 5555 817 5612 Psalmos
842 5557 1240 5618 commentarii,
1272 5556 1380 5612 situ
1414 5565 1476 5612 et
1500 5566 1766 5615 vetustate
1797 5576 1935 5630 pene

376 5648 580 5713 obruti,
609 5648 663 5701 in
693 5649 865 5703 lucem
893 5646 1129 5714 veniunt,
1150 5648 1201 5700 in
1234 5649 1485 5705 omnibus
1508 5650 1590 5705 sui
1619 5665 1675 5707 se
1702 5652 1930 5708 similem

2034 4471 2142 4516 tam
2173 4462 2400 4517 sincerae
2420 4461 2543 4517 lidei
2569 4463 2782 4517 laudem
2808 4464 3040 4527 tulisset,
3063 4467 3151 4519 vix
3178 4481 3359 4536 parem
3382 4467 3584 4523 admit-

2038 4559 2197 4607 teret.
2229 4550 2340 4609 Hos
2366 4554 2549 4623 itaque
2575 4556 3015 4622 commentarios,
3039 4558 3133 4613 diu
3176 4563 3465 4629 expetitos,
3500 4561 3595 4618 sed

2034 4659 2312 4715 nunquam
2354 4652 2614 4713 tentatos,
2667 4649 2787 4713 tibi,
2825 4650 2995 4706 lector
3050 4651 3280 4717 erudite,
3338 4652 3597 4724 legendos

2036 4736 2301 4790 sistimus.
2330 4734 2647 4793 Versionem
2691 4755 2856 4811 porro
2888 4740 3134 4799 Latinam
3182 4759 3282 4815 pro
3316 4760 3467 4802 more
3496 4761 3593 4801 no-

2034 4839 2149 4884 stro
2198 4829 2273 4883 ita
2322 4830 2737 4903 adornavimus,
2781 4845 2861 4902 ut,
2896 4838 2999 4893 etsi
3058 4839 3485 4909 compendiaria,
3534 4849 3593 4893 ut

2035 4919 2349 4989 plurimum,
2381 4922 2467 4976 via
2500 4923 2644 4978 dicta
2672 4925 2889 4981 Eusebii
2943 4927 3377 4999 interpretemur,
3407 4926 3593 4985 Graeca

2035 5023 2214 5071 tamen
2239 5033 2348 5072 non
2371 5020 2585 5087 penitus
2615 5036 2646 5075 e
2665 5022 2893 5091 vestigio
2914 5030 3183 5077 sectemur
3208 5043 3222 5079 :
3249 5041 3423 5097 neque
3446 5025 3590 5081 enim

2035 5108 2344 5181 importuno
2374 5115 2631 5184 scrupulo
2658 5115 2732 5167 ita
2755 5115 2947 5170 littera
2980 5114 3265 5183 haeremus,
3295 5128 3356 5173 ut
3374 5119 3595 5174 concin-

2037 5214 2159 5253 nam
2212 5203 2495 5257 sententite
2536 5205 2903 5273 exprimendae
2954 5208 3218 5263 rationem
3253 5210 3592 5273 deseramus.

2037 5304 2145 5343 non
2175 5290 2370 5353 nescii,
2405 5290 2472 5345 iis
2501 5294 2595 5362 qui
2639 5293 2801 5347 talem
2831 5299 3075 5351 vertendi
3107 5299 3326 5353 modum
3353 5301 3593 5369 aggressi

2037 5387 2187 5443 sunt,
2239 5396 2349 5436 non
2389 5381 2621 5438 feliciter
2648 5387 2885 5444 cessisse
2927 5400 3204 5445 conatum.
3245 5390 3418 5455 Quam
3470 5403 3597 5443 vero

2036 5468 2245 5525 Latinae
2276 5473 2472 5541 lingua:
2509 5477 2950 5547 peregrinitatem
3006 5482 3308 5537 intulerunt
3341 5479 3595 5534 Ecclesia!

2026 5564 2238 5629 Patres,
2256 5581 2376 5621 eam
2402 5584 2508 5622 non
2538 5573 2760 5628 omnino
2782 5590 2984 5631 exuere
3011 5577 3218 5632 licitum
3255 5576 3354 5628 fuit
3380 5592 3392 5626 :
3422 5589 3594 5644 neque

2034 5656 2178 5733 enim
2234 5659 2519 5744 abstineri
2546 5673 2725 5741 potest
2756 5683 2786 5719 a
2820 5669 3045 5723 vocibus
3073 5669 3330 5722 diuturno
3360 5666 3593 5736 scriptu-

3429 5790 3453 5853 .l

3452 5867 3495 5945 ,.

3421 5923 3566 5989 νιν

3421 5928 3566 5989 ,κγ

3370 5928 3645 6152 \c
