4042 6210
432 354 501 410 t3
1208 330 1714 397 εοιιιιΕΝτΑιιιΑ
1752 328 1819 383 IN
1863 321 2199 382 psalmos.
2240 353 2307 362 —
2344 313 2892 376 manumanu.
3608 311 3676 370 tt

426 488 553 531 tum
579 468 835 525 Ecclesiae
874 482 976 521 usu
1003 462 1167 524 tritis,
1196 469 1253 515 ut
1284 467 1434 525 sunt,
1475 456 1821 525 mortiﬁcare,
1846 451 2013 519 uiri/i-
2044 452 2086 510 Α
2117 443 2331 501 haberi.
2360 457 2423 496 ac
2444 441 2783 496 maturandae
2813 439 3067 497 editionis
3100 443 3294 493 auctor
3323 435 3443 489 fuit.
3479 431 3679 488 Accer-

429 582 575 629 care,
606 559 916 634 persecutio,
950 554 1244 617 tribulatio,
1263 563 1314 607 et
1337 553 1564 612 similes,
1590 562 1709 620 qua:
1734 545 1993 616 quodam-

435 660 599 715 modo
629 661 979 715 consecratae,
1017 660 1069 705 et
1100 651 1152 704 in
1204 647 1360 702 libris
1396 644 1664 714 frequenti
1706 640 2000 710 Scriptura:

435 751 671 806 lectione
712 743 1031 801 intermistis
1077 756 1302 812 prorsus
1356 740 1681 792 necessariae
1716 740 1862 789 sunt.
1900 730 2000 783 lilii

440 848 736 903 occurrunt
775 837 1071 906 Scriptura:
1095 849 1267 889 sacrm
1296 832 1462 896 dicta,
1494 826 1802 900 Vulgatam.
1836 829 1881 883 si
1917 842 2003 881 res

442 938 515 991 ita
544 935 701 998 ferat,
734 931 1015 1000 sequimur
1052 946 1065 981 ε
1100 926 1197 982 sed
1244 922 1467 994 quando
1496 939 1560 977 ex
1606 918 1787 976 Veteri
1816 918 2008 974 Testa-

442 1034 625 1081 mento
650 1019 934 1077 sententiae
964 1016 1288 1077 aﬂeruntur,
1313 1016 1439 1084 quia
1466 1014 1785 1084 plerumque
1807 1010 2007 1079 Vulga-

442 1123 531 1179 ta,
562 1132 626 1169 ex
670 1113 895 1168 Hebraeo
918 1123 1202 1180 expressa,
1240 1123 1363 1161 cum
1395 1102 1581 1160 Grgrca
1622 1105 1871 1159 versione
1900 1119 2007 1156 non

444 1205 697 1276 quadrat,
729 1211 843 1257 tum
875 1216 1102 1256 necesse
1144 1212 1372 1269 prorsus
1402 1204 1485 1252 est
1543 1197 1733 1251 litterae
1760 1195 2008 1265 obsequi,

442 1278 717 1365 aliamque
756 1290 1261 1361 interpretationem
1292 1303 1485 1358 parare
1520 1308 1532 1340 :
1575 1288 1718 1358 quod
1754 1288 1881 1342 item
1918 1302 2014 1341 ne-

443 1388 687 1446 cessario
717 1381 1084 1456 praestandum
1130 1382 1309 1437 sicubi
1341 1380 1423 1435 vel
1467 1381 1630 1435 lectio
1661 1379 1895 1442 diversa,
1929 1379 2016 1433 vel

448 1480 669 1537 Eusebii
699 1478 969 1534 sententia
1008 1475 1169 1530 aliam
1206 1474 1512 1529 versionem
1537 1474 1795 1541 postulat.
1839 1471 1894 1527 ln
1921 1472 2012 1527 de-

446 1587 615 1628 cursu
659 1561 840 1625 autem
879 1567 1060 1636 operis
1114 1566 1305 1621 breves
1360 1578 1624 1632 rarasque.
1661 1572 1819 1617 notas
1869 1561 2021 1617 dedi-

380 1666 390 1675 '
448 1661 776 1732 mus:quia
832 1675 909 1714 6&8
957 1659 1003 1712 si
1065 1657 1172 1711 hue
1227 1657 1357 1711 illuc
1410 1656 1797 1724 conjiciantur,
1859 1656 2020 1723 vulgo

449 1760 678 1823 pereunt
713 1749 1093 1811 iuobservatae,
1136 1747 1374 1801 intactae.
1404 1745 1583 1812 Quane
1606 1745 1652 1800 si
1679 1743 1809 1814 quid
1851 1743 1904 1797 in
1936 1743 2020 1798 bis

447 1844 860 1900 commentariis
892 1847 1084 1895 uotatu
1113 1839 1338 1909 dignum
1373 1838 1636 1903 occurrit,
1666 1838 1717 1892 id
1754 1839 1808 1891 in
1842 1838 2019 1906 praeli-

449 1936 685 1993 minaria
713 1933 1066 1998 contulimus,
1107 1932 1200 1987 ubi
1226 1931 1293 1987 de
1322 1931 1484 2000 stylo,
1526 1930 1593 1985 de
1622 1945 1820 2000 genere
1848 1929 2019 1984 inter-

448 2023 726 2100 'pretaudi,
758 2025 825 2080 de
875 2025 1145 2091 doctrina,
1184 2023 1250 2078 de
1302 2022 1589 2091 disciplina
1650 2021 1824 2091 deque
1877 2021 2018 2083 aliis,

452 2134 576 2191 quae
604 2118 785 2173 omnia
811 2133 977 2172 unum
1002 2116 1106 2172 sub
1128 2121 1407 2184 aspectum
1440 2112 1714 2181 conjicere
1745 2128 1775 2167 e
1819 2128 1876 2166 re
1909 2112 2024 2165 fore

453 2209 632 2266 visum
662 2216 745 2264 est
780 2227 793 2263 :
828 2224 1001 2278 neque
1057 2213 1313 2276 putamus
1354 2203 1585 2258 eruditis
1638 2210 1691 2257 et
1739 2203 2023 2273 sagaeihus

453 2300 746 2359 consilium
785 2299 1212 2370 displiciturtnn.

964 2408 1195 2465 CAPUT
1227 2407 1520 2464 PRIMUM.

451 2541 823 2584 conEN‘I'ARll
850 2540 1056 2581 EUSEBII
1089 2541 1158 2580 ει
1188 2540 1376 2589 QUIBUS
1403 2538 1681 2579 CODICIBUS
1712 2537 2016 2578 PBODEANT.

466 2622 517 2675 Ι.
539 2620 616 2674 De
642 2619 820 2673 codice
848 2618 1164 2672 Taurinensi
1195 2616 1488 2671 cardinalis
1529 2615 1792 2670 Perronii.
1828 2614 1856 2667 Ι
1865 2614 1912 2669 1.
1949 2613 2027 2668 De

530 2688 706 2745 codice
733 2688 1023 2744 cardinalis
1073 2687 1336 2742 Coislinii.
1370 2686 1486 2740 111.
1526 2685 1602 2740 De
1620 2685 1930 2740 Colbertiuo
1976 2694 2027 2738 et

533 2764 732 2816 catenis
764 2760 955 2829 Regiis.
979 2758 1005 2811 I
1021 2757 1082 2811 V.
1104 2757 1274 2812 (ἵναιεὶ
1305 2756 1526 2829 Eusebio
1547 2767 1597 2809 et
1627 2756 1749 2810 aliis
1775 2762 2028 2824 suspecta:

537 2831 660 2900 ﬁdei
712 2826 1054 2900 scriptoribus
1102 2829 1314 2900 infensi:
1453 2826 2027 2900 Catenwicon’tmenja-

534 2896 665 3023 riga.
697 2896 1185 2969 pesssmdederunt.
1229 2896 1325 2952 VI.
1363 2896 1437 2951 De
1478 2898 1881 2967 praefationibus
1915 2896 2027 2950 Eu-

535 2987 590 3024 se
624 2986 686 3024 ιι.

651 3082 690 3131 I.
725 3082 801 3132 De
821 3082 987 3161 codice
1007 3082 1297 3132 Taurinensi
1318 3080 1578 3131 cardinalis
1601 3080 1840 3131 Perroni't.

539 3186 974 3239 Commentarios
1009 3185 1227 3241 Eusebii
1258 3188 1312 3241 in
1365 3187 1613 3242 Psalmos
1648 3187 1702 3239 in
1736 3186 2027 3240 bibliothe-

466 3274 550 3329 cis
575 3275 740 3329 latere
754 3275 1045 3329 multorum
1066 3286 1285 3330 narratu
1312 3277 1423 3344 jam
1450 3276 1657 3345 pridem
1680 3291 2023 3344 acceperam:

468 3375 659 3419 verum
691 3365 835 3419 haud
862 3367 1027 3422 certis
1054 3368 1201 3423 notis
1230 3368 1587 3437 iudiciisque;
1613 3366 1703 3420 alii
1726 3367 1869 3421 enim
1886 3366 2030 3434 quod

466 3469 691 3509 rumore
738 3456 952 3518 nuntio,
990 3457 1378 3527 nonnullisque
1427 3455 1788 3512 referentibus
1845 3455 2032 3509 audie-

470 3555 615 3613 rant,
649 3548 799 3602 nulla
831 3548 958 3602 data
986 3547 1306 3618 esperiuudi
1351 3548 1629 3611 facultate,
1672 3547 2029 3613 dictitabant;

477 3639 571 3694 alii
625 3639 899 3694 indicibus
933 3640 1183 3694 codicum
1238 3639 1470 3710 decepti,
1509 3640 1751 3710 quaedam
1785 3640 1840 3693 in
1882 3637 2034 3694 Psal-

471 3743 594 3784 lnos
622 3729 1069 3800 ἀποσπασμάτια,
1101 3729 1320 3785 Eusebii
1371 3730 1591 3784 nomine
1622 3729 1904 3799 insignita,
1934 3743 2033 3800 pro
2084 3792 2087 3797 η

471 3821 619 3876 veris
650 3820 867 3876 Eusebii
900 3822 1309 3877 commentariis
1353 3821 1675 3876 habuerant.
1708 3820 1881 3876 Annis
1906 3835 2035 3876 vero

472 3911 544 3967 ab
571 3912 700 3966 hinc
725 3913 944 3967 circiter
974 3913 1159 3968 decem
1186 3914 1569 3967 renuntiarunt
1596 3912 1809 3968 sodales
1859 3913 2031 3966 nostri

479 4001 665 4059 Sancti
686 4000 920 4057 .Tauriui
958 4002 1304 4059 Ebroicensis
1327 4003 1599 4067 monachi,
1629 4010 1844 4058 exstare
1868 4003 1922 4055 in
1953 4003 2034 4057 bi-

474 4095 746 4150 bliotheca
774 4110 895 4158 sua,
930 4109 1051 4165 qum
1079 4095 1209 4149 olim
1238 4095 1534 4150 cardinalis
1564 4095 1807 4150 Perronii
1836 4094 2032 4158 fuerat,

475 4187 917 4257 antiquissimum
950 4188 1192 4242 codicem
1245 4187 1762 4243 commentariorum
1816 4186 2033 4243 Eusebii

475 4279 829 4335 Caesariensis
859 4279 913 4333 in
943 4279 1257 4350 Evangelia,
1282 4294 1346 4333 ac
1385 4280 1742 4335 recentiorem
1788 4280 1952 4334 alium
1980 4282 2034 4333 in

476 4387 588 4441 quo
615 4371 988 4426 commentarii
1025 4371 1269 4441 ejusdem
1301 4371 1357 4426 in
1388 4372 1653 4428 Psalmos.
1687 4371 1825 4426 Tum
1855 4372 2037 4426 animo

479 4463 768 4532 utriusque
799 4463 982 4533 operis
1012 4464 1347 4533 publicandi,
1378 4465 1566 4535 rogavi
1620 4474 1679 4520 ut
1726 4465 1856 4519 mihi
1892 4465 2036 4519 anti-

2108 536 2277 591 situm
2312 534 2493 602 itaque
2546 532 2789 586 codicem
2837 528 3168 603 deprehendi
3200 526 3534 599 ipsissimum
3558 540 3683 580 esse

2102 624 2553 680 commentarium
2592 620 2834 683 Eusebii,
2865 636 3025 690 quem
3048 618 3345 674 cardinalis
3381 614 3687 670 Perronius

2102 720 2157 774 in
2185 716 2337 770 italia
2367 715 2570 785 degens
2593 729 2658 768 ex
2695 712 3098 782 antiquioribus
3130 709 3414 765 codicibus
3443 703 3688 761 exscribi

2104 817 2412 863 curaverat.
2439 808 2489 864 ls
2522 807 2626 862 etsi
2658 804 2724 858 ad
2756 802 3112 858 centesimum
3136 815 3311 870 usque
3338 806 3391 854 et
3424 797 3691 853 duodecr-

2106 916 2256 954 mum
2288 902 2559 970 psalmum
2589 897 2940 968 pertingeret,
2976 894 3030 946 in
3056 892 3242 946 multis
3266 890 3586 950 deﬁciebat;
3610 888 3688 943 ita

2110 1001 2170 1047 ut
2203 994 2368 1047 etiam
2403 991 2598 1062 psalmi
2632 1004 2660 1042 a
2694 984 3114 1059 quadragesimo
3136 992 3330 1039 octavo
3366 983 3434 1037 ad
3461 989 3687 1055 octoge-

2111 1083 2310 1138 simum
2354 1084 2630 1146 abessent,
2658 1082 2712 1135 in
2754 1079 3072 1147 czeterisque
3104 1092 3212 1131 non
3240 1091 3423 1147 pauca
3469 1075 3689 1129 deside-

2112 1184 2387 1231 rarentur.
3003 1175 3015 1187 '

2446 1285 2511 1339 Il.
2549 1288 2622 1338 De
2647 1282 2815 1337 codice
2837 1277 3097 1336 cardinalis
3118 1278 3357 1336 Coislinii.

2185 1399 2343 1454 Tunc
2373 1394 2625 1452 iteranda
2655 1393 2787 1448 mihi
2816 1392 3096 1462 diligentia
3114 1388 3235 1454 fuit,
3260 1394 3319 1443 ut
3364 1388 3411 1444 si
3447 1382 3573 1456 quid
3630 1386 3686 1439 in

2119 1495 2211 1547 illo
2238 1492 2472 1553 deesset,
2494 1487 2724 1541 aliorum
2754 1483 2995 1539 subsidio
3021 1480 3227 1536 sarcire
3255 1494 3489 1550 possem.
3526 1473 3688 1531 Forte

2120 1585 2337 1639 fortuna
2383 1579 2585 1635 accidit
2625 1586 2682 1631 ut
2713 1577 2768 1630 in
2804 1574 3133 1630 bibliotheca
3182 1571 3511 1641 Segueriana
3554 1569 3690 1621 alter

2120 1675 2291 1730 codex
2316 1672 2533 1728 Eusebii
2565 1670 2620 1724 in
2652 1668 2897 1723 Psalmos
2914 1665 3145 1721 adesset.
3171 1663 3326 1718 Hunc
3345 1663 3414 1717 ab
3444 1661 3689 1716 eminena

2122 1766 2336 1821 tissimo
2364 1763 2631 1818 cardinali
2683 1759 2946 1816 Coislinio
2975 1757 3280 1827 impetravi,
3304 1756 3396 1825 qui
3431 1768 3540 1825 qua
3572 1750 3691 1822 pol-

2125 1858 2196 1912 let
2220 1856 2557 1909 humanitate
2590 1862 2644 1909 et
2677 1840 3051 1913 beneficentia,
3085 1847 3347 1904 suadente
3370 1859 3434 1898 ac
3466 1856 3695 1898 moneo»

2125 1958 2179 2005 te
2220 1947 2440 2003 domino
2480 1945 2548 2000 de
2596 1945 2646 1998 la
2678 1942 2913 2013 Vergnc,
2942 1942 2995 1995 in
3033 1939 3311 2010 publicum
3343 1951 3502 1991 usum
3537 1931 3678 1988 codi-

2124 2056 2244 2094 cem
2293 2037 2607 2108 hujusmodi
2639 2034 2987 2090 commodare
3038 2032 3196 2086 nobis
3237 2024 3558 2100 dedignatus
3580 2034 3689 2081 non

2124 2140 2229 2184 est.
2267 2128 2439 2183 liabet
2467 2129 2514 2183 is
2537 2127 2785 2182 Psalmos
2817 2141 2941 2181 cum
2968 2121 3372 2179 commentariis
3412 2119 3583 2190 plenis
3608 2118 3692 2173 ἰη-

2127 2221 2403 2292 tegrisque
2427 2235 2458 2274 a
2487 2216 2941 2289 quinquagesimo
2971 2215 3038 2270 ad
3073 2212 3490 2283 nonagesimum
3529 2210 3692 2280 quin-

2128 2323 2274 2381 tum;
2306 2315 2380 2367 ita
2412 2321 2470 2365 ut
2496 2310 2661 2379 hujus
2683 2308 3016 2364 adminiculo
3048 2308 3301 2360 lacunam
3323 2304 3468 2357 illam
3504 2303 3695 2375 ingene

2127 2410 2235 2457 tem
2266 2401 2519 2472 explendi
2554 2400 2784 2455 facultas
2811 2405 2976 2454 esset.
3012 2393 3166 2460 Quod
3200 2408 3331 2448 sane
3360 2392 3493 2448 mihi
3515 2392 3694 2463 inepto

2126 2500 2314 2548 natum
2342 2499 2393 2547 et
2426 2498 2639 2562 gratum
2670 2490 2902 2545 accidit:
2928 2503 3051 2542 nam
3090 2485 3266 2541 solent
3291 2500 3414 2540 esse
3442 2499 3562 2554 qua.-
3594 2485 3694 2536 mi~

2128 2601 2231 2640 nus
2260 2590 2646 2654 exspectantur
2665 2582 2892 2635 laetiora.
2921 2579 3015 2634 Est
3046 2594 3207 2650 porro
3233 2576 3404 2633 codex
3435 2576 3525 2630 ille
3552 2573 3696 2630 decis

2126 2680 2254 2733 cimi
2305 2674 2511 2737 smculi,
2540 2673 2770 2743 egregiae
2801 2681 2963 2735 noue,
2999 2669 3086 2725 cui
3145 2671 3337 2725 titulus
3381 2669 3694 2736 hujusmodi

2128 2769 2368 2827 secunda
2416 2781 2580 2822 manu
2627 2781 2723 2819 xui
2774 2763 2955 2819 saeculi
2999 2762 3253 2833 praefixus
3280 2768 3403 2816 est:
3437 2759 3695 2812 Εὐσεϐῑου

2126 2856 2220 2917 τοῦ
2254 2860 2537 2930 Παμφίλου
2587 2854 2861 2930 Ἀρείοινοῦ
2909 2854 3166 2927 ἐξήγησις
3211 2856 3289 2917 εἰς
3333 2853 3458 2916 τοὺς
3496 2850 3697 2920 ν’ψαλο

2130 2954 2262 3024 μοὺς
2292 2949 2383 3003 τοῦ
2410 2948 2588 3011 Δαυῖὂ,
2628 2948 2751 3010 τοὺς
2770 2946 2876 3000 ἀπὸ
2912 2951 2990 2998 να]
3027 2946 3131 3008 ἓως
3163 2948 3228 3016 ρ’,
3263 2944 3314 2998 id
3337 2950 3442 3007 est,
3485 2940 3698 2996 Eusebii

2130 3042 2398 3113 Pamphili
2426 3042 2614 3095 Ariani
2646 3035 2903 3109 expositio
2953 3037 3008 3091 in
3060 3037 3440 3107 quinquaginta
3468 3032 3697 3104 psalmos

2058 3140 2100 3197 C
2132 3133 2377 3196 Davidis,
2435 3149 2468 3185 a
2517 3130 2946 3203 quinquagesimo
3002 3129 3171 3198 primo
3213 3125 3280 3180 ad
3340 3126 3697 3180 centesimum.

2134 3225 2270 3280 Nam
2321 3224 2565 3293 plerique
2592 3237 2781 3277 omnes
2824 3219 2996 3275 Graeci
3040 3219 3355 3284 Eusebium,
3387 3234 3486 3275 nec
3514 3220 3702 3273 imme-

2135 3325 2369 3381 rentem,
2390 3328 2487 3382 pro
2508 3313 2710 3366 Ariano
2734 3314 2935 3383 passim
2963 3312 3288 3366 habuerunt.
3310 3310 3491 3365 Codex
3522 3318 3700 3363 autem

2136 3408 2227 3462 ille
2253 3413 2560 3475 temporum
2613 3404 2813 3473 injuria
2865 3402 3156 3472 postremis
3197 3401 3440 3470 quinque
3477 3400 3701 3469 psalmis

2137 3499 2399 3552 multatus
2456 3505 2575 3552 est.
2616 3510 2739 3549 nam
2779 3496 2836 3549 in
2879 3494 3291 3562 nonagesimum
3330 3492 3579 3561 quintum
3609 3490 3703 3545 de-

2138 3591 2290 3645 sinit.

2285 3718 2370 3774 lll.
2407 3724 2481 3776 De
2506 3724 2673 3774 codice
2698 3714 2980 3774 Colbertino
3007 3725 3061 3768 et
3087 3717 3151 3769 de
3184 3716 3371 3769 catenis
3392 3710 3583 3782 Regiis.

2208 3829 2412 3887 Caetera
2436 3846 2555 3900 qua:
2574 3830 2899 3885 deficiebant
2927 3844 2995 3884 ex
3019 3826 3207 3882 codice
3229 3826 3545 3882 Colbertino
3573 3820 3701 3891 666,

2139 3922 2429 3977 admodum
2460 3922 2664 3976 recenti
2684 3930 2737 3976 et
2756 3937 2821 3976 ex
2845 3920 3054 3975 catenis
3085 3917 3269 3990 Regiis
3303 3917 3441 3973 1807
3462 3922 3515 3972 et
3544 3916 3700 3982 i878,

2139 4013 2398 4068 nonnulla
2442 4012 2571 4066 item
2612 4026 2679 4066 ex
2708 4019 2899 4065 catena
2931 4007 3198 4072 Corderii,
3224 4004 3451 4062 mutuati
3479 4020 3703 4071 sumus;

2141 4113 2269 4160 sunt
2306 4109 2485 4156 autem
2519 4110 2723 4157 catena:
2749 4101 2852 4155 illa:
2881 4116 3011 4155 mss.
3042 4099 3258 4169 Optima:
3298 4097 3438 4151 uotae
3462 4104 3512 4150 et
3539 4111 3572 4150 κ
3598 4110 3703 4150 sac-

2142 4195 2275 4253 culi.
2308 4192 2494 4264 Neque
2519 4201 2700 4247 tamen
2749 4192 2801 4247 id
2834 4191 3094 4261 consequi
3144 4187 3416 4260 potuimus
3440 4193 3499 4241 ut
3529 4194 3702 4240 totum

2142 4285 2593 4341 commentarium
2626 4282 2692 4338 ad
2739 4283 2987 4337 ultimum
3030 4295 3201 4349 usque
3229 4279 3495 4348 psalmum
3531 4276 3586 4329 in
3622 4277 3705 4329 lu-

2143 4391 2260 4431 cem
2290 4376 2534 4445 proferre
2563 4374 2751 4429 liceret
2776 4390 2791 4427 :
2822 4374 2878 4427 in
2909 4372 3058 4425 nullo
3097 4372 3240 4425 enim
3292 4384 3359 4423 ex
3391 4368 3705 4422 memoratis

2146 4467 2430 4521 codicibus
2486 4466 2628 4520 ultra
2691 4467 3047 4521 centesimum
3116 4462 3383 4517 decimum
3453 4469 3703 4515 octavum

475 4553 686 4622 quieris
735 4554 880 4611 illius
924 4557 1135 4625 copiam
1175 4555 1434 4611 facerent.
1469 4556 1720 4621 Mittitur,
1749 4558 1961 4621 evolvo,
1993 4567 2044 4612 et
2076 4559 2121 4615 ι)
2150 4556 2440 4627 psalmum,
2472 4555 2748 4625 quidpiam
2777 4555 2999 4609 offertur
3033 4551 3127 4623 (τι).
3161 4550 3423 4621 Quodque
3451 4566 3547 4621 per
3573 4551 3704 4605 mihi

477 4646 664 4700 statim
697 4643 879 4700 fucum
896 4646 1113 4701 olfacio.
1143 4646 1279 4714 Quia
1309 4653 1454 4704 enim
1488 4649 1573 4704 his
1607 4649 2038 4712 commentariis.

478 4748 548 4789 ex
577 4736 851 4790 variorum
886 4738 1425 4808 interpretationibus
1466 4741 1887 4805 consarcinatis,
1923 4740 2042 4794 vul-

478 4826 588 4896 gati
619 4828 692 4880 illi
718 4828 936 4885 Eusebii
963 4845 1203 4885 canones
1224 4839 1380 4886 erant
1403 4832 1631 4902 praefixi,
1657 4833 1784 4887 hinc
1805 4834 2041 4889 Eusebio

478 4925 652 4972 totum
704 4920 1008 4990 ascriptum
1059 4922 1258 4977 fuerat.
1310 4921 1434 4976 Pari
1485 4922 1652 4993 igitur
1692 4939 1781 4978 me
1822 4926 2038 4978 fortuna

479 5025 707 5065 usurum
733 5010 786 5064 in
819 5011 1012 5067 codice
1041 5014 1168 5076 alio,
1202 5029 1362 5084 quem
1391 5015 1751 5070 recentiorem
1776 5014 2041 5085 praedica-

480 5100 632 5165 bant,
662 5107 834 5165 ratus,
864 5102 1154 5157 consilium
1194 5104 1462 5160 intermisi
1501 5122 1515 5159 :
1573 5119 1638 5159 ac
1671 5114 1732 5159 ut
1776 5106 2039 5176 principia

479 5206 601 5246 sese
628 5191 853 5257 dabant,
890 5195 956 5250 de
984 5195 1336 5251 restituendis
1367 5195 1585 5252 Eusebii
1632 5199 2041 5253 commentariis

478 5298 647 5352 prope
674 5282 1082 5355 despondebam
1116 5287 1374 5342 animum.
1409 5286 1523 5343 Sub
1544 5288 1659 5343 hinc
1688 5304 1813 5343 cum
1858 5290 1943 5343 vir
1971 5289 2037 5341 cl.

481 5371 991 5435 Boivinius,Gr:ece
1042 5375 1430 5447 peritissimus,
1466 5379 1603 5433 istac
1638 5379 1860 5435 haberet
1919 5381 2040 5442 iter,

478 5466 816 5520 renuntiavit
848 5483 956 5522 non
1003 5485 1069 5525 ex
1125 5466 1295 5525 variis
1338 5470 1719 5541 scriptoribus.
1766 5486 1946 5541 neque
1974 5485 2038 5525 ex

452 5556 690 5613 .catenis
717 5559 1028 5625 collectum,
1060 5561 1153 5616 sed
1181 5573 1373 5613 verum
1408 5562 1857 5617 commentarium
1881 5563 2045 5618 isthic

2151 4648 2350 4702 mirum
2371 4648 2547 4702 visum
2573 4654 2676 4708 est,
2709 4653 2915 4701 catenae
2949 4646 3052 4700 illae
3076 4643 3255 4712 Regiae
3283 4659 3406 4714 qua:
3430 4660 3601 4714 usque
3641 4645 3707 4699 ad

2150 4738 2507 4794 centesimum
2537 4736 2807 4793 decimum
2842 4744 3091 4793 octavum
3131 4734 3397 4807 psalmum
3438 4736 3707 4809 interpre-

2157 4827 2456 4885 tationibus
2500 4826 2716 4884 Eusebii
2765 4836 3013 4893 utuntur,
3044 4831 3118 4880 ita
3161 4836 3221 4880 ut
3256 4814 3438 4882 nullus
3467 4835 3708 4884 veterum

2148 4927 2503 4996 interpretum
2528 4923 2661 4977 adeo
2693 4922 3066 4990 frequentatus
3092 4926 3366 4986 occurrat,
3398 4919 3453 4974 in
3477 4920 3711 4975 centesi-

2148 5032 2239 5073 mo
2268 5017 2479 5073 decimo
2507 5024 2703 5071 octavo
2734 5014 2943 5084 psalmo
2967 5013 3040 5067 ita
3084 5012 3243 5069 finem
3283 5003 3504 5068 faciunt
3537 5011 3709 5068 Euse-

2146 5106 2298 5163 bium
2349 5107 2405 5162 in
2436 5105 2673 5162 medium
2713 5103 2994 5168 aderendi,
3026 5111 3085 5158 ut
3114 5118 3184 5159 ne
3233 5104 3459 5159 verbum
3489 5102 3704 5173 quidem

2149 5198 2378 5254 ulterius
2411 5196 2634 5252 Eusebii
2677 5204 3007 5269 compareat.

2148 5309 2230 5359 IV.
2257 5311 2411 5362 Grcci
2438 5310 2653 5360 Eusebio
2675 5316 2730 5361 et
2749 5311 3125 5422 aliisfzgzpecun
3144 5310 3259 5362 fidei
3285 5307 3604 5375 scriptoribus
3631 5309 3712 5358 in.

2223 5471 2381 5531 Unde
2412 5475 2724 5546 coniectam
2750 5478 2890 5532 forte
2912 5476 3119 5532 liceata
3150 5477 3339 5532 rrultis
3355 5476 3468 5545 jam
3488 5473 3711 5531 seculis

2152 5564 2370 5623 Eusebii
2427 5568 2853 5625 caementarios
2906 5568 3008 5623 hac
3071 5568 3369 5638 posteriore
3415 5566 3501 5622 sui
3559 5577 3714 5637 parte

555 5712 634 5779 (α)
680 5711 834 5794 Hinc
880 5715 1134 5794 lagumm
1183 5714 1795 5788 supplevit_cardinalis
1845 5720 2047 5790 Angela
2088 5719 2208 5776 Mai.
2283 5720 2415 5793 Ejus,
2449 5723 2820 5791 praefationem
2876 5722 2979 5783 his.
3003 5716 3473 5794 praeliminaribus
3511 5726 3697 5781 subne

481 5783 700 5837 alimus.
734 5783 889 5840 EDI'I'.
924 5785 1095 5842 ΡΑτιι.
