4042 6210
406 366 471 419 13
1074 366 1342 424 EUSEBH
1381 367 1859 423 CESARIENSIS
1899 368 2050 427 OPP.
2093 369 2274 424 PARS
2315 371 2402 425 Ill.
2443 403 2513 413 —
2553 371 2968 427 EXFIGETlCA.
3579 370 3643 422 Ιό

402 487 686 534 truncatos
717 478 1066 534 librariorum
1097 481 1305 535 incuria
1351 481 1541 549 fuisse,
1584 484 1709 554 quia
1758 486 1957 540 scilicet

2071 486 2177 551 0w;
2205 490 2535 560 ἐφαρμόσας
2564 491 2711 561 αὑτῴ
2741 491 2808 545 τὰ
2838 493 2903 545 δι’
2933 492 3051 545 ὅ).ου
3086 494 3179 547 τοῦ
3211 493 3426 565 ψαλμοῦ
3451 497 3640 569 δηλού-

400 571 699 640 scriptores
727 573 873 634 illos,
900 573 995 644 qui
1045 575 1114 628 ob
1158 584 1475 631 temeratam
1511 576 1670 630 tidem
1707 578 1845 633 male
1875 593 1972 631 au-

400 660 646 727 diebant,
667 679 776 719 non
807 665 1038 721 libenter
1052 668 1441 723 exscriberent.
1463 668 1639 738 Atque
1663 668 1788 723 hinc
1808 670 1970 724 etiam

399 751 567 809 fuerit
590 755 739 825 quod
766 755 1038 827 Origenis,
1071 757 1343 815 Theodori
1390 760 1744 823 lleracleobe,
1768 760 1973 830 Apolli-

399 839 563 907 parii,
598 839 833 912 Didymi,
859 850 912 896 et
935 841 1207 898 Theodori
1232 844 1600 914 Mopsuesteni
1633 853 1972 898 commenta-

399 932 467 987 rii
494 934 547 988 in
569 934 815 990 Psalntos
833 934 1065 1005 jamdiu,
1098 936 1341 1003 exceptis
1373 936 1698 990 Catenarum
1736 936 1968 997 laciniis.

399 1040 618 1094 pessum
675 1026 850 1081 ierint.
881 1025 947 1079 lli
1000 1027 1201 1097 quippe
1253 1026 1569 1096 scriptores,
1607 1028 1819 1082 violatae
1850 1028 1969 1082 ﬁdei

400 1119 515 1173 sive
537 1117 636 1182 rei,
667 1117 780 1173 sive
806 1118 1071 1188 suspecti,
1102 1118 1239 1172 adeo
1270 1120 1447 1188 perosi
1475 1118 1678 1174 Graecis
1705 1129 1863 1175 erant
1882 1160 1896 1185 ,
1914 1129 1971 1173 ut

397 1226 468 1266 ne
488 1225 682 1265 nomen
702 1210 928 1280 quidem
957 1207 1262 1278 proferrent
1294 1211 1412 1264 sine
1443 1210 1778 1279 indignantis
1805 1210 1970 1264 animi

399 1300 819 1372 signiﬁcatione.
848 1299 987 1353 llinc
1022 1308 1105 1356 est
1136 1301 1281 1372 quod
1317 1302 1636 1372 plerumque
1677 1302 1732 1357 in
1767 1302 1972 1356 codici-~

395 1395 498 1451 bus
524 1394 750 1456 Graecis,
786 1391 877 1448 ubi
924 1391 1207 1465 Origenes,
1232 1393 1525 1459 Eusebius,
1575 1395 1967 1465 Apollinarius,

393 1489 449 1543 in
498 1487 735 1543 medium
775 1486 1093 1554 aﬂ‘eruntur,
1130 1487 1197 1542 ad
1237 1489 1539 1558 marginem
1577 1490 1840 1559 scriptum
1874 1490 1971 1544 ob-

393 1594 603 1643 serves,
655 1577 845 1651 ψεύδῃ,
901 1581 1160 1643 mentiris.
1216 1579 1384 1635 lncidi
1430 1596 1531 1652 ego
1578 1583 1634 1636 in
1681 1588 1968 1638 centonem

391 1668 720 1728 Colbertinse
763 1674 1105 1731 bibliothecae
1142 1676 1598 1745 manuscriptum,
1635 1677 1728 1747 qui
1755 1676 1823 1731 ad
1852 1677 1969 1731 sin-

394 1763 518 1834 gula
554 1763 827 1835 Origenis,
861 1765 1107 1830 Eusebii,
1148 1764 1495 1836 Apollinarii,
1526 1774 1660 1834 etc.,
1681 1766 1821 1831 loca,
1854 1766 1967 1820 sin-

392 1858 633 1929 gularem
657 1857 798 1912 hanc
839 1859 1169 1922 cautionem,
1197 1859 1363 1913 minio
1386 1868 1684 1922 exaratam,
1719 1858 1773 1912 in
1810 1873 1956 1911 mar-
1990 1847 2031 1901 Β

393 1950 519 2018 gine
543 1948 718 2013 aﬂert,
738 1948 986 2020 ἁνάθεμά
1020 1967 1123 2013 σοι,
1149 1952 1429 2005 anathema
1454 1949 1567 2006 tibi.
1599 1949 1963 2016 Quamobrem
2018 1976 2028 1985 ~

391 2042 565 2095 miror
589 2040 735 2096 hunc
784 2039 1003 2097 Eusebii
1052 2042 1505 2097 commentarium
1549 2041 1615 2096 ad
1664 2056 1763 2096 nos
1794 2055 1966 2109 usque

392 2126 678 2187 devenisse
704 2150 716 2187 :
744 2148 907 2201 qttam
933 2133 1077 2187 enim
1105 2133 1347 2188 interitui
1374 2131 1657 2202 proximus
1688 2129 1855 2185 fuerit
1888 2131 1967 2183 in-

391 2222 539 2277 dicat
577 2223 826 2278 codicum
858 2224 949 2278 illa
987 2223 1258 2294 paucitas,
1284 2224 1379 2295 qui
1404 2224 1568 2278 etiam
1599 2237 1707 2277 non
1739 2237 1963 2293 prorsus

391 2317 661 2387 integrum
684 2316 995 2371 exhibeant.

582 2407 642 2457 ν.
677 2406 875 2458 Catenae
899 2408 1277 2455 commentarios
1298 2404 1769 2468 pessumdedcrunt.

459 2507 572 2565 Nec
613 2523 722 2565 una
774 2524 837 2566 ea
891 2519 973 2563 est
1013 2515 1180 2563 tantae
1219 2509 1449 2578 jacturae
1496 2524 1660 2564 causa
1708 2528 1721 2561 :
1773 2523 1960 2563 verum

391 2602 610 2673 quando
642 2609 957 2658 catenarum
986 2616 1119 2657 usus
1149 2601 1203 2655 in
1244 2602 1430 2656 orbem
1463 2601 1709 2656 invectus
1736 2608 1840 2664 est,
1872 2599 1960 2652 illa

390 2694 748 2765 interpretum
776 2694 1010 2749 varietas
1034 2694 1106 2748 ita
1152 2693 1467 2749 Graecorum
1510 2691 1722 2746 animos
1748 2690 1960 2744 demul-

386 2786 480 2850 sit,
504 2793 563 2839 ut
597 2785 1019 2841 commentarios
1045 2785 1169 2839 illos
1199 2786 1390 2853 plenos
1414 2784 1762 2852 integrosque
1792 2779 1962 2849 negli-

387 2883 613 2949 gerent:
646 2876 792 2931 unde
828 2875 918 2928 vix
964 2873 1248 2928 ferendum
1300 2872 1559 2926 damnum
1591 2885 1679 2925 res
1720 2886 1844 2924 cum
1870 2883 1960 2923 ec-

386 2967 700 3025 clesiastica
735 2975 852 3021 tum
884 2965 1151 3021 litteraria
1186 2966 1374 3021 subiit.
1409 2963 1543 3019 Nam
1573 2964 1608 3017 ii
1640 2975 1957 3019 catenarum

340 3108 343 3111 .
383 3059 726 3123 eollectores,
753 3072 877 3112 cum
892 3067 1052 3129 gustu
1084 3067 1136 3114 et
1158 3057 1353 3130 peritia
1368 3072 1547 3111 rerum
1565 3071 1673 3110 non
1696 3056 1955 3118 valerent,

382 3149 569 3205 missis
584 3149 743 3219 vulgo
770 3150 858 3213 iis,
878 3165 997 3220 quze
1018 3150 1098 3205 vel
1120 3147 1187 3203 ad
1217 3147 1501 3203 historiam
1524 3147 1608 3201 vel
1634 3146 1700 3200 ad
1719 3145 1853 3201 disci
1863 3146 1957 3216 pli-

2076 594 2229 645 μενοι,
2249 577 2285 631 ἂ
2313 579 2405 631 καὶ
2425 578 2577 632 αὐτοὶ
2610 579 2747 633 κατὰ
2779 582 2870 634 τὸν
2896 584 3091 635 οἰκεῖον
3125 584 3311 655 καιρὸν
3342 584 3645 659 ἐπιθεωρή-

2074 688 2258 742 σομεν,
2291 670 2326 725 i.
2352 687 2426 739 e.,
2454 671 2835 742 Consequenter
2871 675 2940 729 ad
2962 680 3070 730 haec
3099 679 3198 746 ipsi
3227 678 3464 748 (Christo
3498 684 3640 740 scili-

2072 768 2178 830 cet)
2235 764 2507 834 coaptabis
2539 784 2600 819 ea
2628 783 2745 837 qua:
2775 769 2829 821 in
2873 778 2983 823 toto
3029 772 3234 839 psalmo
3277 771 3639 838 declarantur,

2072 870 2287 925 qumque
2315 873 2409 910 nos
2438 874 2533 911 suo
2565 868 2792 928 tempore
2849 860 3258 929 speculubimur.
3290 865 3487 920 Verum
3534 885 3643 923 non

2072 948 2458 1003 animadvertit
2498 950 2587 1005 ille
2636 951 2722 1006 hic
2756 953 2842 1023 agi
2872 953 2939 1007 de
2972 953 3181 1008 fusiore
3212 955 3455 1025 ejusdem
3491 962 3642 1027 psal-

2074 1040 2146 1093 mi
2200 1042 2830 1113 interpretatione,qum
2891 1046 2981 1099 lib.
3052 1062 3106 1100 ιχ
3162 1046 3642 1104 Demonstrationis

2072 1126 2625 1204 evangelicw'legitttr,
2644 1152 2696 1205 p.
2723 1137 2850 1201 455,
2883 1136 2960 1208 (a)
2995 1138 3083 1192 ubi
3110 1138 3358 1208 pluribus
3374 1139 3646 1211 depugnat

2072 1222 2339 1280 Eusebius
2369 1234 2537 1281 totum
2568 1229 2833 1296 psalmum
2853 1230 2917 1284 ad
2948 1230 3149 1285 Christi
3174 1239 3295 1300 post
3310 1231 3640 1303 baptismum

2073 1318 2422 1373 tentationem
2470 1321 2760 1391 pertinere.
2799 1320 2950 1377 Unde
2979 1323 3115 1377 nihil
3148 1323 3234 1377 hic
3267 1322 3335 1379 de
3363 1340 3641 1379 commen-

2069 1408 2226 1464 tariis
2257 1409 2312 1463 in
2335 1408 2617 1467 Psalmos:
2644 1428 2821 1481 neque
2841 1428 3070 1484 usquam
3106 1423 3236 1484 puto
3269 1414 3560 1471 Eusebium
3587 1419 3640 1471 iu

2071 1501 2138 1556 iis
2160 1518 2280 1573 qute
2300 1501 2412 1572 jam
2465 1514 2760 1574 supersunt
2788 1507 3043 1577 Operibus
3070 1522 3258 1561 eorum
3300 1510 3636 1571 meminisse,

2070 1601 2199 1663 puta
2229 1594 2356 1663 quia
2388 1610 2511 1649 cum
2548 1596 2648 1651 hos
2694 1599 3119 1653 commentarios
3172 1602 3465 1669 postremis
3509 1603 3635 1656 vitae

2070 1688 2229 1741 annis
2255 1688 2553 1753 adornarit,
2580 1690 2663 1745 vel
2693 1691 2842 1745 nulla
2871 1692 2951 1747 vel
2982 1707 3153 1763 pauca
3182 1695 3483 1750 secundum
3522 1697 3637 1753 haec

2068 1777 2255 1833 edidit.

2540 1849 2602 1899 II.
2631 1851 2962 1915 Hieronymus
2982 1856 3148 1906 laudat

2138 1952 2239 2020 Qui
2296 1955 2447 2025 prior
2469 1957 2653 2026 itaque
2710 1957 2810 2015 bos
2846 1962 3266 2017 commentarios
3312 1963 3635 2020 memoravit

2067 2052 2151 2098 est
2171 2042 2536 2117 Hieronymus
2574 2048 2627 2101 in
2668 2049 2809 2104 libro
2842 2049 2919 2105 De
2943 2052 3288 2123 scriptoribus
3318 2057 3634 2111 ecclesiasti-

2066 2134 2163 2200 cis,
2198 2135 2289 2190 ubi
2326 2135 2441 2191 bare
2486 2137 2553 2193 de
2593 2137 2869 2196 Eusebio:
2924 2141 3183 2198 Eusebius
3238 2144 3498 2201 Cwsarea:
3529 2145 3635 2199 Pa-

2066 2225 2288 2282 ltestime
2332 2228 2629 2298 episcopus,
2660 2231 2714 2283 in
2755 2230 3043 2300 Scripturis
3068 2235 3261 2288 divinis
3303 2234 3634 2289 studiosissi-

2064 2333 2201 2381 mus,
2230 2328 2279 2372 et
2316 2337 2335 2369 ι
2376 2318 2717 2375 Bibliotheca:
2744 2322 2935 2377 divina:
2965 2342 2982 2374 ι
3022 2340 3139 2377 cum
3176 2324 3456 2395 Pamphilo
3487 2343 3634 2380 mar-

2066 2418 2178 2479 lyre
2208 2409 2643 2480 diligentissimus
2668 2414 3062 2483 pervestigator,
3107 2415 3271 2471 edidit
3304 2418 3515 2487 inﬁnita
3544 2436 3632 2475 oo-

2066 2498 2287 2552 lumina.
2316 2498 2429 2553 Snb
2462 2500 2576 2556 haec
2606 2511 2785 2558 autem
2812 2506 3149 2562 enumeratis
3176 2508 3317 2573 aliis,
3355 2509 3469 2565 haec
3490 2511 3630 2580 adji-

2063 2592 2176 2645 cit:
2216 2590 2282 2644 Et
2308 2592 2363 2645 in
2391 2607 2456 2647 CL
2502 2596 2736 2663 psalmos
2782 2596 3165 2652 eruditissimos
3201 2604 3626 2669 commentarios,

2060 2690 2111 2734 et
2139 2682 2307 2735 multa
2348 2684 2479 2739 alia.
2512 2682 2571 2737 ln
2604 2685 2834 2754 epistola
2867 2694 3047 2741 autem
3105 2705 3202 2743 sua
3249 2690 3313 2745 ad
3372 2693 3631 2764 Augusti-

2061 2788 2216 2838 num,
2248 2788 2368 2843 qua:
2384 2773 2498 2845 jam
2524 2775 2581 2829 in
2609 2776 2769 2832 editis
2789 2775 3077 2849 Augustini
3097 2796 3233 2835 Lxxv
3261 2798 3489 2839 numero
3516 2796 3623 2849 es',

2061 2863 2191 2917 talia
2221 2863 2367 2920 fatur
2404 2884 2416 2919 :
2445 2864 2512 2920 In
2542 2867 2909 2935 explanatione
2940 2869 3298 2937 Psalntorum,
3321 2891 3447 2944 quos
3488 2876 3628 2946 apud

2063 2955 2275 3010 Crtecos
2306 2958 2637 3028 interpretati
2666 2970 2789 3015 sunt
2819 2962 2996 3018 multis
3029 2964 3397 3029 voluminibus,
3425 2971 3626 3038 primus

2064 3047 2333 3119 Origenes,
2397 3052 2660 3109 secundus
2715 3052 2971 3111 Eusebius
3024 3056 3388 3124 Cwsariensis,
3442 3064 3627 3116 tertius

2063 3140 2373 3198 Theodorus
2405 3142 2763 3212 Heracleotes,
2784 3161 3005 3221 quartus
3028 3143 3264 3209 Asterius
3294 3154 3628 3227 Scythopoer

382 3255 532 3307 nam,
552 3241 635 3296 vel
648 3241 714 3296 ad
736 3242 1025 3297 lectionem
1060 3251 1301 3298 veterum
1335 3240 1695 3310 interpretum
1720 3238 1956 3308 pertine-
1984 3252 2027 3315 ε
2063 3242 2240 3300 lenus,
2272 3240 2489 3309 quintus
2519 3240 2848 3310 Apollinaris
2877 3241 3224 3310 Laodicenus,
3259 3258 3435 3301 sextus
3460 3245 3627 3317 Didy-

382 3338 527 3398 reut,
584 3347 647 3388 ea
666 3335 842 3390 solum
867 3346 1277 3406 excerpserunt,
1308 3349 1427 3404 quae
1442 3333 1525 3387 sui
1548 3340 1740 3401 captus
1766 3339 1945 3391 erant.

756 3446 842 3498 VI.
868 3448 944 3499 De
969 3444 1336 3510 praefationibus
1362 3444 1581 3496 Eusebii.

447 3556 801 3614 Prtefationes
838 3554 942 3610 illas
967 3552 1167 3609 Graecae
1196 3568 1318 3624 qua:
1347 3551 1756 3607 commentariis
1805 3566 1944 3621 prte-

378 3654 667 3707 mittuntur
692 3666 759 3705 ex
786 3649 975 3704 codice
1001 3647 1326 3702 Taurinensi
1356 3645 1647 3717 prodeunt,
1673 3645 1947 3701 similiter-

380 3759 485 3815 que
502 3749 819 3814 argumenta
847 3741 1197 3810 psalmorum,
1217 3743 1282 3792 ad
1310 3738 1737 3809 mystagogicum
1760 3737 1945 3807 cujus-

380 3852 487 3908 que
513 3835 706 3906 psalmi
742 3847 963 3889 sensum
1006 3842 1065 3886 ut
1104 3832 1397 3902 plurimum
1445 3830 1790 3892 concinnata,
1827 3843 1946 3899 qua:

380 3930 564 3983 omnia
593 3925 738 3981 haud
773 3925 935 3980 dubie
968 3925 1036 3979 ab
1067 3925 1187 3994 ipso
1208 3923 1441 3977 Eusebio
1488 3929 1617 3977 sunt
1660 3921 1941 3977 adornata.

331 3992 342 4006 ι
379 4020 514 4075 Nam
547 4018 864 4074 Eusebiante
890 4017 994 4071 illae
1025 4014 1372 4086 praefationes
1414 4012 1582 4068 variis
1611 4022 1945 4067 commenta-

379 4115 584 4167 riorum
619 4110 756 4166 locis
788 4108 923 4164 adeo
948 4107 1135 4163 afﬁnes
1161 4115 1310 4171 sunt,
1348 4113 1408 4160 ut
1438 4104 1682 4160 eamdem
1734 4105 1943 4159 utrobi-

376 4218 484 4275 que
515 4200 733 4258 Eusebii
758 4215 977 4255 manum
1006 4198 1190 4255 statim
1227 4194 1942 4267 deprehendas.Argnmen-

375 4301 431 4348 ta
466 4307 595 4349 vero
627 4306 738 4346 non
784 4291 838 4345 in
866 4288 1189 4344 Taurinensi
1220 4287 1384 4341 modo
1417 4287 1624 4347 codice.
1656 4286 1747 4340 sed
1778 4286 1939 4341 etiam

376 4387 430 4441 in
458 4384 631 4455 prima
653 4390 844 4439 catena
878 4380 1069 4452 Regia,
1110 4394 1229 4450 qua:
1256 4379 1448 4433 decimi
1475 4378 1654 4433 saeculi
1690 4384 1793 4442 est,
1831 4376 1940 4431 En-

378 4477 511 4533 sebii
540 4475 761 4531 nomine
792 4480 1132 4545 comparent.

990 4584 1218 4641 CAPUT
1259 4584 1317 4641 ll.

373 4689 742 4732 εοικειςτλιιι
777 4688 981 4731 εοεειιιι
1030 4688 1079 4725 lii
1120 4686 1350 4727 PSALIIOS
1393 4688 1421 4724 Δ
1459 4686 1645 4735 QUIBUS
1681 4684 1932 4732 ANTIQUIS

838 4758 1214 4798 SCRIPTORlBUS
1251 4758 1500 4797 LAUDA'N.

377 4861 425 4918 1.
478 4860 729 4916 Eusebius
764 4861 854 4915 Itos
906 4850 1305 4914 commentarios
1352 4862 1931 4926 nusquant_rnenterat.

444 4931 471 5004 I_
481 4932 529 4987 1.
558 4932 920 5004 Aliierongmus
947 4927 1299 5004 laudata“
1328 4923 1585 4981 Eusebius
1601 4923 1936 5004 Vercetteusis

442 5002 629 5057 Latine
656 4999 946 5057 transtulit.
975 5000 1078 5056 IV.
1104 4999 1453 5053 Theodoretus
1473 5010 1650 5050 corum
1681 4999 1933 5051 meminit.

453 5073 516 5128 ιν.
558 5072 790 5145 Itemque
817 5069 1076 5128 Gelasius.

476 5183 513 5233 Ι.
541 5183 783 5234 Eusebius
802 5184 893 5233 bos
914 5178 1289 5232 commentarios
1316 5188 1549 5237 nusquam
1579 5177 1838 5223 memorat.

341 5304 345 5309 '
437 5286 707 5360 Opinatur
742 5289 826 5342 vir
852 5288 923 5342 cl.
957 5282 1429 5339 Tillemontius'se
1468 5277 1844 5334 commentarii
1876 5277 1929 5329 in

368 5378 614 5438 Psalmos
644 5381 747 5438 sub
779 5381 891 5433 haec
923 5376 1115 5430 edendi
1159 5382 1341 5426 notam
1389 5380 1443 5427 et
1486 5370 1929 5442 pollicitationem

369 5468 585 5527 Eusebii
603 5465 1025 5537 deprehendisse
1052 5464 1106 5517 in
1138 5462 1589 5516 Demonstratione
1611 5458 1927 5529 evangelica,

366 5561 461 5615 lib.
498 5576 551 5621 ν.
583 5575 635 5611 c.
661 5556 752 5618 2|,
784 5554 878 5607 ubi
907 5552 974 5608 de
1004 5553 1217 5622 psalmo
1263 5550 1366 5617 Qui
1394 5551 1599 5604 habitat
1630 5551 1683 5605 in
1711 5549 1925 5618 adiuta--

364 5650 446 5704 rio
475 5645 758 5709 Altissimi,
804 5644 1052 5714 tollitens,
1086 5643 1199 5698 haec
1227 5642 1417 5697 habet:
1450 5642 1669 5705 Τούτοις
1707 5639 1929 5694 excieb-

2051 3344 2167 3382 ntus
2196 3328 2606 3388 Alexandrinus.
2627 3332 2894 3389 Feruntur
2913 3346 2962 3390 et
2991 3337 3316 3392 diversorum
3347 3339 3400 3392 in
3429 3353 3622 3406 paucos

2047 3422 2279 3487 psalmos
2336 3425 2631 3491 apuscula;
2660 3426 2750 3480 sed
2790 3443 2927 3482 nunc
2955 3429 3017 3483 de
3044 3431 3245 3501 integro
3286 3429 3619 3485 Psalmorum

2048 3530 2262 3584 corpore
2288 3515 2533 3573 dicimus.
2566 3519 2716 3588 Apud
2744 3520 2965 3577 Latinos
3010 3533 3182 3577 autem
3238 3522 3480 3577 Hilarius
3527 3524 3624 3580 Pi-

2046 3610 2346 3674 cteeiensis,
2373 3619 2422 3665 et
2476 3610 2732 3667 Eusebius
2769 3611 3106 3667 Vercellensis
3136 3615 3381 3683 episcopi,
3436 3614 3621 3688 Orige—

2049 3715 2164 3752 nem
2192 3711 2241 3753 et
2275 3698 2561 3754 Eusebium
2597 3703 2999 3757 transtulerunt.
3032 3703 3268 3770 Quorum
3316 3706 3541 3774 priorem
3566 3718 3617 3763 et

2047 3798 2223 3843 noster
2244 3789 2556 3845 Ambrosius
2596 3793 2651 3845 in
2684 3793 3000 3864 quibusdam
3042 3806 3249 3850 secutus
3278 3805 3375 3851 est.
3402 3797 3505 3853 Ubi
3535 3800 3618 3854 in-

2046 3880 2261 3951 telligas
2293 3880 2363 3936 ab
2397 3880 2607 3936 Hilario
2641 3883 2892 3954 Origenis
2926 3886 3351 3942 commeniarios
3381 3889 3618 3945 translav

2045 3981 2130 4028 tos
2159 3990 2300 4036 esse.
2334 3983 2392 4029 ut
2422 3976 2581 4031 habet
2605 3977 2747 4031 idem
2778 3975 3139 4049 Hieronymus
3167 3995 3288 4034 cum
3312 3980 3379 4036 de
3408 3980 3614 4036 Hilario

2044 4066 2187 4134 agit;
2220 4067 2287 4122 ab
2316 4066 2551 4123 Eusebio
2574 4076 2753 4122 autem
2785 4066 3114 4125 Vercellensi
3137 4070 3351 4141 gentilis
3385 4073 3469 4129 sui
3496 4072 3615 4129 Ca:-

2045 4159 2308 4215 sariensis
2334 4161 2759 4217 commentarios
2787 4160 2980 4218 Latine
3010 4164 3167 4220 datos
3193 4165 3380 4221 fuisse.

2166 4252 2248 4303 lll.
2273 4249 2520 4302 Eusebius
2542 4253 2878 4304 Yercellensis
2899 4268 2988 4306 eos
3020 4255 3191 4307 Latine
3215 4258 3489 4307 transtulit.

2114 4353 2381 4411 Eusebius
2426 4356 2608 4424 itaque
2639 4353 2999 4414 Vercellensis
3042 4358 3141 4415 hos
3190 4360 3609 4416 commentarios

2041 4445 2233 4502 Latine
2257 4448 2559 4511 transtulit,
2585 4456 2644 4502 ut
2668 4449 2796 4502 alibi
2828 4460 3013 4505 narrat
3043 4451 3185 4506 idem
3202 4449 3564 4524 Hieronymus
3590 4474 3602 4508 :

2044 4537 2247 4603 Edidit,
2300 4538 2497 4607 inquit,
2529 4540 2617 4593 ille
2650 4542 2702 4594 in
2759 4542 3001 4598 Psalmos
3058 4545 3461 4599 commentarios
3493 4544 3606 4599 Eu-

2040 4629 2169 4683 sebii
2208 4629 2571 4696 Ctesaricnsis,
2607 4651 2735 4704 quos
2791 4634 2855 4689 de
2894 4635 3074 4691 Gra'co
3116 4639 3172 4691 in
3213 4636 3462 4691 Latinum
3492 4656 3606 4694 ver—

2043 4731 2198 4776 terat.
2224 4720 2361 4787 Quia
2403 4739 2534 4779 vero
2565 4726 2620 4778 hi
2660 4729 3039 4782 commentarii
3093 4729 3374 4785 erroribus
3420 4746 3605 4802 asper-

2042 4828 2157 4866 sam
2215 4813 2281 4870 de
2322 4812 2458 4868 Filio
2492 4815 2584 4871 Dei
2633 4819 2961 4873 sententiam
3014 4822 3217 4890 passim
3266 4822 3601 4892 praeferrent,

2042 4920 2105 4958 ea
2172 4907 2435 4976 expunxit
2502 4906 2862 4966 Vercellensis
2922 4928 3043 4981 qua:
3106 4913 3361 4969 Arianam
3433 4916 3606 4971 luere-

2044 4995 2145 5047 sint
2214 5008 2498 5067 saperent,
2563 4999 2753 5055 eodem
2821 5008 2960 5056 teste
3029 5000 3358 5075 Hieronymo
3403 5003 3602 5061 Contra

2046 5085 2410 5154 Vigilantium.
2444 5088 2502 5143 Si
2533 5090 2714 5160 igitur,
2746 5091 2842 5159 ait,
2881 5108 2996 5162 qua:
3031 5092 3166 5148 bona
3184 5105 3306 5150 sunt
3329 5097 3600 5162 transtuli,

2038 5186 2087 5229 et
2117 5178 2259 5231 mala
2287 5178 2366 5233 vel
2398 5182 2592 5248 aptari,
2627 5182 2703 5235 rel
2745 5185 2968 5247 correxi,
2999 5185 3077 5239 vel
3110 5187 3271 5252 tacui,
3303 5189 3601 5258 arguendae

2037 5285 2176 5331 sum.
2200 5260 2294 5323 cur
2316 5286 2409 5340 per
2433 5288 2514 5326 me
2548 5271 2729 5327 Latini
2756 5273 2889 5329 bona
2928 5276 3042 5344 ejus
3076 5275 3323 5345 habeant,
3369 5289 3418 5331 et
3456 5280 3601 5335 mala

2034 5361 2312 5431 ignorent?
2342 5363 2430 5417 Sic
2457 5364 2551 5418 hoc
2575 5366 2770 5421 crimen
2805 5376 2913 5434 est,
2960 5380 3219 5441 arguatur
3254 5379 3304 5424 et
3335 5372 3604 5441 confessor

2035 5452 2299 5521 Hilarius,
2332 5457 2421 5525 qui
2454 5454 2791 5524 Psalmorum
2834 5462 3312 5530 interpretationem
3341 5473 3392 5516 et
3425 5463 3600 5518 homi-

2034 5548 2135 5602 lias
2162 5552 2212 5601 in
2240 5548 2342 5602 Job
2368 5566 2434 5605 ex
2472 5551 2623 5607 libris
2655 5553 2791 5622 ejus,
2835 5554 2892 5607 id
2931 5565 3028 5619 est,
3057 5571 3123 5610 ea:
3147 5555 3329 5610 Graeco
3356 5558 3410 5610 in
3451 5555 3602 5611 Lati-

2032 5655 2155 5693 num
2184 5641 2495 5705 transtulit;
2545 5644 2616 5696 sit
2661 5645 2716 5697 in
2767 5644 2921 5712 culpa
2973 5645 3206 5715 ejusdem
3253 5645 3597 5713 confessionis

439 5741 515 5811 (a)
542 5740 664 5803 Hic,
688 5751 742 5794 et
766 5735 908 5795 infra
938 5755 1043 5793 non
1071 5739 1259 5799 semel,
1288 5748 1575 5793 revocatur
1608 5740 1780 5819 lector
1808 5738 1872 5792 ad
1904 5721 2160 5821 ullatenus
2208 5737 2510 5821 crassiores
2536 5736 2677 5821 qui”
2703 5736 2966 5821 librorum
3018 5724 3497 5793 Dentonstrationis
3542 5745 3600 5792 et

369 5807 791 5876 Prwparatian's
818 5818 985 5868 textui
1015 5814 1333 5866 inseruntur
1361 5810 1679 5880 I’atrologia'
1705 5808 2121 5865 nostru‘Gta-eae
2149 5817 2278 5862 tum.
2312 5807 2430 5860 XXI
2457 5818 2510 5883 et
2547 5807 2701 5864 XXll.
2730 5809 2882 5864 Eutr.
