4066 6218
339 273 407 325 ιἹ
1131 275 1633 340 ΕΟΜΜΕΧΤᾹΒΙᾹ
1673 277 1737 330 ΙΝ
1781 277 1886 332 PS.’

1989 278 2117 337 lOS.
2162 315 2228 323 —
2268 282 2806 342 Pti/liLlailNARlA.
3531 291 3593 342 i8

342 387 716 452 i'ercellensis,
744 393 834 460 qui
862 393 1092 446 omnium
1133 392 1472 447 Psalmorum
1511 401 1918 453 commentarios
1949 419 1993 474 Α
2025 404 2182 474 vulgo
2216 406 2266 458 in
2303 409 2614 461 recensione
2648 424 2809 477 opera
2845 424 2951 463 non
3004 425 3174 479 pauca
3206 409 3318 480 ipse
3349 408 3428 464 vel
3461 425 3591 463 con-

327 479 570 534 hwretici
609 483 838 538 hominis
887 487 1034 539 vertit
1080 485 1133 538 in
1185 496 1419 540 nostrum
1451 487 1748 558 eloquium;
1797 492 1916 545 licet

326 574 590 627 heretica
622 578 1046 642 prwtermittens,
1071 578 1269 645 optima
1295 595 1510 648 quicque
1555 584 1910 639 transtulerit.

326 664 457 720 Haec
504 681 676 735 porro
707 667 926 723 Eusebii
962 667 1319 725 Vercellensis
1354 672 1729 742 interpretatio
1773 676 1914 745 jam-

324 755 420 810 diu
459 756 676 811 interiit
706 777 719 812 :
751 774 852 812 nec
882 759 1103 814 memini
1136 775 1220 815 me
1250 762 1462 830 uspiam
1493 764 1614 831 ejus
1644 765 1729 821 vel
1762 766 1914 821 codi-

319 864 440 912 ces,
480 851 572 904 vel
602 849 900 921 fragmenta
934 861 1230 906 memorata
1259 853 1699 923 deprehendisse.

671 962 754 1011 IV.
777 963 1122 1013 Theodoretus
1146 977 1316 1014 eorum
1343 964 1583 1015 meminit.

394 1066 806 1131 Tiieodoretus,
840 1084 945 1122 non
971 1069 1188 1138 quidem
1220 1081 1275 1124 ut
1298 1071 1457 1127 hodie
1477 1073 1533 1126 in
1574 1073 1910 1127 Psalmorum

327 1159 770 1228 Expositionibus
808 1161 1025 1228 legitur,
1062 1178 1180 1232 qua:
1228 1165 1428 1232 passim
1472 1173 1733 1220 truncatre
1770 1176 1824 1220 et
1855 1170 1908 1223 in

322 1253 715 1322 compendium
774 1255 1007 1308 redactae
1060 1263 1218 1318 sunt,
1261 1264 1314 1311 et
1366 1257 1604 1327 quidem,
1640 1269 1698 1314 ut
1725 1263 1911 1330 conje-

325 1352 476 1398 ctare
513 1345 678 1406 licet,
729 1361 760 1398 a
793 1346 1056 1402 Graeculis
1085 1357 1399 1404 catenarum
1432 1352 1774 1417 auctoribus;
1813 1355 1907 1408 sed

328 1444 387 1488 ut
424 1435 494 1488 ab
549 1436 759 1506 Agellio
813 1439 1102 1505 laudatur,
1156 1456 1208 1509 p.
1259 1441 1396 1503 486,
1448 1444 1503 1496 in
1555 1443 1666 1498 huic
1715 1447 1906 1514 psalmi

331 1542 577 1582 anxvm
609 1529 806 1584 verba:
847 1530 920 1583 Tu
945 1549 1058 1585 vero
1089 1533 1328 1600 repulisti
1344 1535 1705 1604 etdespexisti,
1733 1538 1905 1590 distu-

331 1617 443 1672 listi
472 1618 743 1675 Christum
773 1634 922 1676 tuum
948 1640 965 1676 :
993 1627 1224 1679 evertiin
1261 1635 1624 1682 testamentum
1649 1632 1781 1684 servi
1807 1633 1902 1695 tui,

333 1711 630 1778 profanasti
676 1715 732 1768 in
777 1724 919 1768 terra
949 1719 1313 1772 sanctuarium
1344 1720 1492 1789 ejus,
1535 1721 1648 1775 lucc
1697 1722 1900 1778 habet:

334 1805 591 1870 Εὐσέϐιος
627 1807 682 1860 δὲ
716 1810 794 1872 εἰς
818 1809 879 1862 τὸ
920 1809 1091 1874 πάθος
1122 1813 1213 1865 τοῦ
1239 1813 1473 1883 Χριστοῦ
1509 1814 1678 1868 ταῦτα
1711 1833 1902 1886 πειρα-

336 1895 454 1960 θεὶς
501 1897 706 1960 λαϐεῖν,
754 1899 867 1953 οὔτε
913 1901 1172 1956 διασῶσαι
1216 1904 1306 1957 τὸν
1351 1906 1539 1977 εἱρμὸν
1583 1907 1685 1977 τῆς
1729 1910 1901 1981 ἑρμη-

337 1987 492 2050 νείας
520 1988 762 2060 ἠδυνήθη,
808 1991 930 2044 οὔτε
974 1994 1283 2065 δυσφημίας
1331 1998 1601 2061 παντελῶς
1655 2000 1897 2054 ἀπαλλα-

342 2079 533 2151 γῆναι,
575 2083 622 2134 id
645 2091 744 2149 est,
778 2083 1036 2139 Eusebius
1083 2097 1292 2152 autem,
1352 2106 1469 2142 cum
1521 2090 1630 2144 lucc
1681 2093 1743 2144 de
1783 2109 1901 2162 pas-

341 2172 483 2224 sione
513 2170 705 2228 Christi
727 2177 993 2244 explicare
1023 2181 1296 2233 tentaverit
1317 2222 1330 2243 ,
1363 2198 1521 2250 neque
1547 2183 1735 2236 seriem
1767 2202 1895 2239 nar-

338 2264 551 2318 rationis
585 2283 828 2332 servare,
889 2285 1052 2338 neque
1093 2269 1415 2338 blasphemia
1456 2274 1660 2340 penitus
1708 2291 1897 2331 vacuus

342 2368 443 2408 esse
483 2358 669 2423 patuit.
723 2357 875 2413 Hanc
914 2369 1092 2416 autem
1128 2359 1346 2418 Eusebii
1396 2363 1895 2434 interpretationem

343 2442 596 2504 ttisissime
616 2459 928 2504 enarratum
959 2452 1147 2519 habes,
1186 2455 1323 2525 psal.
1356 2471 1617 2512 Lxxxvm.
1648 2458 1731 2514 An
1767 2475 1896 2515 vero

342 2532 421 2588 hic
448 2533 672 2594 Eusebio
714 2540 1009 2610 impietatis
1040 2554 1169 2599 nota
1212 2546 1337 2615 jure
1370 2547 1652 2614 inuratur,
1692 2567 1892 2620 necne,

339 2628 620 2694 expendere
663 2631 860 2686 inutile
889 2632 1089 2702 fuerit;
1128 2652 1251 2692 cum
1284 2640 1399 2708 ipse
1421 2647 1698 2698 temeratae
1726 2644 1894 2700 divini

345 2713 489 2772 Verbi
516 2721 774 2777 doctrina:
806 2733 989 2779 notam
1026 2727 1077 2780 in
1133 2729 1254 2785 aliis
1297 2733 1467 2787 multo
1496 2734 1752 2804 liquidius
1811 2738 1894 2791 in-

340 2818 527 2874 currat,
563 2820 617 2864 ut
641 2828 743 2866 suo
776 2814 897 2868 loco
929 2819 1327 2885 comprobatur.

737 2923 794 2973 ν.
841 2926 1066 2976 Gelasius
1105 2941 1192 2978 eos
1214 2937 1468 2982 memorat.

408 3042 639 3103 Gelasius
664 3049 729 3105 de
757 3051 970 3107 duabus
995 3055 1204 3110 naturis
1248 3055 1303 3110 in
1331 3057 1568 3122 Christo,
1602 3060 1743 3116 inter
1790 3061 1892 3116 Pa—

351 3142 484 3190 trum
528 3142 866 3209 testimouia,
921 3143 1141 3202 Eusebii
1195 3149 1550 3208 Caesariensis
1600 3155 1777 3209 locum
1831 3155 1886 3209 in

349 3229 600 3296 psalmum
631 3233 891 3292 decimum
917 3241 1206 3309 septimum
1244 3242 1421 3306 aﬂert,
1456 3248 1548 3315 qui
1585 3249 1664 3302 sic
1693 3249 1880 3304 habet:

342 3319 577 3394 Πεπεᾳαὶ
593 3327 853 3382 inclinavit
874 3331 1028 3385 caelos
1066 3343 1116 3386 et
1150 3334 1451 3402 descendit,
1501 3340 1781 3394 ascendens
1832 3344 1888 3395 in

331 3407 574 3467 hominem
593 3431 742 3484 quem
769 3424 1075 3490 assumpsit,
1097 3440 1247 3493 quem
1275 3443 1410 3479 nunc
1432 3429 1695 3483 cherubim
1716 3448 1884 3486 sermo

330 3503 569 3568 nominat,
590 3507 813 3560 evolavit
839 3525 958 3562 cum
999 3528 1078 3578 eo,
1104 3530 1379 3570 ascensum
1429 3517 1628 3587 faciens
1659 3537 1774 3574 cum
1803 3523 1886 3575 di-

329 3591 486 3660 vinis,
536 3598 945 3666 spiritualibus,
996 3604 1391 3676 obsequentibus
1445 3611 1547 3665 sibi
1593 3629 1882 3681 pennarum

325 3689 490 3755 ventis,
519 3690 653 3759 ipsis
675 3693 836 3746 etiam
878 3697 1174 3764 appellatis.
1224 3698 1326 3754 Ubi
1380 3704 1727 3772 paucioribus
1757 3723 1882 3762 sen-

321 3777 524 3831 tentiam
585 3780 874 3849 exprimit,
924 3799 1084 3853 quam
1120 3785 1319 3843 ibidem
1356 3790 1425 3842 ab
1451 3788 1682 3846 Eusebio
1709 3807 1883 3848 enun-

318 3865 499 3936 tiatur,
521 3872 635 3925 etsi
666 3873 852 3930 eadem
881 3891 1105 3946 prorsus
1123 3887 1299 3934 mente
1319 3888 1370 3934 et
1392 3881 1832 3951 interpretatione
1863 3906 1874 3940 :

315 3971 426 4013 nam
463 3959 744 4020 Eusebius
773 3965 969 4022 ibidem
1014 3968 1369 4025 cherubinum
1402 3972 1553 4027 illum
1586 3975 1637 4028 in
1669 3977 1878 4046 psalmo

311 4061 708 4119 memoratum,
770 4075 870 4130 pro
922 4059 1260 4117 humanitate
1316 4062 1516 4120 Christi
1572 4066 1750 4123 habet.
1812 4069 1877 4122 Et

306 4143 455 4209 paulo
483 4153 622 4216 post
654 4147 793 4203 idem
821 4150 1071 4208 Gelasius
1127 4169 1192 4208 ex
1239 4155 1427 4211 eodem
1484 4161 1877 4215 commentario

308 4235 410 4292 haec
436 4238 600 4294 affert
628 4258 643 4294 :
677 4239 738 4295 Si
758 4258 874 4296 vero
908 4243 1176 4312 jurantem
1215 4264 1331 4301 eum
1361 4247 1591 4303 audieris
1625 4266 1715 4318 per
1751 4269 1875 4306 san-

307 4339 433 4384 ctum
459 4342 510 4386 et
539 4332 760 4387 Patrem
788 4353 962 4400 suum,
993 4339 1125 4392 audi
1138 4341 1406 4409 juranlem
1432 4358 1521 4410 per
1549 4343 1714 4397 Deum
1748 4344 1872 4399 Ver—

2020 500 2163 550 sulto
2191 498 2387 564 mittit;
2426 510 2537 554 tum
2567 501 2692 569 quia
2721 541 2734 562 ,
2795 503 2869 556 uti
2903 518 3068 572 supra
3101 502 3304 557 dictum
3351 509 3435 557 est
3464 542 3477 564 ,
3521 519 3586 555 ex

2018 597 2331 644 catenarum
2366 607 2466 645 usu
2504 592 2638 646 bene
2669 596 2837 646 multa
2894 595 2947 647 in
2993 593 3330 664 Scripturatn
3376 609 3588 650 sacram

2017 683 2409 736 commentaria
2440 699 2574 753 pene
2604 685 3000 741 ohsoleverant.
3038 685 3276 756 Indeque
3297 685 3436 740 forte
3466 684 3588 740 fue-

2017 774 2086 827 rit
2114 774 2256 842 quod
2289 784 2396 826 tam
2443 775 2758 845 infrequens
2821 777 2962 846 apud
3019 779 3314 847 scriptores
3369 775 3586 832 Graecos

2017 862 2210 917 horum
2244 864 2445 918 mentio
2473 877 2742 920 occurrat.

2614 975 2841 1030 CAPUT
2898 976 2984 1029 111.

2012 1081 2166 1120 κοτε
2207 1084 2483 1122 EUSEBIANI
2527 1085 2676 1123 ετηι
2716 1085 2784 1122 ΕΤ
2817 1086 2917 1122 ΑΞΫΙ
2952 1087 3000 1124 IN
3040 1086 3124 1124 IIIS
3164 1086 3578 1127 COMMENTARIIS.

2017 1181 2064 1236 Ι.
2108 1182 2180 1236 Ili
2219 1185 2578 1238 commentarii
2619 1194 2793 1252 aperte
2844 1184 3058 1239 Eusebii
3107 1196 3247 1239 sunt.
3289 1185 3373 1239 ΙΙ.
3415 1209 3433 1240 ‹
3478 1188 3580 1242 De-

2083 1256 2452 1325 monstrationi
2491 1257 2802 1325 evangelicae
2839 1274 2855 1307 ι
2903 1255 3038 1325 stylo
3081 1257 3297 1310 similes.
3337 1256 3456 1310 III.
3503 1258 3580 1312 De

2079 1324 2216 1395 stylo
2256 1324 2486 1379 Eusebii.
2519 1324 2632 1380 IV.
2668 1324 2968 1379 Maximini"
2983 1327 3341 1395 carniﬁcinam
3369 1337 3426 1380 ut
3452 1345 3579 1382 ocu-

2080 1394 2219 1450 latus
2258 1399 2402 1449 testis
2440 1406 2692 1449 memorat
2744 1396 3017 1450 Eusebius.
3073 1394 3138 1452 V.
3167 1397 3398 1466 Itemque
3441 1399 3576 1452 alio-

2079 1481 2196 1517 rum
2247 1466 2537 1519 Christiani
2587 1466 2814 1520 nominis
2864 1467 3115 1521 hostium.
3169 1465 3403 1534 VI.Quo
3446 1481 3572 1524 tem-

2076 1550 2200 1603 pore
2226 1538 2318 1590 hos
2345 1537 2746 1592 commentarios
2777 1537 3018 1591 ediderit.

2258 1647 2296 1696 1.
2323 1647 2386 1696 Hi
2407 1647 2749 1699 Commentarii
2771 1656 2942 1710 aperte
2975 1647 3171 1698 Eusebii
3195 1655 3326 1698 sunt.

2078 1751 2120 1803 Α
2154 1749 2264 1806 Deo
2287 1753 2572 1806 manifesta
2602 1760 2653 1806 et
2696 1768 2791 1820 per
2824 1767 2882 1806 se
2913 1753 3059 1806 clara
3089 1768 3175 1806 res
3207 1760 3310 1812 est,
3337 1751 3435 1808 hos
3490 1751 3572 1823 ip-

2003 1846 2248 1900 sissimos
2280 1861 2400 1902 esse
2429 1845 2643 1901 Eusebii
2662 1844 3010 1900 Ctesariensis
3033 1846 3468 1908 commentarios.
3511 1852 3570 1900 ut

2004 1953 2068 1990 ne
2107 1937 2188 1990 vel
2227 1937 2510 1991 minimum
2541 1936 2690 1991 dubii
2719 1935 2952 1991 eruditis
2971 1944 3024 1990 et
3057 1936 3343 2004 sagacibus
3377 1937 3567 1992 adver-

2002 2044 2120 2082 sum
2178 2028 2414 2085 suboriri
2471 2029 2660 2099 possit.
2728 2025 2926 2082 Verum
2979 2029 3105 2097 quia
3157 2027 3260 2083 hoc
3309 2042 3424 2083 aevo
3457 2044 3567 2084 non

2002 2124 2178 2193 pauci,
2213 2130 2272 2176 ut
2301 2122 2616 2177 criticorum
2668 2138 2863 2176 nomen
2911 2122 3013 2176 sibi
3046 2122 3283 2191 pariant,
3315 2122 3382 2177 de
3411 2122 3565 2180 libris

2000 2230 2135 2284 quos
2175 2230 2244 2269 ne
2291 2214 2372 2269 vel
2407 2212 2736 2282 primoribus
2765 2212 2981 2281 quidem
3015 2213 3182 2268 labris
3231 2217 3561 2283 attigerunt,

2000 2305 2322 2361 sententiam
2354 2304 2495 2359 ferre
2533 2304 2668 2358 nihil
2701 2313 2994 2359 verentur:
3038 2314 3091 2358 et
3122 2305 3295 2375 primo
3333 2323 3564 2379 conspe—

1997 2405 2086 2451 ctu
2125 2398 2196 2450 ita
2232 2399 2582 2469 pronuntiant
2615 2413 2629 2448 :
2674 2396 2790 2451 Non
2819 2396 2961 2466 sapit
3011 2399 3210 2468 stylum
3243 2399 3559 2470 scriptoris,

1998 2488 2276 2557 indignum
2309 2497 2535 2545 auctore
2563 2497 2751 2556 tanto;
2800 2506 2863 2544 ac
2889 2491 3208 2560 plerumque
3247 2490 3303 2545 in
3352 2501 3560 2562 partem

1995 2579 2228 2650 negandi
2258 2581 2611 2650 procliviores
2652 2591 2798 2644 sunt,
2832 2584 2959 2638 hinc
2997 2584 3100 2639 sibi
3129 2593 3447 2639 nasutormn
3484 2583 3562 2638 la-

1995 2687 2136 2726 mam
2161 2671 2548 2727 conciliaturos
2571 2689 2694 2729 esse
2733 2674 2873 2737 rati,
2923 2675 3124 2745 quibus
3151 2691 3258 2730 non
3298 2677 3457 2732 facile
3489 2680 3561 2732 sit

1992 2763 2156 2817 verba
2195 2763 2360 2831 dare;
2392 2763 2514 2818 ideo
2545 2764 2704 2819 nobis
2732 2763 2934 2837 aliquid
2965 2765 3032 2819 de
3060 2764 3368 2820 Eusebiano
3420 2769 3559 2838 styto

1993 2855 2077 2911 his
2109 2857 2164 2910 in
2191 2857 2602 2912 commentariis
2645 2858 2962 2928 conspicuo,
2999 2857 3172 2927 deque
3224 2858 3558 2914 manifestis-

1991 2949 2145 3004 simis
2178 2949 2377 3004 ibidem
2411 2949 2700 3005 Eusebiani
2733 2950 2832 3004 aevi
2859 2950 3055 3014 notis,
3087 2949 3388 3005 edisserere
3436 2952 3558 3005 ani-

1991 3055 2114 3095 ωυε
2141 3048 2243 3096 est.
2274 3057 2284 3068 '

2171 3133 2231 3182 11.
2258 3133 2672 3184 Demonstralioni
2706 3133 3004 3197 evangelica
3025 3137 3152 3195 stylo
3171 3136 3378 3184 similes.

2058 3238 2199 3293 Nulli
2230 3255 2294 3294 ex
2322 3239 2540 3296 Eusebii
2567 3241 2823 3312 operibus
2859 3242 2929 3294 ita
2961 3242 3141 3297 affinis
3182 3243 3374 3296 horum
3406 3257 3556 3296 com-

1988 3332 2377 3384 mentariorum
2429 3333 2602 3403 stylus
2636 3341 2739 3397 est,
2771 3344 2830 3386 ut
2861 3335 3168 3404 evangelica:
3210 3333 3549 3387 Demonstra-

1988 3423 2117 3477 tioni
2145 3438 2164 3476 :
2209 3439 2315 3477 non
2353 3427 2512 3480 modo
2540 3427 2681 3480 enim
2712 3427 2977 3482 dictiones
3020 3437 3072 3481 et
3110 3426 3379 3480 tractandi
3415 3429 3552 3480 ratio

1986 3525 2318 3582 consonant,
2369 3516 2463 3571 sed
2500 3518 2658 3571 etiam
2692 3515 3093 3587 Scripturarum
3147 3517 3551 3586 interpretatio-

1983 3623 2102 3671 nes,
2130 3609 2395 3662 sentcntia
2447 3623 2678 3678 semper,
2704 3609 2878 3662 verbis
2910 3625 3016 3663 non
3051 3609 3423 3678 iufrequenter
3475 3610 3550 3664 si—

1985 3699 2138 3754 miles
2195 3707 2341 3753 sunt.
2401 3700 2458 3754 ln
2508 3701 2963 3756 Demonstratione
3022 3701 3150 3755 item
3201 3699 3497 3771 evangelica
3530 3740 3545 3763 ,

1982 3789 2204 3860 perinde
2235 3799 2397 3860 atque
2427 3791 2479 3843 in
2515 3791 2619 3846 hoc
2642 3791 3032 3846 commentario
3065 3790 3268 3860 passim
3304 3789 3548 3844 offendas

1981 3884 2037 3938 in
2090 3881 2244 3945 illud,
2277 3883 2490 3954 νοήσεις
2532 3884 2866 3954 ἐπιστήσας,
2914 3882 3164 3953 intelliges
3217 3883 3262 3936 si
3311 3882 3548 3935 animum

1979 3975 2316 4040 adhibueris,
2367 3977 2526 4046 inque
2577 3985 2858 4032 sexcentas
2905 3977 3039 4031 alias
3077 3974 3290 4030 dicendi
3341 3975 3547 4030 formu—

1977 4068 2096 4132 las,
2187 4070 2342 4138 queis
2404 4071 2672 4125 sermonis
2753 4071 2821 4125 ab
2880 4071 2987 4126 alio
3050 4069 3116 4124 ad
3169 4070 3316 4124 aliud
3372 4070 3545 4126 series

1977 4161 2342 4218 transfertur:
2392 4178 2552 4217 voces
2601 4162 2833 4218 Eusebio
2892 4163 3280 4233 frequentatas,
3315 4163 3546 4233 aliisque

1977 4253 2336 4323 scriptoribus
2363 4253 2544 4308 minus
2571 4255 2800 4308 usitatas
2820 4293 2835 4316 ,
2878 4254 2934 4308 in
2967 4263 3198 4325 utroque
3230 4269 3394 4325 opere
3434 4255 3544 4308 ritu

1976 4346 2092 4416 pari
2119 4345 2391 4400 adhibitus
2412 4345 2784 4416 deprehendas
2810 4365 2823 4401 :
2854 4347 3245 4418 explicationes
3279 4346 3347 4400 de
3380 4343 3542 4400 Verbi

308 4421 436 4487 bum,
459 4425 606 4497 quod
630 4427 870 4482 omnibus
897 4432 1103 4486 sceculis
1133 4436 1449 4502 pra’exsistit
1479 4476 1492 4500 ,
1537 4446 1778 4490 sanctum
1822 4449 1871 4494 et
1904 4456 1946 4509 ι)
1976 4437 2280 4493 substantia
2309 4445 2363 4492 et
2391 4437 2592 4492 deitate
2627 4437 2699 4491 ita
2744 4438 3076 4500 consimiles,
3114 4445 3173 4491 ut
3203 4438 3344 4490 illico
3379 4451 3540 4489 unam

306 4517 632 4585 unigenitum
660 4517 773 4585 ejus
797 4517 1000 4574 Filium
1025 4562 1038 4584 ,
1089 4539 1240 4594 queat
1291 4525 1453 4579 Deum
1502 4529 1645 4581 varie
1685 4530 1870 4585 locuta:

303 4617 414 4661 ant
436 4607 649 4662 dudum
673 4627 704 4662 a
724 4610 873 4664 nobis
893 4615 1174 4681 propositae
1193 4631 1337 4670 voces
1363 4631 1381 4668 :
1412 4633 1501 4685 per
1521 4635 1678 4689 quem
1713 4620 1869 4688 jurat

301 4695 430 4753 Deus
453 4711 501 4754 et
528 4701 699 4754 Pater
719 4701 831 4770 ejus
855 4711 1103 4774 tanquam
1122 4705 1369 4761 dilectum
1396 4726 1534 4774 eum,
1571 4712 1662 4781 qui
1684 4727 1749 4766 ex
1788 4730 1871 4766 se-

301 4791 427 4845 mine
454 4791 635 4846 David
658 4802 756 4856 est,
787 4795 840 4848 in
861 4795 1128 4864 inﬁnitum
1150 4799 1400 4854 saeculum
1431 4802 1828 4871 gloriﬁcaturus
1849 4845 1866 4869 ,

299 4883 426 4949 quod
447 4885 617 4937 etiam
657 4886 856 4953 factum
875 4894 976 4952 est,
1001 4889 1208 4959 quando
1269 4891 1491 4946 Verbum
1529 4895 1866 4950 incarnatum

299 4986 406 5024 eum
429 4975 520 5043 qui
542 4989 615 5028 ea:
643 4975 838 5029 semine
868 4975 1036 5029 David
1059 4987 1138 5032 est
1174 4983 1494 5048 assumpsit,
1540 4992 1693 5054 atque
1717 4985 1869 5055 deiﬁ-

299 5073 407 5120 cat:
429 5066 567 5118 unde
595 5074 648 5118 et
670 5064 715 5116 F
718 5067 864 5120 ilium
890 5083 1008 5121 eum
1033 5070 1258 5138 appellat
1280 5071 1455 5126 dicens
1479 5089 1497 5128 :
1530 5092 1547 5125 ι
1580 5073 1689 5145 Ego
1712 5092 1800 5130 ero
1819 5077 1868 5130 ei

299 5153 345 5203 in
363 5151 655 5218 Patrem,et
672 5156 887 5224 ipseerit
904 5159 1032 5212 mihi
1056 5161 1105 5214 in
1126 5161 1425 5233 Filium(Il
1451 5163 1574 5235 Reg.
1601 5167 1814 5238 Vm”);
1841 5187 1859 5219 ι

297 5255 339 5295 et
364 5246 555 5301 iterum
581 5264 599 5301 :
628 5269 647 5300 ‹
683 5249 793 5321 Ego
832 5252 1231 5322 primogenitum
1255 5272 1448 5325 ponam
1496 5257 1648 5312 illum
1687 5259 1861 5330 (Psal.

299 5350 556 5403 Luxwu,
591 5340 707 5409 28).
749 5363 767 5396 ι
822 5343 948 5400 Haec
981 5346 1108 5402 item
1140 5349 1460 5418 compendio
1487 5351 1864 5420 exprimuntur

298 5442 357 5482 ex
385 5430 834 5502 interpretatione
861 5439 1056 5508 psalmi
1091 5455 1351 5507 cxxxvni,
1396 5445 1737 5515 maximeque
1797 5462 1860 5500 ex

300 5534 437 5576 vers.
466 5524 524 5588 4,
553 5525 608 5588 5,
638 5525 728 5591 56,
757 5529 828 5582 37
853 5539 906 5585 et
938 5531 1027 5586 58.

364 5612 475 5671 Etsi
511 5634 641 5673 vero
671 5618 899 5675 Photius
931 5623 1072 5679 inter
1107 5623 1324 5680 Eusebii
1353 5643 1516 5698 opera
1563 5628 1663 5685 hos
1713 5644 1862 5685 com-

301 5710 588 5766 mentarios
619 5728 727 5767 non
753 5723 1069 5782 recenseat,
1122 5717 1255 5772 nihil
1304 5720 1532 5787 mirum;
1588 5729 1701 5776 tum
1733 5722 1858 5792 quia

1973 4529 2190 4588 Eusebii
2226 4537 2482 4590 mentem,
2509 4545 2670 4583 unam
2720 4529 3006 4600 utrobique
3039 4545 3258 4583 manum
3290 4528 3536 4584 olfacias.

1970 4622 2174 4679 Verum
2207 4622 2395 4678 istbazc
2422 4623 2809 4677 exercitatione
2832 4623 3005 4692 prius,
3031 4638 3193 4694 quam
3227 4622 3536 4685 ratiocinio,

1972 4715 2150 4785 quivis
2183 4713 2419 4784 experiri
2451 4715 2626 4769 valeat
2663 4733 2675 4769 :
2717 4730 2893 4786 neque
2934 4715 3019 4770 his
3052 4714 3259 4771 diutius
3289 4716 3540 4772 insistere

1971 4808 2121 4872 libet,
2145 4807 2212 4862 de
2239 4807 2435 4878 quibus
2464 4807 2669 4861 nullam
2723 4823 2882 4877 spero
2907 4846 2920 4872 ,
2957 4807 3098 4878 apud
3127 4807 3380 4864 cordatos
3432 4807 3539 4862 sal-

1970 4907 2098 4965 tem,
2132 4901 2559 4956 controversiam
2592 4900 2851 4956 futuram.

2457 4991 2542 5041 IlI.
2578 4992 2653 5041 De
2671 4994 2801 5054 stylo
2825 4992 3042 5043 Eusebii.

2037 5094 2133 5149 Est
2166 5110 2329 5165 porro
2360 5095 2482 5164 styli
2518 5110 2691 5164 genus
2724 5093 2810 5147 hic
2841 5101 2900 5148 ut
2938 5095 2991 5148 in
3035 5093 3158 5147 aliis
3205 5093 3325 5164 ejus
3355 5095 3535 5162 operi-

1968 5187 2091 5248 bus,
2115 5187 2272 5255 quale
2295 5186 2552 5240 describit
2578 5184 2802 5240 Photius
2826 5185 2880 5238 in
2908 5185 3421 5248 Bibliotheca,tmm.
3448 5186 3526 5238 13:

1968 5281 2077 5351 Τὴν
2119 5281 2174 5332 δὲ
2209 5279 2406 5350 φράσιν
2447 5281 2545 5332 οὐκ
2577 5278 2722 5332 ἔστιν
2765 5279 3035 5346 οὐδαμοῦ..
3077 5277 3197 5329 οὔτε
3233 5278 3379 5347 ἡδὺς,
3409 5274 3530 5328 οὔτε

1966 5368 2306 5440 λαμπρότητι
2366 5369 2588 5438 χαίρων.
2649 5367 2970 5438 Πολυμαθὴς
3021 5367 3076 5420 δέ
3116 5369 3260 5421 ἐστιν
3294 5369 3322 5417 ὁ
3367 5365 3524 5432 ἁνήρ,

1965 5461 2068 5514 hoc
2096 5471 2180 5514 est
2206 5480 2217 5514 :
2253 5459 2496 5514 Dictione
2525 5468 2695 5513 autem
2719 5477 2976 5528 nusquam
2995 5461 3182 5518 suavis
3207 5467 3318 5517 est,
3364 5470 3527 5522 neque

1963 5555 2220 5624 elegantia
2247 5563 2484 5608 ornatus.
2521 5551 2926 5606 Ei-uditissimus
2959 5561 3131 5606 tamen
3159 5551 3234 5603 vir
3261 5556 3358 5600 est.
3403 5543 3526 5616 Sty-

1962 5649 2047 5705 lus
2077 5650 2258 5720 itaque
2279 5650 2399 5720 ejus
2428 5650 2674 5705 nonnihil
2716 5649 2986 5720 strigosus
3013 5655 3066 5702 et
3099 5645 3385 5717 perplexas
3415 5651 3520 5708 est,

1961 5756 2068 5796 non
2104 5747 2218 5796 arte
2247 5741 2511 5798 limatus:
2541 5742 2713 5798 oratio
2763 5741 2962 5798 nedum
3008 5745 3262 5795 excurrat
3314 5739 3479 5795 libere
3501 5777 3517 5803 .
