4042 6210
400 272 466 324 i9
1094 267 1362 324 EUSEBII
1401 269 1875 324 είίἰὸΑΙὶΙΕΝδῐΞ
1915 271 1954 324 0

2055 311 2064 324 .
2106 269 2285 324 PARS
2320 267 2406 322 lli.
2451 300 2516 308 —
2557 265 2965 322 EXEGETICA.

3578 224 3648 320 so

399 387 534 442 adeo
559 387 810 442 intricata
836 387 1152 458 plerumque
1180 396 1295 454 est,
1327 397 1385 441 ut
1413 389 1700 460 scriptoris
1732 401 1963 445 mentem
1995 398 2034 454 Α
2067 399 2219 453 sunt,
2257 391 2332 442 ita
2359 397 2416 442 ut
2457 387 2707 441 divinitus
2749 387 3042 440 immissum
3072 385 3172 438 sibi
3213 383 3483 454 ﬂagellum
3527 384 3646 435 aui-

395 480 482 535 vix
511 495 826 550 assequare.
862 479 1124 534 Periodos
1162 480 1235 532 ita
1279 481 1519 549 prolixas
1559 484 1744 545 ducit,
1781 488 1840 536 ut
1865 497 1962 536 ex-

395 577 624 626 tractam
655 571 872 642 longius
898 573 1111 633 seriem,
1142 572 1187 626 si
1217 572 1344 640 quid
1380 573 1502 629 novi
1545 574 1714 628 menti
1748 590 1968 630 succur-

393 663 565 729 terit,
611 662 846 718 subinde
901 664 1222 732 intercipiat,
1259 665 1386 718 dum
1434 681 1735 735 suspensus
1782 669 1964 722 animo

396 754 586 819 lector,
620 769 722 808 nec
761 770 869 824 quo
901 753 1186 817 deducere,
1222 771 1322 809 nec
1375 756 1464 809 ubi
1498 757 1749 813 claudere
1805 774 1970 830 arguq

394 853 640 901 mentum
663 847 808 912 velit,
832 846 1134 916 intelligere
1163 849 1325 904 valet.
1355 848 1508 914 Quod
1539 851 1772 906 maxime
1800 852 1884 906 his
1907 853 1962 906 in

395 939 800 993 commentariis
836 938 1225 1001 observes,ubi
1255 948 1542 1011 perpetuus
1571 951 1811 997 veterum
1843 959 1962 999 ver-

397 1029 633 1093 siouum,
663 1045 781 1099 qua:
805 1039 862 1083 ut
896 1029 1192 1099 plurimum
1249 1030 1597 1106 subbarbarm
1627 1043 1775 1096 sunt,
1801 1050 1957 1098 usus,

395 1123 627 1193 aliquam
675 1123 814 1194 stylo
864 1123 987 1191 ejus
1042 1125 1221 1179 intulit
1270 1126 1726 1196 peregrinitatem.
1776 1125 1961 1196 Neque

394 1221 572 1269 tamen
603 1228 699 1283 par
721 1214 922 1282 ubique
951 1215 1077 1285 styli
1101 1215 1238 1269 ratio
1279 1223 1398 1268 est:
1439 1229 1562 1268 nam
1608 1213 1698 1267 ubi
1753 1213 1822 1268 ad
1865 1215 1960 1270 de-

392 1304 719 1374 scriptiones
751 1308 1003 1372 vertitur,
1056 1309 1250 1362 scriem
1289 1315 1518 1361 exornat
1563 1307 1742 1362 verbis
1795 1323 1956 1376 quam

386 1405 571 1465 potest
597 1397 949 1464 lectissimis;
987 1413 1094 1452 non
1143 1407 1199 1451 ut
1240 1397 1444 1451 otiosos
1494 1397 1640 1451 inani
1685 1398 1957 1468 voluptate

389 1488 717 1551 demulceat,
745 1489 839 1543 sed
871 1497 930 1542 ut
958 1504 1020 1544 ex
1045 1505 1225 1544 rerum
1256 1505 1376 1558 qua:
1414 1490 1514 1545 sub
1555 1499 1828 1559 aspectum
1865 1505 1958 1541 ca-

390 1578 530 1633 dunt
562 1578 964 1649 pulchritmline
1017 1589 1071 1634 et
1120 1587 1423 1642 concentu,
1467 1579 1533 1632 ad
1579 1579 1789 1650 opilicis
1822 1595 1954 1632 con-

415 1671 793 1740 cmplationem
825 1672 1049 1724 alliciat.
1103 1669 1192 1724 Sic
1242 1670 1309 1723 ad
1357 1672 1626 1740 psalmum
1677 1686 1847 1733 xvnt,
1889 1670 1955 1724 de

390 1779 556 1817 cursu
600 1763 731 1818 solis
761 1763 1037 1818 ﬂoridiora
1079 1763 1217 1833 stylo
1245 1762 1471 1817 miritice
1509 1763 1794 1818 edisserit:
1819 1763 1954 1817 alias

389 1854 640 1909 similiter
669 1854 736 1910 de
770 1870 936 1909 verno
979 1863 1242 1926 tempore,
1279 1855 1452 1925 deque
1482 1870 1744 1924 aquarum
1774 1855 1954 1909 divor-

390 1945 512 2008 tiis,
548 1961 669 2015 qua:
716 1949 1103 2017 sapientissimi
1135 1946 1448 2002 Conditoris
1481 1955 1649 2001 nutus
1699 1946 1763 2000 ad
1796 1955 1956 2000 terrm

390 2038 601 2091 cultum
631 2048 685 2092 et
719 2037 1104 2093 fecunditatem
1157 2039 1489 2094 moderatur.
1540 2037 1726 2093 Divine
1775 2049 1953 2093 autem

388 2127 632 2197 loquitur
659 2129 832 2184 sicubi
861 2139 1049 2184 contra
1099 2145 1192 2185 eos
1243 2130 1549 2198 disceptat,
1605 2130 1696 2199 qui
1747 2137 1952 2199 tempe-

385 2231 544 2276 rante
575 2219 792 2275 fortuna
821 2238 1000 2277 rermn
1037 2222 1394 2276 humanarum
1433 2222 1604 2275 aleam
1640 2219 1834 2276 cadere
1863 2236 1952 2275 ar-

386 2313 695 2379 bitrantur;
731 2313 844 2368 sive
876 2315 1039 2369 etiam
1063 2354 1077 2374 ,
1127 2315 1220 2382 qui
1256 2327 1346 2367 res
1387 2327 1610 2375 omnes,
1666 2329 1787 2382 quae
1827 2319 1954 2368 sunt

387 2406 593 2460 homini
623 2406 968 2475 expetendze,
1001 2406 1277 2474 voluptate
1324 2408 1658 2461 metiuntur:
1695 2407 1950 2475 frequen-

389 2494 597 2550 tissime
637 2510 767 2548 vero
795 2495 920 2549 illos
949 2495 1218 2564 exagitat,
1275 2495 1366 2564 qui
1425 2495 1681 2552 mundum
1731 2495 1953 2548 fortuitu

387 2600 453 2639 ac
480 2601 546 2640 ex
579 2587 868 2641 temerario
897 2590 1128 2656 partium
1163 2602 1432 2642 concursu
1462 2597 1652 2656 Sponte
1683 2588 1952 2642 coaluisse

386 2676 722 2745 pugnabant,
758 2678 810 2730 in
867 2677 1061 2748 hisque
1118 2686 1252 2733 sane'
1305 2679 1612 2734 invenimus
1661 2676 1956 2733 Eusebium

385 2764 622 2822 Eusebio
655 2769 1064 2838 elegantiorem.

445 2881 526 2935 ιν.
553 2875 800 2933 Maximini
821 2883 1143 2991 carniﬁcltéam
1171 2887 1230 2991 ait
1250 2885 1473 2932 oculatus
1498 2884 1640 2932 testis
1659 2887 1896 2931 memorat

1081 2957 1167 2991 use
1224 2957 1296 2990 us.

1081 2957 1296 2992 USCD‘lUS.

457 3027 599 3082 Ᾱῐνο
649 3041 752 3082 suo
811 3033 1149 3096 grassantem
1196 3025 1473 3080 Maximini
1509 3026 1562 3079 in
1617 3025 1956 3081 Christianos

385 3117 850 3183 carniﬁcinam'ut
883 3116 1132 3172 oculatus
1183 3116 1342 3172 testis
1380 3123 1642 3172 memorat
1706 3116 1772 3170 ad
1814 3117 1949 3186 psal.

386 3225 574 3277 xxxvi,
598 3210 688 3264 ubi
724 3219 1008 3281 postquam
1039 3211 1316 3280 gentilium
1343 3211 1729 3266 immanitatem
1764 3225 1952 3265 recen-

387 3303 518 3370 suit,
551 3303 666 3359 haec
699 3303 920 3359 subdit:
958 3305 1165 3376 ’Ὠσπερ
1205 3305 1261 3357 δὲ
1288 3304 1457 3359 ταῦτα
1505 3307 1911 3378 ἱστορησάμενοι
1932 3347 1947 3372 ,

384 3393 527 3450 οὕτω
554 3395 648 3451 καὶ
669 3396 764 3468 τὴν
787 3395 1145 3467 μετελθοῦσαν
1189 3398 1385 3460 αὐτοὺς
1414 3397 1547 3452 Θεοῦ
1581 3398 1736 3467 δίκην
1766 3398 1953 3452 τεθεά-

387 3491 560 3568 μεθα,
613 3490 866 3560 τοιαύτην
925 3491 1255 3562 γενομένην,
1300 3490 1374 3554 ὡς
1432 3492 1506 3564 μὴ
1567 3493 1829 3562 ἁμαρτεῖν
1862 3493 1951 3544 τὸν

383 3585 630 3657 φήσαντα
661 3583 892 3653 ἀληθῶς,
923 3583 1019 3653 τὴν
1049 3581 1316 3654 ῥομφαίαν
1352 3583 1528 3635 αὐτῶν
1554 3581 1952 3655 εἰσεληλυθέναι

381 3677 464 3738 ρξς
495 3677 594 3745 τὴν
637 3675 859 3746 καρδίαν
906 3675 1112 3738 αὐτῶν,
1158 3677 1250 3728 καὶ
1297 3675 1364 3728 τὰ
1433 3673 1562 3738 τόξα
1613 3672 1789 3728 αὐτῶν
1830 3691 1954 3726 συν-

382 3765 686 3838 τετριφθαι,
717 3765 769 3819 id
798 3773 878 3820 est
911 3785 922 3819 :
952 3764 1016 3820 Ut
1034 3774 1207 3818 autem
1227 3766 1334 3819 ha’c
1357 3765 1600 3828 vidimus,
1627 3765 1702 3817 ita
1725 3777 1773 3818 et
1803 3767 1955 3819 ultio-

383 3877 499 3926 nem
522 3858 620 3913 Dei
645 3860 785 3928 ipsos
817 3857 1144 3913 invadentem
1166 3857 1515 3927 suspeximus,
1549 3873 1664 3926 qua:
1687 3857 1811 3910 talis
1844 3857 1952 3910 uti-

382 3967 479 4027 que
525 3950 647 4019 fuit,
675 3959 732 4002 ut
771 3950 902 4018 nihil
931 3949 1251 4002 aberrnverit
1305 3949 1350 4001 is
1394 3948 1485 4018 qui
1532 3946 1687 4013 dixit,
1717 3947 1953 4018 gladium

380 4059 563 4097 eorum
603 4042 829 4111 inﬁxum
856 4042 910 4096 in
943 4040 1103 4094 corda
1143 4043 1414 4108 ipsorum,
1472 4049 1522 4094 et
1569 4057 1723 4094 arcus
1775 4055 1952 4093 eorum

381 4136 678 4204 confractos
726 4151 858 4191 esse.
894 4134 960 4188 Et
989 4134 1160 4188 alibi:
1198 4133 1326 4199 Quis
1384 4143 1556 4188 autem
1607 4135 1772 4189 oculis
1829 4151 1950 4189 con-

388 4229 672 4294 templatus
736 4228 926 4296 impios
990 4227 1136 4297 (nam
1187 4223 1372 4281 Graeca
1427 4227 1734 4299 compendii
1788 4240 1952 4281 causa

380 4318 671 4390 mittimus)
702 4319 792 4389 qui
848 4334 956 4375 αδυο
999 4329 1178 4372 nostro
1209 4335 1273 4372 ex
1301 4319 1519 4385 divitiis,
1552 4318 1742 4388 gloria,
1773 4317 1951 4388 digni-

382 4410 578 4477 tatibus
612 4411 664 4476 in
704 4408 1057 4462 admiratione
1118 4409 1282 4478 fuere,
1314 4411 1368 4464 in
1429 4410 1725 4482 multasque
1777 4420 1952 4482 gentes

379 4499 657 4567 iinperium
690 4497 974 4564 obtinuere,
1010 4508 1212 4568 repente
1253 4499 1318 4552 ab
1360 4500 1457 4554 hac
1518 4498 1825 4554 celsitudine
1874 4500 1956 4553 la-

379 4605 522 4658 psos,
554 4606 656 4656 non
687 4589 920 4658 fateatur
965 4606 1140 4643 rerum
1168 4607 1278 4644 esse
1308 4591 1580 4644 oraculum
1603 4590 1954 4661 Itujusmodi?

503 4703 812 4767 V.,ltemque
839 4704 1046 4753 aliorum
1078 4704 1337 4755 Christiani
1365 4707 1575 4755 nominis
1597 4706 1829 4757 hostium.

450 4807 659 4864 Diserte
686 4824 814 4864 vero
868 4809 936 4863 ad
985 4813 1132 4880 psal.
1191 4824 1340 4864 vau
1388 4811 1612 4881 quinam
1674 4810 1752 4866 illi
1795 4811 1953 4866 Chri-

379 4898 684 4953 stianorum
738 4900 1020 4956 carniﬁces
1083 4902 1438 4970 imperatores
1463 4943 1478 4966 ,
1534 4910 1588 4957 et
1619 4917 1728 4972 quo
1761 4902 1954 4956 mortis

378 5007 577 5062 genere
608 4993 810 5048 sublati
843 4994 952 5048 sint
979 5004 1202 5050 enarrat
1243 4997 1327 5052 his
1360 4996 1540 5052 verbis
1574 5015 1586 5050 :
1626 4994 1760 5050 Ha'c
1796 5010 1952 5062 porro

378 5104 530 5156 opere
559 5089 817 5158 completa
863 5105 956 5143 nos
1000 5091 1128 5158 ipsis
1161 5091 1327 5144 oculis
1357 5090 1680 5158 percepimus
1706 5104 1724 5141 :
1764 5086 1952 5158 quibus

378 5202 507 5240 sane
537 5186 812 5240 verisimile
841 5197 1179 5255 estpOsteros
1216 5195 1423 5238 nostros
1455 5182 1755 5237 incredulos
1775 5221 1790 5245 ,
1834 5197 1951 5233 cum

381 5280 491 5333 hac
520 5278 754 5344 audient,
784 5280 942 5349 ﬁdem
966 5296 1070 5334 non
1097 5278 1369 5332 habituros
1393 5293 1524 5332 esse.
1551 5275 1815 5344 Quotquot
1848 5277 1948 5345 igi-

381 5382 470 5425 tur
501 5390 608 5428 tero
644 5382 823 5428 nostra
855 5372 998 5441 fuere
1031 5370 1282 5424 Ecclesia:
1313 5369 1405 5422 Dei
1444 5369 1665 5430 inimici,
1693 5368 1947 5435 principes

378 5465 535 5536 .‘tujus
555 5467 746 5522 surculi.
767 5475 818 5520 et
857 5465 1072 5535 tyranni
1097 5502 1112 5525 ,
1155 5463 1409 5517 divinitus
1439 5463 1693 5517 immissis
1722 5462 1949 5533 flagellis

379 5557 605 5621 laniati;
635 5557 733 5610 alii
775 5554 985 5627 quidem
1029 5555 1263 5620 corporis
1304 5552 1498 5605 cariem
1540 5554 1770 5620 perpessi
1801 5561 1948 5616 sunt,

378 5657 437 5708 nt
467 5650 630 5701 etiam
663 5647 740 5701 vel
773 5645 943 5706 adhuc
999 5643 1218 5699 viventes
1270 5659 1387 5707 cum
1414 5643 1739 5712 intolerabili
1784 5641 1950 5709 fetore

380 5738 640 5798 vermibus
670 5747 970 5792 scaterent:
1023 5737 1117 5797 alii
1176 5738 1390 5792 viventes
1444 5739 1563 5792 item
1611 5738 1776 5792 oculis
1811 5737 1952 5806 capti

2071 483 2468 546 madverterent,
2514 479 2941 550 palinodiamque
2969 487 3246 541 canerent,
3297 493 3359 529 ac
3395 475 3648 532 Ecclesia

2070 576 2236 632 Deum
2275 591 2521 646 magnum
2575 589 2882 642 rerumque,
2927 581 2976 625 et
3013 571 3183 624 solum
3217 586 3328 623 esse
3359 569 3644 622 Dominum

2068 668 2463 736 conﬁterentur,
2494 680 2801 734 summaque
2834 679 2962 716 cura
2994 663 3348 730 prwciperent,
3376 669 3430 713 ut
3457 661 3642 714 civitas

2066 759 2162 812 illa
2195 757 2308 822 Dei,
2342 757 2407 810 ab
2451 773 2505 811 se
2529 755 2654 810 olim
2712 756 3018 824 impugnata
3045 793 3059 815 ,
3104 762 3526 816 restauraretur,
3578 768 3642 804 ac

2065 849 2232 903 denuo
2256 859 2666 903 construeretur.
2692 846 2957 901 Videlicet
2978 845 3228 901 Galerius
3258 845 3636 906 Maximianus,

2063 942 2154 1010 qui
2201 940 2467 996 vermium
2539 936 2706 994 fetore
2769 938 3129 1008 computruit,
3165 945 3225 990 ut
3272 937 3429 990 habet
3473 936 3639 990 Euse-

2062 1032 2184 1086 bius
2220 1030 2363 1084 Hist.
2417 1030 2543 1083 eccl.
2582 1030 2675 1084 lib.
2710 1045 2802 1082 vui
2835 1070 2850 1096 ,
2904 1043 2953 1082 c.
2990 1027 3084 1092 16;
3134 1027 3273 1082 alius
3309 1028 3399 1096 qui
3445 1033 3642 1096 captus

2063 1122 2241 1177 oculis
2269 1121 2460 1185 fertur,
2487 1131 2567 1176 est
2601 1119 2928 1174 Maximinus
2956 1117 3194 1173 Orientis
3225 1119 3539 1182 imperator,
3576 1125 3638 1172 ut

2061 1214 2136 1266 ait
2169 1213 2457 1276 Eusebius,
2497 1213 2534 1266 l.
2571 1229 2646 1275 Ix,
2678 1227 2728 1266 c.
2767 1212 2853 1265 ll).
2909 1209 3210 1279 Utrumque
3241 1221 3370 1263 vero
3420 1210 3640 1279 palino-

2060 1303 2202 1358 diam
2235 1304 2501 1359 cecinissc
2529 1311 2718 1358 narrat
2745 1301 3011 1357 Eusebius
3045 1301 3132 1355 hic
3179 1311 3233 1356 et
3291 1302 3341 1352 iu
3388 1300 3638 1355 Historia

2057 1396 2434 1452 ecclesiastica.
2500 1394 2762 1449 Similiter
2815 1393 2881 1447 ad
2932 1394 3194 1462 psalmum
3227 1407 3467 1456 Lxxvm,
3519 1393 3640 1448 hate

2059 1487 2264 1541 habet:
2323 1485 2500 1556 Neque
2553 1487 2725 1541 solum
2780 1487 2846 1538 iis
2911 1485 3036 1555 (qui
3091 1494 3331 1553 tempore
3379 1483 3632 1537 Antiochi

2059 1580 2210 1650 passi
2255 1581 2407 1652 sunt)
2442 1580 2550 1634 ha’c
2583 1580 2780 1633 tradita
2811 1579 2988 1647 fuere;
3038 1578 3275 1632 omnibus
3317 1579 3502 1647 quippe
3554 1579 3638 1632 si-

2057 1672 2208 1725 milia
2229 1672 2546 1740 patientibus
2582 1681 2876 1738 competunt
2901 1687 2918 1723 :
2947 1671 3069 1739 quia
3097 1670 3150 1722 in
3166 1670 3630 1737 persecutionibus,

2055 1780 2170 1833 qua:
2201 1773 2379 1817 nostra
2403 1772 2556 1818 celate
2585 1764 2929 1831 contigerunt,
2947 1763 3172 1816 sexcenti
3187 1773 3345 1829 supra
3364 1762 3632 1816 recensitis

2055 1856 2252 1909 similia
2280 1864 2400 1909 sunt
2434 1855 2680 1925 perpessi.
2732 1853 2797 1906 Et
2832 1854 2897 1907 ad
2945 1853 3209 1922 psalmum
3260 1867 3346 1916 xc,
3382 1867 3526 1908 vers.
3569 1852 3628 1918 9,

2055 1963 2114 2002 se
2147 1964 2252 2002 non
2285 1948 2448 2002 unius
2479 1955 2687 2000 tantum
2744 1946 2838 2001 sed
2889 1947 3244 2015 plurimarum
3296 1946 3633 2016 persecutio-

2054 2055 2182 2092 num
2215 2047 2404 2093 testem
2436 2038 2605 2092 fuisse
2641 2045 2860 2100 narrat,
2893 2044 3262 2108 tyrannosque
3295 2053 3403 2090 non
3433 2036 3524 2089 diu
3560 2037 3630 2090 ab

2054 2131 2203 2186 illata
2234 2129 2561 2186 Christianis
2595 2129 2767 2192 clade,
2821 2130 3043 2184 interitu
3101 2129 3286 2198 plexos
3323 2129 3407 2181 his
3437 2128 3632 2182 testiﬁ-

2052 2234 2246 2279 catur:
2288 2223 2400 2278 Nos
2445 2233 2618 2277 autem
2657 2224 2926 2276 veritatem
2972 2224 3085 2290 ipsa
3135 2220 3490 2288 exemplorum
3545 2221 3627 2272 inv

2055 2316 2422 2383 terpretatione
2451 2313 2792 2383 percepimus,
2820 2322 3088 2380 conspecto
3121 2311 3282 2363 variis
3315 2309 3627 2378 temporibus

2055 2403 2346 2459 Ecclesium
2374 2403 2571 2458 Christi
2615 2401 3032 2471 impugnantium
3089 2399 3263 2462 exitu,
3307 2400 3396 2468 qui
3448 2399 3624 2468 confe-

2055 2499 2180 2550 stim
2201 2537 2216 2561 ,
2253 2513 2315 2550 ne
2345 2497 2596 2549 diuturno
2628 2503 2743 2562 post
2774 2506 3018 2561 tempore,
3049 2491 3293 2545 debellati
3323 2501 3463 2545 sunt.
3509 2489 3627 2560 Ipso

2054 2603 2288 2659 namque
2311 2588 2520 2642 viderat
2562 2586 2986 2646 Diocletianum,
3045 2582 3426 2637 Maximianum
3469 2581 3628 2636 Gale-

2054 2681 2216 2746 rium,
2243 2678 2592 2734 Maximinum
2615 2685 2670 2732 et
2697 2676 2963 2730 Licinium
2989 2715 3004 2738 ,
3047 2676 3144 2744 qui
3189 2675 3243 2730 in
3279 2675 3625 2730 Christianos
3665 2704 3667 2706 -

2054 2769 2424 2823 carniﬁcinam
2451 2773 2840 2829 exercuerant,
2901 2763 3140 2818 infausto
3185 2766 3376 2820 mortis
3428 2753 3630 2836 genere

2053 2859 2304 2929 periisse.

2225 2968 2302 3018 Vl.
2330 2968 2437 3028 Quo
2460 2975 2681 3031 tempore
2703 2969 2793 3018 bos
2816 2968 3188 3018 commentarios
3209 2968 3442 3017 ediderit.

1981 3088 2027 3151 ς
2130 3071 2589 3130 Manifestissimis
2633 3074 2799 3145 igitur
2829 3075 2974 3137 notis
3020 3073 3346 3143 iudiciisque
3381 3087 3499 3127 sese
3531 3071 3628 3126 ho-

2059 3181 2178 3221 rum
2209 3168 2723 3222 commentariorum
2765 3175 3042 3221 auctorem
3089 3167 3266 3237 prodit
3316 3166 3622 3220 Eusebius:

2055 3253 2165 3326 jam
2199 3270 2326 3310 vero
2358 3265 2528 3310 restat
2578 3263 2640 3309 ut
2691 3257 3034 3326 exploremus
3075 3272 3183 3326 quo
3239 3266 3482 3326 tempore
3520 3258 3626 3309 hoc

2057 3361 2193 3416 opus
2225 3345 2478 3401 ediderit.
2514 3345 2630 3415 Qua
2661 3346 2729 3400 de
2763 3362 2821 3400 re
2861 3362 2924 3400 ex
2975 3363 3084 3400 uno
3124 3355 3331 3399 tantum
3385 3347 3504 3399 loco
3547 3347 3631 3398 lu-

2058 3450 2174 3490 cem
2203 3438 2440 3491 mutuari
2478 3437 2622 3491 licet.
2660 3436 2754 3492 Est
2787 3439 2835 3493 is
2891 3439 2944 3490 in
3004 3438 3214 3503 psalmo
3265 3453 3514 3499 Lxxxvu,
3553 3436 3624 3490 ad

2057 3527 2204 3583 hunc
2253 3544 2470 3584 versum
2506 3547 2518 3581 :
2548 3526 2796 3598 Nunquid
2850 3529 3069 3582 mortuis
3118 3529 3279 3597 [acies
3317 3528 3625 3584 mirabilia?

2058 3621 2150 3676 ubi
2190 3621 2270 3676 sic
2315 3620 2478 3674 habet
2512 3638 2525 3673 :
2567 3621 2628 3672 El
2660 3621 2718 3675 δέ
2744 3638 2826 3686 τις
2861 3621 2983 3675 νοῦν
3025 3623 3334 3692 ἐπιστήσειε
3364 3625 3473 3686 τοῖς
3501 3621 3623 3675 καθ’

2057 3714 2204 3784 ἡμᾶς
2233 3713 2373 3782 ἀμφὶ
2398 3713 2458 3764 τὸ
2481 3713 2665 3783 μνῆμα
2683 3714 2773 3766 καὶ
2806 3713 2864 3766 τὸ
2899 3713 3195 3786 μαρτύριον
3227 3714 3320 3766 τοῦ
3372 3714 3624 3785 Σωτῆρος

2059 3801 2214 3873 ἡμῶν
2255 3801 2642 3855 ὲπιτελεσθείσι
2698 3802 3050 3874 Θαυμασίοις,
3079 3803 3290 3874 ἀληθῶς
3331 3802 3530 3856 εἴσεται
3566 3802 3626 3855 ὅ-

2060 3911 2180 3956 πως
2220 3893 2565 3965 πεπλήρωται
2594 3894 2776 3967 ἔργοις
2819 3895 2886 3948 τὰ
2923 3895 3314 3964 τεθεσπισμένα
3340 3935 3354 3958 ,
3410 3894 3462 3947 id
3504 3903 3620 3948 est:

2062 3986 2214 4053 Quod
2241 3989 2287 4040 si
2320 3989 2433 4058 quis
2474 3989 2706 4040 animum
2739 3987 2984 4041 adhibeat
3017 3989 3102 4053 iis,
3129 4003 3244 4057 qua:
3271 3995 3447 4040 nostro
3492 3995 3623 4038 tem-

2057 4094 2179 4147 pore
2209 4079 2283 4134 ad
2312 4081 2605 4149 sepulcrum
2655 4091 2703 4134 et
2755 4082 3072 4150 martyrium
3127 4079 3417 4133 Saluatoris
3451 4077 3621 4130 nostri

2057 4184 2271 4243 patrata
2304 4184 2448 4240 sunt,
2479 4174 2810 4228 mirabilibus
2831 4212 2847 4239 ,
2898 4175 2940 4226 is
2983 4190 3109 4227 sane
3137 4170 3472 4240 deprehendet
3521 4185 3621 4239 quo

2056 4275 2210 4334 pacto
2238 4283 2301 4321 ea
2327 4283 2443 4337 qua:
2487 4266 2845 4335 pra'nuntiata
2878 4265 3126 4333 fuerant,
3175 4280 3322 4330 opere
3366 4260 3622 4330 completa

2057 4359 2183 4413 sint.
2213 4357 2289 4413 De
2320 4359 2602 4413 miraculis
2643 4359 2698 4412 in
2733 4358 2985 4426 sepulcro
3017 4363 3071 4410 et
3117 4356 3376 4425 martyrio
3419 4353 3621 4408 Christi

1984 4453 2032 4511 D
2059 4450 2219 4505 editis
2242 4465 2312 4504 ne
2336 4450 2558 4504 verbum
2588 4448 2804 4518 quidem
2831 4447 3097 4502 Eusebius
3122 4447 3176 4500 in
3220 4445 3334 4498 Vita
3365 4443 3621 4499 Constan-

2061 4542 2197 4604 tini;
2226 4541 2328 4595 etsi
2351 4541 2645 4603 detectum,
2672 4548 2896 4594 curante
2923 4538 3122 4592 Helena
3144 4578 3157 4602 ,
3209 4539 3513 4606 sepulcrum
3565 4545 3621 4591 et

2057 4632 2379 4702 martyrium
2431 4639 2714 4694 memoret,
2746 4636 3078 4684 exstructam
3136 4628 3324 4682 eodem
3378 4628 3493 4682 loco
3524 4643 3619 4696 per

2054 4724 2472 4780 Constantinum
2503 4721 3094 4792 magnificentissimam
3141 4719 3422 4774 ecclesiam
3460 4735 3582 4773 enat
3613 4751 3621 4758 ν

2055 4825 2134 4872 ret
2162 4857 2177 4881 ,
2209 4816 2473 4887 synodum
2499 4816 2552 4869 in
2579 4815 2824 4885 ejusdem
2848 4814 3091 4868 ecclesia:
3119 4813 3369 4867 enca‘niis
3397 4829 3494 4867 seu
3524 4812 3620 4866 de—

2056 4909 2326 4964 dicatione
2387 4909 2714 4964 celebratam
2786 4921 2927 4961 anno
2985 4907 3128 4972 555,
3187 4907 3493 4960 minutatim
3565 4914 3620 4956 et

2055 4999 2278 5070 κομψῶς
2307 5000 2598 5056 describat.
2625 4998 2825 5054 Verum
2864 4999 2954 5052 hic
2989 4997 3056 5052 de
3085 4998 3362 5052 miraculis
3393 4998 3474 5065 agi
3501 5011 3621 5065 que

2056 5107 2084 5144 a
2139 5089 2354 5154 Ruﬁno,
2390 5091 2627 5162 Sulpicio
2658 5089 2879 5156 Severo,
2908 5090 3161 5155 Socrate,
3217 5088 3519 5144 Sozomeno
3569 5095 3621 5139 et

2055 5183 2396 5237 Theodoreto
2429 5191 2801 5245 recensentur,
2830 5197 2898 5237 ne
2930 5183 3191 5251 ambigas.
3223 5181 3390 5234 Aiunt
3420 5193 3621 5250 quippe

2057 5275 2156 5336 illi,
2193 5276 2405 5331 amante
2435 5277 2658 5330 numine
2718 5275 2894 5330 locum
2942 5276 3183 5346 sepulcri
3218 5272 3476 5327 Helenam
3525 5271 3620 5324 dc-

2056 5368 2275 5431 tcxisse,
2308 5376 2422 5423 tres
2454 5368 2525 5422 ibi
2560 5383 2750 5421 cruces
2779 5374 3022 5437 repertas
3047 5381 3198 5430 esse;
3245 5363 3618 5430 haerentesque

2053 5476 2244 5517 omnes
2268 5476 2512 5531 quaenam
2545 5476 2611 5516 ex
2662 5461 2838 5515 tribus
2868 5459 3070 5516 Christi
3101 5457 3398 5526 suspendio
3423 5469 3620 5509 conse-

2053 5561 2203 5608 crata
2229 5553 2441 5617 fuisset,
2471 5553 2636 5608 dubio
2669 5552 2886 5608 tandem
2921 5552 3126 5607 levatos
3157 5549 3327 5605 luisse
3348 5589 3364 5614 ,
3404 5562 3528 5603 cum
3562 5548 3618 5602 in

2051 5647 2307 5702 extremis
2339 5660 2504 5717 agens
2541 5643 2756 5707 mulier,
2789 5658 2854 5699 ex
2898 5642 3126 5697 aliarum
3192 5647 3449 5699 contactu
3481 5637 3618 5693 nihil

2058 5737 2274 5793 remedii
2322 5745 2648 5801 consecuta,
2703 5737 2916 5790 admota
2969 5735 3182 5791 demum
3232 5747 3356 5787 vera
3412 5730 3616 5786 Christi
