4042 6210
417 375 480 428 91
1200 361 1705 419 COMMENTARIA
1742 360 1806 412 l.\'
1838 358 2177 414 PSALMOS.
2226 391 2289 400 —-
2327 360 2866 416 PBJELHHNARIA.

3583 365 3654 419 92

361 507 380 528 κ
415 505 608 548 cruce,
647 485 832 540 statim
867 499 894 535 a
925 483 1108 537 morbo
1131 483 1342 550 penitus
1365 489 1632 542 recreata,
1655 491 1708 534 et
1746 481 1992 549 pristina:
2025 487 2066 540 Α
2096 481 2285 534 tentim
2321 495 2451 534 vero
2489 481 2773 535 ratiocinia
2804 479 3030 550 profert,
3077 481 3232 545 nihil,
3265 479 3407 551 quod
3441 481 3505 534 ad
3539 495 3650 534 rem

417 577 719 636 valetudini
753 575 997 630 restituta
1023 581 1122 628 est.
1147 571 1282 627 Cum
1313 579 1492 626 autem
1524 573 1636 625 haec
1682 586 1824 624 anno
1859 571 1984 634 527,

420 669 842 738 autinsequenti
884 675 1028 736 gesta
1073 664 1213 727 sint,
1271 663 1397 716 hinc
1431 665 1786 733 consequitur
1817 662 1989 718 Euse-

421 766 577 820 bium
605 778 701 816 sua
727 761 779 814 in
801 758 1043 813 Psalmos
1079 759 1474 812 commentaria
1522 757 1622 811 sub
1650 757 1764 810 haec
1789 755 1992 811 edidis-

427 869 510 910 se.
541 850 718 920 Neque
748 858 923 902 tamen
957 848 1142 903 statim
1195 856 1384 916 postea
1411 887 1425 910 ,
1481 847 1575 902 sed
1633 848 1817 902 multis
1862 847 1990 900 hinc

427 944 620 1011 elapsis
649 945 802 994 annis
830 939 945 993 haac
974 939 1326 993 elucubrasse
1379 938 1608 994 suadere
1643 939 1857 993 videtur
1887 954 1988 992 vox

425 1034 547 1088 καθ’
575 1035 869 1104 quiaque:
901 1042 1083 1086 nostra
1115 1042 1268 1086 (etate
1299 1031 1600 1100 signiﬁcat;
1628 1047 1803 1100 neque
1840 1032 1986 1085 enim

422 1141 518 1196 pro
540 1127 894 1195 praesentibus
919 1137 1011 1181 aut
1039 1128 1111 1180 ita
1141 1128 1363 1196 nuperis
1405 1130 1566 1182 rebus
1613 1128 1727 1181 hzec
1760 1127 1985 1196 loquen-

414 1219 467 1270 di
499 1219 636 1270 ratio
659 1233 757 1271 usu
782 1218 967 1272 venire
999 1218 1155 1272 solet.
1195 1217 1286 1271 Sic
1338 1219 1427 1272 ille
1469 1233 1592 1272 cum
1623 1218 1689 1272 de
1741 1221 1987 1290 tyrannis

409 1310 541 1379 agit,
576 1310 668 1379 qui
701 1310 813 1377 jam
843 1310 1041 1364 multos
1080 1318 1208 1364 ante
1243 1325 1418 1364 annos
1465 1309 1576 1365 fato
1607 1308 1772 1364 functi
1803 1320 1980 1374 erant,

407 1415 540 1455 voce
571 1399 691 1454 καθ’
727 1402 873 1472 ἡμᾶς
907 1403 1094 1467 utitur,
1123 1418 1283 1472 quam
1307 1409 1485 1456 tamen
1517 1417 1783 1471 nusquam
1821 1419 1982 1456 usur-

404 1499 498 1560 pat
525 1505 655 1545 cum
689 1491 756 1546 de
786 1493 982 1553 rebus,
1021 1508 1142 1564 qua:
1173 1494 1253 1546 vel
1298 1494 1390 1547 illo
1439 1493 1730 1557 scribente,
1765 1495 1845 1548 vel
1880 1511 1980 1548 nu-

404 1583 648 1652 perrime
677 1591 840 1653 gestae
866 1593 1029 1647 sunt,
1078 1586 1276 1654 agitur.
1330 1582 1528 1639 Verum
1567 1594 1624 1638 ut
1658 1585 1770 1640 haec
1803 1588 1980 1655 conjec

399 1676 607 1731 ctando
652 1678 824 1732 solum
858 1677 1128 1742 dicimus,
1185 1679 1258 1733 ita
1319 1688 1440 1748 post
1488 1694 1686 1734 annum
1717 1681 1819 1734 527
1848 1721 1862 1744 ,
1913 1696 1976 1736 ea

400 1783 571 1838 quam
603 1784 769 1837 supra
797 1768 1037 1824 diximus
1085 1769 1152 1824 de
1180 1785 1345 1825 causa
1367 1810 1382 1833 ,
1426 1770 1599 1825 editos
1643 1781 1975 1825 commenta-

2101 571 2390 640 pertineat,
2417 572 2678 626 intactum
2715 571 2994 642 relinquit.
3032 570 3219 627 Parem
3251 571 3508 642 arguendi
3543 571 3650 626 vim

2093 672 2146 716 et
2177 662 2485 715 methodum
2510 662 2929 727 animadvertas,
2959 677 3082 716 cum
3104 678 3291 718 eorum
3321 664 3648 718 sententiam

2096 754 2338 823 depellit,
2375 755 2467 822 qui
2517 755 2726 807 numeri
2756 756 3021 807 rationem
3055 753 3120 806 ad
3154 754 3419 825 eujusque
3455 755 3646 824 psalmi

2096 843 2499 914 intelligentiam
2531 845 2776 898 conferre
2797 845 3108 914 pugnabant
3140 863 3152 898 :
3186 861 3345 914 quam
3372 845 3649 898 Philonis-

2090 950 2214 988 nam
2249 935 2573 1004 explanandi
2609 937 2939 1001 methodum,
2972 943 3028 988 ut
3062 935 3266 990 futilem
3297 945 3350 992 ct
3372 936 3648 1008 ἀπροσδιό-

2089 1044 2265 1090 νυσον,
2302 1027 2539 1096 explodit
2567 1025 2850 1080 Eusebius.

2464 1137 2548 1186 lll.
2580 1137 2652 1186 De
2675 1138 2878 1187 litterali
2899 1141 3258 1201 explanatione.

2156 1242 2466 1297 Litteralcm
2491 1241 2833 1298 Psalmorum
2869 1254 3101 1299 mentem
3133 1247 3221 1299 ubi
3255 1247 3493 1316 explicat
3525 1245 3640 1300 Eu-

2085 1333 2290 1396 sebius,
2320 1335 2614 1403 genuinum
2636 1337 2798 1407 vulgo
2829 1352 3049 1392 sensum
3079 1339 3314 1408 attingit,
3349 1353 3521 1408 neque
3563 1340 3634 1393 ita

2084 1427 2394 1494 frequenter
2422 1426 2636 1480 aberrat
2687 1444 2717 1480 a
2767 1441 2936 1497 scopo
2964 1435 3018 1481 et
3055 1444 3085 1482 a
3129 1443 3256 1482 vera
3296 1427 3634 1482 Psalmorum

2084 1519 2369 1574 sententia.
2403 1517 2604 1573 Aderat
2656 1520 2856 1589 quippe
2902 1521 3081 1589 opima
3132 1519 3222 1573 illa
3275 1518 3635 1591 Hexaplorum

2081 1613 2345 1682 supellex,
2379 1612 2521 1666 unde
2543 1621 2596 1666 et
2625 1611 2948 1667 Hebraicam
2986 1614 3272 1668 lectionem
3305 1622 3360 1668 et
3395 1620 3633 1669 veterum

2080 1703 2428 1771 interpretum
2456 1703 2755 1757 versionem
2778 1703 3011 1757 mutuari
3033 1712 3236 1773 posset.
3257 1702 3443 1772 Neque
3465 1705 3632 1766 enim,

2078 1804 2135 1850 ut
2179 1811 2244 1847 ex
2291 1794 2375 1848 his
2413 1794 2823 1849 commentariis
2869 1793 3272 1864 deprehendere
3327 1794 3474 1856 licet,
3530 1792 3636 1848 lle-

401 1860 521 1914 rios
556 1857 812 1913 aliirmari
847 1875 1004 1929 posse
1040 1870 1312 1931 putamus.
1377 1863 1579 1918 Detecti
1618 1865 1746 1919 item
1789 1862 1961 1917 Domi-

2074 1886 2254 1940 braice
2283 1886 2489 1954 peritus
2522 1885 2624 1938 fuit
2658 1857 2959 1940 Eusebius;
2987 1885 3252 1955 siquidem
3280 1884 3347 1940 de
3370 1883 3633 1940 Hebraica

403 1949 517 2003 nici
552 1948 788 2017 sepulcri
836 1951 1078 2005 meminit
1116 1951 1382 2009 Eusebius
1413 1953 1480 2008 ad
1513 1953 1780 2022 psalmum
1813 1969 1969 2015 cvm,

403 2039 494 2094 his
525 2041 742 2094 verbis:
781 2039 893 2094 Hoc
927 2053 1097 2096 autem
1123 2043 1364 2106 ediscas,
1413 2047 1459 2098 si
1516 2045 1810 2099 consideres
1871 2062 1974 2115 qua

401 2138 578 2184 mente
607 2131 714 2184 sint
733 2129 932 2194 Iudici,
958 2133 1182 2188 uidentes
1211 2134 1416 2205 quidem
1443 2137 1736 2189 veneranda
1764 2145 1813 2189 et
1843 2153 1971 2190 san-

395 2230 489 2272 cta
522 2236 620 2274 sua
644 2221 882 2289 funditus
912 2222 1117 2288 deleta;
1145 2227 1290 2280 illius
1319 2243 1436 2280 vero
1463 2229 1552 2296 qui
1583 2227 1647 2280 ab
1671 2229 1796 2294 ipsis
1825 2228 1971 2295 igno-

397 2313 567 2365 minia
599 2314 839 2382 aﬂsctss,
870 2332 930 2368 ac
961 2317 1013 2370 in
1047 2333 1250 2372 crucem
1281 2328 1329 2372 et
1361 2328 1578 2371 mortem
1610 2318 1835 2372 traditus
1868 2329 1967 2382 est,

393 2405 717 2472 sepulcrum,
747 2405 924 2462 studio
966 2416 1015 2460 et
1043 2408 1326 2462 honoribus
1364 2410 1651 2473 celebrari,
1704 2409 1967 2465 Ecclesia:

396 2505 599 2558 autem,
633 2513 750 2565 quia
785 2498 896 2568 ejus
925 2501 1112 2554 virtute
1155 2515 1248 2569 per
1295 2510 1461 2555 totum
1510 2502 1682 2558 orbem
1731 2502 1970 2572 fundam

394 2597 542 2651 sunt,
576 2590 629 2642 in
655 2588 764 2643 dies
791 2580 1102 2656 accrescere,
1134 2600 1242 2647 etc.

1002 2702 1230 2758 CAPUT
1275 2703 1366 2758 ιγ.

395 2832 464 2870 ΒΕ
504 2831 708 2872 GENSBE
745 2832 1167 2872 lfi‘l’ERPﬂl-ZTANDI
1210 2833 1416 2873 EUSEBII
1440 2858 1453 2879 ,
1491 2833 1659 2882 DEQUE
1701 2834 1963 2884 ANTIQUIS

758 2902 1104 2942 VEBSIONIBUS
1142 2905 1207 2941 ΔΒ
1244 2905 1310 2942 ΕΟ
1349 2904 1592 2943 λιιλτιε.

387 2974 448 3031 Ι.
482 2976 870 3046 Interpretandi
893 2995 1048 3046 genus
1084 2977 1364 3032 Eusebium
1395 2983 1754 3034 commentarii
1777 2991 1964 3036 aucto-

465 3063 573 3120 r_e_n_i
596 3049 790 3120 prodit.
812 3046 896 3101 Il.
934 3047 1328 3120 Obseruationes
1352 3052 1546 3120 criticcc
1562 3053 1777 3120 egregia:
1801 3063 1958 3107 noue.

473 3113 703 3191 ιιιςιρρ
749 3118 966 3191 litterali
1009 3119 1390 3191 erplanatione.
1426 3119 1528 3174 IV.
1579 3113 1655 3175 De
1680 3113 1960 3191 'mystago-

465 3185 605 3306 gica.
651 3183 710 3236 ν.
749 3185 1002 3237 Eusebius
1036 3189 1305 3254 Origenem
1363 3191 1627 3258 sequitur,
1664 3183 1768 3244 alii
1789 3183 1956 3246 Eusc-

501 3254 632 3306 ium.
668 3252 761 3306 γι.
790 3254 1028 3306 Antiquis
1060 3257 1418 3306 internretibus
1451 3259 1736 3306 frenuenter
1761 3265 1946 3306 utitur-

2077 1977 2165 2031 ille
2196 1977 2424 2031 lectione
2465 1977 2782 2046 plerumque
2808 1992 2916 2030 non
2948 1977 3020 2030 ita
3047 1978 3207 2031 docte
3231 1975 3511 2043 edisserit,
3543 1985 3633 2031 ut-

2074 2075 2198 2134 pote
2227 2065 2316 2135 qui
2364 2064 2627 2120 Hehraica
2681 2065 2884 2121 Graecis
2916 2065 3111 2120 litteris
3137 2081 3415 2135 expressa,
3448 2067 3629 2136 qualia

2074 2157 2126 2211 in
2156 2155 2410 2227 llexaplis
2439 2167 2618 2221 erant,
2655 2167 2863 2213 tantum
2911 2159 3136 2228 legerit;
3170 2157 3264 2214 sed
3313 2160 3359 2213 si
3401 2158 3531 2229 quid
3563 2159 3630 2214 de

2071 2250 2294 2306 vocibus
2325 2259 2378 2304 et
2413 2251 2606 2306 litteris
2631 2250 2912 2306 Hebraicis
2933 2251 3061 2304 hinc
3086 2250 3210 2304 inde
3243 2249 3446 2314 tradat,
3479 2250 3534 2305 id
3562 2265 3628 2305 ex

2071 2339 2308 2396 Hebraeis
2357 2351 2635 2397 mutuatus
2666 2350 2768 2397 est.
2821 2341 2884 2394 Et
2924 2341 3119 2394 mirum
3176 2355 3309 2396 sane
3352 2339 3625 2394 hominem

2067 2434 2158 2503 qui
2201 2434 2254 2487 in
2288 2433 2574 2489 Palaestina
2600 2443 2810 2489 aetatem
2839 2434 2965 2505 egit,
2992 2449 3114 2487 cum
3143 2431 3344 2488 Judaais
3370 2432 3624 2503 frequen-

2067 2533 2149 2579 ter
2178 2540 2480 2580 sermonem
2510 2527 2720 2589 habuit,
2760 2524 3014 2594 Hexaplis
3039 2534 3093 2578 et
3125 2523 3458 2578 Bibliotheca:
3499 2523 3629 2576 diui-

2066 2634 2146 2671 na:
2174 2631 2297 2672 cum
2345 2614 2630 2686 Pamphilo
2663 2623 2901 2686 martyre
2940 2616 3249 2683 digerendis
3280 2630 3498 2686 operam
3531 2615 3625 2669 de-

2063 2707 2164 2770 dit,
2195 2705 2457 2761 Hebraice
2485 2705 2813 2759 ineruditum
2844 2704 3048 2758 fuisse?
3085 2702 3409 2759 Doctoribus
3441 2711 3619 2759 autem

2064 2800 2179 2857 suis
2229 2799 2392 2856 nimis
2423 2798 2702 2854 credulum
2739 2812 2978 2868 persaepe
3007 2786 3400 2864 deprehendas,
3435 2803 3620 2865 utpote

2061 2893 2154 2963 qui
2186 2893 2443 2946 nonnulla
2471 2892 2742 2946 interdum
2786 2889 2993 2953 aﬁ‘erat,
3029 2888 3116 2944 ubi
3145 2886 3450 2942 accuratior
3478 2889 3621 2940 noti-

2060 2984 2134 3038 tia
2180 2983 2549 3051 desideretur;
2595 2982 2828 3052 exempli
2882 2997 3048 3036 causa
3095 2981 3160 3035 ad
3210 2981 3355 3034 hunc
3401 2994 3618 3034 versum

2060 3076 2252 3145 psalmi
2285 3091 2396 3140 cxt,
2437 3074 2518 3128 Ex
2547 3084 2695 3129 utero
2738 3084 2860 3127 ante
2901 3073 3178 3141 luciferum
3223 3073 3374 3142 genui
3421 3081 3488 3136 te,
3526 3071 3617 3126 ubi

2059 3165 2382 3222 Hebraicum
2417 3179 2630 3230 01117:,
2669 3165 2927 3219 Merehem
2971 3165 3153 3229 habet,
3189 3172 3248 3216 ut
3281 3162 3616 3233 probabilem

501 3254 632 3306 iuni.
668 3252 761 3307 γι.
790 3254 1028 3324 Antiquis
1044 3237 1946 3328 “intéipiétioinﬁééziénEnnii}.
1981 3237 2025 3296 δ
2058 3259 2342 3328 cujusdam
2393 3261 2701 3329 opinionem
2738 3258 2916 3321 aﬂ‘ert,
2952 3258 3045 3327 qui
3085 3255 3310 3328 putabat
3357 3255 3447 3310 hic
3491 3255 3618 3309 hea-

394 3369 434 3418 Ι.
456 3365 818 3427 lnterpretandi
865 3382 1022 3431 genus
1043 3370 1307 3482 Eusegi'um
1339 3374 1670 3424 commentarii
1703 3385 1951 3428 auctorem

1082 3445 1168 3482 pro
1205 3446 1216 3480 l
1246 3469 1259 3481 .

1082 3445 1259 3494 proatt.

459 3531 637 3589 Hasce
690 3536 1108 3592 commentarios
1181 3552 1494 3608 germanum
1557 3556 1678 3598 esse
1732 3543 1950 3600 Eusebii

387 3640 546 3696 Opus,
578 3642 686 3682 non
717 3642 782 3682 ex
812 3629 1108 3696 praemissis
1137 3631 1319 3694 modo,
1356 3633 1449 3687 sed
1483 3633 1645 3688 etiam
1683 3652 1748 3690 ex
1781 3638 1949 3693 inter-

389 3715 637 3786 pretandi
688 3733 903 3786 genere,
935 3734 998 3772 ex
1048 3719 1326 3789 frequente
1360 3723 1453 3776 illo
1505 3731 1743 3778 veterum
1781 3727 1952 3782 inter-
2032 3789 2035 3792 _

389 3813 598 3874 pretum
632 3823 757 3871 usu,
801 3825 868 3863 ex
906 3807 1198 3880 Scriptura:
1249 3827 1420 3866 sacra:
1475 3815 1664 3882 peritia
1699 3831 1948 3888 compro-

386 3896 565 3953 batur.
594 3897 690 3951 His
723 3914 780 3953 se
823 3902 1042 3956 tesseris
1071 3911 1124 3956 et
1167 3907 1502 3974 argumentis
1530 3908 1746 3962 exhibet
1777 3905 1948 3964 Euse-

385 3989 509 4047 hius
535 3992 623 4046 ille
653 3991 916 4064 Pamphili
967 3999 1218 4068 martyris
1270 4001 1474 4066 socius,
1508 4001 1759 4071 quicum,
1808 4011 1948 4059 teste

384 4079 743 4154 Hieronymo,
799 4084 1044 4140 Divinam
1097 4088 1474 4144 Bibliothecam
1537 4090 1945 4160 diligentissime

384 4174 794 4245 pervestigarat.
858 4175 984 4232 Tria
1043 4189 1376 4248 porro‘eum
1454 4183 1642 4250 primis
1701 4191 1944 4237 contem-

381 4266 578 4336 planda
611 4268 769 4322 nobis
798 4267 951 4323 oﬂ'ert
977 4270 1683 4342 celeberrimusinterpres:
1722 4274 1943 4332 criticas

381 4355 437 4409 in
462 4354 801 4411 Psalmorum
837 4358 1082 4415 ordinem
1120 4369 1299 4426 notas,
1331 4363 1827 4431 interpretationem
1854 4366 1944 4420 lit-

381 4444 638 4510 teralem,
695 4456 748 4501 et
807 4450 1224 4518 mystagogieam
1282 4452 1601 4521 explanandi
1655 4453 1828 4518 viam,
1877 4455 1943 4510 de

385 4532 586 4600 quibus
618 4552 787 4604 pauca
815 4538 1099 4609 praelibare
1125 4557 1155 4595 e
1185 4557 1243 4596 re
1271 4540 1450 4596 fuerit.

612 4642 672 4694 ll.
701 4645 1082 4698 Observationes
1101 4651 1301 4710 critica,
1323 4652 1540 4714 egregiae
1560 4656 1706 4702 notis.

457 4739 870 4806 Observationes
934 4751 1150 4808 Eusebii
1206 4755 1450 4818 criticae,
1517 4757 1746 4826 egregiae
1799 4766 1939 4812 notae

385 4841 515 4888 sunt
555 4854 568 4888 :
598 4853 718 4893 nam
751 4853 944 4910 praeter
971 4862 1032 4900 ea
1059 4861 1181 4917 quae
1216 4847 1269 4901 in
1304 4848 1714 4917 prmfationibus
1746 4849 1933 4904 ferun-

384 4933 492 4982 tur.
522 4940 628 4978 non
659 4935 956 4996 spernenda
991 4952 1140 5002 sane,
1175 4939 1342 4992 multa
1371 4940 1798 5008 expositionibus
1821 4942 1935 4997 suis

381 5013 450 5067 de
481 5013 669 5069 ordine
697 5025 750 5071 et
777 5021 842 5072 de
887 5033 1109 5080 auctore
1161 5029 1426 5097 cujusque
1473 5029 1664 5098 psalmi
1707 5030 1936 5086 subinde

381 5107 678 5173 praemittit,
703 5125 822 5176 quae
845 5112 1104 5180 judicium
1140 5122 1496 5190 peritiamque
1544 5123 1824 5191 scriptoris
1847 5140 1936 5178 ar-

378 5197 546 5280 guant
579 5211 592 5247 :
630 5209 736 5263 qua
769 5195 824 5249 in
871 5214 929 5254 re
960 5217 1088 5258 sane
1118 5208 1203 5260 vix
1232 5209 1542 5264 accuratius
1576 5214 1934 5280 sagaciusque

375 5277 640 5350 disputari
669 5301 828 5354 posse
852 5292 1192 5348 zestimabunt
1216 5301 1391 5366 periti.
1422 5299 1479 5355 In
1505 5301 1589 5357 his
1618 5277 1794 5356 autem
1825 5277 1934 5358 Eu-

377 5371 583 5436 sebius,
615 5376 707 5444 qui
739 5393 1016 5448 nunquam
1053 5391 1368 5452 compendio
1401 5393 1628 5453 studuit,
1680 5395 1798 5449 sine
1833 5397 1934 5450 ali-

374 5473 484 5528 qtto
516 5461 736 5517 lectoris
759 5468 920 5520 taedio
951 5469 1235 5528 fastidiove
1263 5479 1523 5543 prolixius
1556 5482 1686 5551 agit.
1727 5483 1780 5536 ld
1804 5499 1932 5538 vero

377 5553 677 5614 praesertim
718 5555 974 5612 observes
1006 5559 1060 5614 in
1092 5561 1209 5629 ejus
1238 5564 1304 5618 de
1334 5566 1677 5625 Abimelecho
1723 5573 1928 5628 disser-

375 5638 601 5704 tatione,
635 5643 690 5698 in
719 5650 1204 5717 perquisitionibus
1235 5653 1303 5710 de
1330 5673 1454 5710 vera
1479 5659 1817 5718 Psalmorum
1844 5682 1932 5720 se-

311 5763 314 5766 .
373 5727 454 5826 rie
486 5740 538 5786 et
569 5735 636 5790 de
663 5754 922 5808 germano
948 5744 1214 5816 cujusque
1261 5757 1481 5804 auctore
1519 5772 1533 5806 :
1588 5755 1928 5826 maximeque

2059 3359 2166 3404 tam
2196 3351 2417 3406 Mariam
2441 3350 2723 3420 Deiparam
2749 3349 2999 3411 indicari,
3023 3348 3167 3418 quod
3191 3363 3320 3402 sane
3336 3345 3619 3418 ἀπροσδιό-

2057 3459 2214 3496 νυσον
2244 3450 2329 3497 est
2359 3462 2372 3496 :
2402 3458 2526 3496 nam
2558 3440 2754 3502 Maria,
2794 3456 2988 3494 nomen
3029 3439 3168 3508 apud
3221 3437 3472 3494 Hebr-mos
3506 3438 3614 3489 fre-

2056 3534 2470 3606 quentissimum
2497 3542 2687 3597 tamn,
2716 3530 2765 3583 Μ
2777 3533 2931 3584 iriam
2955 3531 3329 3595 scribebatur;
3361 3537 3414 3584 et
3453 3526 3616 3583 Mer."-

2055 3627 2168 3680 hem
2198 3623 2332 3679 nihil
2363 3623 2506 3677 aliud
2532 3638 2718 3692 quam,
2743 3637 2808 3674 ex
2829 3630 2996 3682 utero,
3028 3617 3319 3688 signiﬁcat.

2551 3735 2632 3785 ιν.
2660 3734 2735 3783 De
2757 3735 3101 3796 mystagogica.

2125 3838 2541 3910 Mystagogicam
2573 3837 2898 3907 explanandi
2930 3837 3095 3901 viam,
3141 3853 3248 3906 qua
3294 3837 3360 3892 ad
3409 3837 3612 3894 Christi

2050 3943 2337 4000 personam
2385 3930 2469 3984 vel
2501 3928 2820 3992 Ecelesiam,
2853 3930 2967 3984 sive
3007 3929 3074 3984 ad
3115 3929 3322 3984 fidelem
3351 3929 3608 3993 animam,

2051 4029 2142 4076 aut
2167 4022 2381 4076 demum
2411 4022 2476 4077 ad
2499 4023 2772 4076 caelestem
2801 4021 3019 4076 Sionem
3043 4022 3222 4076 omnia
3254 4021 3606 4083 reducuntur,

2051 4114 2339 4169 admodum
2374 4113 2732 4184 frequentavit
2759 4114 3058 4170 Eusebius:
3086 4115 3212 4184 quia
3236 4114 3328 4170 illo
3347 4129 3460 4169 aevo
3481 4128 3603 4168 cum

2049 4204 2218 4261 Judaei
2272 4214 2532 4276 perpetuo
2560 4205 2889 4262 Christianis
2938 4206 3315 4277 obgannirent,
3350 4213 3512 4274 atque
3540 4220 3607 4258 ex

2047 4314 2212 4368 prave
2259 4300 2471 4353 detorta
2525 4296 2929 4367 Seripturarum
2965 4297 3256 4361 sententia,
3297 4296 3603 4352 Christiana

2045 4392 2112 4445 de
2143 4389 2430 4446 Servatore
2453 4390 2701 4460 dogmata
2731 4390 3073 4446 traducerent
3101 4391 3156 4444 in
3185 4389 3301 4445 dies
3322 4432 3336 4456 ,
3379 4389 3606 4456 scripto-

2043 4494 2132 4534 res
2178 4479 2534 4534 ecclesiastici
2578 4487 2790 4542 contra,
2829 4488 2886 4533 ut
2935 4479 3197 4548 petulanti
3249 4488 3302 4532 et
3353 4487 3603 4547 protervo

1972 4571 2229 4643 Dgcneri
2261 4577 2633 4635 occurrerent,
2660 4572 2838 4624 omnia
2873 4569 2939 4624 ad
2961 4570 3240 4624 Christum
3270 4578 3326 4625 et
3352 4570 3417 4623 ad
3445 4568 3603 4626 Chri-

2043 4659 2112 4711 sti
2141 4657 2439 4712 Ecclesiam
2472 4659 2780 4712 referebant
2827 4677 2842 4716 :
2895 4675 2994 4714 nec
3044 4660 3206 4715 modo
3250 4675 3314 4716 ea
3367 4675 3489 4730 quae
3535 4661 3602 4716 de

2040 4746 2258 4801 Christo
2285 4757 2338 4804 et
2375 4749 2442 4804 de
2471 4749 2673 4805 Christi
2708 4750 2960 4806 ﬁdelibus
2991 4751 3192 4808 diserte
3222 4763 3275 4808 et
3317 4754 3600 4809 evidenter

2039 4839 2314 4892 enuntiata
2343 4838 2575 4903 fuerant,
2598 4839 2691 4895 sed
2723 4842 2886 4895 etiam
2917 4859 3056 4912 quae,
3089 4843 3234 4898 haud
3266 4845 3339 4897 ila
3365 4845 3601 4902 dilucide

2039 4940 2313 4994 enarrata,
2345 4941 2569 5000 possent
2598 4931 2650 4984 in
2679 4933 2943 4987 utramvis
2974 4943 3178 5003 partem
3211 4935 3464 4994 derivari.
3491 4936 3600 4992 Nec

2038 5029 2214 5074 tutum
2273 5032 2391 5076 erat
2444 5023 2552 5077 illis
2605 5023 2941 5092 temporibus
2988 5024 3378 5095 interpretandi
3435 5028 3594 5083 aliam

2036 5114 2175 5167 inire
2221 5115 2484 5170 rationem
2517 5131 2531 5167 :
2565 5122 2714 5168 certe
2762 5131 2872 5170 non
2904 5116 3124 5186 impune
3175 5117 3276 5172 fuit
3307 5118 3594 5174 Theodoro

2037 5203 2435 5274 Mopsuesteno,
2463 5204 2606 5274 quod
2634 5207 2878 5275 neglecta
2901 5213 3268 5282 mystagogica
3300 5213 3411 5277 illa,
3444 5215 3588 5267 litte-

2036 5297 2134 5350 rali
2169 5298 2341 5351 solum
2368 5299 2690 5355 attenderet.
3366 5323 3372 5330 ·

2103 5387 2368 5442 Caeterum
2402 5390 2548 5445 hunc
2574 5392 2898 5462 explanandi
2943 5395 3130 5460 ritum,
3183 5401 3402 5448 auctore
3431 5391 3588 5448 Chri-

2036 5489 2138 5543 sto,
2175 5485 2727 5539 commonstrantibus
2755 5486 3038 5555 apostolis,
3071 5486 3261 5541 sectati
3293 5491 3420 5538 sunt
3479 5480 3586 5536 Ec-

2035 5571 2213 5626 clesiae
2263 5573 2583 5642 scriptores.
2619 5574 2732 5630 Non
2763 5576 2926 5631 modo
2955 5579 3097 5632 enim
3131 5578 3210 5629 lex
3247 5579 3401 5627 vetus
3453 5573 3586 5643 legis

2032 5677 2183 5717 novae
2213 5663 2382 5733 ﬁgura
2413 5668 2655 5732 exstitit;
2687 5667 2780 5722 sed
2817 5672 2980 5724 etiam
3006 5685 3093 5725 res
3126 5669 3180 5721 in
3207 5665 3372 5719 veteri
3402 5664 3584 5723 Eccle-

2031 5755 2110 5809 sia
2169 5764 2352 5826 gestae,
2414 5759 2714 5828 praesertim
2764 5761 3082 5823 nobiliores,
3133 5757 3324 5812 umbra
3381 5759 3580 5815 Christi

374 5819 464 5876 ubi
495 5822 560 5880 de
587 5829 796 5895 psalmo
817 5833 870 5888 in
907 5837 1160 5908 spelunca
1185 5840 1410 5897 mirifice
1437 5843 1706 5902 edisserit.
1754 5819 1922 5904 Pede-
2028 5819 2252 5919 ejusque
2279 5819 2670 5920 discipulorum
2703 5859 2878 5912 erant.
2908 5851 3040 5907 Nam
3071 5819 3180 5903 lateo
3215 5850 3393 5907 omnia
3435 5854 3487 5908 in
3513 5853 3578 5926 ﬁ-
