  <div class='ocr_page' id='page_1' title='image "/cluster/home/n/w/nwhite01/storage/ocr_20150623/23/hvd.32044073501116/017.png"; bbox 0 0 4042 6210; ppageno 0'>
   <div class='ocr_carea' id='block_1_1' title="bbox 392 345 3641 412">
    <p class='ocr_par' dir='ltr' id='par_1_1' title="bbox 392 345 3641 412">
     <span class='ocr_line' id='line_1_1' title="bbox 392 345 3641 412; baseline 0.001 -10"><span class='ocrx_word' id='word_1_1' title='bbox 392 349 463 402; x_wconf 74' lang='lat'><strong><em>225</em></strong></span> <span class='ocrx_word' id='word_1_2' title='bbox 1032 348 1337 412; x_wconf 64' lang='lat' dir='ltr'><strong><em>{EUSEBII</em></strong></span> <span class='ocrx_word' id='word_1_3' title='bbox 1376 351 1852 411; x_wconf 67' lang='lat' dir='ltr'><strong><em>CASSARIENSIS</em></strong></span> <span class='ocrx_word' id='word_1_4' title='bbox 1888 354 2042 412; x_wconf 89' lang='lat' dir='ltr'><strong><em>OPP.</em></strong></span> <span class='ocrx_word' id='word_1_5' title='bbox 2082 348 2261 404; x_wconf 73' lang='lat' dir='ltr'><strong><em>PARS</em></strong></span> <span class='ocrx_word' id='word_1_6' title='bbox 2300 347 2392 401; x_wconf 89' lang='lat' dir='ltr'><strong><em>III.</em></strong></span> <span class='ocrx_word' id='word_1_7' title='bbox 2432 378 2504 388; x_wconf 89' lang='lat'><strong>——</strong></span> <span class='ocrx_word' id='word_1_8' title='bbox 2540 345 2955 403; x_wconf 77' lang='lat' dir='ltr'><strong><em>EXEGETICA.</em></strong></span> <span class='ocrx_word' id='word_1_9' title='bbox 3570 353 3641 404; x_wconf 62' lang='grc' dir='ltr'><strong><em>ξι</em></strong></span> 
     </span>
    </p>
   </div>
   <div class='ocr_carea' id='block_1_2' title="bbox 395 463 3640 537">
    <p class='ocr_par' dir='ltr' id='par_1_2' title="bbox 395 463 3640 537">
     <span class='ocr_line' id='line_1_2' title="bbox 395 463 3640 537; baseline 0.001 -20"><span class='ocrx_word' id='word_1_10' title='bbox 395 466 541 536; x_wconf 73' lang='lat' dir='ltr'><strong><em>guris</em></strong></span> <span class='ocrx_word' id='word_1_11' title='bbox 573 467 943 537; x_wconf 76' lang='lat' dir='ltr'><strong><em>contingebant</em></strong></span> <span class='ocrx_word' id='word_1_12' title='bbox 968 467 1076 522; x_wconf 76' lang='lat' dir='ltr'><strong><em>iHis</em></strong></span> <span class='ocrx_word' id='word_1_13' title='bbox 1103 485 1121 522; x_wconf 91' lang='lat'><em>:</em></span> <span class='ocrx_word' id='word_1_14' title='bbox 1165 471 1360 537; x_wconf 80' lang='lat' dir='ltr'><strong><em>scripta</em></strong></span> <span class='ocrx_word' id='word_1_15' title='bbox 1389 480 1510 524; x_wconf 80' lang='lat' dir='ltr'><strong><em>sunt</em></strong></span> <span class='ocrx_word' id='word_1_16' title='bbox 1544 482 1720 527; x_wconf 78' lang='lat' dir='ltr'><strong><em>autem</em></strong></span> <span class='ocrx_word' id='word_1_17' title='bbox 1765 473 1834 528; x_wconf 86' lang='lat' dir='ltr'><strong><em>ad</em></strong></span> <span class='ocrx_word' id='word_1_18' title='bbox 1878 492 1972 528; x_wconf 88' lang='lat' dir='ltr'><strong><em>no-</em></strong></span> <span class='ocrx_word' id='word_1_19' title='bbox 2006 479 2046 534; x_wconf 76' lang='grc' dir='ltr'><strong>Α</strong></span> <span class='ocrx_word' id='word_1_20' title='bbox 2077 478 2162 522; x_wconf 89' lang='lat' dir='ltr'><strong><em>rat</em></strong></span> <span class='ocrx_word' id='word_1_21' title='bbox 2200 468 2466 523; x_wconf 80' lang='lat' dir='ltr'><strong><em>Eusebius</em></strong></span> <span class='ocrx_word' id='word_1_22' title='bbox 2491 465 2557 520; x_wconf 90' lang='lat' dir='ltr'><strong><em>ad</em></strong></span> <span class='ocrx_word' id='word_1_23' title='bbox 2589 467 2852 536; x_wconf 77' lang='lat' dir='ltr'><strong><em>psalmum</em></strong></span> <span class='ocrx_word' id='word_1_24' title='bbox 2885 463 3458 520; x_wconf 77' lang='lat' dir='ltr'><strong><em>cxvtu.Tbeodoretus</em></strong></span> <span class='ocrx_word' id='word_1_25' title='bbox 3489 464 3640 528; x_wconf 80' lang='lat' dir='ltr'><strong><em>item,</em></strong></span> 
     </span>
    </p>
   </div>
   <div class='ocr_carea' id='block_1_3' title="bbox 397 558 1975 631">
    <p class='ocr_par' dir='ltr' id='par_1_3' title="bbox 397 558 1975 631">
     <span class='ocr_line' id='line_1_3' title="bbox 397 558 1975 631; baseline 0.006 -19"><span class='ocrx_word' id='word_1_26' title='bbox 397 571 565 612; x_wconf 79' lang='lat' dir='ltr'><strong><em>stram</em></strong></span> <span class='ocrx_word' id='word_1_27' title='bbox 595 558 1014 616; x_wconf 76' lang='lat' dir='ltr'><strong><em>admonitionem</em></strong></span> <span class='ocrx_word' id='word_1_28' title='bbox 1042 561 1095 631; x_wconf 88' lang='grc' dir='ltr'><strong><em>(Ι</em></strong></span> <span class='ocrx_word' id='word_1_29' title='bbox 1120 561 1244 617; x_wconf 87' lang='lat' dir='ltr'><strong><em>Cor.</em></strong></span> <span class='ocrx_word' id='word_1_30' title='bbox 1283 579 1337 623; x_wconf 69' lang='grc' dir='ltr'><strong><em>χ,</em></strong></span> <span class='ocrx_word' id='word_1_31' title='bbox 1368 564 1478 631; x_wconf 86' lang='grc' dir='ltr'><strong><em>Η).</em></strong></span> <span class='ocrx_word' id='word_1_32' title='bbox 1505 563 1660 620; x_wconf 84' lang='lat' dir='ltr'><strong><em>Unde</em></strong></span> <span class='ocrx_word' id='word_1_33' title='bbox 1691 564 1975 621; x_wconf 83' lang='lat' dir='ltr'><strong><em>Tertullia-</em></strong></span> 
     </span>
    </p>
   </div>
   <div class='ocr_carea' id='block_1_4' title="bbox 400 650 1970 723">
    <p class='ocr_par' dir='ltr' id='par_1_4' title="bbox 400 650 1970 723">
     <span class='ocr_line' id='line_1_4' title="bbox 400 650 1970 723; baseline 0.006 -20"><span class='ocrx_word' id='word_1_34' title='bbox 400 667 504 704; x_wconf 81' lang='lat' dir='ltr'><strong><em>nus</em></strong></span> <span class='ocrx_word' id='word_1_35' title='bbox 553 650 622 706; x_wconf 90' lang='lat' dir='ltr'><strong><em>de</em></strong></span> <span class='ocrx_word' id='word_1_36' title='bbox 672 655 1080 710; x_wconf 72' lang='lat' dir='ltr'><strong><em>resurrectione</em></strong></span> <span class='ocrx_word' id='word_1_37' title='bbox 1125 655 1330 719; x_wconf 88' lang='lat' dir='ltr'><strong><em>carnis,</em></strong></span> <span class='ocrx_word' id='word_1_38' title='bbox 1385 656 1542 710; x_wconf 88' lang='lat' dir='ltr'><strong><em>Talia</em></strong></span> <span class='ocrx_word' id='word_1_39' title='bbox 1587 659 1820 722; x_wconf 75' lang='lat' dir='ltr'><strong><em>interim,</em></strong></span> <span class='ocrx_word' id='word_1_40' title='bbox 1873 661 1970 723; x_wconf 90' lang='lat' dir='ltr'><strong><em>ait,</em></strong></span> 
     </span>
    </p>
   </div>
   <div class='ocr_carea' id='block_1_5' title="bbox 398 743 1972 818">
    <p class='ocr_par' dir='ltr' id='par_1_5' title="bbox 398 743 1972 818">
     <span class='ocr_line' id='line_1_5' title="bbox 398 743 1972 818; baseline 0.007 -24"><span class='ocrx_word' id='word_1_41' title='bbox 398 743 700 798; x_wconf 75' lang='lat' dir='ltr'><strong><em>diuinarum</em></strong></span> <span class='ocrx_word' id='word_1_42' title='bbox 733 747 1284 808; x_wconf 77' lang='lat' dir='ltr'><strong><em>viriumlineamenta,</em></strong></span> <span class='ocrx_word' id='word_1_43' title='bbox 1336 765 1438 801; x_wconf 88' lang='lat' dir='ltr'><strong><em>non</em></strong></span> <span class='ocrx_word' id='word_1_44' title='bbox 1484 750 1658 803; x_wconf 85' lang='lat' dir='ltr'><strong><em>minus</em></strong></span> <span class='ocrx_word' id='word_1_45' title='bbox 1703 751 1972 818; x_wconf 83' lang='lat' dir='ltr'><strong><em>parabolis</em></strong></span> 
     </span>
    </p>
   </div>
   <div class='ocr_carea' id='block_1_6' title="bbox 401 836 1974 909">
    <p class='ocr_par' dir='ltr' id='par_1_6' title="bbox 401 836 1974 909">
     <span class='ocr_line' id='line_1_6' title="bbox 401 836 1974 909; baseline 0.008 -23"><span class='ocrx_word' id='word_1_46' title='bbox 401 844 615 902; x_wconf 87' lang='lat' dir='ltr'><strong><em>operata</em></strong></span> <span class='ocrx_word' id='word_1_47' title='bbox 645 837 775 898; x_wconf 85' lang='lat' dir='ltr'><strong><em>Deo,</em></strong></span> <span class='ocrx_word' id='word_1_48' title='bbox 799 855 957 908; x_wconf 85' lang='lat' dir='ltr'><strong><em>quam</em></strong></span> <span class='ocrx_word' id='word_1_49' title='bbox 990 837 1183 892; x_wconf 88' lang='lat' dir='ltr'><strong><em>locuto.</em></strong></span> <span class='ocrx_word' id='word_1_50' title='bbox 1217 836 1362 892; x_wconf 96' lang='lat' dir='ltr'><strong><em>Inter</em></strong></span> <span class='ocrx_word' id='word_1_51' title='bbox 1387 839 1678 909; x_wconf 77' lang='lat' dir='ltr'><strong><em>pr0pbetas</em></strong></span> <span class='ocrx_word' id='word_1_52' title='bbox 1711 850 1889 896; x_wconf 90' lang='lat' dir='ltr'><strong><em>autem</em></strong></span> <span class='ocrx_word' id='word_1_53' title='bbox 1919 852 1974 899; x_wconf 90' lang='lat' dir='ltr'><strong><em>et</em></strong></span> 
     </span>
    </p>
   </div>
   <div class='ocr_carea' id='block_1_7' title="bbox 400 929 1972 1006">
    <p class='ocr_par' dir='ltr' id='par_1_7' title="bbox 400 929 1972 1006">
     <span class='ocr_line' id='line_1_7' title="bbox 400 929 1972 1006; baseline 0.007 -27"><span class='ocrx_word' id='word_1_54' title='bbox 400 937 727 994; x_wconf 72' lang='lat' dir='ltr'><strong><em>praestantes</em></strong></span> <span class='ocrx_word' id='word_1_55' title='bbox 759 931 926 992; x_wconf 86' lang='lat' dir='ltr'><strong><em>viros,</em></strong></span> <span class='ocrx_word' id='word_1_56' title='bbox 971 929 1066 998; x_wconf 97' lang='lat' dir='ltr'><strong><em>qui</em></strong></span> <span class='ocrx_word' id='word_1_57' title='bbox 1118 930 1174 983; x_wconf 88' lang='lat' dir='ltr'><strong><em>in</em></strong></span> <span class='ocrx_word' id='word_1_58' title='bbox 1209 931 1373 984; x_wconf 91' lang='lat' dir='ltr'><strong><em>veteri</em></strong></span> <span class='ocrx_word' id='word_1_59' title='bbox 1407 931 1521 1000; x_wconf 85' lang='lat' dir='ltr'><strong><em>lege</em></strong></span> <span class='ocrx_word' id='word_1_60' title='bbox 1553 931 1759 988; x_wconf 86' lang='lat' dir='ltr'><strong><em>Christi</em></strong></span> <span class='ocrx_word' id='word_1_61' title='bbox 1787 943 1972 1006; x_wconf 85' lang='lat' dir='ltr'><strong>typum</strong></span> 
     </span>
    </p>
   </div>
   <div class='ocr_carea' id='block_1_8' title="bbox 402 1019 1972 1095">
    <p class='ocr_par' dir='ltr' id='par_1_8' title="bbox 402 1019 1972 1095">
     <span class='ocr_line' id='line_1_8' title="bbox 402 1019 1972 1095; baseline 0.004 -23"><span class='ocrx_word' id='word_1_62' title='bbox 402 1033 641 1087; x_wconf 73' lang='lat' dir='ltr'><strong><em>gessere,</em></strong></span> <span class='ocrx_word' id='word_1_63' title='bbox 675 1034 832 1072; x_wconf 85' lang='lat' dir='ltr'><strong><em>nemo</em></strong></span> <span class='ocrx_word' id='word_1_64' title='bbox 861 1019 1087 1090; x_wconf 89' lang='lat' dir='ltr'><strong><em>propius</em></strong></span> <span class='ocrx_word' id='word_1_65' title='bbox 1118 1035 1406 1089; x_wconf 77' lang='lat' dir='ltr'><strong><em>personam</em></strong></span> <span class='ocrx_word' id='word_1_66' title='bbox 1431 1021 1549 1089; x_wconf 86' lang='lat' dir='ltr'><strong><em>ejus</em></strong></span> <span class='ocrx_word' id='word_1_67' title='bbox 1579 1023 1784 1086; x_wconf 90' lang='lat' dir='ltr'><strong><em>retulit,</em></strong></span> <span class='ocrx_word' id='word_1_68' title='bbox 1812 1041 1972 1095; x_wconf 90' lang='lat' dir='ltr'><strong><em>quam</em></strong></span> 
     </span>
    </p>
   </div>
   <div class='ocr_carea' id='block_1_9' title="bbox 406 1108 1974 1182">
    <p class='ocr_par' dir='ltr' id='par_1_9' title="bbox 406 1108 1974 1182">
     <span class='ocr_line' id='line_1_9' title="bbox 406 1108 1974 1182; baseline 0.008 -22"><span class='ocrx_word' id='word_1_69' title='bbox 406 1108 598 1170; x_wconf 81' lang='lat' dir='ltr'><strong><em>David,</em></strong></span> <span class='ocrx_word' id='word_1_70' title='bbox 631 1126 823 1179; x_wconf 78' lang='lat' dir='ltr'><strong><em>genere</em></strong></span> <span class='ocrx_word' id='word_1_71' title='bbox 855 1111 986 1165; x_wconf 83' lang='lat' dir='ltr'><strong><em>item</em></strong></span> <span class='ocrx_word' id='word_1_72' title='bbox 1041 1113 1420 1182; x_wconf 87' lang='lat' dir='ltr'><strong><em>propinquior.</em></strong></span> <span class='ocrx_word' id='word_1_73' title='bbox 1466 1114 1636 1182; x_wconf 83' lang='lat' dir='ltr'><strong>Cujus</strong></span> <span class='ocrx_word' id='word_1_74' title='bbox 1677 1131 1785 1170; x_wconf 90' lang='lat' dir='ltr'><strong><em>non</em></strong></span> <span class='ocrx_word' id='word_1_75' title='bbox 1813 1117 1974 1172; x_wconf 89' lang='lat' dir='ltr'><strong><em>modo</em></strong></span> 
     </span>
    </p>
   </div>
   <div class='ocr_carea' id='block_1_10' title="bbox 394 1191 1974 1276">
    <p class='ocr_par' dir='ltr' id='par_1_10' title="bbox 394 1191 1974 1276">
     <span class='ocr_line' id='line_1_10' title="bbox 394 1191 1974 1276; baseline 0.005 -21"><span class='ocrx_word' id='word_1_76' title='bbox 394 1191 575 1271; x_wconf 78' lang='lat' dir='ltr'><strong><em>gesta,</em></strong></span> <span class='ocrx_word' id='word_1_77' title='bbox 620 1202 714 1256; x_wconf 91' lang='lat' dir='ltr'><strong><em>sed</em></strong></span> <span class='ocrx_word' id='word_1_78' title='bbox 763 1204 934 1258; x_wconf 88' lang='lat' dir='ltr'><strong><em>etiam</em></strong></span> <span class='ocrx_word' id='word_1_79' title='bbox 981 1204 1127 1258; x_wconf 88' lang='lat' dir='ltr'><strong><em>dicta</em></strong></span> <span class='ocrx_word' id='word_1_80' title='bbox 1183 1205 1237 1258; x_wconf 92' lang='lat' dir='ltr'><strong><em>in</em></strong></span> <span class='ocrx_word' id='word_1_81' title='bbox 1289 1204 1520 1260; x_wconf 79' lang='lat' dir='ltr'><strong><em>Psalmis</em></strong></span> <span class='ocrx_word' id='word_1_82' title='bbox 1549 1209 1874 1276; x_wconf 87' lang='lat' dir='ltr'><strong><em>praesertim,</em></strong></span> <span class='ocrx_word' id='word_1_83' title='bbox 1906 1209 1974 1263; x_wconf 80' lang='lat' dir='ltr'><strong><em>ad</em></strong></span> 
     </span>
    </p>
   </div>
   <div class='ocr_carea' id='block_1_11' title="bbox 401 1295 1974 1368">
    <p class='ocr_par' dir='ltr' id='par_1_11' title="bbox 401 1295 1974 1368">
     <span class='ocr_line' id='line_1_11' title="bbox 401 1295 1974 1368; baseline 0.004 -18"><span class='ocrx_word' id='word_1_84' title='bbox 401 1295 603 1350; x_wconf 88' lang='lat' dir='ltr'><strong><em>Christi</em></strong></span> <span class='ocrx_word' id='word_1_85' title='bbox 636 1311 928 1365; x_wconf 81' lang='lat' dir='ltr'><strong><em>personam</em></strong></span> <span class='ocrx_word' id='word_1_86' title='bbox 976 1295 1386 1366; x_wconf 88' lang='lat' dir='ltr'><strong><em>Ecclesiamque</em></strong></span> <span class='ocrx_word' id='word_1_87' title='bbox 1439 1300 1738 1368; x_wconf 87' lang='lat' dir='ltr'><strong><em>pertinere,</em></strong></span> <span class='ocrx_word' id='word_1_88' title='bbox 1789 1301 1974 1357; x_wconf 89' lang='lat' dir='ltr'><strong><em>divino</em></strong></span> 
     </span>
    </p>
   </div>
   <div class='ocr_carea' id='block_1_12' title="bbox 400 1386 1976 1463">
    <p class='ocr_par' dir='ltr' id='par_1_12' title="bbox 400 1386 1976 1463">
     <span class='ocr_line' id='line_1_12' title="bbox 400 1386 1976 1463; baseline 0.002 -22"><span class='ocrx_word' id='word_1_89' title='bbox 400 1387 571 1457; x_wconf 86' lang='lat' dir='ltr'><strong>ipsius</strong></span> <span class='ocrx_word' id='word_1_90' title='bbox 611 1386 818 1442; x_wconf 85' lang='lat' dir='ltr'><strong><em>Christi</em></strong></span> <span class='ocrx_word' id='word_1_91' title='bbox 846 1404 941 1442; x_wconf 89' lang='lat' dir='ltr'><strong><em>ore</em></strong></span> <span class='ocrx_word' id='word_1_92' title='bbox 964 1387 1276 1444; x_wconf 83' lang='lat' dir='ltr'><strong>didicimus.</strong></span> <span class='ocrx_word' id='word_1_93' title='bbox 1302 1387 1397 1444; x_wconf 87' lang='lat' dir='ltr'><strong><em>Ille</em></strong></span> <span class='ocrx_word' id='word_1_94' title='bbox 1432 1405 1564 1443; x_wconf 87' lang='lat' dir='ltr'><strong><em>vero</em></strong></span> <span class='ocrx_word' id='word_1_95' title='bbox 1592 1407 1789 1446; x_wconf 82' lang='lat' dir='ltr'><strong><em>sensus</em></strong></span> <span class='ocrx_word' id='word_1_96' title='bbox 1809 1393 1976 1463; x_wconf 82' lang='grc' dir='ltr'><strong><em>ἀλλη-</em></strong></span> 
     </span>
    </p>
   </div>
   <div class='ocr_carea' id='block_1_13' title="bbox 397 1479 1976 1553">
    <p class='ocr_par' dir='ltr' id='par_1_13' title="bbox 397 1479 1976 1553">
     <span class='ocr_line' id='line_1_13' title="bbox 397 1479 1976 1553; baseline 0.004 -21"><span class='ocrx_word' id='word_1_97' title='bbox 397 1479 750 1551; x_wconf 72' lang='grc' dir='ltr'><strong><em>γορούμενος,</em></strong></span> <span class='ocrx_word' id='word_1_98' title='bbox 787 1480 902 1535; x_wconf 82' lang='lat' dir='ltr'><strong><em>sive</em></strong></span> <span class='ocrx_word' id='word_1_99' title='bbox 934 1481 1371 1553; x_wconf 82' lang='lat' dir='ltr'><strong><em>mystagogicus.</em></strong></span> <span class='ocrx_word' id='word_1_100' title='bbox 1429 1498 1539 1536; x_wconf 92' lang='lat' dir='ltr'><strong><em>non</em></strong></span> <span class='ocrx_word' id='word_1_101' title='bbox 1574 1499 1604 1536; x_wconf 90' lang='lat' dir='ltr'><strong><em>a</em></strong></span> <span class='ocrx_word' id='word_1_102' title='bbox 1649 1483 1976 1541; x_wconf 81' lang='lat' dir='ltr'><strong><em>Christianis</em></strong></span> 
     </span>
    </p>
   </div>
   <div class='ocr_carea' id='block_1_14' title="bbox 399 1571 1970 1639">
    <p class='ocr_par' dir='ltr' id='par_1_14' title="bbox 399 1571 1970 1639">
     <span class='ocr_line' id='line_1_14' title="bbox 399 1571 1970 1639; baseline 0.003 -14"><span class='ocrx_word' id='word_1_103' title='bbox 399 1571 588 1636; x_wconf 83' lang='lat' dir='ltr'><strong><em>modo,</em></strong></span> <span class='ocrx_word' id='word_1_104' title='bbox 620 1572 716 1627; x_wconf 89' lang='lat' dir='ltr'><strong><em>sed</em></strong></span> <span class='ocrx_word' id='word_1_105' title='bbox 743 1573 908 1626; x_wconf 79' lang='lat' dir='ltr'><strong><em>etiam</em></strong></span> <span class='ocrx_word' id='word_1_106' title='bbox 946 1588 975 1626; x_wconf 88' lang='lat' dir='ltr'><strong><em>a</em></strong></span> <span class='ocrx_word' id='word_1_107' title='bbox 1008 1572 1210 1628; x_wconf 74' lang='lat' dir='ltr'><strong><em>Judanis</em></strong></span> <span class='ocrx_word' id='word_1_108' title='bbox 1233 1574 1509 1631; x_wconf 90' lang='lat' dir='ltr'><strong><em>adhibitus</em></strong></span> <span class='ocrx_word' id='word_1_109' title='bbox 1548 1584 1633 1631; x_wconf 88' lang='lat' dir='ltr'><strong><em>est</em></strong></span> <span class='ocrx_word' id='word_1_110' title='bbox 1681 1595 1694 1629; x_wconf 88' lang='lat'><strong><em>:</em></strong></span> <span class='ocrx_word' id='word_1_111' title='bbox 1737 1577 1838 1632; x_wconf 88' lang='lat' dir='ltr'><strong><em>etsi</em></strong></span> <span class='ocrx_word' id='word_1_112' title='bbox 1872 1577 1970 1639; x_wconf 88' lang='lat' dir='ltr'><strong><em>illi,</em></strong></span> 
     </span>
    </p>
   </div>
   <div class='ocr_carea' id='block_1_15' title="bbox 405 1663 1972 1734">
    <p class='ocr_par' dir='ltr' id='par_1_15' title="bbox 405 1663 1972 1734">
     <span class='ocr_line' id='line_1_15' title="bbox 405 1663 1972 1734; baseline 0.004 -17"><span class='ocrx_word' id='word_1_113' title='bbox 405 1671 468 1717; x_wconf 92' lang='lat' dir='ltr'><strong><em>ut</em></strong></span> <span class='ocrx_word' id='word_1_114' title='bbox 525 1663 782 1718; x_wconf 73' lang='lat' dir='ltr'><strong><em>obcaecati</em></strong></span> <span class='ocrx_word' id='word_1_115' title='bbox 818 1673 980 1734; x_wconf 85' lang='lat' dir='ltr'><strong><em>atque</em></strong></span> <span class='ocrx_word' id='word_1_116' title='bbox 1035 1667 1317 1722; x_wconf 87' lang='lat' dir='ltr'><strong><em>sensilium</em></strong></span> <span class='ocrx_word' id='word_1_117' title='bbox 1370 1683 1552 1722; x_wconf 91' lang='lat' dir='ltr'><strong><em>rerum</em></strong></span> <span class='ocrx_word' id='word_1_118' title='bbox 1596 1669 1738 1724; x_wconf 89' lang='lat' dir='ltr'><strong><em>mole</em></strong></span> <span class='ocrx_word' id='word_1_119' title='bbox 1790 1671 1972 1723; x_wconf 86' lang='lat' dir='ltr'><strong><em>obruti</em></strong></span> 
     </span>
    </p>
   </div>
   <div class='ocr_carea' id='block_1_16' title="bbox 400 1757 1969 1828">
    <p class='ocr_par' dir='ltr' id='par_1_16' title="bbox 400 1757 1969 1828">
     <span class='ocr_line' id='line_1_16' title="bbox 400 1757 1969 1828; baseline 0.003 -18"><span class='ocrx_word' id='word_1_120' title='bbox 400 1764 579 1818; x_wconf 87' lang='lat' dir='ltr'><strong><em>erant,</em></strong></span> <span class='ocrx_word' id='word_1_121' title='bbox 611 1757 792 1810; x_wconf 91' lang='lat' dir='ltr'><strong><em>omnia</em></strong></span> <span class='ocrx_word' id='word_1_122' title='bbox 829 1758 893 1810; x_wconf 89' lang='lat' dir='ltr'><strong><em>ad</em></strong></span> <span class='ocrx_word' id='word_1_123' title='bbox 926 1773 1016 1812; x_wconf 89' lang='lat' dir='ltr'><strong><em>res</em></strong></span> <span class='ocrx_word' id='word_1_124' title='bbox 1044 1760 1427 1828; x_wconf 87' lang='lat' dir='ltr'><strong><em>temporarias,</em></strong></span> <span class='ocrx_word' id='word_1_125' title='bbox 1477 1760 1716 1824; x_wconf 84' lang='lat' dir='ltr'><strong><em>divitias,</em></strong></span> <span class='ocrx_word' id='word_1_126' title='bbox 1769 1760 1969 1815; x_wconf 88' lang='lat' dir='ltr'><strong><em>terreni</em></strong></span> 
     </span>
    </p>
   </div>
   <div class='ocr_carea' id='block_1_17' title="bbox 2077 557 3637 632">
    <p class='ocr_par' dir='ltr' id='par_1_17' title="bbox 2077 557 3637 632">
     <span class='ocr_line' id='line_1_17' title="bbox 2077 557 3637 632; baseline -0.003 -16"><span class='ocrx_word' id='word_1_127' title='bbox 2077 564 2168 632; x_wconf 91' lang='lat' dir='ltr'><strong><em>qui</em></strong></span> <span class='ocrx_word' id='word_1_128' title='bbox 2204 564 2526 632; x_wconf 90' lang='lat' dir='ltr'><strong><em>plerumque</em></strong></span> <span class='ocrx_word' id='word_1_129' title='bbox 2555 561 2622 614; x_wconf 91' lang='lat' dir='ltr'><strong><em>ab</em></strong></span> <span class='ocrx_word' id='word_1_130' title='bbox 2651 559 2956 614; x_wconf 87' lang='lat' dir='ltr'><strong><em>Eusebiana</em></strong></span> <span class='ocrx_word' id='word_1_131' title='bbox 2985 559 3425 628; x_wconf 78' lang='lat' dir='ltr'><strong><em>interpretatione</em></strong></span> <span class='ocrx_word' id='word_1_132' title='bbox 3474 557 3637 613; x_wconf 86' lang='lat' dir='ltr'><strong><em>defle-</em></strong></span> 
     </span>
    </p>
   </div>
   <div class='ocr_carea' id='block_1_18' title="bbox 2075 651 3638 722">
    <p class='ocr_par' dir='ltr' id='par_1_18' title="bbox 2075 651 3638 722">
     <span class='ocr_line' id='line_1_18' title="bbox 2075 651 3638 722; baseline -0.003 -14"><span class='ocrx_word' id='word_1_133' title='bbox 2075 656 2196 716; x_wconf 87' lang='lat' dir='ltr'><strong><em>ctit,</em></strong></span> <span class='ocrx_word' id='word_1_134' title='bbox 2234 669 2343 708; x_wconf 90' lang='lat' dir='ltr'><strong><em>non</em></strong></span> <span class='ocrx_word' id='word_1_135' title='bbox 2376 669 2500 707; x_wconf 87' lang='lat' dir='ltr'><strong><em>raro</em></strong></span> <span class='ocrx_word' id='word_1_136' title='bbox 2536 661 2715 707; x_wconf 91' lang='lat' dir='ltr'><strong><em>tamen</em></strong></span> <span class='ocrx_word' id='word_1_137' title='bbox 2753 653 2842 705; x_wconf 86' lang='lat' dir='ltr'><strong><em>illa</em></strong></span> <span class='ocrx_word' id='word_1_138' title='bbox 2876 668 3014 722; x_wconf 91' lang='lat' dir='ltr'><strong><em>pene</em></strong></span> <span class='ocrx_word' id='word_1_139' title='bbox 3058 651 3124 705; x_wconf 91' lang='lat' dir='ltr'><strong><em>ad</em></strong></span> <span class='ocrx_word' id='word_1_140' title='bbox 3169 651 3395 705; x_wconf 81' lang='lat' dir='ltr'><strong><em>verbum</em></strong></span> <span class='ocrx_word' id='word_1_141' title='bbox 3445 652 3638 712; x_wconf 89' lang='lat' dir='ltr'><strong><em>utitur,</em></strong></span> 
     </span>
    </p>
   </div>
   <div class='ocr_carea' id='block_1_19' title="bbox 2076 741 3641 814">
    <p class='ocr_par' dir='ltr' id='par_1_19' title="bbox 2076 741 3641 814">
     <span class='ocr_line' id='line_1_19' title="bbox 2076 741 3641 814; baseline -0.006 -12"><span class='ocrx_word' id='word_1_142' title='bbox 2076 747 2182 802; x_wconf 89' lang='lat' dir='ltr'><strong><em>etsi</em></strong></span> <span class='ocrx_word' id='word_1_143' title='bbox 2207 746 2455 800; x_wconf 90' lang='lat' dir='ltr'><strong><em>breviore</em></strong></span> <span class='ocrx_word' id='word_1_144' title='bbox 2487 753 2545 798; x_wconf 94' lang='lat' dir='ltr'><strong><em>ut</em></strong></span> <span class='ocrx_word' id='word_1_145' title='bbox 2574 744 2870 814; x_wconf 91' lang='lat' dir='ltr'><strong><em>plurimum</em></strong></span> <span class='ocrx_word' id='word_1_146' title='bbox 2904 742 3085 813; x_wconf 89' lang='lat' dir='ltr'><strong><em>stylo:</em></strong></span> <span class='ocrx_word' id='word_1_147' title='bbox 3123 757 3245 795; x_wconf 90' lang='lat' dir='ltr'><strong><em>nam</em></strong></span> <span class='ocrx_word' id='word_1_148' title='bbox 3270 741 3554 803; x_wconf 83' lang='lat' dir='ltr'><strong><em>Eusebius,</em></strong></span> <span class='ocrx_word' id='word_1_149' title='bbox 3582 751 3641 794; x_wconf 90' lang='lat' dir='ltr'><strong><em>ut</em></strong></span> 
     </span>
    </p>
   </div>
   <div class='ocr_carea' id='block_1_20' title="bbox 2072 833 3637 907">
    <p class='ocr_par' dir='ltr' id='par_1_20' title="bbox 2072 833 3637 907">
     <span class='ocr_line' id='line_1_20' title="bbox 2072 833 3637 907; baseline -0.003 -17"><span class='ocrx_word' id='word_1_150' title='bbox 2072 837 2183 907; x_wconf 89' lang='lat' dir='ltr'><strong><em>jam</em></strong></span> <span class='ocrx_word' id='word_1_151' title='bbox 2239 837 2501 900; x_wconf 77' lang='lat' dir='ltr'><strong><em>diximus,</em></strong></span> <span class='ocrx_word' id='word_1_152' title='bbox 2543 837 2615 890; x_wconf 89' lang='lat' dir='ltr'><strong><em>ita</em></strong></span> <span class='ocrx_word' id='word_1_153' title='bbox 2653 837 2894 907; x_wconf 78' lang='lat' dir='ltr'><strong><em>prolixas</em></strong></span> <span class='ocrx_word' id='word_1_154' title='bbox 2927 834 3156 890; x_wconf 89' lang='lat' dir='ltr'><strong><em>subinde</em></strong></span> <span class='ocrx_word' id='word_1_155' title='bbox 3185 834 3434 902; x_wconf 88' lang='lat' dir='ltr'><strong><em>periodos</em></strong></span> <span class='ocrx_word' id='word_1_156' title='bbox 3466 833 3637 896; x_wconf 87' lang='lat' dir='ltr'><strong><em>ducit,</em></strong></span> 
     </span>
    </p>
   </div>
   <div class='ocr_carea' id='block_1_21' title="bbox 2076 925 3641 999">
    <p class='ocr_par' dir='ltr' id='par_1_21' title="bbox 2076 925 3641 999">
     <span class='ocr_line' id='line_1_21' title="bbox 2076 925 3641 999; baseline -0.004 -15"><span class='ocrx_word' id='word_1_157' title='bbox 2076 929 2168 984; x_wconf 80' lang='lat' dir='ltr'><strong><em>vix</em></strong></span> <span class='ocrx_word' id='word_1_158' title='bbox 2193 937 2251 983; x_wconf 88' lang='lat' dir='ltr'><strong><em>ut</em></strong></span> <span class='ocrx_word' id='word_1_159' title='bbox 2282 930 2478 984; x_wconf 82' lang='lat' dir='ltr'><strong><em>seriem</em></strong></span> <span class='ocrx_word' id='word_1_160' title='bbox 2507 929 2907 999; x_wconf 83' lang='lat' dir='ltr'><strong><em>deprehendas,</em></strong></span> <span class='ocrx_word' id='word_1_161' title='bbox 2941 936 2994 982; x_wconf 91' lang='lat' dir='ltr'><strong><em>et</em></strong></span> <span class='ocrx_word' id='word_1_162' title='bbox 3022 927 3114 981; x_wconf 90' lang='lat' dir='ltr'><strong><em>ubi</em></strong></span> <span class='ocrx_word' id='word_1_163' title='bbox 3145 925 3463 980; x_wconf 87' lang='lat' dir='ltr'><strong><em>sententiam</em></strong></span> <span class='ocrx_word' id='word_1_164' title='bbox 3491 925 3641 979; x_wconf 84' lang='lat' dir='ltr'><strong><em>clau-</em></strong></span> 
     </span>
    </p>
   </div>
   <div class='ocr_carea' id='block_1_22' title="bbox 2076 1015 3639 1089">
    <p class='ocr_par' dir='ltr' id='par_1_22' title="bbox 2076 1015 3639 1089">
     <span class='ocr_line' id='line_1_22' title="bbox 2076 1015 3639 1089; baseline -0.005 -14"><span class='ocrx_word' id='word_1_165' title='bbox 2076 1021 2168 1075; x_wconf 88' lang='lat' dir='ltr'><strong><em>dat</em></strong></span> <span class='ocrx_word' id='word_1_166' title='bbox 2200 1037 2311 1075; x_wconf 87' lang='lat' dir='ltr'><strong><em>non</em></strong></span> <span class='ocrx_word' id='word_1_167' title='bbox 2347 1022 2421 1074; x_wconf 88' lang='lat' dir='ltr'><strong><em>ita</em></strong></span> <span class='ocrx_word' id='word_1_168' title='bbox 2453 1021 2608 1075; x_wconf 90' lang='lat' dir='ltr'><strong><em>facile</em></strong></span> <span class='ocrx_word' id='word_1_169' title='bbox 2634 1021 2956 1089; x_wconf 90' lang='lat' dir='ltr'><strong><em>comperias.</em></strong></span> <span class='ocrx_word' id='word_1_170' title='bbox 2991 1017 3189 1071; x_wconf 88' lang='lat' dir='ltr'><strong><em>Asterii</em></strong></span> <span class='ocrx_word' id='word_1_171' title='bbox 3220 1031 3349 1070; x_wconf 86' lang='lat' dir='ltr'><strong><em>vero</em></strong></span> <span class='ocrx_word' id='word_1_172' title='bbox 3377 1015 3639 1084; x_wconf 83' lang='lat' dir='ltr'><strong><em>interpre-</em></strong></span> 
     </span>
    </p>
   </div>
   <div class='ocr_carea' id='block_1_23' title="bbox 2076 1104 3640 1179">
    <p class='ocr_par' dir='ltr' id='par_1_23' title="bbox 2076 1104 3640 1179">
     <span class='ocr_line' id='line_1_23' title="bbox 2076 1104 3640 1179; baseline -0.003 -17"><span class='ocrx_word' id='word_1_173' title='bbox 2076 1111 2211 1163; x_wconf 89' lang='lat' dir='ltr'><strong><em>tatio</em></strong></span> <span class='ocrx_word' id='word_1_174' title='bbox 2259 1109 2454 1178; x_wconf 88' lang='lat' dir='ltr'><strong><em>psalmi</em></strong></span> <span class='ocrx_word' id='word_1_175' title='bbox 2507 1125 2583 1171; x_wconf 86' lang='lat' dir='ltr'><strong><em>tv,</em></strong></span> <span class='ocrx_word' id='word_1_176' title='bbox 2643 1125 2806 1179; x_wconf 91' lang='lat' dir='ltr'><strong><em>quam</em></strong></span> <span class='ocrx_word' id='word_1_177' title='bbox 2861 1107 3254 1163; x_wconf 89' lang='lat' dir='ltr'><strong><em>commentario</em></strong></span> <span class='ocrx_word' id='word_1_178' title='bbox 3308 1104 3526 1160; x_wconf 88' lang='lat' dir='ltr'><strong><em>Eusebii</em></strong></span> <span class='ocrx_word' id='word_1_179' title='bbox 3581 1105 3640 1158; x_wconf 86' lang='lat' dir='ltr'><strong><em>in</em></strong></span> 
     </span>
    </p>
   </div>
   <div class='ocr_carea' id='block_1_24' title="bbox 2077 1196 3641 1272">
    <p class='ocr_par' dir='ltr' id='par_1_24' title="bbox 2077 1196 3641 1272">
     <span class='ocr_line' id='line_1_24' title="bbox 2077 1196 3641 1272; baseline -0.003 -16"><span class='ocrx_word' id='word_1_180' title='bbox 2077 1202 2327 1256; x_wconf 85' lang='lat' dir='ltr'><strong><em>eumdem</em></strong></span> <span class='ocrx_word' id='word_1_181' title='bbox 2363 1202 2632 1272; x_wconf 85' lang='lat' dir='ltr'><strong><em>psalmum</em></strong></span> <span class='ocrx_word' id='word_1_182' title='bbox 2668 1200 3072 1269; x_wconf 79' lang='lat' dir='ltr'><strong><em>subjunximus,</em></strong></span> <span class='ocrx_word' id='word_1_183' title='bbox 3121 1214 3151 1251; x_wconf 90' lang='lat' dir='ltr'><strong><em>a</em></strong></span> <span class='ocrx_word' id='word_1_184' title='bbox 3195 1197 3426 1268; x_wconf 90' lang='lat' dir='ltr'><strong><em>quodam</em></strong></span> <span class='ocrx_word' id='word_1_185' title='bbox 3479 1196 3641 1252; x_wconf 79' lang='lat' dir='ltr'><strong><em>scho-</em></strong></span> 
     </span>
    </p>
   </div>
   <div class='ocr_carea' id='block_1_25' title="bbox 2076 1290 3640 1364">
    <p class='ocr_par' dir='ltr' id='par_1_25' title="bbox 2076 1290 3640 1364">
     <span class='ocr_line' id='line_1_25' title="bbox 2076 1290 3640 1364; baseline -0.003 -18"><span class='ocrx_word' id='word_1_186' title='bbox 2076 1293 2235 1348; x_wconf 87' lang='lat' dir='ltr'><strong><em>liaste</em></strong></span> <span class='ocrx_word' id='word_1_187' title='bbox 2264 1297 2476 1348; x_wconf 86' lang='lat' dir='ltr'><strong><em>invecta</em></strong></span> <span class='ocrx_word' id='word_1_188' title='bbox 2506 1301 2611 1357; x_wconf 91' lang='lat' dir='ltr'><strong><em>est,</em></strong></span> <span class='ocrx_word' id='word_1_189' title='bbox 2656 1293 2748 1364; x_wconf 91' lang='lat' dir='ltr'><strong><em>qui</em></strong></span> <span class='ocrx_word' id='word_1_190' title='bbox 2789 1293 3063 1347; x_wconf 77' lang='lat' dir='ltr'><strong><em>Asterium</em></strong></span> <span class='ocrx_word' id='word_1_191' title='bbox 3113 1290 3371 1343; x_wconf 86' lang='lat' dir='ltr'><strong><em>Arianum</em></strong></span> <span class='ocrx_word' id='word_1_192' title='bbox 3407 1304 3526 1344; x_wconf 89' lang='lat' dir='ltr'><strong><em>esse</em></strong></span> <span class='ocrx_word' id='word_1_193' title='bbox 3556 1290 3640 1343; x_wconf 90' lang='lat' dir='ltr'><strong><em>in-</em></strong></span> 
     </span>
    </p>
   </div>
   <div class='ocr_carea' id='block_1_26' title="bbox 2075 1382 3638 1454">
    <p class='ocr_par' dir='ltr' id='par_1_26' title="bbox 2075 1382 3638 1454">
     <span class='ocr_line' id='line_1_26' title="bbox 2075 1382 3638 1454; baseline -0.003 -15"><span class='ocrx_word' id='word_1_194' title='bbox 2075 1385 2244 1451; x_wconf 86' lang='lat' dir='ltr'><strong><em>dicat,</em></strong></span> <span class='ocrx_word' id='word_1_195' title='bbox 2281 1386 2488 1440; x_wconf 86' lang='lat' dir='ltr'><strong><em>scilicet</em></strong></span> <span class='ocrx_word' id='word_1_196' title='bbox 2522 1385 2822 1454; x_wconf 89' lang='lat' dir='ltr'><strong><em>sophistam</em></strong></span> <span class='ocrx_word' id='word_1_197' title='bbox 2849 1385 2998 1437; x_wconf 90' lang='lat' dir='ltr'><strong><em>illum</em></strong></span> <span class='ocrx_word' id='word_1_198' title='bbox 3029 1382 3430 1442; x_wconf 86' lang='lat' dir='ltr'><strong><em>circulatorem.</em></strong></span> <span class='ocrx_word' id='word_1_199' title='bbox 3467 1384 3557 1452; x_wconf 90' lang='lat' dir='ltr'><strong><em>qui</em></strong></span> <span class='ocrx_word' id='word_1_200' title='bbox 3582 1382 3638 1435; x_wconf 89' lang='lat' dir='ltr'><strong><em>in</em></strong></span> 
     </span>
    </p>
   </div>
   <div class='ocr_carea' id='block_1_27' title="bbox 2077 1474 3640 1552">
    <p class='ocr_par' dir='ltr' id='par_1_27' title="bbox 2077 1474 3640 1552">
     <span class='ocr_line' id='line_1_27' title="bbox 2077 1474 3640 1552; baseline -0.005 -17"><span class='ocrx_word' id='word_1_201' title='bbox 2077 1480 2215 1552; x_wconf 89' lang='lat' dir='ltr'><strong><em>ipsis</em></strong></span> <span class='ocrx_word' id='word_1_202' title='bbox 2245 1479 2540 1534; x_wconf 83' lang='lat' dir='ltr'><strong><em>Arianismi</em></strong></span> <span class='ocrx_word' id='word_1_203' title='bbox 2580 1477 2824 1534; x_wconf 79' lang='lat' dir='ltr'><strong><em>exordiis</em></strong></span> <span class='ocrx_word' id='word_1_204' title='bbox 2866 1485 3054 1530; x_wconf 90' lang='lat' dir='ltr'><strong><em>contra</em></strong></span> <span class='ocrx_word' id='word_1_205' title='bbox 3089 1476 3386 1530; x_wconf 88' lang='lat' dir='ltr'><strong><em>catholicos</em></strong></span> <span class='ocrx_word' id='word_1_206' title='bbox 3421 1474 3640 1529; x_wconf 87' lang='lat' dir='ltr'><strong><em>antisti-</em></strong></span> 
     </span>
    </p>
   </div>
   <div class='ocr_carea' id='block_1_28' title="bbox 2074 1569 3637 1637">
    <p class='ocr_par' dir='ltr' id='par_1_28' title="bbox 2074 1569 3637 1637">
     <span class='ocr_line' id='line_1_28' title="bbox 2074 1569 3637 1637; baseline -0.003 -9"><span class='ocrx_word' id='word_1_207' title='bbox 2074 1583 2159 1630; x_wconf 90' lang='lat' dir='ltr'><strong><em>tes</em></strong></span> <span class='ocrx_word' id='word_1_208' title='bbox 2191 1574 2483 1628; x_wconf 90' lang='lat' dir='ltr'><strong><em>classicum</em></strong></span> <span class='ocrx_word' id='word_1_209' title='bbox 2525 1573 2776 1637; x_wconf 86' lang='lat' dir='ltr'><strong><em>canebat,</em></strong></span> <span class='ocrx_word' id='word_1_210' title='bbox 2827 1580 2883 1627; x_wconf 89' lang='lat' dir='ltr'><strong><em>et</em></strong></span> <span class='ocrx_word' id='word_1_211' title='bbox 2930 1571 3232 1626; x_wconf 86' lang='lat' dir='ltr'><strong><em>doctrinam</em></strong></span> <span class='ocrx_word' id='word_1_212' title='bbox 3277 1571 3345 1626; x_wconf 89' lang='lat' dir='ltr'><strong><em>de</em></strong></span> <span class='ocrx_word' id='word_1_213' title='bbox 3378 1569 3512 1625; x_wconf 84' lang='lat' dir='ltr'><strong><em>Filio</em></strong></span> <span class='ocrx_word' id='word_1_214' title='bbox 3545 1570 3637 1624; x_wconf 87' lang='lat' dir='ltr'><strong><em>Dei</em></strong></span> 
     </span>
    </p>
   </div>
   <div class='ocr_carea' id='block_1_29' title="bbox 2076 1659 3639 1736">
    <p class='ocr_par' dir='ltr' id='par_1_29' title="bbox 2076 1659 3639 1736">
     <span class='ocr_line' id='line_1_29' title="bbox 2076 1659 3639 1736; baseline -0.004 -16"><span class='ocrx_word' id='word_1_215' title='bbox 2076 1665 2388 1736; x_wconf 76' lang='lat' dir='ltr'><strong><em>spargebat,</em></strong></span> <span class='ocrx_word' id='word_1_216' title='bbox 2443 1664 2527 1720; x_wconf 85' lang='lat' dir='ltr'><strong><em>vel</em></strong></span> <span class='ocrx_word' id='word_1_217' title='bbox 2575 1664 2690 1734; x_wconf 90' lang='lat' dir='ltr'><strong><em>ipsa</em></strong></span> <span class='ocrx_word' id='word_1_218' title='bbox 2724 1663 2977 1716; x_wconf 82' lang='lat' dir='ltr'><strong><em>Arianica</em></strong></span> <span class='ocrx_word' id='word_1_219' title='bbox 3013 1661 3354 1716; x_wconf 89' lang='lat' dir='ltr'><strong><em>deteriorem.</em></strong></span> <span class='ocrx_word' id='word_1_220' title='bbox 3409 1659 3486 1713; x_wconf 78' lang='lat' dir='ltr'><strong><em>Ex</em></strong></span> <span class='ocrx_word' id='word_1_221' title='bbox 3535 1666 3639 1714; x_wconf 85' lang='lat' dir='ltr'><strong><em>hoc</em></strong></span> 
     </span>
    </p>
   </div>
   <div class='ocr_carea' id='block_1_30' title="bbox 2076 1753 3641 1826">
    <p class='ocr_par' dir='ltr' id='par_1_30' title="bbox 2076 1753 3641 1826">
     <span class='ocr_line' id='line_1_30' title="bbox 2076 1753 3641 1826; baseline -0.003 -16"><span class='ocrx_word' id='word_1_222' title='bbox 2076 1765 2254 1812; x_wconf 91' lang='lat' dir='ltr'><strong><em>autem</em></strong></span> <span class='ocrx_word' id='word_1_223' title='bbox 2281 1756 2578 1826; x_wconf 86' lang='lat' dir='ltr'><strong><em>specimine</em></strong></span> <span class='ocrx_word' id='word_1_224' title='bbox 2600 1756 2995 1826; x_wconf 84' lang='lat' dir='ltr'><strong><em>deprehendas,</em></strong></span> <span class='ocrx_word' id='word_1_225' title='bbox 3027 1755 3299 1808; x_wconf 85' lang='lat' dir='ltr'><strong><em>Asterium</em></strong></span> <span class='ocrx_word' id='word_1_226' title='bbox 3332 1753 3527 1822; x_wconf 83' lang='lat' dir='ltr'><strong><em>partim</em></strong></span> <span class='ocrx_word' id='word_1_227' title='bbox 3559 1754 3641 1806; x_wconf 80' lang='lat' dir='ltr'><strong><em>lit-</em></strong></span> 
     </span>
    </p>
   </div>
   <div class='ocr_carea' id='block_1_31' title="bbox 402 1823 3642 1918">
    <p class='ocr_par' dir='ltr' id='par_1_31' title="bbox 402 1823 3642 1918">
     <span class='ocr_line' id='line_1_31' title="bbox 402 1823 3642 1918; baseline 0.002 -24"><span class='ocrx_word' id='word_1_228' title='bbox 402 1842 556 1912; x_wconf 88' lang='lat' dir='ltr'><strong><em>regni</em></strong></span> <span class='ocrx_word' id='word_1_229' title='bbox 589 1843 960 1908; x_wconf 86' lang='lat' dir='ltr'><strong><em>latitudinem,</em></strong></span> <span class='ocrx_word' id='word_1_230' title='bbox 991 1843 1204 1902; x_wconf 76' lang='lat' dir='ltr'><strong><em>Messia:</em></strong></span> <span class='ocrx_word' id='word_1_231' title='bbox 1249 1847 1333 1901; x_wconf 92' lang='lat' dir='ltr'><strong><em>sui</em></strong></span> <span class='ocrx_word' id='word_1_232' title='bbox 1382 1849 1691 1918; x_wconf 91' lang='lat' dir='ltr'><strong><em>imperium,</em></strong></span> <span class='ocrx_word' id='word_1_233' title='bbox 1744 1849 1971 1905; x_wconf 90' lang='lat' dir='ltr'><strong><em>reduce-</em></strong></span> <span class='ocrx_word' id='word_1_234' title='bbox 2001 1823 2046 1878; x_wconf 66' lang='grc' dir='ltr'>Β</span> <span class='ocrx_word' id='word_1_235' title='bbox 2077 1849 2325 1908; x_wconf 85' lang='lat' dir='ltr'><strong><em>teralem,</em></strong></span> <span class='ocrx_word' id='word_1_236' title='bbox 2364 1847 2560 1918; x_wconf 80' lang='lat' dir='ltr'><strong><em>partim</em></strong></span> <span class='ocrx_word' id='word_1_237' title='bbox 2598 1848 3026 1917; x_wconf 77' lang='lat' dir='ltr'><strong><em>mystagogicum</em></strong></span> <span class='ocrx_word' id='word_1_238' title='bbox 3076 1845 3469 1914; x_wconf 88' lang='lat' dir='ltr'><strong><em>interpretandi</em></strong></span> <span class='ocrx_word' id='word_1_239' title='bbox 3519 1861 3642 1899; x_wconf 85' lang='lat' dir='ltr'><strong><em>mo-</em></strong></span> 
     </span>
    </p>
   </div>
   <div class='ocr_carea' id='block_1_32' title="bbox 399 1937 1973 2011">
    <p class='ocr_par' dir='ltr' id='par_1_32' title="bbox 399 1937 1973 2011">
     <span class='ocr_line' id='line_1_32' title="bbox 399 1937 1973 2011; baseline 0.005 -23"><span class='ocrx_word' id='word_1_240' title='bbox 399 1943 521 1990; x_wconf 82' lang='lat' dir='ltr'><strong><em>rent</em></strong></span> <span class='ocrx_word' id='word_1_241' title='bbox 555 1952 707 2005; x_wconf 78' lang='lat' dir='ltr'><strong><em>aqua</em></strong></span> <span class='ocrx_word' id='word_1_242' title='bbox 740 1937 795 1990; x_wconf 90' lang='lat' dir='ltr'><strong><em>in</em></strong></span> <span class='ocrx_word' id='word_1_243' title='bbox 844 1953 904 1992; x_wconf 86' lang='lat' dir='ltr'><strong><em>re</em></strong></span> <span class='ocrx_word' id='word_1_244' title='bbox 945 1954 974 1991; x_wconf 90' lang='lat' dir='ltr'><strong><em>a</em></strong></span> <span class='ocrx_word' id='word_1_245' title='bbox 1001 1937 1152 2008; x_wconf 84' lang='lat' dir='ltr'><strong><em>justa</em></strong></span> <span class='ocrx_word' id='word_1_246' title='bbox 1183 1939 1455 2011; x_wconf 73' lang='lat' dir='ltr'><strong><em>allegoriae</em></strong></span> <span class='ocrx_word' id='word_1_247' title='bbox 1484 1943 1695 1996; x_wconf 86' lang='lat' dir='ltr'><strong><em>ratione</em></strong></span> <span class='ocrx_word' id='word_1_248' title='bbox 1738 1942 1973 1996; x_wconf 88' lang='lat' dir='ltr'><strong><em>innnane</em></strong></span> 
     </span>
    </p>
   </div>
   <div class='ocr_carea' id='block_1_33' title="bbox 397 2030 1972 2104">
    <p class='ocr_par' dir='ltr' id='par_1_33' title="bbox 397 2030 1972 2104">
     <span class='ocr_line' id='line_1_33' title="bbox 397 2030 1972 2104; baseline 0.004 -24"><span class='ocrx_word' id='word_1_249' title='bbox 397 2035 664 2097; x_wconf 90' lang='lat' dir='ltr'><strong><em>quantum</em></strong></span> <span class='ocrx_word' id='word_1_250' title='bbox 697 2030 1046 2086; x_wconf 88' lang='lat' dir='ltr'><strong><em>aberrabant.</em></strong></span> <span class='ocrx_word' id='word_1_251' title='bbox 1086 2031 1360 2104; x_wconf 86' lang='lat' dir='ltr'><strong><em>Allcgoria</em></strong></span> <span class='ocrx_word' id='word_1_252' title='bbox 1393 2037 1614 2104; x_wconf 88' lang='lat' dir='ltr'><strong><em>quippe,</em></strong></span> <span class='ocrx_word' id='word_1_253' title='bbox 1656 2033 1848 2104; x_wconf 86' lang='lat' dir='ltr'><strong><em>figura,</em></strong></span> <span class='ocrx_word' id='word_1_254' title='bbox 1885 2041 1972 2104; x_wconf 83' lang='lat' dir='ltr'><strong><em>ty-</em></strong></span> 
     </span>
    </p>
   </div>
   <div class='ocr_carea' id='block_1_34' title="bbox 401 2124 1970 2194">
    <p class='ocr_par' dir='ltr' id='par_1_34' title="bbox 401 2124 1970 2194">
     <span class='ocr_line' id='line_1_34' title="bbox 401 2124 1970 2194; baseline 0.003 -20"><span class='ocrx_word' id='word_1_255' title='bbox 401 2137 507 2190; x_wconf 84' lang='lat' dir='ltr'><strong><em>pus</em></strong></span> <span class='ocrx_word' id='word_1_256' title='bbox 531 2129 586 2176; x_wconf 91' lang='lat' dir='ltr'><strong><em>et</em></strong></span> <span class='ocrx_word' id='word_1_257' title='bbox 618 2124 830 2186; x_wconf 83' lang='lat' dir='ltr'><strong><em>umbra,</em></strong></span> <span class='ocrx_word' id='word_1_258' title='bbox 859 2125 1011 2194; x_wconf 84' lang='lat' dir='ltr'><strong><em>signa</em></strong></span> <span class='ocrx_word' id='word_1_259' title='bbox 1042 2133 1168 2180; x_wconf 92' lang='lat' dir='ltr'><strong><em>sunt</em></strong></span> <span class='ocrx_word' id='word_1_260' title='bbox 1193 2142 1372 2181; x_wconf 92' lang='lat' dir='ltr'><strong><em>rerum</em></strong></span> <span class='ocrx_word' id='word_1_261' title='bbox 1407 2143 1516 2182; x_wconf 90' lang='lat' dir='ltr'><strong><em>non</em></strong></span> <span class='ocrx_word' id='word_1_262' title='bbox 1539 2127 1854 2182; x_wconf 87' lang='lat' dir='ltr'><strong><em>earumdem</em></strong></span> <span class='ocrx_word' id='word_1_263' title='bbox 1888 2135 1970 2178; x_wconf 89' lang='lat' dir='ltr'><strong><em>at-</em></strong></span> 
     </span>
    </p>
   </div>
   <div class='ocr_carea' id='block_1_35' title="bbox 396 2215 1964 2290">
    <p class='ocr_par' dir='ltr' id='par_1_35' title="bbox 396 2215 1964 2290">
     <span class='ocr_line' id='line_1_35' title="bbox 396 2215 1964 2290; baseline 0.003 -22"><span class='ocrx_word' id='word_1_264' title='bbox 396 2229 504 2283; x_wconf 82' lang='lat' dir='ltr'><strong><em>que</em></strong></span> <span class='ocrx_word' id='word_1_265' title='bbox 538 2215 642 2270; x_wconf 84' lang='lat' dir='ltr'><strong><em>illa:</em></strong></span> <span class='ocrx_word' id='word_1_266' title='bbox 681 2233 801 2286; x_wconf 80' lang='lat' dir='ltr'><strong><em>quat:</em></strong></span> <span class='ocrx_word' id='word_1_267' title='bbox 847 2218 1122 2289; x_wconf 77' lang='lat' dir='ltr'><strong><em>allegoria:</em></strong></span> <span class='ocrx_word' id='word_1_268' title='bbox 1175 2229 1228 2274; x_wconf 92' lang='lat' dir='ltr'><strong><em>et</em></strong></span> <span class='ocrx_word' id='word_1_269' title='bbox 1276 2219 1388 2290; x_wconf 90' lang='lat' dir='ltr'><strong><em>typi</em></strong></span> <span class='ocrx_word' id='word_1_270' title='bbox 1421 2235 1622 2274; x_wconf 90' lang='lat' dir='ltr'><strong><em>munus</em></strong></span> <span class='ocrx_word' id='word_1_271' title='bbox 1666 2226 1964 2288; x_wconf 85' lang='lat' dir='ltr'><strong><em>praestant:</em></strong></span> 
     </span>
    </p>
   </div>
   <div class='ocr_carea' id='block_1_36' title="bbox 398 2307 1964 2382">
    <p class='ocr_par' dir='ltr' id='par_1_36' title="bbox 398 2307 1964 2382">
     <span class='ocr_line' id='line_1_36' title="bbox 398 2307 1964 2382; baseline 0.004 -23"><span class='ocrx_word' id='word_1_272' title='bbox 398 2307 602 2361; x_wconf 88' lang='lat' dir='ltr'><strong><em>atenim</em></strong></span> <span class='ocrx_word' id='word_1_273' title='bbox 654 2311 738 2364; x_wconf 84' lang='lat' dir='ltr'><strong><em>vel</em></strong></span> <span class='ocrx_word' id='word_1_274' title='bbox 789 2311 906 2381; x_wconf 79' lang='lat' dir='ltr'><strong><em>ipsa</em></strong></span> <span class='ocrx_word' id='word_1_275' title='bbox 957 2311 1229 2382; x_wconf 70' lang='lat' dir='ltr'><strong><em>allegoria:</em></strong></span> <span class='ocrx_word' id='word_1_276' title='bbox 1275 2328 1398 2378; x_wconf 82' lang='lat' dir='ltr'><strong><em>vox,</em></strong></span> <span class='ocrx_word' id='word_1_277' title='bbox 1433 2313 1585 2382; x_wconf 88' lang='lat' dir='ltr'><strong><em>signa</em></strong></span> <span class='ocrx_word' id='word_1_278' title='bbox 1630 2311 1964 2380; x_wconf 88' lang='lat' dir='ltr'><strong><em>hujusmodi,</em></strong></span> 
     </span>
    </p>
   </div>
   <div class='ocr_carea' id='block_1_37' title="bbox 396 2396 1965 2474">
    <p class='ocr_par' dir='ltr' id='par_1_37' title="bbox 396 2396 1965 2474">
     <span class='ocr_line' id='line_1_37' title="bbox 396 2396 1965 2474; baseline 0.005 -24"><span class='ocrx_word' id='word_1_279' title='bbox 396 2413 514 2452; x_wconf 89' lang='lat' dir='ltr'><strong><em>rem</em></strong></span> <span class='ocrx_word' id='word_1_280' title='bbox 544 2399 705 2453; x_wconf 89' lang='lat' dir='ltr'><strong><em>aliam</em></strong></span> <span class='ocrx_word' id='word_1_281' title='bbox 737 2400 894 2469; x_wconf 82' lang='lat' dir='ltr'><strong><em>longe</em></strong></span> <span class='ocrx_word' id='word_1_282' title='bbox 922 2401 1218 2464; x_wconf 81' lang='lat' dir='ltr'><strong><em>diversam,</em></strong></span> <span class='ocrx_word' id='word_1_283' title='bbox 1252 2396 1524 2474; x_wconf 83' lang='lat' dir='ltr'><strong><em>disparem</em></strong></span> <span class='ocrx_word' id='word_1_284' title='bbox 1564 2409 1618 2457; x_wconf 91' lang='lat' dir='ltr'><strong><em>et</em></strong></span> <span class='ocrx_word' id='word_1_285' title='bbox 1662 2403 1965 2473; x_wconf 84' lang='lat' dir='ltr'><strong><em>digniorem</em></strong></span> 
     </span>
    </p>
   </div>
   <div class='ocr_carea' id='block_1_38' title="bbox 397 2491 1966 2570">
    <p class='ocr_par' dir='ltr' id='par_1_38' title="bbox 397 2491 1966 2570">
     <span class='ocr_line' id='line_1_38' title="bbox 397 2491 1966 2570; baseline 0.003 -24"><span class='ocrx_word' id='word_1_286' title='bbox 397 2491 713 2562; x_wconf 77' lang='lat' dir='ltr'><strong><em>significare</em></strong></span> <span class='ocrx_word' id='word_1_287' title='bbox 766 2496 1096 2551; x_wconf 87' lang='lat' dir='ltr'><strong><em>subindicat.</em></strong></span> <span class='ocrx_word' id='word_1_288' title='bbox 1142 2496 1309 2551; x_wconf 81' lang='lat' dir='ltr'><strong><em>Multo</em></strong></span> <span class='ocrx_word' id='word_1_289' title='bbox 1338 2498 1504 2568; x_wconf 83' lang='lat' dir='ltr'><strong><em>igitur</em></strong></span> <span class='ocrx_word' id='word_1_290' title='bbox 1528 2499 1875 2570; x_wconf 77' lang='lat' dir='ltr'><strong><em>praestantior</em></strong></span> <span class='ocrx_word' id='word_1_291' title='bbox 1912 2505 1966 2552; x_wconf 91' lang='lat' dir='ltr'><strong><em>et</em></strong></span> 
     </span>
    </p>
   </div>
   <div class='ocr_carea' id='block_1_39' title="bbox 393 2583 1964 2661">
    <p class='ocr_par' dir='ltr' id='par_1_39' title="bbox 393 2583 1964 2661">
     <span class='ocr_line' id='line_1_39' title="bbox 393 2583 1964 2661; baseline 0.006 -25"><span class='ocrx_word' id='word_1_292' title='bbox 393 2583 578 2638; x_wconf 82' lang='lat' dir='ltr'><strong><em>verior</em></strong></span> <span class='ocrx_word' id='word_1_293' title='bbox 620 2585 710 2639; x_wconf 90' lang='lat' dir='ltr'><strong><em>illa</em></strong></span> <span class='ocrx_word' id='word_1_294' title='bbox 767 2587 1206 2643; x_wconf 82' lang='lat' dir='ltr'><strong><em>Christianorum</em></strong></span> <span class='ocrx_word' id='word_1_295' title='bbox 1260 2590 1654 2661; x_wconf 87' lang='lat' dir='ltr'><strong><em>interpretatio,</em></strong></span> <span class='ocrx_word' id='word_1_296' title='bbox 1714 2607 1823 2661; x_wconf 89' lang='lat' dir='ltr'><strong><em>qua</em></strong></span> <span class='ocrx_word' id='word_1_297' title='bbox 1875 2606 1964 2645; x_wconf 90' lang='lat' dir='ltr'><strong><em>res</em></strong></span> 
     </span>
    </p>
   </div>
   <div class='ocr_carea' id='block_1_40' title="bbox 391 2681 1965 2754">
    <p class='ocr_par' dir='ltr' id='par_1_40' title="bbox 391 2681 1965 2754">
     <span class='ocr_line' id='line_1_40' title="bbox 391 2681 1965 2754; baseline 0.005 -24"><span class='ocrx_word' id='word_1_298' title='bbox 391 2690 686 2747; x_wconf 82' lang='lat' dir='ltr'><strong><em>corporeas</em></strong></span> <span class='ocrx_word' id='word_1_299' title='bbox 735 2688 789 2734; x_wconf 89' lang='lat' dir='ltr'><strong><em>et</em></strong></span> <span class='ocrx_word' id='word_1_300' title='bbox 808 2681 1129 2750; x_wconf 76' lang='lat' dir='ltr'><strong><em>sensibiles,</em></strong></span> <span class='ocrx_word' id='word_1_301' title='bbox 1185 2683 1252 2736; x_wconf 88' lang='lat' dir='ltr'><strong><em>ad</em></strong></span> <span class='ocrx_word' id='word_1_302' title='bbox 1288 2683 1656 2754; x_wconf 87' lang='lat' dir='ltr'><strong><em>intelligibiles</em></strong></span> <span class='ocrx_word' id='word_1_303' title='bbox 1689 2698 1752 2736; x_wconf 91' lang='lat' dir='ltr'><strong><em>ac</em></strong></span> <span class='ocrx_word' id='word_1_304' title='bbox 1799 2683 1965 2738; x_wconf 76' lang='lat' dir='ltr'><strong><em>caele-</em></strong></span> 
     </span>
    </p>
   </div>
   <div class='ocr_carea' id='block_1_41' title="bbox 391 2771 1748 2836">
    <p class='ocr_par' dir='ltr' id='par_1_41' title="bbox 391 2771 1748 2836">
     <span class='ocr_line' id='line_1_41' title="bbox 391 2771 1748 2836; baseline 0.003 -12"><span class='ocrx_word' id='word_1_305' title='bbox 391 2776 526 2830; x_wconf 86' lang='lat' dir='ltr'><strong><em>stes.</em></strong></span> <span class='ocrx_word' id='word_1_306' title='bbox 560 2771 817 2826; x_wconf 90' lang='lat' dir='ltr'><strong><em>incolumi</em></strong></span> <span class='ocrx_word' id='word_1_307' title='bbox 847 2782 1023 2829; x_wconf 83' lang='lat' dir='ltr'><strong><em>tamen</em></strong></span> <span class='ocrx_word' id='word_1_308' title='bbox 1050 2775 1243 2828; x_wconf 74' lang='lat' dir='ltr'><strong><em>litterae</em></strong></span> <span class='ocrx_word' id='word_1_309' title='bbox 1265 2790 1449 2836; x_wconf 91' lang='lat' dir='ltr'><strong><em>sensu,</em></strong></span> <span class='ocrx_word' id='word_1_310' title='bbox 1481 2773 1748 2828; x_wconf 82' lang='lat' dir='ltr'><strong><em>referunt.</em></strong></span> 
     </span>
    </p>
   </div>
   <div class='ocr_carea' id='block_1_42' title="bbox 466 2861 1964 2935">
    <p class='ocr_par' dir='ltr' id='par_1_42' title="bbox 466 2861 1964 2935">
     <span class='ocr_line' id='line_1_42' title="bbox 466 2861 1964 2935; baseline 0.003 -20"><span class='ocrx_word' id='word_1_311' title='bbox 466 2861 580 2918; x_wconf 83' lang='lat' dir='ltr'><strong><em>[Ioc</em></strong></span> <span class='ocrx_word' id='word_1_312' title='bbox 607 2879 738 2934; x_wconf 86' lang='lat' dir='ltr'><strong><em>ergo</em></strong></span> <span class='ocrx_word' id='word_1_313' title='bbox 773 2880 944 2934; x_wconf 86' lang='lat' dir='ltr'><strong><em>genus</em></strong></span> <span class='ocrx_word' id='word_1_314' title='bbox 980 2866 1378 2935; x_wconf 84' lang='lat' dir='ltr'><strong><em>interpretandi</em></strong></span> <span class='ocrx_word' id='word_1_315' title='bbox 1411 2881 1620 2921; x_wconf 88' lang='lat' dir='ltr'><strong><em>summe</em></strong></span> <span class='ocrx_word' id='word_1_316' title='bbox 1640 2875 1724 2920; x_wconf 89' lang='lat' dir='ltr'><strong><em>est</em></strong></span> <span class='ocrx_word' id='word_1_317' title='bbox 1756 2867 1822 2921; x_wconf 92' lang='lat' dir='ltr'><strong><em>ab</em></strong></span> <span class='ocrx_word' id='word_1_318' title='bbox 1852 2865 1964 2920; x_wconf 87' lang='lat' dir='ltr'><strong><em>Eu-</em></strong></span> 
     </span>
    </p>
   </div>
   <div class='ocr_carea' id='block_1_43' title="bbox 390 2952 1965 3025">
    <p class='ocr_par' dir='ltr' id='par_1_43' title="bbox 390 2952 1965 3025">
     <span class='ocr_line' id='line_1_43' title="bbox 390 2952 1965 3025; baseline 0.004 -19"><span class='ocrx_word' id='word_1_319' title='bbox 390 2953 545 3008; x_wconf 87' lang='lat' dir='ltr'><strong><em>sebio</em></strong></span> <span class='ocrx_word' id='word_1_320' title='bbox 572 2952 997 3023; x_wconf 80' lang='lat' dir='ltr'><strong><em>frequentatum.</em></strong></span> <span class='ocrx_word' id='word_1_321' title='bbox 1039 2955 1173 3008; x_wconf 91' lang='lat' dir='ltr'><strong><em>Illud</em></strong></span> <span class='ocrx_word' id='word_1_322' title='bbox 1210 2963 1388 3010; x_wconf 90' lang='lat' dir='ltr'><strong><em>autem</em></strong></span> <span class='ocrx_word' id='word_1_323' title='bbox 1419 2955 1732 3025; x_wconf 90' lang='lat' dir='ltr'><strong><em>hujusmodi</em></strong></span> <span class='ocrx_word' id='word_1_324' title='bbox 1766 2963 1870 3021; x_wconf 83' lang='lat' dir='ltr'><strong><em>est,</em></strong></span> <span class='ocrx_word' id='word_1_325' title='bbox 1903 2963 1965 3012; x_wconf 84' lang='lat' dir='ltr'><strong><em>ut</em></strong></span> 
     </span>
    </p>
   </div>
   <div class='ocr_carea' id='block_1_44' title="bbox 391 3045 1963 3119">
    <p class='ocr_par' dir='ltr' id='par_1_44' title="bbox 391 3045 1963 3119">
     <span class='ocr_line' id='line_1_44' title="bbox 391 3045 1963 3119; baseline 0.003 -21"><span class='ocrx_word' id='word_1_326' title='bbox 391 3045 571 3099; x_wconf 81' lang='lat' dir='ltr'><strong><em>sicubi</em></strong></span> <span class='ocrx_word' id='word_1_327' title='bbox 612 3045 824 3100; x_wconf 84' lang='lat' dir='ltr'><strong><em>inimici</em></strong></span> <span class='ocrx_word' id='word_1_328' title='bbox 865 3048 1212 3118; x_wconf 81' lang='lat' dir='ltr'><strong><em>insurgentes</em></strong></span> <span class='ocrx_word' id='word_1_329' title='bbox 1241 3057 1296 3102; x_wconf 90' lang='lat' dir='ltr'><strong><em>et</em></strong></span> <span class='ocrx_word' id='word_1_330' title='bbox 1343 3049 1740 3103; x_wconf 89' lang='lat' dir='ltr'><strong><em>tumultuantes</em></strong></span> <span class='ocrx_word' id='word_1_331' title='bbox 1781 3048 1963 3119; x_wconf 80' lang='lat' dir='ltr'><strong><em>expri-</em></strong></span> 
     </span>
    </p>
   </div>
   <div class='ocr_carea' id='block_1_45' title="bbox 396 3138 1958 3209">
    <p class='ocr_par' dir='ltr' id='par_1_45' title="bbox 396 3138 1958 3209">
     <span class='ocr_line' id='line_1_45' title="bbox 396 3138 1958 3209; baseline 0.003 -19"><span class='ocrx_word' id='word_1_332' title='bbox 396 3145 642 3201; x_wconf 88' lang='lat' dir='ltr'><strong><em>mantur,</em></strong></span> <span class='ocrx_word' id='word_1_333' title='bbox 676 3138 820 3208; x_wconf 86' lang='lat' dir='ltr'><strong><em>quod</em></strong></span> <span class='ocrx_word' id='word_1_334' title='bbox 864 3139 920 3193; x_wconf 90' lang='lat' dir='ltr'><strong><em>in</em></strong></span> <span class='ocrx_word' id='word_1_335' title='bbox 963 3140 1190 3209; x_wconf 88' lang='lat' dir='ltr'><strong><em>psalmis</em></strong></span> <span class='ocrx_word' id='word_1_336' title='bbox 1224 3138 1668 3209; x_wconf 84' lang='lat' dir='ltr'><strong><em>frequentissime</em></strong></span> <span class='ocrx_word' id='word_1_337' title='bbox 1696 3141 1958 3202; x_wconf 88' lang='lat' dir='ltr'><strong><em>occurrit,</em></strong></span> 
     </span>
    </p>
   </div>
   <div class='ocr_carea' id='block_1_46' title="bbox 2074 1937 3640 2009">
    <p class='ocr_par' dir='ltr' id='par_1_46' title="bbox 2074 1937 3640 2009">
     <span class='ocr_line' id='line_1_46' title="bbox 2074 1937 3640 2009; baseline -0.001 -15"><span class='ocrx_word' id='word_1_338' title='bbox 2074 1956 2186 1996; x_wconf 84' lang='lat' dir='ltr'><strong><em>rem</em></strong></span> <span class='ocrx_word' id='word_1_339' title='bbox 2220 1946 2485 1995; x_wconf 76' lang='lat' dir='ltr'><strong><em>sectatum</em></strong></span> <span class='ocrx_word' id='word_1_340' title='bbox 2523 1957 2535 1992; x_wconf 91' lang='lat'><strong><em>:</em></strong></span> <span class='ocrx_word' id='word_1_341' title='bbox 2573 1953 2672 1993; x_wconf 90' lang='lat' dir='ltr'><strong><em>nec</em></strong></span> <span class='ocrx_word' id='word_1_342' title='bbox 2721 1939 2790 1993; x_wconf 89' lang='lat' dir='ltr'><strong><em>iis</em></strong></span> <span class='ocrx_word' id='word_1_343' title='bbox 2842 1939 3039 2009; x_wconf 87' lang='lat' dir='ltr'><strong><em>ingenii</em></strong></span> <span class='ocrx_word' id='word_1_344' title='bbox 3073 1937 3440 2007; x_wconf 63' lang='lat' dir='ltr'><strong><em>doctrinaeque</em></strong></span> <span class='ocrx_word' id='word_1_345' title='bbox 3469 1940 3640 2007; x_wconf 86' lang='lat' dir='ltr'><strong><em>parti-</em></strong></span> 
     </span>
    </p>
   </div>
   <div class='ocr_carea' id='block_1_47' title="bbox 2074 2027 3640 2098">
    <p class='ocr_par' dir='ltr' id='par_1_47' title="bbox 2074 2027 3640 2098">
     <span class='ocr_line' id='line_1_47' title="bbox 2074 2027 3640 2098; baseline 0 -15"><span class='ocrx_word' id='word_1_346' title='bbox 2074 2028 2176 2084; x_wconf 90' lang='lat' dir='ltr'><strong><em>bus</em></strong></span> <span class='ocrx_word' id='word_1_347' title='bbox 2212 2028 2564 2091; x_wconf 90' lang='lat' dir='ltr'><strong><em>instructum,</em></strong></span> <span class='ocrx_word' id='word_1_348' title='bbox 2596 2043 2717 2097; x_wconf 81' lang='lat' dir='ltr'><strong><em>qua:</em></strong></span> <span class='ocrx_word' id='word_1_349' title='bbox 2747 2028 2980 2082; x_wconf 89' lang='lat' dir='ltr'><strong><em>fuissent</em></strong></span> <span class='ocrx_word' id='word_1_350' title='bbox 3009 2027 3077 2081; x_wconf 89' lang='lat' dir='ltr'><strong><em>ad</em></strong></span> <span class='ocrx_word' id='word_1_351' title='bbox 3111 2035 3318 2081; x_wconf 91' lang='lat' dir='ltr'><strong><em>tantum</em></strong></span> <span class='ocrx_word' id='word_1_352' title='bbox 3349 2043 3486 2098; x_wconf 81' lang='lat' dir='ltr'><strong><em>Opus</em></strong></span> <span class='ocrx_word' id='word_1_353' title='bbox 3514 2043 3640 2098; x_wconf 79' lang='lat' dir='ltr'><strong><em>per-</em></strong></span> 
     </span>
    </p>
   </div>
   <div class='ocr_carea' id='block_1_48' title="bbox 2074 2119 3636 2190">
    <p class='ocr_par' dir='ltr' id='par_1_48' title="bbox 2074 2119 3636 2190">
     <span class='ocr_line' id='line_1_48' title="bbox 2074 2119 3636 2190; baseline 0.001 -16"><span class='ocrx_word' id='word_1_354' title='bbox 2074 2121 2362 2176; x_wconf 90' lang='lat' dir='ltr'><strong><em>ficiendum</em></strong></span> <span class='ocrx_word' id='word_1_355' title='bbox 2397 2121 2552 2174; x_wconf 90' lang='lat' dir='ltr'><strong><em>satis.</em></strong></span> <span class='ocrx_word' id='word_1_356' title='bbox 2609 2119 2940 2176; x_wconf 89' lang='lat' dir='ltr'><strong><em>Scholiastes</em></strong></span> <span class='ocrx_word' id='word_1_357' title='bbox 2976 2135 3140 2190; x_wconf 90' lang='lat' dir='ltr'><strong><em>porro</em></strong></span> <span class='ocrx_word' id='word_1_358' title='bbox 3184 2121 3275 2175; x_wconf 89' lang='lat' dir='ltr'><strong><em>ille</em></strong></span> <span class='ocrx_word' id='word_1_359' title='bbox 3327 2136 3434 2174; x_wconf 90' lang='lat' dir='ltr'><strong><em>non</em></strong></span> <span class='ocrx_word' id='word_1_360' title='bbox 3475 2122 3636 2175; x_wconf 84' lang='lat' dir='ltr'><strong><em>Aste-</em></strong></span> 
     </span>
    </p>
   </div>
   <div class='ocr_carea' id='block_1_49' title="bbox 2069 2211 3636 2279">
    <p class='ocr_par' dir='ltr' id='par_1_49' title="bbox 2069 2211 3636 2279">
     <span class='ocr_line' id='line_1_49' title="bbox 2069 2211 3636 2279; baseline -0.001 -12"><span class='ocrx_word' id='word_1_361' title='bbox 2069 2215 2208 2267; x_wconf 88' lang='lat' dir='ltr'><strong><em>rium</em></strong></span> <span class='ocrx_word' id='word_1_362' title='bbox 2255 2212 2418 2266; x_wconf 90' lang='lat' dir='ltr'><strong><em>modo</em></strong></span> <span class='ocrx_word' id='word_1_363' title='bbox 2467 2213 2718 2267; x_wconf 84' lang='lat' dir='ltr'><strong><em>Arianica</em></strong></span> <span class='ocrx_word' id='word_1_364' title='bbox 2765 2214 2885 2268; x_wconf 85' lang='lat' dir='ltr'><strong><em>labe</em></strong></span> <span class='ocrx_word' id='word_1_365' title='bbox 2931 2228 3211 2279; x_wconf 88' lang='lat' dir='ltr'><strong><em>aspersum</em></strong></span> <span class='ocrx_word' id='word_1_366' title='bbox 3260 2211 3496 2269; x_wconf 88' lang='lat' dir='ltr'><strong><em>indicat.</em></strong></span> <span class='ocrx_word' id='word_1_367' title='bbox 3539 2213 3636 2266; x_wconf 87' lang='lat' dir='ltr'><strong><em>sed</em></strong></span> 
     </span>
    </p>
   </div>
   <div class='ocr_carea' id='block_1_50' title="bbox 2071 2301 3633 2368">
    <p class='ocr_par' dir='ltr' id='par_1_50' title="bbox 2071 2301 3633 2368">
     <span class='ocr_line' id='line_1_50' title="bbox 2071 2301 3633 2368; baseline -0.003 -7"><span class='ocrx_word' id='word_1_368' title='bbox 2071 2306 2235 2361; x_wconf 90' lang='lat' dir='ltr'><strong><em>etiam</em></strong></span> <span class='ocrx_word' id='word_1_369' title='bbox 2265 2304 2580 2368; x_wconf 86' lang='lat' dir='ltr'><strong><em>Eusebium,</em></strong></span> <span class='ocrx_word' id='word_1_370' title='bbox 2627 2306 2801 2360; x_wconf 86' lang='lat' dir='ltr'><strong><em>sicubi</em></strong></span> <span class='ocrx_word' id='word_1_371' title='bbox 2852 2305 2918 2359; x_wconf 91' lang='lat' dir='ltr'><strong><em>ad</em></strong></span> <span class='ocrx_word' id='word_1_372' title='bbox 2973 2303 3339 2358; x_wconf 81' lang='lat' dir='ltr'><strong><em>Arianismum</em></strong></span> <span class='ocrx_word' id='word_1_373' title='bbox 3371 2301 3633 2368; x_wconf 87' lang='lat' dir='ltr'><strong><em>deflectit,</em></strong></span> 
     </span>
    </p>
   </div>
   <div class='ocr_carea' id='block_1_51' title="bbox 2073 2394 3302 2460">
    <p class='ocr_par' dir='ltr' id='par_1_51' title="bbox 2073 2394 3302 2460">
     <span class='ocr_line' id='line_1_51' title="bbox 2073 2394 3302 2460; baseline -0.004 -8"><span class='ocrx_word' id='word_1_374' title='bbox 2073 2405 2132 2452; x_wconf 90' lang='lat' dir='ltr'><strong><em>ut</em></strong></span> <span class='ocrx_word' id='word_1_375' title='bbox 2159 2397 2420 2449; x_wconf 86' lang='lat' dir='ltr'><strong><em>Arianum</em></strong></span> <span class='ocrx_word' id='word_1_376' title='bbox 2451 2395 2708 2460; x_wconf 70' lang='lat' dir='ltr'><strong><em>traducit,</em></strong></span> <span class='ocrx_word' id='word_1_377' title='bbox 2745 2404 2802 2451; x_wconf 92' lang='lat' dir='ltr'><strong><em>ut</em></strong></span> <span class='ocrx_word' id='word_1_378' title='bbox 2836 2412 2934 2450; x_wconf 91' lang='lat' dir='ltr'><strong><em>suo</em></strong></span> <span class='ocrx_word' id='word_1_379' title='bbox 2959 2397 3076 2449; x_wconf 92' lang='lat' dir='ltr'><strong><em>loco</em></strong></span> <span class='ocrx_word' id='word_1_380' title='bbox 3101 2394 3302 2449; x_wconf 89' lang='lat' dir='ltr'><strong><em>videas.</em></strong></span> 
     </span>
    </p>
   </div>
   <div class='ocr_carea' id='block_1_52' title="bbox 2066 2506 3634 2619">
    <p class='ocr_par' dir='ltr' id='par_1_52' title="bbox 2066 2506 3634 2619">
     <span class='ocr_line' id='line_1_52' title="bbox 2066 2506 3634 2619; baseline -0.004 -59"><span class='ocrx_word' id='word_1_381' title='bbox 2066 2511 2149 2560; x_wconf 77' lang='lat' dir='ltr'><strong><em>Vl.</em></strong></span> <span class='ocrx_word' id='word_1_382' title='bbox 2169 2508 2404 2571; x_wconf 74' lang='lat' dir='ltr'><strong><em>.Antiquis</em></strong></span> <span class='ocrx_word' id='word_1_383' title='bbox 2443 2509 2798 2573; x_wconf 88' lang='lat' dir='ltr'><strong><em>interpretibus</em></strong></span> <span class='ocrx_word' id='word_1_384' title='bbox 2824 2509 3111 2619; x_wconf 53' lang='lat' dir='ltr'><strong><em>erquenter</em></strong></span> <span class='ocrx_word' id='word_1_385' title='bbox 3141 2506 3310 2554; x_wconf 81' lang='lat' dir='ltr'><strong><em>utitur.</em></strong></span> <span class='ocrx_word' id='word_1_386' title='bbox 3333 2506 3449 2556; x_wconf 77' lang='lat' dir='ltr'><strong><em>LXX</em></strong></span> <span class='ocrx_word' id='word_1_387' title='bbox 3478 2506 3634 2555; x_wconf 78' lang='lat' dir='ltr'><strong><em>Inter-</em></strong></span> 
     </span>
     <span class='ocr_line' id='line_1_53' title="bbox 2752 2583 2936 2619; baseline 0.005 -1"><span class='ocrx_word' id='word_1_388' title='bbox 2752 2583 2840 2619; x_wconf 80' lang='lat' dir='ltr'><strong><em>ore</em></strong></span> <span class='ocrx_word' id='word_1_389' title='bbox 2865 2584 2936 2619; x_wconf 90' lang='lat' dir='ltr'><strong><em>es.</em></strong></span> 
     </span>
    </p>
   </div>
   <div class='ocr_carea' id='block_1_53' title="bbox 2751 2583 2936 2634">
    <p class='ocr_par' dir='ltr' id='par_1_53' title="bbox 2751 2583 2936 2634">
     <span class='ocr_line' id='line_1_54' title="bbox 2751 2583 2936 2634; baseline 0.016 -17"><span class='ocrx_word' id='word_1_390' title='bbox 2751 2583 2936 2634; x_wconf 87' lang='lat' dir='ltr'><strong><em>pretes.</em></strong></span> 
     </span>
    </p>
   </div>
   <div class='ocr_carea' id='block_1_54' title="bbox 2136 2675 3632 2743">
    <p class='ocr_par' dir='ltr' id='par_1_54' title="bbox 2136 2675 3632 2743">
     <span class='ocr_line' id='line_1_55' title="bbox 2136 2675 3632 2743; baseline -0.001 -13"><span class='ocrx_word' id='word_1_391' title='bbox 2136 2675 2281 2731; x_wconf 85' lang='lat' dir='ltr'><strong><em>Nihil</em></strong></span> <span class='ocrx_word' id='word_1_392' title='bbox 2333 2686 2512 2732; x_wconf 87' lang='lat' dir='ltr'><strong><em>autem</em></strong></span> <span class='ocrx_word' id='word_1_393' title='bbox 2568 2678 2656 2733; x_wconf 89' lang='lat' dir='ltr'><strong><em>his</em></strong></span> <span class='ocrx_word' id='word_1_394' title='bbox 2701 2678 2757 2731; x_wconf 91' lang='lat' dir='ltr'><strong><em>in</em></strong></span> <span class='ocrx_word' id='word_1_395' title='bbox 2808 2675 3213 2730; x_wconf 88' lang='lat' dir='ltr'><strong><em>commentariis</em></strong></span> <span class='ocrx_word' id='word_1_396' title='bbox 3264 2676 3632 2743; x_wconf 79' lang='lat' dir='ltr'><strong><em>praestantius.</em></strong></span> 
     </span>
    </p>
   </div>
   <div class='ocr_carea' id='block_1_55' title="bbox 2069 2768 3633 2840">
    <p class='ocr_par' dir='ltr' id='par_1_55' title="bbox 2069 2768 3633 2840">
     <span class='ocr_line' id='line_1_56' title="bbox 2069 2768 3633 2840; baseline -0.003 -15"><span class='ocrx_word' id='word_1_397' title='bbox 2069 2771 2203 2825; x_wconf 89' lang='lat' dir='ltr'><strong><em>nihil</em></strong></span> <span class='ocrx_word' id='word_1_398' title='bbox 2242 2770 2534 2840; x_wconf 87' lang='lat' dir='ltr'><strong><em>pretiosius</em></strong></span> <span class='ocrx_word' id='word_1_399' title='bbox 2585 2769 3028 2840; x_wconf 78' lang='lat' dir='ltr'><strong><em>frequentissimo</em></strong></span> <span class='ocrx_word' id='word_1_400' title='bbox 3064 2768 3155 2821; x_wconf 92' lang='lat' dir='ltr'><strong><em>illo</em></strong></span> <span class='ocrx_word' id='word_1_401' title='bbox 3189 2774 3430 2820; x_wconf 89' lang='lat' dir='ltr'><strong><em>veterum</em></strong></span> <span class='ocrx_word' id='word_1_402' title='bbox 3463 2770 3633 2820; x_wconf 88' lang='lat' dir='ltr'><strong><em>inter-</em></strong></span> 
     </span>
    </p>
   </div>
   <div class='ocr_carea' id='block_1_56' title="bbox 2071 2848 3636 2933">
    <p class='ocr_par' dir='ltr' id='par_1_56' title="bbox 2071 2848 3636 2933">
     <span class='ocr_line' id='line_1_57' title="bbox 2071 2848 3636 2933; baseline -0.001 -17"><span class='ocrx_word' id='word_1_403' title='bbox 2071 2848 2282 2933; x_wconf 89' lang='lat' dir='ltr'><strong><em>pretum</em></strong></span> <span class='ocrx_word' id='word_1_404' title='bbox 2320 2879 2444 2919; x_wconf 90' lang='lat' dir='ltr'><strong><em>usu.</em></strong></span> <span class='ocrx_word' id='word_1_405' title='bbox 2475 2863 2690 2918; x_wconf 86' lang='lat' dir='ltr'><strong><em>Atenim</em></strong></span> <span class='ocrx_word' id='word_1_406' title='bbox 2725 2862 2897 2916; x_wconf 92' lang='lat' dir='ltr'><strong><em>multo</em></strong></span> <span class='ocrx_word' id='word_1_407' title='bbox 2929 2862 3080 2930; x_wconf 90' lang='lat' dir='ltr'><strong><em>plura</em></strong></span> <span class='ocrx_word' id='word_1_408' title='bbox 3109 2877 3178 2914; x_wconf 78' lang='lat' dir='ltr'><strong><em>ex</em></strong></span> <span class='ocrx_word' id='word_1_409' title='bbox 3204 2859 3418 2929; x_wconf 83' lang='lat' dir='ltr'><strong><em>Aquila,</em></strong></span> <span class='ocrx_word' id='word_1_410' title='bbox 3451 2857 3636 2914; x_wconf 87' lang='lat' dir='ltr'><strong><em>Theo-</em></strong></span> 
     </span>
    </p>
   </div>
   <div class='ocr_carea' id='block_1_57' title="bbox 2069 2952 3635 3025">
    <p class='ocr_par' dir='ltr' id='par_1_57' title="bbox 2069 2952 3635 3025">
     <span class='ocr_line' id='line_1_58' title="bbox 2069 2952 3635 3025; baseline -0.004 -15"><span class='ocrx_word' id='word_1_411' title='bbox 2069 2957 2288 3012; x_wconf 85' lang='lat' dir='ltr'><strong><em>dotione</em></strong></span> <span class='ocrx_word' id='word_1_412' title='bbox 2344 2964 2396 3010; x_wconf 91' lang='lat' dir='ltr'><strong><em>et</em></strong></span> <span class='ocrx_word' id='word_1_413' title='bbox 2440 2952 2769 3025; x_wconf 81' lang='lat' dir='ltr'><strong><em>Symmacho</em></strong></span> <span class='ocrx_word' id='word_1_414' title='bbox 2820 2953 2974 3008; x_wconf 72' lang='lat' dir='ltr'><strong><em>affert</em></strong></span> <span class='ocrx_word' id='word_1_415' title='bbox 3025 2953 3314 3016; x_wconf 84' lang='lat' dir='ltr'><strong><em>Eusebius,</em></strong></span> <span class='ocrx_word' id='word_1_416' title='bbox 3366 2969 3526 3022; x_wconf 86' lang='lat' dir='ltr'><strong><em>quam</em></strong></span> <span class='ocrx_word' id='word_1_417' title='bbox 3578 2953 3635 3005; x_wconf 88' lang='lat' dir='ltr'><strong><em>in</em></strong></span> 
     </span>
    </p>
   </div>
   <div class='ocr_carea' id='block_1_58' title="bbox 2071 3045 3636 3115">
    <p class='ocr_par' dir='ltr' id='par_1_58' title="bbox 2071 3045 3636 3115">
     <span class='ocr_line' id='line_1_59' title="bbox 2071 3045 3636 3115; baseline -0.004 -13"><span class='ocrx_word' id='word_1_418' title='bbox 2071 3048 2253 3103; x_wconf 89' lang='lat' dir='ltr'><strong><em>Drusii</em></strong></span> <span class='ocrx_word' id='word_1_419' title='bbox 2308 3049 2391 3104; x_wconf 84' lang='lat' dir='ltr'><strong><em>vel</em></strong></span> <span class='ocrx_word' id='word_1_420' title='bbox 2436 3045 2637 3100; x_wconf 86' lang='lat' dir='ltr'><strong><em>Nobilii</em></strong></span> <span class='ocrx_word' id='word_1_421' title='bbox 2688 3045 3100 3101; x_wconf 86' lang='lat' dir='ltr'><strong><em>collectionibus</em></strong></span> <span class='ocrx_word' id='word_1_422' title='bbox 3143 3061 3371 3115; x_wconf 90' lang='lat' dir='ltr'><strong><em>usquam</em></strong></span> <span class='ocrx_word' id='word_1_423' title='bbox 3415 3058 3636 3114; x_wconf 83' lang='lat' dir='ltr'><strong><em>compa-</em></strong></span> 
     </span>
    </p>
   </div>
   <div class='ocr_carea' id='block_1_59' title="bbox 2071 3122 3636 3208">
    <p class='ocr_par' dir='ltr' id='par_1_59' title="bbox 2071 3122 3636 3208">
     <span class='ocr_line' id='line_1_60' title="bbox 2071 3122 3636 3208; baseline -0.003 -12"><span class='ocrx_word' id='word_1_424' title='bbox 2071 3151 2248 3205; x_wconf 90' lang='lat' dir='ltr'><strong><em>reant,</em></strong></span> <span class='ocrx_word' id='word_1_425' title='bbox 2280 3141 2353 3194; x_wconf 88' lang='lat' dir='ltr'><strong><em>ita</em></strong></span> <span class='ocrx_word' id='word_1_426' title='bbox 2384 3146 2444 3193; x_wconf 89' lang='lat' dir='ltr'><strong><em>ut</em></strong></span> <span class='ocrx_word' id='word_1_427' title='bbox 2477 3139 2598 3208; x_wconf 82' lang='lat' dir='ltr'><strong><em>ejus</em></strong></span> <span class='ocrx_word' id='word_1_428' title='bbox 2627 3122 2956 3192; x_wconf 86' lang='lat' dir='ltr'><strong><em>adminiculo</em></strong></span> <span class='ocrx_word' id='word_1_429' title='bbox 2984 3152 3090 3190; x_wconf 91' lang='lat' dir='ltr'><strong><em>non</em></strong></span> <span class='ocrx_word' id='word_1_430' title='bbox 3132 3152 3256 3190; x_wconf 89' lang='lat' dir='ltr'><strong><em>raro</em></strong></span> <span class='ocrx_word' id='word_1_431' title='bbox 3282 3138 3520 3207; x_wconf 86' lang='lat' dir='ltr'><strong><em>psalmos</em></strong></span> <span class='ocrx_word' id='word_1_432' title='bbox 3553 3139 3636 3191; x_wconf 78' lang='lat' dir='ltr'><strong><em>in-</em></strong></span> 
     </span>
    </p>
   </div>
   <div class='ocr_carea' id='block_1_60' title="bbox 392 3217 3638 3307">
    <p class='ocr_par' dir='ltr' id='par_1_60' title="bbox 392 3217 3638 3307">
     <span class='ocr_line' id='line_1_61' title="bbox 392 3217 3638 3307; baseline 0.002 -27"><span class='ocrx_word' id='word_1_433' title='bbox 392 3226 450 3280; x_wconf 89' lang='lat' dir='ltr'><strong><em>id</em></strong></span> <span class='ocrx_word' id='word_1_434' title='bbox 479 3228 563 3282; x_wconf 87' lang='lat' dir='ltr'><strong><em>vel</em></strong></span> <span class='ocrx_word' id='word_1_435' title='bbox 589 3227 654 3281; x_wconf 92' lang='lat' dir='ltr'><strong><em>ad</em></strong></span> <span class='ocrx_word' id='word_1_436' title='bbox 677 3226 894 3284; x_wconf 70' lang='lat' dir='ltr'><strong><em>Iudaeos</em></strong></span> <span class='ocrx_word' id='word_1_437' title='bbox 927 3238 1119 3284; x_wconf 88' lang='lat' dir='ltr'><strong><em>contra</em></strong></span> <span class='ocrx_word' id='word_1_438' title='bbox 1150 3230 1428 3286; x_wconf 88' lang='lat' dir='ltr'><strong><em>Christum</em></strong></span> <span class='ocrx_word' id='word_1_439' title='bbox 1463 3230 1756 3285; x_wconf 83' lang='lat' dir='ltr'><strong><em>frementes</em></strong></span> <span class='ocrx_word' id='word_1_440' title='bbox 1779 3241 1833 3285; x_wconf 92' lang='lat' dir='ltr'><strong><em>et</em></strong></span> <span class='ocrx_word' id='word_1_441' title='bbox 1851 3246 1966 3285; x_wconf 82' lang='lat' dir='ltr'><strong><em>ma-</em></strong></span> <span class='ocrx_word' id='word_1_442' title='bbox 1992 3217 2036 3277; x_wconf 69' lang='grc' dir='ltr'>Ο</span> <span class='ocrx_word' id='word_1_443' title='bbox 2071 3243 2276 3305; x_wconf 87' lang='lat' dir='ltr'><strong><em>tegros,</em></strong></span> <span class='ocrx_word' id='word_1_444' title='bbox 2308 3251 2373 3289; x_wconf 83' lang='lat' dir='ltr'><strong><em>ex</em></strong></span> <span class='ocrx_word' id='word_1_445' title='bbox 2416 3233 2728 3307; x_wconf 85' lang='lat' dir='ltr'><strong><em>Symmachi</em></strong></span> <span class='ocrx_word' id='word_1_446' title='bbox 2762 3232 2997 3287; x_wconf 81' lang='lat' dir='ltr'><strong><em>maxime</em></strong></span> <span class='ocrx_word' id='word_1_447' title='bbox 3024 3231 3295 3292; x_wconf 86' lang='lat' dir='ltr'><strong><em>versione,</em></strong></span> <span class='ocrx_word' id='word_1_448' title='bbox 3333 3239 3638 3286; x_wconf 87' lang='lat' dir='ltr'><strong><em>restaurare</em></strong></span> 
     </span>
    </p>
   </div>
   <div class='ocr_carea' id='block_1_61' title="bbox 395 3318 1961 3385">
    <p class='ocr_par' dir='ltr' id='par_1_61' title="bbox 395 3318 1961 3385">
     <span class='ocr_line' id='line_1_62' title="bbox 395 3318 1961 3385; baseline 0.001 -11"><span class='ocrx_word' id='word_1_449' title='bbox 395 3318 720 3384; x_wconf 83' lang='lat' dir='ltr'><strong><em>chinantes,</em></strong></span> <span class='ocrx_word' id='word_1_450' title='bbox 751 3322 833 3375; x_wconf 91' lang='lat' dir='ltr'><strong><em>vel</em></strong></span> <span class='ocrx_word' id='word_1_451' title='bbox 858 3321 924 3374; x_wconf 90' lang='lat' dir='ltr'><strong><em>ad</em></strong></span> <span class='ocrx_word' id='word_1_452' title='bbox 947 3319 1247 3376; x_wconf 87' lang='lat' dir='ltr'><strong><em>Ecclesiam</em></strong></span> <span class='ocrx_word' id='word_1_453' title='bbox 1279 3323 1347 3377; x_wconf 88' lang='lat' dir='ltr'><strong><em>ab</em></strong></span> <span class='ocrx_word' id='word_1_454' title='bbox 1377 3322 1648 3385; x_wconf 86' lang='lat' dir='ltr'><strong><em>hostibus,</em></strong></span> <span class='ocrx_word' id='word_1_455' title='bbox 1690 3322 1897 3377; x_wconf 81' lang='lat' dir='ltr'><strong><em>scilicet</em></strong></span> <span class='ocrx_word' id='word_1_456' title='bbox 1931 3337 1961 3375; x_wconf 88' lang='lat' dir='ltr'><strong><em>a</em></strong></span> 
     </span>
    </p>
   </div>
   <div class='ocr_carea' id='block_1_62' title="bbox 400 3411 1966 3483">
    <p class='ocr_par' dir='ltr' id='par_1_62' title="bbox 400 3411 1966 3483">
     <span class='ocr_line' id='line_1_63' title="bbox 400 3411 1966 3483; baseline 0.001 -19"><span class='ocrx_word' id='word_1_457' title='bbox 400 3411 744 3483; x_wconf 86' lang='lat' dir='ltr'><strong><em>principibus</em></strong></span> <span class='ocrx_word' id='word_1_458' title='bbox 773 3411 938 3481; x_wconf 89' lang='lat' dir='ltr'><strong><em>hujus</em></strong></span> <span class='ocrx_word' id='word_1_459' title='bbox 964 3412 1171 3477; x_wconf 80' lang='lat' dir='ltr'><strong><em>saeculi,</em></strong></span> <span class='ocrx_word' id='word_1_460' title='bbox 1226 3422 1319 3466; x_wconf 93' lang='lat' dir='ltr'><strong><em>aut</em></strong></span> <span class='ocrx_word' id='word_1_461' title='bbox 1358 3428 1386 3466; x_wconf 90' lang='lat' dir='ltr'><strong><em>a</em></strong></span> <span class='ocrx_word' id='word_1_462' title='bbox 1419 3412 1759 3468; x_wconf 80' lang='lat' dir='ltr'><strong><em>daemonibus</em></strong></span> <span class='ocrx_word' id='word_1_463' title='bbox 1792 3428 1966 3482; x_wconf 86' lang='lat' dir='ltr'><strong><em>oppu-</em></strong></span> 
     </span>
    </p>
   </div>
   <div class='ocr_carea' id='block_1_63' title="bbox 396 3503 1966 3574">
    <p class='ocr_par' dir='ltr' id='par_1_63' title="bbox 396 3503 1966 3574">
     <span class='ocr_line' id='line_1_64' title="bbox 396 3503 1966 3574; baseline -0.001 -17"><span class='ocrx_word' id='word_1_464' title='bbox 396 3511 637 3574; x_wconf 77' lang='lat' dir='ltr'><strong><em>gnatam,</em></strong></span> <span class='ocrx_word' id='word_1_465' title='bbox 669 3505 751 3558; x_wconf 85' lang='lat' dir='ltr'><strong><em>vel</em></strong></span> <span class='ocrx_word' id='word_1_466' title='bbox 782 3503 849 3556; x_wconf 83' lang='lat' dir='ltr'><strong><em>ad</em></strong></span> <span class='ocrx_word' id='word_1_467' title='bbox 895 3503 1104 3559; x_wconf 81' lang='lat' dir='ltr'><strong><em>ﬁdelem</em></strong></span> <span class='ocrx_word' id='word_1_468' title='bbox 1155 3505 1389 3558; x_wconf 90' lang='lat' dir='ltr'><strong><em>animam</em></strong></span> <span class='ocrx_word' id='word_1_469' title='bbox 1421 3511 1670 3559; x_wconf 79' lang='lat' dir='ltr'><strong><em>vexatam</em></strong></span> <span class='ocrx_word' id='word_1_470' title='bbox 1705 3519 1734 3556; x_wconf 88' lang='lat' dir='ltr'><strong><em>a</em></strong></span> <span class='ocrx_word' id='word_1_471' title='bbox 1765 3505 1966 3572; x_wconf 84' lang='lat' dir='ltr'><strong><em>spiriti-</em></strong></span> 
     </span>
    </p>
   </div>
   <div class='ocr_carea' id='block_1_64' title="bbox 393 3594 1969 3666">
    <p class='ocr_par' dir='ltr' id='par_1_64' title="bbox 393 3594 1969 3666">
     <span class='ocr_line' id='line_1_65' title="bbox 393 3594 1969 3666; baseline 0.002 -18"><span class='ocrx_word' id='word_1_472' title='bbox 393 3594 489 3648; x_wconf 80' lang='lat' dir='ltr'><strong><em>bus</em></strong></span> <span class='ocrx_word' id='word_1_473' title='bbox 514 3595 832 3662; x_wconf 86' lang='lat' dir='ltr'><strong><em>immundis,</em></strong></span> <span class='ocrx_word' id='word_1_474' title='bbox 868 3597 1135 3652; x_wconf 88' lang='lat' dir='ltr'><strong><em>referatur</em></strong></span> <span class='ocrx_word' id='word_1_475' title='bbox 1174 3616 1186 3652; x_wconf 90' lang='lat'><strong><em>:</em></strong></span> <span class='ocrx_word' id='word_1_476' title='bbox 1223 3597 1268 3651; x_wconf 93' lang='lat' dir='ltr'><strong><em>si</em></strong></span> <span class='ocrx_word' id='word_1_477' title='bbox 1304 3597 1424 3651; x_wconf 72' lang='lat' dir='ltr'><strong><em>laeta</em></strong></span> <span class='ocrx_word' id='word_1_478' title='bbox 1453 3604 1509 3652; x_wconf 92' lang='lat' dir='ltr'><strong><em>et</em></strong></span> <span class='ocrx_word' id='word_1_479' title='bbox 1555 3597 1797 3666; x_wconf 85' lang='lat' dir='ltr'><strong><em>jucunda</em></strong></span> <span class='ocrx_word' id='word_1_480' title='bbox 1837 3595 1969 3651; x_wconf 75' lang='lat' dir='ltr'><strong><em>eiic-</em></strong></span> 
     </span>
    </p>
   </div>
   <div class='ocr_carea' id='block_1_65' title="bbox 391 3687 1967 3760">
    <p class='ocr_par' dir='ltr' id='par_1_65' title="bbox 391 3687 1967 3760">
     <span class='ocr_line' id='line_1_66' title="bbox 391 3687 1967 3760; baseline 0.001 -20"><span class='ocrx_word' id='word_1_481' title='bbox 391 3695 609 3750; x_wconf 83' lang='lat' dir='ltr'><strong><em>rantur,</em></strong></span> <span class='ocrx_word' id='word_1_482' title='bbox 659 3688 870 3743; x_wconf 82' lang='lat' dir='ltr'><strong><em>caelesti</em></strong></span> <span class='ocrx_word' id='word_1_483' title='bbox 913 3687 1300 3760; x_wconf 70' lang='lat' dir='ltr'><strong><em>Jerosolymae,</em></strong></span> <span class='ocrx_word' id='word_1_484' title='bbox 1352 3691 1468 3745; x_wconf 88' lang='lat' dir='ltr'><strong><em>sive</em></strong></span> <span class='ocrx_word' id='word_1_485' title='bbox 1521 3689 1816 3753; x_wconf 69' lang='lat' dir='ltr'><strong><em>Ecclesiae,</em></strong></span> <span class='ocrx_word' id='word_1_486' title='bbox 1869 3704 1967 3744; x_wconf 89' lang='lat' dir='ltr'><strong><em>seu</em></strong></span> 
     </span>
    </p>
   </div>
   <div class='ocr_carea' id='block_1_66' title="bbox 395 3779 1968 3848">
    <p class='ocr_par' dir='ltr' id='par_1_66' title="bbox 395 3779 1968 3848">
     <span class='ocr_line' id='line_1_67' title="bbox 395 3779 1968 3848; baseline -0.001 -14"><span class='ocrx_word' id='word_1_487' title='bbox 395 3779 697 3834; x_wconf 85' lang='lat' dir='ltr'><strong><em>Christiani</em></strong></span> <span class='ocrx_word' id='word_1_488' title='bbox 724 3781 1018 3848; x_wconf 84' lang='lat' dir='ltr'><strong><em>cujuslibet</em></strong></span> <span class='ocrx_word' id='word_1_489' title='bbox 1045 3781 1260 3846; x_wconf 81' lang='lat' dir='ltr'><strong><em>animae,</em></strong></span> <span class='ocrx_word' id='word_1_490' title='bbox 1285 3788 1458 3835; x_wconf 88' lang='lat' dir='ltr'><strong><em>totum</em></strong></span> <span class='ocrx_word' id='word_1_491' title='bbox 1491 3782 1834 3836; x_wconf 87' lang='lat' dir='ltr'><strong><em>adscribatur</em></strong></span> <span class='ocrx_word' id='word_1_492' title='bbox 1865 3799 1878 3834; x_wconf 93' lang='lat'><strong><em>:</em></strong></span> <span class='ocrx_word' id='word_1_493' title='bbox 1918 3780 1968 3834; x_wconf 90' lang='lat' dir='ltr'><strong><em>si</em></strong></span> 
     </span>
    </p>
   </div>
   <div class='ocr_carea' id='block_1_67' title="bbox 399 3868 1965 3934">
    <p class='ocr_par' dir='ltr' id='par_1_67' title="bbox 399 3868 1965 3934">
     <span class='ocr_line' id='line_1_68' title="bbox 399 3868 1965 3934; baseline -0.001 -9"><span class='ocrx_word' id='word_1_494' title='bbox 399 3868 632 3925; x_wconf 79' lang='lat' dir='ltr'><strong><em>ﬁumina</em></strong></span> <span class='ocrx_word' id='word_1_495' title='bbox 675 3870 996 3924; x_wconf 87' lang='lat' dir='ltr'><strong><em>inundantia</em></strong></span> <span class='ocrx_word' id='word_1_496' title='bbox 1028 3879 1422 3934; x_wconf 87' lang='lat' dir='ltr'><strong><em>memorentur,</em></strong></span> <span class='ocrx_word' id='word_1_497' title='bbox 1470 3871 1523 3924; x_wconf 87' lang='lat' dir='ltr'><strong><em>id</em></strong></span> <span class='ocrx_word' id='word_1_498' title='bbox 1565 3871 1631 3926; x_wconf 92' lang='lat' dir='ltr'><strong><em>de</em></strong></span> <span class='ocrx_word' id='word_1_499' title='bbox 1673 3870 1965 3926; x_wconf 91' lang='lat' dir='ltr'><strong><em>confluenti</em></strong></span> 
     </span>
    </p>
   </div>
   <div class='ocr_carea' id='block_1_68' title="bbox 393 3960 1968 4032">
    <p class='ocr_par' dir='ltr' id='par_1_68' title="bbox 393 3960 1968 4032">
     <span class='ocr_line' id='line_1_69' title="bbox 393 3960 1968 4032; baseline -0.001 -15"><span class='ocrx_word' id='word_1_500' title='bbox 393 3962 462 4018; x_wconf 85' lang='lat' dir='ltr'><strong><em>ad</em></strong></span> <span class='ocrx_word' id='word_1_501' title='bbox 512 3960 714 4016; x_wconf 87' lang='lat' dir='ltr'><strong><em>Christi</em></strong></span> <span class='ocrx_word' id='word_1_502' title='bbox 769 3960 1073 4017; x_wconf 88' lang='lat' dir='ltr'><strong><em>doctrinam</em></strong></span> <span class='ocrx_word' id='word_1_503' title='bbox 1119 3963 1358 4032; x_wconf 86' lang='lat' dir='ltr'><strong><em>gentium</em></strong></span> <span class='ocrx_word' id='word_1_504' title='bbox 1387 3961 1733 4016; x_wconf 90' lang='lat' dir='ltr'><strong><em>multitudine</em></strong></span> <span class='ocrx_word' id='word_1_505' title='bbox 1764 3961 1968 4017; x_wconf 78' lang='lat' dir='ltr'><strong><em>intelli-</em></strong></span> 
     </span>
    </p>
   </div>
   <div class='ocr_carea' id='block_1_69' title="bbox 397 4053 1962 4126">
    <p class='ocr_par' dir='ltr' id='par_1_69' title="bbox 397 4053 1962 4126">
     <span class='ocr_line' id='line_1_70' title="bbox 397 4053 1962 4126; baseline -0.001 -15"><span class='ocrx_word' id='word_1_506' title='bbox 397 4063 577 4126; x_wconf 80' lang='lat' dir='ltr'><strong><em>gatur.</em></strong></span> <span class='ocrx_word' id='word_1_507' title='bbox 609 4055 780 4120; x_wconf 89' lang='lat' dir='ltr'><strong><em>Quam</em></strong></span> <span class='ocrx_word' id='word_1_508' title='bbox 807 4055 1133 4126; x_wconf 79' lang='lat' dir='ltr'><strong><em>explana-mli</em></strong></span> <span class='ocrx_word' id='word_1_509' title='bbox 1169 4055 1336 4120; x_wconf 89' lang='lat' dir='ltr'><strong><em>viam,</em></strong></span> <span class='ocrx_word' id='word_1_510' title='bbox 1361 4071 1471 4109; x_wconf 92' lang='lat' dir='ltr'><strong><em>non</em></strong></span> <span class='ocrx_word' id='word_1_511' title='bbox 1493 4053 1760 4111; x_wconf 86' lang='lat' dir='ltr'><strong><em>Eusebius</em></strong></span> <span class='ocrx_word' id='word_1_512' title='bbox 1781 4056 1962 4120; x_wconf 90' lang='lat' dir='ltr'><strong><em>modo,</em></strong></span> 
     </span>
    </p>
   </div>
   <div class='ocr_carea' id='block_1_70' title="bbox 396 4143 1963 4219">
    <p class='ocr_par' dir='ltr' id='par_1_70' title="bbox 396 4143 1963 4219">
     <span class='ocr_line' id='line_1_71' title="bbox 396 4143 1963 4219; baseline 0.001 -20"><span class='ocrx_word' id='word_1_513' title='bbox 396 4146 493 4200; x_wconf 79' lang='lat' dir='ltr'><strong><em>sed</em></strong></span> <span class='ocrx_word' id='word_1_514' title='bbox 536 4145 700 4201; x_wconf 90' lang='lat' dir='ltr'><strong><em>etiam</em></strong></span> <span class='ocrx_word' id='word_1_515' title='bbox 736 4145 1059 4202; x_wconf 85' lang='lat' dir='ltr'><strong><em>Theodorus</em></strong></span> <span class='ocrx_word' id='word_1_516' title='bbox 1108 4144 1477 4219; x_wconf 78' lang='lat' dir='ltr'><strong><em>Heracleotes,</em></strong></span> <span class='ocrx_word' id='word_1_517' title='bbox 1517 4143 1963 4216; x_wconf 83' lang='lat' dir='ltr'><strong><em>Chrysostomus.</em></strong></span> 
     </span>
    </p>
   </div>
   <div class='ocr_carea' id='block_1_71' title="bbox 397 4236 1965 4309">
    <p class='ocr_par' dir='ltr' id='par_1_71' title="bbox 397 4236 1965 4309">
     <span class='ocr_line' id='line_1_72' title="bbox 397 4236 1965 4309; baseline -0.004 -15"><span class='ocrx_word' id='word_1_518' title='bbox 397 4237 777 4294; x_wconf 85' lang='lat' dir='ltr'><strong><em>Theodoretus</em></strong></span> <span class='ocrx_word' id='word_1_519' title='bbox 822 4247 877 4294; x_wconf 91' lang='lat' dir='ltr'><strong><em>et</em></strong></span> <span class='ocrx_word' id='word_1_520' title='bbox 927 4238 1018 4292; x_wconf 91' lang='lat' dir='ltr'><strong><em>alii</em></strong></span> <span class='ocrx_word' id='word_1_521' title='bbox 1051 4237 1296 4309; x_wconf 88' lang='lat' dir='ltr'><strong><em>plerique</em></strong></span> <span class='ocrx_word' id='word_1_522' title='bbox 1330 4236 1522 4293; x_wconf 89' lang='lat' dir='ltr'><strong><em>sectati</em></strong></span> <span class='ocrx_word' id='word_1_523' title='bbox 1575 4243 1722 4302; x_wconf 85' lang='lat' dir='ltr'><strong><em>sunt,</em></strong></span> <span class='ocrx_word' id='word_1_524' title='bbox 1770 4236 1965 4305; x_wconf 86' lang='lat' dir='ltr'><strong><em>quain</em></strong></span> 
     </span>
    </p>
   </div>
   <div class='ocr_carea' id='block_1_72' title="bbox 394 4325 1966 4402">
    <p class='ocr_par' dir='ltr' id='par_1_72' title="bbox 394 4325 1966 4402">
     <span class='ocr_line' id='line_1_73' title="bbox 394 4325 1966 4402; baseline -0.004 -16"><span class='ocrx_word' id='word_1_525' title='bbox 394 4339 553 4402; x_wconf 82' lang='lat' dir='ltr'><strong><em>parte</em></strong></span> <span class='ocrx_word' id='word_1_526' title='bbox 600 4330 647 4386; x_wconf 91' lang='lat' dir='ltr'><strong><em>si</em></strong></span> <span class='ocrx_word' id='word_1_527' title='bbox 699 4346 866 4386; x_wconf 88' lang='lat' dir='ltr'><strong><em>unum</em></strong></span> <span class='ocrx_word' id='word_1_528' title='bbox 919 4330 1095 4392; x_wconf 89' lang='lat' dir='ltr'><strong><em>noris,</em></strong></span> <span class='ocrx_word' id='word_1_529' title='bbox 1141 4343 1333 4382; x_wconf 90' lang='lat' dir='ltr'><strong><em>omnes</em></strong></span> <span class='ocrx_word' id='word_1_530' title='bbox 1363 4327 1534 4381; x_wconf 89' lang='lat' dir='ltr'><strong><em>noris.</em></strong></span> <span class='ocrx_word' id='word_1_531' title='bbox 1565 4325 1751 4396; x_wconf 86' lang='lat' dir='ltr'><strong><em>Neque</em></strong></span> <span class='ocrx_word' id='word_1_532' title='bbox 1785 4337 1966 4381; x_wconf 89' lang='lat' dir='ltr'><strong><em>tamen</em></strong></span> 
     </span>
    </p>
   </div>
   <div class='ocr_carea' id='block_1_73' title="bbox 397 4419 1968 4496">
    <p class='ocr_par' dir='ltr' id='par_1_73' title="bbox 397 4419 1968 4496">
     <span class='ocr_line' id='line_1_74' title="bbox 397 4419 1968 4496; baseline -0.003 -20"><span class='ocrx_word' id='word_1_533' title='bbox 397 4424 551 4478; x_wconf 87' lang='lat' dir='ltr'><strong><em>inter</em></strong></span> <span class='ocrx_word' id='word_1_534' title='bbox 609 4423 1012 4496; x_wconf 77' lang='lat' dir='ltr'><strong><em>mystagngicas</em></strong></span> <span class='ocrx_word' id='word_1_535' title='bbox 1086 4420 1566 4490; x_wconf 81' lang='lat' dir='ltr'><strong><em>interpretationes</em></strong></span> <span class='ocrx_word' id='word_1_536' title='bbox 1619 4419 1968 4484; x_wconf 83' lang='lat' dir='ltr'><strong><em>accensendae</em></strong></span> 
     </span>
    </p>
   </div>
   <div class='ocr_carea' id='block_1_74' title="bbox 394 4497 1962 4585">
    <p class='ocr_par' dir='ltr' id='par_1_74' title="bbox 394 4497 1962 4585">
     <span class='ocr_line' id='line_1_75' title="bbox 394 4497 1962 4585; baseline -0.003 -17"><span class='ocrx_word' id='word_1_537' title='bbox 394 4515 522 4578; x_wconf 82' lang='lat' dir='ltr'><strong><em>illae,</em></strong></span> <span class='ocrx_word' id='word_1_538' title='bbox 551 4531 673 4584; x_wconf 84' lang='lat' dir='ltr'><strong><em>qua:</em></strong></span> <span class='ocrx_word' id='word_1_539' title='bbox 704 4497 940 4571; x_wconf 68' lang='lat' dir='ltr'><strong><em>liiteram</em></strong></span> <span class='ocrx_word' id='word_1_540' title='bbox 971 4515 1144 4585; x_wconf 89' lang='lat' dir='ltr'><strong><em>ipsam</em></strong></span> <span class='ocrx_word' id='word_1_541' title='bbox 1167 4513 1231 4568; x_wconf 91' lang='lat' dir='ltr'><strong><em>ad</em></strong></span> <span class='ocrx_word' id='word_1_542' title='bbox 1265 4528 1432 4566; x_wconf 91' lang='lat' dir='ltr'><strong><em>unum</em></strong></span> <span class='ocrx_word' id='word_1_543' title='bbox 1460 4511 1735 4567; x_wconf 87' lang='lat' dir='ltr'><strong><em>Christum</em></strong></span> <span class='ocrx_word' id='word_1_544' title='bbox 1769 4511 1962 4566; x_wconf 84' lang='lat' dir='ltr'><strong><em>referri</em></strong></span> 
     </span>
    </p>
   </div>
   <div class='ocr_carea' id='block_1_75' title="bbox 2072 3321 3633 3396">
    <p class='ocr_par' dir='ltr' id='par_1_75' title="bbox 2072 3321 3633 3396">
     <span class='ocr_line' id='line_1_76' title="bbox 2072 3321 3633 3396; baseline -0.004 -15"><span class='ocrx_word' id='word_1_545' title='bbox 2072 3327 2257 3381; x_wconf 87' lang='lat' dir='ltr'><strong><em>liceat.</em></strong></span> <span class='ocrx_word' id='word_1_546' title='bbox 2308 3327 2434 3382; x_wconf 90' lang='lat' dir='ltr'><strong><em>Illas</em></strong></span> <span class='ocrx_word' id='word_1_547' title='bbox 2483 3343 2648 3396; x_wconf 91' lang='lat' dir='ltr'><strong><em>porro</em></strong></span> <span class='ocrx_word' id='word_1_548' title='bbox 2685 3325 2968 3380; x_wconf 86' lang='lat' dir='ltr'><strong><em>versiones</em></strong></span> <span class='ocrx_word' id='word_1_549' title='bbox 3021 3322 3183 3376; x_wconf 90' lang='lat' dir='ltr'><strong><em>modo</em></strong></span> <span class='ocrx_word' id='word_1_550' title='bbox 3214 3321 3280 3375; x_wconf 90' lang='lat' dir='ltr'><strong><em>ad</em></strong></span> <span class='ocrx_word' id='word_1_551' title='bbox 3325 3322 3633 3385; x_wconf 84' lang='lat' dir='ltr'><strong><em>litteralem,</em></strong></span> 
     </span>
    </p>
   </div>
   <div class='ocr_carea' id='block_1_76' title="bbox 2072 3415 3634 3489">
    <p class='ocr_par' dir='ltr' id='par_1_76' title="bbox 2072 3415 3634 3489">
     <span class='ocr_line' id='line_1_77' title="bbox 2072 3415 3634 3489; baseline -0.003 -17"><span class='ocrx_word' id='word_1_552' title='bbox 2072 3419 2236 3473; x_wconf 89' lang='lat' dir='ltr'><strong><em>modo</em></strong></span> <span class='ocrx_word' id='word_1_553' title='bbox 2287 3420 2353 3473; x_wconf 88' lang='lat' dir='ltr'><strong><em>ad</em></strong></span> <span class='ocrx_word' id='word_1_554' title='bbox 2414 3419 2836 3489; x_wconf 83' lang='lat' dir='ltr'><strong><em>mystagogicam</em></strong></span> <span class='ocrx_word' id='word_1_555' title='bbox 2901 3415 3250 3470; x_wconf 86' lang='lat' dir='ltr'><strong><em>asserendam</em></strong></span> <span class='ocrx_word' id='word_1_556' title='bbox 3311 3416 3634 3469; x_wconf 88' lang='lat' dir='ltr'><strong><em>sententiam</em></strong></span> 
     </span>
    </p>
   </div>
   <div class='ocr_carea' id='block_1_77' title="bbox 2075 3506 3641 3579">
    <p class='ocr_par' dir='ltr' id='par_1_77' title="bbox 2075 3506 3641 3579">
     <span class='ocr_line' id='line_1_78' title="bbox 2075 3506 3641 3579; baseline -0.001 -16"><span class='ocrx_word' id='word_1_557' title='bbox 2075 3517 2302 3579; x_wconf 89' lang='lat' dir='ltr'><strong><em>usurpat</em></strong></span> <span class='ocrx_word' id='word_1_558' title='bbox 2335 3529 2348 3564; x_wconf 88' lang='lat'><strong><em>:</em></strong></span> <span class='ocrx_word' id='word_1_559' title='bbox 2382 3525 2772 3578; x_wconf 90' lang='lat' dir='ltr'><strong><em>nonnunquam</em></strong></span> <span class='ocrx_word' id='word_1_560' title='bbox 2803 3508 2868 3562; x_wconf 90' lang='lat' dir='ltr'><strong><em>ad</em></strong></span> <span class='ocrx_word' id='word_1_561' title='bbox 2910 3507 3094 3562; x_wconf 91' lang='lat' dir='ltr'><strong><em>decem</em></strong></span> <span class='ocrx_word' id='word_1_562' title='bbox 3125 3522 3315 3562; x_wconf 82' lang='lat' dir='ltr'><strong><em>versus</em></strong></span> <span class='ocrx_word' id='word_1_563' title='bbox 3352 3520 3456 3560; x_wconf 88' lang='lat' dir='ltr'><strong><em>una</em></strong></span> <span class='ocrx_word' id='word_1_564' title='bbox 3497 3506 3641 3561; x_wconf 88' lang='lat' dir='ltr'><strong><em>serie</em></strong></span> 
     </span>
    </p>
   </div>
   <div class='ocr_carea' id='block_1_78' title="bbox 2071 3595 3636 3672">
    <p class='ocr_par' dir='ltr' id='par_1_78' title="bbox 2071 3595 3636 3672">
     <span class='ocr_line' id='line_1_79' title="bbox 2071 3595 3636 3672; baseline -0.003 -16"><span class='ocrx_word' id='word_1_565' title='bbox 2071 3602 2226 3657; x_wconf 70' lang='lat' dir='ltr'><strong><em>affert</em></strong></span> <span class='ocrx_word' id='word_1_566' title='bbox 2261 3621 2274 3656; x_wconf 86' lang='lat'><strong><em>:</em></strong></span> <span class='ocrx_word' id='word_1_567' title='bbox 2309 3601 2788 3672; x_wconf 83' lang='lat' dir='ltr'><strong><em>expositionesque</em></strong></span> <span class='ocrx_word' id='word_1_568' title='bbox 2831 3613 3014 3653; x_wconf 90' lang='lat' dir='ltr'><strong><em>eorum</em></strong></span> <span class='ocrx_word' id='word_1_569' title='bbox 3073 3595 3426 3668; x_wconf 84' lang='lat' dir='ltr'><strong><em>Septuaginta</em></strong></span> <span class='ocrx_word' id='word_1_570' title='bbox 3466 3597 3636 3654; x_wconf 89' lang='lat' dir='ltr'><strong><em>Inter-</em></strong></span> 
     </span>
    </p>
   </div>
   <div class='ocr_carea' id='block_1_79' title="bbox 2072 3688 3638 3761">
    <p class='ocr_par' dir='ltr' id='par_1_79' title="bbox 2072 3688 3638 3761">
     <span class='ocr_line' id='line_1_80' title="bbox 2072 3688 3638 3761; baseline -0.001 -16"><span class='ocrx_word' id='word_1_571' title='bbox 2072 3700 2284 3761; x_wconf 89' lang='lat' dir='ltr'><strong><em>pretum</em></strong></span> <span class='ocrx_word' id='word_1_572' title='bbox 2319 3691 2560 3747; x_wconf 90' lang='lat' dir='ltr'><strong><em>versioni</em></strong></span> <span class='ocrx_word' id='word_1_573' title='bbox 2617 3688 3022 3759; x_wconf 87' lang='lat' dir='ltr'><strong><em>anteponendas</em></strong></span> <span class='ocrx_word' id='word_1_574' title='bbox 3079 3689 3274 3743; x_wconf 88' lang='lat' dir='ltr'><strong><em>asserit</em></strong></span> <span class='ocrx_word' id='word_1_575' title='bbox 3299 3688 3439 3742; x_wconf 87' lang='lat' dir='ltr'><strong><em>haud</em></strong></span> <span class='ocrx_word' id='word_1_576' title='bbox 3468 3688 3638 3743; x_wconf 89' lang='lat' dir='ltr'><strong><em>infre-</em></strong></span> 
     </span>
    </p>
   </div>
   <div class='ocr_carea' id='block_1_80' title="bbox 2071 3781 3642 3854">
    <p class='ocr_par' dir='ltr' id='par_1_80' title="bbox 2071 3781 3642 3854">
     <span class='ocr_line' id='line_1_81' title="bbox 2071 3781 3642 3854; baseline -0.002 -17"><span class='ocrx_word' id='word_1_577' title='bbox 2071 3793 2321 3854; x_wconf 90' lang='lat' dir='ltr'><strong><em>quenter.</em></strong></span> <span class='ocrx_word' id='word_1_578' title='bbox 2350 3783 2602 3854; x_wconf 89' lang='lat' dir='ltr'><strong><em>Aquilam</em></strong></span> <span class='ocrx_word' id='word_1_579' title='bbox 2634 3781 2915 3837; x_wconf 79' lang='lat' dir='ltr'><strong><em>Hebraica:</em></strong></span> <span class='ocrx_word' id='word_1_580' title='bbox 2940 3781 3131 3836; x_wconf 84' lang='lat' dir='ltr'><strong><em>litterae</em></strong></span> <span class='ocrx_word' id='word_1_581' title='bbox 3156 3781 3642 3845; x_wconf 79' lang='lat' dir='ltr'><strong><em>servientem,6eu-</em></strong></span> 
     </span>
    </p>
   </div>
   <div class='ocr_carea' id='block_1_81' title="bbox 2071 3872 3636 3948">
    <p class='ocr_par' dir='ltr' id='par_1_81' title="bbox 2071 3872 3636 3948">
     <span class='ocr_line' id='line_1_82' title="bbox 2071 3872 3636 3948; baseline -0.004 -17"><span class='ocrx_word' id='word_1_582' title='bbox 2071 3877 2294 3931; x_wconf 79' lang='grc' dir='ltr'>λεύοντα</span> <span class='ocrx_word' id='word_1_583' title='bbox 2316 3880 2380 3948; x_wconf 81' lang='grc' dir='ltr'><strong><em>τῇ</em></strong></span> <span class='ocrx_word' id='word_1_584' title='bbox 2428 3875 2688 3948; x_wconf 79' lang='grc' dir='ltr'><strong><em>Ἑϐραῐκῇ</em></strong></span> <span class='ocrx_word' id='word_1_585' title='bbox 2720 3876 2884 3943; x_wconf 79' lang='grc' dir='ltr'><strong><em>λέξει,</em></strong></span> <span class='ocrx_word' id='word_1_586' title='bbox 2919 3875 3004 3930; x_wconf 89' lang='lat' dir='ltr'><strong><em>hic</em></strong></span> <span class='ocrx_word' id='word_1_587' title='bbox 3026 3884 3080 3932; x_wconf 88' lang='lat' dir='ltr'><strong><em>et</em></strong></span> <span class='ocrx_word' id='word_1_588' title='bbox 3105 3877 3162 3930; x_wconf 90' lang='lat' dir='ltr'><strong><em>in</em></strong></span> <span class='ocrx_word' id='word_1_589' title='bbox 3204 3874 3494 3944; x_wconf 85' lang='lat' dir='ltr'><strong><em>evangelica</em></strong></span> <span class='ocrx_word' id='word_1_590' title='bbox 3535 3872 3636 3924; x_wconf 87' lang='lat' dir='ltr'><strong><em>De-</em></strong></span> 
     </span>
    </p>
   </div>
   <div class='ocr_carea' id='block_1_82' title="bbox 2073 3966 3636 4038">
    <p class='ocr_par' dir='ltr' id='par_1_82' title="bbox 2073 3966 3636 4038">
     <span class='ocr_line' id='line_1_83' title="bbox 2073 3966 3636 4038; baseline -0.006 -13"><span class='ocrx_word' id='word_1_591' title='bbox 2073 3971 2451 4026; x_wconf 84' lang='lat' dir='ltr'><strong><em>monstratione</em></strong></span> <span class='ocrx_word' id='word_1_592' title='bbox 2484 3970 2670 4024; x_wconf 89' lang='lat' dir='ltr'><strong><em>multis</em></strong></span> <span class='ocrx_word' id='word_1_593' title='bbox 2699 3971 2753 4023; x_wconf 91' lang='lat' dir='ltr'><strong><em>in</em></strong></span> <span class='ocrx_word' id='word_1_594' title='bbox 2785 3970 2922 4025; x_wconf 86' lang='lat' dir='ltr'><strong><em>locis</em></strong></span> <span class='ocrx_word' id='word_1_595' title='bbox 2956 3976 3259 4038; x_wconf 88' lang='lat' dir='ltr'><strong><em>nuncupat.</em></strong></span> <span class='ocrx_word' id='word_1_596' title='bbox 3295 3966 3346 4022; x_wconf 91' lang='lat' dir='ltr'><strong><em>Is</em></strong></span> <span class='ocrx_word' id='word_1_597' title='bbox 3381 3966 3636 4020; x_wconf 87' lang='lat' dir='ltr'><strong><em>nimirum</em></strong></span> 
     </span>
    </p>
   </div>
   <div class='ocr_carea' id='block_1_83' title="bbox 2072 4060 3637 4125">
    <p class='ocr_par' dir='ltr' id='par_1_83' title="bbox 2072 4060 3637 4125">
     <span class='ocr_line' id='line_1_84' title="bbox 2072 4060 3637 4125; baseline -0.007 -6"><span class='ocrx_word' id='word_1_598' title='bbox 2072 4067 2146 4119; x_wconf 91' lang='lat' dir='ltr'><strong><em>ita</em></strong></span> <span class='ocrx_word' id='word_1_599' title='bbox 2196 4064 2386 4119; x_wconf 77' lang='lat' dir='ltr'><strong><em>littera:</em></strong></span> <span class='ocrx_word' id='word_1_600' title='bbox 2430 4063 2608 4125; x_wconf 80' lang='lat' dir='ltr'><strong><em>haesit,</em></strong></span> <span class='ocrx_word' id='word_1_601' title='bbox 2644 4070 2703 4115; x_wconf 92' lang='lat' dir='ltr'><strong><em>ut</em></strong></span> <span class='ocrx_word' id='word_1_602' title='bbox 2735 4062 2864 4116; x_wconf 91' lang='lat' dir='ltr'><strong><em>dum</em></strong></span> <span class='ocrx_word' id='word_1_603' title='bbox 2907 4063 3070 4117; x_wconf 89' lang='lat' dir='ltr'><strong><em>verba</em></strong></span> <span class='ocrx_word' id='word_1_604' title='bbox 3117 4060 3385 4123; x_wconf 88' lang='lat' dir='ltr'><strong><em>redderet,</em></strong></span> <span class='ocrx_word' id='word_1_605' title='bbox 3419 4065 3637 4112; x_wconf 78' lang='lat' dir='ltr'><strong><em>senten-</em></strong></span> 
     </span>
    </p>
   </div>
   <div class='ocr_carea' id='block_1_84' title="bbox 2074 4146 3636 4224">
    <p class='ocr_par' dir='ltr' id='par_1_84' title="bbox 2074 4146 3636 4224">
     <span class='ocr_line' id='line_1_85' title="bbox 2074 4146 3636 4224; baseline -0.007 -15"><span class='ocrx_word' id='word_1_606' title='bbox 2074 4158 2207 4210; x_wconf 90' lang='lat' dir='ltr'><strong><em>tiam</em></strong></span> <span class='ocrx_word' id='word_1_607' title='bbox 2240 4170 2348 4211; x_wconf 86' lang='lat' dir='ltr'><strong><em>non</em></strong></span> <span class='ocrx_word' id='word_1_608' title='bbox 2382 4156 2455 4209; x_wconf 86' lang='lat' dir='ltr'><strong><em>ita</em></strong></span> <span class='ocrx_word' id='word_1_609' title='bbox 2487 4154 2782 4208; x_wconf 86' lang='lat' dir='ltr'><strong><em>curaverit.</em></strong></span> <span class='ocrx_word' id='word_1_610' title='bbox 2817 4151 3201 4224; x_wconf 80' lang='lat' dir='ltr'><strong><em>Symmachum</em></strong></span> <span class='ocrx_word' id='word_1_611' title='bbox 3248 4165 3386 4219; x_wconf 71' lang='lat' dir='ltr'><strong><em>saepe</em></strong></span> <span class='ocrx_word' id='word_1_612' title='bbox 3416 4146 3636 4201; x_wconf 88' lang='lat' dir='ltr'><strong><em>mirabi-</em></strong></span> 
     </span>
    </p>
   </div>
   <div class='ocr_carea' id='block_1_85' title="bbox 2073 4238 3636 4312">
    <p class='ocr_par' dir='ltr' id='par_1_85' title="bbox 2073 4238 3636 4312">
     <span class='ocr_line' id='line_1_86' title="bbox 2073 4238 3636 4312; baseline -0.005 -14"><span class='ocrx_word' id='word_1_613' title='bbox 2073 4246 2175 4300; x_wconf 85' lang='lat' dir='ltr'><strong><em>lem</em></strong></span> <span class='ocrx_word' id='word_1_614' title='bbox 2194 4245 2324 4298; x_wconf 90' lang='lat' dir='ltr'><strong><em>dicit</em></strong></span> <span class='ocrx_word' id='word_1_615' title='bbox 2356 4245 2726 4312; x_wconf 88' lang='lat' dir='ltr'><strong><em>interpretem,</em></strong></span> <span class='ocrx_word' id='word_1_616' title='bbox 2749 4243 2976 4312; x_wconf 84' lang='lat' dir='ltr'><strong><em>ejusque</em></strong></span> <span class='ocrx_word' id='word_1_617' title='bbox 3000 4242 3249 4297; x_wconf 87' lang='lat' dir='ltr'><strong><em>versione</em></strong></span> <span class='ocrx_word' id='word_1_618' title='bbox 3274 4241 3443 4293; x_wconf 90' lang='lat' dir='ltr'><strong><em>utitur</em></strong></span> <span class='ocrx_word' id='word_1_619' title='bbox 3467 4238 3636 4292; x_wconf 90' lang='lat' dir='ltr'><strong><em>liben-</em></strong></span> 
     </span>
    </p>
   </div>
   <div class='ocr_carea' id='block_1_86' title="bbox 2073 4326 3633 4403">
    <p class='ocr_par' dir='ltr' id='par_1_86' title="bbox 2073 4326 3633 4403">
     <span class='ocr_line' id='line_1_87' title="bbox 2073 4326 3633 4403; baseline -0.005 -16"><span class='ocrx_word' id='word_1_620' title='bbox 2073 4335 2202 4397; x_wconf 89' lang='lat' dir='ltr'><strong><em>tius,</em></strong></span> <span class='ocrx_word' id='word_1_621' title='bbox 2234 4333 2575 4403; x_wconf 87' lang='lat' dir='ltr'><strong><em>frequentius</em></strong></span> <span class='ocrx_word' id='word_1_622' title='bbox 2607 4340 2660 4386; x_wconf 90' lang='lat' dir='ltr'><strong><em>et</em></strong></span> <span class='ocrx_word' id='word_1_623' title='bbox 2688 4333 2984 4402; x_wconf 87' lang='lat' dir='ltr'><strong><em>copiosius.</em></strong></span> <span class='ocrx_word' id='word_1_624' title='bbox 3020 4331 3224 4384; x_wconf 79' lang='lat' dir='ltr'><strong><em>Ambos</em></strong></span> <span class='ocrx_word' id='word_1_625' title='bbox 3254 4337 3434 4382; x_wconf 89' lang='lat' dir='ltr'><strong><em>tamen</em></strong></span> <span class='ocrx_word' id='word_1_626' title='bbox 3471 4327 3546 4380; x_wconf 90' lang='lat' dir='ltr'><strong><em>ait</em></strong></span> <span class='ocrx_word' id='word_1_627' title='bbox 3577 4326 3633 4380; x_wconf 89' lang='lat' dir='ltr'><strong><em>in</em></strong></span> 
     </span>
    </p>
   </div>
   <div class='ocr_carea' id='block_1_87' title="bbox 2073 4421 3634 4498">
    <p class='ocr_par' dir='ltr' id='par_1_87' title="bbox 2073 4421 3634 4498">
     <span class='ocr_line' id='line_1_88' title="bbox 2073 4421 3634 4498; baseline -0.004 -17"><span class='ocrx_word' id='word_1_628' title='bbox 2073 4430 2298 4497; x_wconf 87' lang='lat' dir='ltr'><strong><em>gratiam</em></strong></span> <span class='ocrx_word' id='word_1_629' title='bbox 2329 4425 2643 4482; x_wconf 85' lang='lat' dir='ltr'><strong><em>Judaeorum</em></strong></span> <span class='ocrx_word' id='word_1_630' title='bbox 2691 4427 3006 4498; x_wconf 85' lang='lat' dir='ltr'><strong><em>prOpbetias</em></strong></span> <span class='ocrx_word' id='word_1_631' title='bbox 3027 4425 3094 4480; x_wconf 89' lang='lat' dir='ltr'><strong><em>de</em></strong></span> <span class='ocrx_word' id='word_1_632' title='bbox 3123 4425 3342 4479; x_wconf 88' lang='lat' dir='ltr'><strong><em>Christo</em></strong></span> <span class='ocrx_word' id='word_1_633' title='bbox 3381 4421 3540 4474; x_wconf 90' lang='lat' dir='ltr'><strong><em>aliam</em></strong></span> <span class='ocrx_word' id='word_1_634' title='bbox 3580 4421 3634 4474; x_wconf 91' lang='lat' dir='ltr'><strong><em>in</em></strong></span> 
     </span>
    </p>
   </div>
   <div class='ocr_carea' id='block_1_88' title="bbox 2073 4513 3630 4587">
    <p class='ocr_par' dir='ltr' id='par_1_88' title="bbox 2073 4513 3630 4587">
     <span class='ocr_line' id='line_1_89' title="bbox 2073 4513 3630 4587; baseline -0.004 -12"><span class='ocrx_word' id='word_1_635' title='bbox 2073 4522 2396 4575; x_wconf 88' lang='lat' dir='ltr'><strong><em>sententiam</em></strong></span> <span class='ocrx_word' id='word_1_636' title='bbox 2453 4521 2732 4574; x_wconf 88' lang='lat' dir='ltr'><strong><em>derivasse</em></strong></span> <span class='ocrx_word' id='word_1_637' title='bbox 2801 4539 2812 4572; x_wconf 78' lang='grc' dir='ltr'>ε</span> <span class='ocrx_word' id='word_1_638' title='bbox 2889 4515 3334 4587; x_wconf 82' lang='grc' dir='ltr'><strong><em>Ἰουδαῖκὼτερον,</em></strong></span> <span class='ocrx_word' id='word_1_639' title='bbox 3384 4515 3464 4569; x_wconf 89' lang='lat' dir='ltr'><strong><em>sic</em></strong></span> <span class='ocrx_word' id='word_1_640' title='bbox 3522 4513 3630 4576; x_wconf 88' lang='lat' dir='ltr'><strong><em>ille,</em></strong></span> 
     </span>
    </p>
   </div>
   <div class='ocr_carea' id='block_1_89' title="bbox 396 4597 1967 4684">
    <p class='ocr_par' dir='ltr' id='par_1_89' title="bbox 396 4603 1960 4674">
     <span class='ocr_line' id='line_1_90' title="bbox 396 4603 1960 4674; baseline -0.003 -16"><span class='ocrx_word' id='word_1_641' title='bbox 396 4619 500 4660; x_wconf 84' lang='lat' dir='ltr'><strong><em>nec</em></strong></span> <span class='ocrx_word' id='word_1_642' title='bbox 552 4603 924 4674; x_wconf 86' lang='lat' dir='ltr'><strong><em>infrequenter</em></strong></span> <span class='ocrx_word' id='word_1_643' title='bbox 968 4605 1360 4674; x_wconf 79' lang='lat' dir='ltr'><strong><em>comprobant;</em></strong></span> <span class='ocrx_word' id='word_1_644' title='bbox 1403 4611 1462 4658; x_wconf 90' lang='lat' dir='ltr'><strong><em>ut</em></strong></span> <span class='ocrx_word' id='word_1_645' title='bbox 1493 4603 1726 4673; x_wconf 78' lang='lat' dir='ltr'><strong><em>exempli</em></strong></span> <span class='ocrx_word' id='word_1_646' title='bbox 1771 4617 1960 4666; x_wconf 91' lang='lat' dir='ltr'><strong><em>causa,</em></strong></span> 
     </span>
    </p>
   </div>
   <div class='ocr_carea' id='block_1_90' title="bbox 2073 4597 3631 4684">
    <p class='ocr_par' dir='ltr' id='par_1_90' title="bbox 2085 4607 3631 4684">
     <span class='ocr_line' id='line_1_91' title="bbox 2085 4607 3631 4684; baseline -0.005 -19"><span class='ocrx_word' id='word_1_647' title='bbox 2085 4612 2314 4675; x_wconf 82' lang='grc' dir='ltr'>Ἀκύλας</span> <span class='ocrx_word' id='word_1_648' title='bbox 2346 4613 2442 4666; x_wconf 77' lang='grc' dir='ltr'><strong><em>καὶ</em></strong></span> <span class='ocrx_word' id='word_1_649' title='bbox 2471 4613 2760 4684; x_wconf 83' lang='grc' dir='ltr'><strong><em>Σύμμαχος</em></strong></span> <span class='ocrx_word' id='word_1_650' title='bbox 2791 4611 2888 4682; x_wconf 80' lang='grc' dir='ltr'><strong><em>τὴν</em></strong></span> <span class='ocrx_word' id='word_1_651' title='bbox 2937 4609 3228 4683; x_wconf 83' lang='grc' dir='ltr'>ἑρμηνείαν</span> <span class='ocrx_word' id='word_1_652' title='bbox 3277 4607 3631 4670; x_wconf 81' lang='grc' dir='ltr'><strong><em>ὲκτεΟείκασι,</em></strong></span> 
     </span>
    </p>
   </div>
   <div class='ocr_carea' id='block_1_91' title="bbox 397 4692 1965 4766">
    <p class='ocr_par' dir='ltr' id='par_1_91' title="bbox 397 4692 1965 4766">
     <span class='ocr_line' id='line_1_92' title="bbox 397 4692 1965 4766; baseline -0.001 -17"><span class='ocrx_word' id='word_1_653' title='bbox 397 4709 522 4749; x_wconf 89' lang='lat' dir='ltr'><strong><em>cum</em></strong></span> <span class='ocrx_word' id='word_1_654' title='bbox 546 4692 814 4751; x_wconf 87' lang='lat' dir='ltr'><strong><em>Eusebius</em></strong></span> <span class='ocrx_word' id='word_1_655' title='bbox 854 4695 1122 4765; x_wconf 85' lang='lat' dir='ltr'><strong><em>psalmum</em></strong></span> <span class='ocrx_word' id='word_1_656' title='bbox 1155 4711 1288 4758; x_wconf 79' lang='lat' dir='ltr'><strong><em>xvn,</em></strong></span> <span class='ocrx_word' id='word_1_657' title='bbox 1320 4695 1483 4760; x_wconf 83' lang='lat' dir='ltr'><strong><em>Deus,</em></strong></span> <span class='ocrx_word' id='word_1_658' title='bbox 1517 4694 1657 4749; x_wconf 83' lang='lat' dir='ltr'><strong><em>Deus</em></strong></span> <span class='ocrx_word' id='word_1_659' title='bbox 1686 4711 1965 4766; x_wconf 60' lang='grc' dir='ltr'><strong><em>ηιευδρτςο</em></strong></span> 
     </span>
    </p>
   </div>
   <div class='ocr_carea' id='block_1_92' title="bbox 395 4784 1960 4855">
    <p class='ocr_par' dir='ltr' id='par_1_92' title="bbox 395 4784 1960 4855">
     <span class='ocr_line' id='line_1_93' title="bbox 395 4784 1960 4855; baseline -0.001 -16"><span class='ocrx_word' id='word_1_660' title='bbox 395 4786 539 4855; x_wconf 70' lang='lat' dir='ltr'><strong><em>apice</em></strong></span> <span class='ocrx_word' id='word_1_661' title='bbox 563 4787 616 4838; x_wconf 86' lang='lat' dir='ltr'><strong><em>in</em></strong></span> <span class='ocrx_word' id='word_1_662' title='bbox 649 4802 750 4850; x_wconf 84' lang='lat' dir='ltr'><strong><em>me,</em></strong></span> <span class='ocrx_word' id='word_1_663' title='bbox 787 4785 844 4839; x_wconf 90' lang='lat' dir='ltr'><strong><em>in</em></strong></span> <span class='ocrx_word' id='word_1_664' title='bbox 887 4799 997 4839; x_wconf 91' lang='lat' dir='ltr'><strong><em>uno</em></strong></span> <span class='ocrx_word' id='word_1_665' title='bbox 1030 4786 1249 4840; x_wconf 89' lang='lat' dir='ltr'><strong><em>Christo</em></strong></span> <span class='ocrx_word' id='word_1_666' title='bbox 1281 4784 1559 4853; x_wconf 89' lang='lat' dir='ltr'><strong><em>impletum</em></strong></span> <span class='ocrx_word' id='word_1_667' title='bbox 1589 4799 1711 4838; x_wconf 88' lang='lat' dir='ltr'><strong><em>esse</em></strong></span> <span class='ocrx_word' id='word_1_668' title='bbox 1738 4798 1960 4839; x_wconf 84' lang='lat' dir='ltr'><strong><em>asseve-</em></strong></span> 
     </span>
    </p>
   </div>
   <div class='ocr_carea' id='block_1_93' title="bbox 394 4873 1966 4941">
    <p class='ocr_par' dir='ltr' id='par_1_93' title="bbox 394 4873 1966 4941">
     <span class='ocr_line' id='line_1_94' title="bbox 394 4873 1966 4941; baseline -0.004 -9"><span class='ocrx_word' id='word_1_669' title='bbox 394 4884 482 4932; x_wconf 91' lang='lat' dir='ltr'><strong><em>rat</em></strong></span> <span class='ocrx_word' id='word_1_670' title='bbox 514 4896 528 4932; x_wconf 91' lang='lat'><strong><em>:</em></strong></span> <span class='ocrx_word' id='word_1_671' title='bbox 562 4877 616 4931; x_wconf 91' lang='lat' dir='ltr'><strong><em>in</em></strong></span> <span class='ocrx_word' id='word_1_672' title='bbox 652 4877 756 4932; x_wconf 88' lang='lat' dir='ltr'><strong><em>hoc</em></strong></span> <span class='ocrx_word' id='word_1_673' title='bbox 783 4878 929 4932; x_wconf 89' lang='lat' dir='ltr'><strong><em>enim</em></strong></span> <span class='ocrx_word' id='word_1_674' title='bbox 957 4885 1010 4932; x_wconf 88' lang='lat' dir='ltr'><strong><em>et</em></strong></span> <span class='ocrx_word' id='word_1_675' title='bbox 1038 4877 1092 4931; x_wconf 91' lang='lat' dir='ltr'><strong><em>in</em></strong></span> <span class='ocrx_word' id='word_1_676' title='bbox 1115 4875 1410 4941; x_wconf 89' lang='lat' dir='ltr'><strong><em>similibus,</em></strong></span> <span class='ocrx_word' id='word_1_677' title='bbox 1462 4884 1520 4928; x_wconf 90' lang='lat' dir='ltr'><strong><em>ut</em></strong></span> <span class='ocrx_word' id='word_1_678' title='bbox 1562 4889 1720 4929; x_wconf 89' lang='lat' dir='ltr'><strong><em>nemo</em></strong></span> <span class='ocrx_word' id='word_1_679' title='bbox 1743 4890 1853 4928; x_wconf 85' lang='lat' dir='ltr'><strong><em>non</em></strong></span> <span class='ocrx_word' id='word_1_680' title='bbox 1886 4873 1966 4926; x_wconf 88' lang='lat' dir='ltr'><strong><em>fa-</em></strong></span> 
     </span>
    </p>
   </div>
   <div class='ocr_carea' id='block_1_94' title="bbox 393 4964 1964 5040">
    <p class='ocr_par' dir='ltr' id='par_1_94' title="bbox 393 4964 1964 5040">
     <span class='ocr_line' id='line_1_95' title="bbox 393 4964 1964 5040; baseline -0.004 -15"><span class='ocrx_word' id='word_1_681' title='bbox 393 4979 598 5036; x_wconf 86' lang='lat' dir='ltr'><strong><em>teatur,</em></strong></span> <span class='ocrx_word' id='word_1_682' title='bbox 630 4986 827 5027; x_wconf 90' lang='lat' dir='ltr'><strong><em>sensus</em></strong></span> <span class='ocrx_word' id='word_1_683' title='bbox 849 4971 965 5040; x_wconf 91' lang='lat' dir='ltr'><strong><em>ipse</em></strong></span> <span class='ocrx_word' id='word_1_684' title='bbox 987 4969 1239 5025; x_wconf 87' lang='lat' dir='ltr'><strong><em>litteratis</em></strong></span> <span class='ocrx_word' id='word_1_685' title='bbox 1267 4966 1548 5022; x_wconf 89' lang='lat' dir='ltr'><strong><em>Christum</em></strong></span> <span class='ocrx_word' id='word_1_686' title='bbox 1572 4965 1812 5036; x_wconf 87' lang='lat' dir='ltr'><strong><em>respicit.</em></strong></span> <span class='ocrx_word' id='word_1_687' title='bbox 1839 4964 1964 5019; x_wconf 84' lang='lat' dir='ltr'><strong><em>Ilaec</em></strong></span> 
     </span>
    </p>
   </div>
   <div class='ocr_carea' id='block_1_95' title="bbox 393 5061 1414 5135">
    <p class='ocr_par' dir='ltr' id='par_1_95' title="bbox 393 5061 1414 5135">
     <span class='ocr_line' id='line_1_96' title="bbox 393 5061 1414 5135; baseline -0.008 -15"><span class='ocrx_word' id='word_1_688' title='bbox 393 5065 461 5120; x_wconf 89' lang='lat' dir='ltr'><strong><em>de</em></strong></span> <span class='ocrx_word' id='word_1_689' title='bbox 495 5063 888 5135; x_wconf 87' lang='lat' dir='ltr'><strong><em>interpretandi</em></strong></span> <span class='ocrx_word' id='word_1_690' title='bbox 919 5063 1028 5118; x_wconf 89' lang='lat' dir='ltr'><strong><em>ritu</em></strong></span> <span class='ocrx_word' id='word_1_691' title='bbox 1054 5061 1199 5116; x_wconf 87' lang='lat' dir='ltr'><strong><em>dicta</em></strong></span> <span class='ocrx_word' id='word_1_692' title='bbox 1229 5069 1414 5116; x_wconf 90' lang='lat' dir='ltr'><strong><em>sunto.</em></strong></span> 
     </span>
    </p>
   </div>
   <div class='ocr_carea' id='block_1_96' title="bbox 521 5170 1840 5236">
    <p class='ocr_par' dir='ltr' id='par_1_96' title="bbox 521 5170 1840 5236">
     <span class='ocr_line' id='line_1_97' title="bbox 521 5170 1840 5236; baseline -0.004 -12"><span class='ocrx_word' id='word_1_693' title='bbox 521 5175 580 5224; x_wconf 86' lang='lat' dir='ltr'><strong><em>V.</em></strong></span> <span class='ocrx_word' id='word_1_694' title='bbox 611 5173 856 5224; x_wconf 85' lang='lat' dir='ltr'><strong><em>Eusebius</em></strong></span> <span class='ocrx_word' id='word_1_695' title='bbox 875 5172 1144 5236; x_wconf 83' lang='lat' dir='ltr'><strong><em>Origenem</em></strong></span> <span class='ocrx_word' id='word_1_696' title='bbox 1169 5172 1413 5234; x_wconf 88' lang='lat' dir='ltr'><strong><em>sequitur,</em></strong></span> <span class='ocrx_word' id='word_1_697' title='bbox 1441 5170 1526 5220; x_wconf 88' lang='lat' dir='ltr'><strong><em>alii</em></strong></span> <span class='ocrx_word' id='word_1_698' title='bbox 1556 5170 1840 5221; x_wconf 85' lang='lat' dir='ltr'><strong><em>Eusebium.</em></strong></span> 
     </span>
    </p>
   </div>
   <div class='ocr_carea' id='block_1_97' title="bbox 462 5250 1965 5325">
    <p class='ocr_par' dir='ltr' id='par_1_97' title="bbox 462 5250 1965 5325">
     <span class='ocr_line' id='line_1_98' title="bbox 462 5250 1965 5325; baseline -0.004 -14"><span class='ocrx_word' id='word_1_699' title='bbox 462 5255 737 5311; x_wconf 78' lang='lat' dir='ltr'><strong><em>Caeterum</em></strong></span> <span class='ocrx_word' id='word_1_700' title='bbox 786 5255 1057 5310; x_wconf 89' lang='lat' dir='ltr'><strong><em>Eusebius</em></strong></span> <span class='ocrx_word' id='word_1_701' title='bbox 1108 5254 1356 5325; x_wconf 87' lang='lat' dir='ltr'><strong><em>Origenis</em></strong></span> <span class='ocrx_word' id='word_1_702' title='bbox 1403 5254 1774 5324; x_wconf 79' lang='lat' dir='ltr'><strong><em>expositiones</em></strong></span> <span class='ocrx_word' id='word_1_703' title='bbox 1821 5250 1965 5307; x_wconf 89' lang='lat' dir='ltr'><strong><em>haud</em></strong></span> 
     </span>
    </p>
   </div>
   <div class='ocr_carea' id='block_1_98' title="bbox 391 5344 1962 5418">
    <p class='ocr_par' dir='ltr' id='par_1_98' title="bbox 391 5344 1962 5418">
     <span class='ocr_line' id='line_1_99' title="bbox 391 5344 1962 5418; baseline -0.005 -13"><span class='ocrx_word' id='word_1_704' title='bbox 391 5352 628 5408; x_wconf 85' lang='lat' dir='ltr'><strong><em>obscure</em></strong></span> <span class='ocrx_word' id='word_1_705' title='bbox 681 5357 947 5417; x_wconf 87' lang='lat' dir='ltr'><strong><em>sectatur,</em></strong></span> <span class='ocrx_word' id='word_1_706' title='bbox 985 5358 1097 5403; x_wconf 91' lang='lat' dir='ltr'><strong><em>tam</em></strong></span> <span class='ocrx_word' id='word_1_707' title='bbox 1134 5349 1280 5418; x_wconf 89' lang='lat' dir='ltr'><strong><em>quod</em></strong></span> <span class='ocrx_word' id='word_1_708' title='bbox 1330 5348 1398 5401; x_wconf 88' lang='lat' dir='ltr'><strong><em>ad</em></strong></span> <span class='ocrx_word' id='word_1_709' title='bbox 1432 5347 1602 5416; x_wconf 88' lang='lat' dir='ltr'><strong><em>ipsam</em></strong></span> <span class='ocrx_word' id='word_1_710' title='bbox 1637 5344 1962 5416; x_wconf 78' lang='lat' dir='ltr'><strong><em>explanandi</em></strong></span> 
     </span>
    </p>
   </div>
   <div class='ocr_carea' id='block_1_99' title="bbox 395 5438 1965 5514">
    <p class='ocr_par' dir='ltr' id='par_1_99' title="bbox 395 5438 1965 5514">
     <span class='ocr_line' id='line_1_100' title="bbox 395 5438 1965 5514; baseline -0.003 -18"><span class='ocrx_word' id='word_1_711' title='bbox 395 5445 681 5508; x_wconf 86' lang='lat' dir='ltr'><strong><em>rationem,</em></strong></span> <span class='ocrx_word' id='word_1_712' title='bbox 733 5458 898 5514; x_wconf 88' lang='lat' dir='ltr'><strong><em>quam</em></strong></span> <span class='ocrx_word' id='word_1_713' title='bbox 943 5445 1090 5514; x_wconf 90' lang='lat' dir='ltr'><strong><em>quod</em></strong></span> <span class='ocrx_word' id='word_1_714' title='bbox 1133 5443 1202 5497; x_wconf 87' lang='lat' dir='ltr'><strong><em>ad</em></strong></span> <span class='ocrx_word' id='word_1_715' title='bbox 1229 5441 1518 5496; x_wconf 87' lang='lat' dir='ltr'><strong><em>verborum</em></strong></span> <span class='ocrx_word' id='word_1_716' title='bbox 1552 5438 1786 5502; x_wconf 84' lang='lat' dir='ltr'><strong><em>seriem;</em></strong></span> <span class='ocrx_word' id='word_1_717' title='bbox 1819 5447 1878 5492; x_wconf 90' lang='lat' dir='ltr'><strong><em>ut</em></strong></span> <span class='ocrx_word' id='word_1_718' title='bbox 1908 5439 1965 5492; x_wconf 86' lang='lat' dir='ltr'><strong><em>in</em></strong></span> 
     </span>
    </p>
   </div>
   <div class='ocr_carea' id='block_1_100' title="bbox 394 5529 1964 5606">
    <p class='ocr_par' dir='ltr' id='par_1_100' title="bbox 394 5529 1964 5606">
     <span class='ocr_line' id='line_1_101' title="bbox 394 5529 1964 5606; baseline -0.005 -18"><span class='ocrx_word' id='word_1_719' title='bbox 394 5536 787 5606; x_wconf 87' lang='lat' dir='ltr'><strong><em>manuscriptis</em></strong></span> <span class='ocrx_word' id='word_1_720' title='bbox 838 5542 892 5590; x_wconf 91' lang='lat' dir='ltr'><strong><em>et</em></strong></span> <span class='ocrx_word' id='word_1_721' title='bbox 942 5534 1105 5590; x_wconf 89' lang='lat' dir='ltr'><strong><em>editis</em></strong></span> <span class='ocrx_word' id='word_1_722' title='bbox 1156 5533 1367 5588; x_wconf 89' lang='lat' dir='ltr'><strong><em>catenis</em></strong></span> <span class='ocrx_word' id='word_1_723' title='bbox 1421 5529 1604 5584; x_wconf 83' lang='lat' dir='ltr'><strong><em>videre</em></strong></span> <span class='ocrx_word' id='word_1_724' title='bbox 1643 5536 1724 5582; x_wconf 90' lang='lat' dir='ltr'><strong><em>est</em></strong></span> <span class='ocrx_word' id='word_1_725' title='bbox 1772 5548 1785 5582; x_wconf 90' lang='lat'><strong><em>:</em></strong></span> <span class='ocrx_word' id='word_1_726' title='bbox 1837 5543 1964 5582; x_wconf 90' lang='lat' dir='ltr'><strong><em>nam</em></strong></span> 
     </span>
    </p>
   </div>
   <div class='ocr_carea' id='block_1_101' title="bbox 397 5619 1964 5698">
    <p class='ocr_par' dir='ltr' id='par_1_101' title="bbox 397 5619 1964 5698">
     <span class='ocr_line' id='line_1_102' title="bbox 397 5619 1964 5698; baseline -0.003 -22"><span class='ocrx_word' id='word_1_727' title='bbox 397 5629 826 5683; x_wconf 81' lang='lat' dir='ltr'><strong><em>commentarios</em></strong></span> <span class='ocrx_word' id='word_1_728' title='bbox 859 5626 1115 5698; x_wconf 88' lang='lat' dir='ltr'><strong><em>Origenis</em></strong></span> <span class='ocrx_word' id='word_1_729' title='bbox 1141 5627 1333 5697; x_wconf 88' lang='lat' dir='ltr'><strong><em>plenos</em></strong></span> <span class='ocrx_word' id='word_1_730' title='bbox 1367 5624 1714 5692; x_wconf 85' lang='lat' dir='ltr'><strong><em>integrosque</em></strong></span> <span class='ocrx_word' id='word_1_731' title='bbox 1754 5619 1964 5689; x_wconf 88' lang='lat' dir='ltr'><strong><em>jamdiu</em></strong></span> 
     </span>
    </p>
   </div>
   <div class='ocr_carea' id='block_1_102' title="bbox 396 5711 1967 5792">
    <p class='ocr_par' dir='ltr' id='par_1_102' title="bbox 396 5711 1967 5792">
     <span class='ocr_line' id='line_1_103' title="bbox 396 5711 1967 5792; baseline -0.008 -13"><span class='ocrx_word' id='word_1_732' title='bbox 396 5717 679 5779; x_wconf 70' lang='lat' dir='ltr'><strong><em>amisimus</em></strong></span> <span class='ocrx_word' id='word_1_733' title='bbox 711 5738 724 5773; x_wconf 91' lang='lat'><strong><em>:</em></strong></span> <span class='ocrx_word' id='word_1_734' title='bbox 760 5720 881 5790; x_wconf 81' lang='lat' dir='ltr'><strong><em>ejus</em></strong></span> <span class='ocrx_word' id='word_1_735' title='bbox 915 5735 1080 5792; x_wconf 85' lang='lat' dir='ltr'><strong><em>porro</em></strong></span> <span class='ocrx_word' id='word_1_736' title='bbox 1105 5714 1527 5775; x_wconf 86' lang='lat' dir='ltr'><strong><em>commentarios</em></strong></span> <span class='ocrx_word' id='word_1_737' title='bbox 1559 5711 1725 5768; x_wconf 90' lang='lat' dir='ltr'><strong><em>semel</em></strong></span> <span class='ocrx_word' id='word_1_738' title='bbox 1763 5726 1967 5767; x_wconf 81' lang='lat' dir='ltr'><strong><em>memo-</em></strong></span> 
     </span>
    </p>
   </div>
   <div class='ocr_carea' id='block_1_103' title="bbox 465 5816 838 5894">
    <p class='ocr_par' dir='ltr' id='par_1_103' title="bbox 465 5816 838 5894">
     <span class='ocr_line' id='line_1_104' title="bbox 465 5816 838 5894; baseline 0.013 -10"><span class='ocrx_word' id='word_1_739' title='bbox 465 5833 539 5894; x_wconf 66' lang='grc' dir='ltr'>(α)</span> <span class='ocrx_word' id='word_1_740' title='bbox 563 5816 691 5894; x_wconf 66' lang='lat' dir='ltr'><strong><em>I’ag.</em></strong></span> <span class='ocrx_word' id='word_1_741' title='bbox 711 5831 838 5890; x_wconf 71' lang='grc'><strong><em>516.</em></strong></span> 
     </span>
    </p>
   </div>
   <div class='ocr_carea' id='block_1_104' title="bbox 2073 4696 3634 4766">
    <p class='ocr_par' dir='ltr' id='par_1_104' title="bbox 2073 4696 3634 4766">
     <span class='ocr_line' id='line_1_105' title="bbox 2073 4696 3634 4766; baseline -0.007 -10"><span class='ocrx_word' id='word_1_742' title='bbox 2073 4702 2127 4756; x_wconf 89' lang='lat' dir='ltr'><strong><em>id</em></strong></span> <span class='ocrx_word' id='word_1_743' title='bbox 2151 4711 2253 4766; x_wconf 86' lang='lat' dir='ltr'><strong><em>est,</em></strong></span> <span class='ocrx_word' id='word_1_744' title='bbox 2287 4700 2446 4755; x_wconf 79' lang='lat' dir='ltr'><strong><em>Modo</em></strong></span> <span class='ocrx_word' id='word_1_745' title='bbox 2489 4702 2556 4754; x_wconf 89' lang='lat' dir='ltr'><strong><em>ad</em></strong></span> <span class='ocrx_word' id='word_1_746' title='bbox 2598 4700 2883 4754; x_wconf 70' lang='lat' dir='ltr'><strong><em>Iudaicam</em></strong></span> <span class='ocrx_word' id='word_1_747' title='bbox 2913 4700 3204 4752; x_wconf 81' lang='lat' dir='ltr'><strong><em>doctrinam</em></strong></span> <span class='ocrx_word' id='word_1_748' title='bbox 3243 4696 3454 4766; x_wconf 83' lang='lat' dir='ltr'><strong><em>propius</em></strong></span> <span class='ocrx_word' id='word_1_749' title='bbox 3485 4711 3634 4748; x_wconf 85' lang='lat' dir='ltr'><strong><em>acce-</em></strong></span> 
     </span>
    </p>
   </div>
   <div class='ocr_carea' id='block_1_105' title="bbox 2071 4784 3635 4863">
    <p class='ocr_par' dir='ltr' id='par_1_105' title="bbox 2071 4784 3635 4863">
     <span class='ocr_line' id='line_1_106' title="bbox 2071 4784 3635 4863; baseline -0.006 -19"><span class='ocrx_word' id='word_1_750' title='bbox 2071 4792 2243 4858; x_wconf 73' lang='lat' dir='ltr'><strong><em>dente,</em></strong></span> <span class='ocrx_word' id='word_1_751' title='bbox 2278 4793 2471 4863; x_wconf 77' lang='lat' dir='ltr'><strong><em>Aquila</em></strong></span> <span class='ocrx_word' id='word_1_752' title='bbox 2503 4800 2553 4847; x_wconf 86' lang='lat' dir='ltr'><strong><em>et</em></strong></span> <span class='ocrx_word' id='word_1_753' title='bbox 2584 4791 2930 4860; x_wconf 81' lang='lat' dir='ltr'><strong><em>Symmachus</em></strong></span> <span class='ocrx_word' id='word_1_754' title='bbox 2974 4788 3300 4856; x_wconf 83' lang='lat' dir='ltr'><strong><em>interpretati</em></strong></span> <span class='ocrx_word' id='word_1_755' title='bbox 3329 4797 3467 4842; x_wconf 84' lang='lat' dir='ltr'><strong><em>sunt.</em></strong></span> <span class='ocrx_word' id='word_1_756' title='bbox 3501 4784 3635 4838; x_wconf 80' lang='lat' dir='ltr'><strong><em>Nam</em></strong></span> 
     </span>
    </p>
   </div>
   <div class='ocr_carea' id='block_1_106' title="bbox 2073 4875 3630 4952">
    <p class='ocr_par' dir='ltr' id='par_1_106' title="bbox 2073 4875 3630 4952">
     <span class='ocr_line' id='line_1_107' title="bbox 2073 4875 3630 4952; baseline -0.006 -15"><span class='ocrx_word' id='word_1_757' title='bbox 2073 4884 2126 4937; x_wconf 90' lang='lat' dir='ltr'><strong><em>in</em></strong></span> <span class='ocrx_word' id='word_1_758' title='bbox 2161 4884 2621 4938; x_wconf 84' lang='lat' dir='ltr'><strong><em>Demonstratione</em></strong></span> <span class='ocrx_word' id='word_1_759' title='bbox 2664 4881 2960 4952; x_wconf 83' lang='lat' dir='ltr'><strong><em>evangelica</em></strong></span> <span class='ocrx_word' id='word_1_760' title='bbox 2992 4881 3067 4950; x_wconf 87' lang='grc' dir='ltr'><strong><em>(α)</em></strong></span> <span class='ocrx_word' id='word_1_761' title='bbox 3111 4879 3182 4932; x_wconf 84' lang='lat' dir='ltr'><strong><em>ait</em></strong></span> <span class='ocrx_word' id='word_1_762' title='bbox 3217 4887 3504 4946; x_wconf 87' lang='lat' dir='ltr'><strong><em>utrumque</em></strong></span> <span class='ocrx_word' id='word_1_763' title='bbox 3533 4875 3630 4929; x_wconf 69' lang='lat' dir='ltr'><strong><em>Juv</em></strong></span> 
     </span>
    </p>
   </div>
   <div class='ocr_carea' id='block_1_107' title="bbox 2073 4970 3633 5032">
    <p class='ocr_par' dir='ltr' id='par_1_107' title="bbox 2073 4970 3633 5032">
     <span class='ocr_line' id='line_1_108' title="bbox 2073 4970 3633 5032; baseline -0.008 0"><span class='ocrx_word' id='word_1_764' title='bbox 2073 4977 2247 5032; x_wconf 76' lang='lat' dir='ltr'><strong><em>daeum</em></strong></span> <span class='ocrx_word' id='word_1_765' title='bbox 2282 4984 2378 5031; x_wconf 87' lang='lat' dir='ltr'><strong><em>aut</em></strong></span> <span class='ocrx_word' id='word_1_766' title='bbox 2415 4974 2821 5031; x_wconf 79' lang='lat' dir='ltr'><strong><em>semi-Judaeum</em></strong></span> <span class='ocrx_word' id='word_1_767' title='bbox 2845 4970 3475 5026; x_wconf 84' lang='lat' dir='ltr'><strong><em>fuisse.Theodotionem</em></strong></span> <span class='ocrx_word' id='word_1_768' title='bbox 3509 4983 3633 5022; x_wconf 89' lang='lat' dir='ltr'><strong><em>cum</em></strong></span> 
     </span>
    </p>
   </div>
   <div class='ocr_carea' id='block_1_108' title="bbox 2074 5057 3630 5132">
    <p class='ocr_par' dir='ltr' id='par_1_108' title="bbox 2074 5057 3630 5132">
     <span class='ocr_line' id='line_1_109' title="bbox 2074 5057 3630 5132; baseline -0.009 -9"><span class='ocrx_word' id='word_1_769' title='bbox 2074 5070 2234 5124; x_wconf 90' lang='lat' dir='ltr'><strong><em>laude</em></strong></span> <span class='ocrx_word' id='word_1_770' title='bbox 2284 5076 2585 5132; x_wconf 87' lang='lat' dir='ltr'><strong><em>memorat,</em></strong></span> <span class='ocrx_word' id='word_1_771' title='bbox 2643 5074 2696 5120; x_wconf 91' lang='lat' dir='ltr'><strong><em>et</em></strong></span> <span class='ocrx_word' id='word_1_772' title='bbox 2755 5072 3066 5119; x_wconf 89' lang='lat' dir='ltr'><strong><em>accuratum</em></strong></span> <span class='ocrx_word' id='word_1_773' title='bbox 3126 5064 3477 5132; x_wconf 90' lang='lat' dir='ltr'><strong><em>interpretem</em></strong></span> <span class='ocrx_word' id='word_1_774' title='bbox 3538 5057 3630 5110; x_wconf 89' lang='lat' dir='ltr'><strong><em>ait.</em></strong></span> 
     </span>
    </p>
   </div>
   <div class='ocr_carea' id='block_1_109' title="bbox 2074 5147 3636 5226">
    <p class='ocr_par' dir='ltr' id='par_1_109' title="bbox 2074 5147 3636 5226">
     <span class='ocr_line' id='line_1_110' title="bbox 2074 5147 3636 5226; baseline -0.01 -13"><span class='ocrx_word' id='word_1_775' title='bbox 2074 5158 2274 5226; x_wconf 85' lang='lat' dir='ltr'><strong><em>Quinta</em></strong></span> <span class='ocrx_word' id='word_1_776' title='bbox 2308 5159 2488 5213; x_wconf 89' lang='lat' dir='ltr'><strong><em>minus</em></strong></span> <span class='ocrx_word' id='word_1_777' title='bbox 2514 5155 2846 5225; x_wconf 89' lang='lat' dir='ltr'><strong><em>frequenter,</em></strong></span> <span class='ocrx_word' id='word_1_778' title='bbox 2880 5150 3041 5206; x_wconf 80' lang='lat' dir='ltr'><strong><em>Sexta</em></strong></span> <span class='ocrx_word' id='word_1_779' title='bbox 3069 5167 3197 5207; x_wconf 91' lang='lat' dir='ltr'><strong><em>vero</em></strong></span> <span class='ocrx_word' id='word_1_780' title='bbox 3236 5149 3518 5204; x_wconf 84' lang='lat' dir='ltr'><strong><em>rarissime</em></strong></span> <span class='ocrx_word' id='word_1_781' title='bbox 3551 5147 3636 5199; x_wconf 89' lang='lat' dir='ltr'><strong><em>in-</em></strong></span> 
     </span>
    </p>
   </div>
   <div class='ocr_carea' id='block_1_110' title="bbox 2072 5239 3637 5321">
    <p class='ocr_par' dir='ltr' id='par_1_110' title="bbox 2072 5239 3637 5321">
     <span class='ocr_line' id='line_1_111' title="bbox 2072 5239 3637 5321; baseline -0.012 -16"><span class='ocrx_word' id='word_1_782' title='bbox 2072 5249 2555 5321; x_wconf 88' lang='lat' dir='ltr'><strong><em>terpretationibus</em></strong></span> <span class='ocrx_word' id='word_1_783' title='bbox 2609 5245 2801 5302; x_wconf 88' lang='lat' dir='ltr'><strong><em>utitur.</em></strong></span> <span class='ocrx_word' id='word_1_784' title='bbox 2836 5243 3002 5298; x_wconf 90' lang='lat' dir='ltr'><strong><em>Notas</em></strong></span> <span class='ocrx_word' id='word_1_785' title='bbox 3046 5244 3101 5298; x_wconf 89' lang='lat' dir='ltr'><strong><em>in</em></strong></span> <span class='ocrx_word' id='word_1_786' title='bbox 3151 5239 3464 5312; x_wconf 86' lang='lat' dir='ltr'><strong><em>bujusmodi</em></strong></span> <span class='ocrx_word' id='word_1_787' title='bbox 3512 5252 3637 5290; x_wconf 84' lang='lat' dir='ltr'><strong><em>vcr—</em></strong></span> 
     </span>
    </p>
   </div>
   <div class='ocr_carea' id='block_1_111' title="bbox 2074 5329 3635 5404">
    <p class='ocr_par' dir='ltr' id='par_1_111' title="bbox 2074 5329 3635 5404">
     <span class='ocr_line' id='line_1_112' title="bbox 2074 5329 3635 5404; baseline -0.01 -7"><span class='ocrx_word' id='word_1_788' title='bbox 2074 5345 2256 5398; x_wconf 86' lang='lat' dir='ltr'><strong><em>siones</em></strong></span> <span class='ocrx_word' id='word_1_789' title='bbox 2289 5356 2440 5396; x_wconf 88' lang='lat' dir='ltr'><strong><em>raras</em></strong></span> <span class='ocrx_word' id='word_1_790' title='bbox 2464 5348 2518 5395; x_wconf 92' lang='lat' dir='ltr'><strong><em>et</em></strong></span> <span class='ocrx_word' id='word_1_791' title='bbox 2542 5338 2896 5394; x_wconf 88' lang='lat' dir='ltr'><strong><em>brevissimas</em></strong></span> <span class='ocrx_word' id='word_1_792' title='bbox 2918 5337 3165 5392; x_wconf 90' lang='lat' dir='ltr'><strong><em>dedimus</em></strong></span> <span class='ocrx_word' id='word_1_793' title='bbox 3193 5355 3206 5390; x_wconf 91' lang='lat'><strong><em>:</em></strong></span> <span class='ocrx_word' id='word_1_794' title='bbox 3239 5334 3363 5404; x_wconf 90' lang='lat' dir='ltr'><strong><em>quia</em></strong></span> <span class='ocrx_word' id='word_1_795' title='bbox 3390 5347 3419 5384; x_wconf 93' lang='lat' dir='ltr'><strong><em>a</em></strong></span> <span class='ocrx_word' id='word_1_796' title='bbox 3450 5329 3635 5384; x_wconf 89' lang='lat' dir='ltr'><strong><em>multis</em></strong></span> 
     </span>
    </p>
   </div>
   <div class='ocr_carea' id='block_1_112' title="bbox 2066 5419 3636 5506">
    <p class='ocr_par' dir='ltr' id='par_1_112' title="bbox 2066 5419 3636 5506">
     <span class='ocr_line' id='line_1_113' title="bbox 2066 5419 3636 5506; baseline -0.01 -17"><span class='ocrx_word' id='word_1_797' title='bbox 2066 5437 2180 5506; x_wconf 90' lang='lat' dir='ltr'><strong><em>jam</em></strong></span> <span class='ocrx_word' id='word_1_798' title='bbox 2231 5433 2391 5488; x_wconf 87' lang='lat' dir='ltr'><strong><em>annis</em></strong></span> <span class='ocrx_word' id='word_1_799' title='bbox 2441 5431 2508 5485; x_wconf 88' lang='lat' dir='ltr'><strong><em>ad</em></strong></span> <span class='ocrx_word' id='word_1_800' title='bbox 2555 5430 2917 5500; x_wconf 75' lang='lat' dir='ltr'><strong><em>Ilexaplorum</em></strong></span> <span class='ocrx_word' id='word_1_801' title='bbox 2973 5434 3224 5495; x_wconf 77' lang='lat' dir='ltr'><strong><em>excerpta</em></strong></span> <span class='ocrx_word' id='word_1_802' title='bbox 3254 5440 3320 5478; x_wconf 80' lang='lat' dir='ltr'><strong><em>ex</em></strong></span> <span class='ocrx_word' id='word_1_803' title='bbox 3351 5419 3636 5477; x_wconf 85' lang='lat' dir='ltr'><strong><em>codicibus</em></strong></span> 
     </span>
    </p>
   </div>
   <div class='ocr_carea' id='block_1_113' title="bbox 2072 5510 3634 5591">
    <p class='ocr_par' dir='ltr' id='par_1_113' title="bbox 2072 5510 3634 5591">
     <span class='ocr_line' id='line_1_114' title="bbox 2072 5510 3634 5591; baseline -0.011 -10"><span class='ocrx_word' id='word_1_804' title='bbox 2072 5542 2195 5581; x_wconf 89' lang='lat' dir='ltr'><strong><em>cum</em></strong></span> <span class='ocrx_word' id='word_1_805' title='bbox 2251 5524 2413 5580; x_wconf 90' lang='lat' dir='ltr'><strong><em>editis</em></strong></span> <span class='ocrx_word' id='word_1_806' title='bbox 2463 5530 2576 5577; x_wconf 91' lang='lat' dir='ltr'><strong><em>tum</em></strong></span> <span class='ocrx_word' id='word_1_807' title='bbox 2634 5521 3022 5591; x_wconf 85' lang='lat' dir='ltr'><strong><em>manuscriptis</em></strong></span> <span class='ocrx_word' id='word_1_808' title='bbox 3063 5513 3366 5584; x_wconf 77' lang='lat' dir='ltr'><strong><em>colligenda</em></strong></span> <span class='ocrx_word' id='word_1_809' title='bbox 3392 5510 3634 5565; x_wconf 86' lang='lat' dir='ltr'><strong><em>animum</em></strong></span> 
     </span>
    </p>
   </div>
   <div class='ocr_carea' id='block_1_114' title="bbox 2072 5601 3632 5686">
    <p class='ocr_par' dir='ltr' id='par_1_114' title="bbox 2072 5601 3632 5686">
     <span class='ocr_line' id='line_1_115' title="bbox 2072 5601 3632 5686; baseline -0.01 -16"><span class='ocrx_word' id='word_1_810' title='bbox 2072 5615 2256 5686; x_wconf 90' lang='lat' dir='ltr'><strong><em>appuli</em></strong></span> <span class='ocrx_word' id='word_1_811' title='bbox 2306 5634 2322 5670; x_wconf 88' lang='lat'><strong><em>:</em></strong></span> <span class='ocrx_word' id='word_1_812' title='bbox 2371 5613 2626 5684; x_wconf 88' lang='lat' dir='ltr'><strong><em>quodque</em></strong></span> <span class='ocrx_word' id='word_1_813' title='bbox 2681 5612 2850 5667; x_wconf 86' lang='lat' dir='ltr'><strong><em>habui</em></strong></span> <span class='ocrx_word' id='word_1_814' title='bbox 2910 5611 3121 5665; x_wconf 82' lang='lat' dir='ltr'><strong><em>caeteris</em></strong></span> <span class='ocrx_word' id='word_1_815' title='bbox 3167 5621 3287 5676; x_wconf 84' lang='lat' dir='ltr'><strong><em>quae</em></strong></span> <span class='ocrx_word' id='word_1_816' title='bbox 3333 5601 3632 5656; x_wconf 86' lang='lat' dir='ltr'><strong><em>tractabam</em></strong></span> 
     </span>
    </p>
   </div>
   <div class='ocr_carea' id='block_1_115' title="bbox 2076 5695 3720 5779">
    <p class='ocr_par' dir='ltr' id='par_1_115' title="bbox 2076 5695 3720 5779">
     <span class='ocr_line' id='line_1_116' title="bbox 2076 5695 3720 5779; baseline -0.009 -15"><span class='ocrx_word' id='word_1_817' title='bbox 2076 5709 2196 5775; x_wconf 89' lang='lat' dir='ltr'><strong><em>otii,</em></strong></span> <span class='ocrx_word' id='word_1_818' title='bbox 2234 5709 2363 5764; x_wconf 85' lang='lat' dir='ltr'><strong><em>huic</em></strong></span> <span class='ocrx_word' id='word_1_819' title='bbox 2398 5706 2692 5779; x_wconf 84' lang='lat' dir='ltr'><strong><em>provinciae</em></strong></span> <span class='ocrx_word' id='word_1_820' title='bbox 2743 5704 3052 5762; x_wconf 77' lang='lat' dir='ltr'><strong><em>consecravi</em></strong></span> <span class='ocrx_word' id='word_1_821' title='bbox 3093 5721 3106 5757; x_wconf 90' lang='lat'><strong><em>:</em></strong></span> <span class='ocrx_word' id='word_1_822' title='bbox 3139 5695 3192 5755; x_wconf 74' lang='lat' dir='ltr'><strong><em>et</em></strong></span> <span class='ocrx_word' id='word_1_823' title='bbox 3222 5698 3330 5768; x_wconf 89' lang='lat' dir='ltr'><strong><em>jam</em></strong></span> <span class='ocrx_word' id='word_1_824' title='bbox 3365 5703 3513 5750; x_wconf 87' lang='lat' dir='ltr'><strong><em>tanta</em></strong></span> <span class='ocrx_word' id='word_1_825' title='bbox 3540 5709 3639 5750; x_wconf 80' lang='lat' dir='ltr'><strong><em>eo-</em></strong></span> <span class='ocrx_word' id='word_1_826' title='bbox 3709 5752 3720 5764; x_wconf 80' lang='lat'><em>_</em></span> 
     </span>
    </p>
   </div>
  </div>
