4042 6210
375 323 451 383 15
1172 315 1680 381 COMMENTARIA
1720 314 1787 369 1N
1822 310 2157 369 PSALMOS.
2192 342 2262 352 —
2290 306 2838 375 ΡΒᾸΞῌΜΙΝᾹΜΑ.
2915 369 2922 375 ,
3567 305 3640 362 26

369 460 497 502 rum
531 454 792 498 accessio
821 432 964 494 iacta
992 445 1096 501 est,
1123 444 1183 489 ut
1205 434 1512 507 quadruplo
1564 435 1754 489 saltem
1806 433 1953 504 plura

2065 427 2238 500 θρασὺ
2269 427 2363 480 καὶ
2392 423 2681 497 προπετές.
2708 420 2941 475 arbitror
2974 419 3107 476 illud
3138 437 3270 485 esse,
3298 421 3640 489 pronuntiare

368 549 551 608 penes
573 547 689 588 nos
716 531 1033 588 habeamus.
1058 522 1219 599 quam
1243 527 1497 583 Nobilius
1521 535 1575 580 et
1600 525 1827 579 Drusius
1854 524 1963 579 edi-

374 626 594 682 derint.
647 622 752 679 ﬂis
798 620 1099 693 propediem
1153 628 1481 691 postremam
1519 619 1960 677 admovere,ma-

382 731 546 778 num.
566 729 738 786 eaque
759 713 1030 783 publicare
1060 712 1276 768 animus
1305 721 1409 767 est.
1429 712 1608 777 Quare
1639 725 1667 763 a
1698 709 1962 779 prolixio-

385 807 550 862 ribus
594 805 651 861 in
698 811 903 860 veteres
960 803 1288 873 interpretes
1323 804 1472 858 notis
1502 801 1754 858 consulto
1791 800 1965 855 absti-

390 899 637 961 nuimus,
661 913 723 952 ne
750 896 852 952 sub
889 896 1006 955 haec
1035 904 1215 951 actum
1255 910 1412 965 agere
1442 908 1780 964 cogeremur.

461 990 550 1044 Ait
579 988 841 1045 Eusebius
873 987 1226 1060 Septuaginta
1268 984 1595 1056 lntcrpretes
1631 999 1755 1039 cum
1777 982 1962 1040 Ptole-

391 1081 859 1151 maeiPhiladelpbi
887 1089 1131 1151 tempore
1163 1078 1437 1135 vertendis
1467 1076 1763 1147 Scriptura:
1792 1090 1963 1129 sacra:

385 1174 539 1229 libris
569 1188 793 1244 Operam
825 1172 1042 1237 darent,
1068 1173 1189 1227 loca
1238 1171 1508 1241 quaedam,
1546 1171 1701 1239 queis
1755 1165 1959 1223 Christi

379 1274 536 1321 ortus
588 1266 833 1336 apertius
886 1263 1367 1335 praenuntiaretur,
1414 1276 1481 1315 ne
1523 1261 1576 1314 in
1624 1257 1957 1320 Graecorum,

375 1357 582 1427 quibus
613 1357 798 1412 versio
829 1357 1145 1428 parabatur,
1178 1354 1429 1409 notitiam
1454 1351 1725 1410 venirent.
1761 1350 1959 1404 obscu-

372 1464 496 1505 rius
524 1450 918 1520 interpretatos
973 1465 1112 1505 esse.
1152 1446 1269 1515 Qua
1310 1446 1377 1501 de
1411 1460 1470 1499 re
1507 1442 1786 1497 adeundus
1819 1441 1955 1511 ipse.

372 1558 502 1598 cum
544 1544 745 1614 psalmi
787 1557 1010 1606 Lxxxvt,
1051 1540 1425 1595 Fundamenta
1466 1537 1581 1607 ejus
1613 1537 1667 1589 in
1696 1533 1956 1588 montibus

371 1639 603 1703 sanctis,
638 1637 1032 1709 expositionem
1076 1636 1208 1690 edit.
1240 1632 1351 1689 Nec
1380 1633 1595 1688 silentio
1624 1628 1955 1684 mittendum

369 1738 484 1796 est,
510 1729 809 1785 Eusebium
835 1743 1079 1800 persmpe
1103 1726 1400 1798 Scriptura:
1432 1741 1598 1782 sacrae
1622 1725 1741 1778 loca
1768 1738 1948 1785 secus,

371 1837 547 1893 quam
578 1822 636 1876 in
667 1820 1068 1890 exemplaribus
1101 1819 1379 1875 bodiernis
1436 1818 1710 1888 leguntur,
1740 1814 1953 1880 aii'erre,

371 1912 586 1983 partim
647 1911 793 1981 quod
852 1912 1176 1983 exemplaria
1237 1927 1333 1966 sua
1391 1913 1597 1965 variam
1654 1907 1945 1962 lectionem

375 2000 728 2071 praeferrent,
770 1988 983 2072 partim.
1031 2001 1174 2072 quod
1232 2002 1323 2056 ille
1383 2013 1772 2069 nonnunquam
1828 1997 1946 2053 sine

375 2092 586 2162 praevia
646 2091 946 2147 monitione
994 2093 1227 2146 aliorum
1281 2093 1632 2162 interpretum
1686 2090 1948 2146 lectiones

375 2181 685 2238 admisceat
720 2201 736 2239 :
771 2183 967 2253 partim
1002 2183 1162 2238 etiam
1197 2181 1340 2253 quod
1384 2182 1700 2252 plerumque.
1742 2195 1948 2235 memo-

374 2277 518 2332 riter
552 2273 958 2346 Scripturarum
991 2276 1132 2331 dicta
1165 2276 1433 2341 enuntiet,
1465 2290 1529 2331 ac
1567 2289 1865 2347 synonyma
1895 2283 1947 2329 et

373 2374 639 2424 extranea
674 2368 838 2424 verba
872 2367 1184 2423 interserat.

1000 2479 1227 2535 CAPUT
1269 2478 1336 2536 ιτ.

542 2590 610 2629 DE
638 2589 806 2631 BEBUS
838 2588 1143 2630 DOCTRINAM
1179 2588 1568 2628 ερεοτιιιςτιιιυς
1603 2588 1656 2627 ΙΝ
1686 2588 1785 2628 HOC

968 2660 1369 2699 COIIIIENTARIO.

381 2754 438 2815 Ι.
469 2757 532 2813 In
558 2757 918 2828 scriptoribus
941 2759 1108 2812 sacris
1140 2774 1203 2811 ne
1237 2757 1507 2828 minimum
1544 2756 1725 2828 uitium
1757 2754 1952 2828 admit-

459 2829 522 2882 tit
550 2825 825 2883 Eusebius.
854 2826 939 2884 II.
967 2828 1282 2883 Sanctorum
1309 2826 1495 2879 merita
1529 2825 1676 2880 nobis
1706 2825 1951 2896 prodesse

456 2908 627 2959 putat.
662 2897 781 2952 Ill.
825 2898 1012 2952 Veram
1047 2897 1246 2953 Christi
1272 2898 1325 2950 in
1352 2896 1687 2950 Eucharistia
1721 2911 1952 2965 pra‘sen-

457 2969 589 3023 tiam
609 2968 865 3023 declarat.
898 2966 999 3025 IV.
1028 2967 1167 3034 Quid
1197 2969 1260 3021 de
1293 2967 1453 3021 libero
1484 2967 1707 3021 arbitrio
1738 2968 1947 3021 sentiat.

468 3036 532 3091 γ.
567 3037 807 3093 Gratiam
848 3038 1215 3107 indi/ferentia:
1244 3038 1314 3091 ad
1346 3036 1671 3098 utrumlibet,
1706 3054 1795 3091 seu
1838 3052 1952 3090 ver-

460 3109 689 3188 sutilem,
712 3108 884 3188 docet.
903 3107 995 3161 VI.
1035 3108 1103 3162 Et
1136 3107 1646 3177 prwdestinationem
1674 3115 1788 3177 post
1812 3121 1953 3177 pra:-

458 3186 574 3230 visa
594 3186 802 3229 merita.

459 3286 616 3343 Haud
673 3288 944 3358 ingratum
994 3288 1184 3343 lectori
1241 3289 1356 3344 fore
1400 3304 1704 3360 Speramus,
1753 3291 1798 3347 si
1832 3306 1954 3363 qua:

389 3380 623 3451 sparsim
652 3380 929 3451 variisque
961 3380 1015 3434 in
1050 3380 1207 3442 locis,
1237 3397 1347 3452 quo
1398 3381 1512 3438 fors
1557 3382 1700 3447 tulit,
1732 3384 1953 3439 inducta

388 3484 516 3529 sunt
563 3472 827 3528 doctrina:
873 3474 1074 3544 capita,
1122 3473 1209 3527 hic
1263 3474 1318 3528 in
1368 3490 1537 3529 unum
1585 3476 1812 3531 collecta
1852 3476 1953 3546 ipsi

387 3564 702 3627 oneramus,
733 3580 856 3620 cum
895 3565 961 3619 ad
998 3581 1215 3620 manum
1247 3566 1405 3622 nobis
1435 3566 1508 3622 sit
1538 3582 1625 3632 ea,
1659 3584 1780 3639 quac
1815 3569 1954 3624 assi-

387 3650 496 3705 dua
545 3653 863 3708 tractatione
907 3653 1035 3708 hinc
1071 3652 1196 3709 inde
1222 3653 1618 3727 decerpsimus,
1650 3673 1758 3712 una
1804 3672 1955 3712 com-

387 3743 580 3812 plecti;
626 3750 685 3797 ut
729 3743 915 3800 labore
962 3744 1221 3800 diuturno
1260 3753 1414 3816 parta
1462 3747 1721 3804 harumce
1770 3764 1951 3803 rerum

388 3834 600 3899 notitia,
669 3835 898 3891 eruditis
966 3836 1191 3907 ingratae
1253 3837 1668 3907 perquisitionis
1732 3839 1951 3894 taedium

386 3924 548 3981 levet.

447 4034 486 4086 Ι.
508 4033 565 4085 In
588 4035 908 4101 scriptoribus
932 4036 1451 4150 sacrilsiuggbtpipimum
1479 4039 1649 4093 vitium
1681 4041 1896 4093 admittit

1232 4117 1258 4150 υ
1291 4139 1305 4150 .

1232 4117 1305 4151 US.

458 4204 722 4261 Estimat
751 4203 1019 4261 Eusebius
1065 4222 1175 4261 non
1227 4208 1345 4263 sine
1395 4207 1623 4263 audacia
1656 4216 1709 4263 et
1734 4208 1955 4263 temeri-

386 4306 501 4353 tate
531 4296 682 4352 credi
713 4311 894 4368 posse,
938 4297 1234 4368 scriptores
1276 4299 1419 4365 illos,
1454 4300 1546 4370 qui
1578 4299 1794 4354 amante
1842 4298 1954 4354 Nu-

383 4391 530 4446 mine
580 4389 797 4446 divinas
845 4389 1007 4445 nobis
1058 4389 1271 4446 litteras
1296 4392 1745 4452 transmiserunt,
1778 4391 1860 4445 vel
1895 4390 1953 4445 in

387 4479 627 4536 minimis
663 4492 911 4546 errasse;
949 4480 1023 4534 ita
1060 4488 1119 4534 ut
1148 4481 1312 4536 etiam
1345 4496 1542 4537 nomen
1575 4496 1679 4551 pro
1720 4481 1826 4535 alio
1863 4481 1946 4536 vel
1982 4516 2023 4571 ο

387 4583 452 4623 ex
481 4569 842 4640 imprudentia
874 4572 959 4628 vel
988 4587 1050 4628 ex
1081 4571 1432 4643 incogitantia
1459 4574 1861 4630 substituerint.
1889 4573 1946 4627 ld

389 4658 585 4717 diserte
632 4662 730 4728 ait,
779 4665 1120 4737 explanando
1147 4667 1384 4721 'titulum
1428 4666 1623 4736 psalmi
1663 4682 1861 4734 χχχιιι,
1893 4667 1947 4721 in

389 4763 500 4820 quo
537 4752 733 4809 dicitur
760 4755 1077 4813 immutasse
1121 4756 1291 4812 David
1338 4758 1545 4812 vultum
1575 4774 1734 4813 suum
1763 4773 1947 4813 coram

326 4842 333 4850 '
389 4839 695 4899 Abimelech
753 4866 766 4900 :
820 4848 1273 4906 ubiAchimelech
1323 4850 1635 4920 legendum,
1684 4858 1847 4922 atque
1890 4851 1947 4906 in

387 4931 804 5002 exemplaribus,
834 4939 947 4992 beth
1007 4956 1064 4995 in
1119 4937 1249 5007 caph
1296 4949 1562 4995 mutatum
1599 4941 1768 4997 fuisse
1794 4948 1949 5012 putat

386 5020 656 5079 Eusebius
686 5044 701 5080 :
731 5028 873 5097 quod
921 5046 1053 5087 sane
1101 5033 1173 5087 ob
1222 5032 1523 5088 litterarum
1559 5029 1675 5089 brth
1722 5040 1777 5087 et
1804 5033 1937 5107 cap't

386 5114 529 5175 inter
550 5130 610 5171 se
641 5115 947 5184 aliinitatem
970 5122 1226 5191 perfacile
1250 5124 1370 5179 fuit.
1397 5123 1535 5179 Tum
1566 5123 1727 5177 allata
1755 5138 1945 5180 eorum

385 5208 656 5265 sententia
682 5209 775 5281 qui
803 5210 1065 5278 dicerent,
1097 5211 1440 5271 Achimelech
1469 5232 1567 5287 pro
1602 5216 1768 5274 Achis
1800 5217 1950 5290 posi-

384 5310 496 5356 tum
543 5300 735 5369 fuisse,
767 5302 950 5373 ibique
974 5306 1058 5373 agi
1088 5305 1155 5363 de
1181 5307 1401 5365 Davidis
1444 5308 1497 5363 in
1541 5306 1677 5364 Geth
1708 5309 1947 5380 peregri-

380 5392 627 5457 natione,
656 5393 751 5448 ubi
779 5406 903 5447 cum
932 5394 1229 5463 periculum
1276 5398 1470 5468 capitis
1503 5398 1831 5461 immineret,
1861 5397 1949 5451 in—

379 5485 591 5542 saniam
642 5485 733 5542 ille
792 5486 1088 5549 simulavit,
1120 5493 1174 5541 et
1218 5487 1520 5544 immutavit
1543 5488 1752 5544 vultum
1784 5504 1944 5545 suum

378 5590 564 5632 coram
591 5574 759 5659 dehis
796 5592 924 5648 rege
971 5577 1141 5643 Geth;
1175 5576 1287 5633 haec
1330 5580 1383 5634 in
1415 5582 1703 5638 adversum
1734 5580 1945 5652 reponit

380 5664 473 5723 ille
513 5687 526 5722 :
567 5666 635 5721 At
660 5685 753 5739 ego
781 5669 961 5722 audax
989 5669 1420 5739 temerariumque
1451 5672 1679 5740 facinus,
1708 5672 1864 5743 ἔργον
1888 5670 1950 5727 δέ.

449 5779 526 5848 (ᾳ)
547 5777 634 5836 ω.
663 5778 741 5836 De
768 5783 1154 5851 prmparatione
1171 5798 1378 5852 evang.,
1409 5798 1458 5853 p.
1486 5784 1607 5838 5'15.

2065 519 2390 589 conﬁdenter
2415 516 2648 571 divinam
2693 512 3027 582 Seripturom
3059 513 3265 582 lapsam
3297 530 3430 577 esse,
3461 524 3510 567 et
3535 514 3641 566 tale

2064 612 2245 666 citium
2289 608 2558 678 praeferre,
2583 615 2641 661 ut
2665 622 2761 676 pro
2784 606 2896 659 riro
2921 605 3215 676 alienigena
3252 604 3497 659 sacerdos
3531 602 3640 657 Do-

2063 703 2191 756 mini
2220 710 2466 768 ponatur,
2498 715 2615 752 cum
2662 698 2895 751 maxime
2928 695 3193 750 Hebraica
3237 695 3389 750 lectio
3431 704 3480 749 et
3513 695 3638 749 reli-

2060 792 2151 862 qui
2181 792 2483 859 interpretes
2525 803 2700 841 omnes
2744 785 3073 840 Achimelech
3104 785 3503 862 circumferant.
3531 782 3637 839 Ubi

2061 890 2219 939 notes
2280 881 2442 937 velim
2472 878 2815 934 Jiebraicam
2870 877 3159 931 lectionem
3213 877 3376 932 hodie
3413 877 3638 939 milia:

2060 970 2433 1034 circumferre,
2462 979 2515 1025 et
2543 971 2598 1024 in
2640 967 2846 1023 Grzecis
2881 966 3073 1023 Bibliis
3110 967 3400 1039 Ἀὅιμὲλεχ
3439 985 3453 999 ·
3492 965 3638 1020 unde

2060 1070 2207 1134 patet
2233 1062 2451 1119 Eusebii
2474 1060 2809 1131 exemplaria
2838 1059 3107 1114 diversam
3144 1059 3212 1113 ab
3233 1075 3318 1125 ea,
3348 1074 3468 1129 quae
3491 1074 3637 1118 nunc

2060 1153 2309 1216 habetur,
2347 1151 2636 1207 lectionem
2692 1150 3019 1221 praetulisse.
3094 1144 3223 1201 Utut
3286 1164 3417 1204 vero
3467 1151 3538 1205 sit
3569 1149 3636 1204 de

2060 1244 2281 1300 Eusebii
2316 1244 2370 1297 in
2404 1248 2761 1298 memoratum
2795 1242 3015 1295 titulum
3049 1242 3329 1312 opinione,
3362 1257 3485 1311 qua!
3515 1241 3632 1295 foro

2058 1337 2224 1393 tassis
2256 1352 2365 1392 non
2413 1336 2666 1390 omnibus
2698 1335 2964 1405 placitura
3015 1343 3119 1397 est,
3170 1341 3323 1405 putat
3352 1351 3485 1390 sane
3541 1335 3634 1389 ille

2057 1427 2214 1483 nel'as
2257 1442 2381 1482 esse
2410 1425 2623 1490 vitium,
2657 1425 2704 1480 si
2735 1425 2883 1495 quod
2913 1425 2996 1480 vel
3030 1425 3313 1480 minimum
3347 1427 3543 1492 subsit,
3576 1427 3633 1482 in

2058 1518 2379 1589 scriptorem
2410 1532 2627 1572 sacrum
2659 1514 2971 1571 relundere.

2242 1627 2303 1678 ΙΙ.
2327 1629 2615 1679 Sanctorum
2637 1628 2815 1676 merita
2838 1626 2978 1676 nobis
3002 1628 3244 1690 prodesse
3271 1632 3429 1691 putat.

1987 1790 2030 1846 Β
2127 1757 2217 1811 Αἰι
2256 1772 2366 1811 non
2412 1756 2580 1811 semel
2609 1754 2878 1811 Eusebius
2906 1763 3246 1820 sanctorum,
3277 1755 3393 1812 sive
3425 1764 3633 1829 marty-

2062 1864 2203 1915 rum,
2226 1849 2340 1904 sive
2361 1848 2591 1902 aliorum
2615 1847 2723 1903 Deo
2735 1856 3077 1918 acceptorum
3110 1847 3389 1901 hominum
3410 1849 3627 1911 merita,

2049 1939 2294 1996 subsidio
2331 1940 2473 2009 apud
2521 1938 2689 1993 Dcum
2719 1940 2879 1996 nobis
2901 1956 3042 1995 esse.
3096 1938 3187 1994 Sic
3217 1938 3354 2010 psal.
3397 1954 3630 2004 Lxxvm,

2045 2044 2185 2087 vers.
2213 2031 2310 2087 ii):
2343 2031 2425 2085 Ad
2448 2031 2558 2087 hare
2579 2033 2633 2085 in
2653 2033 2888 2104 precibus
2912 2041 3137 2102 tempore
3159 2032 3530 2100 persecutionis
3547 2030 3633 2085 di-

2046 2124 2212 2177 cenda
2256 2125 2607 2190 instituimur,
2648 2123 2943 2178 hostiarum
2993 2134 3042 2179 et
3065 2123 3490 2178 holocaustorum
3519 2124 3631 2181 loco

2046 2216 2351 2283 sanguinem
2369 2224 2671 2269 sanctorum
2696 2223 2987 2286 martyrum
3003 2213 3632 2285 proponentes,achujus-

2047 2305 2189 2360 modi
2207 2307 2611 2377 supplicationes
2626 2309 2915 2363 amittentes
2933 2309 3025 2373 {et
3042 2324 3183 2363 vers.
3210 2308 3266 2361 il
3291 2326 3303 2361 :
3334 2305 3445 2361 Nos
3469 2308 3634 2377 siqui-

2047 2396 2162 2452 dem
2186 2416 2287 2452 non
2304 2400 2447 2470 digni
2474 2400 2641 2456 habiti
2668 2418 2850 2456 sumus
2870 2403 2958 2472 qui
2977 2401 3045 2454 ad
3076 2402 3235 2471 finem
3258 2418 3415 2471 usque
3430 2410 3657 2455 certare-

2048 2505 2187 2553 mus,
2211 2506 2275 2544 ac
2290 2505 2384 2557 pro
2409 2491 2516 2547 Deo
2547 2494 2849 2563 sanguinem
2870 2492 3240 2563 (auderemus;
3269 2494 3359 2547 sed
3380 2494 3502 2563 quia
3529 2493 3632 2563 filii

2047 2595 2230 2633 sumus
2263 2596 2441 2634 eorum
2476 2584 2566 2652 qui
2592 2584 2703 2636 [nec
2744 2595 2863 2637 sunt
2897 2584 3155 2653 perpessi,
3187 2584 3379 2637 virtute
3416 2593 3629 2653 patrum

2050 2679 2354 2725 nostrorum
2384 2675 2582 2738 ornati,
2620 2690 2899 2743 precamur
2927 2685 2983 2729 ut
3014 2676 3229 2730 illorum
3268 2677 3441 2747 gratia
3472 2677 3628 2731 mise-

2053 2762 2342 2817 ricordiam
2376 2780 2778 2835 consequamur.

2116 2874 2200 2926 ill.
2220 2876 2400 2929 Veram
2418 2878 2594 2930 Christi
2613 2880 2662 2928 in
2685 2878 2983 2929 Eucharistia
3004 2879 3315 2943 presentiam
3328 2881 3563 2930 declarat.

2128 2980 2323 3037 Veram
2373 2982 2578 3038 Christi
2641 2983 2695 3037 in
2747 2983 3090 3040 Eucharistia
3150 2986 3490 3055 prmseutiam
3552 2984 3627 3055 (a)

2054 3074 2340 3145 proﬁtetur
2386 3091 2510 3131 cum
2559 3076 2705 3130 hunc
2778 3092 2991 3133 versum
3056 3078 3370 3145 esplicans.
3423 3075 3630 3131 Cibavit

1978 3161 2138 3225 Ceos
2221 3181 2287 3220 ea:
2350 3168 2513 3236 adipe
2540 3167 2813 3236 frumenti,
2849 3178 2899 3222 et
2948 3167 3012 3222 de
3057 3178 3206 3238 petra
3259 3169 3410 3223 melle
3475 3179 3628 3222 satu-

2053 3260 2189 3312 ravit
2247 3275 2334 3312 eos
2382 3257 2558 3329 (Psal.
2610 3273 2778 3323 LXXX,
2834 3258 2944 3330 17),
2997 3260 3073 3313 ait
3112 3279 3125 3315 :
3164 3259 3322 3313 Κατά
3385 3261 3541 3314 τοῦτο
3571 3260 3632 3314 δὲ

2054 3350 2289 3421 ἐπλήρου
2341 3347 2683 3414 καταξιώσας
2713 3352 2910 3415 αὐτοὺς
2939 3351 3037 3422 τῆς
3074 3352 3280 3416 οἰκείας
3307 3352 3533 3424 τροφῆς,
3565 3353 3629 3407 οὐ

2057 3442 2214 3513 μόνον
2240 3430 2575 3512 σωματικῆς,
2600 3440 2733 3493 ἀλλὰ
2754 3443 2847 3495 καὶ
2869 3443 2967 3513 τῆς
2998 3443 3314 3514 ἐπουρανίου
3349 3444 3440 3497 καὶ
3468 3461 3632 3497 πνευ-

2056 3534 2309 3606 ματικῆς,
2330 3531 2565 3603 ὁπηνίκα
2590 3531 2825 3604 πρώτοις
2846 3534 3028 3596 αὐτοῖς
3050 3533 3310 3604 ἐπεδήμει
3336 3536 3364 3587 ὁ
3397 3535 3440 3586 Χ
3448 3534 3627 3604 gms;

2051 3623 2144 3677 τοῦ
2181 3622 2337 3686 Θεοῦ,
2368 3622 2571 3696 τροφὴν
2616 3621 2796 3683 αὐτοῖς
2840 3624 3100 3697 παρεῖχεν
3151 3621 3242 3675 τὸν
3306 3623 3627 3692 ἐπουράνιον

2052 3716 2232 3787 ἄρτον,
2263 3715 2486 3767 ΑΥΤΟΣ
2517 3712 2814 3776 ΕΑΥΤΟΝ,
2847 3712 2899 3767 id
2917 3722 3035 3768 est:
3064 3713 3106 3767 Τ
3112 3730 3209 3767 unc
3231 3730 3387 3783 porro
3412 3716 3631 3784 proprio

2054 3806 2174 3861 illas
2217 3804 2332 3860 cibo
2367 3805 2561 3873 replere
2592 3805 2836 3876 dignatus
2869 3814 2968 3869 est,
3004 3822 3107 3859 non
3142 3820 3390 3873 corporeo
3429 3804 3629 3870 solum,

2054 3898 2145 3952 sed
2172 3898 2333 3951 etiam
2373 3899 2569 3953 cwlesti
2601 3908 2650 3952 et
2676 3897 2967 3968 spirituali,
3001 3914 3119 3952 cum
3151 3897 3219 3951 ad
3257 3898 3398 3968 ipsos
3428 3898 3625 3967 primos

2054 3988 2296 4044 Christus
2331 3988 2423 4044 Dei
2446 3992 2809 4062 peregrinatus
2841 4000 2940 4054 est,
2978 4002 3131 4061 atque
3178 3991 3231 4044 in
3280 3991 3451 4044 cibum
3495 3992 3626 4058 ipsis

2052 4083 2307 4139 caelestem
2351 4100 2559 4153 panem,
2589 4085 2697 4149 ipse
2747 4083 3100 4150 semetipsum,
3145 4081 3308 4136 dedit.
3359 4082 3439 4137 Ad
3482 4084 3626 4153 psal-

2053 4190 2202 4228 mum
2237 4189 2368 4230 vero
2410 4190 2594 4238 xxxvn,
2622 4175 2733 4228 haec
2779 4173 2942 4228 habet
2978 4192 2992 4228 :
3030 4175 3394 4245 Κατατρυφᾷν
3432 4175 3489 4229 δὲ
3531 4172 3623 4229 τοῦ

2052 4261 2256 4334 Κυρίου
2268 4262 2552 4333 δυνήσεται
2570 4260 2598 4312 ὁ
2616 4261 2714 4331 τῆς
2735 4260 2911 4331 ψυχῆς
2940 4260 3010 4314 τὰ
3041 4263 3365 4335 αἰσθητήρια
3392 4264 3626 4318 κεκαθα-

2058 4352 2335 4423 ρισμένος,
2370 4352 2446 4416 ὡς
2477 4351 2734 4406 δύνασθαι
2782 4352 2983 4405 ἐσθίειν
3011 4353 3100 4406 τὸν
3126 4351 3301 4416 ζῶντα
3337 4356 3498 4425 ἄρτον
3529 4357 3627 4412 καὶι

2052 4444 2150 4507 τὰς
2182 4442 2473 4507 ζωοποιοὺς
2506 4442 2668 4497 αὑτοῦ
2703 4444 2933 4513 σάρκας,
2968 4446 3142 4498 πίνειν
3179 4461 3239 4497 τε
3268 4446 3329 4499 τὸ
3356 4448 3625 4519 σωτήριον

2050 4534 2215 4588 αὑτοῦ
2264 4530 2420 4605 αἷμα.
2476 4534 2698 4597 Τούτοις
2736 4534 3071 4605 τρεφόμενος
3117 4536 3211 4588 καὶ
3253 4537 3618 4608 πιαινόμενος,

2046 4627 2147 4697 τῆς
2198 4625 2380 4679 ἐνθέου
2437 4624 2607 4696 μέθης
2654 4622 2961 4686 ἀπολαύων,
3001 4626 3468 4695 κατατρύφησον
3516 4629 3627 4684 τοῦ

2048 4717 2287 4785 Κυρίου,
2320 4716 2373 4770 id
2421 4723 2506 4771 est
2534 4736 2547 4771 :
2578 4714 2841 4769 Delectari
2874 4724 3048 4769 autem
3077 4716 3131 4770 in
3163 4716 3385 4773 Domino
3408 4720 3619 4794 valebit,

2047 4813 2283 4883 quisquis
2315 4809 2508 4865 animle
2532 4807 2768 4865 sensibus
2794 4811 2942 4877 puris
2971 4799 3309 4880 purgatisque
3333 4811 3513 4879 fuerit,
3542 4813 3621 4867 ita

2047 4914 2104 4958 ut
2129 4920 2315 4973 panem
2347 4906 2515 4959 uiuum
2540 4912 2588 4958 et
2627 4903 2858 4972 uiuiﬁcus
2882 4918 3066 4956 carnes
3096 4902 3212 4971 ejus
3243 4902 3392 4959 edere
3430 4908 3617 4975 possit.

2048 5014 2111 5052 ac
2154 4997 2443 5052 salutarent
2475 4999 2589 5063 eius
2629 4994 2801 5048 bibere
2843 4994 3169 5062 sanguinem.
3225 4995 3326 5050 His
3357 4999 3621 5051 enutritus

2045 5102 2094 5145 et
2125 5092 2499 5161 impinguatus,
2526 5090 2701 5146 divina
2736 5092 2916 5163 fruens
2931 5092 3201 5158 ebrietate,
3233 5109 3253 5143 ι
3280 5089 3536 5145 delectare
3560 5089 3618 5143 in

2048 5182 2292 5241 Domino.
2332 5204 2353 5237 ι

2351 5294 2433 5345 IV.
2462 5295 2589 5357 Quid
2612 5297 2675 5347 de
2697 5296 2860 5347 libero
2884 5297 3086 5347 arbitrio
3108 5294 3308 5347 sentiat.

2117 5398 2372 5454 Liberum
2393 5400 2677 5455 arbitrium
2706 5400 2760 5454 in
2784 5399 3004 5454 homine
3026 5399 3091 5454 ad
3118 5399 3320 5454 bonum
3345 5390 3617 5447 maluva

2046 5492 2389 5563 deligendum
2440 5493 2521 5548 sic
2569 5492 2805 5563 explicat
2847 5494 2958 5558 ille,
2993 5492 3058 5548 ad
3114 5491 3377 5563 psalmum
3417 5498 3560 5537 xxx-v
3596 5502 3613 5541 :

2059 5584 2405 5650 Ἀκαλύπτως
2437 5584 2493 5638 δὲ
2516 5585 2545 5637 ὁ
2572 5582 2807 5648 τοιοῦτος
2839 5583 3096 5649 ἐξέδωκεν
3125 5575 3405 5663 ἐαυτὸντῇ
3434 5574 3608 5663 duap-

2044 5676 2152 5749 τίᾳ,
2175 5674 2249 5741 ὡς
2279 5675 2375 5730 καὶ
2412 5674 2479 5728 τὰ
2515 5675 2732 5746 ῥήματα
2772 5672 2864 5728 τοῦ
2898 5673 3159 5742 στόματος
3184 5662 3348 5720 αὐτοῦ
3381 5661 3615 5737 ἀνομίαν
