4042 6210
406 350 477 402 si
1077 334 1352 410 Euseau
1388 355 1867 415 CASSARIENSIS
1904 359 2057 416 opp.
2097 360 2279 419 esus
2302 364 2392 424 Ill.
2431 392 2503 409 -
2538 344 2948 430 EXEGETICA.
3589 384 3661 440 ει

404 461 544 524 ιῖναι
568 469 662 522 καλ⁵
688 469 858 525 δόλον.
895 471 1041 527 Πάνυ
1072 472 1129 526 δὲ
1156 472 1326 527 ταῦτα
1358 473 1499 529 ἑκὼν
1546 475 1750 531 εἵλετο·
1784 479 1879 533 ἆτε
1920 479 1955 533 δι

2087 480 2212 535 dum
2233 482 2503 554 Aquilam,
2539 506 2558 538 ι
2594 489 2827 558 confisus
2850 505 2999 555 sum;
3033 510 3051 544 ι
3082 501 3176 546 aut
3202 499 3260 546 ut
3288 492 3663 566 Symmachus.

403 561 751 626 αὐτεξούσιος
770 561 868 627 ὢν,
894 567 989 619 καὶ
1008 564 1303 636 δυνάμενος
1326 567 1423 639 μὲν
1443 568 1542 640 τὴν
1565 569 1777 641 ἀγαθὴν
1797 573 1986 643 μετελ-

405 653 516 706 θεῖν
544 653 686 717 ὁδὸν,
721 655 797 729 μὴ
834 655 1110 729 βουληθεὶς
1145 657 1222 711 δέ.
1255 657 1367 713 Hoc
1403 671 1490 715 est
1520 680 1534 715 :
1559 661 1749 717 Palam
1810 674 1984 720 autem

404 847 490 891 tas
522 848 572 893 et
600 838 756 893 dolus
782 850 974 895 essent.
1009 840 1136 894 lla'c
1156 854 1333 898 autem
1364 846 1474 913 ipse
1505 847 1791 917 admodum
1825 849 1983 923 libere

401 930 580 998 elegit,
613 939 789 999 utpote
823 931 974 985 liberi
1012 932 1245 1000 arbitrii,
1289 951 1443 1004 penes
1480 955 1632 1008 quem
1681 950 1796 995 erat
1842 944 1981 997 viam

405 1021 555 1077 adire
587 1022 772 1077 bonam
809 1039 830 1079 :
858 1025 998 1094 quod
1029 1026 1121 1081 ille
1165 1029 1358 1085 noluit.
1396 1031 1748 1098 Quamobrem
1779 1037 1977 1092 dictant

404 1121 504 1175 est,
546 1130 566 1164 ι
605 1112 793 1167 Noluit
833 1115 1130 1187 intelligere
1161 1128 1218 1171 ut
1252 1119 1378 1175 bene
1410 1133 1582 1192 ageret
1616 1141 1636 1178 :
1665 1126 1756 1180 sed
1796 1128 1982 1199 iniqui-

408 1216 565 1260 tatem
610 1206 898 1261 meditatus
928 1219 1006 1263 est
1037 1211 1091 1263 in
1124 1211 1284 1266 cubiti
1314 1230 1428 1269 suo.
1468 1235 1487 1267 ι
1518 1215 1582 1271 Et
1611 1218 1678 1271 ad
1712 1221 1976 1289 psalmum

400 1313 507 1354 LVII
538 1298 790 1370 ιἘπειδὴ
816 1301 927 1371 γὰρ
957 1301 1172 1371 φύσεως
1193 1304 1484 1379 ἐλευθέρας
1518 1311 1610 1363 καὶ
1631 1311 1976 1376 αὐτεξουσὶου

398 1390 702 1461 γενόμενοι,
730 1391 1058 1465 διακριτικοί
1079 1410 1138 1447 τε
1158 1395 1250 1448 τοῦ
1279 1398 1446 1451 καλοῦ
1477 1400 1684 1454 καὶτοῦ
1712 1402 1973 1469 ἐναντίου,

397 1482 496 1554 τήν
526 1499 588 1535 τε
613 1484 694 1546 εἰς
715 1483 952 1552 ἑκάτερα
979 1486 1149 1558 ῥοπὴν
1182 1488 1279 1560 τὴν
1308 1491 1367 1542 ὲν
1398 1491 1608 1554 ἑαυτοῖς
1628 1495 1972 1564 κεκτημένοι,

396 1574 499 1628 οὐκ
531 1574 709 1647 ὀρθῶς
742 1576 1037 1647 ἐχρήσαντο
1066 1579 1145 1649 τῷ
1175 1583 1465 1653 κριτηρίῳ,
1514 1584 1633 1637 οὐδὲ
1679 1588 1975 1658 ἠγάπησαν

400 1664 500 1735 τὴν
524 1664 753 1731 εὐθεῖαν,
777 1668 974 1738 καίπερ
1000 1668 1198 1733 εἰδότες
1227 1672 1416 1744 αὐτὴν,
1433 1674 1553 1727 οὐδ’
1570 1676 1749 1747 ἔργοις
1780 1678 1976 1751 μετῆλ-

402 1751 496 1806 θον
531 1754 631 1824 τὴν
684 1755 1049 1828 δικαιοσύνην,
1106 1761 1171 1829 ἣν
1226 1760 1369 1829 λόγῳ
1393 1763 1538 1836 μόνῳ
1588 1766 1682 1820 καὶ
1739 1769 1973 1839 χείλεσιν

402 1843 810 1914 ιπτιγγέλλοντο,
828 1846 908 1917 τῷ
940 1849 1153 1920 παλαιῷ
1183 1850 1239 1904 δὲ
1261 1852 1382 1922 ὄφει
1409 1855 1786 1925 ὁμοιωθέντες,
1808 1862 1969 1916 ἀσπιο
2000 1843 2042 1898 Β

393 1933 484 2000 do;
514 1937 707 2007 κωφῆς
737 1939 952 2010 χείρους
986 1941 1262 2010 ἐγένοντο·
1297 1944 1485 2001 τούτου
1527 1949 1684 2021 χάριν
1730 1954 1967 2007 ἐπακού-

393 2041 522 2081 cate
561 2027 685 2082 τίνα
726 2031 821 2082 καὶ
868 2032 1066 2096 αὐτοὺς
1099 2036 1399 2107 περιμένει,
1451 2039 1503 2091 id
1549 2049 1632 2093 est
1663 2060 1675 2096 :
1703 2040 1965 2106 Quoniam

388 2116 530 2170 enim
572 2116 739 2172 libera
768 2128 818 2173 et
850 2123 936 2175 sui
964 2123 1176 2177 arbitrii
1205 2136 1398 2180 natura
1446 2129 1680 2196 pra'diti,
1712 2134 1761 2186 vi
1804 2134 1966 2188 inter-

388 2210 637 2265 noscendi
687 2210 806 2267 boni
853 2223 904 2268 et
937 2218 1191 2270 contrarii
1230 2219 1497 2284 instructi,
1533 2233 1688 2293 atque
1744 2223 1962 2281 liberam

389 2302 460 2356 ad
488 2305 790 2359 utrumlibet
818 2307 1213 2387 inclinationem
1240 2312 1404 2373 nacti,
1436 2328 1540 2365 non
1602 2323 1737 2368 recte
1753 2318 1961 2385 judicio

388 2408 485 2446 suo
536 2403 660 2447 sunt
711 2396 815 2455 usi,
853 2413 1014 2463 neque
1057 2409 1253 2451 rectam
1302 2400 1460 2465 viam,
1495 2404 1598 2457 etsi
1626 2417 1803 2460 notam
1833 2410 1957 2474 sibi,

385 2482 701 2549 dilexerunt,
734 2504 896 2559 neque
929 2489 1172 2559 operibus
1197 2490 1470 2560 justitiam
1504 2495 1768 2562 adierunt,
1799 2518 1957 2570 quant

380 2574 555 2628 verbis
606 2574 867 2630 duntaxat
924 2589 974 2632 et
1025 2578 1181 2635 labiis
1231 2591 1353 2635 sunt
1401 2586 1646 2654 professi,
1702 2593 1960 2662 veterique

382 2668 612 2734 serpenti
654 2668 874 2735 similes,
924 2672 1106 2736 aspide
1151 2673 1318 2729 surda
1369 2676 1656 2735 deteriores
1708 2699 1955 2751 evasere;

381 2755 500 2810 ideo
553 2775 691 2827 quas,
723 2761 852 2831 ipsis
894 2774 1140 2818 eventura
1185 2777 1306 2821 sunt
1352 2769 1551 2826 audite.
1586 2770 1850 2831 Similiter
1888 2778 1957 2832 de

381 2844 624 2905 Hebraeis
654 2867 844 2921 agens,
877 2856 1073 2923 psalmi
1106 2870 1291 2912 Lxxvu
1325 2860 1391 2914 ad
1424 2861 1571 2915 hunc
1612 2880 1851 2931 versum,
1885 2868 1955 2924 Et

373 2940 530 2995 obliti
560 2952 681 2995 sunt
711 2942 1099 3011 benefactorum
1128 2948 1262 3017 ejus,
1300 2950 1372 3004 ita
1407 2952 1650 3024 loquitur
1682 2975 1695 3011 :
1728 2958 1955 3016 Πάντων

376 3032 488 3107 γὰρ
517 3034 721 3087 τούτων
748 3033 918 3106 λήθην
945 3039 1320 3109 πεποιημένοι,
1342 3044 1450 3099 τῶν
1482 3047 1619 3120 πρὸς
1640 3050 1763 3113 τοὺς
1790 3051 1954 3107 πατέ-

2091 590 2109 622 ι
2159 574 2391 645 conﬁsus
2445 593 2592 631 eram
2636 595 2654 631 :
2708 597 2728 630 ι
2764 581 3185 652 quandoquidem
3238 584 3407 654 ipsum
3443 587 3660 654 paribus

2085 659 2239 733 atque
2263 673 2476 719 ca’teros
2511 666 2779 734 apostolos
2819 667 2973 724 donis
3027 671 3296 738 aﬁ'ecerat.
3349 671 3687 744 Conﬁdebatl

406 745 498 799 ille
525 763 580 800 se
607 758 823 815 peccato
866 749 1083 814 dedidit,
1120 752 1199 804 ita
1234 761 1291 805 ut
1320 753 1477 808 verba
1506 756 1614 810 oris
1642 755 1756 824 ejus
1786 758 1985 827 iniqui-
2083 764 2256 808 autem
2287 757 2334 809 ei
2365 755 2632 823 Salvator,
2662 767 2713 813 et
2759 758 2951 815 bonam
2988 761 3052 816 de
3093 764 3206 833 ipso
3237 780 3379 833 spem
3410 764 3686 834 habebat,’

2081 846 2204 915 quia
2225 846 2279 900 in
2303 864 2363 902 eo
2390 846 2613 903 liberum
2639 851 2921 905 arbitrium
2939 862 3093 908 esset.
3124 851 3302 926 Neque
3329 856 3465 909 enim
3483 854 3656 912 ludas

2079 952 2144 991 ea:
2173 937 2480 1008 hujusmodi
2517 954 2711 997 natura
2744 954 2882 1008 erat,
2915 961 3032 1014 qute
3066 962 3169 999 non
3213 955 3387 1016 posset
3428 948 3655 1001 salutem

2079 1033 2361 1101 consequi;
2393 1034 2483 1087 sed
2524 1044 2753 1103 poterat,
2788 1037 2835 1090 si
2863 1036 3074 1107 quidem
3101 1037 3366 1104 voluisset,
3392 1049 3450 1092 ut
3478 1049 3527 1092 et
3551 1056 3656 1092 ca:-

2081 1119 2177 1173 teri
2201 1122 2449 1187 apostoli,
2478 1139 2511 1175 a
2529 1122 2672 1177 Filio
2708 1123 2805 1179 Dei
2836 1125 3056 1189 erudiri,
3081 1142 3143 1179 ac
3171 1125 3332 1180 bonus
3362 1125 3653 1199 probusque

2077 1214 2365 1282 discipulus
2398 1215 2546 1285 eﬂici.
2593 1214 2748 1272 Unde
2788 1217 2965 1286 palam
2994 1224 3079 1273 est
3104 1234 3226 1273 eum
3261 1219 3487 1290 gratiam
3526 1237 3654 1279 ver-

2077 1305 2311 1369 satilem,
2343 1306 2410 1361 ad
2446 1308 2787 1373 utrumlibet,
2823 1309 2938 1364 sive
2964 1310 3162 1365 bonum
3199 1310 3313 1367 sive
3341 1313 3649 1389 malumin-

2074 1394 2432 1463 diﬂerentem,
2464 1398 2520 1451 in
2563 1401 2816 1455 omnibus
2858 1415 3085 1470 prorsus
3116 1400 3447 1469 hominibus,
3478 1402 3646 1460 etiam

2076 1487 2259 1558 impiis
2290 1497 2345 1543 et
2381 1492 2780 1561 peccatoribus,
2805 1493 3177 1549 constituisse.

2213 1594 2298 1649 Vl.
2343 1596 2407 1647 Et
2426 1598 2906 1660 pradestinationem
2927 1608 3037 1665 post
3059 1601 3262 1665 praevisa
3293 1604 3487 1654 merita.

2140 1696 2252 1754 Nec
2284 1700 2465 1756 minus
2488 1712 2674 1773 aperte
2709 1704 3236 1774 praedestinationem
3270 1715 3392 1778 post
3412 1710 3638 1777 praevisa

2072 1791 2266 1843 merita
2296 1790 2454 1846 docet
2489 1795 2556 1848 ad
2584 1795 2777 1864 psalm.
2813 1811 2922 1861 Lvt,
2956 1798 3048 1852 ubi
3077 1798 3217 1853 hanc
3238 1797 3389 1853 Pauli
3417 1808 3639 1856 senten-

2084 1875 2210 1930 tiam
2232 1878 2528 1947 explicans,
2558 1881 2699 1936 Nam
2719 1901 2844 1954 quos
2867 1890 3149 1955 prwscivit,
3174 1900 3223 1944 et
3242 1893 3634 1961 prwdestinavit

2080 1966 2260 2037 (Rom.
2280 1987 2394 2036 vm,
2408 1973 2521 2045 29),
2535 1984 2664 2038 etc.,
2681 1977 2755 2031 ait
2774 1995 2787 2030 :
2806 1978 3122 2054 Ὠσπερόὖν
3135 1982 3353 2049 τούτους
3365 1988 3631 2057 προγνοὺς

2078 2060 2369 2132 μέλλοντας
2396 2066 2614 2139 ἀγαπᾷν
2646 2070 2805 2122 αὑτὸν
2839 2071 3349 2144 προιῦρισενόὖτως
3381 2079 3473 2131 καὶ
3504 2081 3633 2148 τοὺς

2072 2151 2304 2217 ἀσεϐεῖς,
2329 2155 2512 2226 ἐπειδὴ
2528 2159 2774 2228 προέγνω
2793 2162 3080 2230 μέλλοντας
3095 2162 3267 2216 λαλεῖν
3289 2165 3630 2237 δικαιοσύνην

2059 2241 2146 2297 διὰ
2165 2244 2225 2297 τὸ
2247 2245 2532 2313 γινώσκειν
2551 2248 2739 2320 αὐτὴν,
2767 2251 2826 2303 οὐ
2860 2252 2964 2322 μὴν
2998 2254 3092 2306 καὶ
3120 2255 3232 2314 τοῖς
3260 2251 3440 2322 ἔργοις
3465 2249 3632 2323 αὐτὴν

2063 2336 2570 2409 μετελευσομένους,
2592 2340 2680 2394 διὰ
2708 2341 2768 2394 τὸ
2795 2345 2916 2406 ταῖς
2950 2343 3137 2414 χερσὶν
3164 2343 3373 2396 ἀδικίαν
3396 2341 3632 2413 συμπλέ-

2059 2442 2195 2490 κειν,
2230 2427 2420 2481 τούτου
2445 2430 2601 2501 χάριν
2643 2432 3080 2504 ἀπηλλοτρίωσεν
3124 2433 3231 2486 ἀπὸ
3272 2435 3502 2504 μήτρας,
3537 2436 3630 2489 καὶ

2059 2515 2116 2567 ἐν
2144 2513 2513 2587 πλανωμένοις
2533 2520 2626 2572 καὶ
2648 2518 2865 2574 λαλοῦσι
2902 2521 3068 2593 ψευδῆ
3106 2523 3234 2594 παρ’
3274 2521 3449 2594 ἑαυτῷ
3501 2541 3631 2577 κατ-

2054 2604 2327 2677 ηρίθμησε
2354 2608 2481 2681 πρὶν
2501 2610 2768 2679 γενέσθαι,
2799 2611 3140 2685 συνεχώρησὲ
3170 2630 3253 2678 τε,
3271 2614 3423 2677 εἰδὼς
3438 2615 3628 2680 αὐτοὺς

2054 2693 2323 2760 τοιούτους
2340 2698 2647 2768 ἐσομένους,
2675 2702 2755 2766 εἰς
2778 2703 3010 2773 φανερὸν
3027 2703 3218 2764 ἐλθεῖν.
3242 2705 3317 2770 ὡς
3345 2706 3410 2759 ἂν
3432 2707 3492 2759 τὸ
3516 2706 3629 2761 διά-

2057 2802 2220 2857 φορον
2245 2788 2353 2842 τῶν
2380 2789 2602 2844 δικαίων
2635 2793 2728 2846 καὶ
2758 2793 3021 2847 θεοσεϐὦν
3050 2795 3260 2867 ἀνδρῶν
3300 2798 3365 2849 ὲκ
3393 2798 3490 2869 τῆς
3513 2797 3622 2851 τῶν

2054 2878 2307 2948 χειρόνων
2345 2880 2698 2951 παραθέσεως
2744 2883 3118 2955 διαλάμψειεν.
3149 2887 3293 2950 Μιᾶς
3337 2888 3442 2959 γὰρ
3472 2888 3624 2954 ὄντες

2052 2967 2264 3037 φύσεως
2294 2973 2342 3023 οἱ
2377 2972 2596 3034 πάντες,
2630 2973 2680 3025 οἱ
2716 2973 2816 3043 μὲν
2843 2975 3061 3040 ἑκόντες
3093 2976 3306 3031 εἵλαντο
3337 2978 3407 3032 τὰ
3440 2979 3622 3051 κρείτ-

2048 3075 2145 3124 τω,
2165 3061 2214 3115 οἱ
2232 3060 2288 3115 δὲ
2304 3061 2401 3133 τὴν
2422 3063 2662 3117 ὲναντίαν
2690 3063 2946 3129 ὥδευσαν,
2965 3067 3289 3140 αὑτεξουσίῳ
3310 3072 3623 3143 προαιρέσει

378 3139 485 3195 ρας
526 3124 707 3179 αὐτῶν
763 3125 1241 3199 ὲπιδεδειγμένων,
1277 3133 1414 3188 ὅπλα
1461 3138 1660 3208 ἤραντο
1688 3141 1827 3195 κατὰ
1853 3143 1947 3198 τοῦ

378 3211 513 3250 “ea:
585 3214 643 3250 η’.
694 3214 1039 3250 Ωιινιλυκηέυ-ερ
1086 3217 1162 3250 ...τι
1206 3220 1352 3250 ul”...
1386 3224 1545 3250 ...ι-,π
1591 3229 1849 3250 _---.IA,n

2060 3124 2402 3224 χρησάμενοι.
2457 3153 2514 3209 Id
2543 3164 2625 3212 est
2654 3172 2668 3208 :
2706 3124 3155 3224 Quemadmodum
3193 3124 3499 3232 igitudcum
3532 3124 3620 3219 eos

374 3211 536 3279 Θεοῦ,
585 3214 643 3267 οὗ
692 3214 1039 3287 βουληθέντες
1086 3217 1162 3289 τῷ
1206 3220 1354 3293 νόμῳ
1383 3224 1546 3279 αὐτοῦ
1587 3229 1943 3300 πορεύεσθαιο

378 3303 560 3359 καίτοι
616 3306 702 3360 ἐπ’
737 3307 933 3372 αὐτοὺς
985 3310 1236 3379 κειμένου
1280 3314 1372 3368 τοῦ
1417 3315 1694 3384 δύνασθαι,
1729 3324 1948 3380 καὶτοῦ

378 3394 689 3466 βούλεσθαι,
720 3398 772 3453 id
796 3407 879 3454 est
916 3420 929 3455 :
963 3398 1105 3455 Nam
1134 3407 1366 3459 omnium
1395 3424 1574 3463 eorum
1620 3413 1791 3478 obliti,
1832 3433 1950 3488 qua:

373 3488 618 3556 patribus
669 3491 781 3544 suis
832 3500 1039 3547 ostensa
1094 3505 1238 3560 sunt,
1274 3514 1425 3552 arma
1475 3501 1705 3556 tulerunt
1765 3518 1949 3563 contra

374 3578 565 3646 Deum,
610 3596 727 3634 cum
773 3582 973 3638 nollent
1022 3586 1075 3639 in
1109 3588 1217 3657 lege
1255 3588 1368 3657 ejus
1420 3591 1715 3661 ambulare,
1738 3598 1950 3652 etiamsi

369 3685 525 3738 penes
555 3671 698 3741 ipsos
727 3683 860 3728 esset
887 3684 943 3728 ut
968 3688 1178 3746 possent
1204 3688 1254 3732 et
1286 3680 1492 3736 vellent.

372 3781 431 3833 ν.
457 3782 671 3835 Gratiam
694 3787 1044 3837 indill‘erentia:
1076 3791 1139 3899 ἐξ
1163 3793 1470 3901 utrumlibet,
1510 3783 1601 3846 seu
1640 3800 1942 3865 versatilem,

1141 3865 1195 3900 ce
1223 3890 1235 3901 .

1141 3865 1235 3901 cet.

447 3947 524 4002 Ne
557 3951 680 4018 quis
711 3964 840 4005 vero
867 3952 1121 4021 opinetur
1160 3965 1351 4025 putare
1383 3957 1696 4026 Eusebium,
1729 3977 1794 4018 ex
1826 3966 1943 4021 solo

372 4041 530 4097 liberi
576 4042 788 4096 arbitrii
845 4052 995 4099 motu
1045 4046 1340 4112 hominem.
1378 4067 1477 4106 nec
1509 4052 1679 4122 gratia
1721 4054 1938 4123 fultum,

368 4134 573 4190 bonum
631 4137 853 4207 perinde
904 4145 1066 4208 atque
1101 4142 1299 4197 malum
1348 4144 1500 4199 adire
1564 4161 1755 4214 posse;
1815 4148 1941 4205 huic

370 4229 669 4300 suspicioni
705 4230 948 4285 occurrit
981 4232 1071 4286 illc
1116 4232 1202 4287 his
1232 4234 1417 4291 verbis
1443 4254 1457 4290 :
1485 4237 1627 4303 Quos
1655 4242 1940 4309 prrescien-

369 4320 446 4374 tia
479 4337 579 4375 sua
612 4332 923 4390 pra'vertens
972 4322 1131 4386 Deus,
1160 4333 1440 4393 antequam
1474 4329 1527 4381 in
1567 4330 1732 4384 lucem
1758 4334 1940 4401 prodi-

368 4424 501 4473 rent.
533 4414 663 4469 tales
699 4414 909 4485 futuros
954 4431 1064 4470 esse
1097 4428 1339 4483 noverat;
1377 4419 1467 4473 sed
1497 4430 1669 4476 tamen
1699 4427 1938 4492 permisit

367 4513 426 4555 ut
457 4514 816 4569 nascerentur,
846 4506 1021 4574 gratia
1047 4522 1145 4558 sua
1188 4508 1313 4575 ipsis
1343 4525 1542 4580 quoque
1586 4527 1849 4576 concessa,
1878 4524 1936 4569 ut
1967 4526 2012 4581 1)

365 4595 547 4664 palam
569 4613 748 4650 eorum
778 4600 1102 4666 propositum
1128 4600 1403 4674 fieretn‘hv
1437 4606 1568 4676 παρ’
1588 4606 1751 4661 αὑτοῦ
1777 4610 1936 4680 χάριν

367 4687 462 4739 καὶ
519 4686 701 4749 αὐτοῖς
741 4686 1144 4759 δωρησάμενος,
1171 4695 1251 4755 εἰς
1283 4694 1342 4746 τὸ
1375 4698 1640 4767 φανεροὺς
1688 4700 1937 4767 γενέσθαι

365 4776 466 4848 τὴν
496 4776 831 4850 προαίρεσιν.
869 4779 1135 4851 Siquidem
1189 4794 1237 4838 et
1280 4786 1515 4839 ordinent
1541 4788 1806 4856 justorum
1855 4809 1940 4848 rev

366 4885 508 4923 ctam
561 4885 625 4924 ac
688 4872 902 4925 minime
923 4873 1183 4942 deﬂexam
1236 4876 1373 4929 viam
1426 4886 1610 4945 suapte
1650 4879 1915 4936 voluntate

365 4963 625 5017 initurum
668 4976 978 5032 pravertens
1018 4966 1160 5020 Deus
1212 4977 1447 5025 noverat.
1481 4968 1684 5023 Deinde
1730 4974 1937 5044 utrique

363 5053 542 5109 ordini
576 5053 799 5108 liberum
849 5056 1060 5110 arbitrii
1111 5065 1306 5109 motum
1368 5058 1594 5123 dimisit,
1643 5066 1926 5119 concedens

360 5155 420 5199 ut
472 5146 525 5199 in
556 5146 728 5200 stadio
775 5165 988 5203 cursum
1048 5151 1382 5219 conﬁcerent.
1439 5151 1517 5204 Ac
1568 5168 1684 5205 cum
1722 5159 1936 5210 univer-

363 5255 449 5292 sos
523 5247 718 5293 natura
775 5241 973 5295 similes
1056 5241 1432 5305 constituisset,
1516 5241 1780 5299 voluntate
1836 5263 1935 5301 sua

363 5350 609 5404 quemque
670 5334 891 5387 meliora
954 5332 1180 5400 deligere
1245 5333 1445 5399 pariter
1506 5339 1767 5403 permisit.
1830 5342 1925 5393 Illi

364 5442 503 5487 vero,
554 5435 736 5495 utpote
775 5425 864 5494 qui
911 5423 994 5476 sui
1040 5423 1277 5491 ipsorum
1311 5422 1531 5489 domini,
1565 5430 1648 5481 sui
1672 5430 1835 5498 juris,
1871 5449 1933 5485 ac

364 5518 513 5573 liberi
584 5515 762 5589 quoad
831 5524 1032 5569 motum
1093 5524 1299 5580 essent,
1358 5517 1620 5573 arbitratu
1667 5539 1760 5575 suo
1815 5522 1930 5576 dis-

351 5610 527 5678 juncti
586 5616 730 5670 sunt,
767 5605 890 5661 aliis
924 5616 1139 5672 rectam,
1182 5608 1447 5682 obliquam
1478 5613 1600 5668 aliis
1650 5617 1788 5670 viam
1842 5634 1931 5670 co-

359 5699 683 5767 optantibus.
708 5699 1121 5771 Parisententia
1141 5701 1208 5756 de
1228 5698 1365 5756 Iuda
1382 5704 1611 5774 loquens
1632 5706 1745 5761 haec
1769 5707 1929 5761 habet

357 5794 424 5847 ad
451 5793 645 5864 psalm.
677 5806 745 5844 ιι.
772 5790 1017 5859 :Sed,iin
1048 5808 1151 5864 quo
1173 5796 1376 5864 speravi
1387 5816 1435 5863 ,ι
1486 5797 1597 5863 ait;
1630 5798 1706 5854 vel
1743 5816 1925 5855 secun-

2050 3246 2419 3312 prwscivisset,
2442 3248 2531 3318 qui
2563 3251 2795 3303 amaturi
2844 3250 3014 3321 ipsum
3071 3263 3243 3319 erant,
3273 3257 3431 3311 etiam
3484 3272 3621 3325 prte-

2051 3334 2332 3391 destinavit
2381 3355 2503 3405 eos;
2546 3342 2623 3395 sic
2668 3351 2716 3396 et
2756 3343 2941 3411 impios
2974 3361 3091 3397 cum
3116 3346 3437 3415 pra’vidisset
3455 3348 3622 3418 justi-

2052 3427 2181 3480 tiam
2206 3428 2411 3499 quidem
2438 3431 2725 3497 locuturos,
2760 3443 2937 3503 utpote
2965 3436 3054 3503 qui
3082 3447 3291 3490 nossent
3312 3436 3493 3503 illam,
3527 3438 3617 3494 sed

2049 3518 2217 3587 ipsam
2249 3529 2420 3575 tamen
2461 3537 2563 3574 non
2597 3523 2839 3591 operibus
2879 3523 3119 3580 adituros
3153 3544 3286 3587 esse.
3326 3529 3446 3598 quia
3476 3529 3619 3601 inju-

2048 3612 2251 3665 stitiam
2299 3612 2544 3667 manibus
2584 3616 2953 3684 complicaturi
2996 3626 3177 3683 erant;
3222 3619 3332 3674 ideo
3368 3622 3617 3677 alienavit

2046 3718 2132 3756 eos
2168 3719 2200 3756 a
2229 3702 2402 3767 vulva,
2435 3711 2505 3765 et,
2534 3704 2610 3758 vel
2643 3720 2921 3775 antequam
2949 3707 3151 3776 ﬁerent,
3180 3710 3233 3763 in
3259 3716 3545 3769 errantium
3565 3725 3613 3769 et

2046 3792 2323 3847 mendacia
2370 3794 2691 3865 loquentium
2730 3814 2943 3853 numero
2989 3800 3126 3868 apud
3156 3819 3210 3856 se
3248 3809 3611 3872 computavit:

2044 3887 2379 3957 permisitque
2409 3896 2601 3949 tamen,
2634 3891 2735 3944 etsi
2794 3892 2922 3945 tales
2950 3892 3157 3961 futuros
3185 3910 3295 3948 esse
3327 3906 3519 3958 nosset,
3551 3903 3610 3950 ut

2042 3980 2221 4051 palam
2251 3982 2539 4051 prodirent,
2573 4000 2675 4054 quo
2706 3986 3019 4053 prtestantia
3033 3986 3303 4054 justorum
3324 3996 3372 4041 et
3396 3988 3609 4058 religio-

2046 4090 2225 4128 sarum
2266 4076 2537 4131 hominum
2566 4093 2630 4131 ea:
2669 4078 2906 4147 pejornm
2948 4081 3337 4146 comparatione
3366 4079 3607 4137 eluceret.

2045 4163 2187 4220 Nam
2230 4184 2347 4222 cum
2394 4184 2458 4223 ea:
2491 4185 2597 4223 una
2632 4186 2808 4224 omnes
2858 4181 3053 4224 natura
3092 4179 3410 4231 constarent,
3450 4171 3609 4227 libero

2041 4259 2125 4313 usi
2174 4261 2415 4324 arbitrio,
2453 4260 2549 4314 alii
2608 4261 2815 4331 quidem
2867 4272 3047 4334 sponte
3098 4258 3286 4316 bonum
3325 4264 3606 4333 elegerunt,

2042 4349 2137 4403 alii
2162 4353 2485 4405 contrariam
2516 4351 2675 4405 iniere
2703 4353 2861 4408 viant.
2888 4352 3019 4419 Quae
3048 4354 3230 4407 omnia
3278 4354 3351 4407 ita
3394 4356 3606 4426 perspi-

2040 4454 2142 4496 cue
2170 4443 2546 4507 enuntiantur,
2573 4450 2631 4496 ut
2651 4442 2859 4513 OEdipo
2891 4460 3000 4499 non
3026 4454 3238 4516 egeant.

2649 4571 2879 4630 CAPUT
2920 4576 3007 4633 Vl.

2144 4700 2351 4740 ευδειιιι
2407 4702 2473 4740 DE
2513 4701 2685 4756 VERBQ
2722 4703 2789 4742 ΕΤ
2827 4703 2975 4743 Πιιο
3022 4704 3110 4743 DEI
3151 4705 3467 4747 SENTENTIA.

2040 4816 2091 4873 I.
2135 4816 2309 4893 Varia:
2342 4820 2482 4893 circa
2501 4819 2737 4893 _Eusebii
2773 4819 2835 4893 de
2869 4820 3009 4875 Filio
3041 4821 3135 4893 Dei
3159 4822 3449 4877 doctrinam
3480 4827 3595 4893 opi-

2107 4888 2310 4943 niones.
2361 4888 2444 4945 ΙΙ.
2492 4890 2748 4945 Eusebius
2792 4891 2941 4943 docet
2990 4890 3243 4945 unitatem
3292 4888 3597 4948 deitatis'in

2104 4974 2209 5032 uno
2254 4958 2416 5032 Patre
2461 4962 2697 5032 servari:
2732 4959 2847 5016 IlI.
2899 4959 3094 5015 Filium
3130 4962 3294 5032 longe
3343 4967 3597 5018 minorem

2106 5026 2287 5102 Patre.
2324 5028 2427 5102 I_V.
2465 5031 2696 5085 Diverstv
2726 5031 3054 5085 substantite.
3104 5031 3161 5087 V.
3198 5026 3462 5102 Interpres
3488 5034 3595 5086 La-

2108 5100 2303 5172 tinus}
2335 5100 2810 5172 Demonstrationis
2838 5103 3141 5172 evangelica:
3178 5122 3194 5154 ι
3225 5102 3287 5157 de
3328 5100 3594 5172 industria

2106 5167 2389 5222 Eusebium
2420 5172 2487 5223 ad
2527 5170 2838 5224 catholicam
2865 5167 3167 5225 sententiam
3199 5173 3437 5227 detorsit.
3496 5170 3589 5227 VI.

2104 5239 2361 5294 Eusebius
2399 5239 2529 5293 Filii
2559 5240 2805 5293 deitatem
2846 5242 3002 5295 aliam
3043 5245 3231 5296 statuit
3272 5261 3304 5295 α
3347 5253 3587 5307 paterna.

2113 5308 2241 5365 VII.
2299 5308 2527 5364 Grandis
2562 5312 3212 5379 paralogismusEusebii.
3260 5312 3423 5365 VIII.
3473 5310 3592 5366 Non

2100 5380 2315 5433 obscure
2341 5380 2489 5433 docet
2520 5379 2566 5433 F
2570 5381 2716 5433 ilium
2740 5399 2839 5435 non
2859 5399 2968 5437 esse
2990 5400 3102 5436 vere
3127 5382 3315 5437 Deum.
3347 5381 3450 5437 IX.
3478 5381 3591 5445 Quo

2101 5467 2255 5504 sensu
2290 5448 2490 5503 Filium
2536 5452 2694 5504 Deum
2724 5468 2833 5505 esse
2863 5451 3024 5506 dicat.
3169 5452 3338 5517 Quam
3370 5452 3590 5506 adversa

2105 5521 2299 5573 rationi
2349 5530 2397 5574 et
2448 5522 2736 5582 priscorum
2794 5522 3018 5576 Patrum
3070 5524 3338 5577 sententia:
3388 5526 3586 5576 tradat.

2101 5589 2204 5644 XI.
2235 5589 2368 5661 Cum
2398 5591 2611 5645 Arianis
2643 5593 2795 5661 plane
2834 5594 3107 5647 consentit.
3138 5590 3273 5645 XII.
3314 5591 3432 5657 Qua
3472 5608 3594 5646 ειη-δ

2100 5660 2632 5744 ιειιιὶςγτιξιρμιουσίῳ,
2657 5664 2762 5718 sive
2784 5662 3239 5744 consubstantiali,
3265 5661 3589 5744 subscripse-

2099 5733 2186 5785 rit.
2228 5729 2549 5801 [111.0210
2585 5729 2743 5787 sensu
2781 5735 2840 5801 ὲξ
2864 5736 2963 5788 οὐκ
2987 5734 3153 5787 ὄντων
3182 5740 3343 5800 neget,
3368 5741 3418 5786 et
3443 5729 3587 5800 geni—

2098 5813 2206 5855 tum
2251 5800 2448 5857 Filium
2477 5805 2644 5860 dicat.
2698 5802 2857 5865 XIV.
2888 5802 3085 5858 Filium
3127 5810 3275 5875 negat
3314 5812 3585 5859 teternum.

4039 3733 4042 3889 ι
