4042 6210
462 346 530 402 29
1233 338 1735 396 COMMENTARIA
1773 337 1836 393 IN
1876 335 2221 393 PSALMOS.
2262 367 2333 378 —
2368 335 2920 393 PBELIMINARIA.
3622 338 3698 392 30

520 460 645 515 XV.
668 458 890 514 Summa
905 457 1155 511 doctrinae
1172 454 1404 511 Eusebii.
1433 454 1485 510 Χ
1499 452 1766 527 V1.1Egre
1790 453 2027 527 defendi-
2055 460 2100 515 Α
2128 463 2355 525 occupat
2404 453 2692 520 Eusebius,
2741 454 2872 509 dum
2927 453 3003 508 ait
3026 472 3041 488 ι
3061 454 3127 507 ad
3177 453 3442 521 psalmum
3491 453 3698 526 Asaphi

512 528 677 587 tur.X
692 528 866 586 HLA
877 529 1083 582 rianum
1109 528 1327 596 probant
1342 538 1453 581 tam
1475 537 1621 599 gesta
1644 526 1797 597 quam
1809 526 2022 594 scripta.

468 640 489 692 Ι
533 642 693 691 Varia
711 639 835 691 circa
859 638 1058 689 Eusebii
1082 638 1146 688 de
1169 636 1298 688 Filio
1322 638 1416 688 Dei
1450 636 1719 687 doctrinam
1752 636 2023 698 opiniones.

543 724 754 781 Iamdiu
783 725 924 779 inter
966 723 1157 778 doctos
1197 723 1560 792 disceptatum
1606 730 1711 785 est,
1737 737 1855 793 quae
1898 735 2027 775 vera

481 818 642 875 fuerit
662 817 869 872 Eusebii
902 816 1260 887 Caesariensis
1284 817 1351 871 de
1393 814 1532 871 Filio
1564 816 1660 872 Dei
1689 817 1900 886 op‘nio;
1934 816 2027 870 alii

480 911 621 967 enim
657 909 917 964 catholice
961 910 1207 964 sensisse
1258 908 1580 972 defendunt,
1608 925 1711 965 nec
1751 908 2027 979 quidpiam

482 1001 680 1056 Arianae
708 1002 844 1055 labis
869 1001 926 1056 in
956 1001 1181 1071 scriptis
1224 1001 1346 1071 ejus
1379 1000 1713 1071 deprehendi
1754 1008 2024 1071 pugnant;

478 1093 555 1149 vel
582 1093 626 1148 si
660 1093 791 1164 quid
824 1093 1287 1165 deprehendatur,
1316 1094 1369 1147 in
1403 1094 1471 1148 iis
1507 1102 1656 1149 certe
1685 1094 1898 1162 scriptis
1928 1093 2028 1148 ob—

471 1185 691 1250 servari,
718 1202 840 1257 qua:
864 1196 990 1243 ante
1014 1184 1287 1241 Nicaznam
1317 1186 1586 1257 synodum
1615 1186 1806 1252 edidit;
1843 1185 1897 1240 in
1931 1200 2027 1256 po-

466 1276 790 1334 sterioribus
835 1293 946 1333 non
994 1278 1124 1333 item
1164 1297 1177 1332 :
1237 1278 1330 1331 alii
1376 1286 1571 1333 contra
1623 1278 1693 1333 ab
1732 1277 2026 1333 Arianismi

463 1374 679 1431 exortu,
713 1368 783 1423 ad
814 1368 1024 1423 obitum
1058 1384 1240 1433 suum,
1274 1369 1410 1425 adeo
1443 1368 1756 1424 manifestas
1784 1383 1906 1423 cum
1934 1384 2028 1440 ge-

465 1458 564 1516 stis
589 1468 709 1515 tum
736 1460 956 1531 scriptis
985 1461 1102 1516 suis
1126 1460 1345 1517 dedisse
1370 1453 1709 1515 contendunt
1731 1460 2025 1516 Arianismi

462 1562 643 1618 notas,
700 1558 759 1607 ut
795 1552 1180 1609 incunctanter
1223 1554 1366 1609 inter
1408 1553 1728 1608 Arianorum
1778 1553 2026 1624 primipi-

464 1644 608 1702 lares
621 1644 1130 1701 connumerandum
1158 1653 1437 1701 censeant.
1455 1644 1722 1713 Talemne,
1749 1644 2023 1715 inquiunt,

463 1735 764 1800 hominem,
798 1736 894 1807 qui
941 1752 1157 1807 semper
1199 1736 1457 1807 augenda
1490 1738 1752 1792 Arianica:
1790 1737 1871 1791 rei
1914 1744 2024 1791 tam

2126 546 2398 603 decimum
2431 562 2445 599 :
2479 548 2595 600 Ἵνα
2630 548 2703 618 μή
2744 562 2831 610 τις
2849 547 3009 600 αὐτὸν
3044 546 3197 618 ψιλὸν
3230 544 3487 600 ὑπολάϐοι
3528 546 3700 618 ἄνδρα

2126 640 2221 693 καὶ
2246 642 2361 704 τοῖς
2388 638 2600 703 πολλοῖς
2631 640 2833 709 ὅμοιον,
2862 637 3102 705 θεολογεῖ
3126 639 3287 691 αὐτὸν
3323 639 3379 691 ὲν
3418 640 3529 702 τοῖς
3560 637 3701 709 μετά

2124 733 2329 801 χεῖρας,
2361 732 2539 801 φήσας
2559 747 2574 761 ο
2614 730 2669 781 ’0
2704 729 2848 795 Θεὸς
2887 729 3036 796 ἔστη
3064 730 3133 782 ἐν
3177 727 3496 799 συναγωγῇ
3526 726 3699 783 θεῶν.

2127 821 2237 874 Καὶ
2271 821 2417 882 ὅπως
2451 818 2525 891 μὴ
2555 817 2852 890 ταραχθείη
2882 835 2967 881 τις
3003 820 3084 881 εἰς
3122 817 3213 872 τὸν
3246 819 3372 891 περὶ
3403 818 3701 889 μοναρχίας

2126 913 2304 982 λόγον,
2330 912 2460 967 Θεὸν
2505 911 2717 966 ἀκούων
2746 911 2836 964 τὸν
2877 911 3110 982 Χριστὸν
3148 911 3242 964 τοῦ
3274 911 3431 976 Θεοῦ,
3475 911 3699 976 εἰκότως

2126 1007 2220 1059 καὶ
2252 1005 2502 1069 πλείονας
2525 1005 2679 1067 θεοὺς
2706 1003 2957 1073 ὀνομάζει
2982 1005 3107 1067 τοὺς
3132 1003 3220 1057 διὰ
3246 1004 3355 1057 τῶν
3386 1003 3513 1076 ἑξῆς
3568 1020 3700 1058 κατ·

2127 1098 2550 1170 ηγορουμένους,
2607 1096 2885 1167 μονονουχὶ
2920 1096 3421 1167 παρακελευόμενος
3473 1096 3546 1168 μὴ
3590 1096 3700 1149 ἀπ-

2125 1193 2305 1245 οκνεῖν
2330 1190 2535 1243 καὶτὸν
2568 1190 2698 1243 Υῐὸν
2727 1189 2819 1243 τοῦ
2847 1188 2980 1242 Θεοῦ
3003 1187 3133 1242 Θεὸν
3158 1188 3473 1243 ἀποκαλεῖν.
3502 1189 3567 1241 Ei
3590 1186 3700 1261 γὰρ

2124 1286 2175 1337 οἱ
2205 1281 2608 1354 διαϐαλλόμενοι
2651 1280 2745 1335 τοῦ
2794 1281 2979 1345 ἔθνους
3011 1281 3266 1352 ἄρχοντες
3309 1278 3421 1332 θεοὶ
3462 1277 3698 1351 ἠξιώθη-

2127 1392 2225 1429 σαν
2256 1374 2642 1445 όνομασθῆναι,
2677 1377 2827 1437 ποῖος
2855 1372 2922 1427 ἂν
2961 1372 3172 1442 γένοιτο
3203 1370 3441 1436 κίνδυνος
3483 1371 3574 1425 τὸν
3608 1372 3697 1426 ἀν-

2123 1468 2224 1539 δρα
2258 1467 2358 1537 τῆς
2381 1466 2562 1533 δεξιᾶς
2587 1464 2679 1519 τοῦ
2717 1464 2853 1519 Θεοῦ
2884 1465 2979 1519 καὶ
3010 1463 3102 1517 τὸν
3133 1464 3259 1517 Υἱὸν
3289 1464 3383 1518 τοῦ
3411 1462 3698 1534 ἀνθρώπου

2122 1557 2213 1611 τὸν
2259 1554 2732 1627 κεκραταιωμένον
2772 1555 2906 1609 Θεὸν
2950 1556 3232 1627 ὁμολογεῖν
3268 1573 3283 1622 ;
3344 1555 3397 1610 id
3444 1562 3527 1610 est
3560 1574 3574 1609 :
3613 1552 3697 1610 Nc

2123 1651 2240 1721 quis
2273 1651 2444 1717 ipsum
2476 1666 2678 1703 merum
2707 1648 2987 1712 hominem,
3011 1657 3059 1701 et
3091 1648 3273 1702 multis
3300 1647 3424 1702 aliis
3451 1647 3697 1709 similem,

2126 1744 2497 1807 arbitraretur,
2538 1742 2711 1811 ipsum
2743 1740 2827 1794 hic
2871 1740 3039 1795 Deum
3081 1740 3340 1810 prwdicat
3382 1739 3464 1794 Itis
3495 1738 3698 1794 verbis:

463 1829 667 1884 acriter
691 1828 1050 1892 adlaboravit,
1096 1829 1191 1899 qui
1232 1828 1521 1884 diuturnas
1558 1844 1683 1884 cum
1712 1828 1930 1883 Arionis
1958 1828 2025 1882 ad
2056 1820 2099 1875 Β
2132 1855 2152 1888 ε
2204 1836 2346 1891 Deus
2391 1836 2533 1890 stetit
2565 1836 2619 1889 in
2646 1851 2914 1905 synagoga
2955 1834 3194 1887 deorum.
3226 1853 3245 1885 ι
3294 1833 3370 1886 Ac
3399 1849 3463 1887 ne
3489 1833 3607 1902 quis
3636 1832 3699 1886 ob

463 1919 864 1976 restituendum
895 1920 1084 1975 Arium
1129 1922 1387 1979 excubias
1414 1924 1549 1993 egit,
1582 1923 1676 1994 qui
1699 1923 2027 1993 capitalibus

467 2011 613 2067 odiis
643 2012 923 2069 catholicae
964 2014 1041 2068 rei
1069 2030 1322 2083 proceres
1350 2016 1571 2072 assidue
1603 2018 1906 2088 exagitavit,
1934 2034 2028 2074 ca-

467 2102 729 2159 tholicum
763 2108 1126 2163 censeamus?
1157 2106 1297 2163 Hinc
1338 2109 1387 2164 si
1432 2110 1651 2179 scriptis
1688 2110 1806 2179 ejus
1852 2117 2028 2166 atten-

465 2195 588 2259 das,
620 2195 794 2263 aiunt,
827 2197 996 2266 probe
1025 2212 1149 2252 cum
1179 2198 1348 2268 gestis
1393 2213 1693 2255 consonare
1726 2199 2027 2269 deprehen-

463 2288 600 2343 des:
638 2302 768 2342 nam
791 2289 886 2373 qui
920 2288 1115 2343 Filium
1146 2290 1350 2359 passim
1383 2291 1647 2346 minorem
1675 2289 1851 2355 Patre,
1892 2292 2027 2347 alte-

461 2396 584 2437 rum
612 2380 782 2437 Deum
802 2374 1142 2449 inferiorem,
1170 2399 1235 2439 ac
1262 2383 1574 2440 ministrum
1605 2399 1791 2455 pirum
1817 2385 1912 2449 ait,
1933 2385 2026 2456 qui

461 2474 775 2531 catholicus
804 2474 1104 2530 habeatur?
1132 2474 1246 2547 Ego
1276 2491 1407 2532 vero
1442 2477 1511 2533 iis
1539 2477 1631 2548 qui
1666 2477 2024 2532 orthodoxum

461 2562 760 2620 Eusebium
797 2574 1026 2624 censent
1073 2566 1141 2621 ad
1189 2568 1325 2621 tanti
1353 2569 1456 2622 viri
1494 2569 1859 2639 purgationem
1895 2569 2031 2624 asti-

459 2658 635 2729 pulari
686 2666 1050 2729 peroptarem,
1084 2657 1130 2712 si
1178 2673 1276 2730 per
1306 2659 1428 2729 ejus
1482 2661 1678 2731 scripti
1721 2660 1941 2726 liceret;
1970 2668 2027 2715 at

461 2766 625 2808 secus
652 2751 884 2807 suadent
912 2765 1036 2806 cum
1072 2758 1269 2805 czetera
1298 2750 1417 2821 ejus
1440 2766 1626 2822 opera,
1654 2762 1760 2807 tum
1792 2752 2026 2808 maxime

461 2842 518 2897 hi
554 2842 958 2903 commentarii,
988 2841 1083 2897 ubi
1108 2841 1481 2899 Arianismum
1509 2850 1686 2915 aperte
1717 2842 2021 2914 profitetur.

463 2932 583 2988 Non
611 2950 679 2989 ex
722 2935 905 3005 aliqua
942 2933 1108 3004 igitur
1140 2936 1493 3006 praeiudicata
1523 2936 1769 3007 opinione
1806 2934 1873 2989 ad
1902 2949 2024 2990 eam

466 3027 793 3083 sententiam
834 3028 1179 3084 accedimus:
1228 3028 1431 3084 nedum
1477 3029 1621 3085 enim
1658 3043 1799 3100 aegre
1830 3029 2020 3093 feram,

470 3134 815 3187 summopere
847 3120 1113 3188 gaudebo,
1146 3121 1190 3175 si
1223 3121 1347 3192 quis
1383 3122 1451 3175 ab
1480 3137 1545 3176 eo
1586 3137 1687 3175 non
1718 3120 1881 3177 modo
1907 3122 2023 3175 cul-

469 3224 618 3281 pam,
657 3210 749 3265 sed
781 3210 944 3265 etiam
979 3211 1368 3279 suspicionem.
1400 3212 1663 3268 dimovere
1695 3214 1901 3283 possit:
1935 3213 2023 3268 id-

468 3316 576 3372 que
603 3301 732 3355 mihi
762 3316 866 3355 non
898 3301 1080 3356 minus
1105 3317 1169 3357 ex
1196 3302 1495 3367 voluntate,
1518 3319 1667 3373 quam
1690 3317 1883 3374 praeter
1906 3306 2023 3376 opi-

465 3394 684 3449 nionem
711 3392 887 3448 cadet.
930 3391 1138 3448 Vereor
1166 3395 1310 3449 enim
1353 3402 1411 3449 ut
1443 3396 1535 3466 qui
1566 3396 1882 3451 euholicum
1914 3397 2020 3452 Eu-

466 3486 679 3541 sebium
723 3484 1014 3554 ailirmant,
1050 3495 1258 3543 tantam
1292 3489 1347 3543 in
1378 3487 1655 3545 adversun
1685 3504 1807 3543 mox
1842 3490 2024 3560 profe-

466 3580 694 3635 rendam
736 3580 977 3635 locorum
1010 3583 1203 3636 siivam
1250 3597 1612 3653 concoquere,
1630 3590 1684 3637 et
1714 3581 1781 3635 ad
1810 3583 2024 3639 sincera

468 3671 722 3742 dogmata
781 3673 1110 3745 detorquere
1172 3675 1404 3729 valeant.
1461 3675 1666 3730 Euselii
1726 3675 1909 3745 itaque
1956 3675 2024 3732 de

466 3762 645 3820 Verbo
683 3773 732 3821 et
767 3764 902 3822 Filio
930 3766 1022 3823 Dei
1055 3768 1380 3822 sententiam
1426 3768 1481 3822 in
1528 3778 1664 3823 certa
1687 3768 1860 3838 capita
1910 3769 2023 3824 dis-

465 3856 718 3918 tinctam.
777 3867 886 3911 tam
930 3873 997 3913 ex
1027 3858 1113 3914 his
1147 3859 1580 3924 commentariis,
1600 3874 1766 3930 quam
1800 3875 1867 3914 ex
1900 3860 2023 3917 aliis

461 3945 584 4015 ejus
610 3946 850 4014 scriptis,
880 3948 1226 4018 maximeque
1272 3964 1338 4003 ex
1363 3950 1647 4020 evangelha
1677 3949 2025 4006 Demonstra-

464 4036 626 4103 tione,
650 4042 705 4091 ct
726 4051 789 4090 ex
822 4036 977 4092 libris
1007 4034 1207 4092 Contra
1235 4036 1547 4092 Marcellum
1570 4041 1612 4093 il
1644 4039 1876 4094 medium
1903 4040 2027 4095 aﬂ‘e—

462 4143 685 4185 remus:
720 4143 948 4199 eamque
993 4131 1320 4187 sententiam
1353 4132 1752 4202 amplectamur,
1792 4147 1914 4204 quae
1955 4134 2023 4189 ab

462 4224 581 4295 ipsa
608 4224 685 4278 rei
710 4226 939 4279 veritate
959 4231 1012 4279 et
1043 4226 1429 4295 perspicuitate
1449 4225 1774 4281 suaibbitur.

459 4333 525 4385 Il.
548 4334 794 4385 Eusebius
813 4336 961 4386 docet
983 4338 1221 4387 unitatem
1244 4338 1337 4388 Dei
1374 4341 1423 4389 in
1449 4352 1549 4389 uno
1572 4339 1707 4389 Patre
1736 4343 1937 4391 servari.
1961 4370 2024 4381 --

736 4416 824 4468 lli.
862 4418 1042 4468 Filium
1064 4421 1211 4482 longe
1234 4419 1488 4471 minorem
1507 4424 1651 4474 Pari.

2128 1926 2470 1993 monarchiaa,
2505 1926 2612 1980 sire
2653 1927 2810 1979 unius
2856 1925 3121 1994 principii,
3155 1925 3409 1978 rationem
3461 1921 3697 1988 turbare.

2127 2025 2233 2083 tur,
2266 2014 2541 2071 Christum
2582 2014 2680 2069 Dei
2718 2014 2885 2069 Deum
2916 2033 3030 2071 esse
3072 2016 3332 2081 audiens;
3362 2023 3698 2086 congruenter

2125 2106 2209 2161 hic
2236 2106 2430 2161 multos
2469 2106 2593 2161 deos
2628 2109 2866 2161 nominat
2902 2124 3014 2171 eos,
3044 2110 3134 2178 qui
3174 2108 3269 2162 sub
3313 2107 3423 2162 ha'c
3462 2108 3694 2161 incusan-

2126 2207 2213 2252 tur
2237 2216 2255 2253 :
2287 2208 2492 2254 tantum
2522 2217 2625 2254 non
2652 2202 2959 2270 pi'trcipiens
2989 2211 3045 2254 ut
3081 2218 3143 2255 ne
3171 2208 3473 2255 cunctemur
3499 2197 3698 2253 Filium

2124 2308 2325 2362 quoque
2360 2291 2455 2346 Dei
2494 2291 2659 2346 Deum
2704 2310 2909 2348 vocare.
2950 2291 3011 2348 Si
3042 2294 3179 2347 enim
3219 2294 3384 2362 gentis
3416 2292 3698 2360 principes,

2123 2386 2213 2448 qui
2248 2383 2385 2439 male
2422 2384 2726 2449 audiebant,
2762 2386 2857 2442 Dei
2885 2386 3095 2441 nomine
3126 2384 3332 2456 dignati
3365 2390 3506 2449 sunt,
3536 2382 3697 2453 quod,

2121 2492 2320 2545 quwso,
2354 2477 2642 2544 periculum
2670 2478 2849 2547 fuerit,
2881 2480 2930 2533 si
2962 2478 3131 2532 virum
3164 2476 3390 2531 dextera:
3412 2475 3504 2530 Dei
3528 2483 3577 2527 et
3608 2473 3702 2529 Fi-

2126 2569 2253 2621 lium
2283 2569 2508 2622 hominis
2534 2572 2928 2640 conﬁrmatum,
2966 2572 3133 2626 Deum
3157 2571 3461 2640 fateamur?
3487 2567 3703 2624 Clarius

2125 2666 2301 2713 autem
2317 2662 2369 2713 in
2388 2661 2729 2731 expositione
2744 2663 2933 2731 psalmi
2962 2659 3441 2724 Lxxxvm,vers.7,
3464 2659 3698 2730 idipsum

2122 2751 2377 2821 exprimit
2429 2752 2515 2807 his
2565 2753 2781 2809 verbis:
2814 2756 2974 2806 Δοκεῖ
3020 2753 3077 2805 δέ
3130 2770 3218 2823 μοι
3250 2753 3279 2805 ὁ
3315 2753 3697 2823 Προφήτης...

2122 2840 2661 2913 ὑπερεκπλήττεσθαι
2694 2844 2786 2898 τὸν
2836 2845 3093 2898 ἐπέκεινα
3144 2844 3378 2904 πάντων,
3416 2843 3511 2895 καὶ
3562 2843 3702 2916 ὑπὲρ

2123 2934 2335 2998 πάντας
2370 2935 2462 2991 τὸν
2505 2936 2788 3008 Μονογενῆ
2818 2937 2911 2991 τοῦ
2945 2936 3082 2991 Θεοῦ
3103 2954 3116 2967 ο
3150 2933 3246 2990 εἶτ’
3275 2937 3339 2989 ὲκ
3361 2933 3453 2988 τοῦ
3488 2933 3702 3005 ῢαύμα-

2120 3045 2213 3092 τος
2247 3029 2734 3101 ἀναπεφωνηκέναι
2763 3030 2844 3096 τὸ,
2882 3032 3010 3087 Ὅτι
3033 3032 3125 3097 τίς
3153 3030 3222 3083 ἐν
3251 3027 3536 3098 νεφέλαις
3563 3029 3697 3082 late-

2124 3120 2370 3187 θήσεται
2420 3121 2839 3194 τῷχΚυρίιιυῆ
2889 3123 3031 3177 κατά
3085 3123 3176 3176 τὸν
3224 3119 3550 3193 Σύμμαχονο
3608 3120 3702 3186 Τίς

2126 3212 2235 3282 γὰρ
2267 3212 2338 3266 ἐν
2384 3212 2569 3281 αὶθέρι
2603 3213 3061 3282 ἀντιπαραθέσει
3107 3213 3186 3280 τῷ
3216 3213 3412 3282 Κυρίῳ
3454 3213 3523 3267 ἐν
3553 3211 3702 3277 υιοῖς

2128 3303 2308 3369 Θεοῦ;
2335 3303 2518 3357 Ταῦτα
2560 3303 2615 3357 δὲ
2647 3305 2772 3377 περὶ
2806 3306 2903 3375 μὲν
2944 3306 3036 3359 τοῦ
3072 3305 3412 3374 Μονογενοῦς
3448 3304 3542 3357 τοῦ
3568 3301 3703 3357 Θεοῦ

2124 3394 2388 3465 λεγόμενα
2422 3394 2582 3460 σώζοι
2616 3394 2681 3449 ἂν
2707 3396 2904 3467 εὐσεϐῆ
2936 3397 3034 3467 τὴν
3066 3397 3321 3457 διάνοιαν,
3355 3397 3416 3448 οὐ
3446 3395 3544 3466 μὲν
3574 3393 3703 3467 περὶ

2123 3487 2216 3540 τοῦ
2248 3488 2462 3559 Πατρὸς
2503 3487 2597 3540 καὶ
2625 3486 2761 3540 Θεοῦ
2790 3488 2897 3540 τῶν
2938 3487 3108 3540 ὅλων·
3143 3488 3410 3550 ἀνοίκειος
3456 3486 3565 3556 γὰρ
3607 3485 3703 3541 καὶ

2125 3580 2327 3653 ἀσεϐὴς
2363 3584 2396 3653 ἡ
2442 3580 2758 3653 παράθεσις.
2796 3579 2868 3632 Τὸ
2914 3578 3023 3649 γὰρ
3065 3580 3198 3642 υἱοῖς
3242 3577 3375 3630 Θεοῦ
3423 3578 3702 3647 παραϐάλ-

2124 3672 2236 3725 λειν
2276 3672 2336 3725 τὸ
2390 3672 2605 3725 πάντων
2650 3671 2845 3735 αἴτιον,
2895 3671 2988 3723 κα)⁸
3033 3669 3094 3723 τὸ
3144 3669 3450 3741 συγκρίνειν
3496 3669 3701 3741 ἑτέροις

2123 3763 2326 3835 τολμᾷν
2355 3763 2446 3816 τὸν
2478 3763 2734 3816 ἐπέκεινα
2778 3762 2886 3815 τῶν
2915 3761 3049 3816 ὅλων
3088 3760 3239 3825 Θεὸν,
3270 3759 3485 3813 πάντων
3510 3757 3576 3812 ἀν
3604 3758 3702 3828 γέ-

2123 3873 2266 3911 νοιτο
2292 3854 2668 3909 ἀνοσιώτατον.
2708 3853 3012 3917 Ἀκίνδυνος
3034 3853 3077 3906 δ’
3113 3853 3178 3907 ἂν
3208 3851 3293 3922 εἴη
3325 3854 3353 3905 ὁ
3384 3851 3537 3920 λόγος
3569 3852 3702 3915 υἱοῖς

2124 3945 2261 3999 Θεοῦ
2308 3946 2618 4018 συγκρίνειν
2658 3945 2786 3998 Υἱὸν
2814 3944 2950 3999 Θεοῦ
3000 3944 3282 4016 μονογενῆ,
3327 3943 3422 3997 καὶ
3460 3943 3518 3996 τὸ
3565 3943 3701 4014 πρὸς

2125 4038 2333 4103 πάντας
2392 4038 2724 4110 ἀσύγκριτον
2777 4036 2941 4091 αὐτοῦ
3000 4037 3093 4090 καὶ
3148 4035 3518 4107 ἀπαράθετον,
3579 4034 3700 4089 καθ’

2126 4128 2432 4200 ὑπερϐολήν
2457 4145 2517 4181 τε
2546 4127 2810 4198 ὑπερέχον
2847 4126 3159 4198 σημαίνειν.
3209 4125 3265 4179 Id
3303 4133 3388 4180 est
3425 4123 3702 4180 :Videtur—

2124 4237 2222 4293 que
2246 4221 2373 4275 mihi
2395 4217 2772 4290 Propheta.....
2807 4236 2925 4274 eum
2953 4221 3043 4289 qui
3071 4235 3248 4273 omnes
3277 4219 3496 4281 excedit,
3523 4235 3699 4272 omnes

2125 4322 2360 4381 superat,
2392 4308 2727 4381 Unigenitum
2771 4307 2870 4362 Dei
2916 4325 3034 4361 cum
3077 4317 3287 4377 stupore
3327 4306 3699 4361 considerare:

2124 4402 2310 4457 deinde
2342 4417 2406 4455 ea:
2428 4401 2779 4456 admiratione
2815 4401 2925 4456 ha'c
2977 4398 3134 4469 e/fari
3163 4414 3182 4452 :
3220 4417 3238 4448 ι
3281 4398 3545 4464 Quoniam
3581 4398 3699 4468 quis

535 4498 619 4554 Ab
647 4503 855 4556 unitate
897 4501 990 4558 Dei
1026 4504 1196 4557 ordiri
1227 4519 1405 4574 opera;
1445 4504 1667 4575 pretim;
1699 4508 1823 4570 erit,
1857 4524 2022 4579 quam
2052 4511 2096 4566 ι)
2126 4495 2180 4548 in
2226 4494 2450 4549 nubibus
2508 4492 2807 4564 mquabitur
2863 4493 3134 4546 Domino?
3189 4507 3205 4542 ι
3257 4490 3363 4543 sive
3410 4489 3700 4544 secundum

465 4583 734 4646 Eusebius
758 4591 814 4645 in
847 4609 956 4647 uno
984 4592 1146 4649 Patre
1180 4596 1410 4660 servari,
1442 4613 1605 4666 neth
1630 4596 1850 4664 Filium,
1877 4599 2022 4653 mul-

467 4684 633 4747 toque
665 4683 845 4739 minus
879 4685 1141 4757 Spiritum
1171 4695 1442 4753 sanctum,
1468 4689 1522 4742 in
1565 4689 1797 4758 ejusdem
1838 4692 2021 4745 unita-

468 4769 541 4823 tis
571 4777 907 4830 consortium
941 4779 1128 4834 venire
1154 4781 1302 4835 clare
1331 4788 1384 4835 et
1420 4780 1597 4835 multis
1628 4781 1681 4835 in
1715 4782 1850 4839 locis
1878 4782 2022 4836 amr-

467 4868 603 4915 mat.
646 4861 858 4922 Patrem
900 4872 1045 4926 enim
1081 4873 1137 4927 in
1168 4888 1228 4927 se
1274 4879 1443 4929 totam
1490 4872 1695 4929 dcitatis
1723 4874 2022 4944 plenitudi-

466 4966 614 5014 nem,
647 4958 867 5013 excluso
905 4960 1062 5028 Filio,
1093 4965 1380 5034 complecti
1420 4964 1634 5029 indicat,
1668 4965 1797 5020 dum
1843 4967 2021 5037 ipsum

466 5044 643 5099 solum
678 5048 879 5117 passim
929 5063 1108 5121 vocat,
1153 5057 1245 5111 τὸν
1290 5055 1399 5110 τῶν
1445 5055 1580 5109 ὅλων
1600 5056 1753 5123 Θεὸν,
1793 5057 1883 5110 τὸν
1930 5059 2023 5112 ἐπὶ

464 5139 683 5193 πάντων
730 5140 883 5204 Θεὸν,
934 5144 1025 5198 τὸν
1057 5148 1310 5202 ἐπέκεινα
1351 5149 1566 5203 πάντων
1607 5149 1760 5211 Θεόν,
1812 5149 1866 5203 id
1915 5159 2019 5216 est,

363 5238 384 5251 '
461 5229 633 5285 Deum
660 5232 1044 5300 universorum,
1075 5238 1237 5293 Deum
1266 5256 1427 5309 supra
1456 5243 1647 5307 omnia,
1673 5240 1839 5295 Deum
1878 5242 2023 5295 ultra

461 5320 673 5385 omnia;
701 5320 1007 5394 Filiumque
1041 5336 1232 5385 contra
1267 5338 1565 5402 nuncupat,
1580 5331 1834 5403 δεύτερον
1865 5330 2019 5395 Θεὸν,

457 5408 711 5485 δεύτερον
742 5414 968 5487 Κύριον,
998 5418 1282 5471 secundum
1310 5420 1497 5487 Deum,
1534 5421 1806 5477 secundum
1838 5421 2022 5475 Domi-

460 5520 608 5561 num.
658 5506 740 5563 Ne
785 5508 919 5579 quis
952 5524 1083 5565 vero
1124 5522 1370 5585 reponat,
1412 5513 1620 5571 Patrem
1669 5515 1790 5570 ideo
1846 5513 2020 5570 Deum

459 5601 845 5658 universorum
877 5602 946 5658 ab
988 5600 1224 5658 Eusebio
1257 5604 1463 5673 vocari,
1500 5606 1639 5676 quod
1672 5608 1745 5665 sit
1776 5607 1929 5678 origo
1967 5615 2023 5661 et

460 5689 586 5747 fons
616 5691 921 5759 Trinitatis,
954 5701 1009 5750 et
1030 5695 1085 5750 in
1119 5694 1330 5751 ratione
1364 5698 1605 5770 principii
1642 5700 1849 5771 primus
1872 5699 2020 5753 exsi»

456 5789 597 5847 stat;
648 5781 752 5839 hoc
781 5784 1106 5842 catholicum
1141 5785 1531 5857 interpretandi
1571 5802 1730 5861 genus
1762 5802 2020 5859 respuere

2128 4584 2524 4655 Symmachum,
2560 4601 2578 4632 ι
2615 4582 2747 4649 Quis
2773 4583 2911 4636 enim
2944 4582 3000 4635 in
3026 4580 3214 4635 arthere
3243 4579 3474 4649 conferet
3505 4597 3560 4635 se
3590 4579 3701 4633 Do-

2127 4680 2267 4732 mino
2303 4679 2356 4731 in
2399 4677 2528 4747 ﬁliis
2560 4675 2700 4731 Dei?
2740 4694 2759 4726 ι
2806 4674 2935 4730 Ηωο
2970 4674 3034 4729 de
3071 4672 3348 4744 Unigenito
3392 4674 3491 4728 Dei
3530 4674 3698 4741 dicta,

2123 4772 2268 4840 piam
2300 4777 2509 4823 servant
2534 4768 2884 4832 sententiam;
2915 4767 2978 4822 de
3010 4765 3174 4820 Patre
3204 4783 3322 4820 vero
3361 4783 3422 4819 ac
3456 4765 3564 4819 Deo
3590 4766 3703 4818 uni-

2124 4878 2390 4915 uersorum
2423 4874 2605 4915 secus:
2637 4860 2923 4930 impropria
2946 4860 3083 4914 enim
3103 4871 3151 4913 et
3180 4860 3344 4929 impia
3375 4859 3701 4928 comparatio

2122 4964 2277 5010 esset.
2324 4953 2468 5008 Nam
2508 4955 2636 5025 filiis
2669 4952 2768 5008 Dei
2818 4954 3053 5007 omnium
3103 4968 3321 5005 causam
3365 4951 3619 5021 conferre,
3650 4959 3700 5005 et

2122 5063 2242 5103 eum
2307 5048 2397 5117 qui
2442 5061 2603 5115 supra
2670 5046 2849 5099 omnia
2899 5054 2978 5099 est
3006 5043 3146 5098 Deus
3204 5044 3326 5098 aliis
3372 5060 3696 5114 comparare,

2123 5138 2545 5208 improbissimus
2576 5139 2811 5192 omnium
2840 5154 3000 5192 ausus
3031 5146 3185 5191 esset.
3221 5138 3290 5190 At
3326 5138 3438 5191 sine
3468 5134 3696 5207 periculo

2125 5232 2301 5286 Filius
2334 5232 2432 5287 Dei
2462 5233 2788 5302 unigenitus,
2819 5233 2950 5302 ﬁliis
3000 5230 3092 5285 Dei
3126 5242 3490 5301 comparatur,
3527 5245 3588 5281 ac
3620 5227 3699 5281 di-

2124 5328 2263 5382 citur
2286 5343 2405 5381 eum
2439 5326 2905 5396 incomparabilem
2938 5343 3072 5389 esse,
3106 5343 3225 5379 cum
3250 5325 3395 5379 nullo
3423 5321 3691 5390 conferen-

2123 5417 2269 5484 dum,
2304 5427 2458 5487 atque
2491 5418 2778 5472 admodum
2802 5418 3112 5473 antecellere
3141 5417 3438 5473 asscritur?
3461 5412 3557 5465 llic
3583 5428 3699 5468 ma-

2126 5511 2322 5566 nifeste
2353 5510 2510 5567 vides
2554 5509 2752 5566 Filium
2798 5512 2959 5583 longe
2998 5512 3255 5567 inferiore
3283 5522 3444 5577 quam
3480 5504 3696 5560 Palrelu

2124 5603 2296 5672 gradu
2340 5605 2409 5660 ab
2438 5603 2678 5660 Eusebio
2725 5606 2948 5675 reponi;
2988 5606 3061 5659 ita
3090 5614 3152 5658 ut
3185 5617 3284 5657 nec
3329 5597 3398 5652 ad
3428 5598 3696 5653 unitatem

2126 5696 2241 5762 Dei,
2272 5713 2375 5753 nec
2404 5698 2468 5753 ad
2496 5697 2762 5752 unitatem
2799 5696 3050 5767 principii
3100 5696 3481 5749 universorum
3513 5692 3701 5763 perti-

2125 5797 2272 5859 neat,
2304 5805 2481 5861 neque
2512 5790 2713 5847 deitate
2742 5804 2866 5845 cum
2900 5788 2993 5844 illo
3015 5785 3191 5857 primo
3224 5783 3495 5857 principio
3526 5798 3694 5842 unum
