4042 6210
305 346 313 353 .
352 297 421 365 δι
1028 287 1300 347 EUSEBII
1330 284 1808 344 CESARIENSIS
1844 283 1996 340 OPP.
2029 282 2206 338 PARS
2243 281 2333 337 lll.
2371 313 2444 323 —
2480 277 2890 335 EXEGETICA.
3520 278 3592 334 δε

359 420 453 476 sit.
501 416 631 471 Nam
677 414 768 470 ubi
800 413 1006 468 dictum
1050 412 1205 476 illud,
1235 409 1370 464 Deus
1405 411 1549 464 stetit
1579 410 1634 461 in
1662 423 1929 479 synagoga

2049 404 2152 458 mel.
2192 404 2285 458 καὶ
2328 404 2489 466 αὐτὸς
2529 405 2556 456 ὁ
2588 403 2715 465 Υἱὸς
2750 402 2924 473 ἀρχὴν
2959 401 3320 473 ἑπιγρῑφεται
3362 401 3455 454 τὸν
3492 402 3616 467 αὖος

311 500 315 504 ’
360 510 599 569 deorum,
630 506 698 563 de
727 504 869 561 Filio
897 504 1000 560 Dei
1020 503 1274 573 explicat,
1313 515 1377 555 ac
1409 500 1545 556 nihil
1576 499 1927 554 metuendum

2049 494 2126 548 τοῦ
2155 494 2386 565 Πατέρα.
2423 493 2649 564 Κεφαλὴ
2691 494 2800 565 γὰρ
2836 492 3069 564 Χριστοῦ
3099 495 3127 546 ὁ
3153 491 3301 555 Θεὸς,
3333 493 3472 547 κατὰ
3503 493 3618 571 τὸιξ

362 601 462 665 ait,
488 583 797 655 etsi'Filius
828 597 969 651 Deus
998 603 1240 658 vocetur,
1268 607 1337 647 ne
1369 592 1552 646 unitas
1596 591 1846 662 principii
1877 599 1932 646 et

363 692 583 749 deitatis
616 691 870 756 tollatur;
901 704 1006 743 non
1038 701 1221 741 veram
1256 685 1348 740 ille
1373 699 1596 741 causam
1628 683 1802 749 ali'ert,
1830 698 1931 738 cur

364 785 493 841 hinc
516 782 667 839 nulla
697 781 1069 852 multiplicitas
1107 779 1337 834 deorum
1367 776 1658 833 metuenda
1686 777 1777 843 sit,
1802 778 1932 846 quia

365 875 578 932 scilicet
606 873 765 929 Pater
801 879 853 927 et
896 869 1088 936 Filius,
1133 886 1277 927 unus
1304 869 1467 933 Deus,
1514 885 1681 924 unum
1727 869 1933 939 princi-

365 965 516 1036 pium
562 979 742 1019 rerum
771 969 931 1025 sunt;
975 961 1095 1027 sed,
1129 962 1225 1026 ait,
1256 961 1516 1032 quoniam
1548 961 1648 1032 ipsi
1687 961 1934 1017 homines

366 1054 443 1109 dii
488 1060 770 1116 vocantur,
813 1053 947 1123 quin
989 1053 1099 1107 ulla
1134 1052 1265 1106 hinc
1297 1052 1522 1107 deorum
1559 1051 1935 1121 multiplicitas

366 1144 553 1201 inferri
601 1144 797 1215 possit,
845 1159 1007 1217 posse
1053 1145 1258 1214 pariter
1308 1142 1505 1198 Filium
1557 1144 1724 1199 Deum
1770 1143 1880 1198 dici
1916 1183 1931 1207 ,

365 1239 499 1310 quin
528 1239 730 1294 multos
777 1252 903 1293 esse
935 1236 1070 1293 deos
1115 1238 1480 1307 suspicemur.
1527 1236 1741 1292 Etenim
1776 1245 1834 1291 ut
1880 1237 1936 1291 in

365 1329 485 1385 loco
533 1328 637 1384 sub
687 1329 806 1384 haec
847 1328 1011 1385 allato
1056 1328 1416 1400 signiﬁcatur,
1462 1328 1619 1399 longe
1661 1327 1939 1385 inferioris

2043 586 2373 648 Ἀπόστολον,
2404 586 2506 640 hoc
2531 595 2613 641 est
2636 605 2649 640 :
2677 585 2743 639 At
2762 587 2973 650 vereris,
2999 586 3069 638 mi
3090 585 3364 649 homo,ne,
3392 584 3439 638 si
3458 585 3594 639 duas

2031 679 2229 749 fateare
2252 677 2602 740 substantias,
2631 677 2736 731 duo
2762 678 2885 731 item
2914 676 3170 744 principia
3203 674 3445 734 inducas.
3481 685 3529 727 et
3561 691 3594 726 a

2031 768 2362 822 manare/lica
2388 767 2583 822 deitate
2609 767 2845 823 excidas.
2879 766 3067 821 Discas
3097 767 3278 838 igitur,
3314 766 3452 835 quod
3475 782 3595 819 cum
3627 812 3639 829 ,

2031 876 2167 914 unus
2199 860 2262 913 sit
2287 860 2400 913 sine
2422 858 2679 926 principio
2702 867 2750 912 et
2796 858 3057 927 ingenitus
3098 855 3262 920 Deus,
3300 854 3471 910 Filius
3499 872 3595 909 au-

2036 961 2137 1007 tem
2183 966 2246 1006 ea:
2284 950 2377 1005 illo
2419 952 2687 1022 gignatur,
2736 965 2900 1003 unum
2949 950 3245 1003 necessario
3280 949 3595 1018 principium

2036 1038 2215 1112 fuerit,
2252 1044 2552 1098 manare/tia
2583 1050 2633 1096 et
2663 1057 2876 1112 regnum
2903 1057 3102 1102 unum;
3129 1042 3255 1111 quia
3283 1041 3392 1109 ipse
3421 1039 3595 1096 Filius

2038 1137 2252 1191 Patrem
2273 1153 2425 1192 suum
2456 1136 2775 1206 principium
2807 1134 3066 1190 ascribit:
3097 1144 3253 1204 caput
3283 1134 3418 1188 enim
3450 1132 3600 1189 Chri-

2035 1229 2107 1284 sti
2139 1227 2275 1283 Deus
2306 1236 2406 1292 est,
2436 1226 2722 1283 secundum
2768 1226 3079 1297 Apostolum
3125 1226 3177 1296 (ι
3211 1226 3338 1281 Cor.
3381 1242 3457 1293 XI,
3517 1227 3595 1297 ὅ).

2040 1319 2142 1375 Ubi
2172 1320 2350 1375 videas
2372 1319 2780 1374 monarchicam
2807 1318 2924 1374 sive
2950 1332 3112 1372 unam
3143 1318 3289 1371 illam
3322 1326 3375 1373 et
3404 1318 3601 1388 prima-

2038 1410 2180 1464 riam
2214 1409 2484 1476 deitatem,
2530 1425 2599 1464 ex
2648 1407 2883 1465 Eusebio
2930 1409 2986 1463 in
3016 1406 3177 1463 Patre
3219 1408 3336 1462 solo
3366 1409 3597 1463 servari.

365 1429 567 1493 gradus
604 1427 712 1485 est,
762 1435 925 1490 quam
962 1427 1019 1474 ut
1059 1420 1233 1491 possit
1273 1418 1339 1475 ad
1383 1419 1615 1490 primam
1665 1418 1811 1472 illam
1844 1416 1940 1473 Dei

320 1498 323 1503 i
365 1515 639 1570 unitatem
669 1512 964 1583 pertinere.
996 1518 1180 1581 utpote
1210 1524 1370 1580 Quem
1414 1509 1683 1565 creaturis
1726 1522 1943 1580 compa-
2043 1500 2182 1567 Quin
2237 1516 2360 1556 vero
2406 1500 2644 1570 aliquam
2691 1497 2872 1556 Patris
2903 1509 2957 1555 et
3003 1498 3125 1553 Filii
3176 1501 3437 1554 unitatem
3478 1515 3600 1555 esse

365 1620 493 1660 rare
519 1604 702 1669 liceat,
731 1603 834 1660 etsi
874 1604 1046 1657 multo
1077 1600 1430 1658 excellentior
1454 1600 1523 1655 iis
1561 1600 1633 1655 sit
1658 1616 1671 1652 :
1699 1599 1846 1671 quod
1872 1599 1943 1655 de
2040 1593 2336 1648 concedere
2365 1608 2589 1649 necesse
2622 1591 2724 1649 fuit
2749 1593 3052 1650 secundum
3078 1591 3247 1647 illud:
3282 1591 3397 1662 Ego
3420 1602 3470 1646 et
3498 1591 3602 1647 Pa-

324 1696 331 1705 “
368 1696 530 1753 Patre
562 1711 804 1754 asserere
834 1695 1219 1765 impiissimum
1245 1701 1299 1749 et
1329 1691 1789 1763 improbissimum
1820 1706 1943 1747 esse
1969 1758 2009 1765 Δ
2044 1695 2121 1740 ter
2147 1701 2307 1739 unum
2335 1701 2516 1739 sumus
2545 1684 2729 1756 (Joan.
2759 1701 2812 1750 ι,
2836 1683 2948 1754 50),
2989 1683 3355 1738 animadverte
3397 1683 3451 1737 in
3491 1699 3602 1754 quo

370 1788 447 1842 ait
467 1785 749 1842 Eusebius.
776 1758 985 1839 Similia
1010 1784 1175 1839 habet
1198 1784 1253 1837 in
1286 1758 1739 1837 Dem‘onstratione
1784 1798 1941 1838 evan:
1969 1758 2014 1817 Β
2042 1776 2203 1830 talem
2249 1775 2541 1831 constituat
2586 1776 2852 1830 unitatem
2898 1774 3185 1839 Eusebius,
3212 1774 3249 1828 l.
3302 1789 3360 1827 ιιι
3400 1772 3601 1829 Contra

367 1876 553 1948 gelica,
587 1877 623 1931 ι.
656 1892 732 1941 νι,
766 1891 820 1945 p.
853 1874 980 1938 257,
1013 1874 1104 1928 ubi
1137 1873 1205 1929 de
1243 1872 1405 1927 Patre
1442 1880 1495 1928 et
1525 1870 1663 1927 Filio
1701 1873 1828 1926 talia
1861 1869 1943 1926 fa-

369 1976 458 2023 tur
486 1986 498 2020 :
527 1966 724 2038 Σαφῶς
756 1968 812 2020 ὲν
843 1967 922 2036 τῷ
947 1966 1178 2037 πέμπτῳ
1208 1964 1600 2036 συγγράμματι
1625 1965 1723 2032 τῆς
1749 1966 1942 2034 Εὐαγ-

373 2055 620 2129 τελικῆς
667 2055 1040 2121 Ἁποδείξεως
1088 2055 1390 2126 ὡρισμένου
1430 2055 1521 2108 τοῦ
1568 2055 1694 2126 περὶ
1731 2055 1945 2127 Πατρὸς

370 2148 465 2203 καὶ
499 2146 635 2201 Υἱοῦ
663 2147 842 2217 λόγου,
885 2147 980 2201 καὶ
1010 2147 1143 2201 Θεοῦ
1179 2149 1273 2218 μὲν
1321 2148 1437 2211 ἑνὸς
1466 2147 1560 2201 τοῦ
1598 2149 1690 2202 ἐπὶ
1726 2148 1944 2202 πάντων

368 2237 808 2309 ὼμολογημένου,
837 2237 1091 2309 δευτέρας
1118 2239 1174 2292 δὲ
1208 2239 1322 2310 μετ’
1356 2239 1516 2292 αὐτὸν
1542 2240 1945 2311 ἀποδειχθείσης

369 2330 559 2394 οὐσίας
592 2328 900 2401 ἡγουμένης
930 2330 1038 2382 τῶν
1070 2330 1314 2398 γενητῶν
1349 2330 1624 2393 ἁπάντων,
1660 2331 1725 2402 ῆν
1754 2331 1944 2401 σοφίαν

370 2420 531 2485 Θεοῦ,
558 2439 612 2477 κ,
648 2439 699 2475 τ.
724 2420 774 2477 λ.
810 2420 925 2476 Hoc
944 2432 1064 2477 est:
1090 2421 1288 2492 Cumiin
1306 2422 1485 2492 quinto
1513 2420 1837 2492 Evangelicae
1854 2421 1948 2476 de-

371 2510 773 2566 monstrationis
819 2510 973 2577 libro,
1010 2511 1151 2566 clare
1175 2511 1239 2565 de
1255 2511 1415 2566 Patre
1436 2522 1483 2567 et
1511 2512 1648 2566 Filio
1671 2512 1947 2583 deﬁnitum

371 2609 735 2673 statutumque
766 2601 953 2672 fuerit,
1002 2619 1065 2656 ac
1110 2601 1281 2656 Deum
1316 2603 1524 2674 quidem
1572 2620 1734 2657 unum
1781 2620 1948 2674 supra

372 2693 551 2747 omnia
590 2709 703 2749 esse
734 2693 1087 2760 declaratum,
1138 2694 1421 2749 secundam
1464 2712 1584 2749 vero
1627 2705 1744 2765 post
1774 2696 1947 2766 ipsum

371 2786 725 2842 substantiam
746 2804 879 2856 esse,
910 2805 1027 2860 quae
1052 2787 1294 2842 omnibus
1318 2789 1542 2859 opiﬁciis
1571 2790 1772 2857 praesit,
1803 2806 1948 2843 com-

370 2888 721 2934 monstratum
748 2882 841 2943 sit,
865 2896 1024 2951 quam
1053 2881 1373 2948 sapientiam
1404 2879 1535 2945 Dei,
1558 2887 1691 2945 etc.,
1727 2882 1821 2937 ubi
1864 2882 1951 2936 in-

369 2980 584 3042 terpres
612 2972 708 3042 qui
741 2971 880 3026 solet
906 2969 1127 3026 Eusebii
1148 2970 1295 3025 dicta
1350 2970 1417 3026 ad
1448 2972 1592 3041 piam
1624 2973 1948 3028 sententiam

2040 1865 2368 1933 Marcellum,
2399 1882 2448 1922 c.
2484 1867 2569 1932 i9,
2607 1884 2661 1938 p.
2704 1867 2837 1922 {92:
2871 1867 2979 1920 Kal.
3014 1866 3077 1937 δὴ
3106 1866 3245 1920 κατὰ
3292 1866 3477 1921 τοῦτον
3509 1867 3599 1921 τὸν

2039 1959 2240 2030 τρόπον
2270 1959 2325 2012 ἓν
2350 1959 2486 2031 πρὸς
2518 1960 2609 2013 τὸν
2638 1959 2854 2031 Πατέρα
2888 1958 2983 2011 καὶ
3023 1957 3116 2011 τὸν
3148 1958 3274 2012 Υίὸν
3307 1960 3355 2012 οἱ
3401 1959 3602 2023 πάντες

2040 2050 2393 2123 γενησόμεθα.
2430 2052 2636 2123 Ὥσπερ
2680 2049 2790 2123 γὰρ
2839 2050 2999 2114 αὐτὸς
3047 2052 3236 2105 ἑαυτόν
3281 2067 3341 2103 τε
3386 2051 3603 2104 καὶτὸν

2040 2143 2260 2215 Πατέρα
2281 2142 2336 2197 ἓν
2357 2139 2496 2198 εἶναι
2528 2143 2705 2211 ἔλεγε,
2737 2144 2960 2212 φάσκων
2980 2161 2994 2174 ·
3041 2144 3181 2214 Ἐγὼ
3206 2143 3303 2197 καί
3336 2147 3369 2197 ό
3401 2143 3602 2213 Πατὴρ

2038 2238 2108 2294 ἓν
2138 2240 2350 2308 ἐσμεν·
2382 2237 2527 2292 οὕτω
2560 2238 2652 2291 καὶ⁸
2696 2235 2900 2300 πάντας
2927 2237 3094 2307 ἡμᾶς,
3126 2234 3267 2288 κατὰ
3306 2234 3404 2306 τὴν
3437 2234 3599 2287 αὐτοῦ

2045 2332 2296 2404 μίμησιν,
2338 2331 2430 2401 τῆς
2471 2330 2721 2402 ἑνότητος
2762 2330 2859 2400 τῆς
2904 2328 3065 2381 αὑτοῦ
3118 2327 3409 2398 μετασχεῖν
3450 2325 3603 2397 εῦχε·

2040 2438 2161 2476 ταν
2206 2422 2265 2475 οὐ
2318 2419 2451 2475 κατὰ
2496 2418 2816 2491 Μάρκελλον
2869 2417 2960 2472 τοῦ
3003 2417 3176 2486 Λόγου
3207 2416 3473 2487 ὲνωμένου
3524 2417 3602 2488 τῷ

2042 2512 2180 2585 Θεῷ,
2210 2512 2304 2566 καὶ
2330 2514 2385 2582 τῇ
2414 2509 2573 2581 οὐσίᾳ
2603 2507 3077 2586 συναφθησομένου
3098 2524 3111 2538 ·
3136 2505 3315 2571 καθὼς
3341 2508 3397 2560 δὲ
3428 2510 3600 2580 ἐμαρ-

2044 2604 2276 2676 τύρησεν
2307 2604 2342 2673 ἡ
2367 2603 2614 2674 ἀλήθεια,
2649 2604 2677 2655 ὁ
2704 2601 2893 2672 Σωτὴρ
2925 2600 3089 2663 αὐτὸς
3124 2597 3289 2652 είπών
3310 2616 3323 2629 ’
3362 2597 3480 2666 Τὴν
3505 2598 3603 2653 δό-

2046 2697 2161 2764 ξαν
2188 2696 2268 2766 ἢν
2291 2694 2508 2763 ἔδωκάς
2527 2714 2652 2766 μοι,
2679 2694 2905 2749 δέδωκα
2943 2692 3147 2758 αὐτοῖς
3164 2733 3180 2757 ,
3210 2692 3309 2745 ἵνα
3333 2686 3484 2746 ὦσιν
3512 2689 3600 2759 ἐν,

2046 2788 2240 2855 καθὼς
2263 2788 2359 2841 καὶ
2375 2788 2536 2857 ἡμεῖς
2553 2788 2624 2842 ἐν
2647 2788 2853 2856 ἐσμεν.
2888 2783 3001 2839 Hoc
3029 2793 3113 2839 est
3140 2803 3154 2839 :
3183 2783 3349 2852 Atque
3367 2782 3434 2836 ad
3468 2784 3604 2837 hunc

2047 2880 2259 2934 modum
2289 2896 2381 2934 nos
2413 2896 2590 2933 omnes
2618 2894 2738 2932 cum
2759 2876 2921 2933 Patre
2947 2885 2995 2931 et
3027 2875 3167 2929 Filio
3194 2891 3357 2930 unum
3380 2875 3599 2930 erimus.

2052 2970 2497 3039 Quemadmodum
2538 2970 2676 3024 enim
2702 2970 2811 3039 ipse
2842 2985 2896 3023 se
2940 2976 2991 3023 et
3036 2967 3251 3023 Patrem
3299 2984 3461 3023 unum
3494 2984 3606 3022 esse

371 3061 430 3116 in
463 3061 717 3116 versione
750 3075 850 3115 sua
882 3059 1231 3130 detorquere,
1260 3067 1537 3130 postrema
1575 3062 1656 3118 sic
1683 3063 1952 3135 interpre-
1977 3101 2019 3163 ο
2057 3064 2213 3124 dixit.
2250 3084 2268 3114 ‹
2303 3062 2419 3133 Ege,
2443 3063 2702 3134 inquiens,
2742 3071 2790 3116 et
2827 3060 2985 3115 Pater
3018 3078 3180 3115 unum
3213 3076 3427 3125 sumus;
3460 3079 3479 3112 ι
3527 3061 3605 3113 ita

372 3160 557 3207 tatur:
594 3151 661 3205 Et
705 3151 924 3206 Patrem
953 3152 1161 3223 quidem
1195 3152 1361 3207 Deum
1399 3171 1559 3208 unum
1601 3171 1715 3210 esse
1761 3158 1953 3211 consti-

378 3242 477 3305 tit;
509 3241 739 3296 alteram
783 3250 959 3296 autem
993 3252 1185 3312 prmter
1213 3243 1367 3298 illum
1404 3255 1453 3298 et
1500 3261 1617 3298 cum
1652 3244 1747 3299 illo
1773 3261 1952 3314 perso-

376 3351 501 3388 nam
543 3350 676 3399 esse,
702 3351 819 3405 qute
858 3334 1036 3388 omnia
1064 3351 1182 3405 quia
1212 3334 1356 3406 facta
1384 3344 1508 3390 sunt
1536 3335 1833 3399 antecedat,
1868 3335 1952 3391 de-

376 3435 729 3480 monstratum
764 3435 862 3481 est.
895 3426 1015 3493 Quo
1044 3426 1102 3481 in
1149 3427 1271 3482 loco
1300 3427 1486 3482 οὐσίαν
1529 3427 1619 3482 ille
1648 3442 1946 3495 personam,

374 3519 558 3585 vertit,
608 3519 712 3577 etsi
762 3520 1127 3576 substantiam
1174 3520 1441 3592 signiﬁcet
1480 3520 1571 3575 hic
1617 3529 1673 3575 et
1721 3521 1777 3575 in
1828 3522 1950 3577 aliis

374 3606 594 3666 Eusebii
640 3610 795 3675 locis,
846 3617 907 3664 ut
951 3626 1018 3666 ex
1071 3612 1321 3681 repetitis
1356 3611 1463 3666 sub
1518 3610 1634 3666 haec
1686 3610 1951 3681 exemplis

372 3699 655 3770 propalam
694 3701 798 3755 erit
835 3718 848 3754 :
881 3701 1016 3755 illud
1058 3709 1239 3756 autem
1288 3704 1403 3772 μετ’
1439 3701 1625 3767 αὐτόν,
1666 3717 1951 3772 perperam

373 3790 539 3844 vertit
582 3789 693 3854 ille,
726 3800 918 3860 praeter
945 3790 1098 3843 illum
1127 3799 1176 3841 et
1210 3806 1329 3843 cum
1354 3791 1470 3856 illo,
1501 3808 1626 3847 cum
1655 3801 1839 3864 aperte
1875 3792 1953 3849 si—

376 3877 618 3947 gniticet,
642 3888 760 3947 post
792 3878 967 3953 illum,
1002 3894 1105 3934 nec
1141 3893 1367 3935 numero
1393 3888 1625 3949 tantum,
1651 3883 1746 3938 sed
1774 3884 1952 3955 digni-

377 3977 491 4025 tate
536 3976 591 4026 et
637 3973 984 4042 prmstantia;
1025 3980 1084 4027 ut
1124 3990 1191 4029 ex
1227 3974 1341 4044 jam
1386 3974 1552 4030 dictis
1603 3968 1951 4033 manifestum

377 4070 483 4127 est,
530 4070 588 4117 et
626 4079 693 4117 ex
737 4064 878 4118 infra
928 4065 1176 4122 dicendis
1217 4066 1482 4138 liquidius
1528 4069 1821 4125 constabit.
1864 4070 1953 4125 Ait

379 4154 647 4225 siquidem
664 4156 759 4211 lib.
796 4171 834 4211 tl
868 4154 1067 4212 Contra
1090 4158 1424 4227 Marcellum,
1450 4175 1504 4230 p.
1530 4160 1631 4215 109
1658 4179 1671 4216 :
1699 4162 1832 4215 Οὐδὲ
1859 4161 1952 4215 δύο

378 4248 535 4313 θεοὺς
553 4248 764 4320 ἀνάγκη
792 4248 974 4303 δοῦναι
999 4251 1091 4305 τὸν
1117 4250 1212 4316 τὰς
1234 4252 1326 4306 δύο
1354 4253 1678 4318 ὑποστάσεις
1701 4254 1947 4311 τιθένταὲ

375 4343 498 4398 οὐδὲ
532 4342 642 4415 γὰρ
681 4342 954 4415 ἰσοτίμους
985 4344 1156 4410 αὑτὰς
1187 4344 1500 4417 ὁριζόμεθα,
1533 4347 1585 4401 id
1614 4356 1700 4403 est
1730 4367 1742 4401 :
1772 4347 1952 4418 Neque

2052 3171 2274 3228 quoque,
2297 3163 2353 3208 ut
2400 3153 2466 3209 ad
2514 3155 2681 3225 ipsius
2746 3154 3093 3207 imitationem
3140 3170 3232 3209 nos
3265 3169 3441 3207 omnes
3465 3152 3607 3222 ejus-

2053 3245 2169 3301 dem
2197 3246 2403 3300 unionis
2415 3247 2695 3315 participes
2718 3247 2902 3311 simus,
2932 3252 3171 3313 precatus
3199 3252 3294 3300 est.
3322 3241 3445 3299 Non
3469 3243 3606 3314 quod

2064 3336 2312 3401 Verbum,
2339 3346 2396 3389 ut
2420 3336 2708 3391 Marcellus
2738 3336 2866 3402 vult,
2901 3336 3114 3389 uniatur
3138 3334 3269 3400 Deo,
3293 3346 3341 3389 et
3362 3337 3608 3390 substan-

2057 3428 2255 3483 tialiter
2289 3428 2388 3496 ipsi
2416 3427 2798 3498 :onjungatur:
2828 3426 2918 3481 sed
2958 3436 3016 3481 ut
3046 3428 3258 3491 veritas,
3294 3427 3400 3495 ipse
3428 3425 3611 3482 Serva-

2060 3528 2142 3573 tor
2176 3520 2397 3582 scilicet,
2423 3519 2741 3588 testiﬁcatur
2773 3519 2985 3572 dicens:
3018 3536 3037 3568 ι
3076 3517 3310 3573 Gloriam
3335 3534 3493 3590 quam
3525 3518 3610 3573 de-

2056 3610 2187 3664 disti
2214 3610 2343 3664 mihi
2367 3608 2476 3664 dedi
2512 3611 2609 3677 eis,
2642 3622 2697 3663 ut
2730 3610 2835 3663 sint
2866 3626 3027 3663 unum
3062 3612 3199 3664 sicut
3230 3622 3278 3665 et
3314 3629 3407 3666 nos
3446 3626 3607 3666 unum

2057 3718 2236 3758 sumus
2270 3701 2429 3773 (Joan
2480 3718 2616 3767 xvn,
2658 3702 2805 3772 εει»
2846 3700 2944 3757 Ubi
2973 3703 3231 3758 unitatem
3270 3704 3414 3757 illam
3447 3706 3611 3762 subs-

2057 3794 2337 3850 tantialeui
2402 3791 2568 3849 Pitris
2631 3809 2754 3849 cum
2830 3792 2969 3848 Filio
3049 3794 3285 3850 dilucide
3370 3796 3609 3866 explodit

2059 3885 2360 3952 Eusebius;
2393 3886 2602 3955 vtltque
2653 3893 2865 3940 tantum
2912 3885 3057 3939 illam
3106 3884 3367 3938 unitatem
3415 3900 3610 3940 conce-

2057 3977 2206 4044 dere,
2240 3993 2347 4049 qua
2379 3994 2447 4034 ex
2463 3979 2776 4051 dignatione
2802 3978 3035 4048 quadam
3073 3976 3234 4032 Pater
3263 3974 3458 4030 Filium
3495 3978 3612 4046 glo-

2057 4072 2152 4126 riae
2179 4086 2290 4127 suae
2321 4072 2628 4143 participem
2663 4070 2845 4133 efficit,
2875 4077 2934 4125 ut
2961 4078 3015 4126 et
3040 4066 3210 4123 Filius
3238 4084 3339 4124 nos
3367 4068 3609 4137 ejusdem

2057 4164 2242 4234 gloriae
2285 4170 2557 4220 consortes
2595 4162 2852 4219 reddidit.
2890 4161 3004 4216 Sub
3050 4160 3165 4214 haec
3213 4167 3393 4215 autem
3436 4159 3610 4214 eidem

2058 4256 2472 4328 comprobanda:
2491 4256 2773 4313 sententiae
2801 4262 2948 4311 totus
2975 4254 3203 4320 insistit,
3227 4262 3389 4324 atque
3422 4253 3497 4308 ita
3525 4252 3613 4307 de-

2057 4364 2205 4403 mum
2235 4349 2534 4404 concludt:
2577 4345 2765 4410 Οὖτως
2792 4342 2883 4401 οῦν
2916 4347 2973 4400 ἓν
3007 4346 3144 4399 εἰσιν
3174 4347 3203 4399 ὁ
3234 4344 3423 4415 Πατὴρ
3456 4343 3549 4396 καὶ
3579 4343 3608 4396 ὁ

376 4451 581 4492 necesse
611 4444 691 4490 est
717 4452 839 4490 eum
879 4435 1011 4490 duos
1044 4435 1168 4490 deos
1198 4436 1378 4506 fateri,
1402 4438 1491 4508 qui
1515 4436 1651 4492 duas
1677 4437 1947 4492 admiserit

2059 4440 2185 4505 Υἱὸς
2221 4442 2362 4496 κατὰ
2402 4441 2487 4513 τὴν
2532 4439 2814 4494 κοινωνίαν
2855 4439 2956 4509 τῆς
2993 4437 3169 4508 δόξης,
3206 4432 3273 4510 ἧς
3303 4440 3413 4501 τοῖς
3446 4436 3608 4492 αὑτοῦ

377 4526 705 4583 substantias
728 4544 747 4582 :
787 4545 890 4583 non
925 4529 1064 4583 enim
1094 4527 1221 4582 illas
1259 4528 1456 4584 honore
1490 4544 1645 4600 pares
1679 4545 1792 4584 esse
1832 4528 1954 4599 deﬁ-

378 4620 587 4684 nimus;
616 4619 692 4673 ita
723 4627 785 4673 ut
832 4628 1059 4677 eatenus
1102 4622 1364 4677 unitatem
1404 4622 1623 4679 deitatis
1667 4622 1830 4678 statui
1862 4638 1956 4679 ve-

377 4710 463 4777 lit,
496 4719 771 4783 quatenus
798 4712 889 4765 illa
928 4713 1105 4783 prima
1141 4714 1337 4779 deitas,
1369 4715 1716 4786 primumque
1749 4714 1957 4785 priuci-i

365 4803 529 4877 ,pium
580 4803 638 4858 in
688 4819 801 4859 uno
848 4804 1011 4861 Patre
1062 4817 1330 4874 servatur,
1377 4808 1467 4863 cui
1520 4808 1682 4879 longe
1735 4807 1957 4863 inferior

377 4897 526 4954 Deus
565 4895 758 4964 Filius,
802 4899 858 4954 in
908 4902 1116 4957 unitate
1158 4901 1251 4956 illa
1290 4916 1403 4957 non
1438 4899 1953 4971 comprehendatur.

380 4987 536 5054 Quod
573 4988 663 5044 ille
696 4990 896 5047 ibidem
934 4991 1165 5047 allirmat
1206 4993 1293 5049 his
1332 4993 1552 5048 verbis:
1603 4991 1761 5046 Ἀλλὰ
1794 4992 1953 5064 φοϐῇ,

377 5073 423 5134 ὦ
452 5079 725 5152 ἄνθρωπε,
760 5083 835 5155 μὴ
871 5084 965 5138 δύο
994 5085 1320 5150 ὑποστάσεις
1347 5084 1709 5156 ὁμολογήσας,
1741 5084 1834 5137 δύο
1861 5084 1959 5157 ἀρ-

379 5172 481 5244 χὰς
505 5175 839 5245 εἰσαγάγοις,
873 5176 967 5232 καὶ
998 5179 1096 5249 τῆς
1126 5177 1463 5250 μοναρχικῆς
1497 5175 1745 5246 θεότητος
1790 5176 1954 5230 ἐκπέ-

385 5281 518 5330 σοις.
552 5265 806 5321 Μάνθανε
849 5269 1048 5336 τοίνυν,
1097 5270 1192 5335 ὡς,
1230 5269 1346 5332 ἑνὸς
1387 5268 1539 5331 ὄντος
1585 5268 1821 5339 ἀνάρχου
1867 5269 1958 5321 κα)⁸

382 5357 676 5431 ἀγεννήτω
717 5359 874 5426 Θεοῦ,
921 5360 1014 5416 τοῦ
1057 5361 1114 5414 δὲ
1146 5358 1277 5414 Υἱοῦ
1312 5359 1372 5424 ἐξ
1412 5358 1576 5412 αὑτοῦ
1624 5360 1957 5431 γεγεννημέ⁴

380 5467 495 5517 νου,
528 5451 624 5523 μία
660 5452 811 5508 ἔσται
840 5453 1005 5525 ἀρχὴ,
1037 5451 1303 5525 μοναρχία
1332 5468 1392 5504 τε
1418 5451 1512 5504 καὶ
1542 5450 1784 5522 βασιλεία
1822 5454 1920 5525 μία
1946 5472 1955 5484 τ

453 5586 527 5655 (a)
568 5583 863 5641 Comment.
886 5586 941 5639 in
970 5584 1120 5655 Psal.
1146 5600 1200 5655 p.
1240 5582 1648 5655 86,544,357,
1675 5584 1800 5650 558,
1829 5586 1954 5646 572.

382 5653 515 5719 376,
538 5656 670 5718 577,
706 5658 831 5717 410,
860 5655 986 5721 426,
1018 5653 1161 5717 491,
1179 5655 1304 5711 555.
1343 5653 1468 5718 ὅὸι,
1498 5654 1623 5719 582,
1666 5655 1789 5717 584,
1828 5656 1953 5717 597,

386 5725 522 5794 598;
568 5723 870 5781 Demonstr.
911 5741 1093 5797 evang.
1136 5725 1259 5790 H7,
1308 5724 1429 5793 148,
1480 5723 1598 5793 149,
1644 5725 1769 5793 248,
1814 5726 1953 5797 235;

2059 4533 2324 4606 μαθηταῖς
2360 4532 2677 4605 μεταδιδοὺς,
2700 4531 2799 4601 τῆς
2821 4531 2989 4601 αὐτῆς
3017 4528 3261 4593 ένώσεως
3294 4530 3385 4583 καὶ
3417 4530 3611 4593 αὐτοὺς

2054 4625 2230 4698 ἠξίου,
2256 4624 2359 4680 hoc
2379 4632 2462 4679 est
2486 4643 2500 4679 :
2536 4624 2629 4678 Ita
2654 4621 2820 4677 Pater
2849 4632 2897 4677 et
2924 4620 2972 4675 F
2976 4621 3102 4676 ilius
3128 4638 3291 4675 unum
3321 4630 3445 4675 sunt
3475 4637 3610 4675 com-

2056 4718 2300 4771 munione
2341 4716 2545 4787 glorie:
2588 4731 2746 4785 quam
2792 4730 2911 4768 cum
2952 4712 3225 4782 discipulis
3270 4713 3379 4767 suis
3419 4713 3612 4783 imper-

2058 4811 2177 4873 tiat,
2202 4807 2434 4878 ejusdem
2465 4825 2542 4863 eos
2574 4807 2785 4861 unionis
2815 4805 3096 4875 participes
3128 4805 3298 4875 eﬂ‘icit.
3329 4802 3444 4870 Qua
3469 4804 3525 4859 in
3554 4818 3615 4859 re

2057 4903 2249 4975 grandi
2288 4901 2642 4974 paralogismo
2686 4898 2859 4954 utitur
2885 4897 3177 4963 Eusebius,
3207 4904 3265 4952 ut
3293 4895 3434 4953 infra
3466 4895 3612 4951 vide-

2056 4994 2224 5061 bitur,
2254 4993 2386 5049 dum
2432 4994 2683 5048 unitatem
2716 4991 2862 5046 illam
2890 4989 3093 5059 gloriae,
3132 4988 3187 5043 in
3226 5002 3388 5059 quam
3430 5002 3497 5042 ex
3530 4985 3614 5041 di-

2058 5086 2317 5157 gnatione
2368 5092 2567 5139 tantim
2614 5081 2868 5151 discipuli
2916 5078 3119 5135 Christi
3166 5087 3451 5143 vocantur,
3495 5075 3612 5145 pari

2058 5177 2220 5234 modo
2257 5193 2289 5231 a
2335 5176 2492 5232 Patre
2525 5173 2915 5232 communicari
2956 5170 3092 5228 Filio
3130 5187 3250 5239 suo,
3280 5178 3443 5240 atque
3486 5167 3614 5224 hinc

2060 5271 2475 5328 substantialem
2514 5270 2775 5326 unitatem
2825 5266 3061 5333 excludi,
3108 5264 3408 5321 contendit.
3463 5261 3616 5318 Hane

2059 5379 2225 5436 porro
2252 5363 2470 5419 deitatis
2492 5363 2749 5418 unitatem
2774 5369 2827 5417 et
2854 5360 3224 5418 monareliiam
3256 5357 3529 5415 sexcentis
3558 5355 3615 5411 in

2060 5458 2197 5513 locis
2227 5456 2304 5529 (a)
2332 5455 2487 5513 docet
2507 5455 2617 5525 ille,
2651 5470 2771 5527 quae
2796 5470 2867 5510 ne
2911 5453 3124 5525 longius
3159 5449 3495 5507 abducamur
3526 5448 3614 5503 iu-

2060 5590 2459 5721 fgqtrp‘qﬂarc.
2483 5592 2563 5663 65,
2595 5591 2683 5661 66,
2712 5590 2800 5659 69,
2829 5590 2919 5658 70,
2942 5589 3033 5656 90,
3065 5587 3155 5653 96,
3191 5585 3310 5650 ωδ,
3336 5585 3457 5652 107,
3489 5582 3614 5651 H0,

2170 5703 2184 5730 ο
2227 5703 2341 5721 I‘I'l.
