4042 6210
434 331 505 388 δε,
1210 320 1707 380 COMMENTARIA
1749 320 1814 374 IN
1851 318 2187 374 PSALMOS.
2227 349 2296 361 -
2336 318 2878 377 manumanu.
3593 326 3665 381 δι

434 453 619 507 dicare
652 448 830 504 solum
859 445 1108 502 sufﬁuiat.
1154 444 1421 500 Caeterum
1461 445 1550 498 ubi
1579 459 1680 498 vox
1708 442 1998 504 ὑπόστασις
2025 460 2070 511 Α
2098 448 2233 493 erat.
2278 436 2347 492 Et
2384 440 2473 493 ille
2514 439 2721 508 quidem
2758 454 2850 507 per
2894 440 3122 509 seipsum
3155 441 3414 512 perfectus
3456 453 3505 498 et
3553 446 3666 513 pri-

435 541 700 606 occurrit,
732 554 834 594 nos
867 538 1220 592 substantiam
1270 538 1564 602 vertimus;
1598 543 1712 589 tum
1761 534 1884 603 quia
1917 533 1998 588 sic

437 633 662 689 Eusebii
690 647 804 687 aevo
831 646 894 685 es
940 638 1159 700 recepto
1203 644 1354 685 more
1385 630 1772 699 accipiebatur,
1804 634 1859 680 ut
1896 626 1997 680 ba-

440 728 537 782 bet
584 723 946 788 Athanasius;
989 733 1104 778 tum
1147 723 1295 794 quia,
1338 737 1463 776 eum
1510 720 1779 776 Eusebius
1820 717 1997 771 diver-

446 833 565 879 sam
602 816 657 870 in
690 815 847 870 Patre
885 826 940 871 et
967 814 1105 870 Filio
1146 814 1508 870 substantiam
1541 811 1790 867 admittat
1820 817 1870 864 et
1897 809 1990 864 do-

447 913 590 971 eeat,
632 906 834 961 inutilis
879 921 1011 961 sane
1051 906 1209 961 fuerit
1253 918 1609 975 personarum
1649 912 1701 958 et
1747 902 1999 974 hyposta-

451 1000 586 1053 siuin
612 1000 823 1068 vulgata
849 999 1153 1053 distinctio.

446 1154 522 1204 IV.
546 1156 763 1217 Diversae
784 1154 1209 1205 substantiam—VK
1233 1154 1488 1217 Interpres
1505 1155 1708 1204 Latinus
1730 1156 1991 1206 Demonstr.

496 1215 782 1287 evangelica”.
804 1218 1088 1287 Eusebium
1127 1217 1189 1266 de
1216 1215 1451 1267 industria
1482 1218 1543 1266 ad
1566 1219 1848 1267 catholicam
1883 1231 1997 1266 seu-

502 1280 705 1328 tentiam
731 1280 954 1328 detorsit.

508 1428 662 1483 Licet
702 1436 884 1483 autem
933 1444 999 1484 ex
1045 1428 1341 1498 praemissis
1386 1428 1664 1498 propalam
1714 1427 1787 1484 sit
1830 1427 1995 1484 Euse-

438 1521 584 1575 bium
616 1521 887 1577 diversam
934 1536 965 1574 a
996 1529 1218 1592 paterna
1256 1518 1617 1585 substantiam
1656 1528 1709 1574 et
1746 1518 1994 1575 deitatem

438 1611 494 1666 in
524 1610 659 1667 Filio
684 1613 1017 1668 constituere
1043 1630 1057 1667 :
1090 1627 1216 1667 nam
1241 1612 1378 1666 duas
1409 1611 1464 1665 in
1488 1611 1664 1665 allatis
1690 1611 1825 1666 locis
1866 1612 1997 1666 sub-

438 1699 672 1755 stantias
718 1708 902 1770 aperte
962 1699 1285 1769 proﬁtetur:
1330 1707 1383 1754 et
1427 1714 1556 1755 sane
1602 1701 1693 1771 qui
1736 1702 1993 1756 unitatem

2100 549 2250 594 mus,
2309 542 2483 601 utpote
2532 532 2724 595 Pater,
2761 543 2812 587 et
2858 534 3248 587 constitutionis
3290 532 3423 588 Filii
3477 551 3662 599 causa,

2098 624 2231 678 nihil
2276 624 2345 677 ad
2394 624 2608 677 deitatis
2641 640 2751 678 sua:
2794 623 3228 693 complementum
3265 642 3305 683 a
3331 624 3475 681 Filio
3519 630 3662 681 acci-

2097 718 2275 783 piens;
2305 718 2388 770 ltic
2422 726 2595 770 autem
2624 724 2875 787 tanquam
2898 731 2963 769 ex
2992 733 3155 771 causa
3179 717 3351 787 factus
3383 720 3551 788 ﬁlius,
3581 737 3663 775 se-

2097 807 2297 861 cundus
2323 818 2401 862 est
2434 806 2498 860 ab
2525 824 2584 861 eo
2613 808 2763 875 cujus
2797 817 2876 862 est
2913 808 3081 878 ﬁlius,
3109 812 3294 880 quippe
3318 812 3409 881 qui
3438 828 3471 865 a
3500 811 3664 868 Patre

2096 906 2145 951 et
2174 907 2229 950 ut
2260 898 2350 963 sit,
2378 907 2427 950 et
2454 907 2510 950 ut
2544 897 2669 951 talis
2698 898 2789 960 sit,
2826 900 3096 967 acceperit.
3128 899 3205 953 Ac
3232 917 3465 966 rursum,
3489 903 3663 974 splen-

2095 988 2196 1042 dor
2243 987 2449 1058 quidem
2497 1004 2600 1042 non
2647 1003 2713 1042 ex
2756 989 3019 1057 proposito
3055 999 3104 1042 et
3139 991 3406 1046 voluntate
3449 992 3662 1049 luminis

2096 1080 2353 1149 splendet,
2378 1078 2468 1133 sed
2498 1079 2779 1133 secundum
2805 1079 3045 1134 accidens
3072 1080 3339 1151 quidpiam
3361 1100 3392 1136 a
3415 1083 3665 1139 substan-

2098 1173 2173 1225 tia
2198 1172 2580 1240 inseparabile;
2613 1169 2785 1226 Filius
2817 1188 2933 1226 vero
2954 1188 3017 1226 ea:
3044 1176 3299 1228 sententia
3327 1184 3374 1229 et
3396 1180 3661 1245 proposito

2097 1263 2403 1325 voluntatis,
2434 1263 2608 1332 imago
2645 1262 2825 1318 Patris
2855 1263 3109 1317 substitit.
3141 1264 3327 1320 Valens
3363 1269 3498 1321 enim
3521 1268 3661 1324 Deus

2097 1352 2231 1408 Filii
2263 1355 2424 1407 Pater
2450 1355 2675 1417 exstitit,
2710 1371 2772 1407 ac
2808 1355 3095 1409 secundum
3137 1356 3309 1412 lumen
3356 1374 3447 1426 per
3484 1360 3662 1413 omnia

2096 1446 2267 1499 simile
2296 1446 2397 1499 sibi
2426 1445 2710 1500 subsistere
2739 1445 2815 1517 (a)
2846 1447 2988 1515 fecit.
3021 1446 3126 1503 Ubi
3160 1449 3427 1519 interpres
3455 1450 3569 1505 sive
3593 1467 3661 1506 ex

2096 1538 2264 1593 insito
2308 1552 2436 1608 erga
2483 1536 2775 1593 Eusebium
2828 1538 3058 1606 aﬂ‘cctu;
3101 1539 3216 1596 sive
3249 1542 3355 1595 alia
3384 1543 3562 1612 ignota
3593 1542 3662 1598 de

2096 1642 2283 1690 causa,
2316 1629 2483 1682 multa
2504 1643 2665 1683 secus
2693 1626 2866 1698 posita
2892 1628 2959 1683 ad
2990 1630 3315 1685 catholicam
3337 1632 3661 1689 sententiam

2096 1734 2195 1788 pro
2229 1732 2380 1774 more
2414 1733 2513 1774 suo
2549 1718 2766 1774 deﬂexit
2806 1738 2819 1772 :
2850 1734 2974 1774 nam
3003 1720 3152 1784 illud,
3186 1720 3306 1773 καθ’
3335 1722 3529 1776 ἑαυτὸν
3573 1724 3665 1777 οὑ-

437 1792 694 1863 prineipii
730 1800 786 1848 et
822 1792 1043 1847 deitatis
1085 1792 1139 1846 in
1181 1808 1290 1847 uno
1338 1791 1516 1856 Patre,
1568 1794 1791 1849 excluso
1839 1791 1991 1859 Filio,

2099 1810 2378 1881 σιωμένος,
2406 1811 2488 1866 sic
2524 1811 2804 1867 transtulit
2831 1831 2844 1865 :
2883 1809 3003 1866 Non
3030 1826 3121 1879 per
3152 1813 3378 1882 seipsum
3412 1813 3662 1870 substan-

438 1892 640 1948 servat,
691 1891 1086 1952 consequenter
1138 1884 1295 1939 aliam
1344 1887 1397 1939 in
1444 1883 1581 1939 Filio
1630 1893 1683 1939 et
1723 1884 1988 1939 diversam

440 1972 799 2027 substantiam
828 1980 881 2028 et
912 1974 1183 2040 deitatem,
1224 1976 1270 2031 si
1308 1977 1526 2047 quidem
1567 1975 1709 2032 Deus
1752 1976 1842 2039 sit,
1884 1985 1993 2030 sta-

440 2068 560 2115 tuat
589 2077 812 2118 necesse
840 2071 959 2133 est;
986 2080 1016 2121 e
1036 2081 1095 2121 re
1123 2077 1304 2121 tamen
1337 2066 1499 2121 fuerit
1526 2083 1593 2122 ex
1616 2068 1801 2123 multis
1826 2082 1991 2137 pauca

440 2151 657 2208 Eusebii
692 2154 809 2209 loca
852 2155 908 2210 in
950 2156 1188 2211 medium
1232 2157 1444 2223 atTerre,
1488 2158 1579 2212 ubi
1630 2159 1719 2213 ille
1748 2158 1993 2213 substan-

437 2245 566 2301 tiam
603 2255 656 2301 et
676 2248 929 2303 deitatem
961 2248 1103 2317 Filii,
1138 2265 1169 2303 a
1196 2258 1421 2320 paterna
1445 2252 1605 2306 aliam
1628 2261 1682 2305 et
1707 2251 1990 2317 diversam,

437 2350 759 2410 separatam,
788 2342 998 2412 ipsique
1024 2344 1194 2398 multo
1218 2343 1530 2400 inferiorem
1568 2353 1993 2403 commonstrare

438 2433 653 2487 nititur:
692 2432 833 2488 unde
865 2435 1028 2489 etiam
1072 2435 1289 2506 planius
1332 2437 1526 2492 evadat
1557 2440 1698 2507 quod
1748 2441 1993 2510 superius

437 2525 722 2594 probatum
754 2534 857 2588 est,
904 2525 1199 2582 Eusebium
1245 2528 1496 2585 videlicet
1543 2531 1805 2588 unitatem
1847 2533 1994 2603 prin-

436 2614 563 2683 cipii
595 2626 649 2670 et
697 2615 915 2671 deitatis
946 2616 999 2670 in
1040 2634 1146 2672 uno
1193 2616 1375 2684 Patre,
1414 2620 1638 2675 excluso
1681 2620 1839 2686 Filio,
1885 2630 1996 2677 sta-

436 2714 609 2760 tuere.
650 2706 740 2760 Ait
782 2707 947 2775 igitur
1024 2707 1077 2761 in
1157 2706 1614 2764 Demonstratione
1683 2713 1992 2783 euangelica,

437 2796 477 2850 Ι.
509 2812 581 2861 tv,
618 2813 667 2853 c.
710 2800 763 2860 5.
796 2815 847 2869 p.
878 2799 974 2853 147
1010 2818 1022 2855 :
1067 2800 1223 2853 Ἀλλὰ
1265 2801 1358 2854 τοῦ
1396 2802 1494 2871 μὲν
1544 2802 1797 2872 αἰσθητοῦ
1830 2803 1997 2874 φωτὸς

436 2890 735 2963 ἁχώριστος
764 2895 796 2963 ἠ
831 2894 993 2966 αὐγὴ,
1024 2897 1052 2948 6
1076 2896 1131 2948 δὲ
1165 2896 1290 2960 Υἱὸς
1325 2898 1468 2963 ίδῖως
1496 2901 1643 2971 παρὰ
1669 2899 1759 2953 τὸν
1785 2900 1997 2974 Πατέρα

436 2979 561 3034 καθ’
590 2981 780 3034 ἑαυτὸν
815 2983 1105 3053 ὑφέστηκε.
1152 2987 1260 3039 Kal
1296 2989 1469 3057 φωτὸς
1512 2990 1611 3060 μὲν
1642 2992 1673 3062 ἡ
1719 2991 1858 3062 αὐγὴ
1891 2989 1996 3063 χώ-

446 3088 543 3141 ραν
586 3072 862 3143 ἐνεργείας
907 3075 1109 3145 ἐπέχει,
1150 3078 1179 3129 6
1211 3078 1267 3131 δὲ
1301 3080 1428 3143 Υἱὸς
1474 3081 1658 3151 ἕτερόν
1706 3101 1757 3137 τι
1800 3084 1995 3155 ῆκατὰ

2094 1903 2222 1955 tiam
2254 1912 2460 1967 nactus,
2493 1901 2582 1956 sed
2608 1919 2640 1956 a
2674 1901 2871 1964 Patre;
2901 1918 3024 1957 cum
3066 1902 3395 1972 disparatam
3438 1905 3662 1961 omnino

2093 1994 2416 2048 sententiam
2450 1993 2638 2049 ederat
2668 1992 2957 2057 Eusebius,
2988 1994 3218 2056 scilicet,
3239 2009 3331 2062 per
3356 2010 3410 2047 se
3430 2003 3481 2048 et
3514 2010 3661 2049 seor-

2092 2086 2191 2139 sim
2215 2084 2566 2139 substantiam
2598 2083 2815 2140 habens.
2846 2083 2971 2139 Pari
2999 2084 3159 2139 modo
3195 2086 3327 2141 illud
3355 2086 3445 2141 :'O
3474 2087 3531 2140 δὲ
3546 2088 3662 2141 Ila—

2090 2176 2193 2248 τὴρ
2244 2178 2586 2249 προϋπάρχει
2638 2176 2732 2230 τοῦ
2776 2176 2930 2240 Υίοῦ,
2962 2178 3053 2229 καὶ
3085 2176 3184 2247 τῆς
3207 2178 3469 2246 γενέσεως
3497 2177 3662 2232 αὐτοῦ

2093 2270 2524 2341 προῦφέστηκεν,
2626 2270 2782 2342 μόνος
2805 2268 3095 2340 ἀγέννητος
3117 2265 3205 2340 ἦν’
3255 2269 3333 2325 sic
3355 2270 3444 2325 ille
3468 2269 3658 2325 vertit:

2093 2361 2159 2412 At
2190 2377 2223 2413 a
2248 2359 2411 2415 Patre
2440 2360 2488 2413 F
2492 2362 2613 2416 ilius
2654 2361 2908 2430 procedit,
2939 2370 2986 2414 et
3016 2360 3167 2414 illum
3205 2369 3439 2431 generat,
3471 2370 3526 2414 at
3554 2362 3665 2429 ipse

2094 2469 2195 2507 non
2229 2454 2433 2523 genitus
2479 2465 2576 2509 est.
2624 2457 2694 2509 At
2727 2469 2853 2510 vera
2888 2454 3156 2510 sententia
3186 2453 3301 2509 haec
3345 2462 3431 2509 est
3460 2472 3475 2507 :
3503 2452 3667 2509 Pater

2094 2553 2271 2598 autem
2302 2542 2446 2598 Filio
2475 2543 2894 2612 prwcxsistebat,
2923 2552 2974 2596 et
3013 2552 3132 2597 ante
3174 2553 3346 2597 ortum
3379 2543 3491 2612 ejus
3521 2543 3665 2597 exsi-

2094 2634 2282 2698 stebat,
2305 2644 2558 2705 quatenus
2581 2635 2725 2688 solus
2754 2651 2856 2688 non
2877 2635 3081 2703 genitus
3109 2646 3243 2690 erat.
3270 2633 3360 2689 Sic
3384 2634 3549 2690 etiam
3574 2636 3666 2691 ille

2096 2725 2209 2781 fere
2254 2726 2455 2796 ubique
2503 2723 2723 2781 Eusebii
2764 2725 2909 2779 dicta
2940 2725 2994 2777 in
3024 2725 3185 2777 aliam
3213 2727 3536 2779 sententiam
3569 2725 3665 2779 de-

2095 2814 2279 2878 torsit,
2312 2821 2373 2868 ut
2396 2814 2723 2869 catholicum
2753 2814 3002 2868 redderet
3036 2831 3048 2865 :
3085 2828 3211 2867 nam
3242 2812 3337 2867 lib.
3364 2829 3439 2875 Iv,
3485 2830 3535 2867 c.
3571 2813 3661 2880 l5,

2096 2923 2149 2979 p.
2187 2908 2306 2973 175,
2337 2909 2450 2962 hinc
2482 2907 2698 2962 Eusebii
2722 2909 2905 2975 verba,
2933 2909 3043 2962 Kal
3073 2909 3230 2980 μόνον
3260 2908 3320 2973 ἐξ
3349 2907 3513 2962 αὐτοῦ
3539 2925 3665 2977 γενο-

2097 3000 2325 3071 νηθέντα
2378 3000 2510 3053 Θεὸν
2556 2999 2749 3068 Λόγον,
2785 3003 2981 3073 μετοχῇ
3030 3017 3089 3053 τε
3144 2998 3237 3053 τῶ
3288 3001 3661 3073 γεννήσαντος,

2099 3091 2393 3162 ἀγεννήτου
2440 3092 2534 3145 καὶ
2566 3090 2779 3162 πρώτου
2812 3091 2906 3144 καὶ
2940 3091 3200 3163 μείζονος,
3235 3090 3367 3145 Θεὸν
3418 3092 3483 3145 ἐκ
3529 3089 3663 3144 Θεοῦ

445 3160 724 3255 ὸνέργειαν
744 3164 1016 3255 τυγχάνει,
1042 3167 1161 3217 καθ’
1188 3169 1374 3222 ἑαυτὸν
1397 3170 1742 3242 οὑσιωμένος.
1773 3175 1880 3228 Kal
1900 3175 1998 3230 πά·
2022 3158 2067 3219 C
2099 3158 2495 3252 ἀποφανθέντα,
2522 3158 2752 3255 Χριστὸν
2772 3186 2864 3239 καὶ
2891 3158 3215 3255 ὴλειμμένον
3240 3183 3564 3248 ἀπεκάλεσε,
3586 3173 3666 3238 sic

442 3248 544 3316 λιν,
582 3253 614 3322 ὴ
670 3252 769 3323 μὲν
801 3253 939 3324 αὐγὴ
980 3256 1312 3326 συνυπάρχει
1350 3259 1425 3329 τῷ
1468 3263 1624 3329 φωτὶ,
1670 3265 1994 3339 συμπληρω-

439 3348 566 3419 τική
602 3364 686 3410 τις
716 3344 846 3401 οὖσα
886 3348 1080 3402 αὐτοῦ’
1127 3351 1254 3404 ἄνευ
1288 3351 1396 3423 γὰρ
1429 3355 1601 3425 αὐγῆς
1635 3356 1733 3409 οὐκ
1763 3357 1828 3410 ἂν
1871 3360 1998 3412 ὑπο-

443 3441 601 3512 σταίη
652 3440 786 3510 φῶς,
818 3441 952 3511 ὁμοῦ
978 3458 1036 3494 τε
1072 3443 1166 3495 καὶ
1199 3445 1475 3513 κατήαὑτὸ
1509 3447 1902 3520 ωνυφὲστηκεν
1925 3466 1937 3479 ’
1969 3452 1997 3503 6

439 3529 495 3585 δὲ
526 3530 713 3602 Πατὴρ
755 3532 1230 3614 προῦπάρχεμτοῦ
1272 3535 1422 3597 Υίοῦ,
1457 3538 1551 3589 καὶ
1592 3537 1692 3608 τῆς
1736 3540 1999 3608 γενέσεως

442 3624 605 3678 αὑτοῦ
638 3625 1065 3695 προῦςςέστηκεν,
1177 3626 1336 3696 μόνος
1379 3628 1668 3700 ἀγέννητος
1712 3627 1800 3703 ἦν.
1835 3633 1940 3687 Kal
1971 3636 1999 3687 6

445 3718 545 3788 μὲν
583 3718 702 3771 καθ’
735 3718 922 3771 ἑαυτὸν
954 3718 1153 3783 τέλειος
1181 3720 1273 3772 καὶ
1305 3721 1537 3792 πρῶτος,
1562 3722 1635 3786 ὡς
1665 3722 1872 3796 Πατὴρ,
1905 3725 2000 3778 καὶ

441 3808 537 3882 τῆς
579 3809 673 3862 τοῦ
713 3808 843 3863 Υἱοῦ
889 3809 1195 3873 συστάσεως
1226 3810 1415 3875 αἴτιος,
1454 3813 1605 3866 οὐδὲν
1652 3814 1732 3878 εἰς
1767 3814 2002 3886 συμπλή-

446 3914 609 3969 ρωσιν
646 3898 745 3967 τῆς
786 3896 977 3951 ἑαυτοῦ
1015 3896 1261 3967 θεότητος
1303 3897 1451 3968 παρὰ
1494 3898 1587 3951 τοῦ
1629 3898 1758 3952 Υίοῦ
1798 3899 2003 3968 λαμϐά-

441 4004 585 4041 νωνο
616 3991 643 4042 6
683 3989 739 4041 δὲ
766 3989 841 4052 ὡς
886 3990 946 4054 ἐξ
990 3992 1161 4044 αἰτίου
1208 3988 1445 4058 γεγονὼς
1488 3990 1621 4053 υίὸς,
1664 3989 1909 4059 δεύτερος
1940 3982 2000 4042 οὗ

443 4080 588 4135 ἔστιν
614 4081 728 4144 υίὸς
751 4081 1074 4154 καθέστηκε,
1107 4080 1257 4155 παρὰ
1281 4080 1375 4134 τοῦ
1402 4081 1611 4151 Πατρὸς
1632 4081 1727 4135 καὶ
1755 4081 1815 4134 τὸ
1844 4079 1999 4145 εἶναι,

444 4173 537 4226 καὶ
568 4172 771 4226 τοιόσδε
816 4169 953 4227 εἶναι
1000 4172 1250 4244 εἰληφώς.
1295 4174 1405 4226 Kal
1442 4173 1680 4243 πάλιν,ὴ
1732 4174 1827 4244 μὲν
1865 4173 2002 4244 αὐγὴ

441 4264 502 4318 εὖ
538 4265 677 4317 κατὰ
711 4266 1026 4336 προαίρεσιν
1060 4265 1151 4318 τοῦ
1185 4265 1360 4334 φωτὸς
1382 4264 1672 4333 ἐκλάμπει,
1706 4264 1844 4317 κατά
1870 4281 1919 4316 τι
1946 4263 2003 4316 δὲ

442 4356 540 4426 τῆς
580 4354 768 4419 οὐσίας
797 4354 1139 4426 συμϐεϐηκὸς
1170 4354 1497 4425 ἀχώριστον·
1543 4358 1571 4408 6
1609 4355 1666 4407 δὲ
1710 4354 1834 4417 Υἱὸς
1865 4354 2004 4408 κατὰ

444 4444 665 4516 γνώμην
711 4445 805 4499 καὶ
850 4445 1164 4518 προαίρεσιν
1209 4444 1371 4499 είκὼν
1402 4446 1605 4517 ὑπέστη
1650 4445 1740 4498 τοῦ
1776 4445 2001 4516 Πατρός.

448 4536 735 4608 Βουληοείς
760 4537 866 4610 γὰρ
894 4541 923 4592 ό
954 4538 1085 4602 Θεὸς
1113 4538 1332 4606 γέγονεν
1363 4537 1492 4589 Υἱοῦ
1524 4536 1731 4608 Πατὴρ,
1773 4536 1866 4590 καὶ
1892 4536 2003 4605 φῶς

449 4626 695 4699 δεύτερον
734 4630 874 4684 κατὰ
900 4630 1075 4685 πάντα
1107 4629 1284 4700 ἑαυτῷ
1312 4629 1739 4701 ἀφωμοιωμένον
1773 4630 2005 4696 ὑπεστή-

454 4734 601 4772 σατο.
630 4722 757 4787 Qua:
785 4724 864 4778 sic
904 4739 1004 4794 ego
1035 4723 1393 4793 interpretor:
1429 4722 1532 4775 Sed
1562 4739 1595 4773 a
1623 4721 1858 4775 sensibili
1892 4721 2007 4790 qui-

452 4809 569 4863 dem
597 4811 783 4868 lumine
804 4815 1050 4883 splendor
1076 4814 1315 4883 separari
1339 4830 1441 4868 non
1462 4821 1649 4882 potest,
1684 4811 1732 4865 F
1736 4813 1857 4867 ilius
1892 4829 2004 4866 uero

453 4918 687 4957 seorsum
729 4922 759 4958 a
794 4906 954 4962 Patre
982 4923 1072 4977 per
1112 4909 1340 4977 seipsum
1373 4905 1633 4960 subsistit.
1674 4904 1751 4957 Ac
1798 4904 2005 4958 luminis

451 4993 659 5068 quidem
684 4998 925 5065 splendor
949 5000 1117 5054 locum
1147 4999 1432 5071 efﬁcientia:
1463 4996 1679 5058 obtinet,
1716 4993 1764 5047 F
1767 4996 1890 5050 ilius
1913 5011 2002 5049 au-

452 5096 554 5140 tem
598 5086 746 5140 aliud
771 5088 1036 5158 quidpiam
1065 5108 1222 5161 quant
1248 5088 1532 5145 secundum
1561 5086 1885 5157 efﬁcientiam
1911 5097 2008 5154 est,

454 5194 541 5235 Der
575 5180 802 5249 seipsum
831 5181 1127 5237 substantia
1167 5184 1443 5253 prazditus.
1483 5180 1734 5245 Rursum,
1768 5179 2012 5250 splendor

451 5274 612 5329 simul
652 5273 860 5329 exsistit
912 5289 1029 5327 cum
1083 5275 1295 5340 lumine,
1348 5273 1580 5345 illudque
1629 5271 2009 5343 quodammodo

450 5367 708 5437 complet:
750 5382 874 5420 nam
904 5366 1014 5419 sine
1042 5366 1316 5435 splendore
1348 5369 1520 5422 lumen
1545 5380 1871 5437 nequaquam
1897 5363 2011 5418 sub-

448 5459 627 5520 sistat,
659 5459 918 5529 simulque
960 5474 1075 5511 cum
1117 5457 1212 5510 illo
1247 5473 1309 5510 ac
1349 5457 1631 5513 secundum
1674 5455 1807 5510 illud
1835 5454 2002 5509 subsi-

448 5552 576 5614 stit;
625 5550 782 5605 Pater
832 5560 1009 5605 autem
1054 5548 1197 5603 Filio
1236 5552 1645 5615 prmexsistebat,
1683 5558 1733 5603 et
1770 5557 1888 5601 ante
1920 5562 2006 5599 or-

451 5650 561 5696 tum
616 5644 728 5712 ejus
780 5643 1086 5709 exsistebat,
1142 5649 1396 5715 quatenus
1445 5642 1585 5694 solus
1644 5638 2002 5709 non-genitus

2097 3275 2375 3328 transtulit
2400 3275 2487 3328 ille
2515 3293 2526 3328 :
2559 3274 2625 3328 Et
2650 3277 2740 3345 qui
2767 3277 2909 3330 solus
2931 3292 2995 3330 ex
3019 3277 3110 3330 illo
3138 3277 3343 3346 genitus
3367 3274 3508 3330 Deus
3542 3274 3666 3328 Ver-

2097 3367 2237 3427 bum,
2264 3368 2733 3423 communicatione
2748 3370 3006 3440 gignentis
3036 3369 3273 3439 ingeniti,
3298 3367 3438 3422 Deus
3467 3367 3531 3422 de
3555 3365 3663 3421 Dea

2094 3469 2171 3513 est
2204 3457 2528 3521 declaratus,
2562 3458 2829 3513 Christum
2874 3469 3027 3528 atque
3068 3467 3281 3512 unctum
3305 3459 3538 3519 vocavit;
3569 3457 3664 3511 ubi

2097 3566 2259 3606 voces
2304 3550 2426 3605 illas
2468 3549 2683 3621 πρώτου
2729 3550 2823 3603 καὶ
2862 3549 3122 3620 μείζονος,
3156 3549 3313 3616 primi
3344 3558 3393 3601 et
3422 3548 3662 3616 majoris,

2098 3640 2443 3710 pnetermisit
2470 3641 2580 3706 ille,
2615 3641 2695 3696 sic
2734 3647 2913 3695 autem
2946 3638 3265 3694 vertendum
3301 3637 3401 3692 fuit
3432 3657 3445 3692 :
3480 3636 3548 3690 Et
3576 3653 3663 3691 so-

2096 3732 2205 3785 lum
2252 3746 2316 3785 ex
2356 3733 2469 3800 ipso
2499 3732 2731 3803 genitum
2769 3729 2937 3784 Deum
2984 3728 3226 3795 Verbum,
3260 3726 3666 3798 participatione

2097 3822 2351 3893 genitoris
2390 3824 2702 3894 non-geniti,
2728 3823 2885 3892 primi
2913 3830 2962 3876 et
2986 3821 3229 3891 majoris,
3258 3819 3423 3874 Deum
3458 3819 3521 3872 de
3552 3816 3663 3872 Deo

2098 3914 2447 3979 declaratum,
2484 3914 2754 3970 Christum
2797 3924 2847 3968 et
2896 3924 3111 3968 unctum
3142 3913 3361 3968 vocavit.
3390 3910 3456 3965 Et
3482 3926 3534 3980 p.
3561 3909 3659 3967 181

2098 4006 2140 4060 Β
2172 4026 2185 4061 :
2223 4007 2418 4078 Διόπερ
2448 4008 2540 4060 ἐπὶ
2569 4007 2742 4077 τούτῳ
2772 4005 2952 4077 ἔχρισέ
2998 4021 3079 4069 σε,
3113 3998 3157 4058 ὧ
3186 4003 3308 4066 Θεὲ,
3337 4004 3366 4056 6
3406 4002 3667 4056 ἀνωτάτω

2101 4101 2193 4156 καὶ
2243 4099 2440 4171 μείζων
2488 4098 2670 4162 αὐτὸς,
2704 4099 2733 4150 6
2762 4098 2854 4151 καί
2884 4113 2974 4149 σου
3006 4094 3158 4159 Θεὸς,
3188 4094 3262 4158 ὡς
3290 4089 3426 4148 εἶναι
3455 4093 3545 4145 καὶ
3572 4091 3666 4146 τὸν

2101 4190 2382 4263 χριόμενον
2425 4190 2520 4242 καὶ
2564 4189 2652 4241 τὸν
2695 4188 2915 4259 χρίοντα
2960 4185 3092 4238 πολὺ
3140 4185 3421 4257 πρότερον,
3450 4182 3667 4237 πάντων

2104 4282 2204 4352 μὲν
2232 4280 2358 4334 ὄντα
2387 4280 2538 4345 Θεὸν,
2573 4280 2665 4333 καὶ
2706 4277 2868 4332 αὐτοῦ
2909 4277 3267 4349 διαφερόντως
3305 4274 3398 4329 τοῦ
3446 4273 3665 4349 χριομέ-

2103 4388 2214 4434 νου,
2242 4372 2334 4426 ubi
2360 4372 2415 4425 in
2440 4370 2644 4426 Grazcis
2668 4370 2980 4426 necessario
3008 4369 3177 4438 legas,
3198 4367 3273 4430 ὡς
3295 4362 3431 4419 εἶναι
3454 4365 3544 4417 καὶ
3568 4362 3667 4417 tab

2106 4460 2390 4532 χριόμενον
2421 4460 2511 4513 τὸν
2542 4460 2762 4530 χρίοντα
2795 4459 2927 4512 πολὺ
2962 4456 3244 4526 πρότερον,
3279 4453 3413 4507 alias
3446 4459 3668 4507 senten-

2105 4555 2178 4605 tia
2208 4567 2315 4605 non
2344 4551 2631 4605 constabit.
2657 4548 2860 4603 Locum
2893 4549 2966 4601 ita
2998 4548 3175 4609 vertit,
3208 4545 3322 4600 sive
3342 4544 3523 4614 potius
3545 4560 3668 4614 per-

2108 4643 2272 4697 vertit
2305 4642 2575 4710 iuterpres
2603 4639 2921 4707 :Propterea
2951 4637 3013 4692 ob
3050 4637 3184 4689 hanc
3217 4638 3383 4706 ipsam
3427 4651 3666 4699 causam,

2106 4731 2257 4783 unxit
2291 4739 2358 4793 te,
2386 4746 2416 4784 ο
2442 4727 2604 4793 Deus,
2635 4728 2742 4782 ille.
2777 4727 2866 4797 qui
2910 4738 3028 4779 tuus
3071 4739 3268 4794 quoque
3293 4732 3368 4777 est
3398 4720 3572 4786 Deus;
3609 4733 3667 4775 ut

2108 4821 2175 4875 sit
2216 4829 2266 4873 et
2309 4820 2400 4890 qui
2428 4818 2662 4888 ungitur,
2698 4815 2861 4881 Deus,
2891 4824 2939 4870 et
2982 4816 3071 4886 qui
3113 4814 3256 4883 ungit
3290 4828 3308 4865 :
3341 4812 3430 4882 qui
3460 4810 3667 4883 quidem

2110 4914 2177 4965 sit
2208 4912 2439 4965 omnium
2470 4909 2631 4963 Deus.
2663 4906 2736 4961 Ea
2764 4921 2927 4979 porro
2947 4914 3029 4961 est
3050 4921 3175 4960 vera
3201 4903 3331 4959 dicti
3362 4902 3664 4958 sententia:

2112 4998 2238 5054 Ideo
2269 5001 2420 5053 unxit
2449 5008 2516 5064 te,
2552 5014 2581 5051 ο
2606 4997 2765 5062 Deus,
2797 4996 2886 5067 qui
2914 5010 3185 5063 supremus
3214 5003 3261 5047 et
3289 4992 3479 5063 major,
3506 5010 3567 5046 ac
3593 4990 3667 5044 tui

2110 5106 2309 5160 quoque
2341 5088 2481 5143 Deus
2508 5098 2619 5141 est:
2642 5088 2718 5140 ita
2744 5096 2800 5139 ut
2830 5102 3019 5156 angens
3042 5095 3196 5139 uncto
3221 5085 3386 5139 multo
3411 5079 3555 5163 prior
3576 5084 3664 5143 sit,

2113 5198 2229 5234 cum
2281 5180 2511 5234 omnium
2555 5177 2760 5250 quidem
2806 5179 2876 5233 sit
2903 5176 3065 5243 Deus,
3087 5179 3379 5247 praesertim
3408 5170 3525 5231 vero
3553 5175 3666 5243 ejus

2070 5330 2074 5334 Α
2115 5273 2202 5341 qui
2228 5272 2458 5340 ungitur.
2492 5269 2553 5323 Et
2584 5286 2635 5340 p.
2667 5269 2772 5323 256
2802 5268 2881 5322 A:
2919 5268 3029 5321 Kal
3062 5271 3090 5322 6
3119 5268 3260 5335 Θεὸς
3291 5270 3493 5330 Ἰσαὰκ,
3515 5259 3668 5330 ᾧκαὶ

2116 5362 2314 5433 στήλην
2346 5360 2637 5433 ἀνέστησεν
2668 5363 2697 5414 ό
2726 5358 2995 5431 θεοφιλὴς,
3029 5358 3159 5424 Θεὸς
3195 5359 3290 5428 μὲν
3328 5353 3395 5428 ἦν
3434 5355 3528 5408 καὶ
3559 5349 3670 5403 Κύ-

2119 5468 2229 5526 ρίος
2275 5453 2464 5525 (αὑτῷ
2493 5453 2601 5527 γὰρ
2627 5453 2834 5522 λέγοντι
2868 5450 3235 5523 πιστευτέον),
3266 5450 3325 5502 οὺ
3358 5447 3461 5517 μὴν
3504 5445 3533 5495 6
3576 5442 3671 5497 ἐπὶ

2113 5546 2345 5611 πάντων,
2380 5546 2490 5599 ἀλλ’
2520 5548 2548 5599 6
2581 5546 2787 5599 ἐκείνου
2814 5544 3084 5616 δεύτερος,
3116 5544 3183 5595 τὰ
3211 5539 3304 5592 τοῦ
3338 5533 3548 5605 Πατρὸς
3589 5528 3671 5598 εἷς

2111 5636 2424 5709 ἀνθρώπους
2455 5637 2861 5719 διακονούμενος
2891 5636 2981 5690 καὶ
3009 5629 3353 5710 διαγγέλλων,
3383 5626 3473 5682 ubi
3500 5627 3673 5683 inter-

526 5778 601 5848 (α)
639 5777 758 5846 Quo
788 5795 950 5837 sensu
987 5794 1082 5849 per
1112 5775 1293 5834 omnia
1324 5775 1553 5832 similem
1604 5775 1798 5831 Filium
1846 5774 2012 5841 dicat,
2052 5775 2170 5830 vide
2201 5774 2362 5832 infra.
