4042 6210
411 309 481 365 35
1109 302 1379 362 EUSEBlI
1412 297 1889 358 CESAlllENSlS
1928 295 2078 351 "PP.
2122 295 2301 354 PARS
2343 295 2432 354 lll.
2472 330 2543 341 —
2580 298 2986 361 EXEGETICA.
3596 310 3661 365 ιδ

410 440 538 498 pres
589 439 742 479 more
798 424 960 479 solito
992 441 1004 476 :
1046 422 1111 475 Et
1155 422 1294 477 Deus
1342 419 1522 483 Isaac,
1556 421 1642 473 cui
1674 428 1726 473 et
1770 418 1984 472 titulum
2014 431 2061 486 Α
2089 430 2199 470 rem
2229 414 2476 473 Graecum
2504 418 2733 484 vitiavit,
2765 426 2820 475 et
2848 420 3110 478 eatbolice
3180 423 3327 495 loqui
3375 428 3661 498 compulit.

409 518 575 574 erexit
602 516 700 573 Dei
728 518 954 577 amicus,
975 516 1115 570 Deus
1145 514 1351 585 quidem
1372 523 1487 568 erat
1513 523 1563 568 et
1588 512 1848 568 Dominus
1870 514 1996 584 (ipsi

410 611 547 665 enim
572 609 771 664 dicenti
806 607 1115 663 credendum
1139 616 1214 659 est
1238 608 1280 677 ),
1303 622 1405 660 non
1434 615 1608 659 tamen
1642 606 1686 659 is
1719 607 1808 676 qui
1834 604 1997 660 Pater

410 708 487 753 est
518 708 567 752 et
597 716 631 752 a
670 699 818 753 nullo
848 707 962 759 est;
1006 697 1093 749 sed
1118 698 1209 766 qui
1237 713 1322 761 ea,
1348 712 1463 766 qua:
1490 696 1560 748 ad
1593 694 1808 750 Patrem
1833 698 1997 765 perti-

410 801 555 855 nent,
581 788 880 844 hominibus
910 787 1276 841 subministrat
1296 797 1346 841 et
1367 788 1602 841 nuntiat.
1645 786 1745 841 Ubi
1778 796 1997 842 verten-

415 883 544 937 dum
570 893 689 937 erat
719 902 731 936 :
759 881 827 935 Et
862 880 999 935 Deus
1031 878 1213 945 Isaac,
1242 882 1330 934 cui
1372 888 1420 934 et
1470 880 1679 934 titulum
1714 881 1875 934 erexit
1918 882 1997 934 vir

413 975 506 1029 ille
534 975 829 1045 religiosus,
862 972 1002 1026 Deus
1036 971 1245 1042 quidem
1298 980 1412 1025 erat
1460 980 1509 1025 et
1557 970 1850 1035 Dominus;
1893 970 1997 1037 ipsi

414 1068 553 1121 enim
582 1068 773 1120 dicenti
800 1064 1123 1119 credendum
1157 1073 1273 1127 est;
1302 1081 1393 1118 nec
1426 1073 1597 1118 tamen
1633 1075 1747 1119 erat
1787 1065 1875 1121 ille
1904 1084 1996 1120 su-

412 1174 511 1228 pra
541 1160 716 1212 omnia
747 1155 962 1230 [Deus],
997 1159 1088 1211 sed
1122 1156 1205 1210 illi
1234 1155 1512 1221 secundus,
1547 1158 1639 1227 qui
1687 1174 1767 1213 res
1816 1156 1995 1213 Patris

411 1255 466 1308 in
490 1252 789 1307 hominibus
821 1253 1093 1306 ministrat
1142 1261 1191 1305 et
1240 1254 1472 1307 nuntiat.
1500 1252 1632 1319 Qum
1663 1255 1909 1308 recidunt
1940 1255 1994 1310 in

411 1347 559 1400 illam
595 1346 852 1416 superius
885 1351 1366 1398 commonstratam
1398 1344 1619 1400 Eusebii
1646 1347 1991 1415 sententiam,

410 1440 679 1493 unitatem
714 1437 926 1492 scilicet
950 1435 1043 1491 Dei
1072 1436 1456 1492 universorum
1487 1438 1539 1491 in
1567 1454 1673 1493 uno
1693 1436 1856 1494 Patre
1879 1455 1996 1494 ser-

410 1530 553 1592 vari,
578 1528 722 1583 Filio
754 1529 1063 1593 excluso,et
1090 1527 1145 1582 in
1178 1528 1480 1583 secundum
1512 1529 1692 1585 locum
1722 1531 1992 1600 ablegato.

416 1618 684 1675 Similiter
705 1620 900 1689 p.158,
929 1620 992 1684 C,
1031 1619 1146 1673 haec
1175 1618 1393 1675 Eusebii
1421 1622 1586 1676 verba
1620 1622 1771 1677 εὌτε
1797 1622 1854 1675 δὲ
1885 1621 1996 1675 Κύ-

420 1727 532 1783 ριον
564 1712 658 1764 καὶ
688 1710 818 1764 Θεὸν
842 1707 949 1763 οἶδε
980 1710 1072 1764 τὸν
1103 1711 1782 1782 ἐπιφαινόμενον,ταύταις
1805 1715 1995 1779 αὑταῖς

2172 509 2288 568 iam
2335 527 2443 583 quo
2496 512 2890 570 destinavimus
2921 530 3208 585 pergamus
3246 536 3259 572 :
3295 518 3663 577 substantiam

2093 624 2220 677 ergo
2264 604 2384 660 Filii
2420 604 2710 669 Eusebius,
2740 607 2902 660 aliam
2928 616 2983 662 et
3006 608 3277 663 diversam
3310 610 3469 666 docet
3503 627 3532 667 a
3561 611 3666 666 Pa-

2093 700 2195 754 tris
2223 696 2555 759 substantia,
2590 696 2754 766 idque
2781 712 2887 750 non
2913 698 2966 751 in
2997 700 3295 768 praemissis
3317 701 3479 756 modo
3505 702 3662 767 locis,

2094 790 2190 845 sed
2223 790 2388 844 etiam
2440 788 2569 841 alibi
2601 788 2955 858 plerumque;
3001 791 3081 843 sic
3117 791 3172 845 in
3201 791 3667 848 Demonstratione

2092 880 2406 951 euangelica,
2425 879 2520 934 lib.
2552 894 2605 943 v,
2637 893 2756 947 cap.
2782 879 2835 942 1,
2862 894 2981 949 pag.
3008 880 3134 945 ‘215,
3163 890 3451 953 postquam
3475 884 3665 955 inquo

2092 972 2318 1042 quadret
2338 971 2671 1040 comparatio
2693 970 2869 1025 Patris
2890 980 2943 1025 et
2963 970 3087 1027 Filii
3116 989 3239 1028 cum
3264 977 3383 1031 luce
3404 985 3457 1032 et
3479 982 3664 1048 splen-

2094 1066 2241 1128 dore,
2277 1065 2671 1135 explicaverat;
2707 1065 2760 1119 in
2794 1083 2903 1137 quo
2927 1067 3178 1121 diﬁ‘erant
3210 1066 3371 1123 Pater
3408 1080 3461 1123 et
3490 1069 3663 1126 Filius

2095 1172 2123 1211 a
2153 1156 2436 1227 splendore
2465 1164 2519 1211 et
2548 1158 2669 1212 luce
2721 1159 2801 1213 sic
2846 1167 3067 1213 enarrat
3096 1160 3267 1215 εἈλλ’
3289 1162 3351 1215 οὐ
3383 1165 3495 1226 τοῖς
3527 1164 3663 1218 ὑπο-

2092 1247 2340 1318 δείγμασι
2380 1247 2522 1301 κατὰ
2562 1246 2738 1302 πάντα
2768 1249 2966 1321 τρόπον
2993 1250 3213 1321 ὁμοίως,
3244 1251 3528 1323 ὠσπεροῦν
3559 1252 3662 1325 ήδη

2095 1341 2355 1411 πρότερον
2383 1341 2713 1412 sigma.qu
2738 1342 2833 1412 μὲν
2866 1342 2973 1413 γὰρ
2998 1343 3177 1414 ἄψυχα
3206 1343 3429 1415 σώματα
3454 1345 3514 1399 τὸ
3533 1363 3663 1418 συμ·

2095 1428 2321 1502 ϐεϐηκὸς
2354 1432 2411 1484 ἐν
2450 1431 2697 1502 ποιότησι
2728 1432 3047 1504 κέκτηνται·
3074 1435 3107 1505 ἦ
3130 1452 3188 1487 τε
3216 1435 3325 1508 γὰρ
3348 1436 3512 1508 αὐγὴ,
3532 1435 3663 1508 adp,

2095 1537 2253 1589 φυτος
2283 1518 2416 1575 οὖσα
2446 1526 2513 1594 τῇ
2547 1523 2641 1575 τοῦ
2674 1522 2849 1592 φωτὸς
2888 1525 3067 1594 φύσει,
3100 1528 3193 1580 καὶ
3230 1526 3502 1592 οὑσιωδῶς
3534 1545 3630 1583 συν

2094 1612 2409 1685 υπάρχουσα
2434 1614 2512 1685 τῷ
2538 1615 2696 1683 φωτὶ,
2725 1617 2826 1670 οὐκ
2853 1616 2917 1669 ἂν
2941 1616 3154 1671 δύναιτο
3183 1618 3338 1682 ἐκτὸς
3366 1619 3663 1689 ὑφεστάναι

2095 1706 2185 1759 τοῦ
2219 1708 2277 1758 ὲν
2313 1699 2357 1774 ᾧ
2391 1709 2537 1760 ἐστιν
2560 1723 2573 1735 ·
2611 1708 2640 1759 ὁ
2669 1707 2724 1760 δέ
2748 1724 2812 1775 γε
2834 1705 2928 1760 τοῦ
2955 1707 3089 1761 Θεοῦ
3117 1710 3287 1778 Λόγος
3319 1710 3437 1764 καθ’
3471 1711 3660 1767 ἑαυτὸν

416 1801 602 1871 σαφῶς
626 1799 888 1871 κέχρηται
911 1801 1028 1862 ταῖς
1052 1800 1407 1870 προσρήσεσι.
1440 1798 1643 1871 Κύριον
1668 1800 1724 1853 δὲ
1746 1802 1839 1853 καὶ
1860 1800 1991 1854 θεὸν
2026 1795 2066 1854 Β
2093 1797 2343 1851 οὐσίωταί
2382 1814 2443 1850 τε
2476 1798 2569 1851 καὶ
2602 1796 2895 1871 ὑφέστηκε,
2925 1800 3020 1853 καὶ
3052 1800 3151 1853 οὐκ
3188 1802 3495 1874 ἀγεννήτως
3532 1821 3659 1858 συν-

413 1893 496 1947 an
523 1891 596 1963 μὴ
622 1892 712 1946 τὸν
731 1891 904 1945 αἴτιον
925 1890 1095 1960 λέγοι,
1118 1891 1408 1962 προφανῶς
1430 1891 1707 1956 ἐπέδειξαν
1729 1892 1826 1962 τῆς
1849 1892 1997 1956 Θείας

414 1982 638 2054 Γραφῆς
689 1982 744 2033 at
788 1979 984 2044 λέξεις,
1016 1979 1243 2048 ἄγγελον
1299 1979 1432 2032 Θεοῦ
1486 1978 1875 2049 προσειποῦσαι
1906 1979 1996 2031 τὸν

415 2075 510 2128 ἐπὶ
532 2074 625 2127 τοῦ
643 2072 835 2126 Ἰακὼϐ
856 2071 1057 2142 Κύριον
1074 2072 1168 2125 καὶ
1193 2071 1323 2124 Θεὸν
1342 2070 1849 2142 προωνομασμένον.
1874 2069 1997 2123 Δεί-

316 2195 320 2200 ·
415 2168 579 2222 πεταί
611 2185 696 2231 τις
728 2167 835 2239 ἄρα
859 2167 932 2220 ὣν
956 2168 1013 2219 ὲν
1042 2171 1153 2230 τοῖς
1181 2163 1298 2220 οὖσι
1334 2167 1465 2231 Θεὸς
1493 2167 1588 2220 καὶ
1623 2166 1826 2237 Κύριος
1859 2162 1993 2235 μετὰ

413 2255 508 2309 τὸν
542 2255 888 2325 παμϐασιλέα
926 2256 1018 2308 καὶ
1049 2255 1179 2308 Θεὸν
1216 2256 1323 2308 τῶν
1355 2256 1490 2309 ὅλων
1510 2273 1523 2287 ο
1553 2255 1640 2327 εἴη
1671 2256 1714 2309 δ’
1747 2255 1813 2309 ἂν
1841 2248 1995 2317 οὗτος

415 2348 447 2400 ὁ
480 2347 586 2419 πρὸ
617 2347 828 2400 αἰώνων
861 2345 954 2400 τοῦ
986 2346 1122 2400 Θεοῦ
1149 2347 1337 2417 Λόγος,
1358 2349 1386 2400 ὁ
1410 2348 1669 2417 κρείττων
1698 2346 1797 2417 μὲν
1827 2345 1859 2416 ἢ
1893 2348 1995 2399 πᾶ-

418 2454 489 2492 σα
524 2437 790 2507 ἀγγελικὴ
823 2437 1005 2508 φύσις,
1042 2438 1206 2508 μείων
1236 2438 1292 2491 δὲ
1324 2440 1356 2508 ἢ
1400 2440 1538 2492 κατὰ
1576 2438 1636 2491 τὸ
1670 2437 1882 2510 πρῶτον
1908 2434 1995 2491 αἴ-

415 2544 552 2592 τιον,
584 2530 658 2582 ita
694 2529 884 2583 Latine
915 2529 1043 2584 fecit
1071 2529 1160 2583 ille
1194 2548 1206 2583 :
1241 2530 1454 2594 Quoties
1479 2546 1595 2583 vero
1622 2528 1909 2583 D:.minum
1942 2537 1993 2583 ct

418 2619 609 2684 Deum,
660 2638 777 2673 eum
825 2622 917 2691 qui
957 2631 1175 2691 apparet
1221 2622 1491 2693 intelligit,
1527 2622 1607 2676 Itis
1647 2623 1775 2691 ipsis
1814 2623 1994 2690 palam

418 2713 594 2765 utitur
639 2710 991 2768 locationibus
1024 2730 1042 2767 :
1070 2712 1210 2784 qned
1258 2732 1373 2768 vero
1409 2715 1689 2769 Dominum
1730 2714 1996 2785 Deumque

418 2819 521 2857 non
551 2820 665 2855 eum
694 2804 954 2874 significet
984 2805 1075 2875 qui
1109 2803 1276 2858 Pater
1305 2814 1405 2869 est,
1440 2807 1569 2875 ipsa!
1601 2804 1889 2875 Scriptura?
1910 2806 1997 2859 di-

419 2896 550 2949 uina:
596 2895 888 2949 locutiones
929 2897 983 2949 in
1018 2897 1374 2963 superioribus
1410 2897 1795 2952 euidentissime
1825 2907 1998 2951 osten-

414 2989 572 3055 dunt,
601 2990 690 3042 ubi
719 2989 963 3059 angelum
999 2989 1097 3043 Dei
1123 2990 1389 3059 appellant
1424 3007 1540 3043 eum
1571 2992 1780 3060 quicum
1807 2989 1869 3044 de
1897 2988 1998 3043 Ja-

417 3084 514 3138 cob
543 3101 713 3139 sermo
742 3094 910 3147 esset;
942 3091 1174 3153 superest
1211 3083 1373 3153 igitur
1404 3093 1462 3136 ut
1495 3099 1811 3154 qutzramus,
1846 3083 1993 3153 quis-

2098 1889 2322 1960 υπὰρχει
2374 1887 2452 1960 τῷ
2499 1890 2695 1961 Πατρὶ,
2726 1890 2837 1943 ἀλλ’
2866 1888 2941 1954 ὡς
2995 1893 3286 1965 μονογενὴς
3327 1894 3455 1959 Υἱὸς
3502 1895 3661 1967 μόνος

2096 1981 2200 2053 πρὸ
2228 1981 2443 2035 πάντων
2474 1982 2583 2035 τῶν
2620 1980 2828 2035 αἰώνων
2860 1984 2923 2036 ὲκ
2964 1982 3058 2035 τοῦ
3089 1984 3303 2057 Πατρὸς
3326 1990 3659 2061 γεγεννημέ-

2096 2091 2199 2137 νος,
2223 2073 2327 2127 hoc
2356 2081 2439 2128 est
2466 2093 2478 2128 :
2511 2073 2612 2128 Sed
2637 2091 2739 2128 non
2772 2074 3066 2129 omnimodo
3093 2081 3445 2145 exemplorum
3474 2081 3661 2137 simili-

2097 2166 2214 2218 tudo
2238 2167 2499 2229 convenit,
2528 2175 2585 2219 ut
2604 2166 2721 2237 jam
2751 2167 2950 2221 dictum
2974 2168 3074 2238 fuit
3101 2185 3120 2222 :
3149 2185 3272 2221 nam
3313 2185 3534 2237 corpora
3571 2170 3659 2224 in-

2096 2257 2329 2310 animato
2389 2257 2631 2312 accidens
2658 2259 2712 2312 in
2742 2258 3087 2329 qualitatibus
3120 2259 3351 2315 obtinent
3376 2275 3394 2313 :
3417 2261 3663 2330 splendor

2094 2351 2224 2403 enim
2253 2366 2368 2402 cum
2397 2361 2602 2405 natura:
2632 2349 2763 2404 lucis
2790 2360 3045 2404 connatus
3081 2350 3172 2412 sit,
3205 2358 3253 2404 et
3293 2349 3661 2407 substantiali—

2097 2448 2173 2492 ter
2192 2456 2311 2493 cum
2340 2440 2455 2494 luce
2488 2442 2796 2504 cocxsistat,
2827 2450 2979 2494 extra
3009 2440 3235 2510 idipsum
3259 2441 3313 2494 in
3338 2459 3437 2513 quo
3465 2453 3540 2498 est
3569 2461 3658 2499 ne-

2094 2544 2352 2601 quaquam
2394 2531 2679 2586 subsistere
2708 2536 2908 2601 possit;
2940 2541 2994 2585 at
3024 2531 3120 2585 Dei
3165 2530 3385 2587 Verbum
3408 2550 3503 2603 per
3532 2551 3587 2590 se
3608 2544 3659 2590 et

2095 2623 2308 2675 seorsim
2343 2622 2697 2677 substantiam
2719 2622 2911 2677 obtinet
2941 2632 2989 2677 et
3018 2623 3297 2690 subsistit;
3334 2642 3494 2696 neque
3512 2627 3659 2698 inge-

2096 2712 2196 2765 nite
2224 2711 2283 2782 (i.
2309 2728 2358 2767 e.
2382 2722 2440 2765 ut
2464 2713 2975 2783 non-genitus)Patri
2999 2715 3266 2767 coexsistit
3290 2730 3309 2778 ,'
3339 2716 3429 2769 sed
3454 2725 3509 2769 ut
3540 2717 3660 2771 uni-

2094 2804 2289 2875 genitus
2326 2801 2523 2867 Filius,
2556 2805 2702 2857 solus
2738 2812 2859 2857 ante
2887 2804 3063 2856 omnia
3084 2804 3279 2859 stvcula
3304 2820 3369 2859 ea:
3396 2805 3558 2860 Patre
3575 2824 3663 2876 ge-

2096 2897 2252 2951 nitus.
2284 2894 2604 2965 Pariterque
2634 2896 2728 2949 lib.
2761 2910 2813 2950 v1
2845 2895 2999 2949 initio
3029 2896 3297 2965 prooemii,
3332 2897 3474 2952 ineo
3498 2914 3661 2968 quem

2096 3003 2255 3058 supra
2307 2986 2598 3043 retulimus
2652 2988 2791 3049 loco,
2822 2987 2899 3041 ait
2952 2985 3149 3041 Filium
3198 3003 3320 3044 esse
3368 2992 3662 3045 secundam

2096 3087 2213 3149 post
2257 3076 2473 3133 Patrem
2522 3078 2905 3141 substantiam,
2946 3093 3067 3150 quae
3098 3078 3260 3134 rebus
3290 3079 3451 3133 factis
3483 3081 3663 3134 omni-

422 3191 547 3228 nam
578 3177 667 3237 sit,
701 3176 756 3229 in
788 3176 853 3228 iis
886 3190 1001 3245 qua:
1030 3184 1175 3240 sunt,
1212 3174 1351 3228 Deus
1398 3184 1448 3228 et
1503 3174 1775 3239 Dominus,
1801 3184 1991 3244 pra'ter
2018 3158 2060 3215 (ἶ
2094 3172 2194 3227 bus
2224 3172 2428 3242 praesit.
2468 3168 2532 3223 Et
2569 3171 2662 3227 lib.
2695 3186 2711 3223 l
2775 3170 2974 3226 Contra
3019 3172 3350 3237 Marcellum,
3390 3187 3444 3241 p.
3476 3172 3529 3236 5,
3564 3173 3663 3239 ait,

423 3264 638 3319 Patrem
692 3267 945 3330 omnium,
1000 3274 1049 3319 et
1084 3282 1255 3337 regem
1280 3266 1544 3337 Deumque
1592 3268 1818 3322 universi
1847 3284 1865 3321 :
1893 3269 1995 3321 erit

422 3370 599 3412 autent
626 3359 711 3412 hic
753 3357 974 3412 Verbum
1012 3358 1129 3423 Dei,
1172 3359 1309 3431 quod
1337 3369 1412 3413 est
1441 3369 1561 3413 ante
1594 3362 1811 3425 saecula,
1843 3377 1996 3429 supe-

424 3448 535 3500 rior
571 3448 779 3518 quidem
808 3450 950 3503 omni
993 3450 1231 3520 angelica
1277 3461 1488 3516 natura,
1521 3451 1785 3518 profectus
1822 3460 1995 3504 autem

421 3538 489 3591 ab
536 3554 616 3596 eo.
645 3540 736 3609 qui
771 3538 933 3593 Pater
980 3549 1079 3595 est.
1115 3538 1221 3595 Sed
1262 3536 1418 3611 longe
1450 3542 1555 3595 alia
1588 3540 1793 3610 profert
1825 3539 1995 3596 Euse-

420 3629 567 3693 bius,
596 3631 807 3685 scilicet
833 3649 846 3686 :
874 3630 1006 3686 Cum
1033 3649 1152 3686 vero
1187 3632 1471 3686 Dominum
1499 3644 1549 3688 et
1576 3632 1765 3698 Deum,
1788 3634 1877 3703 qui
1903 3649 1998 3703 ap-

418 3732 592 3788 paret,
616 3739 727 3777 esse
756 3726 1013 3793 agnoscit,
1047 3725 1234 3778 iisdem
1288 3726 1416 3795 ipsis
1463 3725 1605 3779 clare
1640 3727 1807 3779 utitur
1828 3726 1999 3795 appel-

426 3813 712 3867 lationibus
736 3830 752 3867 :
776 3816 913 3884 quod
947 3831 1064 3868 vero
1094 3814 1377 3869 Dominum
1407 3826 1456 3870 et
1481 3817 1647 3871 Deum
1676 3819 1997 3883 dicens,non

422 3920 565 3969 eum,
587 3906 676 3975 qui
706 3903 884 3960 Causa
910 3916 1009 3970 est,
1034 3908 1310 3977 signiﬁcet,
1334 3909 1596 3963 evidenter
1616 3910 1891 3964 ostendunt
1913 3909 1996 3962 di-

425 3999 561 4052 uina:
592 3996 881 4069 Scriptura:
911 4016 1076 4063 voces,
1110 4016 1225 4071 qua:
1256 4002 1495 4071 angelum
1534 4000 1632 4056 Dei
1661 4004 1832 4071 ipsum
1864 4017 1999 4055 nun-

425 4103 645 4160 cupant,
676 4092 767 4162 qui
808 4090 1010 4147 Jacobo
1058 4091 1245 4166 [visus]
1297 4093 1549 4149 Dominus
1594 4103 1645 4148 et
1678 4093 1814 4148 Deus
1843 4104 1998 4147 antea

427 4182 724 4252 appellatus
752 4192 847 4238 est.
875 4182 1057 4237 Restat
1087 4200 1207 4254 ergo
1233 4185 1493 4254 quispiam
1512 4184 1647 4237 inter
1676 4198 1739 4237 ea
1766 4198 1881 4252 quw
1902 4196 1998 4235 ex»

424 4278 621 4331 sistunt
670 4275 812 4330 Deus
857 4285 905 4329 et
959 4275 1239 4342 Dominus,
1289 4288 1406 4344 post
1448 4277 1682 4330 omnium
1732 4291 1900 4345 regem
1950 4284 2001 4329 et

428 4360 594 4417 Deum
625 4366 985 4418 universorum
1013 4379 1033 4416 :
1061 4366 1105 4417 is
1132 4375 1306 4418 autem
1332 4363 1514 4434 fuerit,
1544 4365 1634 4435 qui
1657 4376 1779 4417 ante
1807 4363 2002 4418 uacula

426 4465 529 4521 est,
563 4455 662 4510 Dei
698 4455 943 4519 Verbum,
975 4459 1146 4525 major
1169 4456 1376 4526 quidem
1409 4456 1552 4510 omni
1587 4455 1821 4524 angelica
1848 4463 2003 4508 natu.

430 4563 528 4612 ra,
558 4547 731 4601 minor
760 4565 877 4603 vero
905 4547 1004 4601 illa
1046 4549 1219 4616 prima
1260 4565 1443 4602 causa.
1481 4545 1585 4603 Ubi
1616 4547 1683 4602 de
1714 4561 1863 4601 more
1893 4544 2001 4600 Eu-

429 4638 616 4695 sebius
639 4638 839 4694 Filium
862 4638 979 4704 Dei,
1003 4653 1035 4693 a
1056 4640 1317 4710 primaria
1345 4641 1433 4694 illa
1451 4639 1649 4696 deitate
1674 4647 1727 4694 et
1753 4639 1998 4695 omnium

431 4745 600 4787 causa
629 4730 924 4795 seclusum,
950 4731 1212 4802 dignitate
1239 4742 1291 4788 et
1311 4732 1504 4788 ordine
1529 4747 1629 4787 ceu
1660 4730 1900 4786 medium
1925 4732 2003 4786 in-

433 4828 519 4875 ter
567 4819 735 4874 Deum
775 4829 828 4874 et
871 4822 1093 4888 angelos
1140 4822 1442 4879 constituit.
1477 4822 1745 4876 Sescenta
1780 4822 1885 4876 alia
1931 4837 1999 4878 ex

429 4910 729 4981 euangelica
769 4908 1225 4967 Demonstratione
1280 4913 1398 4969 loca
1445 4911 1636 4967 aﬁ'erre
1667 4914 1720 4966 in
1749 4920 2000 4983 promptu

378 5046 391 5067 ,
433 5008 603 5067 esset,
621 5003 709 5057 ubi
734 5003 999 5075 interpres
1029 5004 1321 5061 Eusebium
1354 5003 1420 5059 ad
1447 5005 1768 5060 catholicam
1798 5004 2001 5060 doctri-

434 5107 564 5149 nam
592 5094 676 5149 vel
710 5094 935 5150 invitum
966 5097 1189 5152 deduxit
1219 5115 1233 5151 :
1259 5097 1351 5153 sed
1386 5097 1502 5152 haec
1533 5096 1719 5153 lectori
1753 5103 1914 5152 erunt
1937 5096 2001 5151 ad

433 5184 706 5241 cautelam
738 5184 895 5248 satis,
928 5201 997 5241 ne
1042 5184 1096 5239 in
1144 5183 1335 5239 Latina
1382 5184 1635 5241 versione
1683 5198 1743 5239 se
1785 5182 2002 5237 Eusebii

434 5274 761 5331 sententiam
801 5276 1073 5347 expiscari
1119 5290 1280 5346 posse
1314 5274 1567 5331 conﬁdat.
1600 5274 1838 5331 Estimo
1875 5288 2005 5328 sane

433 5368 638 5424 multos
670 5368 985 5439 interpretis
1016 5367 1246 5422 artiﬁcio
1267 5367 1334 5422 ad
1357 5364 1574 5424 Eusebii
1600 5366 1857 5422 tutandas
1882 5381 2005 5439 par-

435 5466 519 5515 tes
538 5459 841 5516 accessisse
871 5475 888 5514 :
920 5473 1045 5513 nam
1096 5457 1145 5514 is
1192 5458 1375 5513 sciens
1403 5466 1458 5514 et
1483 5458 1720 5529 prudens
1769 5456 2004 5528 scripto-

517 5674 597 5736 ιι)
648 5664 778 5736 Vide
800 5671 1075 5736 comment.
1104 5662 1327 5736 infsgl.
1370 5674 1490 5736 pag.

438 5733 629 5790 contra
671 5734 1009 5804 Marcellum,
1046 5734 1100 5797 4,
1126 5733 1215 5802 69,
1250 5733 1336 5800 79,
1381 5733 1498 5785 MM.

2094 3277 2213 3318 eum
2237 3263 2329 3332 qui
2360 3262 2558 3316 dixerit
2587 3260 2803 3317 Patrem
2828 3270 2883 3316 et
2913 3261 3106 3317 Filium
3139 3263 3444 3317 substantia
3466 3279 3659 3326 unum,

2095 3360 2274 3424 aperte
2310 3350 2677 3406 Sabellianum
2704 3367 2826 3407 esse
2846 3369 2861 3415 ;
2883 3359 2938 3406 et
2966 3369 3017 3422 p.
3044 3354 3115 3408 25
3143 3365 3430 3409 accusatus
3454 3369 3484 3407 a
3518 3353 3663 3409 Mar-

2095 3445 2227 3500 cello
2275 3442 2580 3507 Eusebius,
2618 3444 2759 3512 quod
2809 3452 2947 3499 lcsle
3000 3443 3258 3500 Narcisso
3315 3444 3663 3510 Neroniadis,

2095 3535 2227 3589 duas
2279 3550 2400 3590 esse
2445 3534 2626 3590 Patris
2665 3542 2719 3590 et
2771 3534 2895 3589 Filii
2926 3536 3261 3593 substantias
3294 3537 3519 3602 diceret,
3548 3552 3661 3594 rem

2098 3626 2188 3681 ille
2218 3641 2326 3681 non
2357 3634 2537 3696 negat,
2570 3626 2667 3681 sed
2698 3627 2803 3680 alio
2830 3641 2943 3681 rem
2989 3635 3043 3682 et
3090 3643 3396 3683 sermonem
3421 3630 3663 3686 divertit.

2098 3720 2333 3792 Tempus
2359 3736 2445 3775 me
2474 3720 2749 3785 deﬁceret,
2778 3723 2822 3777 si
2847 3722 3045 3778 similia
3076 3721 3294 3778 Eusebii
3321 3724 3437 3780 loca
3468 3734 3667 3795 conge-

2099 3830 2218 3871 rere
2250 3814 2440 3870 vellem
2471 3832 2484 3867 :
2518 3812 2585 3867 de
2605 3813 2873 3869 industria
2898 3815 3046 3871 enim
3071 3815 3161 3870 ille
3181 3817 3387 3886 passim
3421 3832 3535 3872 rem
3558 3817 3668 3887 agi-

2100 3917 2178 3963 tat
2206 3916 2261 3963 et
2296 3906 2657 3977 comprobare
2685 3907 2879 3962 nititur
2913 3906 3013 3979 (a).

2164 4042 2246 4092 Vl.
2275 4039 2521 4091 Eusebius
2544 4041 2658 4091 Filii
2682 4042 2918 4092 deitatem
2941 4044 3086 4094 aliam
3110 4044 3284 4091 statuit
3315 4056 3340 4090 a
3367 4048 3590 4105 paterna.

2165 4166 2303 4221 Cum
2334 4183 2464 4238 ergo
2509 4167 2705 4222 Filium
2740 4167 2966 4223 diversae
3001 4181 3030 4221 a
3066 4178 3296 4237 paterna
3350 4166 3669 4224 substantia

2100 4260 2265 4322 dicat,
2298 4259 2426 4313 hinc
2455 4259 2807 4329 consequitur
2834 4264 2893 4311 ut
2918 4257 3170 4312 deitatem
3193 4259 3353 4313 aliam
3382 4272 3412 4312 a
3445 4266 3668 4329 paterna

2100 4351 2155 4404 in
2190 4349 2330 4406 Filio
2369 4366 2493 4406 esse
2519 4349 2749 4405 doceat:
2782 4349 2923 4421 quod
2958 4348 3084 4405 licet
3111 4349 3303 4405 eodem
3349 4351 3578 4414 recidat,
3603 4366 3667 4406 ex
3752 4400 3758 4408 .

2102 4434 2235 4514 ipsis
2275 4442 2491 4500 Eusebii
2532 4442 2695 4498 dictis
2718 4441 2933 4513 planius
2962 4441 3150 4496 evadet
3177 4461 3189 4496 :
3220 4438 3365 4496 unde
3396 4441 3560 4495 etiam
3585 4455 3672 4496 as-

2106 4545 2319 4593 seratur
2350 4537 2496 4607 quod
2542 4536 2698 4591 initio
2737 4536 3230 4607 comprobavimus,
3266 4535 3476 4591 scilicet
3502 4534 3674 4591 Euse—

2108 4630 2252 4684 bium
2305 4630 2569 4685 unitatem
2620 4629 2839 4685 deitatis
2882 4632 2938 4686 in
2975 4644 3083 4683 uno
3116 4626 3273 4683 Patre
3317 4628 3671 4683 constitui-re.

2104 4721 2193 4776 Ait
2224 4723 2387 4793 igitur
2422 4723 2515 4779 lib.
2544 4739 2575 4774 ν
2617 4722 2768 4777 Dem.
2800 4739 3010 4793 evang.,
3042 4738 3091 4774 c.
3126 4721 3217 4783 30,
3262 4735 3317 4789 p.
3349 4716 3455 4775 255
3484 4716 3677 4776 ςἈλλὰ

2104 4815 2211 4887 γὰρ
2254 4814 2321 4868 δι’
2350 4814 2486 4868 ὅλων
2517 4814 2811 4885 τριάκοντα
2841 4811 3191 4883 προφητικῶν
3221 4811 3529 4880 κεφαλαίων
3556 4809 3676 4864 δεύ-

2106 4924 2259 4978 τερον
2283 4906 2414 4960 Θεὸν
2450 4906 2588 4977 μετὰ
2618 4906 2708 4960 τὸν
2739 4905 2997 4959 ἀνωτάτω
3025 4904 3118 4957 ual.
3139 4904 3230 4957 ἐπὶ
3258 4905 3410 4968 πᾶσι,
3444 4903 3533 4957 τὸν
3568 4901 3680 4954 Σω-

2106 4998 2248 5070 τῆρα
2290 5000 2386 5052 καὶ
2425 4998 2628 5069 Κύριον
2656 5000 2688 5068 ἡ
2699 4996 2835 5068 μῶν,
2865 4997 2958 5051 τὸν
3002 4995 3095 5049 τοῦ
3144 4993 3279 5048 Θεοῦ
3323 4993 3513 5062 Λόγον,
3541 4985 3713 5070 εἶναι*

2110 5089 2505 5163 μεμαθηκότες,
2533 5090 2617 5159 ἐφ’
2643 5090 2832 5161 ἑτέραν
2876 5088 2976 5159 τῆς
3017 5088 3134 5142 κατ’
3164 5085 3324 5140 αὑτὸν
3367 5080 3680 5153 οἰκονομίας

2108 5180 2361 5237 ὑπόθεσιν
2388 5180 2825 5253 μεταϐησόμεθα.
2847 5177 2950 5235 Ubi
2974 5180 3245 5250 interpres
3267 5191 3366 5248 pro
3391 5189 3541 5229 more
3564 5173 3679 5226 haec

2108 5273 2274 5344 impia
2294 5273 2440 5327 dicta
2474 5272 2543 5326 ad
2568 5270 2892 5326 catholicam
2917 5270 3242 5327 sententiam
3273 5265 3534 5321 detorsit:
3551 5276 3678 5317 nam

2111 5365 2194 5420 sic
2232 5362 2512 5419 transtulit
2542 5381 2556 5418 :
2588 5363 2798 5418 Atenim
2844 5371 3118 5433 postquam
3165 5361 3413 5415 hactenus
3443 5370 3509 5412 ea:
3554 5354 3677 5407 totis

2115 5454 2331 5526 triginta
2368 5454 2681 5525 propheticis
2722 5453 3003 5525 capitibus,
3036 5453 3224 5518 Deum,
3254 5448 3583 5505 Salvatorem
3616 5458 3679 5499 ac

1530 5660 1658 5719 εις).
1696 5658 1835 5721 534:
1888 5658 1997 5714 Den

2098 5667 2185 5714 ur.
2224 5656 2431 5730 erait}.
2501 5654 2620 5725 “8,
2670 5652 2793 5721 {55,
2841 5653 2969 5720 202,
3023 5652 3154 5716 250,
3196 5649 3323 5718 2'55,
3381 5646 3509 5715 234,
3537 5645 3678 5713 255;
