4042 6210
316 280 390 336 37

1096 274 1603 333 COMMENTARIA
1644 274 1711 328 IN
1751 273 2093 331 PSALMOS.
2136 304 2206 317 -—-
2243 274 2796 333 PRAELIMINARIA.

3503 281 3572 335 58

320 395 608 454 Dominum
648 400 909 460 nostrum,
942 392 1040 453 Dei
1082 392 1304 447 Verbum
1342 408 1454 446 esse
1482 389 1787 452 didicimus,
1816 390 1884 443 ad
1914 398 1956 452 Α
1990 401 2048 444 ut
2102 390 2263 446 habet
2315 388 2612 460 Gregorius
2667 389 3081 447 Nazianzenus:
3118 391 3199 447 sic
3245 392 3274 446 6
3324 390 3575 462 Θεολόγος

317 487 546 540 alterunt
578 483 693 553 ejus
722 499 838 554 qua:
872 482 938 536 ad
969 482 1205 535 eumdem
1228 481 1447 549 pertinet
1485 481 1888 549 dispensationis

317 586 686 649 argumentum
723 585 1074 629 transeamus.
1110 574 1213 629 Ubi
1244 571 1564 628 vertendum
1612 572 1714 627 fuit
1750 591 1762 626 :
1792 572 1890 625 At-

314 672 455 726 enim
490 679 770 738 postquam
796 682 860 721 ea:
884 668 1009 721 totis
1031 665 1248 736 triginta
1270 665 1581 734 propheticis
1605 664 1887 732 capitibus,

315 761 607 818 secundum
634 760 821 823 Deum,
872 768 987 827 post
1028 759 1180 813 illum
1211 774 1510 827 supremum
1538 768 1585 811 et
1611 758 1700 828 qui
1727 773 1890 825 supra

322 856 498 912 omnia
543 864 641 920 est,
672 852 1003 908 Salvatorcm
1053 852 1253 907 scilicet
1297 851 1582 905 Dominum
1629 861 1887 913 nostrum,

325 948 425 1004 Dei
461 945 703 1008 Verbum,
736 961 847 1000 esse
874 944 1193 1008 didicimus;
1222 944 1337 1013 jam
1364 943 1433 996 ad
1451 942 1599 996 aliud
1622 943 1736 1012 ejus
1757 958 1892 996 teco-

326 1039 514 1094 nomias
559 1045 924 1107 argumentum
974 1047 1323 1090 transeamus.
1360 1033 1460 1088 llic
1493 1034 1646 1090 vides
1692 1050 1890 1089 secun-

326 1130 474 1192 dum,
505 1129 621 1185 sive
651 1128 885 1183 alterum
918 1125 1110 1191 Deum,
1136 1144 1166 1181 a
1195 1143 1448 1197 supremo
1473 1128 1565 1181 illo
1591 1135 1644 1181 et
1675 1126 1767 1197 qui
1801 1140 1893 1180 su-

326 1238 421 1296 pra
444 1223 627 1277 omnia
654 1229 759 1285 est,
783 1219 1125 1283 distinctum,
1154 1219 1437 1289 praedicari
1470 1237 1484 1274 :
1518 1233 1643 1272 nam
1674 1217 1893 1288 utrique

324 1324 478 1369 Suam
510 1312 764 1367 deitatem
811 1310 1056 1373 ascribit,
1094 1310 1318 1365 alteram
1344 1323 1656 1378 supremam
1684 1315 1739 1362 et
1777 1323 1893 1361 ma-

317 1405 517 1475 jorem,
548 1419 669 1473 quae
696 1403 761 1457 ad
781 1402 996 1458 Patrem
1019 1442 1033 1467 ,
1058 1402 1283 1458 alteram
1315 1416 1446 1457 vero
1467 1402 1751 1462 minorem,
1774 1415 1895 1471 qua:

320 1498 392 1552 ad
418 1496 939 1565 Filium,pertineat.
973 1496 1037 1549 Et
1064 1510 1190 1550 vero
1222 1495 1277 1549 in
1308 1494 1448 1548 libro
1480 1494 1657 1563 primo
1691 1491 1891 1547 Contra

327 1588 655 1653 Marcellum,
688 1588 893 1643 diserte
941 1594 995 1641 et
1024 1587 1142 1641 sine
1171 1586 1397 1656 ambage
1423 1584 1490 1640 de
1519 1583 1677 1639 Patre
1698 1584 1773 1637 ait
1800 1585 1891 1637 :'O

324 1680 425 1752 τὴν
468 1680 671 1749 οἰκείαν
713 1678 939 1748 Θεότητα
968 1676 1318 1747 κεκτημένος,
1349 1676 1437 1746 qui
1478 1676 1743 1745 propriam
1789 1673 1892 1728 sibi

326 1746 578 1829 deitatem
608 1746 828 1826 obtinet.
853 1746 1038 1839 Neque
1070 1770 1237 1830 enim,
1271 1778 1328 1823 ut
1359 1770 1448 1823 ille
1488 1770 1689 1839 passim
1718 1768 1894 1838 loqui-
1926 1746 1966 1801 Β

326 1875 439 1929 tur,
471 1863 670 1918 Filium
701 1862 765 1916 ad
801 1862 946 1914 illam
986 1860 1293 1929 primariam
1322 1861 1594 1930 pertinuere
1635 1859 1893 1913 deitatem

327 1966 514 2029 putat;
537 1954 630 2011 sed
662 1954 886 2010 seorsim
914 1968 945 2006 a
968 1951 1127 2007 Patre
1150 1953 1415 2007 minorem
1438 1967 1560 2006 esse
1582 1950 1746 2006 Deum
1769 1965 1897 2021 pro-

304 2050 546 2103 rnuntiat
572 2066 586 2102 :
616 2061 737 2100 nam
772 2046 825 2100 in
867 2046 1107 2100 secundo
1142 2043 1343 2101 Contra
1366 2042 1680 2097 Marcellum
1732 2042 1892 2109 libro,

329 2160 451 2215 cap.
475 2144 542 2198 16
569 2153 622 2198 et
652 2143 737 2207 17,
763 2157 883 2212 pag.
906 2140 1007 2195 126
1030 2150 1082 2195 et
1106 2140 1228 2205 127,
1260 2154 1358 2209 pro
1390 2138 1598 2193 viribus
1623 2137 1897 2208 depugnat

328 2235 420 2292 ille
447 2235 657 2291 Patrem
699 2243 752 2290 et
784 2232 981 2287 Filium
1011 2248 1119 2287 non
1146 2231 1396 2287 eumdem
1429 2246 1550 2285 esse
1578 2229 1742 2284 Deum
1765 2247 1779 2295 ;
1802 2229 1896 2284 sed

327 2343 398 2384 ex
428 2328 573 2382 inani
600 2328 688 2382 illa
732 2328 1105 2389 distinctione.
1133 2341 1298 2398 quam
1330 2325 1384 2379 in
1416 2323 1591 2393 primo
1619 2321 1895 2393 Evangelii

323 2416 556 2476 Joannis
583 2421 853 2476 versiculo
873 2420 1332 2485 comminiscitur,
1358 2418 1523 2472 alium
1570 2430 1691 2472 esse
1726 2412 1895 2467 Deum

330 2512 423 2581 qui
476 2527 641 2583 supra
689 2512 871 2567 omnia
903 2518 1019 2576 est,
1056 2510 1221 2564 alium
1260 2523 1388 2565 vero
1418 2507 1606 2569 Deum,
1642 2504 1734 2575 qui
1762 2501 1898 2557 Ver-

329 2603 460 2659 bum
509 2603 729 2659 dicitur.
765 2602 1068 2674 Siquidem,
1104 2602 1181 2656 ait
1223 2600 1342 2662 ille,
1391 2598 1506 2653 htec
1551 2593 1899 2665 evangelista:

328 2696 492 2750 verba
526 2695 645 2752 :‘Ev
676 2696 818 2766 ἀρχῇ
856 2690 924 2765 ἦν
970 2695 999 2746 6
1040 2693 1234 2761 Λόγος·
1264 2688 1357 2743 καὶ
1388 2690 1416 2741 6
1446 2686 1614 2755 Λόγος
1655 2680 1723 2756 ἦν
1762 2680 1897 2753 πρὸς

328 2784 419 2839 τὸν
450 2784 612 2838 Θεόν·
664 2784 759 2838 καὶ
794 2782 924 2846 Θεὸς
953 2778 1020 2852 ἦν
1048 2784 1077 2835 6
1104 2780 1296 2850 Λόγος,
1328 2778 1495 2832 Deum
1527 2775 1741 2829 Patrem
1772 2787 1895 2826 cum

328 2874 564 2927 articulo
602 2874 934 2942 exprimunt,
969 2871 1101 2942 πρὸς
1140 2869 1231 2922 τὸν
1265 2866 1417 2929 Θεὸν,
1448 2864 1617 2920 Deum
1650 2877 1780 2917 vero
1807 2859 1896 2914 Fi-

331 2966 464 3018 lium
503 2965 621 3019 sine
645 2963 893 3023 articulo,
925 2963 1019 3016 καὶ
1049 2962 1178 3025 Θεὸς
1201 2957 1267 3031 ἧν
1290 2962 1319 3013 ὁ
1343 2958 1513 3027 Λόγος
1544 2976 1557 3011 :
1586 2971 1651 3012 ex
1674 2970 1783 3026 quo
1809 2969 1898 3007 ar-

331 3057 450 3126 guit
497 3056 607 3117 ille,
656 3055 824 3109 Deum
856 3054 1089 3109 Verbum
1137 3054 1257 3109 sine
1290 3052 1517 3106 articulo
1550 3062 1891 3119 expressum,

334 3145 502 3197 alium
531 3159 652 3198 esse
689 3143 857 3199 Deum
886 3142 955 3195 ab
980 3158 1045 3197 eo
1076 3143 1167 3211 qui
1215 3156 1339 3195 cum
1391 3138 1619 3192 articulo
1644 3136 1896 3206 exprimi-

331 3245 427 3291 tur
444 3253 459 3301 ;
476 3245 638 3306 atque
665 3236 735 3289 ita
769 3233 988 3289 Sabellii
1016 3233 1188 3287 errori
1212 3247 1271 3286 se
1293 3245 1579 3289 occurrere
1603 3236 1774 3298 putat,
1798 3228 1894 3297 qni

331 3328 602 3391 crederet,
647 3324 862 3379 Patrem
921 3332 975 3380 et
1036 3321 1232 3377 Filium
1276 3337 1385 3376 non
1433 3318 1679 3374 eumdem
1737 3318 1895 3372 modo

331 3416 502 3474 Deum
521 3457 535 3479 ,
568 3417 662 3473 sed
690 3414 935 3471 eamdem
959 3430 1083 3471 esse
1115 3428 1423 3485 personam,
1452 3426 1571 3482 qua:
1597 3410 1893 3466 secundum

334 3512 514 3567 varias
547 3508 878 3580 intelligendi
903 3510 1143 3563 rationes
1168 3506 1615 3576 distingueretur,
1644 3519 1708 3559 ac
1733 3503 1895 3559 modo

333 3600 514 3666 Pater,
552 3601 712 3656 modo
743 3600 910 3656 Filius
934 3608 987 3656 et
1020 3599 1251 3656 Verbum
1285 3600 1665 3687 appellaretur.

637 3730 743 3781 VII.
768 3731 971 3782 Grandis
992 3732 1347 3795 paralogismus
1367 3730 1589 3781 Eusebii.

406 3835 477 3889 At
504 3850 614 3890 non
643 3835 791 3890 videt
816 3834 1083 3891 Eusebius
1113 3851 1171 3891 se
1202 3836 1256 3889 in
1280 3835 1605 3905 impietatem
1638 3831 1897 3887 Sabellia-

334 3945 405 3985 na
448 3929 588 3985 forte
617 3928 941 3983 deteriorem
977 3927 1240 3991 incidere,
1276 3942 1339 3981 ac
1368 3941 1525 3983 sacro
1553 3926 1896 3995 evangelista

332 4022 589 4095 grandem
626 4021 1044 4091 paralogismum
1078 4019 1349 4091 aﬁingere.
1381 4018 1515 4073 Nam
1558 4019 1624 4085 si,
1653 4029 1711 4073 ut.
1744 4027 1896 4089 putat

334 4112 622 4179 Eusebius,
652 4113 984 4183 evangelista
1015 4110 1181 4167 Deum
1216 4112 1381 4165 alium
1431 4112 1689 4181 majorem
1721 4120 1776 4166 et
1802 4127 1897 4167 su-

332 4221 579 4278 premum
619 4206 707 4261 hic
754 4205 975 4269 indicet,
1006 4204 1168 4257 alium
1202 4218 1329 4258 vero
1357 4204 1619 4257 minorem
1654 4208 1707 4256 et
1741 4203 1896 4272 longe

334 4301 685 4372 inaequalem;
720 4299 1078 4369 incogitanter
1108 4295 1397 4351 admodum
1442 4294 1703 4357 Joannes,
1734 4305 1793 4349 ut
1820 4294 1896 4349 ait

336 4394 655 4464 plerumque
686 4392 1016 4447 Athanasius
1042 4435 1057 4457 ,
1108 4404 1199 4446 res
1241 4389 1375 4444 adeo
1423 4389 1727 4459 disparatas
1780 4387 1897 4442 sine

340 4482 450 4535 ulla
471 4483 837 4548 distinctione,
865 4497 972 4537 uno
992 4482 1292 4552 eodemque
1319 4481 1584 4536 vocabulo
1613 4486 1897 4548 utramque

340 4572 621 4640 copulans,
649 4574 1014 4645 signiﬁcavit:
1052 4572 1121 4627 Et
1154 4572 1399 4640 Verbum,
1447 4573 1541 4631 ait,
1589 4580 1704 4625 erat
1758 4569 1899 4639 apud

342 4660 530 4726 Deum,
558 4675 605 4718 et
636 4666 772 4722 Deus
809 4679 924 4723 erat
956 4666 1177 4722 Verbum
1207 4664 1389 4738 (Joan.
1425 4681 1462 4731 I,
1493 4665 1568 4736 1).
1601 4662 1733 4717 Nam
1776 4663 1899 4734 quis

342 4767 455 4807 non
489 4756 627 4818 voci,
654 4756 812 4823 Deus,
836 4759 1171 4830 conjunctim
1199 4758 1461 4828 repetitae,
1483 4757 1729 4810 eamdem
1751 4764 1901 4809 utro-

343 4847 507 4916 bique
539 4844 982 4915 signiﬁcationem
1027 4849 1213 4906 statim
1254 4847 1561 4919 aptaverit?
1590 4847 1725 4913 Quis
1753 4862 1902 4902 eam—

342 4934 465 4990 dem
489 4948 699 4999 vocem,
731 4938 814 4993 bis
840 4942 1026 4996 eodem
1056 4941 1177 4995 loco
1195 4938 1558 5003 enuntiatum,
1584 4945 1694 4991 tam
1718 4936 1901 5007 dispa-

342 5029 459 5076 rata
494 5021 801 5091 signiﬁcare
828 5029 1125 5094 putaverit?
1151 5028 1289 5082 Hinc
1322 5028 1447 5082 item
1486 5028 1644 5097 longe
1668 5026 1897 5081 deterri-

341 5128 433 5168 ma
461 5113 711 5185 impietas
737 5119 1104 5186 consequitur,
1134 5136 1164 5175 a
1201 5136 1308 5191 qua
1352 5133 1567 5190 semper
1604 5127 1714 5173 tam
1745 5127 1900 5174 vetus

340 5220 505 5274 quam
569 5220 703 5259 nova
762 5202 1002 5260 Ecclesia
1058 5224 1268 5266 summe
1321 5210 1805 5266 abhorruitznam
1852 5210 1899 5266 si

340 5293 538 5351 Filium
610 5296 777 5351 alium
826 5311 857 5350 a
905 5295 1067 5351 Patre
1114 5298 1278 5355 Deum
1340 5316 1464 5357 esse
1516 5301 1897 5368 atlmittamus,

341 5388 482 5444 duos
505 5402 628 5444 esse
682 5387 815 5445 deos
870 5388 1135 5444 fateamur
1171 5406 1392 5449 necesse
1439 5402 1546 5457 est,
1573 5392 1741 5447 alium
1785 5407 1901 5446 ma-

334 5479 510 5551 jorem
558 5481 832 5554 aliumque
874 5482 1139 5536 minorem
1172 5500 1186 5534 :
1224 5492 1383 5553 atque
1424 5485 1588 5540 sicin
1620 5484 1925 5557 pluralitag

341 5578 448 5625 tem
492 5570 719 5628 deorum
766 5574 1091 5639 incidamus,
1142 5582 1196 5630 ct
1255 5574 1309 5630 in
1368 5576 1625 5631 πολύθεον
1678 5577 1899 5644 ἀθεῖαν,

410 5710 485 5778 ιη)
527 5708 586 5763 ι).
624 5708 742 5763 ut.

1984 480 2223 538 Joannes
2255 482 2409 536 initio
2465 481 2743 554 Evangelii
2801 484 2886 538 sui
2936 484 3161 540 deorum
3194 485 3576 554 multiplicita-

1986 581 2094 629 tem
2133 575 2425 630 induxerit.
2458 575 2556 629 llic
2607 590 2667 631 se
2717 576 2853 631 mire
2904 584 3230 647 contorquet
3280 574 3573 640 Eusebius,

1987 676 2042 722 et
2081 682 2149 721 ne
2180 665 2320 722 duos
2351 676 2579 737 cogatur
2610 668 2900 724 admittere
2930 670 3062 725 deos
3106 677 3185 725 tot
3225 668 3576 725 circuitioni-

1988 760 2091 817 bus
2132 768 2186 815 et
2234 761 2556 830 ambagibus
2606 748 2796 825 utitur,
2837 769 2898 815 ut
2949 763 3259 832 perplexam
3306 764 3569 834 arguendi

1990 852 2303 908 methodum
2330 853 2517 905 mirari
2550 853 2766 908 subeat.
2799 852 2889 907 Ait
2925 853 3092 924 igitur
3114 854 3383 911 Eusebius
3411 856 3505 910 lib.
3533 871 3571 911 ll

1990 942 2188 999 Contra
2216 942 2526 997 Marcellum
2552 944 2628 1013 (lt)
2658 963 2670 999 :
2697 943 2823 998 Δέον
2855 944 3100 999 ἐντεῦθεν
3126 950 3384 1010 συνεῖναι,
3408 949 3482 1013 ὡς
3509 951 3570 1005 οὐ

1986 1033 2079 1087 δύο
2106 1035 2311 1104 θεοὺςή
2339 1033 2633 1106 Ἐκκλησία
2654 1034 2748 1087 τοῦ
2779 1034 2914 1089 Θεοῦ
2938 1038 3198 1108 κηρύττει
3218 1054 3235 1071 ⁸
3262 1041 3324 1094 οὐ
3346 1041 3455 1113 γὰρ
3478 1038 3573 1096 δύο

1988 1125 2275 1196 ἀγέννητα,
2306 1125 2423 1178 οὐδὲ
2450 1125 2543 1178 δύο
2572 1125 2802 1199 ἄναρχοι,
2835 1126 2909 1191 ὼς
2949 1127 3206 1194 πολλάκις
3240 1132 3371 1202 ἡμῖν
3416 1134 3571 1207 εἴρη-

1988 1233 2096 1279 ται,
2123 1217 2244 1269 οὐδὲ
2267 1216 2360 1269 δύο
2389 1217 2575 1280 οὐσίας
2606 1217 2664 1283 ἐξ
2700 1217 2969 1287 ἰσοτιμίας
2998 1219 3573 1295 ἁντιπαρεξαγομένας

1989 1308 2237 1381 ἀλλήλοις
2272 1308 2480 1376 εἰσάγει
2500 1325 2513 1339 ⁸
2544 1308 2623 1361 διὸ
2652 1308 2772 1362 οὐδὲ
2806 1308 2899 1362 δύο
2928 1303 3088 1375 θεούς
3107 1328 3120 1341 ·
3145 1311 3280 1365 ἀλλὰ
3314 1313 3442 1384 μίαν
3471 1316 3573 1388 ἀρ-

1988 1400 2090 1472 χὴν
2120 1401 2213 1455 καὶ⁵
2236 1400 2367 1454 Θεὸν
2404 1397 2563 1466 εἶναι,
2600 1401 2690 1455 τὸν
2718 1401 2882 1456 αὑτὸν
2908 1403 3127 1475 Πατέρα
3155 1404 3479 1464 διδάσκουσα
3500 1402 3573 1462 ci-

1992 1509 2081 1545 ναι
2122 1492 2217 1544 τοῦ
2269 1489 2587 1562 μονογενοῦς
2638 1492 2731 1545 καὶ
2778 1493 3062 1565 ἀγαπητοῦ
3105 1494 3256 1559 Υἰοῦ,
3300 1496 3401 1551 hoc
3432 1504 3515 1551 est
3551 1514 3567 1553 :

1998 1583 2137 1637 Hinc
2169 1584 2563 1654 intelligendum
2588 1595 2665 1639 est
2699 1584 2991 1639 Ecclesium
3023 1584 3125 1641 Dei
3157 1605 3259 1642 non
3283 1588 3416 1644 duos
3441 1588 3567 1645 deos

1996 1675 2285 1744 pra’dicare
2317 1691 2336 1730 :
2370 1693 2471 1729 non
2496 1676 2635 1730 enim
2663 1675 2768 1731 duo
2798 1694 2899 1731 non
2931 1680 3129 1749 genita,
3157 1698 3249 1734 nec
3277 1681 3382 1736 duo
3421 1684 3573 1753 prin-

1995 1768 2127 1833 cipio
2160 1769 2416 1832 carentia,
2463 1778 2520 1821 ut
2571 1786 2707 1838 sirpe
2753 1769 2953 1823 dictum
2999 1772 3223 1827 a'nobis
3270 1783 3370 1837 est,
3412 1789 3573 1846 neque

1994 1859 2129 1914 duas
2151 1860 2501 1926 substantias,
2530 1860 2725 1914 honore
2755 1863 2873 1930 pari
2892 1877 2957 1915 ex
2981 1862 3197 1917 adverso
3237 1874 3418 1917 mutuo
3457 1865 3570 1920 col-

1995 1949 2156 2014 latas,
2203 1951 2437 2014 inducit,
2484 1949 2698 2021 ideoque
2742 1968 2833 2005 nec
2877 1950 3009 2006 duos
3055 1953 3177 2006 deos
3214 1967 3233 2006 :
3274 1953 3362 2006 sed
3408 1969 3570 2007 unum

1993 2042 2305 2113 principium
2339 2053 2388 2097 et
2420 2042 2608 2107 Deum,
2647 2046 2817 2112 ipsum
2855 2044 3072 2100 Patrem
3103 2046 3360 2115 unigeniti
3398 2056 3447 2101 et
3483 2046 3569 2101 di-

1997 2137 2116 2191 lecti
2153 2136 2285 2191 Filii
2314 2154 2424 2192 esse
2447 2137 2615 2191 docet.
2649 2140 2835 2208 Itaque
2869 2145 3097 2194 eatenus
3123 2154 3230 2193 non
3271 2139 3410 2196 duos
3439 2139 3573 2197 deos

1995 2246 2116 2286 esse
2142 2231 2292 2295 dicit,
2315 2243 2584 2302 quatenus
2608 2233 2758 2288 solus
2786 2230 2947 2288 Pater
2974 2248 3081 2287 non
3117 2234 3335 2304 genitus
3364 2242 3419 2288 et
3451 2235 3572 2289 sine

1996 2319 2285 2392 principio,
2321 2339 2464 2379 unus
2495 2322 2638 2379 Deus
2670 2331 2724 2379 et
2767 2340 2934 2378 unum
2979 2324 3309 2395 principium
3344 2335 3450 2390 est,
3481 2324 3574 2381 Fi-

1997 2413 2102 2468 lius
2129 2429 2279 2475 vero,
2309 2421 2495 2483 utpote
2527 2417 2630 2485 ipsi
2662 2417 2969 2487 inaequalis,
3004 2433 3111 2470 non
3149 2418 3201 2471 in
3233 2418 3494 2488 primaria
3518 2427 3573 2474 et

1996 2518 2104 2556 una
2148 2502 2238 2556 illa
2286 2502 2482 2558 deitate
2529 2514 2781 2560 censetur
2824 2521 2985 2562 esse:
3020 2511 3170 2576 atqui
3215 2508 3342 2562 hinc
3392 2509 3571 2564 solum

1996 2594 2249 2649 concludi
2288 2603 2487 2664 potest,
2518 2612 2627 2650 non
2675 2612 2798 2652 esse
2841 2598 2979 2653 duos
3016 2601 3253 2669 aequales
3283 2599 3435 2665 deos,
3473 2602 3570 2657 sed

1997 2701 2165 2740 unum
2191 2684 2404 2741 Patrem
2450 2703 2763 2757 supremum
2807 2704 2931 2744 esse
2977 2688 3149 2744 Deum
3187 2707 3351 2746 :cum
3386 2704 3567 2749 autem

1997 2775 2189 2839 Filius,
2225 2777 2351 2831 licet
2378 2776 2553 2848 impar
2582 2785 2636 2833 et
2664 2778 2865 2844 minor,
2884 2778 3029 2835 Deus
3059 2790 3239 2836 tamen
3273 2797 3395 2838 esse
3417 2784 3571 2838 dica-

1999 2878 2086 2923 tur
2105 2909 2121 2932 ,
2148 2869 2276 2924 hinc
2305 2885 2435 2925 sane
2461 2878 2831 2940 consequetur
2861 2872 2999 2927 duos
3040 2888 3164 2929 esse
3194 2873 3363 2942 deos;
3398 2875 3572 2945 majo-

1998 2976 2110 3016 rem
2148 2964 2337 3026 alium,
2369 2964 2595 3018 alterum
2628 2979 2757 3019 vero
2790 2965 3079 3021 minorem.

1998 3055 2126 3106 Vill.
2147 3056 2252 3106 Non
2290 3056 2496 3106 obscure
2519 3056 2663 3106 docet
2698 3056 2875 3106 Filium
2916 3071 3009 3107 non
3035 3071 3147 3107 esse
3169 3072 3287 3108 vere
3309 3059 3484 3110 Deum.
3510 3086 3573 3098 --

2242 3118 2320 3167 ιχ.
2347 3119 2452 3178 Quo
2474 3132 2621 3168 sensu
2650 3118 2829 3168 Filium
2853 3132 2965 3169 esse
2995 3123 3153 3170 Deum
3180 3122 3319 3172 dicit.

2069 3200 2240 3255 Probe
2268 3202 2651 3257 animadvertit
2694 3201 2965 3260 Eusebius
2997 3220 3107 3260 non
3142 3222 3304 3276 posse
3352 3209 3572 3262 ratioci-

1999 3289 2091 3343 nia
2122 3305 2218 3345 sua
2264 3290 2566 3345 consistere
2598 3310 2612 3344 :
2647 3292 3027 3361 quamobrem,
3059 3308 3179 3361 quas
3207 3293 3309 3363 ipsi
3343 3310 3448 3347 una
3478 3309 3571 3349 sn-

2000 3390 2213 3449 pererat
2244 3380 2492 3435 elabendi
2518 3381 2681 3445 ratio,
2714 3396 2781 3435 ne
2808 3381 2947 3436 duos
2974 3380 3263 3436 admittere
3310 3382 3443 3437 deos
3474 3396 3571 3437 eoo

2000 3479 2177 3541 gatur,
2214 3472 2375 3526 modo
2403 3479 2587 3542 aperte
2612 3472 2789 3534 docet,
2826 3487 2953 3525 mox
2996 3486 3097 3526 nec
3146 3472 3383 3527 obscure
3429 3474 3568 3527 insi-

2000 3572 2131 3617 nuat
2156 3562 2350 3618 Filium
2376 3578 2485 3618 non
2516 3578 2639 3618 esse
2661 3578 2783 3617 vere
2806 3562 2996 3617 Deum.
3028 3562 3084 3616 In
3107 3562 3336 3632 epistola
3366 3565 3568 3634 quippe

2001 3671 2098 3711 sua
2150 3657 2217 3709 ad
2270 3655 2717 3725 Euphrationem,
2754 3654 2823 3709 ab
2855 3654 3156 3709 Athanasio
3195 3662 3253 3709 et
3295 3671 3326 3709 ιι
3352 3653 3567 3710 Nic-aena

2001 3748 2240 3803 secunda
2262 3746 2471 3818 synodo
2503 3746 2719 3801 laudata
2740 3745 2918 3817 (b),de
2945 3743 3083 3799 Filio
3108 3745 3235 3801 talia
3265 3743 3409 3800 fatur
3430 3764 3445 3800 :
3464 3745 3569 3799 Τὸν

2000 3842 2162 3896 αὐτὸν
2184 3841 2241 3896 δὲ
2272 3840 2365 3894 καὶ
2394 3840 2550 3912 μόνον
2578 3838 2827 3910 ἀληθινὸν
2853 3832 2989 3892 εἶναι
3020 3838 3259 3892 διδάσκει
3284 3838 3348 3892 δι’
3367 3832 3442 3893 ὧν
3464 3854 3568 3908 φη-

2002 3953 2086 3990 σιν
2102 3952 2115 3965 ·
2149 3936 2273 3991 Ἵνα
2294 3933 2630 4005 γινώσκωσι
2651 3949 2724 3988 σε
2739 3933 2846 3988 τὸν
2863 3934 3056 4002 μόνον
3072 3932 3360 3995 ἀληθινὸν
3385 3932 3563 3985 Θεόνο

1998 4029 2119 4101 οὐχὶ
2149 4028 2224 4093 ὼς
2253 4028 2370 4092 ἑνὸς
2400 4028 2549 4091 ὄντος
2577 4027 2737 4097 μόνου
2769 4025 2862 4079 τοῦ
2907 4023 3061 4088 Θεοῦ,
3093 4021 3207 4075 ἀλλ’
3231 4022 3306 4087 ὡς
3335 4022 3452 4087 ἑνὸς
3481 4021 3568 4075 όν-

1999 4137 2088 4183 τος
2116 4120 2275 4191 μόνου
2305 4117 2556 4191 ἀληθινοῦ
2589 4115 2747 4178 Θεοῦ,
2780 4114 2915 4186 μετὰ
2947 4112 3262 4186 προσθήκης
3281 4112 3568 4180 ἀναγκαιο-

1999 4211 2166 4281 τάτης
2208 4210 2324 4275 τοῦ,
2354 4207 2836 4279 ἀληθινοῦ.Ἐπεὶ
2886 4206 2980 4259 καὶ
3024 4205 3185 4266 αὐτὸς
3234 4203 3366 4265 Θεὸς
3419 4202 3568 4272 μὲνό

2008 4306 2156 4369 Υίὸς,
2186 4304 2417 4357 ἀλλὀὐκ
2445 4300 2693 4372 ἀληθινὸς
2722 4299 2874 4363 Θεός·
2892 4292 2972 4360 εἷς
3002 4298 3110 4367 γάρ
3142 4297 3256 4348 ἐστι
3290 4296 3384 4348 καὶ
3409 4293 3567 4365 μόνος

2009 4395 2256 4466 ἀληθινὸς
2275 4394 2426 4457 Θεὸς,
2458 4392 2545 4446 διὰ
2575 4392 2637 4444 τὸ
2670 4391 2744 4461 μὴ
2765 4390 2909 4459 ἔχειν
2942 4387 3048 4459 πρό
3069 4386 3231 4441 αὑτοῦ
3260 4402 3399 4439 τινα.
3424 4386 3487 4437 Εἰ
3508 4383 3565 4437 δι

1928 4452 1973 4510 D
2006 4452 2285 4549 xai'abtbg
2303 4489 2331 4540 6
2361 4452 2489 4547 ἶζίὸς
2513 4452 2925 4555 ἀληθινὸς,ἀλλ’
2955 4452 3029 4541 dic;
3057 4476 3218 4530 είκὼν
3251 4475 3345 4529 τοῦ
3377 4474 3565 4546 ἀληθι-

2006 4580 2120 4636 νοῦ.
2146 4582 2228 4650 εἷη
2255 4579 2320 4632 ἂν
2342 4577 2434 4631 καὶ
2454 4576 2603 4639 Θεός·
2626 4574 2748 4625 ἐπεὶ
2768 4574 2862 4626 καὶ
2883 4570 3013 4635 Θεὸς
3033 4565 3098 4641 ἦν
3114 4570 3140 4623 6
3161 4568 3349 4636 Λόγος,
3372 4568 3432 4621 οὐ
3458 4567 3565 4639 μὴν

2005 4672 2081 4736 ὡς
2104 4674 2134 4726 6
2163 4671 2322 4742 μόνος
2347 4664 2595 4737 ἀληθινὸς
2621 4663 2753 4727 Θεός
2772 4702 2787 4727 ,
2818 4664 2923 4717 hoc
2950 4670 3033 4715 cst
3063 4679 3078 4716 :
3113 4658 3367 4714 Eumdem
3392 4669 3565 4714 antem

2006 4775 2056 4820 et
2090 4763 2257 4818 solum
2287 4776 2462 4815 verum
2499 4774 2611 4812 esse
2638 4757 2786 4809 docet
2828 4757 2909 4809 his
2939 4753 3104 4809 verbis
3134 4768 3153 4806 :
3185 4770 3204 4803 ι
3249 4750 3313 4807 Ut
3348 4765 3567 4821 cognos-

2008 4866 2130 4911 cant
2170 4865 2219 4909 te
2258 4853 2429 4907 solum
2472 4865 2648 4903 verum
2684 4847 2849 4902 Deum
2882 4846 3066 4919 (Joan.
3109 4860 3253 4902 xvn.
3296 4842 3372 4909 5),
3408 4862 3426 4893 ι
3463 4857 3565 4895 non

1998 4942 2152 5015 quasi
2174 4942 2324 4995 unus
2352 4940 2496 4994 solus
2531 4938 2603 4992 sit
2645 4935 2808 5000 Deus,
2841 4933 2930 4989 sed
2968 4932 3121 5003 quasi
3163 4946 3299 4985 unus
3325 4929 3470 4984 solus
3496 4930 3567 4984 sit

2001 5050 2150 5089 uerus
2175 5032 2334 5094 Deus,
2352 5047 2467 5084 cum
2500 5030 2596 5084 hoc
2620 5028 3009 5097 pernecessario
3038 5023 3422 5087 additamenta,
3446 5041 3464 5073 ι
3485 5036 3568 5076 ue-

2000 5142 2113 5180 rus.
2144 5144 2162 5177 s
2196 5122 2340 5178 Nam
2367 5132 2415 5177 et
2445 5123 2554 5191 ipse
2582 5119 2789 5191 quidem
2822 5116 3015 5178 Filius,
3047 5115 3207 5178 Deus,
3235 5113 3323 5170 sed
3360 5131 3459 5167 non
3482 5128 3567 5167 ae-

2000 5232 2092 5269 rus
2119 5212 2254 5268 Deus
2280 5228 2298 5265 :
2323 5227 2460 5265 unus
2488 5217 2565 5263 est
2590 5208 2728 5262 enim
2769 5206 2912 5260 solus
2956 5219 3108 5257 verus
3142 5200 3305 5262 Dens,
3337 5216 3397 5253 eo
3430 5193 3565 5267 quod

2001 5323 2105 5362 non
2134 5304 2321 5358 habeat
2344 5304 2572 5373 aliquem
2601 5308 2722 5353 ante
2745 5316 2818 5351 se.
2850 5294 3003 5363 Quod
3034 5295 3079 5348 si
3119 5294 3230 5362 ipse
3249 5304 3448 5363 quoque
3474 5283 3561 5337 Fi-

2001 5399 2106 5454 lius
2139 5413 2292 5452 ceras
2329 5404 2431 5459 est,
2464 5392 2553 5448 sed
2593 5392 2728 5447 sicut
2756 5391 2931 5459 imago
2972 5387 3077 5442 ueri
3124 5385 3241 5445 Dei,
3271 5381 3411 5436 Deus
3451 5377 3568 5445 [ue-

2002 5490 2073 5542 rit
2103 5503 2123 5541 :
2150 5484 2402 5556 siquidem
2423 5490 2475 5539 et
2500 5482 2641 5539 Deus
2670 5489 2786 5537 erat
2827 5477 3069 5539 Verbum,
3105 5492 3206 5529 non
3231 5482 3400 5529 tamen
3430 5473 3567 5521 sicut

2004 5581 2094 5637 ille
2136 5579 2280 5633 solus
2319 5594 2465 5633 uerus
2518 5574 2676 5629 Deus.
2711 5571 2952 5642 ldipsunt
2981 5569 3183 5623 diserte
3230 5558 3466 5617 declarat
3511 5558 3566 5615 iu

2077 5716 2152 5784 (b)
2194 5713 2391 5768 Athan.
2425 5719 2465 5766 ι.
2498 5709 2539 5781 i;
2570 5726 2609 5765 ιι
2648 5707 2794 5774 Nic.,
2827 5713 2934 5761 act.
2963 5719 3017 5769 γ,
3048 5716 3101 5770 p.
3129 5694 3250 5752 366.
