4042 6210
551 216 622 286 59
1230 227 1498 284 EUSEBH
1533 222 2011 284 CAESARIENSIS
2049 221 2197 277 OPP.
2233 220 2418 277 PARS
2451 221 2540 277 lli.
2571 255 2638 264 —
2664 222 3078 280 EXEGETICA.
3730 230 3796 285 ω

555 353 854 408 Βεηιοηειν.
882 371 1088 427 esang.,
1118 371 1239 425 cap.
1258 356 1313 421 ι,
1341 372 1458 426 pag.
1476 354 1601 418 226,
1623 354 1708 409 his
1732 354 1912 409 verbis
1939 373 1952 407 :
1981 355 2101 407 Ούκι

2221 351 2318 404 οὐκ
2347 350 2639 420 ίδιόκτητον
2680 348 2848 418 αὐτὴν
2874 347 3162 419 ἐσχηκότα.
3212 349 3268 400 'U
3297 349 3394 418 μὲν
3426 349 3534 420 γὰρ
3563 348 3792 415 δίδωσιν,

554 441 649 496 οὖν
678 443 765 497 διὰ
792 444 996 499 τούτων
1040 449 1067 500 ὁ
1113 446 1210 516 μὲν
1239 444 1440 516 ἀληθὴς
1464 447 1560 498 καὶ
1598 446 1759 517 μόνος
1793 444 1924 508 Θεὸς
1952 439 2033 508 εἷς
2062 447 2127 499 ἂν

555 535 663 606 εἴη,
695 537 855 606 μόνος
904 537 1100 610 κυρίως
1138 538 1419 608 τυγχάνων
1452 537 1554 607 τῆς
1586 536 1987 608 προσηγορίας·
2020 539 2047 590 ό
2068 538 2126 591 δὲ

553 625 802 699 δεύτερος
833 630 1086 701 μετουσίᾳ
1127 628 1219 681 τοῦ
1267 628 1499 701 ἀληθοῦς
1526 631 1628 701 τῆς
1653 631 1934 693 κοινωνίας
1966 631 2123 700 ἠξίω-

551 737 664 784 ται,
691 721 814 775 οὔτε
845 722 924 776 ὢν
952 722 1070 777 καθ’
1093 722 1304 787 ἑαυτὸν,
1330 722 1455 776 οὔτε
1482 722 1729 793 ὑφεστὼς
1752 724 1873 795 δίχα
1897 724 1991 777 τοῦ
2018 724 2126 777 Geo-

553 812 831 878 ποιοῦντος
873 815 1030 868 αὑτὸν
1063 816 1300 888 Πατρὸς,
1334 815 1445 869 οὒτ’
1471 817 1598 871 ἄνευ
1628 818 1722 870 τοῦ
1761 819 1969 888 [ἰατρὸς
2010 818 2124 872 θεο-

554 902 875 976 λογούμενος
906 926 917 960 :
956 906 1122 961 missa
1157 923 1287 962 vero
1310 908 1622 979 interpretis
1656 911 1927 974 versione,
1959 926 2121 981 quam

553 992 644 1048 ille
669 1009 767 1063 pro
794 1010 943 1049 more
978 1011 1082 1050 suo
1109 996 1179 1050 ad
1205 997 1530 1051 catholicam
1564 998 1720 1053 fidem
1751 1001 2120 1066 concinnavit,

550 1084 633 1138 sic
660 1100 758 1141 nos
774 1086 1055 1141 reddimus
1079 1106 1092 1142 :
1117 1086 1301 1158 Itaque
1325 1103 1389 1142 ea:
1430 1089 1508 1143 his
1539 1106 1686 1145 verus
1710 1099 1759 1144 et
1795 1091 1939 1145 solus
1980 1091 2121 1146 Deus

548 1175 646 1248 (a),
677 1195 813 1234 unus
848 1180 1033 1248 fuerit,
1058 1182 1148 1251 qui
1167 1181 1308 1235 solus
1340 1181 1887 1252 haneoppellationem
1918 1187 2122 1255 proprie

546 1270 773 1334 obtinet;
802 1273 1059 1325 secundus
1078 1282 1249 1326 autem
1271 1275 1670 1343 participatione
1683 1278 1807 1342 veri,
1830 1280 2119 1332 communi-

545 1361 752 1415 catione
776 1363 869 1415 illa
898 1364 1144 1433 dignatus
1172 1374 1269 1429 est,
1287 1367 1375 1436 qui
1390 1383 1490 1420 non
1508 1368 1620 1421 sine
1643 1367 1805 1422 Patre
1839 1370 1927 1440 qui
1949 1371 2120 1440 ipsum

546 1453 716 1508 Deum
757 1456 926 1525 efficit,
960 1472 1050 1524 per
1092 1474 1144 1512 se
1170 1460 1376 1513 exsistit
1416 1469 1464 1514 et
1505 1460 1778 1524 subsistit;
1805 1479 1964 1533 neque
2008 1465 2119 1518 sine

546 1545 713 1600 Patre
755 1545 896 1601 Deus
948 1562 1183 1605 vocatur.
1235 1549 1340 1607 Ubi
1370 1553 1517 1608 clare
1560 1554 1691 1609 dicit
1744 1555 1917 1611 solum
1949 1571 2116 1610 unum

547 1637 716 1693 Deum
750 1638 963 1695 Patrem
995 1658 1140 1706 esse,
1175 1643 1262 1697 cui
1290 1643 1381 1698 Dei
1411 1660 1608 1699 nomen
1636 1647 1855 1717 proprie
1899 1647 2117 1717 compe—

545 1730 632 1796 tit,
664 1733 962 1787 secundum
988 1742 1168 1788 autem
1208 1734 1375 1789 Deum
1412 1736 1824 1807 participatione
1848 1747 2053 1792 tantum
2084 1753 2115 1793 a

543 1819 654 1876 Deo
682 1820 841 1878 Patre
874 1822 1042 1877 Deum
1076 1824 1276 1879 factum
1308 1825 1494 1881 fuisse.
1536 1827 1671 1882 Cum
1703 1837 1881 1885 autem
1912 1830 1988 1882 ait
2030 1845 2116 1885 se-

542 1914 784 1968 cundum
820 1914 969 1968 illum
1007 1914 1195 1981 Deum,
1227 1918 1312 1971 cui
1366 1919 1576 1973 scilicet
1607 1935 1713 1974 non
1749 1936 1873 1975 vere
1903 1930 1957 1974 et
1989 1936 2114 1991 pro-

542 2006 662 2075 prie
694 2006 951 2074 competit
998 2006 1143 2076 quod
1180 2006 1322 2063 Deus
1351 2009 1442 2073 sit,
1479 2026 1586 2064 non
1633 2012 1751 2066 sine
1788 2010 1947 2065 Patre
1970 2013 2115 2067 exsi-

545 2097 791 2163 stere,ad
825 2098 953 2152 illud
980 2097 1497 2169 EvangeliiJoannis
1517 2102 1769 2171 respicit:
1796 2101 1863 2155 Et
1890 2103 2111 2158 Verbum

540 2200 655 2243 erat
679 2190 815 2259 apud
840 2189 1026 2244 Deum.
1045 2190 1170 2247 Ideo
1196 2201 1374 2248 autem
1395 2192 1591 2247 Filium
1610 2195 1776 2249 Deum
1801 2196 2112 2267 dignatione

542 2280 721 2338 Patris
755 2284 1000 2355 esse(vel
1030 2286 1216 2355 potius
1236 2304 1300 2341 ex
1334 2288 1401 2341 iis
1427 2304 1548 2358 quae
1565 2304 1726 2359 supra
1757 2289 1994 2348 diximus
2015 2308 2111 2347 vo-

541 2376 698 2445 cari),
718 2378 813 2440 ait,
832 2377 960 2448 quia
990 2386 1075 2433 est
1104 2380 1280 2449 imago
1315 2378 1528 2437 Patris:
1553 2397 1661 2436 non
1689 2384 1905 2453 quidem
1933 2386 2110 2458 imago

538 2483 663 2537 qua:
679 2471 924 2524 eamdem
948 2486 1109 2540 quam
1127 2468 1287 2525 Pater
1302 2473 1658 2529 substantiam
1676 2477 1938 2541 obtineat,
1958 2492 2104 2541 nam,

542 2566 601 2614 ut
651 2574 816 2630 supra
868 2563 1276 2632 comprobatum
1337 2572 1443 2629 est,
1476 2565 1748 2622 diversam
1803 2582 1832 2620 a
1884 2578 2107 2637 paterna

540 2650 898 2705 substantiam
928 2651 1048 2706 Filii
1075 2655 1361 2709 constituit
1364 2672 1392 2734 5
1421 2656 1518 2712 sed
1557 2658 1735 2728 imago
1773 2659 2108 2728 perfectissi-

539 2757 648 2808 ma,
684 2753 949 2811 quantum
981 2759 1045 2819 ea
1080 2752 1261 2814 potest
1299 2762 1423 2801 esse
1473 2763 1593 2816 qua:
1639 2750 1743 2804 alia
1785 2765 1815 2803 a
1852 2766 2105 2821 supremo

535 2830 646 2887 Deo
673 2833 857 2889 fuerit.
893 2834 1240 2905 ldipsumque
1281 2838 1469 2893 multis
1504 2840 1557 2893 in
1595 2840 1730 2895 locis
1760 2849 1868 2895 tam
1900 2844 1954 2897 in
2000 2843 2105 2899 De-

536 2925 915 2976 monstratione
962 2926 1300 2995 evangelica,
1361 2944 1525 2997 quam
1579 2929 1635 2983 in
1698 2931 1854 2987 libris
1905 2930 2103 2989 Contra

2227 445 2256 496 ό
2301 443 2355 496 δὲ
2393 441 2678 513 λαμϐάνει.
2716 440 2876 493 Ὥστε
2907 441 3110 511 κυρίως
3155 442 3248 493 καὶ
3281 443 3377 494 ἐνα
3420 444 3627 495 ἐκεῖνον
3658 437 3795 498 εἶναι

2227 536 2380 600 Θεὸν,
2430 535 2523 587 καὶ
2573 534 2732 604 μόνον
2763 532 2871 603 γὰρ
2927 532 3020 585 καὶ
3049 532 3207 601 φύσει
3249 534 3399 595 ὅντα,
3436 533 3530 586 καὶ
3566 534 3640 606 μὴ
3666 538 3794 606 παρ’

2226 630 2412 699 ἐτέρου
2432 626 2664 680 λαϐόντα
2681 644 2694 656 ·
2719 626 2813 679 τὸν
2839 626 2894 679 δὲ
2920 625 3026 679 τῶν
3043 626 3357 697 δευτερείων
3381 626 3665 697 ἠξιῶσθαι,
3702 632 3792 682 καὶ

2223 700 2284 772 τὸ
2314 719 2444 772 Θεὸν
2473 715 2611 771 εἶναι
2638 718 2867 772 λαϐόντα
2897 718 3047 789 παρὰ
3078 717 3168 770 τοῦ
3194 720 3405 789 Πατρὸς
3436 719 3596 791 ἔχειν,
3625 720 3701 784 ὡς
3726 720 3789 775 ἂν

2223 813 2406 867 είκὸνα
2448 814 2541 868 τοῦ
2583 812 2738 877 Θεοῦ,
2788 814 2916 882 μιᾶς
2959 811 3045 863 ἐπ’
3086 812 3286 882 ἀμφοῖν
3335 813 3473 865 κατὰ
3511 814 3573 867 τὸ
3614 814 3787 886 παρά-

2221 903 2417 976 δειγμα
2435 906 2536 975 τῆς
2553 904 2803 975 θεότητος
2828 905 3040 956 ὲπινοου
3049 902 3233 972 μένης,
3255 902 3371 967 ἑνός
3396 921 3453 957 τε
3484 904 3636 968 ὄντος
3653 900 3783 959 Θεοῦ

2220 996 2313 1049 τοῦ
2359 997 2483 1051 καθ’
2530 997 2719 1049 ἑαυτὸν
2749 996 2997 1066 ἁνάρχως
3024 994 3119 1046 καὶ
3156 995 3462 1065 ἀγεννήτως
3497 995 3666 1059 ὄντος,
3700 996 3784 1051 διὰ

2219 1087 2277 1140 δὲ
2303 1087 2395 1141 τοῦ
2449 1087 2579 1140 Υἱοῦ
2608 1087 2683 1151 ὼς
2728 1087 2794 1140 ἂν
2817 1086 2882 1139 δι’
2910 1086 3173 1157 ἐσόπτρου
3200 1086 3293 1139 καὶ
3323 1087 3527 1150 είκόνος
3560 1087 3784 1142 ἐπιθεω-

2226 1181 2505 1250 ρουμένου.
2532 1178 2694 1233 Missa
2726 1176 2901 1231 Latini
2932 1176 3241 1245 interpretis
3272 1178 3542 1244 versione,
3573 1179 3665 1248 qui
3689 1194 3782 1250 pro

2221 1287 2370 1327 more
2393 1286 2494 1326 suo
2527 1271 2639 1325 lucc
2680 1269 2749 1323 ad
2782 1267 3106 1323 catholicam
3160 1268 3487 1323 sententiam
3531 1267 3777 1334 detorsit,

2220 1366 2299 1420 sic
2331 1379 2432 1421 nos
2459 1363 2525 1418 ad
2550 1363 2773 1418 verbum
2802 1360 3223 1430 interpretamur
3249 1375 3262 1409 :
3284 1357 3543 1412 therum
3574 1360 3779 1416 etiamsi

2218 1468 2413 1513 natura
2452 1455 2748 1528 unigenitus
2780 1453 2955 1507 Filius
2986 1463 3035 1507 et
3083 1450 3219 1506 Deus
3250 1461 3425 1505 noster
3459 1451 3774 1519 celebretur,

2219 1563 2275 1606 at
2307 1568 2411 1604 non
2441 1560 2519 1604 est
2542 1550 2748 1620 primus
2784 1548 2960 1612 Deus;
2990 1546 3081 1600 sed
3104 1546 3306 1615 primus
3356 1543 3449 1598 Dei
3480 1545 3775 1615 unigenitus

2219 1642 2417 1706 Filius,
2462 1652 2512 1697 et
2558 1641 2673 1695 ideo
2724 1640 2886 1695 Deus.
2948 1637 3013 1693 In
3050 1654 3258 1692 summa
3285 1637 3392 1691 hac
3421 1653 3583 1691 causa
3617 1636 3782 1707 fuerit

2217 1735 2356 1807 quod
2391 1736 2479 1791 ille
2508 1735 2648 1790 Deus
2679 1735 2768 1800 sit,
2803 1732 2929 1802 quia
2957 1730 3100 1785 solus
3135 1738 3327 1783 natura
3356 1727 3529 1782 Filius
3556 1728 3653 1783 Dei
3673 1743 3770 1792 est,

2216 1847 2279 1883 ac.
2316 1828 2623 1899 Uuigenitus
2657 1835 2890 1889 vocatur,
2920 1834 2969 1878 et
2988 1825 3114 1895 quia
3144 1823 3307 1877 solius
3339 1821 3438 1875 Dei
3460 1822 3768 1886 animatum,

2216 1924 2461 1978 viventem
2489 1932 2538 1976 et
2562 1923 2932 1994 intelligentem
2958 1921 3235 1992 imaginem
3263 1927 3454 1982 servat,
3490 1917 3769 1972 secundum

2215 2018 2396 2071 omnia
2426 2014 2582 2069 Patri
2613 2016 2861 2080 similem,
2888 2032 2949 2068 ae
2975 2015 3133 2068 etiam
3168 2013 3334 2082 ipsius
3375 2009 3586 2065 deitatis
3639 2011 3769 2063 inta-

2210 2110 2381 2180 giuem
2428 2107 2695 2177 ferentem.
2733 2106 2852 2161 Hac
2886 2123 3006 2177 ergo
3053 2105 3116 2160 de
3164 2121 3328 2158 causa
3372 2105 3543 2173 ipsum
3585 2106 3765 2166 etiam,

2211 2211 2384 2265 utpote
2411 2202 2585 2254 solum
2638 2197 2864 2262 Filium,
2900 2199 2990 2270 qui
3034 2198 3178 2252 solus
3212 2196 3309 2250 Dei
3363 2199 3536 2266 imago
3581 2197 3673 2259 sit,
3706 2213 3767 2252 ac

2210 2292 2528 2362 non-yenitw
2562 2301 2611 2343 et
2641 2290 2900 2360 principio
2946 2290 3170 2343 carentis
3223 2287 3532 2342 substantia:
3585 2286 3765 2341 Patris

2210 2382 2488 2436 virtutibus
2524 2380 2805 2435 secundum
2837 2378 3130 2449 exemplum
3166 2376 3527 2431 similitudinis
3554 2375 3766 2431 indutus

2208 2474 2301 2537 sit,
2338 2483 2491 2542 atque
2513 2472 2575 2525 ab
2611 2474 2843 2526 omnium
2874 2471 3192 2541 peritissimo
3224 2485 3286 2523 ae
3317 2469 3661 2523 scientissime
3680 2469 3763 2535 pi-

2206 2575 2349 2620 ctore
2380 2583 2441 2620 ac
2469 2568 2587 2620 uiue
2619 2574 2832 2619 auctore
2863 2564 3045 2624 Patre.
3092 2562 3161 2616 ad
3195 2563 3656 2616 accuratissimam
3688 2562 3766 2617 si—

2206 2656 2557 2710 militudinem
2585 2657 2797 2726 effectus
2827 2657 2916 2717 sit,
2947 2654 3113 2709 Deum
3152 2654 3338 2708 merito
3368 2652 3534 2706 diuini
3565 2669 3765 2707 sermo-

2206 2767 2293 2804 nes
2321 2750 2619 2820 appellant;
2652 2760 2826 2819 utpote
2854 2750 2945 2819 qui
2979 2766 3096 2803 cum
3136 2750 3256 2802 aliis
3285 2765 3318 2802 a
3348 2750 3511 2802 Patre
3536 2747 3634 2800 hac
3664 2761 3761 2815 ap-

2202 2844 2483 2912 pellatione
2513 2844 2756 2913 dignatus
2780 2844 2870 2906 sit,
2896 2858 3111 2912 eamque
3139 2843 3414 2910 acceperit,
3451 2857 3554 2894 non
3585 2850 3761 2895 autem

2202 2946 2259 2988 ut
2287 2937 2553 3005 propriam
2582 2935 2683 2988 sibi
2714 2935 2977 2989 habuerit.
3013 2932 3154 2986 Nam
3182 2933 3270 2986 ille
3304 2932 3510 3003 quidem
3533 2931 3646 2992 dat,
3677 2930 3759 2982 hic

536 3012 853 3068 Marcellum
881 3014 1144 3071 declarat.
1196 3015 1329 3072 Nam
1364 3018 1460 3074 lib.
1508 3035 1525 3073 ι
1557 3018 1757 3075 Contra
1793 3022 2099 3079 Marcellum
2124 3044 2171 3102 ο
2203 3043 2320 3081 vero
2350 3026 2560 3095 accipit.
2596 3024 2684 3079 Ita
2716 3039 2770 3078 ut
2794 3027 3000 3096 proprie
3023 3024 3111 3078 ille
3143 3039 3277 3077 unus
3312 3024 3378 3077 sit
3413 3022 3575 3086 Deus,
3602 3030 3651 3075 et
3673 3036 3758 3074 so-

536 3121 590 3176 p.
635 3107 726 3170 70,
781 3108 848 3163 de
903 3107 1064 3165 Patre
1096 3111 1242 3166 clare
1273 3120 1325 3166 et
1369 3114 1488 3167 sine
1533 3114 1759 3186 ambage
1792 3118 1886 3183 ait,
1918 3118 2097 3183 Μόνος

536 3197 789 3269 ἀληθινὸς
817 3200 949 3265 Θεός
981 3217 994 3230 ·
1027 3200 1183 3257 Solus
1207 3220 1354 3259 uerus
1389 3204 1549 3260 Deus.
1584 3208 1641 3261 In
1671 3207 2095 3265 Demonstratio-

534 3307 609 3357 ne,
637 3301 817 3347 autem
852 3295 1171 3365 evangelica,
1216 3297 1253 3350 Ι.
1284 3314 1338 3361 v,
1378 3313 1429 3353 c.
1465 3299 1521 3361 4,
1580 3314 1702 3370 pag.
1759 3301 1885 3370 227,
1939 3320 2093 3360 suam

533 3385 770 3441 dilucide
801 3387 869 3442 de
898 3386 1055 3443 Patre
1090 3400 1142 3445 et
1173 3388 1309 3445 Filio
1338 3392 1665 3447 sententiam
1695 3396 1948 3464 explicat,
1993 3398 2095 3450 ait-

529 3495 637 3550 que
659 3478 853 3534 Filium
885 3481 955 3536 ob
981 3497 1133 3537 suam
1156 3499 1279 3537 cum
1308 3482 1466 3540 Patre
1491 3486 1900 3541 similitudinem
1925 3486 2093 3544 Deum

531 3574 733 3636 vocari,
784 3574 909 3627 licet
964 3590 1071 3628 non
1107 3575 1323 3645 proprie
1364 3585 1420 3631 et
1463 3593 1560 3647 per
1590 3593 1649 3634 se
1680 3579 1840 3632 talem
1878 3594 2094 3634 nuncu-

532 3664 800 3730 pationem
830 3664 1072 3719 obtineat
1119 3684 1132 3718 :
1170 3680 1294 3718 nam
1336 3679 1624 3738 postquam
1653 3668 1866 3723 dixerat
1896 3668 2092 3724 Filium

530 3760 727 3806 natura
791 3754 956 3807 Deum
1009 3769 1131 3810 esse
1165 3795 1181 3819 ,
1244 3766 1477 3812 mentem
1538 3774 1691 3813 suam
1752 3761 1832 3816 sic
1867 3761 2088 3829 aperit:

492 3844 678 3916 ’Πλὴν
735 3847 783 3899 εί
820 3846 912 3899 καὶ
959 3845 1115 3914 φύσει
1159 3850 1450 3920 μονογενὴς
1494 3849 1620 3915 Υίὸς
1647 3853 1740 3905 καὶ
1783 3853 1912 3917 Θεὸς
1938 3853 2093 3925 ἡμῶν

526 3938 943 4009 ἁνευφημείται,
978 3938 1090 3991 ἀλλ’
1132 3939 1232 4009 οὐχ
1274 3941 1302 3992 ό
1344 3941 1557 4013 πρῶτος
1587 3943 1739 4009 Θεὸς,
1792 3946 2005 4018 πρῶτος
2035 3948 2092 4002 δὲ

524 4029 624 4084 τοῦ
663 4029 796 4083 Θεοῦ
835 4030 1128 4101 μονογενὴς
1169 4029 1314 4095 Υἱὸς,
1346 4034 1439 4086 καὶ
1485 4032 1573 4087 διὰ
1597 4034 1755 4088 τοῦτο
1795 4037 1947 4102 Θεός.
1981 4041 2092 4094 Καὶ

526 4120 649 4173 ὅλον
699 4137 761 4189 γε
817 4121 977 4174 τοῦτο
1029 4120 1199 4175 αἴτιον
1253 4120 1319 4175 ἂν
1370 4123 1452 4194 εἴη
1501 4124 1594 4178 τοῦ
1641 4126 1734 4178 καὶ
1763 4126 1923 4180 αὐτὸν
1954 4125 2090 4182 εἶναι

525 4214 681 4281 Θεὸν,
707 4215 767 4268 τὸ
802 4215 960 4286 μόνον
992 4210 1132 4269 εἶναι
1162 4216 1320 4285 φύσει
1356 4217 1450 4270 τοῦ
1470 4217 1605 4271 Θεοῦ
1641 4219 1787 4283 Υἰὸν,
1819 4222 1911 4274 καὶ
1938 4239 2091 4293 μονο-

526 4310 657 4382 γενῆ
682 4308 1060 4382 χρηματίζειν,
1090 4308 1180 4361 καὶ
1208 4309 1269 4362 τὸ
1315 4309 1384 4362 δι’
1416 4309 1538 4364 ὅλου
1581 4309 1772 4375 σώζειν
1800 4313 1894 4367 τοῦ
1923 4315 2083 4386 μόνου

2205 3119 2287 3172 lus
2338 3116 2545 3188 quidem
2588 3127 2786 3171 natura
2814 3117 3093 3180 exsistens,
3145 3129 3308 3185 neque
3356 3112 3420 3166 ab
3461 3110 3568 3165 alio
3615 3110 3759 3165 acci-

2197 3212 2376 3281 piens;
2412 3209 2494 3264 Itic
2524 3226 2641 3264 vero
2691 3208 2918 3263 secundo
2953 3209 3071 3261 loco‘
3105 3204 3356 3274 dignatus
3397 3205 3489 3267 sit,
3543 3214 3696 3273 atque
3725 3219 3758 3254 α

2198 3302 2360 3358 Patre
2385 3304 2636 3371 acceperit
2667 3312 2723 3355 ut
2764 3300 2903 3354 Deus
2940 3316 3052 3354 esse
3093 3300 3343 3360 obtineat,
3381 3305 3559 3365 utpote
3587 3297 3755 3362 imago

2197 3396 2315 3460 Dei,
2346 3413 2462 3451 cum
2505 3413 2611 3450 una
2642 3397 2695 3449 in
2723 3393 2974 3448 ambobus
3018 3390 3303 3447 secundum
3331 3388 3621 3455 exemplum
3649 3386 3757 3439 dei-

2197 3500 2278 3545 tas
2299 3491 2641 3560 intelligatur,
2669 3505 2770 3542 uno
2801 3486 2909 3543 Deo
2953 3485 3236 3542 secundum
3270 3500 3325 3538 se
3354 3483 3465 3537 sine
3491 3479 3756 3551 principio

2194 3594 2244 3637 et
2270 3583 2601 3652 generatione
2641 3582 2941 3643 exsistente,
2986 3580 3075 3650 qui
3122 3594 3213 3647 per
3251 3574 3456 3628 Filium
3487 3571 3640 3644 quasi
3666 3584 3758 3639 per

2195 3675 2460 3743 speculum
2501 3681 2555 3728 et
2594 3674 2871 3743 imaginem
2920 3670 3307 3726 consideratur.
3363 3665 3607 3733 Quorum
3639 3662 3755 3716 haec

2195 3782 2406 3822 summa
2463 3765 2645 3829 fuerit,
2702 3776 2926 3820 eatenus
2990 3762 3166 3818 (Filius
3223 3767 3417 3814 natura
3465 3757 3611 3811 Deus
3645 3762 3750 3819 est,

2193 3865 2463 3927 quatenus
2486 3862 2681 3909 natura
2706 3869 2803 3909 sua
2841 3852 2908 3906 ad
2939 3850 3349 3908 similitudinem
3381 3848 3475 3903 Dei
3507 3862 3602 3918 per
3629 3860 3751 3900 om—

2193 3948 2281 4003 nia
2305 3946 2529 4003 eﬂ‘ectus
2574 3956 2677 4011 εει,
2700 3955 2874 4016 atque
2913 3945 3034 3999 ideo
3061 3942 3282 3999 deitatis
3310 3941 3529 3996 nomine
3560 3937 3753 4007 digna-

2191 4049 2282 4095 tus
2313 4049 2418 4105 est,
2449 4056 2569 4110 qua:
2601 4049 2779 4095 tamen
2822 4054 2933 4093 non
2988 4037 3092 4109 ipsi
3124 4036 3341 4107 proprie
3374 4029 3749 4101 competebat;

2192 4132 2285 4189 sed
2315 4139 2536 4202 propter
2557 4128 2969 4184 similitudinem
2999 4126 3216 4181 deitatis
3249 4137 3413 4193 quam
3449 4131 3752 4188 repraesen-

2191 4224 2360 4287 tabat,
2392 4222 2536 4278 Deus
2559 4228 2822 4275 vocatur:
2853 4235 2953 4275 nec
2974 4219 3185 4289 primus
3231 4214 3372 4270 Deus
3393 4221 3499 4275 est,
3535 4207 3630 4262 sed
3660 4221 3750 4260 se-

2188 4317 2397 4372 cundas
2424 4316 2479 4370 in
2507 4314 2708 4369 deitate
2749 4329 2816 4369 ex
2861 4308 3173 4383 dignatione
3217 4311 3469 4373 occupat,
3524 4314 3632 4354 non
3679 4314 3747 4353 ex

523 4400 657 4455 Θεοῦ
680 4402 779 4473 τὴν
822 4399 1062 4471 ἔμψυχον
1088 4400 1182 4453 καὶ
1221 4399 1400 4463 ζῶσαν
1451 4401 1642 4472 νοερὰν
1700 4405 1900 4470 εἰκόνα,
1946 4408 2087 4462 κατὰ

2211 4426 2307 4465 ure
2340 4419 2395 4465 et
2421 4409 2753 4479 praprietate
2788 4426 2802 4462 :
2837 4421 2963 4461 nam
2997 4403 3141 4459 Deus
3177 4401 3246 4456 ob
3274 4391 3745 4452 accuratissimam

525 4495 703 4552 πάντα
737 4494 815 4564 τῷ
841 4494 1011 4564 [Ιατρὶ
1055 4493 1545 4567 παρωμοιωμένην,
1590 4496 1801 4567 καὶτῆς
1832 4498 2083 4571 θεότητός

518 4598 586 4642 τε
623 4587 794 4658 αὐτῆς
842 4588 939 4655 τὴν
978 4586 1234 4656 ὁμοίωσιν
1277 4588 1694 4658 ἐπιφερομένην.
1745 4590 1928 4663 Ταύτῃ
1974 4609 2083 4646 τοι-

520 4678 727 4751 γαροῦν
759 4678 852 4732 καὶ
876 4678 1035 4731 αὐτὸν
1063 4678 1136 4742 ὡς
1169 4678 1232 4732 ἂν
1261 4681 1421 4751 μόνον
1452 4681 1578 4735 Υξὸν
1599 4683 1693 4736 καὶ
1715 4683 1874 4753 μόνον
1902 4685 2083 4739 εἰκόνα

519 4773 649 4828 ὄντα
688 4770 783 4825 τοῦ
819 4770 974 4836 Θεοῦ,
1009 4772 1100 4823 καί
1141 4771 1240 4842 τῆς
1267 4774 1557 4841 ἀγεννήτου
1583 4774 1677 4828 καὶ
1718 4776 1953 4846 ἀνάρχου
1986 4778 2079 4831 τοῦ

520 4864 734 4935 Πατρὸς
764 4863 953 4927 οὐσίας
971 4864 1070 4929 τὰς
1090 4863 1344 4935 δυνάμεις
1364 4865 1505 4919 κατὰ
1529 4865 1589 4919 τὸ
1613 4866 1960 4939 παράδειγμα
1980 4870 2080 4941 τῆς

518 4954 827 5027 ὁμοιώσεως
884 4955 1374 5028 περιϐεϐλημένον,
1430 4959 1534 5012 ὑπό
1590 4975 1650 5011 τε
1713 4959 1808 5013 τοῦ
1863 4961 2077 5017 πάντων

517 5047 907 5118 τεχνικωτάτω
938 5049 1032 5102 καὶ
1082 5050 1549 5119 πανεπιστήμονος
1585 5048 1873 5121 ζωγράφου
1904 5068 1961 5105 τε
1984 5054 2076 5106 καὶ

516 5137 780 5203 ζωοποιοῦ
818 5139 1027 5212 Πατρὸς
1059 5142 1139 5203 είς
1165 5140 1228 5195 τὸ
1253 5141 1333 5193 ἔτι
1370 5140 1594 5212 ἀκριϐὲς
1636 5143 1735 5213 τῆς
1766 5142 2075 5213 ὁμοιώσεως

513 5231 968 5302 ἀπειργασμένον,
1008 5231 1140 5285 Θεὸν
1186 5232 1409 5295 εἰκότως
1430 5234 1479 5284 oi
1511 5233 1641 5286 θεῖοι
1687 5235 2072 5307 ἀναγορεύουσι

512 5321 694 5390 λόγοι*
728 5321 803 5387 ὡς
856 5323 951 5375 καὶ
1000 5322 1204 5393 ταύτης
1247 5322 1387 5393 μετὰ
1426 5323 1534 5376 τῶν
1575 5324 1747 5379 ἄλλων
1784 5327 1932 5399 παρὰ
1976 5327 2070 5383 τοῦ

511 5414 721 5487 Πατρὸς
776 5413 1076 5484 ἠξιωμένον
1130 5414 1518 5484 προσηγορίας,
1549 5419 1597 5471 εί
1632 5418 1809 5491 ηφότα
1840 5436 1918 5484 τε,
1957 5420 2070 5473 ἀλλ’

2187 4502 2591 4559 similitudinem
2615 4500 2718 4554 hac
2743 4499 2892 4553 illum
2921 4492 3281 4567 appellatione
3308 4485 3545 4542 donavit.
3575 4481 3745 4536 Euse-

2182 4595 2355 4650 bianm
2379 4594 2446 4648 de
2467 4591 2587 4647 Filii
2619 4592 2818 4647 deitate
2846 4589 3105 4644 doctrinae
3133 4583 3403 4637 luculenta
3434 4577 3560 4631 item
3587 4574 3744 4629 testi-

2184 4688 2364 4742 monia
2386 4685 2541 4741 aﬂ‘ert
2566 4684 2904 4755 Nicephorus
2932 4677 3241 4752 patriarcha
3272 4676 3327 4729 in
3347 4667 3738 4729 Antirrlteticis,

2180 4778 2340 4848 cujus
2363 4777 2546 4848 Operis
2573 4790 2679 4830 non
2717 4774 2983 4829 hactenus
3012 4768 3142 4825 editi
3171 4782 3235 4821 ac
3264 4766 3385 4819 luce
3410 4758 3734 4857 dignissimi.

2184 4870 2475 4926 editionem
2511 4874 2667 4938 parat
2692 4864 3096 4921 eruditissimus
3116 4858 3405 4914 Anselmus
3432 4848 3736 4938 Bandurius

2183 4973 2387 5017 noster.
2442 4937 2565 5018 Habe
2605 4959 2770 5029 igitur
2799 4962 3052 5025 excerpta
3093 4951 3246 5007 affert
3282 4949 3375 5004 ille
3405 4961 3472 5001 cx
3509 4937 3737 5048 epistola

2183 5052 2400 5109 Eusebii
2431 5052 2499 5106 ad
2527 5048 2900 5106 Constantiam
2929 5048 3223 5118 Augustam
3249 5062 3263 5099 :
3288 5042 3460 5100 Μόνος
3490 5049 3618 5121 γουγ
3647 5042 3738 5082 οὺ-

2180 5162 2269 5208 τος
2304 5144 2441 5215 μετὰ
2466 5143 2555 5197 τὸν
2586 5140 2845 5196 ἀνωτάτω
2868 5140 2999 5194 Θεὸν
3030 5139 3124 5193 καὶ
3148 5134 3364 5205 Πατέρα
3388 5124 3592 5226 δίκαιός
3622 5122 3741 5174 ἐστι

2180 5237 2380 5309 Κύριος
2412 5237 2505 5290 καὶ
2534 5231 2874 5305 δικαιοσύνας
2899 5234 3174 5305 ἠγάπησε,
3211 5227 3263 5281 id
3289 5233 3407 5281 est:
3440 5218 3542 5275 Hie
3566 5218 3743 5285 itaque

2179 5331 2322 5384 solus
2368 5339 2485 5399 post
2516 5343 2811 5397 supremum
2865 5325 3030 5380 Deum
3062 5332 3113 5378 et
3165 5320 3401 5379 Patrem,
3441 5312 3624 5383 justus
3665 5310 3742 5356 est

2180 5423 2454 5486 Dominus,
2485 5433 2534 5477 et
2562 5422 2808 5492 justitias
2833 5420 3049 5481 dilexit;
3079 5426 3135 5471 et
3171 5411 3360 5484 paucis
3396 5404 3740 5474 interiectis:

538 5593 558 5684 2
581 5594 659 5665 (ιι)
898 5592 1095 5683 Contra
1129 5590 1458 5684 Marcellum,
1497 5614 1600 5676 pag
1668 5584 1738 5672 ιο,
1772 5602 1930 5673 μόνος
1963 5554 2098 5677 αληθ

2203 5606 2405 5670 ῖθεός·
2456 5614 2508 5661 ει
2549 5606 2644 5661 lib.
2714 5620 2750 5658 tt
2790 5559 2987 5657 contra
3021 5593 3355 5657 Marcellum,
3420 5606 3546 5663 pag.
3576 5580 3738 5684 ⁵109,

510 5672 564 5719 ct
599 5680 653 5735 p.
689 5665 777 5735 87,
813 5666 902 5721 96.
956 5680 959 5683 '
1411 5678 1415 5685 '
