4042 6210
299 298 365 354 Η
1106 289 1605 350 COMMENTARIA
1638 288 1704 344 ΙΝ
1731 286 2068 346 PSALMOS.
2109 317 2178 328 --
2215 283 2746 340 PRAELIMINABIA.
3451 288 3520 340 ιε

303 420 425 471 Ὅτι
470 417 662 489 ἔχομεν
703 415 798 468 καὶ
831 415 991 487 ἡμεῖς
1029 385 1285 486 ἀρχιερέα
1316 412 1486 483 μέγαν
1517 408 1860 479 διεληλυθότα

1966 405 2096 460 illud
2124 404 2395 470 αὖτόθεος,
2442 405 2551 473 ipse
2584 404 2723 457 Deus
2749 401 2858 472 (b);
2890 402 3003 456 sive
3027 400 3170 470 quod
3208 401 3336 456 alibi
3364 401 3518 465 dicit,

300 511 425 574 τοὺς
454 509 734 580 οὐρανοὺς,
776 506 979 579 Ἰησοῦν
1007 505 1098 559 τὸν
1124 504 1250 557 Υἱὸν
1281 501 1372 556 τοῦ
1403 501 1556 556 Θεοῦ·
1586 497 1646 557 οὗ
1672 502 1737 555 τὰ
1765 502 1863 572 μὲν

301 603 559 657 ἀνωτάτω
583 601 676 654 καὶ
708 602 971 670 κορυφαῖα
1000 598 1096 668 τῆς
1124 596 1376 667 θεότητος
1405 594 1658 648 ἐπέκεινα
1683 595 1864 665 πάσης

300 695 529 758 κτίσεως
576 693 847 763 διήκοντα,
893 689 1208 760 καλύμματι
1256 685 1503 758 πατρικῷ
1548 687 1647 757 τῆς
1682 684 1862 738 ἐνθέου

299 785 598 855 ἁῖδιότητος
639 783 732 836 κα)⁸
775 780 1097 852 ἀγεννησίας
1150 778 1603 843 ἐπικαλύπτει-αι,
1630 781 1681 834 id
1729 788 1858 835 est:

303 877 445 945 Quia
480 875 726 930 habemus
753 884 803 929 et
836 892 930 929 nos
956 873 1269 942 Ponti/irem
1300 889 1565 942 magnum,
1596 875 1685 944 qui
1710 874 1863 928 caelos

301 967 604 1037 prwterivit,
629 965 809 1021 Iesum
832 965 1032 1020 Filium
1056 966 1172 1031 Dei,
1195 968 1345 1037 cujus
1376 966 1601 1021 Deitatis
1621 983 1866 1034 suprema

301 1069 352 1113 et
384 1076 610 1123 summa,
639 1075 803 1129 supra
829 1075 1030 1112 omnem
1060 1068 1359 1113 creaturam
1393 1058 1748 1128 pervadentia,
1768 1073 1866 1126 pa-

304 1162 450 1207 terno
481 1152 671 1206 divina:
690 1151 1002 1206 a’ternitatis
1024 1161 1072 1206 et
1096 1151 1522 1206 innascibilitatis
1550 1153 1865 1221 operimento

301 1253 665 1314 conteguntur.
697 1243 808 1298 Sub
839 1245 952 1299 haec
977 1251 1154 1299 autem
1185 1245 1386 1300 clarius
1422 1263 1434 1298 :
1483 1244 1538 1298 '0
1569 1245 1627 1298 δὲ
1653 1246 1743 1298 ἐπὶ
1770 1244 1863 1298 τοῦ

305 1333 553 1406 μετώπου
600 1333 859 1403 στέφανος
889 1335 988 1403 τῆς
1028 1332 1208 1386 ἐνθέου
1241 1335 1334 1386 καὶ⁵
1371 1333 1865 1404 παντοκρατορικῆς

305 1424 576 1496 βασιλείας
605 1441 665 1477 τε
701 1424 793 1478 καὶ
829 1423 1142 1487 δεσποτείας
1169 1423 1356 1495 ἐδήλου
1388 1423 1775 1494 προσηγορίαν,
1798 1423 1865 1494 ἢν

306 1516 452 1588 μόνῳ
483 1514 560 1587 τῷ
592 1517 884 1586 Μονογενεῖ
904 1516 932 1567 ὁ
958 1515 1214 1570 ἀνωτάτω
1250 1515 1343 1568 καὶ
1379 1513 1536 1584 μόνος
1567 1512 1729 1566 αὑτοῦ
1757 1514 1868 1566 Πα-

302 1610 408 1680 τὴρ
437 1609 768 1681 ἐδωρήσατο,
802 1607 933 1661 Θεὸν
979 1608 1075 1661 καὶ
1119 1607 1323 1679 Κύριον
1365 1607 1459 1660 καὶ
1491 1606 1715 1677 βασιλέα
1756 1605 1864 1660 τῶν

304 1702 440 1756 ὅλων
462 1701 618 1772 μόνον
645 1701 805 1756 αὐτὸν
837 1699 977 1770 μετά
1006 1717 1070 1768 γε
1099 1700 1290 1754 ἑαυτὸν
1321 1700 1618 1766 ἀναδείξας,
1653 1699 1702 1753 id
1737 1708 1821 1755 est
1845 1719 1859 1754 :

305 1791 514 1847 Corona
539 1801 712 1846 autem
737 1793 791 1845 in
820 1791 991 1860 fronte
1019 1792 1212 1859 posita,
1235 1790 1397 1844 divini
1423 1799 1471 1845 et
1494 1791 1860 1855 omnipotentis

304 1886 450 1955 regni
487 1901 549 1938 ac
584 1883 805 1937 dominii
843 1884 1238 1952 appellationem
1268 1883 1542 1938 declarat:
1565 1901 1722 1953 quam
1761 1884 1862 1939 soli

310 1973 587 2045 Unigcnito
605 1989 874 2044 supremus
889 1983 940 2028 et
959 1974 1100 2029 solus
1116 1975 1229 2044 ejus
1250 1975 1408 2030 Pater
1425 1976 1658 2038 donavit,
1671 1975 1860 2042 Deum,

304 2065 590 2121 Dominum
617 2073 667 2118 et
690 2062 874 2135 Regem
901 2065 1261 2120 universorum
1283 2067 1452 2120 solum
1476 2068 1646 2135 ipsum
1666 2078 1782 2136 post
1808 2086 1863 2124 se

305 2153 603 2208 declarans.
638 2152 738 2209 Ubi
769 2153 920 2210 vides
944 2170 1010 2209 ex
1029 2153 1283 2220 Eusebio,
1309 2155 1528 2220 Filium,
1555 2157 1650 2213 Dei
1675 2168 1729 2215 et
1753 2159 1862 2214 Do-

302 2245 432 2301 mini
452 2247 861 2316 appellationem
880 2262 945 2302 ex
963 2248 1076 2302 sola
1094 2248 1402 2319 dignatione
1413 2248 1586 2307 Patris
1597 2251 1861 2320 obtinere,

305 2351 368 2390 ac
395 2334 688 2391 secundum
711 2351 741 2390 a
768 2335 928 2391 Patre
957 2335 1122 2392 Deum
1145 2352 1286 2403 esse,
1317 2353 1426 2407 quo
1458 2341 1679 2410 respicit
1699 2341 1862 2395 etiam

305 2425 927 2482 illeCommentariorum
946 2427 1178 2493 locus,in
1197 2443 1405 2499 argum.
1422 2431 1558 2500 psal.
1577 2446 1720 2485 Lxxn
1738 2431 1866 2486 Asa-

304 2517 418 2587 phi,
438 2527 492 2572 et
506 2517 570 2571 ad
593 2518 728 2588 psal.
752 2533 785 2571 ι
804 2518 902 2572 :Ac
920 2534 982 2573 ne
1007 2519 1122 2588 quis
1154 2519 1217 2573 ob
1236 2522 1570 2585 monarchiw,
1585 2523 1690 2576 sive
1706 2523 1861 2576 unius

303 2608 566 2677 principii,
584 2609 838 2663 rationem
854 2609 1171 2673 turbaretur,
1192 2609 1459 2667 Christum
1472 2611 1566 2667 Dei
1579 2613 1742 2668 Deum
1753 2631 1864 2670 esse

302 2698 558 2762 audiens;
583 2710 922 2771 congruenter
938 2703 1018 2756 hic
1038 2702 1228 2757 multos
1245 2703 1367 2758 deos
1385 2705 1616 2758 nominat
1633 2721 1742 2770 eos,
1773 2707 1863 2776 qui

302 2791 397 2845 sub
416 2791 526 2846 hate
547 2792 855 2848 incusantur
872 2809 891 2846 :
909 2803 1111 2848 tantum
1141 2811 1242 2849 non
1259 2795 1564 2864 pra’cipiens
1585 2805 1641 2849 ut
1658 2813 1720 2851 ne
1733 2813 1864 2850 cun-

301 2892 503 2936 ctemur
519 2881 718 2936 Filium
735 2901 933 2954 quoque
953 2884 1047 2938 Dei
1065 2885 1228 2940 Deum
1251 2902 1453 2941 uocare.
1471 2885 1531 2942 Si
1550 2888 1686 2941 enim
1697 2889 1864 2959 gentis

301 2975 577 3046 principes,
590 2977 677 3046 qui
691 2975 826 3030 male
839 2976 1140 3040 audiebant,
1170 2977 1261 3032 Dei
1278 2979 1483 3032 nomine
1495 2978 1700 3050 dignati
1719 2990 1860 3047 sunt,

304 3065 468 3164 quod,
492 3082 686 3164 quaeso,
716 3068 1002 3164 periculum
1028 3069 1208 3137 fuerit,
1231 3071 1278 3124 si
1306 3072 1473 3124 virum
1495 3071 1723 3127 dexterae
1742 3071 1858 3140 Dei,
1885 3106 1929 3164 ο

301 3162 353 3207 et
385 3154 560 3222 ﬁlium
589 3154 814 3208 hominis
856 3159 1245 3225 confirmatum,
1279 3160 1447 3215 Deum
1487 3163 1774 3231 fateamur,
1806 3165 1862 3220 id

301 3250 408 3306 est,
441 3257 564 3298 cum
600 3243 849 3300 homines
877 3245 1039 3300 etiam
1073 3248 1147 3301 dii
1177 3258 1454 3312 vocentur,
1489 3253 1656 3308 multo
1688 3257 1862 3326 magis

302 3349 597 3405 possumus
630 3335 905 3392 Christum
931 3340 1202 3410 appellare
1233 3340 1420 3407 Deum,
1450 3344 1578 3415 quin
1609 3346 1736 3402 hinc
1757 3365 1864 3405 me-

300 3435 389 3480 tus
423 3425 496 3480 sit
521 3441 591 3481 ne
619 3427 990 3496 pluralitatem
1022 3430 1246 3487 deorum
1276 3441 1329 3489 et
1353 3436 1741 3506 princi;iorum
1777 3441 1862 3495 in-

299 3515 588 3583 ducamus,
619 3519 748 3589 quia
781 3521 990 3577 scilicet
1034 3522 1204 3580 Filius
1249 3541 1356 3581 non
1390 3532 1603 3599 proprie
1650 3540 1704 3586 et
1737 3549 1862 3589 vere

303 3609 444 3665 Deus
472 3623 578 3676 εει,
607 3611 751 3681 quod
773 3612 862 3668 hic
883 3614 972 3670 ille
995 3616 1256 3682 insinuat,
1279 3627 1332 3674 et
1355 3621 1482 3676 alibi
1504 3623 1648 3679 clare
1669 3632 1722 3679 et
1743 3625 1863 3681 sine

301 3703 525 3772 ambage
552 3702 708 3760 dixit.
738 3704 864 3760 Ideo
881 3715 1080 3775 autem,
1101 3719 1158 3763 ut
1175 3709 1289 3780 ipse
1305 3712 1356 3766 in
1375 3713 1538 3768 allato
1559 3715 1699 3780 loco,
1727 3717 1780 3770 in
1798 3719 1862 3771 li-

301 3793 416 3850 bris
427 3793 628 3849 Contra
644 3795 1033 3860 Marcellum,et
1047 3801 1100 3854 in
1115 3799 1417 3858 Comment.
1433 3805 1488 3859 in
1509 3807 1643 3875 psal.
1662 3823 1858 3874 Lxxxv,

304 3881 648 3955 lO,explicat,
668 3884 808 3942 Deus
825 3887 913 3944 ille
934 3891 1303 3958 praeomnibus
1321 3891 1512 3962 iis,~qni
1527 3894 1620 3950 Dei
1643 3893 1862 3954 nomine

301 3973 508 4046 dignati
543 3985 690 4042 sunt,
731 3980 1051 4049 appellatur,
1099 3983 1226 4052 quia
1259 3983 1316 4038 in
1359 3983 1479 4054 ipso
1523 3987 1639 4041 solo
1680 3986 1859 4044 Patris

300 4065 601 4122 similitudo
645 4079 929 4138 servatur;
963 4079 1014 4127 et
1043 4071 1100 4126 in
1139 4083 1260 4128 ortu
1303 4089 1404 4129 suo
1446 4091 1475 4128 a
1513 4075 1674 4133 Patre
1716 4077 1858 4135 Dens

297 4159 474 4216 factus
503 4169 558 4217 et
583 4161 876 4232 deputatus
899 4171 1003 4230 est,
1039 4163 1373 4237 θεοποιηθείς
1401 4175 1460 4222 ut
1493 4182 1678 4238 supra,
1716 4171 1858 4226 unde

294 4255 454 4308 etiam
477 4262 562 4310 est
590 4253 734 4324 quod
758 4253 1008 4320 αὑτόθεος
1028 4267 1252 4313 vocetur
1283 4259 1337 4313 in
1379 4259 1524 4314 Hist.
1577 4260 1702 4316 eccl.
1730 4262 1766 4315 ι.
1800 4277 1855 4325 x,

297 4361 350 4414 p.
386 4346 491 4402 375
525 4346 626 4418 (a),
660 4348 1068 4418 comparatione
1095 4348 1302 4405 scilicet
1322 4351 1624 4418 hominum,
1657 4352 1750 4421 qui
1778 4351 1854 4406 dii

1963 496 2209 568 ἀληθινὸς
2230 495 2378 559 Θεός.
2405 513 2554 550 verus
2581 493 2756 556 Deus;
2785 493 2992 548 scilicet
3009 500 3318 562 comparate
3341 495 3408 548 ad
3426 493 3524 548 ho-

1962 587 2159 647 mines.
2190 586 2282 656 qui
2307 585 2598 656 aliquando
2630 585 2702 637 dii
2736 584 3112 654 appellantur:
3149 599 3274 637 nam
3299 598 3523 653 compa-

1941 686 2080 748 ,rate
2114 677 2181 731 ad
2209 677 2446 743 Patrem,
2480 677 2593 731 sive
2623 675 2790 730 Deum
2822 675 3226 740 universorum,
3260 690 3368 730 non
3397 690 3523 729 vere

1963 778 2012 825 et
2042 768 2259 840 proprie
2286 768 2429 825 Deus
2457 767 2678 833 dicitur,
2716 767 3014 823 secundum
3054 766 3272 824 Eusebii
3302 777 3523 823 senten-

1965 873 2114 917 tiam.

1963 974 2022 1025 X.
2046 975 2198 1035 Quam
2220 975 2423 1024 adversa
2446 975 2627 1024 rationi
2657 979 2709 1084 et
2730 974 2998 1085 priscorum
3034 975 3234 1026 Patrum
3257 976 3521 1028 sententiae

2679 1050 2729 1084 ra
2765 1050 2792 1084 a
2821 1073 2832 1084 .

2679 1050 2832 1084 radat.

2036 1118 2127 1174 Sic
2157 1121 2246 1176 ille
2272 1112 2341 1176 ne
2360 1120 2498 1176 duos
2527 1120 2660 1177 deos
2689 1121 2871 1176 dicere
2895 1130 3137 1193 cogatur,
3166 1120 3359 1176 Filium
3395 1138 3522 1178 vere

1965 1212 2133 1267 Deum
2162 1228 2286 1268 esse
2310 1220 2488 1283 negat,
2525 1211 2938 1283 Evangeliorum
2968 1213 3110 1267 dicta
3144 1213 3466 1284 distorquet,
3491 1231 3522 1267 a

1964 1305 2267 1374 priscorum
2281 1302 2502 1358 Patrum
2521 1303 2768 1360 doctrina
2783 1302 3032 1369 discedit,
3049 1310 3103 1359 et
3115 1304 3181 1358 ad
3197 1303 3522 1360 Arianorum

1964 1401 2146 1460 partes
2161 1391 2388 1447 accedit.
2402 1391 2536 1446 Nam
2555 1402 2614 1447 ut
2631 1392 2922 1463 Evangelia
2941 1400 3052 1448 tres
3073 1408 3193 1449 esse
3212 1395 3266 1448 in
3287 1409 3395 1449 uno
3411 1395 3521 1449 Deo

1964 1497 2228 1553 personas
2249 1483 2394 1538 clare
2425 1483 2696 1550 indicant;
2730 1484 2806 1538 ita
2841 1484 3117 1541 rationem
3135 1484 3229 1541 Dei
3260 1486 3316 1540 in
3346 1487 3519 1541 tribus

1965 1591 2126 1630 unam
2147 1583 2201 1631 et
2222 1575 2465 1632 eamdem
2487 1590 2614 1631 esse
2641 1575 2837 1630 docent
2857 1595 2869 1630 :
2889 1577 3114 1631 stultum
3134 1578 3331 1648 quippe
3354 1585 3439 1634 est
3465 1579 3519 1632 in

1965 1661 2066 1716 hoc
2093 1660 2318 1717 Joannis
2335 1661 2500 1727 dicto,
2530 1679 2570 1727 ι,
2599 1664 2621 1716 I
2650 1681 2663 1717 :
2691 1662 2754 1717 In
2775 1665 3027 1733 principio
3052 1677 3166 1720 erat
3208 1665 3452 1731 Verbum,
3473 1677 3525 1722 et

1893 1765 1934 1819 Β
1972 1749 2193 1804 Verbum
2215 1760 2328 1805 erat
2348 1751 2486 1820 apud
2501 1751 2688 1818 Deum,
2701 1765 2750 1807 et
2767 1753 2903 1809 Deus
2918 1765 3031 1808 erat
3057 1755 3294 1822 Verbum,
3313 1757 3450 1812 duas
3468 1765 3524 1813 et

1963 1841 2270 1912 disparatas
2303 1841 2394 1898 Dei
2428 1842 2665 1898 rationes
2703 1845 2995 1906 somniare,
3030 1853 3083 1899 et
3126 1846 3519 1916 ineptissimam

1963 1933 2414 2004 amphibologiam
2437 1933 2689 2004 scriptori
2714 1949 2870 1992 sacro
2897 1934 3166 2008 aliingere,
3191 1939 3334 1994 unde
3351 1940 3519 2008 prisci

1963 2022 2433 2090 EcclesiaePatres,
2446 2034 2553 2080 tam
2572 2025 2609 2080 ii
2623 2027 2716 2096 qui
2733 2027 2800 2082 ad
2813 2042 2984 2098 usque
2995 2037 3247 2098 quartum
3260 2032 3517 2086 saeculum

1962 2117 2213 2182 ﬂoruere,
2249 2131 2410 2188 quam
2441 2118 2476 2172 ii
2505 2119 2597 2188 qui
2624 2134 2691 2174 ex
2721 2126 2836 2174 toto
2865 2120 2997 2176 orbe
3032 2124 3206 2177 coacti
3244 2120 3518 2178 Nictenam

1963 2209 2228 2280 synodum
2249 2208 2612 2277 celebrarunt,
2632 2211 2735 2266 etsi
2785 2211 3154 2282 hypostasium
3180 2222 3234 2268 et
3261 2229 3521 2283 persona~

1962 2313 2083 2353 rum
2115 2299 2341 2355 vocibus
2379 2315 2489 2355 non
2521 2308 2823 2369 uterentur,
2864 2300 3052 2357 eadem
3101 2303 3366 2366 sententia
3405 2313 3518 2360 tres

1964 2404 2131 2443 unum
2159 2390 2495 2447 constituere
2529 2390 2722 2458 Deum,
2754 2400 3069 2449 constanter
3099 2393 3382 2450 docebant.
3417 2395 3518 2452 llic

1963 2485 2209 2552 apposite
2245 2496 2409 2538 aurea
2442 2483 2533 2538 illa
2559 2482 2804 2556 Dionysii
2834 2485 3210 2551 Alexandrini,
3232 2503 3391 2558 quem
3423 2503 3518 2559 pa-

1961 2575 2221 2646 trocinari
2273 2575 2379 2631 sibi
2429 2574 2566 2631 falso
2607 2576 2930 2646 jactitabant
2980 2577 3189 2644 Ariani,
3247 2581 3518 2635 sententia

1962 2665 2140 2720 locum
2184 2665 2380 2721 habeat
2411 2684 2425 2720 :
2461 2665 2620 2722 Οὕτω
2664 2667 2762 2738 μὲν
2793 2669 2953 2739 ἡμεῖς
2989 2671 3068 2734 είς
3098 2687 3157 2723 τε
3185 2671 3284 2741 τὴν
3315 2672 3520 2742 Τριάδα

1962 2756 2060 2828 τὴν
2088 2756 2289 2826 μονάδα
2332 2756 2666 2829 πλατύνομεν
2709 2758 3030 2830 ἀδιαίρετον,
3061 2759 3154 2813 καὶ
3190 2759 3286 2831 τὴν
3318 2762 3518 2833 Τριάδα

1963 2849 2124 2904 πάλιν
2166 2848 2432 2921 ἀμειωτον
2476 2852 2554 2914 είς
2593 2850 2691 2920 τὴν
2727 2850 2925 2922 μονάδα
2954 2851 3515 2923 συγκεφαλαιούμεθα,

1965 2943 2068 2997 hoc
2094 2947 2219 2997 est:
2251 2940 2341 2996 Sic
2371 2940 2577 3013 quidem
2610 2957 2703 2996 nos
2755 2941 3124 2996 indivisibilem
3169 2943 3420 2997 unitatem
3460 2945 3515 2996 in

1968 3034 2284 3090 Trinitatem
2324 3035 2638 3100 dilatantus,
2683 3043 2735 3088 et
2785 3033 3099 3089 Trinitatem
3144 3035 3354 3099 iterum,
3401 3052 3518 3108 qua:

1961 3118 2205 3182 imminui
2238 3129 2432 3199 nequit,
2474 3129 2526 3181 in
2555 3127 2808 3181 unitatem
2837 3126 3209 3182 contrahimus.
3233 3125 3335 3183 Ubi
3364 3129 3517 3184 vides

1963 3222 2224 3276 unitatem
2259 3219 2376 3285 Dei,
2407 3228 2598 3275 contra
2622 3234 2782 3291 quam
2814 3218 3081 3277 Eusebius
3117 3224 3300 3287 sentit,
3331 3221 3386 3278 in
3417 3223 3518 3277 tri-

1960 3314 2063 3369 bus
2093 3313 2343 3383 personis
2371 3312 2653 3369 constitui.
2685 3310 2966 3382 Siquidem
2992 3313 3233 3371 Trinitas
3267 3317 3356 3370 illa
3381 3317 3516 3373 nihil

1960 3405 2155 3460 unitati
2179 3403 2360 3468 ollicit,
2389 3404 2518 3474 quia
2548 3405 2601 3458 in
2632 3404 2808 3460 tribus
2830 3420 2938 3460 una
2963 3417 3174 3468 natura,
3210 3408 3513 3464 substantia

1960 3503 2013 3550 et
2045 3494 2222 3551 deitas
2265 3495 2502 3550 exsistit.
2549 3493 2622 3548 De
2653 3493 2922 3548 sententia
2961 3509 3088 3550 vero
3116 3494 3334 3552 Eusebii
3367 3499 3514 3552 circa

1963 3585 2222 3657 Spiritum
2251 3596 2516 3649 sanctum,
2545 3601 2652 3640 non
2680 3593 2762 3640 est
2781 3583 2924 3654 quod
2952 3584 3251 3640 disseratur
3277 3607 3290 3641 :
3312 3589 3514 3644 etenim

1960 3680 2044 3735 vel
2073 3680 2108 3734 ii
2139 3679 2226 3749 qui
2271 3678 2390 3746 ejus
2433 3676 2500 3731 de
2545 3676 2680 3730 Filio
2720 3676 3024 3731 doctrinam
3055 3678 3192 3732 tueri
3223 3689 3512 3745 conantur,

1961 3785 2070 3825 non
2095 3769 2305 3824 inﬁcias
2327 3776 2458 3824 eunt
2486 3769 2664 3840 ipsum
2693 3769 2761 3824 de
2784 3766 2986 3838 Spiritu
3019 3777 3206 3824 sancto
3233 3785 3340 3825 non
3369 3780 3515 3827 recte

1961 3865 2221 3918 locutum.
2249 3861 2385 3924 Nam
2417 3861 2558 3916 libro
2590 3871 2773 3914 contra
2811 3859 3123 3914 Marcellum
3147 3861 3217 3932 (c)
3261 3863 3354 3927 ait,
3391 3862 3514 3934 Spi-

1959 3958 2122 4012 ritum
2153 3963 2400 4012 sanctum
2431 3970 2605 4024 neque
2629 3954 2794 4010 Deum
2825 3970 3001 4024 neque
3035 3953 3227 4008 Filium
3255 3971 3406 4021 esse;
3439 3957 3514 4010 ita

1961 4057 2018 4101 ut
2048 4047 2196 4100 illum
2224 4045 2481 4100 decernat
2504 4044 2642 4100 Filio
2674 4044 3006 4110 inferiorem,
3029 4045 3225 4114 quippe
3252 4060 3411 4115 quem
3443 4061 3516 4101 ne

1959 4157 2021 4196 ex
2057 4140 2369 4210 dignatione
2413 4138 2631 4208 quidem
2670 4136 2839 4192 Deum
2880 4138 3181 4207 nuncupari
3221 4137 3389 4192 velit:
3416 4138 3512 4193 sed

1959 4241 2080 4302 post
2113 4229 2308 4285 Filium
2353 4245 2461 4284 non
2495 4243 2723 4284 numero
2760 4235 2991 4295 tantum,
3025 4227 3118 4282 sed
3151 4229 3310 4282 etiam
3341 4228 3514 4298 gradu

1959 4331 2013 4378 et
2044 4322 2305 4391 dignitate
2342 4319 2662 4375 constituat.
2706 4317 2762 4371 In
2805 4318 2889 4372 his
2934 4333 3062 4372 vero
3106 4318 3511 4373 commentariis

298 4406 596 4506 vocantur;
639 4454 744 4494 nec
781 4406 963 4495 lamen
1013 4440 1087 4496 dii
1110 4441 1214 4496 dici
1240 4454 1488 4512 possunt,
1517 4445 1562 4499 si
1591 4406 1713 4500 cum
1754 4445 1848 4500 illo
1884 4451 1930 4506 D
1959 4425 2182 4512 parato
2213 4410 2280 4465 de
2313 4409 2514 4512 5P“???
2539 4417 2728 4512 εἷ’ηοιο
2751 4407 2917 4512 vin-ba
2940 4406 3086 4512 ’Ἀφ’
3119 4407 3246 4512 qgia
3267 4407 3506 4512 minimi)

301 4525 670 4594 conferantur,
693 4539 753 4586 ut
781 4531 943 4588 habet
971 4533 1027 4587 in
1052 4532 1139 4588 his
1174 4537 1596 4591 commentariis.
1628 4537 1779 4604 Quod
1804 4541 1852 4592 si

301 4615 434 4667 illud
462 4618 742 4686 adjiciatur
769 4623 870 4695 (sic
910 4623 1042 4693 ille),
1081 4642 1099 4675 ι
1139 4624 1216 4678 Tu
1243 4643 1297 4679 es
1327 4625 1467 4680 Deus
1490 4629 1633 4682 solus
1675 4629 1848 4700 (Psal.

304 4711 661 4782 Lxxxv,10);i
678 4715 731 4769 id
745 4717 974 4788 applices
998 4717 1288 4782 Saluatori,
1311 4718 1406 4772 hoc
1425 4720 1547 4773 item
1568 4737 1848 4790 apponens,

309 4815 330 4849 ‹
355 4795 479 4851 Νοη
507 4811 580 4854 est
605 4805 788 4861 similis
811 4809 888 4861 tui
913 4809 966 4867 in
989 4807 1116 4872 diis,
1146 4808 1364 4862 Domine
1383 4807 1548 4878 (Ibid.
1567 4809 1645 4880 8):
1672 4828 1690 4861 ι
1717 4811 1853 4865 sicut

297 4891 437 4944 enim
464 4891 510 4944 si
534 4907 581 4946 te
601 4893 726 4971 cum.
739 4901 1036 4954 memoratis
1059 4901 1162 4954 diis
1189 4915 1564 4969 comparemus,
1599 4917 1619 4952 ι
1656 4919 1756 4955 non
1777 4911 1854 4956 est

299 4982 487 5037 similis
520 4985 618 5049 tui,
645 5003 666 5038 ι
698 4988 772 5041 sic
801 4991 846 5043 si
869 5000 916 5044 te
942 4993 1274 5062 conferamus
1296 5010 1412 5047 cum
1441 4993 1648 5060 iisdem,
1684 5004 1770 5047 «tu
1797 5011 1852 5050 es

296 5073 440 5129 Deus
477 5077 642 5131 solus.
675 5097 694 5130 ι
745 5079 1008 5151 Siquidem
1048 5086 1192 5142 solus
1226 5085 1473 5141 Salvator
1505 5098 1554 5141 et
1597 5085 1852 5142 Dominus

296 5175 471 5220 noster
508 5186 525 5218 ι
564 5169 618 5221 in
655 5170 907 5239 principio
950 5185 1091 5239 erat,
1131 5177 1229 5231 Dei
1283 5177 1502 5232 Verbum
1531 5186 1667 5242 erat,
1711 5176 1852 5248 apud

295 5256 464 5312 Deum
481 5271 617 5325 erat,
630 5272 679 5316 et
702 5261 842 5317 Deus
857 5272 972 5317 erat
994 5263 1172 5334 (Joan.
1190 5284 1227 5331 I,
1249 5268 1300 5338 l)
1321 5284 1336 5318 :
1354 5288 1372 5319 ι
1393 5268 1726 5338 quamobrem
1749 5284 1852 5322 non

292 5357 370 5400 est
389 5348 581 5402 similis
603 5350 703 5416 ipsi
723 5351 780 5405 in
805 5350 931 5415 diis,
957 5367 1019 5405 ac
1047 5353 1190 5409 solus
1209 5357 1315 5422 ipse
1342 5358 1494 5426 quasi
1515 5358 1570 5413 in
1585 5358 1688 5412 diis
1710 5357 1850 5412 Deus

293 5438 487 5506 fuerit;
525 5457 643 5494 cum
673 5442 848 5496 nullus
876 5457 942 5497 ea:
963 5443 1144 5497 multis
1189 5445 1319 5510 illis,
1352 5451 1438 5518 qui
1469 5447 1545 5501 dii
1581 5459 1848 5513 vocantur,

292 5534 684 5600 comparatione
709 5534 852 5590 illius
889 5535 1024 5591 Deus
1050 5537 1155 5591 dici
1183 5539 1366 5600 possit.
1407 5538 1545 5594 Hinc
1583 5539 1849 5611 intelligas

365 5645 440 5720 (ᾳ)
463 5644 698 5720 ῌυῙιιερθ
721 5649 1045 5720 Patrolagite
1064 5659 1268 5707 nostra:
1297 5659 1427 5706 tom.
1478 5650 1597 5707 XX.

361 5714 437 5786 (b)
475 5714 626 5771 Dem.
657 5737 732 5774 ev.
766 5737 819 5790 p.
854 5714 976 5777 I56.

575 5816 840 5882 Panos.
875 5821 992 5884 Gn.
1023 5819 1262 5880 XXIII.

1955 4513 2101 4558 mota
2131 4503 2305 4558 fuerat
2327 4502 2394 4556 de
2424 4499 2622 4570 Spiritu
2655 4506 2845 4553 sancto
2869 4499 3117 4567 quaestio.
3141 4497 3277 4552 Nam
3305 4499 3408 4555 etsi
3438 4500 3508 4556 ab

1953 4604 2140 4650 exortu
2179 4592 2492 4657 Arianismi,
2525 4603 2783 4659 sequaces
2823 4588 2936 4643 Arii
2966 4589 3034 4644 de
3068 4587 3273 4658 Spiritu
3313 4600 3508 4646 sancto

1953 4688 2117 4758 impie
2147 4686 2434 4748 sentirent,
2480 4682 2717 4736 nondum
2760 4680 3035 4752 quidpiam
3066 4681 3350 4738 adversum
3380 4697 3510 4752 pro-

1952 4782 2209 4837 tulerant.
2239 4778 2344 4834 Sed
2369 4783 2491 4847 post
2511 4781 2738 4829 mortem
2761 4773 2875 4828 Arii
2895 4782 2949 4829 et
2971 4773 3210 4841 Eusebii,
3235 4775 3328 4829 ubi
3345 4773 3508 4830 Aria-

1953 4887 2148 4930 norum
2180 4879 2308 4928 sunt
2334 4871 2475 4924 facta
2501 4869 2751 4934 divortia,
2777 4866 3144 4922 Macedoniani
3168 4874 3222 4922 et
3237 4867 3502 4921 Pneuma-

1953 4965 2188 5022 tomachi
2221 4964 2485 5035 Spiritum
2531 4971 2802 5027 sanctum,
2842 4960 3066 5031 perinde
3099 4970 3260 5029 atque
3286 4957 3502 5024 Filium,

1953 5061 2095 5116 inter
2125 5058 2342 5130 opiﬁcia
2370 5065 2424 5113 et
2461 5073 2548 5113 res
2584 5063 2795 5111 creatas
2837 5061 3014 5126 palam
3056 5061 3371 5124 computare
3395 5066 3510 5107 cce-

1954 5162 2168 5223 perunt.

2287 5262 2369 5312 XI.
2395 5261 2514 5313 Cum
2531 5259 2724 5310 Arianis
2745 5261 2891 5322 plane
2911 5260 3172 5309 consentit.

2025 5347 2085 5401 In
2119 5347 2185 5402 iis
2211 5360 2373 5416 porro
2416 5359 2538 5414 quae
2571 5360 2736 5415 supra
2777 5343 3076 5406 attulimus,
3122 5357 3246 5395 cum
3288 5336 3414 5392 Ario
3448 5341 3502 5386 et

1949 5439 2167 5493 Arianis
2199 5439 2353 5508 plane
2380 5438 2652 5492 consentit
2697 5435 2960 5490 Eusebius
3009 5433 3084 5503 (ά)
3120 5451 3133 5486 :
3162 5446 3282 5486 nam
3313 5435 3365 5482 et
3398 5424 3501 5492 ipsi

1952 5531 2178 5603 perinde
2197 5536 2356 5600 atque
2383 5528 2737 5584 Ctesariensis
2760 5528 2854 5583 ille
2877 5525 3090 5598 prmsul,
3121 5535 3286 5577 unum
3324 5523 3377 5569 et
3407 5530 3499 5569 so-

2025 5645 2092 5715 (ε)
2134 5643 2194 5698 P.
2229 5645 2330 5698 tu
2356 5652 2410 5698 et
2438 5643 2557 5715 trs.

2022 5713 2097 5790 (ά)
2129 5715 2328 5772 Athan.
2361 5730 2414 5784 p.
2445 5713 2566 5779 79.8,
2597 5713 2718 5768 729.
3189 5792 3230 5856 2
