4042 6210
431 279 500 335 45
1105 273 1368 330 EUSEBII
1401 271 1880 329 CIESARIENSIS
1918 271 2069 330 OPP.
2107 271 2288 328 PARS
2315 271 2410 326 'lﬂ.
2453 302 2521 312 —
2559 271 2964 328 EXEGETICA.
3576 271 3645 323 -Η

433 399 542 451 lum
580 409 703 452 re.)
737 393 926 473 Deum,
963 392 1172 448 Patrem
1209 392 1434 457 scilicet,
1468 391 1862 460 admittebant;
1893 390 1986 446 Fi—
2015 409 2061 466 Α
2089 391 2214 441 xm.
2263 391 2368 453 Quo
2410 405 2558 442 sensu
2603 404 2638 447 ιε
2661 405 2854 473 iit-5.3.
2879 395 3047 473 neget,
3085 395 3140 440 et
3193 393 3413 454 genitum
3461 384 3642 438 Filium

432 488 565 544 lium
586 502 715 542 vero
747 486 887 541 alius
918 501 946 539 a
982 493 1203 556 paterna
1231 481 1529 537 substantia
1549 521 1564 546 ,
1601 497 1775 551 neque
1803 497 1988 537 verum

431 595 554 635 esse
583 577 750 633 Deum
789 576 1186 646 praedicabant:
1219 573 1343 638 etsi,
1381 572 1606 642 perinde
1639 581 1800 642 atque
1823 572 1991 628 Euse-

435 670 581 732 bius,
627 669 699 722 de
743 665 882 721 Filio
926 667 1203 735 loquentes
1251 679 1281 718 a
1327 661 1424 716 Dei
1478 662 1834 733 appellatione
1883 678 1990 718 non

437 757 1046 823 abhorrerent;"Filium
1084 757 1241 826 longe
1273 755 1534 824 imparem
1565 761 1620 807 et
1673 753 1990 824 inaequalem

434 849 605 915 Patri,
627 851 850 920 ipsoque
875 849 1135 902 minorem
1157 844 1531 900 atlirmabant:
1559 845 1703 916 quod
1727 843 1992 900 Eusebius

436 943 492 996 in
525 942 674 998 hisce
723 938 1148 1003 commentariis,
1205 937 1259 990 in
1301 935 1618 1007 Evangelica
1656 936 1995 990 Demonstra-

401 1063 404 1066 ο
439 1037 576 1090 tione
605 1041 658 1091 et
701 1035 755 1088 in
787 1033 943 1089 libris
988 1031 1186 1086 Contra
1221 1028 1529 1083 Marcellum
1562 1028 1996 1100 frequentissime

438 1127 570 1184 dicit
617 1142 677 1182 ac
735 1126 954 1196 repetit,
991 1140 1094 1179 nec
1131 1138 1192 1178 ea
1224 1123 1278 1177 in
1314 1138 1370 1177 re
1403 1138 1638 1192 unquam
1669 1121 1997 1178 circuitione

437 1221 518 1274 vel
551 1218 776 1288 ambage
803 1218 991 1271 utitur.

438 1352 539 1404 XII.
587 1354 690 1412 Qua
733 1351 981 1400 sententia
1018 1361 1266 1420 νᾳέμεευοεε.
1296 1350 1420 1420 sive
1451 1347 1998 1397 'consubstantialisub-

1083 1417 1351 1472 scripserit.

511 1541 758 1611 Objicere
781 1539 954 1596 solent
988 1540 1081 1610 qui
1113 1537 1330 1594 Eusebii
1385 1547 1568 1609 partes
1619 1538 1998 1606 tiitantnr,ip-

445 1649 564 1688 sum
599 1633 652 1686 in
680 1633 884 1704 synodo
919 1631 1156 1695 Niczna,
1186 1631 1263 1702 τῷ
1276 1631 1580 1702 ίὸμοουσίῳ,
1626 1630 1738 1684 sive
1764 1630 2000 1683 consub-

447 1725 685 1781 stantiali
712 1724 1124 1795 subscripsisse.
1154 1721 1220 1776 Et
1242 1723 1296 1777 id
1319 1737 1450 1776 sane
1480 1721 1805 1776 testificatur
1834 1719 2001 1774 Euse—

444 1819 567 1874 bius
604 1819 659 1873 in
695 1818 923 1888 epistola
973 1830 1070 1870 sua
1127 1813 1194 1868 ad
1249 1813 1642 1877 Caesarienses;
1695 1827 1819 1867 nam
1850 1815 2022 1873 cum,’

444 1911 790 1982 imperatore
813 1915 1099 1979 praesente,
1129 1908 1358 1962 instaret
1394 1905 1571 1961 exsilii
1602 1902 2003 1968 metus,"Euse-

445 2004 592 2068 hius,
614 2000 851 2072 qui-non
866 2015 930 2056 ex
950 2013 1138 2055 eorum
1162 2011 1390 2052 numero
1421 1997 1541 2060 fuit,
1572 1995 1664 2064 qui
1689 1994 1757 2050 de
1787 1993 2003 2048 civitate

445 2093 756 2148 maluerunt
790 2105 956 2160 quam
987 2089 1054 2145 de
1085 2087 1354 2144 sententia
1383 2085 1670 2152 dimoveri,
1707 2099 1851 2154 aegre
1877 2090 2002 2138 tan-

447 2185 572 2240 dem
611 2182 802 2254 synodi
840 2179 1058 2252 placitis
1087 2193 1346 2235 assensus
1385 2184 1501 2242 est;
1535 2183 1594 2229 ut
1631 2176 1747 2246 ipse
1780 2189 1881 2230 nec
1907 2175 2004 2230 ob-

450 2290 610 2332 scure
638 2273 816 2328 innuit
843 2274 899 2327 in
927 2271 1113 2328 eadem
1145 2270 1392 2340 epistola,
1427 2269 1517 2322 καὶ
1555 2267 1744 2340 μέχρις
1771 2267 2005 2338 ἐσχάτης

450 2367 599 2440 ὥρας
630 2363 1174 2436 ὲνιστάμεθα,ὐεφιο
1202 2360 1271 2416 ad
1307 2371 1593 2415 extremam
1630 2360 1812 2414 horam
1839 2359 2002 2416 obsti-

455 2460 631 2513 timus.
663 2457 842 2524 Quare
874 2456 928 2512 id
958 2471 1068 2510 non
1103 2462 1234 2525 puto
1258 2469 1380 2510 esse
1397 2455 1545 2508 tanti
1579 2453 1645 2507 ad
1673 2453 1792 2523 ejus
1819 2452 2006 2508 defen-

453 2550 659 2606 sionem
692 2568 706 2603 :
734 2549 863 2619 quid
884 2549 1028 2604 enim
1051 2552 1376 2602 exoneratus
1405 2554 1554 2600 metu
1578 2543 1817 2608 fecisset,
1849 2559 2008 2614 expe-

453 2643 631 2698 riundi
661 2649 899 2712 petestas
928 2655 1036 2694 non
1066 2637 1190 2694 fuit.
1224 2635 1329 2693 Sed
1359 2647 1540 2692 tamen
1569 2636 1654 2690 ita
1687 2636 1888 2690 ibidem
1911 2635 2006 2688 τοῦ

451 2735 729 2806 ὀμοουσίου
757 2731 1118 2803 significatum
1147 2730 1360 2796 extulit,
1385 2738 1446 2784 ut
1466 2729 1570 2785 sibi
1598 2727 1828 2798 pristina
1849 2717 2007 2798 rape;

453 2825 798 2888 teretliceret,
820 2821 996 2877 sicubi
1042 2819 1273 2875 facultas
1315 2820 1551 2875 adesset.
1595 2816 1731 2871 Nam
1770 2817 1884 2872 haec
1915 2831 2008 2873 ea-

2791 456 2934 502 dicat.

2131 554 2295 620 tQuia
2326 570 2454 609 vero
2494 555 2547 608 in
2593 553 2808 608 Nicaana
2846 553 2968 617 fide,
3002 553 3089 607 cui
3129 551 3450 621 subscripsit
3476 549 3644 605 Euse-

2089 648 2236 712 bius,
2267 649 2555 702 damnatur
2583 647 2710 702 item
2741 649 3056 703 Arianicum
3077 648 3228 710 illud,
3253 647 3310 713 ἐξ
3331 647 3429 699 οἰκ
3457 645 3642 707 ὄντων.

2091 755 2154 794 ea:
2181 756 2284 794 non
2315 739 2710 803 exsistentibus,
2751 738 3030 795 et'Filium
3071 740 3308 809 genitum
3348 747 3400 792 ct
3429 752 3537 792 non
3567 735 3648 789 fa-

2089 837 2236 884 ctum
2266 845 2388 886 esse
2415 831 2746 896 declaratur;
2800 830 2941 885 hanc
2983 828 3177 900 synodi
3219 829 3520 883 doctrinam
3552 841 3648 880 ore

2091 928 2250 976 tenus
2301 918 2544 975 defendit
2584 919 2874 982 Eusebius.
2899 933 2988 973 ne
3033 910 3377 973 Cdnstantiiii
3419 914 3650 969 Nicaana:

2090 1012 2350 1068 doctrina:
2378 1012 2712 1068 tenacissimi
2740 1009 3162 1081 indignationem
3188 1009 3526 1070 incurreret;
3556 1021 3651 1060 ore

2092 1113 2252 1159 tenus
2273 1103 2409 1166 dixi,
2462 1119 2568 1158 non
2600 1119 2666 1157 ex
2694 1102 3003 1171 conjectura
3032 1108 3084 1155 et
3110 1100 3364 1170 opinione
3387 1098 3650 1168 quadam;

2094 1195 2187 1251 sed
2217 1210 2282 1250 ex
2311 1194 2445 1264 ipsis
2479 1192 2695 1248 Eusebii
2744 1191 2929 1258 dictis,
2978 1192 3072 1262 qui
3105 1205 3168 1246 ea
3207 1191 3261 1244 in
3298 1204 3356 1243 re
3394 1204 3537 1243 unus
3567 1187 3651 1240 sui

2095 1285 2267 1356 ipsius
2301 1285 2568 1354 interpres
2596 1283 2942 1339 esse-valeat.
2978 1279 3304 1343 Nam-illud,
3346 1275 3406 1343 ἐξ
3431 1279 3528 1331 οὐκ
3563 1276 3652 1338 ἤν-

2094 1394 2220 1440 των,
2249 1376 2461 1431 duobus
2503 1381 2682 1445 potest
2714 1373 2888 1429 modis
2937 1371 3200 1443 intelligi;
3235 1371 3430 1441 primo,
3480 1370 3554 1422 ita
3595 1377 3656 1421 ut

2097 1467 2189 1538 qui
2213 1481 2322 1521 non
2344 1474 2502 1522 antea
2524 1465 2816 1527 exstiterit,
2841 1464 3053 1518 initium
3078 1459 3375 1517 exsistendi
3401 1458 3652 1532 accipiat,

2097 1564 2151 1614 et
2184 1557 2480 1612 cuminihit
2522 1563 2681 1611 antea
2728 1554 2940 1618 fuisset,
2986 1555 3040 1608 in
3087 1568 3268 1608 rerum
3304 1561 3496 1606 natura
3529 1565 3656 1620 pro-

2099 1650 2222 1704 dcat
2251 1663 2451 1720 :quam
2479 1662 2659 1704 veram
2685 1646 2854 1702 fuisse
2883 1653 3016 1716 puto
3035 1645 3356 1700 Arianorum
3384 1654 3614 1699 mentem
3639 1663 3653 1696 :

2031 1774 2072 1828 Β
2099 1749 2154 1794 et
2179 1740 2310 1795 huic
2346 1739 2628 1796 sententia:
2657 1737 2921 1793 Eusebius
2952 1751 3166 1807 semper
3195 1736 3412 1800 institit,
3440 1735 3532 1805 qui
3568 1733 3659 1788 Fi-

2104 1832 2234 1886 lium
2259 1841 2385 1887 ante
2413 1831 2744 1887 creationem
2775 1844 2880 1884 non
2907 1829 3294 1898 sempiternum
3324 1842 3445 1882 esse
3473 1825 3656 1882 defen-

2107 1920 2188 1974 dit
2215 1921 2323 1992 (a);
2365 1921 2629 1983 secundo,
2672 1935 2740 1974 ex
2779 1934 2886 1974 non
2920 1919 3260 1974 exstantibus
3300 1918 3504 1989 aliquid
3544 1918 3657 1972 fieri

2103 2012 2338 2078 dicatur,
2359 2027 2483 2067 cum
2508 2027 2574 2068 ex
2598 2010 2749 2066 nullo
2772 2013 3177 2081 prteexsistente
3195 2010 3456 2081 originem
3472 2009 3620 2064 ducit
3642 2028 3656 2062 :

2105 2119 2213 2174 quo
2248 2118 2412 2158 sensu
2463 2102 2728 2160 Eusebius
2751 2102 2958 2158 Filium
2997 2118 3064 2158 ex
3112 2118 3221 2158 non
3272 2103 3662 2158 exsistentibus

2103 2191 2374 2261 prodiisse
2403 2200 2581 2262 negat,
2609 2206 2735 2246 nam
2764 2194 2966 2261 passim
2994 2191 3124 2246 dicit
3154 2200 3209 2247 et
3240 2200 3440 2263 pugnat
3468 2192 3660 2246 Filium

2105 2299 2170 2338 ex
2200 2282 2359 2338 Patre
2386 2283 2628 2353 genitum
2657 2298 2798 2349 esse,
2829 2284 2954 2338 licet
2979 2297 3088 2338 non
3112 2298 3212 2338 sua
3243 2283 3345 2338 sibi
3375 2285 3662 2339 ratiocinia

2105 2368 2384 2430 constent:
2419 2375 2682 2445 siquidem
2715 2375 2770 2429 in
2809 2375 2911 2429 hoc
2940 2376 3326 2430 commentario
3359 2376 3455 2441 ait,
3510 2375 3662 2430 Puri.

2107 2483 2250 2532 ιιιν,
2282 2466 2550 2532 9,Ἐί1ἰυηι
2572 2465 2774 2521 aPatre
2793 2482 2858 2521 ex
2887 2464 3049 2520 corde
3064 2473 3116 2520 et
3131 2481 3196 2520 ex
3215 2466 3512 2522 visceribus
3537 2481 3664 2537 pro-

2107 2557 2251 2612 duci.
2283 2557 2350 2610 Et
2415 2559 2470 2611 in
2502 2556 2960 2611 Demonstratione
2996 2557 3308 2626 evangelica,
3350 2557 3386 2612 l.
3424 2572 3496 2620 tv,
3530 2573 3578 2612 c.
3606 2555 3662 2620 2,

2109 2663 2161 2718 p.
2222 2646 2358 2711 “6,
2414 2645 2611 2701 Filium
2660 2647 2902 2718 genitum
2968 2645 3243 2711 declarat,
3307 2646 3667 2716 similiterque

2110 2756 2162 2810 p.
2204 2739 2328 2803 “8,
2370 2746 2424 2794 et
2455 2739 2654 2810 passim
2697 2738 2898 2808 ubique
2935 2726 3058 2793 cum
3101 2739 3155 2792 in
3188 2739 3291 2792 hoc
3331 2738 3449 2806 ipso
3477 2753 3660 2807 Opere,

2108 2840 2222 2885 tum
2266 2830 2320 2884 in
2372 2831 2528 2886 libris
2575 2830 2776 2884 Contra
2816 2830 3145 2894 Marcellum,
3187 2830 3422 2901 genitum
3471 2829 3663 2883 Filium

451 2918 572 2974 dem
599 2917 654 2971 in
683 2915 914 2986 epistola
942 2912 1151 2983 profert
1184 2932 1198 2967 :
1233 2910 1646 2982 Παραστατικδν
1677 2911 1734 2964 δὲ
1775 2907 1912 2964 εἶναι
1951 2908 2009 2963 τὺ

2111 2920 2392 2976 contendit
2417 2939 2430 2975 :
2459 2931 2512 2976 et
2539 2930 2716 2977 tamen
2741 2922 2899 2976 aliam
2925 2937 2955 2976 a
2979 2920 3138 2976 Patre
3161 2923 3513 2976 substantiam
3542 2920 3663 2975 Filii

454 3011 776 3079 ὁμοούσιον
793 3005 873 3072 τῷ
887 3004 1071 3075 Harp),
1087 3005 1146 3058 τὸ
1178 3003 1442 3075 μηδεμίαν
1473 3003 1762 3074 ἐμφέρειαν
1789 3003 1924 3075 apo;
1946 3001 2009 3055 τὰ

2111 3028 2253 3077 esse,
2295 3028 2405 3067 non
2434 3027 2662 3068 numero
2721 3023 2951 3075 tantum,
2985 3013 3076 3068 sed
3108 3012 3364 3084 dignitate
3383 3021 3435 3067 ct
3461 3012 3668 3084 magni-

456 3099 655 3169 γενητὰ
685 3097 955 3167 uisitata
979 3095 1069 3149 τὸν
1097 3094 1221 3146 Υἱὸν
1246 3091 1339 3145 τοῦ
1373 3091 1505 3144 Θεοῦ
1541 3091 1744 3163 φέρειν,
1787 3090 1930 3176 μόνῳ
1955 3089 2009 3144 δὲ

2115 3105 2302 3160 tudine
2337 3105 2681 3174 pronuntiat;
2715 3104 2791 3159 ita
2819 3113 2878 3158 ut
2907 3119 3006 3160 nec
3033 3107 3158 3160 vere
3188 3115 3243 3159 et
3277 3106 3492 3176 proprie
3525 3105 3664 3160 Deus

452 3190 536 3261 τῷ
556 3190 731 3259 Πατρὶ
755 3187 832 3258 τῷ
847 3184 1194 3256 γεγεννηκότι
1221 3181 1628 3253 ἀφωμοιῶσθαι,
1657 3181 1748 3235 καὶ
1773 3181 1847 3252 μὴ
1874 3175 2012 3234 εἶναι

459 3281 520 3346 ἐξ
556 3280 746 3352 ἑτέρας
768 3278 911 3342 τινὸς
949 3273 1298 3339 ’ὑποστάσεώς
1325 3292 1382 3328 τε
1417 3274 1510 3327 καὶ
1545 3273 1749 3337 οὐσίας,
1794 3271 1905 3326 ἀλλ’
1949 3273 2013 3324 ὲκ

458 3367 552 3426 τοῦ
586 3371 816 3443 Πατρός,
846 3369 950 3425 hoc
982 3377 1067 3424 est
1099 3387 1111 3421 :
1149 3367 1334 3421 Verum
1372 3366 1512 3420 hisce
1561 3363 1750 3429 verbis,
1783 3377 2014 3418 consus-

459 3480 794 3521 sntt'niiuzl
836 3463 1026 3528 PATRI,
1060 3463 1286 3517 indicari
1333 3461 1536 3515 nullam
1565 3458 1709 3512 Filio
1753 3457 1851 3512 Dei
1896 3473 2014 3510 cum

457 3556 614 3626 factis
647 3565 698 3611 et
728 3557 917 3611 creatis
960 3555 1112 3610 rebus
1157 3571 1269 3609 esse
1317 3552 1757 3623 similitudinem;
1793 3547 1883 3604 sed
1915 3549 2015 3603 soli

459 3649 637 3712 Patri,
663 3651 755 3720 qui
797 3651 968 3718 ipsum
1014 3649 1211 3718 genuit,
1255 3648 1397 3700 omni
1430 3645 1584 3700 modo
1624 3644 1850 3698 similem
1883 3649 2035 3706 esse,’

461 3754 622 3808 neque
652 3755 716 3793 ea:
758 3740 868 3792 alia
916 3756 1072 3808 quam
1132 3754 1195 3791 ea:
1239 3738 1418 3792 Patris
1485 3738 1763 3808 hypostasi
1806 3747 1855 3792 et
1897 3735 2018 3793 sub-

461 3831 661 3884 stantia
711 3845 840 3884 esse.
890 3829 992 3884 Ubi
1045 3828 1197 3884 vides
1244 3837 1468 3884 eatenus
1489 3828 1850 3883 Filium‘Patri
1883 3843 2016 3882 con-

463 3921 874 3977 substantialem
896 3919 1026 3985 dici,
1051 3928 1320 3990 quatenus
1347 3936 1454 3974 non
1490 3919 1691 3976 creatis
1718 3920 1900 3983 rebus,
1921 3917 2018 3974 sed

463 4013 612 4068 Patri
653 4013 802 4068 omni
854 4013 1013 4067 modo
1061 4013 1256 4067 similis
1305 4021 1410 4068 est.
1451 4011 1762 4082 Ὀμοούσιος
1795 4013 2017 4083 quippe,

463 4109 579 4159 sive
622 4104 1124 4170 consubstantialis,
1173 4103 1321 4158 Patri
1371 4102 1674 4159 Filius'cst
1723 4105 2018 4158 secundum

465 4193 778 4257 Eusebium,
808 4194 934 4263 quia
956 4191 1075 4262 ejus
1100 4193 1427 4257 substantia,
1462 4192 1638 4248 Patris
1661 4192 2019 4248 substantiam

464 4288 666 4352 refert;
701 4286 774 4342 ita
805 4295 865 4342 ut
893 4289 1102 4342 ratione
1129 4287 1509 4341 similitudinis
1540 4300 1644 4340 una
1677 4287 1748 4339 sit
1781 4286 1834 4339 in
1870 4293 2020 4339 utra-

461 4395 569 4449 que
611 4379 915 4435 substantia
957 4379 1384 4449 repraesentatio.
1430 4376 1586 4445 Quod
1637 4363 1773 4432 alibi
1791 4377 2018 4448 "passim

462 4473 726 4535 enuntiat,
759 4471 1102 4543 maximeque
1140 4472 1194 4525 in
1238 4471 1390 4526 libris
1421 4468 1618 4526 Contra
1650 4469 1959 4524 Marcellum
1995 4486 2014 4524 :

465 4561 526 4616 in
559 4575 670 4633 quo
703 4569 882 4616 autem
911 4577 1030 4616 eam
1078 4561 1489 4617 similitudinem
1530 4563 1844 4627 constituat,
1889 4575 2013 4614 mox

465 4652 710 4722 pluribus
740 4653 1126 4721 expendemus.
1163 4650 1317 4718 Quod
1342 4651 1527 4722 adjicit
1558 4653 1646 4707 ille
1675 4651 1868 4706 Filium
1905 4667 2014 4705 non

465 4760 528 4798 ex
565 4744 692 4808 alia,
731 4759 894 4814 quam
943 4760 1008 4797 ex
1054 4743 1236 4800 Patris
1282 4744 1558 4815 hypostasi
1606 4750 1659 4799 et
1709 4745 2014 4800 substantia

464 4851 607 4901 esse,
644 4850 753 4888 non
779 4834 852 4888 ita
883 4834 1134 4904 intelligit
1161 4833 1448 4899 Eusebius,
1488 4834 1632 4904 quod
1653 4833 1764 4902 jam
1795 4833 2017 4901 conspi-

465 4942 568 4983 cue
597 4927 880 4997 probatum
911 4933 1014 4988 est,
1059 4933 1118 4980 ut
1157 4927 1402 4981 eamdem
1433 4933 1584 4997 putet
1608 4939 1729 4980 esse
1757 4923 1935 4978 Patris
1963 4932 2017 4978 et

465 5017 587 5072 Filii
616 5017 971 5073 substantiam
1009 5037 1022 5072 :
1055 5019 1106 5072 id
1139 5021 1282 5072 enim
1321 5018 1593 5073 sexcentis
1631 5017 1687 5070 in
1734 5016 1872 5070 locis
1920 5030 2016 5069 ex-

464 5110 635 5181 plodit
665 5109 774 5177 ille,
808 5118 861 5164 et
898 5120 960 5165 ut
1002 5108 1221 5166 Sabellii
1260 5109 1562 5164 doctrinam
1607 5107 1874 5172 traducit;
1923 5105 2016 5161 sed

465 5204 608 5274 quod
655 5203 1014 5258 substantiam
1053 5218 1083 5256 a
1129 5213 1375 5272 paterna,
1418 5198 1596 5269 quoad
1639 5199 1925 5268 imaginem
1965 5203 2019 5251 ct

467 5289 896 5354 similitudinem,
921 5305 1238 5360 expressam
1270 5290 1559 5357 acceperit,
1589 5287 1714 5341 licet
1752 5287 2018 5341 minorem

464 5391 518 5438 et
559 5383 714 5454 longe
759 5381 1020 5451 imparem
1068 5400 1080 5435 :
1126 5380 1260 5434 illud
1303 5394 1466 5450 porro
1508 5379 1731 5451 perinde
1771 5388 1930 5448 atque
1961 5378 2021 5432 τὸ

463 5475 764 5544 ὸμοούσιον,
789 5475 917 5543 quia
945 5474 998 5525 in
1030 5470 1244 5526 Nicena
1277 5470 1379 5525 llde
1409 5471 1798 5537 contineretur,
1826 5471 2016 5526 admit-

467 5575 579 5622 tere
608 5575 834 5620 coactus
865 5576 969 5620 est.

541 5724 618 5788 (α)
658 5719 842 5778 Contr.
875 5718 1111 5774 Marcell.
1143 5719 1235 5776 lib.
1271 5736 1309 5788 ι,
1347 5735 1399 5793 p.
1429 5719 1517 5786 67,
1549 5717 1638 5774 69.

2113 3195 2220 3250 dici
2253 3195 2459 3266 possit;
2490 3196 2582 3251 sed
2612 3195 2689 3249 ait
2718 3196 2870 3249 illum
2901 3195 3190 3266 imaginem
3221 3211 3329 3248 non
3360 3197 3519 3249 modo
3547 3195 3666 3248 Dei-

2114 3287 2264 3352 tatis,
2316 3287 2412 3343 sed
2458 3288 2620 3343 etiam
2671 3287 2896 3340 unitatis
2935 3292 3173 3355 paterna
3216 3283 3665 3353 perfectissimam

2114 3394 2268 3444 esse,
2307 3386 2471 3449 atque
2500 3379 2620 3432 ideo
2647 3393 2714 3431 ex
2740 3375 2899 3430 Patre
2919 3375 3292 3444 prodeuntem,
3325 3375 3450 3444 quia
3479 3375 3545 3428 ad
3566 3373 3670 3426 Pa-

2113 3473 2214 3528 tris
2256 3469 2666 3526 similitudinem
2708 3468 2781 3524 sit
2817 3481 3094 3536 expressa,
3139 3465 3277 3518 κατὰ
3313 3463 3534 3536 γνώμην
3575 3467 3667 3518 καὶ

2117 3562 2454 3634 προαίρεσιν,
2483 3560 2535 3614 id
2559 3569 2662 3624 est,
2689 3575 2756 3612 ex
2783 3557 3061 3612 voluntate
3089 3563 3142 3611 et
3168 3555 3446 3628 proposito
3467 3555 3664 3618 Patris,

2117 3672 2224 3711 non
2258 3671 2325 3710 ex
2353 3661 2562 3708 natura:
2587 3651 2944 3716 necessitate;
2973 3663 3093 3720 qua:
3127 3657 3304 3704 tamen
3333 3649 3532 3719 imago,
3563 3649 3668 3702 alia

2117 3749 2239 3802 sita
2266 3755 2489 3816 paterna
2519 3743 2745 3808 Deitate,
2780 3742 2978 3803 minor,
3001 3742 3194 3812 impar,
3221 3755 3339 3812 qua:
3362 3741 3674 3812 dignatione

2117 3834 2334 3904 quidem
2358 3831 2538 3888 Patris
2559 3831 2616 3886 in
2643 3839 2766 3886 ortu
2792 3847 2892 3887 suo
2913 3831 3006 3888 Dei
3029 3847 3226 3887 nomen
3249 3833 3550 3902 acceperit,
3577 3832 3669 3888 seil

2117 3939 2228 3980 non
2257 3937 2384 3979 vere
2413 3929 2467 3977 et
2495 3923 2713 3992 proprie
2742 3921 2887 3978 Deus
2916 3923 3004 3977 sit.

2188 4014 2265 4070 Ex
2308 4014 2420 4070 Deo
2448 4021 2627 4069 autem
2661 4024 2714 4070 et
2749 4031 2813 4070 ex
2851 4013 3156 4070 substantia
3198 4013 3292 4069 Dei
3326 4029 3447 4069 esse
3473 4013 3670 4067 Filium

2119 4107 2249 4163 dicit
2279 4107 2492 4162 ratione
2540 4107 2943 4173 similitudinis;
2999 4105 3452 4177 quemadmodum
3496 4106 3671 4174 imago

2119 4199 2422 4270 cujuspiam
2455 4214 2484 4252 a
2511 4199 2847 4269 peritissimo
2880 4198 3087 4269 pictore
3115 4197 3467 4259 concinnata,
3517 4211 3582 4250 ex
3607 4210 3673 4250 eo

2118 4299 2172 4346 et
2197 4306 2261 4346 ex
2295 4305 2527 4360 persona
2561 4292 2679 4360 ejus
2711 4306 2969 4361 expressa
2998 4304 3232 4360 eumque
3259 4289 3496 4358 perfecte
3519 4287 3673 4342 exhi-

2121 4386 2248 4441 bere
2267 4385 2469 4440 dicitur
2493 4403 2507 4440 :
2533 4386 2635 4440 etsi
2661 4385 2884 4440 alterius
2905 4395 2959 4439 et
2979 4384 3204 4440 diversa:
3225 4383 3545 4439 substantia:
3569 4383 3670 4449 sit;

2121 4477 2197 4532 ita
2233 4475 2424 4541 Filius,
2463 4477 2760 4532 secundum
2796 4475 3108 4541 Eusebium,
3145 4489 3214 4530 ex
3245 4473 3547 4530 substantia
3578 4471 3673 4528 Dei

2119 4576 2173 4625 et
2203 4583 2267 4621 ex
2298 4566 2407 4622 Deo
2437 4582 2559 4623 esse
2596 4567 2818 4634 dicitur,
2862 4568 2953 4638 qui
3003 4577 3088 4624 est
3133 4567 3307 4637 imago
3333 4581 3395 4620 ex
3435 4563 3544 4620 Deo
3579 4580 3674 4618 ex-

2123 4672 2328 4728 pressa,
2373 4655 2539 4711 Deum
2572 4656 2811 4726 perfecte
2843 4662 3262 4725 repraesentans,
3307 4653 3411 4708 etsi
3449 4652 3675 4707 alterius

2119 4755 2174 4802 et
2201 4747 2428 4802 diversa:
2463 4747 2781 4802 substantiae
2821 4747 2910 4801 sit.
2952 4746 3008 4800 ln
3042 4760 3151 4814 quo
3189 4759 3322 4800 sane
3351 4743 3615 4800 Eusebius
3643 4757 3673 4794 a

2121 4845 2270 4894 recto
2308 4838 2666 4893 ratiocinandi
2709 4851 2908 4907 genere
2954 4837 3190 4889 immane
3231 4828 3490 4904 quantum
3521 4835 3675 4887 aber-

2122 4937 2252 4986 rat:
2286 4944 2412 4984 nam
2457 4946 2524 4986 ex
2569 4928 2844 4985 communi
2886 4935 2940 4981 et
2985 4933 3204 4995 recepto
3237 4925 3513 4982 hominum
3549 4941 3672 4987 usu,

2122 5024 2214 5092 qui
2260 5037 2386 5076 vere
2431 5022 2688 5091 gignitur,
2737 5018 3009 5090 gignentis
3060 5017 3419 5072 substantiam
3462 5018 3674 5086 plenam

2123 5114 2497 5183 integramque
2549 5113 2769 5182 accipit,
2827 5119 2887 5165 ut
2930 5111 3075 5167 filius
3120 5112 3304 5168 vocari
3356 5112 3552 5182 possit.
3604 5109 3674 5162 Ea

2123 5204 2323 5274 quippe
2377 5213 2460 5260 est
2512 5205 2604 5258 filii
2655 5203 2872 5274 proprie
2923 5204 3056 5260 dicti
3108 5206 3271 5270 ratio,
3326 5211 3385 5257 ut
3434 5201 3678 5256 eamdem

2124 5308 2350 5363 prorsus
2387 5310 2546 5363 quam
2577 5302 2732 5363 pater
2764 5305 3011 5350 naturam
3052 5294 3324 5353 obtineat:
3365 5293 3521 5354 alias.
3570 5306 3679 5345 non

2125 5385 2290 5447 filius,
2324 5385 2417 5440 sed
2451 5385 2723 5456 opificium
2755 5385 2890 5450 erit;
2929 5387 3196 5452 eamdem,
3231 5386 3474 5455 inquam,
3501 5381 3680 5452 specie

2125 5485 2377 5532 naturam
2423 5477 2476 5530 in
2529 5477 2693 5533 rebus
2743 5479 2966 5544 creatis,
3012 5493 3133 5549 qua
3178 5475 3524 5546 multiplicari
3558 5488 3685 5542 pos-

2125 5575 2284 5630 sunt;
2321 5567 2564 5624 eamdem
2595 5583 2722 5624 vero
2764 5569 3040 5626 numericc
3085 5570 3140 5624 in
3181 5568 3399 5632 divinis,
3434 5566 3560 5637 quia
3587 5581 3681 5619 naa
