4042 6210
425 312 493 369 i5
1198 297 1690 358 COMMENTARIA
1727 294 1794 348 ιχ
1835 291 2170 348 PSALMOS.
2215 323 2279 331 —
2319 287 2866 346 PRELIMINARIA.
2899 283 2902 286 ’
3572 291 3638 343 t6

426 443 546 486 tura
575 428 669 483 Dei
703 440 826 487 eum
857 421 1200 491 multiplicari
1236 427 1484 488 nequeat,
1523 423 1708 486 utpote
1741 413 1976 476 inﬁnita,
2011 416 2054 470 Α
2083 424 2206 462 men
2231 408 2320 462 ille
2351 409 2550 479 ubique
2572 409 2706 462 alias
2734 423 2856 460 cum
2890 408 2956 462 de
2984 407 3121 462 Filio
3146 408 3382 478 loquitur
3413 410 3633 478 respuit,

426 538 536 577 non
560 526 739 590 potest
763 515 866 572 nisi
897 529 999 568 una
1029 523 1080 568 et
1105 513 1219 583 ipsa
1243 511 1538 580 eademque
1569 508 1981 564 communicari.

427 613 629 667 Verum
663 609 776 662 hzec
809 607 1026 660 minime
1056 603 1325 674 quadrare
1363 618 1469 657 non
1502 601 1778 657 nesciebat
1817 599 1987 654 Euse-

428 705 576 765 bius,
614 708 668 755 et
701 701 825 769 quia
861 697 1088 751 arduum
1118 703 1202 750 est
1238 703 1427 750 contra
1462 693 1624 746 animi
1657 690 1980 746 sententiam

423 796 522 849 diu
570 792 901 859 multumque
945 787 1202 850 scribere,
1255 786 1384 855 quin
1422 785 1668 838 nonnihil
1699 799 1765 838 ex
1805 790 1983 836 mente

431 885 711 955 scriptoris
738 883 820 935 vel
853 881 1220 950 imprudenter
1243 879 1424 932 eﬂluat
1443 919 1458 945 ,
1485 892 1592 930 non
1622 876 1738 946 pari
1768 889 1982 944 semper

432 979 590 1032 modo
617 974 884 1030 Eusebius
922 971 1198 1042 loquitur:
1228 985 1350 1024 nam
1383 971 1437 1024 in
1470 967 1769 1022 Demonstr.
1825 982 1980 1019 evan-

429 1072 590 1140 gelica
622 1066 816 1121 Filium
837 1065 917 1120 sic
941 1071 1237 1132 nuncupat,
1273 1060 1348 1114 Τὸ
1378 1059 1604 1113 τέλειον
1624 1058 1728 1111 τοῦ
1753 1057 1979 1109 τελείου

428 1159 851 1229 δημιούργημα,
887 1155 984 1208 καὶ
1027 1153 1219 1222 σοφοῦ
1263 1151 1454 1220 σοφὸν
1492 1149 1978 1218 ἀρχιτεκτόνημα,

425 1251 724 1319 Perfectum
754 1247 970 1317 perfecti
999 1245 1285 1314 opificium,
1312 1253 1360 1296 et
1383 1241 1633 1311 sapientis
1655 1240 1860 1308 sapiens
1887 1255 1978 1290 ar-

426 1342 673 1410 tefactum
705 1356 723 1393 :
750 1347 804 1395 et
832 1339 887 1398 in
914 1337 1140 1406 epistola
1179 1335 1243 1390 ad
1277 1333 1637 1388 Alexandrum
1661 1331 1757 1402 (a),
1784 1330 1978 1384 Filium

423 1450 538 1489 rem
566 1433 763 1487 iactam
787 1445 907 1485 esse
930 1429 1060 1483 dicit
1087 1449 1099 1482 :
1123 1434 1176 1480 et
1205 1427 1527 1498 Arianorum
1554 1438 1776 1479 causam
1796 1431 1979 1491 aperte

424 1529 745 1595 propugnat,
787 1522 880 1592 qui
911 1522 1160 1576 dicebant
1194 1519 1391 1572 Filium
1429 1515 1628 1569 factum
1666 1515 1854 1580 fuisse,
1883 1513 1978 1571 sed

423 1632 531 1671 non
561 1626 619 1670 ut
649 1615 882 1684 aliquam
915 1629 979 1668 ex
1013 1613 1176 1667 rebus
1224 1609 1415 1672 factis;
1465 1616 1518 1662 et
1565 1613 1805 1661 creatum
1849 1606 1978 1659 item

423 1709 613 1774 fuisse,
647 1708 741 1764 sed
774 1723 882 1761 non
915 1714 973 1758 ut
1001 1705 1236 1773 aliquam
1266 1719 1332 1757 ex
1363 1703 1524 1756 rebus
1555 1699 1772 1755 creatis.
1806 1696 1980 1752 Caete-

421 1815 544 1854 rum
575 1797 788 1853 etiamsi
829 1811 895 1850 ex
932 1795 1098 1848 animi
1137 1794 1399 1850 sententia
1446 1790 1712 1846 Eusebius
1743 1789 1974 1844 Verbum

422 1907 551 1946 vere
583 1889 820 1960 genitum
849 1897 902 1942 et
928 1887 1122 1941 Filium
1148 1886 1364 1950 dixerit,
1400 1885 1563 1940 verbo
1584 1891 1791 1937 tantum
1818 1889 1975 1936 tenus

424 1985 494 2039 ab
523 1981 741 2037 Arianis
771 1979 1098 2050 discrepabit
1123 2000 1136 2036 :
1163 1996 1287 2034 nam
1320 1979 1396 2033 illi
1431 1977 1653 2048 perinde
1683 1985 1844 2045 atque
1867 1973 1978 2030 Eu-z‘

423 2075 608 2130 sebius
639 2073 870 2129 Verbum
901 2088 931 2126 a
964 2070 1120 2128 Patre
1150 2071 1494 2141 productum,
1538 2067 1843 2124 substantia
1891 2065 1976 2119 di-

420 2181 638 2221 versum
671 2181 734 2220 ac
766 2166 944 2220 minus
975 2180 1095 2220 esse
1137 2163 1298 2218 Patre
1328 2161 1620 2232 putabant;
1660 2174 1730 2212 an
1762 2173 1890 2213 vero
1921 2157 1975 2211 id

419 2258 526 2313 dici
557 2257 728 2327 possit
756 2257 996 2328 genitum
1035 2271 1174 2320 esse,
1210 2255 1278 2309 de
1316 2254 1533 2308 nomine
1577 2259 1784 2307 tantum
1830 2265 1978 2320 quae-

421 2349 528 2405 stio
553 2357 659 2405 est.

803 2463 922 2512 XIV.
948 2462 1127 2512 Filium
1152 2466 1300 2523 negat
1331 2465 1584 2508 aeternum.

488 2545 643 2612 Quod
667 2545 731 2600 ad
767 2545 1116 2600 aeternitatem
1154 2558 1285 2597 vero
1315 2539 1436 2594 Filii
1470 2547 1594 2594 ante
1622 2537 1972 2598 creationem,

418 2654 486 2692 ne
507 2639 674 2692 latum
703 2653 934 2707 unguem
965 2636 1032 2690 ab
1055 2636 1378 2689 Arianorum
1402 2631 1668 2688 sententia
1691 2631 1975 2685 deﬂectere

417 2729 654 2790 videtur,
687 2729 779 2798 qui
811 2727 1063 2781 dicebant
1102 2724 1298 2779 Filium
1333 2740 1440 2779 non
1475 2723 1639 2776 ἀΐδιον
1679 2723 1794 2776 sive
1833 2735 1977 2776 sem-

419 2821 686 2888 piternum
723 2832 842 2872 esse
872 2835 885 2869 :
930 2815 1026 2872 sed
1060 2824 1184 2870 ante
1212 2816 1394 2870 omnia
1425 2814 1643 2868 factum.
1685 2810 1776 2865 Sic
1804 2818 1857 2864 et
1886 2809 1976 2863 ille

422 2906 615 2960 Filium
659 2906 875 2975 quidem
930 2906 1137 2978 πρῶτον
1186 2905 1292 2958 τῶν
1335 2903 1799 2957 ὄντων’ἁπάντων
1845 2897 1976 2953 dicit

425 2999 718 3053 Demonstr.
757 3016 936 3069 evang.
979 3015 1033 3068 p.
1077 2998 1198 3062 146,
1230 2997 1283 3050 id
1315 3006 1419 3060 est,
1451 2995 1688 3049 Primum
1745 2992 1974 3046 omnium

396 3100 737 3158 'quazcunque
762 3101 914 3153 sunt;
956 3090 1116 3158 idque
1144 3089 1347 3159 passim
1389 3087 1582 3156 repetit
1623 3086 1678 3139 in
1705 3085 1790 3138 his
1822 3097 1973 3136 com-
2005 3102 2047 3161 ο

426 3180 731 3243 mentariis,
769 3180 931 3248 inque
964 3180 1116 3234 libris
1147 3188 1328 3231 contra
1366 3176 1713 3230 Marcellum:
1741 3176 1977 3242 itemque

425 3271 502 3323 ait
529 3269 722 3325 Filium
755 3271 860 3342 πρὸ
884 3270 1086 3342 χρόνων
1120 3268 1366 3333 αἰωνίων,
1400 3277 1453 3323 et
1478 3267 1581 3339 πρὸ
1611 3267 1824 3321 πάντων
1851 3263 1972 3318 αἰώ-

422 3378 546 3425 νων,
588 3363 639 3415 id
669 3373 770 3427 est,
803 3361 921 3416 a’nte
960 3361 1174 3425 sweula,
1229 3360 1547 3431 productum
1581 3378 1594 3412 :
1628 3373 1751 3412 nam
1781 3357 1978 3413 saecula

419 3457 473 3502 et
504 3459 716 3519 tempus
744 3465 904 3504 omne
947 3465 1072 3504 cum
1117 3449 1316 3503 mundo
1359 3450 1590 3519 cmpisse
1637 3463 1758 3502 cum
1794 3447 1979 3502 multis

421 3542 542 3596 aiiis
586 3542 857 3597 veteribus
905 3544 1220 3603 arbitratur.
1278 3557 1376 3596 nec
1427 3557 1524 3596 vox
1577 3540 1791 3604 αἰώνιος
1836 3540 1978 3610 apud

421 3633 736 3699 Eusebium,
771 3651 871 3706 pro
903 3635 1200 3690 aeternitate
1229 3642 1353 3689 ante
1382 3634 1711 3688 creationem
1745 3648 1978 3703 usquam

422 3727 652 3781 sumitur
681 3747 694 3783 :
723 3743 846 3782 nam
878 3718 1185 3797 huiusmodi
1218 3727 1576 3782 aeternitatem
1609 3727 1664 3780 in
1695 3724 1834 3780 Filio
1865 3724 1981 3780 evi-

421 3817 609 3872 denter
632 3827 860 3888 negatet
881 3831 1061 3872 contra
1094 3817 1407 3872 Marcellum
1440 3833 1607 3888 agens
1640 3816 1870 3870 aliirmat
1896 3814 1981 3869 Fi~

421 3911 551 3964 lium
603 3927 707 3966 non
757 3927 915 3981 posse
949 3911 1056 3965 diei
1106 3913 1272 3965 ἀΐδιον
1317 3911 1431 3966 sive
1473 3911 1886 3980 sempiternum,
1922 3919 1981 3963 ut

420 4000 604 4056 videre
631 4009 734 4064 est,
768 4003 803 4056 Ι.
835 4017 897 4065 ιι,
926 4019 976 4056 c.
1009 4002 1092 4067 12,
1124 4011 1178 4055 et
1207 4003 1354 4057 alibi.
1388 4001 1498 4058 Nec
1532 4001 1766 4056 dilliteor
1797 4010 1978 4055 tamen

422 4093 475 4144 in
502 4093 916 4148 Commentariis
954 4094 1007 4146 in
1051 4092 1296 4148 Psalmos
1339 4093 1406 4147 ad
1437 4094 1582 4148 hunc
1612 4093 1750 4163 psal.
1784 4108 1824 4146 ll
1856 4108 1978 4146 ver-

419 4198 563 4246 sum,
596 4181 706 4253 Ego
735 4183 884 4238 hodie
905 4185 1138 4255 genuite,
1171 4184 1283 4238 haec
1309 4184 1494 4238 haberi
1521 4185 1692 4253 :‘qu‘o
1717 4182 1980 4253 σήμερον

417 4274 746 4345 γεγέννηκά
773 4291 866 4340 σε,
889 4277 1125 4348 δηλονότι
1159 4279 1284 4352 περὶ
1314 4278 1412 4349 τῆς
1442 4276 1694 4349 χρονικῆς
1724 4275 1826 4346 ἔφη
1854 4292 1978 4343 γεν-

417 4371 642 4439 νήσεωςο
668 4369 794 4440 περὶ
829 4367 937 4440 γὰρ
968 4370 1066 4439 τῆς
1097 4369 1328 4440 ἁνὰρχου
1361 4371 1522 4439 φησὶν
1548 4367 1707 4430 αὐτὸς
1742 4368 1770 4418 ὁ
1794 4365 1972 4419 Δαυῖδ·

2084 508 2139 554 et
2165 499 2266 556 soli
2299 497 2441 552 Patri
2477 507 2783 569 competere
2806 497 2938 550 dicit
2974 516 2986 551 :
3028 497 3252 567 parique
3288 496 3449 552 modo
3478 505 3646 552 tetra-

2084 606 2363 661 grammon
2392 600 2531 656 mni,
2558 591 2701 660 quod
2747 589 2947 659 passim
2982 592 3058 645 ait
3090 591 3144 644 in
3186 590 3270 645 his
3296 589 3646 644 Commenta-

2086 684 2184 738 riis
2218 684 2306 736 uni
2337 681 2482 736 Patri
2514 692 2820 753 competere
2863 697 3053 755 posse;
3089 681 3254 737 semel
3278 681 3330 735 in
3362 695 3645 735 commen-

2084 775 2224 828 tario
2253 775 2491 844 itemque
2520 775 2686 829 semel
2731 774 2784 827 in
2840 773 3296 828 Demonstratione
3323 770 3640 841 evangelica,

2085 868 2161 920 ait
2187 865 2323 921 Filio
2353 880 2743 934 nonnunquam
2775 866 3070 935 ascriptum
3107 865 3299 927 fuisse,
3336 877 3646 918 accommo-

2084 961 2208 1013 date
2233 959 2460 1022 scilicet,
2498 974 2672 1027 neque
2698 958 2933 1027 proprie,
2962 969 3018 1011 ut
3038 957 3164 1011 alibi
3193 957 3259 1011 de
3289 955 3382 1010 Dei
3406 955 3643 1024 appella—

2082 1051 2229 1104 tione
2260 1049 2466 1102 dictum
2511 1058 2613 1103 est.
2663 1047 2782 1103 Non
2829 1049 3212 1118 sempiternum
3251 1045 3432 1100 autem
3474 1045 3643 1098 fuisse

2083 1142 2319 1197 Verbum
2352 1154 2477 1199 ante
2510 1145 2837 1198 creationem
2861 1142 3051 1210 probat
3074 1142 3175 1196 hoc
3195 1141 3502 1194 dilemmate
3532 1138 3643 1192 Eu-

2084 1236 2288 1300 sebius,
2331 1238 2386 1291 in
2419 1237 2535 1289 loco
2566 1234 2763 1288 Contra
2802 1231 3110 1286 Marcellum
3140 1231 3393 1301 superius
3436 1246 3644 1286 memo-

2083 1335 2202 1380 rato
2227 1326 2317 1382 :Si
2357 1326 2528 1383 Filius
2551 1328 2621 1381 sit
2644 1327 2814 1390 ἀῖδιος
2843 1327 2956 1380 sive
2985 1324 3367 1394 sempiternus,
3414 1322 3499 1378 vel
3531 1323 3641 1377 duo

2081 1432 2241 1476 erunt
2281 1423 2632 1494 sempiterna,
2663 1436 2856 1490 nempe
2887 1418 3046 1473 Pater
3081 1426 3134 1472 et
3164 1417 3352 1481 Filius,
3384 1417 3526 1488 quod
3555 1428 3642 1471 est

2082 1531 2112 1568 a
2153 1515 2253 1570 [ide
2284 1515 2580 1578 absonum;
2631 1514 2714 1566 vel
2756 1510 2917 1565 Pater
2955 1519 3008 1564 et
3054 1508 3225 1564 Filius
3272 1525 3437 1562 unum
3482 1518 3640 1563 erunt

2082 1608 2494 1674 sempiternum,
2531 1603 2674 1673 quod
2713 1609 2797 1656 est
2828 1599 3217 1654 Sabellianum.
3249 1599 3387 1653 Ante
3407 1600 3638 1653 creatio-

2080 1711 2202 1751 nem
2239 1696 2404 1767 igitur
2438 1694 2671 1750 Verbum
2720 1709 2828 1748 non
2877 1691 3264 1762 sempiternum
3299 1705 3421 1744 esse
3455 1689 3639 1743 docuit

2083 1785 2380 1851 Eusebius;
2430 1803 2605 1856 neque
2654 1795 2834 1839 tamen
2887 1798 2976 1838 res
3022 1789 3234 1836 creatas
3286 1780 3468 1834 statim
3518 1789 3643 1848 pust

2081 1878 2245 1934 Verbi
2289 1888 2468 1935 ortum
2517 1879 2690 1934 editas
2736 1893 2856 1933 esse
2897 1883 3075 1947 putat;
3133 1872 3228 1929 sed
3261 1872 3641 1941 interpositum

2083 1969 2317 2038 spatium
2369 1970 2507 2022 inter
2553 1967 2716 2023 Verbi
2760 1975 2813 2021 et
2855 1965 3191 2035 opiﬁciorum
3224 1961 3637 2031 productionem

2082 2060 2367 2115 constituit
2394 2060 2483 2114 ille
2513 2077 2526 2114 :
2557 2074 2664 2129 qua
2696 2060 2752 2112 in
2779 2073 2838 2112 re.
2863 2057 3080 2128 pauium
3111 2053 3393 2109 deﬂectere
3422 2050 3638 2106 videtur

2083 2154 2150 2208 ab
2171 2154 2384 2210 Ariana:
2411 2161 2571 2210 sect-se
2593 2153 2948 2223 principibus,
2971 2151 3063 2220 qui
3089 2149 3325 2203 Verbum
3357 2146 3422 2199 ad
3451 2159 3633 2199 rerum

2083 2246 2324 2300 omnium
2378 2246 2707 2301 creationem
2759 2244 3083 2313 productum
3135 2241 3252 2294 sine
3310 2235 3637 2292 intermedio

2079 2335 2256 2406 spatio
2281 2337 2706 2402 arbitrabantur,
2734 2344 2791 2390 ut
2820 2337 2913 2389 illo
2938 2335 3079 2390 Deus
3103 2333 3167 2388 ad
3195 2332 3404 2403 opiﬁcia
3430 2330 3638 2385 edenda

2083 2443 2180 2483 ceu
2207 2427 2569 2484 instrumento
2603 2437 2864 2484 uteretur.

2452 2561 2553 2611 XV.
2579 2562 2775 2611 Summa
2793 2563 3028 2611 doctrinae
3047 2559 3264 2611 Eusebii.

2155 2687 2235 2743 En
2269 2704 2399 2760 ergo
2445 2696 2616 2742 totam
2669 2686 2986 2742 Eusebiana:
3027 2685 3310 2755 theologia:
3349 2699 3638 2738 summam.

2083 2780 2236 2837 Unus
2263 2796 2426 2836 verus
2451 2780 2520 2834 ab
2539 2788 2743 2834 aeterno
2768 2777 2907 2834 Deus
2931 2777 3090 2831 Pater
3116 2775 3239 2839 fuit,
3267 2775 3359 2844 qui
3387 2773 3641 2828 omnibus

2083 2883 2245 2945 atque
2278 2874 2441 2930 etiam
2479 2871 2617 2927 Filio
2649 2886 2750 2928 suo
2791 2870 3115 2941 przecxsistit
3149 2887 3162 2924 :
3197 2865 3502 2937 Filiumque
3535 2867 3643 2920 sibi

2082 2976 2269 3038 postea
2316 2982 2425 3021 non
2457 2982 2526 3021 ex
2570 2966 2894 3020 necessitate
2938 2971 3163 3025 naturae,
3209 2959 3303 3016 sed
3352 2975 3417 3014 ex
3469 2959 3642 3012 libero

2082 3060 2381 3116 voluntatis
2419 3057 2644 3113 arbitrio
2681 3073 2745 3112 ac
2797 3057 3096 3127 proposito,
3133 3052 3388 3124 produxit
3416 3066 3481 3105 ex
3513 3049 3645 3104 sub-

2079 3154 2280 3208 stantia
2303 3167 2401 3208 sua
2427 3170 2439 3206 :
2465 3167 2574 3207 non
2601 3149 2961 3206 substantiam
2988 3162 3139 3203 suam
3162 3147 3277 3202 sive
3302 3155 3496 3211 totam,
3529 3142 3645 3201 sive

2077 3247 2339 3309 decisam,
2367 3243 2505 3299 Filio
2527 3242 2958 3308 communicaris;
2981 3239 3076 3295 sed
3102 3239 3462 3295 substantiam
3482 3241 3644 3292 aliam

2078 3338 2144 3392 ad
2184 3337 2269 3393 sui
2314 3353 2408 3408 per
2448 3335 2629 3389 omnia
2661 3331 3072 3389 similitudinem
3114 3339 3168 3385 et
3203 3331 3493 3402 imaginem
3527 3345 3646 3399 pro-

2079 3431 2316 3491 ducens;
2362 3438 2624 3498 quantum
2658 3425 2869 3481 scilicet
2905 3430 3083 3494 potest
3123 3424 3433 3479 substantia
3467 3437 3496 3474 a
3533 3421 3644 3476 Deo

2079 3523 2292 3586 diversa
2342 3520 2437 3575 Dei
2486 3519 2775 3588 imaginem
2811 3517 2991 3571 ferre:
3027 3530 3152 3570 nam
3189 3517 3344 3586 longe
3378 3517 3552 3583 impar
3589 3526 3644 3569 et

2081 3614 2258 3668 minor
2295 3612 2454 3667 Patre
2498 3609 2672 3664 Filius
2696 3617 2800 3664 est.
2831 3607 2966 3662 Cum
2995 3615 3174 3661 autem
3208 3607 3384 3676 imago
3417 3605 3505 3658 illa
3535 3620 3646 3660 una

2079 3704 2247 3759 Deum
2283 3703 2696 3775 perfectissime,
2734 3706 2996 3769 quantum
3045 3697 3159 3752 tieri
3207 3706 3402 3767 potest,
3445 3711 3646 3766 reprae-

2081 3806 2276 3860 sentet,
2304 3812 2411 3851 non
2443 3793 2765 3852 substantia:
2798 3791 2958 3846 modo
2987 3790 3104 3858 Dei,
3150 3791 3243 3846 sed
3270 3791 3432 3846 etiam
3465 3789 3646 3844 unita-

2082 3892 2152 3946 tis
2177 3892 2296 3961 ejus
2326 3892 2504 3961 imago
2530 3897 2630 3944 est.
2670 3885 2825 3941 Unde
2845 3883 2916 3939 ob
2949 3885 3095 3938 illam
3123 3884 3342 3939 unicam
3366 3891 3419 3938 et
3449 3882 3642 3952 singu-

2080 3986 2245 4039 larem
2268 3983 2697 4046 similitudinem,
2726 3980 2894 4036 Filius
2918 3979 2986 4035 ab
3026 3979 3233 4049 origine
3252 3975 3395 4032 Deus
3420 3983 3645 4031 vocatus

2080 4086 2133 4134 et
2160 4079 2336 4132 iactus
2373 4085 2478 4140 est,
2510 4074 2846 4146 Θεοποιηθείς
2876 4093 2890 4128 :
2924 4074 3017 4144 qui
3052 4073 3155 4128 etsi
3189 4087 3316 4127 vere
3350 4069 3494 4126 Deus
3531 4069 3641 4124 dici

2079 4185 2187 4225 non
2215 4171 2409 4240 possit,
2457 4169 2502 4223 si
2539 4181 2665 4222 cum
2713 4165 2875 4220 Patre
2918 4170 3288 4235 comparetur,
3330 4168 3644 4232 comparate

2080 4272 2256 4318 tamen
2290 4261 2356 4315 ad
2391 4269 2671 4314 creaturas
2703 4273 2826 4313 vere
2871 4257 3015 4311 Deus
3062 4256 3270 4317 dicitur
3307 4274 3321 4310 :
3356 4255 3483 4324 quia
3514 4254 3644 4322 ipsa:

2080 4355 2345 4427 imagines
2377 4352 2471 4409 Dei
2505 4353 2660 4426 longe
2693 4349 3123 4422 imperfectiores
3151 4356 3296 4402 sunt.
3328 4345 3510 4410 Quare
3541 4345 3643 4398 αὕη

430 4435 523 4512 ’ἐκ
573 4435 984 4528 γαστρὸςνάρύ
1024 4435 1334 4529 ἓωσφδρῥυ
1367 4435 1694 4528 Ῠέγέννηκά
1737 4475 1831 4523 σε,
1874 4457 1975 4512 hoc

2080 4449 2263 4511 τόθεος
2295 4447 2517 4509 dicitur,
2555 4443 2691 4506 sive,
2741 4442 2848 4509 ipse
2884 4439 3046 4503 Deus,
3077 4439 3202 4509 quia
3237 4454 3301 4492 ex
3334 4435 3645 4488 omnimoda

419 4559 542 4603 est:
578 4569 595 4600 ι
627 4550 736 4620 Ego
753 4551 904 4606 hodie
920 4551 1073 4621 genui
1110 4561 1177 4614 te,
1218 4569 1235 4602 ι
1267 4550 1319 4603 id
1347 4551 1582 4604 videticet
1607 4549 1669 4603 de
1703 4549 1972 4619 temporali
2043 4609 2045 4612 g
2082 4549 2172 4593 illa
2203 4549 2561 4594 εἰπιιῖιιυσιηθ
2597 4549 2736 4588 “eus
2767 4549 2834 4586 ³ο
2874 4549 2998 4586 οηυ
3037 4549 3214 4599 “PFG”

2043 4665 2049 4715 ~’
2081 4640 2272 4683 contra
2296 4627 2469 4699 angeli
2500 4634 2554 4681 et
2579 4626 2828 4682 homines
2855 4623 3154 4680 secundum
3182 4620 3418 4692 aliquam
3451 4620 3648 4675 simili.

2043 4712 2288 4775 Ltudinis
2331 4720 2598 4774 rationem
2643 4719 2717 4773 dii
2766 4723 3170 4787 nuncupentur.
3221 4712 3449 4768 Genitus
3479 4712 3645 4767 etiam

420 4653 754 4710 generatione
779 4644 998 4706 dictant,
1025 4661 1141 4714 qua:
1174 4659 1265 4712 per
1302 4645 1644 4698 ozconomiam
1681 4641 1826 4711 facta
1855 4653 1970 4704 est;

421 4731 484 4784 de
511 4733 603 4784 illa
630 4752 847 4806 namque
869 4753 984 4806 qua:
1004 4737 1115 4790 sine
1139 4737 1396 4806 principio
1416 4746 1514 4799 est,
1535 4738 1609 4789 ait
1636 4739 1743 4806 ipse
1766 4735 1936 4790 David
1958 4751 1976 4790 :

428 4839 446 4871 ε
492 4821 572 4873 Ex
604 4833 747 4878 utero
771 4837 890 4881 ante
918 4827 1193 4897 luciferum
1230 4828 1384 4897 genui
1421 4835 1467 4880 te
1498 4825 1797 4894 (Psal.Ctx,
1823 4827 1912 4897 5).
1955 4846 1971 4877 ι

421 4912 620 4968 Verum
647 4915 697 4968 id
726 4917 857 4970 nihil
878 4934 1018 4972 verae
1040 4918 1256 4974 Eusebii
1281 4917 1562 4972 sententia
1583 4915 1800 4980 officiat,
1828 4933 1976 4980 nam,
2012 4929 2017 4985 '_

420 5013 480 5058 ut
509 5005 681 5068 vides,
714 5007 940 5078 ἄναρχον
969 5019 1125 5062 vocat
1168 5008 1328 5063 Verbi
1379 5009 1806 5080 generationem,
1852 5010 1978 5080 quia

420 5106 546 5151 ante
599 5096 902 5163 luciferum,
954 5099 1006 5152 id
1039 5108 1144 5163 est,
1187 5108 1312 5154 ante
1345 5098 1690 5170 principium
1717 5101 1976 5170 temporis
2027 5157 2034 5175 ἰ

421 5189 522 5242 fuit
554 5208 567 5243 :
603 5189 868 5259 siquidem
904 5188 1159 5256 Verbum,
1195 5200 1253 5245 ut
1283 5192 1359 5246 ait
1384 5189 1643 5255 Joannes,
1685 5190 1738 5245 in
1769 5191 1976 5260 princi-

420 5279 509 5347 pio
547 5287 681 5342 erat,
714 5278 859 5348 quod
890 5279 979 5333 ille
1010 5279 1076 5332 de
1121 5280 1386 5350 principio
1419 5282 1677 5350 temporis
1707 5279 1975 5348 explicat,

418 5375 582 5437 atque
633 5368 754 5422 ideo
804 5367 891 5422 hic
925 5368 1155 5440 ἄναρχος
1198 5370 1357 5426 Verbi
1400 5379 1554 5425 ortus
1594 5369 1814 5434 dicitur,
1846 5370 1973 5440 quia

415 5474 541 5512 cum
571 5470 696 5515 ante
727 5475 888 5516 omne
915 5468 1128 5531 tempus
1165 5472 1218 5515 et
1246 5473 1367 5518 ante
1408 5465 1590 5518 omnia
1628 5462 1827 5518 saecula
1856 5460 1977 5516 fue-
2021 5503 2035 5527 ,

414 5549 508 5612 rit,
551 5564 658 5603 non
701 5549 880 5619 habet‘
902 5548 1229 5619 principium
1269 5550 1550 5619 temporis.
1587 5551 1852 5621 Ἀναρχον
1893 5557 1976 5602 ta-

486 5725 562 5795 (a)
599 5727 759 5786 Conc.
801 5725 1010 5802 Nicin,
1035 5731 1140 5780 act.
1174 5725 1228 5792 6,
1259 5741 1309 5798 p.
1338 5726 1460 5781 498.

2082 4540 2172 4593 illa
2203 4535 2561 4594 simiiitudine
2596 4533 2736 4588 Deus
2767 4533 2834 4586 ab
2874 4539 2998 4586 ortu
3037 4529 3341 4599 appellatus
3371 4535 3482 4594 est;
3516 4542 3642 4595 cum

2081 4812 2187 4867 dici
2233 4819 2408 4882 potest
2453 4819 2506 4866 et
2551 4810 2708 4866 debet
2753 4808 2948 4870 Filius,
2986 4807 3113 4878 quia
3158 4807 3260 4861 etsi
3304 4820 3413 4859 non
3456 4803 3645 4858 eadem

2081 4921 2242 4976 quam
2273 4903 2433 4959 Pater
2465 4903 2824 4961 substantiam
2853 4901 3071 4963 habeat,
3105 4915 3169 4954 ex
3205 4898 3513 4954 subStantia
3546 4895 3647 4950 Pa-

2081 4997 2180 5050 tris
2227 5011 2290 5050 eo
2336 5011 2443 5065 quo
2487 5009 2653 5065 supra
2702 4992 2937 5046 diximus
2986 4989 3147 5044 modo
3192 4988 3492 5058 productus
3539 4994 3640 5040 est.

2083 5087 2342 5143 Eternus
2381 5097 2556 5141 autem
2600 5099 2708 5140 non
2755 5092 2836 5141 est
2886 5083 3094 5147 Filius,
3141 5081 3236 5137 sed
3286 5091 3409 5140 ante
3455 5091 3644 5133 omnes

2082 5187 2360 5234 creaturas
2409 5181 2646 5249 genitus.
2696 5176 2848 5232 lianc
2900 5175 3231 5250 ipsissimam
3267 5187 3387 5228 esse
3423 5166 3642 5223 Eusebii

2081 5272 2146 5326 de
2174 5270 2352 5326 Verbo
2380 5270 2683 5326 doctrinam
2713 5267 2918 5340 liquido
2947 5267 3360 5338 comprobatum
3391 5259 3641 5332 superius

2080 5372 2182 5418 est.
2217 5361 2367 5428 Quod
2396 5362 2442 5417 si
2473 5362 2526 5416 in
2553 5362 2641 5417 his
2670 5361 2942 5417 Eusebius
2969 5374 3154 5415 secum
3179 5367 3420 5428 pugnare
3447 5351 3641 5416 ἀερτθο

2081 5454 2382 5518 hendatur,
2425 5452 2478 5507 id
2508 5466 2638 5508 sane
2666 5453 2946 5522 proprium
2989 5449 3194 5505 erroris
3233 5453 3335 5507 est,
3367 5448 3423 5495 ut
3457 5439 3642 5497 consio

2081 5554 2223 5601 stere
2249 5558 2356 5598 non
2385 5542 2581 5608 valeat,
2614 5542 2826 5615 sibique
2857 5541 2958 5614 ipsi
2993 5539 3322 5594 adversetur.
