4042 6210
377 237 446 291 47
1088 223 1353 287 FUSEBII
1390 215 1861 279 CESARIENSIS
1896 212 2048 272 OPP.
2089 213 2266 270 PARS
2302 213 2390 271 1H.
2423 243 2495 255 —
2527 209 2931 270 EXEGETICA.
3525 214 3596 269 £3

376 372 502 426 XVI.
525 371 673 434 Egre
708 364 1004 419 defenditur.
1044 394 1101 404 —
1123 364 1282 434 xvnq
1326 358 1557 434 iii-ianum
1601 356 1810 421 probant
1842 358 1940 404 tam
1967 357 2013 414 Α
2044 354 2198 409 libuit
2226 322 2512 409 desistere.
2545 352 2662 418 Qua
2693 352 2746 406 in
2779 340 2838 406 re
2868 351 3000 422 quid
3040 352 3244 408 certius
3285 331 3594 422 evangelica

855 435 1013 492 gesta,
1031 441 1174 490 quam
1193 425 1386 486 scripta.

452 540 518 594 At
549 538 640 609 qui
661 543 959 607 purgatum
993 531 1279 586 Eusebium
1315 527 1523 588 volunt,
1550 540 1671 578 cum
1701 529 1934 584 veteres,

380 643 496 690 tum
525 629 879 689 recentiores,
910 627 965 681 in
986 623 1217 679 medium
1241 620 1360 690 ejus
1380 618 1523 672 dicta
1545 616 1793 680 aﬂ‘erunt,
1819 631 1937 684 quae

381 721 708 778 catholicum
740 717 1010 774 hominem
1043 727 1266 784 arguere
1305 715 1581 782 pugnant;
1627 705 1937 776 hujusmodi

383 824 532 882 sunt,
561 814 707 884 quod
737 811 933 867 dixerit
954 809 1044 864 ille
1073 823 1135 863 ex
1171 807 1301 870 Deo,
1335 815 1390 860 et
1419 820 1483 859 ex
1515 801 1817 864 substantia
1844 799 1936 854 Dei

381 925 504 966 esse
524 905 749 969 Filium,
773 902 918 974 quod
943 916 1075 956 vere
1098 899 1268 954 Deum
1302 905 1355 951 et
1396 895 1644 949 αὐτόοεον
1677 893 1939 964 praedica-

383 1001 543 1067 verit,
582 997 725 1069 quod
767 1003 1052 1056 aeternum,
1085 989 1230 1062 quod
1258 986 1558 1059 ὁμοούσιον,
1595 986 1794 1057 quibus
1839 998 1939 1039 nos

384 1092 658 1152 omnibus,
683 1090 802 1158 ipso
831 1083 1068 1140 Eusebio
1108 1083 1189 1136 usi
1219 1081 1533 1151 interprete,
1557 1074 1938 1148 jam‘occurri-

382 1200 522 1240 mus.
547 1181 745 1236 Verum
769 1179 885 1234 hzec
914 1175 990 1229 illi
1021 1190 1085 1230 ex
1113 1171 1321 1227 arbitrii
1344 1170 1426 1226 sui
1458 1169 1746 1233 sententia,
1766 1182 1941 1236 neque

383 1293 447 1332 ex
478 1277 596 1346 ipsa
623 1271 843 1328 Eusebii
874 1275 1075 1332 mente,
1114 1265 1359 1336 pluribus
1392 1263 1447 1317 in
1484 1261 1622 1316 locis
1661 1273 1939 1330 expressa,

383 1364 740 1436 comprobare
772 1359 876 1415 nisi
909 1365 1038 1413 sunt
1071 1376 1084 1411 :
1116 1355 1206 1409 alii
1241 1369 1455 1424 quoque
1484 1351 1795 1420 interpretis
1822 1365 1943 1405 ver-

385 1457 540 1512 sione
572 1452 804 1522 decepti,
837 1465 900 1505 ex
928 1448 1083 1503 libris
1101 1445 1165 1499 de
1196 1442 1650 1499 Demonstratione
1681 1447 1744 1496 et.
1759 1449 1942 1494 contra

387 1542 938 1609 Marcellum,~l.atine
967 1546 1174 1594 tantum
1199 1536 1373 1600 lectis,
1397 1534 1462 1590 ad
1487 1548 1604 1589 eam
1635 1531 1942 1601 opinionem

387 1642 759 1698 accesserunt,
783 1647 908 1704 pars
933 1630 1169 1685 Marcelli
1194 1627 1341 1682 dicta
1364 1641 1461 1696 pro
1482 1623 1803 1680 Eusebianis
1823 1621 1947 1675 sub-

389 1733 698 1794 stituentes,
734 1735 994 1782 aeternum
1040 1724 1109 1778 ab
1151 1718 1456 1777 Eusebio!“
1464 1720 1612 1774 ilium
1662 1715 1942 1790 praedicari

391 1821 634 1880 arbitrati
667 1827 834 1876 sunt:
867 1817 1001 1872 nulli
1047 1815 1213 1870 hosce
1243 1811 1458 1868 Eusebii
1506 1808 1940 1866 Commentarios

383 1916 756 1983 inspexerunt,
791 1907 878 1962 ubi
903 1907 1077 1977 palam
1105 1905 1192 1959 ille
1214 1910 1446 1958 mentem
1469 1915 1624 1956 suam
1656 1899 1851 1969 aperit,
1887 1905 1942 1952 et

386 2003 606 2064 nonnisi
622 2006 939 2070 comparate
973 1994 1040 2051 ad
1067 1995 1315 2049 homines
1339 1990 1535 2046 Filium
1555 1989 1745 2044 vocari
1773 1987 1940 2042 Deum

387 2095 645 2150 insinuat.
686 2089 800 2161 Ego
827 2102 956 2143 vero
1003 2101 1089 2141 me
1133 2082 1392 2155 proﬁteor
1423 2081 1527 2135 hac
1564 2079 1619 2134 in
1644 2077 1942 2149 quzestione

385 2187 521 2242 nihil
552 2180 891 2256 prazjudicati
925 2178 1192 2240 attulisse,
1234 2174 1328 2230 sed
1363 2187 1590 2244 pronum
1621 2184 1839 2241 semper
1875 2167 1941 2222 ad

389 2277 656 2332 mitiorem
688 2272 966 2330 ferendam
1009 2268 1352 2329 sententiam,
1381 2263 1600 2320 Eusebii
1631 2264 1832 2332 scripta
1856 2277 1942 2317 as-

387 2367 541 2424 sidue
571 2366 870 2428 lectitasse,
897 2361 1230 2434 pondecasse
1262 2357 1406 2411 dicta
1440 2363 1495 2411 et
1528 2355 1845 2418 sententias,
1877 2369 1944 2408 ac

389 2462 605 2515 demum
643 2458 720 2513 rei
753 2454 1140 2526 perSpicuitate
1170 2453 1392 2514 victum,
1429 2456 1620 2505 contra
1652 2445 1942 2502 Eusebium

387 2551 656 2606 calculum
701 2549 972 2620 posuisse.
1016 2545 1194 2609 Certe,
1240 2551 1298 2599 ut
1344 2542 1502 2598 initio
1550 2540 1684 2609 dixi,
1727 2537 1945 2594 Eusebii

387 2649 538 2713 gesta
591 2655 712 2695 cum
763 2637 984 2709 scriptis
1017 2635 1092 2690 ita
1122 2641 1459 2700 consonant;
1503 2637 1563 2686 ut
1608 2630 1738 2685 hinc
1781 2629 1945 2684 etiam

392 2732 637 2790 testatior
678 2731 896 2786 animus
932 2727 1308 2797 sententiaque
1355 2725 1504 2781 illius
1526 2722 1780 2779 omnibus
1820 2735 1947 2776 esse

387 2827 582 2882 valeat.
609 2824 691 2880 Ab
715 2822 941 2880 exordio
962 2821 1109 2877 enim
1129 2818 1424 2874 Arianismi
1448 2817 1514 2872 ad
1544 2815 1750 2871 obitum
1775 2826 1948 2884 usque

387 2935 512 2976 cum
554 2917 774 2973 Arianis
811 2911 1243 2969 concordissime
1272 2912 1426 2976 vixit,
1475 2907 1723 2964 nascenti
1754 2905 1947 2962 haeresi

391 3027 588 3068 nomen
629 3009 807 3075 dedit;
854 3009 910 3063 in
941 3006 1158 3062 Nicmna
1207 3004 1434 3075 synodo,
1477 3010 1740 3074 quantum
1773 2999 1946 3063 licuit,

389 3100 687 3157 Catholicis
716 3098 960 3164 obstitit;
1003 3095 1101 3152 sed
1149 3094 1240 3165 qui
1279 3093 1520 3164 apprime
1548 3091 1769 3147 calleret
1817 3103 1951 3145 con-

391 3192 586 3248 cedere
631 3190 880 3260 tempori,
912 3188 1130 3243 demum
1161 3184 1330 3241 cessit
1368 3192 1424 3239 et
1463 3183 1788 3255 subscripsit
1823 3200 1836 3237 :
1871 3182 1951 3238 sic

389 3283 534 3340 enim
563 3281 826 3338 suadebat
850 3280 1032 3344 timor,
1063 3293 1172 3334 non
1194 3276 1436 3334 diuturni
1465 3275 1722 3346 magister
1746 3273 1945 3330 cilicii:

395 3389 503 3446 qua
537 3373 684 3430 enim
725 3378 907 3428 mente
932 3371 985 3426 id
1019 3369 1211 3441 egerit,
1244 3369 1343 3426 sibi
1374 3366 1609 3422 subditis
1632 3366 1846 3438 populis
1868 3365 1951 3421 sic

388 3463 681 3530 enarravit,
712 3470 772 3518 ut
801 3463 903 3518 sibi
946 3461 1176 3533 pristina
1206 3458 1503 3531 repetendi,
1535 3459 1710 3513 sicubi
1742 3458 1948 3520 liceret,

389 3554 595 3609 aditum
626 3552 925 3625 reliquerit.
961 3550 1081 3606 Non
1110 3550 1204 3605 diu
1236 3564 1364 3605 vero
1390 3555 1581 3620 postea
1620 3547 1739 3602 ﬁcte
1768 3543 1952 3602 recon-

380 3647 627 3702 ciliatam
683 3660 807 3701 cum
861 3643 1437 3714 Catholicisgratiam
1490 3639 1847 3704 disturbavit;
1893 3645 1953 3692 ut

394 3739 609 3794 nescias
633 3738 827 3808 plusne
860 3752 1040 3807 Opera:
1070 3736 1128 3790 in
1156 3735 1402 3804 pellendo
1432 3733 1733 3788 Athanasio
1753 3746 1952 3801 posue‘

389 3833 483 3897 rit,
530 3845 691 3902 quam
730 3830 785 3884 in
826 3827 1163 3884 restituendo
1210 3826 1359 3883 Ario.
1401 3827 1600 3879 Contra
1640 3823 1952 3879 Marcellum

391 3923 842 3994 intemperantior
888 3921 1122 3976 fortasse
1168 3934 1330 3989 quam
1375 3918 1658 3985 debuerat,
1693 3933 1798 3972 non
1829 3916 1952 3987 plus

393 4015 462 4070 ad
495 4013 920 4087 propulsandum
951 4012 1122 4078 illum,
1163 4027 1326 4082 quam
1360 4010 1426 4066 ad
1463 4011 1772 4082 purgandos
1795 4011 1954 4065 Aria-

392 4121 589 4162 norum
621 4103 984 4174 primipilares
1011 4103 1253 4174 scripsit.
1282 4101 1576 4157 Historiam
1608 4100 1838 4164 Niczeme
1864 4116 1954 4173 sy-

392 4198 521 4253 nodi
555 4196 674 4252 fuse
711 4197 975 4262 narravit,
1017 4203 1070 4250 et
1119 4196 1275 4267 quasi
1323 4210 1419 4265 per
1462 4194 1952 4250 dissimulationem

390 4285 698 4360 ignorandi,
731 4287 859 4357 quia
906 4295 1179 4357 gestorum
1212 4283 1387 4356 pudor
1418 4285 1694 4340 silentium
1723 4285 1954 4356 impera-

2041 446 2310 509 cautione,
2333 444 2413 497 Ea:
2426 443 2681 513 fructibus
2703 460 2880 498 eorum
2901 445 3216 516 cognoscetis
3231 447 3355 500 eos?
3374 443 3594 514 (Matth.

2036 551 2138 613 vn,
2172 535 2282 609 16.)
2311 535 2470 592 Certe
2497 537 2796 606 secundum
2821 535 3090 591 Nicaenam
3115 537 3379 608 synodum
3408 535 3598 591 foven-

2041 627 2124 682 da:
2147 627 2413 690 Arianicae
2435 627 2511 683 rei
2539 627 2612 680 ita
2637 633 2785 682 totus
2811 626 3058 681 incubuit
3081 628 3192 690 ille,
3217 635 3275 682 ut
3300 627 3432 681 nihil
3457 641 3598 699 pre-

2039 720 2336 778 termisisse
2369 721 2616 776 videatur
2646 734 2755 791 quo
2787 735 2846 775 se
2873 719 3131 774 Arianum
3165 719 3436 791 proderet.

2632 835 2858 891 CAPUT
2897 834 3010 890 VII.

2035 961 2108 1000 ,ΒΕ
2149 961 2397 1010 κειῐρυιε
2435 962 2489 1003 IN
2525 963 2712 1011 QUIBUS
2751 963 2850 1001 νει,
2903 965 2932 1001 Δ
2971 961 3092 1001 νινε
3135 959 3409 1000 ABERRARB
3447 959 3600 1000 VIDE-

2113 1031 2219 1071 TUB
2255 1033 2508 1074 EUSEBIUS
2546 1035 2599 1072 IN
2636 1035 2721 1074 IIIS
2757 1031 3173 1082 οοιηιειιτλιιιιε,
3215 1031 3315 1071 νει
3354 1031 3599 1070 ειριιῦλ-

2115 1103 2275 1143 TIONE
2311 1103 2442 1146 OPUS
2481 1104 2651 1143 ΒΔΒΕἹ·
2661 1130 2673 1144 .

2037 1196 2095 1252 .I.
2138 1195 2405 1269 Eusebius
2435 1198 2736 1269 plerumque
2776 1215 2908 1262 sua,
2968 1214 3075 1252 non
3116 1195 3393 1269 Ecclesice,
3445 1214 3600 1254 sensa

2114 1267 2297 1339 tradit.
2340 1266 2543 1339 II.An
2569 1266 2713 1339 neget
2745 1279 3014 1339 peccatum
3051 1268 3326 1339 originale,
3365 1276 3415 1322 et
3445 1285 3512 1321 an
3541 1271 3599 1339 id

2113 1337 2373 1410 dogmatis
2414 1336 3025 1410 cxiorig'ene'hauserit.
3084 1336 3202 1410 Ill».
3233 1338 3314 1391 An
3361 1347 3502 1410 putet
3530 1338 3595 1392 Β.

2123 1407 2390 1478 Virginem
2439 1409 2574 1464 alios
2610 1407 2770 1478 quam
2799 1408 3068 1464 Christum
3110 1408 3249 1477 ﬁlios
3293 1409 3595 1475 suscepisse.

2117 1477 2221 1532 IV.
2253 1477 2384 1531 Eam
2442 1496 2546 1533 non
2588 1477 2741 1548 quasi
2795 1495 2979 1542 suam,
3039 1480 3126 1532 sed
3178 1479 3332 1548 quasi
3375 1479 3601 1532 alienam

2114 1549 2419 1604 sententiam
2471 1547 2670 1602 attulit.
2730 1549 2792 1604 γ.
2829 1547 2948 1602 Non
2977 1548 3163 1602 statuit
3193 1547 3327 1602 duas
3360 1549 3414 1602 in
3441 1547 3599 1604 Chri-

2111 1627 2196 1671 sto
2223 1635 2490 1686 personas.
2537 1617 2632 1673 γι.
2661 1618 2800 1686 Quid
2831 1617 2894 1672 de
2924 1618 3245 1688 confessione
3272 1629 3599 1688 peccatorum

1971 1712 2018 1766 Β
2117 1689 2354 1742 senserit.

2041 1801 2078 1850 1.
2108 1799 2352 1850 Eusebius
2371 1801 2662 1863 plerumque
2685 1814 2788 1858 sua,
2830 1813 2930 1850 non
2976 1797 3229 1859 Ecclesiae,
3268 1812 3410 1849 sensa
3437 1797 3599 1850 tradit.

2110 1903 2246 1958 Cum
2281 1903 2404 1973 quis
2441 1919 2506 1959 eo
2542 1903 2758 1959 devenit
2794 1913 2852 1958 ut
2883 1901 3004 1959 fidei
3033 1903 3284 1974 dogmata
3319 1918 3384 1959 ex
3410 1903 3602 1973 judicii

2041 1994 2124 2048 sui
2189 1994 2414 2048 arbitrio
2454 1993 2677 2049 deﬁniat
2703 2035 2717 2060 ,
2757 2011 2820 2050 ac
2855 1996 2970 2051 sive
3001 2012 3067 2051 ex
3101 1995 3447 2066 praajudicata
3486 1999 3604 2068 opi-

2034 2086 2220 2152 .nione,
2249 2087 2362 2142 sive
2388 2102 2454 2143 ex
2480 2087 2673 2143 all'ectu
2693 2089 3045 2160 apartiumque
3073 2089 3276 2158 studio,
3301 2088 3600 2144 divinarum

2041 2191 2221 2232 rerum
2259 2179 2672 2249 explicationem
2715 2180 3095 2251 aggrediatur,
3138 2181 3274 2236 nihil
3313 2181 3506 2236 mirum
3553 2183 3602 2238 si

2035 2268 2354 2340 frequenter
2400 2271 2614 2326 aberret
2653 2289 2668 2324 :
2708 2272 2886 2327 omnia
2941 2276 3138 2344 quippe
3193 2280 3320 2329 sunt
3373 2273 3600 2339 incerta,

2041 2377 2166 2417 cum
2223 2362 2387 2417 semel
2457 2363 2526 2418 ab
2578 2362 2832 2418 Ecclesia:
2890 2365 3106 2420 statutis
3148 2364 3449 2421 discessum
3496 2376 3599 2421 est.

2043 2452 2177 2510 Nam
2213 2469 2336 2510 cum
2369 2468 2568 2510 arcana
2598 2453 2824 2512 Deitatis
2857 2463 2910 2512 et
2945 2457 3244 2529 religionis,
3275 2457 3342 2514 ab
3367 2457 3604 2514 humano

2044 2563 2210 2604 sensu
2255 2547 2641 2609 remotissima,
2678 2547 2886 2604 Numen
2925 2549 3101 2620 ipsum
3144 2550 3445 2617 tradiderit,
3476 2565 3604 2606 non-

2051 2640 2156 2694 nisi
2213 2638 2454 2709 ejusdem
2514 2637 2762 2695 Numinis
2798 2656 2900 2711 ope
2948 2648 3003 2696 et
3038 2640 3220 2696 aﬂatu
3273 2656 3336 2697 ea
3377 2650 3606 2712 possunt

2044 2729 2304 2800 explicari
2349 2744 2411 2784 ac
2449 2739 2596 2786 recte
2636 2731 2838 2802 percipi
2876 2747 2890 2782 :
2928 2746 2991 2786 ac
3045 2747 3168 2787 cum
3228 2731 3321 2785 uni
3347 2731 3604 2787 Ecclesia:

2045 2821 2357 2877 earumdem
2404 2837 2587 2876 rerum
2634 2823 2920 2878 arbitrium
2951 2823 3092 2880 Deus
3127 2823 3465 2894 permiserit,
3500 2824 3604 2894 ipsi

2047 2912 2146 2968 soli
2186 2913 2375 2968 eadem
2403 2913 2712 2984 explananti
2746 2930 2805 2970 se
2846 2914 3160 2970 adfuturum
3200 2915 3475 2985 pollicitus
3498 2925 3602 2972 est.

2049 3001 2194 3058 Nihil
2236 3003 2419 3073 itaque
2461 3005 2701 3061 insolens
2727 3013 2831 3070 est,
2860 3006 2906 3062 si
2938 3005 3226 3074 Eusebius,
3255 3007 3346 3076 qui
3371 3007 3608 3079 plerum-

2052 3111 2156 3165 que
2185 3094 2586 3166 Scripturarum
2623 3107 2677 3153 et
2707 3096 2963 3152 Ecclesia:
2989 3097 3240 3169 dogmata
3265 3115 3330 3154 ex
3365 3117 3528 3157 sensu
3554 3109 3609 3155 et

2051 3188 2306 3259 Opinione
2327 3203 2436 3244 sua
2476 3190 2747 3245 aestimare
2781 3204 2949 3245 ausus
2979 3197 3081 3256 est,
3113 3191 3168 3244 in
3203 3192 3388 3246 multis
3423 3192 3608 3262 lapsus

2052 3283 2140 3338 sit.
2184 3280 2249 3336 Et
2291 3279 2399 3350 jam
2435 3281 2652 3351 quidem
2692 3282 2810 3352 ejus
2835 3281 3092 3338 deVerbo
3123 3281 3217 3339 Dei
3255 3293 3509 3348 mentem,
3539 3299 3606 3339 ex

2051 3371 2294 3443 ejusdem
2342 3373 2564 3428 Eusebii
2615 3374 2867 3444 scriptis,
2929 3375 3128 3430 Ariana
3188 3375 3308 3430 labe
3361 3375 3607 3429 vitiatam

2051 3459 2638 3532 commonstravimus;
2675 3475 2923 3537 superest
2955 3475 3013 3521 ut
3038 3477 3239 3523 caetera
3265 3465 3610 3523 Commenta-

2051 3561 2258 3616 riorum
2291 3560 2430 3622 loca,
2467 3559 2557 3614 ubi
2588 3559 2671 3614 vel
2699 3559 3034 3615 heterodoxa
3059 3559 3143 3614 vel
3165 3567 3417 3628 suspecta
3444 3558 3612 3614 tradi-

2051 3652 2199 3708 disse
2227 3652 2462 3719 videtur,
2493 3651 2730 3706 breviter
2768 3650 3158 3721 expendamus.

2052 3759 2113 3810 il.
2157 3760 2235 3810 An
2261 3763 2417 3822 neget
2455 3764 2707 3826 peccatum
2739 3758 3124 3826 originale._An
3167 3759 3215 3810 id
3259 3760 3501 3824 dogmatis
3546 3773 3608 3810 ex

2587 3819 2803 3882 Origene
2837 3821 3071 3870 hauserit.

2121 3925 2408 3981 Peccatum
2454 3925 2739 3996 originale,
2767 3926 2880 3981 sive
2899 3925 3114 3995 culpam
3155 3928 3223 3982 ab
3251 3927 3487 3982 humano
3521 3943 3607 3996 ge-

2053 4032 2181 4073 nere
2223 4033 2288 4074 ex
2318 4016 2510 4072 Adami
2549 4017 2702 4087 lapsu
2745 4027 3100 4083 contractam,
3149 4035 3349 4090 negare
3385 4034 3610 4090 prorsus

2052 4108 2264 4163 videtur
2313 4107 2584 4164 Eusebius
2651 4109 2718 4164 ad
2779 4109 2972 4179 psalm.
3021 4125 3212 4172 vam,
3274 4109 3352 4164 6:
3394 4110 3502 4165 Cur
3541 4109 3611 4162 ti-

2053 4198 2197 4253 mebo
2231 4199 2284 4252 in
2303 4197 2390 4252 die
2418 4197 2600 4253 mala?
2635 4195 2894 4268 Iniquitas
2927 4199 3160 4253 calcanei
3189 4200 3287 4253 mei
3314 4196 3611 4253 circumda-

2054 4289 2127 4343 bit
2171 4306 2250 4345 me
2285 4308 2304 4347 :
2349 4290 2440 4345 ubi
2487 4291 2566 4347 sic
2599 4289 2762 4345 habet
2791 4308 2804 4344 :
2830 4291 2891 4343 El
2919 4289 2974 4343 δὲ
3005 4290 3290 4362 πρόσωπον
3319 4290 3522 4362 Κυρίου
3551 4288 3613 4341 τὸ

390 4379 504 4444 bat,
537 4395 606 4434 ne
634 4379 859 4434 verbum
890 4377 1108 4447 quidem
1149 4376 1277 4432 fecit
1310 4376 1378 4431 de
1409 4375 1539 4430 Ario
1573 4384 1626 4432 et
1657 4377 1724 4431 de
1750 4376 1948 4431 Ariana

2054 4381 2228 4452 λέγον,
2263 4382 2497 4454 πτέρναν
2529 4381 2694 4436 αὐτοῦ
2729 4381 2894 4454 εὕρῃς
2919 4383 3010 4438 τὸν
3042 4382 3262 4452 ἔσχατον
3291 4381 3385 4434 τοῦ
3423 4379 3610 4452 σώμα-

391 4471 586 4526 haercsi
617 4470 802 4540 :quod
835 4468 1060 4540 perinde
1085 4477 1168 4524 est
1197 4482 1261 4522 ac
1291 4467 1338 4523 si
1363 4467 1486 4538 quis
1506 4465 1832 4522 Tridentinae
1864 4483 1955 4539 sy-

391 4561 523 4616 nodi
558 4561 841 4615 historiam
883 4568 1094 4624 texens,
1127 4558 1194 4614 de
1223 4559 1548 4630 quibusdam
1580 4561 1642 4613 ὲκ
1675 4561 1953 4632 παρέργου

391 4652 558 4725 gest-is
587 4658 788 4720 ageret,
821 4650 886 4705 de
914 4650 1154 4706 Luthero
1183 4651 1338 4706 nihil.
1389 4651 1444 4706 Si
1487 4667 1608 4706 cum
1641 4652 1839 4709 talibus
1863 4667 1958 4722 ge-

395 4742 652 4798 stistalia
681 4741 881 4810 scripta
904 4756 1014 4796 non
1043 4742 1227 4797 obsint
1256 4743 1547 4811 quominus
1572 4742 1838 4798 Eusebius
1862 4757 1956 4797 ca-

394 4837 633 4891 tholicus
673 4834 890 4889 dicatur
925 4849 1047 4889 meo
1094 4834 1354 4904 periculo,
1396 4849 1556 4890 nemo
1587 4851 1824 4906 unquam
1855 4834 1956 4890 fuit

394 4935 489 4980 aut
521 4925 739 4980 futurus
775 4935 878 4987 est,
923 4925 1052 4994 quin
1085 4923 1406 4981 Eusebianis
1435 4924 1836 4980 conditionibus
1865 4939 1956 4978 or-

393 5016 670 5073 thodoxus
699 5015 807 5071 dici
834 5017 1029 5072 valeat.
1060 5014 1200 5070 Nihil
1225 5032 1406 5071 moror
1425 5033 1520 5073 eos
1546 5017 1640 5086 qui
1663 5015 1955 5070 Eusebium

394 5117 521 5165 ante
549 5107 822 5164 Nicenam
859 5109 1077 5178 quidem
1111 5109 1376 5179 synodum
1416 5107 1671 5162 Arianice
1717 5107 1958 5163 sensisse

395 5215 460 5254 ac
487 5200 777 5270 scripsisse
810 5199 1067 5268 fatentur,
1093 5210 1281 5271 postea
1305 5215 1431 5255 vero
1451 5215 1611 5256 secus
1640 5217 1655 5254 :
1687 5214 1811 5255 nam
1831 5214 1957 5253 cum

397 5293 516 5348 sine
542 5295 915 5349 controversia
947 5295 1046 5350 hos
1079 5292 1516 5349 Commentarios
1548 5300 1601 5348 et
1628 5293 1799 5347 libros
1821 5291 1959 5347 Con-

398 5393 482 5439 tra
513 5382 843 5450 Marcellum,
870 5386 1015 5441 unde
1039 5384 1360 5456 perspicuas
1387 5391 1441 5437 et
1465 5383 1774 5452 frequentes
1803 5384 1959 5438 Aria-

395 5477 558 5531 nismi
609 5487 768 5534 notas
821 5477 1088 5540 eruimus,
1138 5477 1296 5543 longe
1341 5482 1465 5544 post
1502 5475 1647 5528 illam
1690 5475 1957 5546 synodum

395 5567 646 5631 ediderit,
698 5568 910 5622 inutilis
962 5579 1188 5632 prorsus
1227 5564 1318 5618 illa
1365 5564 1642 5620 distinctio
1689 5585 1702 5620 :
1741 5582 1864 5620 nam
1899 5577 1959 5621 ut

397 5669 522 5708 vere
549 5654 616 5708 de
637 5653 870 5715 Eusebio
893 5651 1126 5716 dicatur,
1161 5667 1262 5708 nec
1290 5653 1544 5723 pmnituit
1577 5657 1830 5727 cmpisse,
1857 5671 1955 5714 nec

2055 4491 2143 4538 τος
2205 4475 2296 4528 καὶ
2342 4477 2406 4546 τῇ
2451 4477 2519 4545 γῇ
2573 4474 2934 4546 πλησιάζοντα
2999 4474 3230 4529 Ἰούδαν·
3297 4471 3454 4544 σῶμα
3506 4473 3614 4544 γὰρ

2055 4565 2259 4636 Κυρίου
2302 4566 2350 4618 oi
2389 4565 2696 4620 ἀπόστολοι.
2745 4567 2818 4619 Οὐ
2863 4565 3134 4636 φοϐοῦμαι
3184 4558 3275 4617 οὖν
3310 4561 3407 4633 τὴν
3447 4559 3616 4614 Ἰούδα

2057 4655 2341 4726 προδοσίαν
2389 4657 2445 4712 ὲν
2497 4654 2574 4726 τῷ
2628 4655 2800 4728 καιρῷ
2854 4653 2946 4710 τοῦ
3001 4651 3270 4725 σταυροῦ·
3307 4649 3427 4702 ἐπεὶ
3482 4647 3615 4719 μηδὲ

2056 4743 2280 4806 ἕκαστος
2309 4743 2408 4813 τὴν
2435 4741 2525 4796 τοῦ
2559 4742 2726 4813 Ἀδὰμ
2750 4745 3056 4814 παρακοήν·
3093 4740 3296 4810 ταύτην
3342 4737 3452 4807 γὰρ
3512 4737 3615 4789 ὑπ-

2056 4832 2350 4906 ῃνιξάμεοα
2379 4832 2611 4905 πτέρναν
2641 4832 2865 4902 ἀνομίας
2899 4825 3056 4884 εἶναι.
3089 4831 3273 4893 Οὐδεὶς
3299 4831 3407 4898 γὰρ
3434 4829 3500 4882 δι’
3526 4827 3619 4881 ἆλ-

2056 4926 2146 4980 λου
2178 4927 2373 4980 κακίαν
2405 4925 2841 4988 καταδικάζεται,
2860 4923 2914 4977 id
2941 4931 3023 4978 est
3044 4940 3056 4973 :
3079 4923 3138 4977 Si
3162 4939 3384 4991 persona
3405 4920 3616 4976 Domini

2057 5029 2133 5073 est
2165 5036 2279 5090 qua:
2320 5019 2568 5089 loquitur,
2629 5017 2937 5070 calcaneum
2968 5016 3080 5084 ejus
3113 5011 3466 5084 deprehendas
3506 5028 3618 5067 esse
3698 5070 3701 5071 ν

2057 5111 2275 5174 Judam,
2308 5111 2396 5181 qui
2424 5110 2641 5163 ultimus
2671 5108 2725 5160 in
2759 5122 2991 5176 corpore,
3021 5117 3070 5160 ct
3105 5115 3256 5161 terra’
3281 5104 3621 5176 propinquior

2057 5213 2190 5259 erat.
2211 5201 2354 5255 Nam
2385 5216 2568 5270 corpus
2591 5199 2802 5254 Domini
2848 5206 2969 5253 sunt
3001 5197 3244 5269 apostoli.
3311 5195 3433 5250 Non
3467 5196 3619 5277 timeo

2059 5296 2233 5364 itaque
2250 5293 2408 5349 Iuda:
2437 5292 2779 5362 proditionem
2815 5292 2871 5346 in
2902 5302 3127 5360 tempore
3149 5290 3320 5346 crucis
3345 5306 3364 5344 :
3384 5287 3623 5360 quando-

2058 5383 2263 5456 quidem
2290 5399 2448 5454 neque
2480 5382 2672 5453 singuli
2693 5381 2923 5438 homines
2950 5383 3145 5439 Adami
3179 5380 3623 5450 inobsequentiam

2060 5477 2240 5531 timere
2285 5473 2468 5530 debent
2505 5495 2522 5533 :
2554 5475 2692 5534 hanc
2734 5477 2921 5548 quippe
2975 5476 3282 5530 calcaneum
3326 5470 3623 5544 iniquitatis

2059 5584 2169 5622 esse
2209 5566 2677 5623 subindicavimus.
2747 5567 2912 5623 Nemo
2963 5569 3104 5623 enim
3145 5580 3355 5636 propter
3406 5563 3624 5617 alterius

2059 5661 2342 5732 nequitiam
2385 5660 2780 5717 condemnatur.
2816 5659 2920 5717 Ubi
2954 5660 3133 5715 innuit
3166 5657 3277 5722 ille,
3313 5670 3419 5710 non
3451 5651 3624 5726 magis
