4066 6218
369 347 458 404 ‘9»

365 551 733 628 sequenti'am,
779 575 942 629 quam
974 574 1196 621 caeteros
1237 568 1512 636 apostolos
1541 570 1777 626 obJudm
1812 588 1936 642 pro-

361 649 648 705 ditionem.
696 649 800 716 Qui
842 651 1126 722 Origenem
1168 655 1236 711 de
1282 667 1505 727 peccato
1540 661 1801 732 originali
1828 679 1933 718 non

362 741 637 796 catholico
674 742 914 799 sensisse
941 753 1153 813 putant,
1185 745 1475 804 Eusebium
1518 767 1582 806 ex
1607 751 1933 821 Origeniana

360 832 673 902 disciplina,
707 833 763 887 in
805 851 914 905 qua
950 837 1179 894 eductus
1235 840 1357 905 fuit,
1395 842 1507 898 haec
1537 843 1785 901 hausisse
1815 847 1932 917 opi-

360 922 661 978 nabuntur.
705 922 841 977 Nam
890 924 970 990 is,
1014 933 1074 981 ut
1114 928 1327 998 ignorat
1373 947 1553 996 nemo,
1585 932 1928 1004 Origenianis

356 1029 575 1084 semper
603 1015 851 1085 partibus
875 1016 1046 1073 haesit.
1065 1016 1264 1073 Verum
1294 1019 1350 1074 in
1379 1021 1655 1080 hodiernis
1681 1023 1927 1096 Origenis

356 1105 581 1175 scriptis
612 1106 746 1160 nihil
775 1121 1107 1164 nonsanum
1137 1119 1190 1165 et
1209 1112 1568 1169 orthodoxam
1605 1116 1671 1171 de
1703 1127 1924 1188 peccato

353 1192 608 1262 originali
659 1193 913 1250 traditur.
979 1195 1071 1251 Sic
1125 1196 1413 1257 Comment.
1478 1203 1554 1256 in.
1590 1203 1918 1275 Matt/rasum,

356 1282 520 1339 ﬂuet.
561 1300 614 1354 p.
648 1285 774 1350 591,
804 1289 981 1358 arguit
1009 1289 1097 1345 ille
1126 1306 1188 1345 ex
1227 1292 1446 1348 lavacro
1480 1300 1918 1368 regenerationis,

360 1378 502 1450 quod
533 1379 694 1434 etiam
724 1381 1024 1438 infantibus
1061 1383 1462 1450 conferebatur,
1496 1389 1764 1446 hominem
1799 1409 1919 1448 sor-

357 1471 521 1526 dibus
571 1472 916 1542 inquinatum
966 1476 1139 1530 nasci.
1215 1477 1279 1531 Et
1330 1479 1384 1532 in
1429 1479 1706 1548 Joannem,
1758 1483 1916 1540 ﬂuet.

357 1579 411 1633 p.
459 1564 586 1627 500,
649 1565 745 1628 ait,
787 1562 904 1618 Nos
955 1566 1189 1636 quandiu
1246 1583 1518 1637 peccamus
1575 1583 1808 1628 nostram
1854 1592 1918 1629 ea:

350 1656 562 1710 diabolo
588 1658 974 1726 generationem
1022 1659 1252 1714 nondum
1283 1664 1486 1718 exuisse
1514 1682 1576 1718 ac
1595 1667 1910 1736 deposuisse;

355 1747 518 1799 Ὅσον
571 1745 830 1816 ποιοῦμεν
862 1748 1166 1818 ἁμαρτίας,
1209 1750 1416 1804 οὐδέπω
1453 1753 1551 1824 τὴν
1581 1755 1777 1809 suam}.
1800 1758 1913 1812 διαο

356 1836 517 1889 θόλου
568 1837 772 1904 γένεσιν
819 1840 1260 1910 ἀπεκδυσάμεθα.
1300 1841 1364 1895 1η
1421 1843 1644 1901 Leuitico
1703 1857 1904 1914 autem,
1941 1824 1985 1878 Β

357 1929 497 1984 edit.
526 1928 828 1984 Gentebrard
871 1948 926 2001 p.
959 1932 1026 1987 90
1053 1953 1065 1987 :
1105 1933 1434 2006 Quwcunque
1463 1939 1642 1993 anima
1672 1942 1723 1995 in
1755 1960 1910 2000 carne

359 2022 626 2086 nascitur,
669 2022 958 2092 iniquitatis
1000 2035 1049 2079 et
1086 2030 1285 2095 peccati
1320 2031 1472 2085 sorde
1515 2034 1808 2101 polluitur;
1856 2047 1908 2093 et

360 2109 591 2166 inferius
617 2132 628 2166 :
654 2110 712 2166 Si
739 2112 871 2166 nihil
911 2123 1041 2168 esset
1065 2117 1116 2169 in
1155 2121 1386 2185 parvulis
1406 2161 1420 2185 ,
1453 2123 1592 2192 quod
1619 2124 1689 2177 ad
1721 2129 1907 2182 remis-

349 2204 545 2256 sionem
577 2202 781 2258 deberet
817 2215 864 2258 et
897 2206 1274 2277 indulgentiam
1299 2215 1575 2282 pertinere,
1609 2220 1784 2288 gratia
1813 2220 1906 2274 ba-

342 2293 523 2360 ptismi
568 2295 838 2361 superﬂua
889 2286 1168 2352 vider’etur.
1222 2298 1331 2355 Nec
1363 2286 1904 2376 prtetermittendum,

342 2385 456 2438 hate
487 2382 885 2441 Commentario
926 2387 981 2440 in
1013 2387 1299 2444 Leviticum
1343 2409 1442 2463 pro
1475 2396 1674 2465 spuriis
1699 2398 1900 2468 [tussim

340 2475 545 2531 haberi.
614 2476 857 2547 ldipsum
910 2486 1091 2535 tamen
1141 2483 1266 2537 alibi
1316 2485 1474 2540 docet
1537 2486 1799 2559 Origenes
1846 2493 1900 2546 in

341 2567 479 2631 suis,
529 2583 651 2636 quae
699 2567 971 2638 hodieque
1025 2581 1356 2640 supersunt,
1424 2578 1679 2647 Operibus
1714 2600 1726 2635 :
1760 2583 1911 2638 unde-

334 2653 600 2708 inferatur
636 2670 735 2710 eos
769 2656 864 2726 qui
915 2656 1196 2728 Origenem
1251 2661 1353 2715 hac
1400 2665 1455 2720 in
1494 2675 1647 2736 parte
1690 2670 1900 2727 violata:

334 2745 456 2801 ﬁdei
502 2755 802 2810 accusant,
836 2763 902 2804 ex
934 2749 1163 2821 objectis
1205 2755 1507 2823 priscorum
1551 2759 1677 2830 ejus
1705 2762 1898 2818 adver-

335 2837 643 2904 sariorum,-
670 2853 782 2894 non
816 2855 882 2895 ex
919 2841 1038 2912 ejus
1067 2843 1343 2904 hodiernis
1381 2850 1656 2919 operibus,
1695 2854 1746 2909 id
1781 2856 1896 2925 opi-

334 2927 516 2983 nionis
543 2939 818 2986 mutuatos
868 2946 1009 2988 esse.
1045 2931 1110 2988 Et
1131 2951 1263 2992 sane
1307 2939 1361 2993 in
1393 2941 1599 3012 synodo
1621 2959 1676 3010 v,
1707 2942 1897 3018 Orige-

337 3032 438 3073 nes
464 3019 584 3074 ideo
613 3021 901 3080 damnatus
943 3032 998 3079 et
1029 3027 1366 3099 proscriptus
1408 3041 1533 3090 est:
1567 3037 1711 3092 unde
1754 3037 1895 3094 forte

343 3108 559 3164 dicatur
587 3128 704 3183 qua
735 3115 790 3168 in
823 3115 1099 3174 hodiernis
1146 3120 1266 3190 ejus
1293 3124 1511 3194 scriptis
1545 3141 1642 3198 pro
1669 3139 1893 3199 peccato

343 3202 596 3273 originali
640 3217 962 3276 comparent,
1009 3210 1184 3266 aliena
1243 3229 1406 3270 manu
1453 3217 1662 3274 invecta
1697 3220 1885 3278 fuisse.

343 3287 478 3343 Nam
511 3306 669 3362 opera
692 3293 943 3366 Origenis
979 3297 1033 3351 in
1063 3297 1398 3372 Scriptorum
1420 3344 1434 3370 ,
1467 3307 1636 3363 variis
1670 3309 1724 3363 in
1753 3311 1888 3367 locis

333 3381 678 3456 interpolata,
710 3398 805 3444 aut
845 3391 1032 3445 vitiata
1061 3393 1145 3448 vel
1188 3403 1441 3474 truncata
1475 3397 1623 3456 fuere
1659 3417 1671 3452 :
1711 3417 1888 3474 neque

328 3476 381 3530 in
401 3488 656 3549 promptu
688 3491 775 3537 est
798 3483 978 3541 dicere
1003 3503 1248 3558 quaenam
1285 3473 1589 3561 inscriptis
1617 3493 1733 3562 ejus
1763 3473 1886 3550 cor-

328 3577 503 3637 rupta,
544 3587 795 3640 quaenam
844 3591 1130 3644 germana,
1172 3589 1227 3635 et
1250 3579 1617 3639 Graeculorum
1657 3587 1901 3646 ausibus.

330 3660 533 3716 intacta
574 3673 727 3720 sunt.
764 3664 944 3722 Ruﬁni
979 3686 1196 3742 quoque
1220 3674 1584 3747 versiowulgo
1630 3689 1882 3749 suspecta

327 3751 580 3810 habetur.
631 3755 789 3823 Quod
817 3757 1110 3818 Eusebium
1156 3781 1289 3820 vero
1333 3775 1565 3838 spectat,
1602 3769 1710 3826 duo
1741 3770 1882 3828 forte

321 3848 530 3913 possint
559 3847 623 3902 ad
651 3851 1025 3921 purgationem
1055 3855 1175 3925 ejus
1201 3857 1458 3928 proferri;
1490 3860 1664 3930 primo
1696 3863 1878 3919 locum

320 3931 576 3999 superius
624 3936 876 4003 allatum,
933 3956 1043 3996 non
1092 3944 1398 4014 integrum,
1436 3949 1531 4014 sed
1564 3958 1912 4009 truncatum.

320 4021 490 4078 fuisse
525 4039 538 4075 :
574 4034 635 4080 ut
673 4028 799 4084 hinc
837 4033 1125 4090 manifeste
1167 4040 1434 4109 arguitur,
1481 4043 1626 4110 quod
1673 4044 1790 4113 ipse
1817 4062 1877 4102 se

318 4116 573 4185 superius
620 4118 894 4178 indicasse
930 4125 1270 4193 testificetur,
1310 4130 1623 4187 calcaneum
1671 4136 1874 4208 iniqui-

315 4210 444 4262 tatis
485 4205 616 4266 esse
655 4211 1372 4288 Adamivinohsequentiam,
1407 4225 1551 4294 quod
1601 4205 1870 4300 nusquam

315 4301 452 4355 alias
486 4301 545 4355 in
577 4302 1096 4366 bis-commentariis
1128 4311 1394 4383 habetur;
1443 4318 1685 4375 secundo
1723 4324 1869 4391 quod

315 4395 441 4448 alibi
488 4397 547 4450 in
586 4396 672 4452 his
702 4402 1107 4458 commentariis
1153 4415 1434 4474 peccatum
1475 4410 1739 4482 originale
1766 4417 1865 4470 ad-

1161 359 1655 420 COMMENTABIA
1691 365 1757 420 IN
1795 364 2128 424 PSALMOS.
2162 371 2787 444 -ΡΙὶΑΣῌΜΙΝΑΙὶΙΑ,

365 465 736 522 damnandum
763 483 934 538 genus
966 469 1259 529 humanum
1282 491 1403 532 esse
1441 477 1511 533 ob
1540 477 1730 536 Adami
1776 481 1929 536 inob-
1958 483 1999 539 A
2029 496 2123 547 pro
2157 486 2272 542 istis
2303 494 2640 562 accipiamus,

3516 400 3585 461 50

2677 515 2879 555 necesse
2910 514 2986 558 est
3019 522 3112 560 nos
3139 519 3377 564 sanctam
3417 512 3589 586 Virgi-

2037 591 2150 630 nem
2183 579 2496 651 reliquorum
2532 587 2761 654 fratrum
2791 594 2902 660 ejus
2929 607 3146 652 matrem
3170 601 3356 658 dicere.
3398 603 3583 661 Verum

2033 664 2262 724 Iacobus
2281 712 2294 738 ,
2324 676 2413 743 qui
2443 677 2636 732 dicitur
2666 665 2837 750 frater
2855 683 3085 753 Domini,
3129 707 3232 746 non
3264 693 3464 749 videtur
3493 713 3584 767 pe-

2032 761 2270 829 regrinus
2303 765 2400 833 ipsi
2427 768 2622 836 fuisse,
2673 790 2770 827 nec.
2793 775 2918 844 ﬁdei
2969 779 3022 832 in
3057 782 3228 850 ipsum
3264 795 3580 857 extraneas;

2030 854 2132 907 into
2177 872 2293 910 vero
2327 874 2460 912 unus
2510 873 2624 915 erat
2668 880 2731 918 ex
2776 867 2884 936 iis,
2937 871 3025 940 qui
3069 889 3186 927 cum
3225 879 3410 946 primis
3445 883 3580 938 inter

2027 961 2298 1014 germanos
2327 950 2438 1018 ejus
2468 951 2750 1016 discipulos
2780 962 3248 1034 computabantur;
3276 971 3353 1025 ita
3385 983 3441 1026 ut
3472 975 3580 1043 ipse

2025 1037 2225 1103 primus
2245 1035 2703 1110 Jerosolymitame
2732 1045 2980 1106 Ecclesia:
3028 1053 3270 1112 thronum
3300 1065 3574 1132 acciperet.
3645 1130 3648 1132 ν

2025 1122 2228 1196 Reliqui
2256 1128 2376 1182 item
2406 1131 2518 1200 ejus
2548 1133 2762 1202 fratres,
2792 1141 2889 1193 etsi
2919 1158 2950 1194 a
2979 1145 3233 1214 principio
3264 1167 3368 1205 non
3394 1122 3574 1211 crede-

2024 1225 2136 1269 rent
2175 1218 2226 1270 in
2261 1220 2468 1288 ipsum;
2498 1234 2552 1277 at
2586 1236 2781 1281 certum
2815 1243 2891 1285 est
2929 1251 3014 1289 eos
3054 1248 3231 1303 postea
3270 1243 3569 1302 credidisse.

2024 1305 2229 1363 Narrat
2257 1313 2393 1365 enim
2421 1311 2761 1388 Evangelium
2782 1322 2991 1393 (Matth.
3028 1343 3128 1390 xu,
3160 1329 3248 1387 47)
3277 1345 3494 1390 matrem
3522 1349 3572 1392 et

2018 1397 2210 1466 fratres
2246 1401 2357 1472 ejus
2387 1403 2533 1476 foras
2566 1413 2802 1477 stetisse,
2841 1428 3130 1484 quaerentes
3178 1439 3295 1477 eum
3349 1428 3567 1500 alloqui.

2019 1489 2086 1544 Et
2115 1493 2166 1547 in
2189 1496 2407 1552 Actibus
2433 1503 2792 1567 apostolorum
2829 1507 3027 1563 dicitur
3051 1551 3064 1575 ,
3100 1512 3264 1580 fuisse
3306 1489 3568 1587 apostolos

2015 1581 2121 1637 una
2147 1602 2529 1654 perseverantes
2563 1594 2615 1647 in
2645 1598 2879 1654 oratione
2911 1617 3026 1654 cum
3050 1603 3226 1660 Maria
3257 1619 3423 1665 matre
3454 1616 3566 1683 ejus

2013 1684 2062 1726 et
2107 1676 2364 1744 fratribus
2410 1683 2523 1751 ejus
2560 1685 2700 1756 (Act.
2738 1704 2777 1753 ι,
2807 1690 2910 1762 14).
2949 1693 3051 1759 Qui
3085 1714 3205 1768 ergo
3239 1676 3570 1760 existimetur

2013 1767 2078 1820 iis
2108 1771 2408 1842 peregrinus
2435 1780 2583 1832 esse?
2619 1777 2814 1835 Nullus
2848 1785 3020 1857 itaque
3052 1767 3195 1845 locus
3231 1807 3480 1862 superest,
3509 1808 3565 1851 ut

2010 1854 2073 1909 tle
2117 1858 2181 1910 iis
2227 1859 2436 1916 dicatur
2478 1880 2496 1917 :

2010 1950 2158 2013 meis,
2181 1960 2230 2004 et
2250 1957 2552 2024 peregrinus
2576 1960 2704 2029 ﬁliis
2745 1967 2928 2020 matris
2956 1985 3100 2025 metu.
3137 1991 3154 2023 ι
3192 1971 3315 2028 Non
3335 1979 3469 2032 enim
3495 1981 3559 2035 iis

2005 2045 2336 2113 peregrinus,
2369 2049 2458 2103 sed
2493 2051 2715 2106 multum
2744 2058 3002 2123 pretiosus
3037 2073 3187 2128 erat;
3229 2067 3304 2120 ita
3341 2078 3398 2123 ut
3434 2073 3556 2124 nul-

2007 2133 2211 2190 latenus
2246 2138 2450 2194 credere
2487 2144 2641 2198 liceat
2679 2163 2839 2216 supra
2871 2165 3186 2210 memoratos
3223 2158 3413 2227 fratres
3445 2165 3556 2234 ejus

2005 2227 2144 2295 ﬁlios
2166 2229 2357 2286 Maria:
2381 2233 2562 2303 fuisse.
2613 2239 2724 2293 Alii
2753 2259 2879 2296 sane
2917 2245 3111 2314 fuerint
3145 2252 3234 2319 qui
3273 2253 3326 2307 in
3353 2227 3556 2324 psalmo

2002 2320 2106 2388 ﬁlii
2137 2326 2321 2378 matris
2347 2329 2458 2395 ejus
2482 2328 2746 2399 dicuntur,
2769 2336 3053 2408 quibusque
3082 2320 3363 2400 extraneas
3382 2347 3555 2416 factus

2000 2421 2097 2468 est.
2147 2413 2422 2487 Intelligas
2467 2438 2623 2490 porro
2659 2437 2877 2482 matrem
2912 2431 3117 2500 quidem
3145 2435 3257 2504 ejus
3305 2413 3416 2494 esse
3452 2440 3554 2494 Ju-

1999 2503 2235 2560 dmorum
2280 2508 2629 2584 Synagogam,
2665 2527 2770 2574 etc.
2829 2520 3013 2577 Graeca
3059 2503 3341 2587 brevitatis
3387 2548 3552 2589 causa

1999 2596 2320 2664 omittimus,
2352 2603 2478 2671 quia
2501 2607 2649 2660 nulla
2677 2609 2744 2664 de
2774 2609 2843 2666 iis
2870 2621 3050 2682 potest
3081 2619 3214 2672 oriri
3245 2631 3553 2680 controver-

1999 2685 2227 2742 sia..Hie
2256 2697 2456 2756 autem.
2495 2703 2552 2748 ut
2592 2697 2773 2752 videre
2800 2710 2904 2766 est,
2941 2720 3053 2759 rem
3094 2709 3548 2781 προϐληματικῶς

1997 2785 2206 2834 tantum
2242 2786 2525 2854 proponit,
2567 2803 2667 2843 nec
2697 2805 2814 2844 eam
2857 2796 3003 2850 velut
3034 2813 3184 2853 suam
3217 2806 3545 2862 sententian.

1996 2870 2168 2928 aﬂ‘ert.
2212 2871 2345 2929 Nam
2386 2878 2460 2931 ita
2499 2881 2675 2950 arguit
2725 2881 2814 2939 ille
2855 2902 2869 2938 :
2917 2885 2974 2941 Si
3007 2889 3146 2945 filios
3196 2896 3388 2952 matris
3424 2898 3544 2966 ejus

1993 2961 2084 3018 hic
2112 2964 2178 3019 ad
2206 2965 2443 3022 litteram
2477 2973 2829 3042 accipiamus,
2873 2977 2999 3033 hinc
3031 2985 3384 3054 consequitur
3417 2961 3542 3043 san-

1993 3060 2136 3106 ctam
2169 3051 2443 3126 Virginem
2475 3059 2810 3130 reliquorum
2845 3064 3074 3143 fratrum
3107 3051 3229 3141 ejus
3270 3089 3392 3132 esse
3427 3093 3544 3132 mae

1914 3170 1961 3230 ο
1993 3146 2160 3205 trem;
2194 3158 2318 3198 cum
2359 3154 2538 3201 autem
2578 3150 2717 3204 nolit
2747 3151 2836 3207 hic
2867 3169 3155 3225 germanos
3197 3159 3394 3220 fratres
3420 3167 3540 3236 ejus

1989 3229 2319 3300 significari,
2367 3250 2542 3306 neque
2591 3241 2866 3310 sequelam
2897 3245 3041 3302 haud
3079 3251 3242 3308 dubie
3286 3229 3538 3312 admittit.

1983 3317 2050 3372 Et
2075 3334 2206 3376 sane
2233 3337 2341 3376 non
2371 3327 2646 3384 nesciebat
2672 3331 2758 3387 ille
2779 3343 3016 3391 veterum
3043 3339 3299 3398 Ecclesiae
3319 3343 3536 3402 Patrum

1982 3425 2100 3469 eam
2148 3417 2472 3472 sententiam
2505 3418 2696 3488 fuisse,
2722 3423 2948 3482 Mariam
2988 3433 3150 3489 unius
3174 3435 3378 3493 Christi
3415 3452 3538 3497 esse

1980 3510 2242 3570 matrem,
2275 3504 2625 3578 Tertulliani,
2665 3513 2958 3575 Clementis
2991 3522 3372 3594 Alexandrini,
3410 3529 3534 3586 Ori-

1979 3597 2169 3666 genis:
2194 3601 2287 3669 qui
2315 3609 2496 3658 tamen
2526 3615 2831 3675 postremus
2859 3613 3036 3668 innuit
3069 3621 3358 3677 nonnullos
3378 3639 3533 3682 secus

1978 3689 2271 3756 asstimar'e,
2325 3701 2379 3748 et
2409 3694 2644 3752 Eusebio
2691 3715 2893 3771 suppar
2931 3704 3163 3764 Basilius
3207 3725 3321 3766 rem
3375 3716 3530 3784 quasi

1977 3778 2220 3836 nondum
2259 3782 2534 3842 definitam
2571 3794 2846 3862 proponit.
2883 3795 3080 3853 Verum
3105 3799 3346 3860 Ecclesia
3378 3778 3529 3864 dein-

1977 3885 2104 3940 ceps
2155 3870 2210 3927 in
2253 3871 2556 3932 Helvidium
2600 3885 2922 3940 sententiam
2970 3888 3206 3957 ferente,
3268 3905 3531 3969 quotquot

1975 3959 2035 4016 Β.
2068 3963 2336 4035 Virginem
2371 3968 2508 4025 alios
2540 3982 2733 4042 praeter
2752 3975 3028 4034 Christum
3057 3983 3194 4041 tilios
3223 3959 3530 4061 suscepisse

1974 4053 2249 4122 dixerunt,
2280 4073 2380 4128 pro
2411 4060 2757 4122 heterodoxis
2779 4069 2964 4126 habiti,
2983 4082 3132 4130 sunt.

2211 4194 2269 4245 ν.
2295 4196 2401 4246 Non
2421 4201 2594 4250 statuit
2612 4203 2732 4254 duas
2750 4207 2800 4255 in
2823 4207 3015 4259 Christo
3037 4224 3286 4274 personas.

2038 4318 2248 4377 Passim
2279 4322 2547 4382 Eusebius
2581 4330 2636 4384 in
2666 4331 2751 4388 bis
2793 4340 3196 4396 commentariis
3221 4340 3290 4396 de
3328 4342 3524 4397 huma-

1970 4410 2140 4468 nitate
2162 4413 2398 4482 Christi,
2433 4421 2591 4490 quasi
2631 4422 2697 4479 de
2734 4441 2976 4494 persona
3014 4430 3247 4500 quadam
3283 4437 3518 4504 propria,

312 4487 531 4540 mittere
566 4487 852 4544 videatur:
891 4490 971 4546 sic
1004 4492 1060 4546 in
1091 4493 1204 4550 haec
1227 4499 1391 4553 verba
1421 4502 1614 4570 psalmi
1643 4519 1696 4570 ι,
1732 4505 1865 4562 Ecce
1895 4505 1940 4562 Β
1968 4500 2133 4555 verba
2171 4503 2351 4562 facere
2395 4509 2628 4576 videtur.
2683 4513 2816 4568 dum
2856 4521 3160 4576 εειοθηιίθε
3204 4521 3519 4592 humanam.

308 4577 450 4628 enim
479 4578 532 4630 in
559 4579 924 4649 iniquitatibus
946 4597 1218 4658 conceptus
1233 4607 1370 4655 sum,
1399 4595 1473 4648 ait
1498 4595 1730 4654 infantes
1756 4613 1864 4655 nou

308 4670 362 4724 in
392 4673 581 4729 matris
607 4675 1010 4746 iniquitatibus,
1039 4681 1134 4734 sed
1167 4682 1220 4736 in
1249 4685 1387 4749 suis,
1410 4687 1582 4742 nasci.

304 4802 387 4879 Ill.
420 4805 659 4879 .Anlputet
703 4810 781 4879 βε-
805 4810 1057 4879 Virginem
1091 4807 1217 4879 alios
1240 4825 1420 4879 prater
1454 4820 1694 4872 Christum
1739 4827 1866 4878 ﬁlios

361 4866 613 4945 hab‘uisse.
639 4871 831 4945 ς-Αντη
847 4866 1026 4924 Id'non
1049 4878 1186 4938 quasi
1203 4866 1356 4940 suam,
1373 4866 1861 4945 *ged'ah'iéiiiieﬁiﬁ

359 4930 658 4978 sententia
674 4935 854 4982 attulit.

369 5030 470 5087 Est
501 5033 638 5090 alius
667 5036 887 5093 Eusebii
919 5039 1093 5105 locus,
1130 5041 1184 5096 in
1214 5059 1322 5113 quo
1357 5047 1533 5116 prima
1573 5048 1751 5107 fronte
1779 5053 1858 5106 vi-

297 5123 495 5178 deatur
523 5126 766 5192 credere,
799 5140 892 5184 aut
919 5132 1193 5200 probabile
1223 5137 1535 5194 existimare
1563 5139 1621 5195 Β,
1657 5139 1856 5196 γιωω-

297 5217 436 5270 riam
477 5219 615 5273 alios
650 5231 843 5289 prteter
867 5223 1143 5281 Christum
1187 5227 1325 5284 lilios
1367 5232 1719 5301 suscepisse;
1765 5250 1856 5290 ve-

298 5321 422 5359 rum
469 5309 782 5364 accuratius
822 5312 1104 5382 explorata
1147 5315 1435 5373 verborum
1479 5319 1620 5374 serie
1661 5319 1854 5388 depre-

299 5399 562 5454 henditur
585 5401 734 5456 illum
762 5403 901 5458 hanc
930 5406 1252 5461 sententiam
1272 5409 1427 5478 quasi
1455 5412 1709 5475 alienam,
1741 5427 1850 5467 non

295 5505 422 5544 vero
461 5507 650 5555 suam,
693 5510 1014 5566 proponere.
1060 5496 1236 5555 Locus
1279 5502 1358 5556 sic
1390 5501 1549 5559 habet
1589 5503 1660 5575 ad
1709 5504 1851 5560 hunc

293 5583 430 5651 psal.
489 5599 913 5642 vamvcrsnm
948 5607 960 5643 :
1000 5609 1017 5641 ι
1041 5589 1341 5645 Extraneus
1380 5594 1552 5662 factus
1588 5613 1704 5650 sum
1735 5599 1849 5666 fra-

291 5677 462 5731 tribus
501 5680 664 5745 meis,
708 5689 755 5734 et
785 5683 1083 5753 peregrinus
1129 5684 1261 5754 ﬁliis
1311 5689 1496 5742 matris
1542 5705 1687 5745 mete.
1721 5711 1739 5743 ι
1790 5692 1848 5746 Si

289 5771 456 5840 igitur.
483 5773 847 5839 ﬁliosntatris
893 5776 1006 5846 ejus
1045 5776 1100 5830 in
1137 5777 1230 5832 hoc
1267 5778 1470 5848 psalmo
1513 5782 1842 5852 sic-vocatos,

1969 4606 2130 4660 quam
2162 4593 2412 4653 Christus
2453 4605 2749 4674 assumpsit
2790 4615 3072 4674 naturam,
3115 4611 3374 4670 hominem
3390 4617 3522 4673 Ser-

1867 4725 1870 4729 .
1967 4685 2194 4750 uatoris,
2235 4693 2290 4741 et
2330 4687 2590 4746 hominem
2629 4694 2826 4751 Christi
2878 4713 3198 4771 nuncupat,
3247 4715 3303 4762 et
3334 4707 3519 4764 alium

1967 4786 2000 4825 a
2028 4770 2206 4830 Verbo
2234 4775 2439 4834 Christi
2483 4782 2756 4840 hominem
2802 4788 3043 4846 indicare
3072 4770 3288 4850 videtur
3324 4815 3338 4852 :
3373 4800 3540 4869 quod.

1967 4865 2222 4936 loquendi
2268 4885 2440 4940 genus
2468 4875 2768 4931 secundum
2807 4879 2921 4934 haec
2959 4884 3144 4940 multis
3206 4865 3540 4948 nominibus-

1966 4969 2275 5028 suspectum
2298 4977 2419 5019 esse
2459 4968 2641 5036 erepit,
2679 4984 2804 5024 cum
2835 4972 3074 5031 haeretici
3103 4979 3348 5049 quidam,
3383 4982 3519 5040 Ver-

1963 5049 2092 5104 bum
2141 5051 2234 5108 Dei
2276 5053 2332 5110 in
2379 5055 2650 5113 hominem
2686 5077 2749 5116 es
2792 5062 2960 5119 Maria
3013 5077 3200 5124 natum
3228 5111 3243 5135 ,
3298 5076 3518 5144 perinde

1963 5151 2124 5212 atque
2172 5144 2299 5199 olim
2353 5147 2407 5201 in
2451 5153 2778 5221 prophetas,
2836 5157 3121 5218 advenisse
3167 5178 3512 5237 pugnarent:

1961 5235 2192 5292 maxime
2219 5253 2346 5293 vero
2371 5251 2577 5310 postea,
2607 5260 2729 5300 cum
2765 5248 2957 5304 borum
2979 5255 3223 5326 vestigiis
3256 5259 3513 5315 insistens

1959 5323 2282 5393 Nestorius,
2317 5331 2454 5388 duas
2489 5334 2544 5388 in
2567 5335 2788 5394 Christo
2816 5357 3080 5412 personas
3122 5364 3243 5406 esse
3287 5351 3515 5404 allirma-

1957 5425 2060 5470 ret.
2087 5416 2285 5475 Verum
2315 5431 2604 5495 antequam
2636 5429 2756 5486 hac.
2779 5431 2834 5488 in
2869 5449 2928 5490 re
2960 5451 3217 5495 novarent
3247 5440 3506 5505 haeretici,

1959 5507 2057 5566 SS.
2087 5508 2276 5568 Patres
2305 5515 2374 5570 ab
2397 5517 2480 5573 his
2508 5519 2757 5590 loquendi
2795 5528 3085 5596 generibus
3113 5547 3218 5586 non
3247 5532 3510 5590 abhorreo

1957 5601 2105 5656 bant.
2145 5605 2280 5661 Nam
2308 5608 2640 5669 Athanasius
2669 5617 2845 5672 virum
2880 5634 2948 5675 ex
2968 5619 3134 5674 Maria
3177 5630 3383 5689 natum,
3416 5624 3510 5680 lto-

1955 5699 2143 5754 minem
2171 5699 2536 5772 Dominicum,
2575 5723 2684 5763 non
2725 5711 2890 5766 semel
2927 5711 3235 5780 appellavit.
3274 5713 3510 5787 Epipha-

1955 5791 2080 5846 nius
2112 5793 2362 5848 similiter
2393 5795 2498 5852 hac
2523 5797 2774 5870 loquendi
2804 5801 3034 5857 formula
3060 5814 3144 5858 est
3171 5821 3322 5863 usus.
3367 5807 3506 5876 Quia
