4042 6210
423 285 488 340 5|
1100 289 1187 380 EU
1199 289 1367 345 SEBIl
1405 281 1876 345 (ῙᾹῘΞΑΒΙΕΝΞΙΞ
1909 288 2006 347 ΟΡ]

2106 288 2277 345 rans
2309 288 2394 343 ιιι.
2432 319 2502 328 -
2541 261 2965 342 exsomnes.
3567 279 3654 353 ,δε

426 415 561 460 tunc
595 406 858 476 temporis
896 422 1020 462 cum
1052 406 1185 461 nihil
1211 422 1272 462 ea
1313 405 1366 460 in
1410 422 1468 461 re
1499 405 1646 460 dubii
1677 407 1760 461 vel
1786 407 1993 462 erroris

2106 410 2207 464 ἴδια
2283 407 2488 462 ἑαυτῶν
2542 407 2773 470 ἕκαστος
2821 403 2891 458 τὰ
2953 403 3171 475 ῥήματα
3222 401 3319 471 τῆς
3373 397 3656 471 μετανοίας

427 505 578 554 esset
613 497 891 561 obortum,
934 499 1048 554 haec
1089 499 1208 553 ﬁdei
1258 498 1433 567 capita
1477 513 1585 552 non
1626 507 1784 552 erant
1830 498 1994 555 certis

426 592 719 646 verborum
761 591 1029 646 limitibus
1069 590 1504 661 circumscripta.
1556 588 1738 656 Quare
1779 605 1886 644 non
1915 591 1996 645 vi-

426 684 588 737 detur
616 681 893 739 Eusebius
913 697 974 738 ea
1007 681 1071 736 de
1105 696 1272 736 causa
1305 682 1358 735 in
1391 689 1603 736 novata:
1646 681 1769 736 fidei
1803 683 1988 752 suspi-

425 777 639 830 cionem
669 776 853 831 vocari
881 790 1054 843 posse.
1083 773 1255 829 Secus
1281 781 1466 829 tamen
1497 775 1635 829 bene
1662 774 1816 828 multi
1844 774 1995 830 aesti-

428 874 612 934 mant,
649 882 711 921 ac
737 867 1027 921 Eusebium
1061 866 1200 920 duas
1241 869 1297 919 in
1329 865 1554 921 Christo
1581 881 1848 935 personas
1885 875 1999 922 sta-

429 957 604 1013 tuisse
653 971 969 1028 persuasum
1020 955 1245 1010 habent.
1293 954 1500 1012 Verum
1552 972 1683 1010 cum
1733 973 1796 1012 ea
1828 957 1896 1012 de
1941 971 1999 1010 re

372 1081 376 1085 ρ
427 1047 647 1104 Eusebii
692 1057 934 1118 tempore
981 1047 1250 1103 nihildum
1285 1058 1696 1104 controversum
1727 1058 1822 1103 aut
1851 1064 1999 1119 quaa-

428 1140 591 1193 situm
626 1139 836 1203 fuisset,
869 1154 980 1194 non
1012 1138 1068 1193 in
1093 1147 1342 1209 promptu
1373 1147 1456 1195 est
1480 1139 1660 1196 dicere
1694 1139 2002 1195 novandine

426 1229 608 1284 studio
647 1245 711 1284 ac
743 1231 812 1286 de
847 1231 1119 1285 industria
1141 1271 1156 1295 ,
1201 1245 1270 1284 an
1319 1230 1688 1301 perfunctorie
1725 1241 1780 1288 et
1813 1231 1990 1286 obiter

427 1325 642 1378 locutus
675 1323 766 1378 sit.
804 1321 906 1376 Cui
938 1322 1226 1394 posteriori
1263 1323 1548 1378 sententia“:
1579 1323 1840 1378 libentius
1869 1323 2001 1380 asti-

425 1411 668 1479 pularer,
714 1409 845 1480 quia
895 1425 1005 1465 non
1063 1411 1232 1466 semel
1283 1411 1374 1465 ille
1421 1409 1482 1466 B.
1509 1410 1787 1483 Virginem
1837 1423 2004 1467 vocat

425 1499 690 1552 Θεοτόκον
733 1516 748 1550 :
795 1515 956 1568 quam
1005 1514 1184 1553 vocem
1231 1499 1595 1570 respuebant,
1645 1501 1737 1570 qui
1776 1500 1915 1558 duas
1949 1501 2005 1558 in

427 1594 654 1648 Christo
696 1607 960 1662 personas
1005 1607 1126 1647 esse
1170 1593 1604 1648 arbitrabantur.
1655 1593 1773 1648 Vox
1821 1600 2001 1650 autem

432 1685 522 1738 illa
573 1684 787 1740 Eusebii
851 1690 1097 1755 tempore
1150 1698 1180 1736 a
1223 1682 1481 1739 Patribus
1532 1684 2001 1756 frequentabatur.

435 1776 686 1832 Occurrit
710 1776 854 1830 enim
887 1776 941 1829 in
976 1775 1204 1844 epistola
1232 1776 1526 1832 Alexandri
1550 1776 1902 1832 Alexandrini
1936 1777 2002 1832 ad
2036 1756 2079 1811 Β

432 1869 802 1924 Alexandrum
830 1867 1207 1940 Byzantinum,
1238 1878 1292 1924 et
1330 1869 1475 1941 apud
1496 1869 1854 1927 Athanasium
1895 1867 2001 1926 ire-

429 1959 811 2031 qucntissime.

581 2073 668 2126 VI.
695 2075 820 2135 Quid
840 2075 905 2124 de
939 2074 1249 2126 confessione
1278 2079 1590 2138 peccatorum
1612 2078 1845 2125 senserit.

504 2181 689 2250 Neque
715 2187 843 2250 puto
869 2181 996 2236 item
1035 2182 1091 2235 in
1109 2181 1202 2251 jus
1230 2181 1538 2236 vocandum
1565 2180 1860 2236 Eusebium
1882 2193 2006 2235 esse

429 2274 576 2342 quod
609 2273 675 2327 ad
709 2273 976 2342 psalmum
1007 2287 1115 2336 xei,
1147 2272 1355 2327 Bonum
1384 2283 1461 2328 est
1495 2271 1734 2343 conﬁteri
1754 2270 2000 2333 Domino,

427 2365 623 2419 dixerit
648 2364 790 2417 :Kal.
822 2362 930 2435 γὰρ
955 2366 1225 2436 προσήκει
1255 2365 1337 2436 μὴ,
1364 2363 1672 2436 ἀνθρώποις
1703 2363 2006 2416 ἐπιδείκνυ-

430 2457 554 2511 σθαι
599 2457 698 2528 τὴν
727 2456 1155 2528 ἐξομολόγησιν..
1188 2457 1242 2512 id
1271 2465 1355 2513 est
1385 2473 1396 2508 :
1431 2457 1540 2510 Par
1571 2456 1755 2527 quippe
1800 2462 2006 2509 estnon

429 2547 727 2602 hominibus
761 2548 1164 2616 confessionem,
1192 2557 1538 2619 peccatorum
1567 2548 1802 2613 scilicet,
1831 2546 2011 2601 edere.

433 2641 534 2695 llic
585 2643 728 2695 enim
756 2641 867 2712 agit
898 2641 965 2696 de
997 2642 1190 2712 prisca:
1237 2643 1385 2699 illius
1427 2641 1687 2698 Ecclesia:
1727 2643 1858 2706 ritu,
1897 2655 2006 2708 quo

429 2730 717 2786 Dominica
772 2731 859 2787 die
894 2732 1079 2802 primo
1124 2731 1370 2787 diluculo
1429 2733 1483 2785 in
1529 2731 1772 2795 ecclesia
1831 2730 2003 2788 coacti

426 2823 725 2878 Christiani
753 2819 960 2892 populi,
990 2821 1098 2879 Deo
1132 2821 1560 2887 conﬁtebantur,
1592 2837 1715 2876 cum
1754 2829 2008 2891 peccato-

425 2932 550 2971 rum
595 2915 786 2971 sordes
817 2931 912 2985 per
945 2914 1214 2969 sinceram
1255 2914 1320 2968 ad
1353 2914 1520 2969 Deum
1570 2915 1828 2969 emissam
1867 2927 2005 2967 con-

429 3008 728 3062 fessionem
780 3007 1149 3076 deplorantes,
1185 3013 1300 3058 tum
1332 3020 1434 3076 pro
1463 3005 1677 3060 collatis
1725 3004 2006 3059 beneficiis

2098 501 2450 572 ποιούμενοι,
2487 500 2588 554 hoc
2635 507 2720 554 est
2755 495 2892 554 :Die
2941 497 3057 565 jam
3109 493 3435 548 illucescente
3480 508 3655 545 omnes

2097 595 2288 658 simul,
2342 593 2494 664 quasi
2548 608 2650 644 uno
2697 606 2785 644 ore
2831 598 2880 643 et
2925 605 3029 642 uno
3074 586 3260 652 corde,
3309 585 3655 655 confessionis

2097 688 2363 758 psalmum
2396 686 2617 741 Domino
2647 683 2902 753 referunt,
2932 681 3126 752 singuli
3160 680 3474 750 pmnitentia:
3504 675 3658 733 ver’ba

2100 781 2254 850 quasi
2303 797 2400 833 sua
2445 778 2786 847 proferentes.
2829 775 2954 830 Βαξο
2997 789 3103 828 una
3138 772 3413 828 confessio
3447 779 3552 836 est,
3591 771 3660 850 de

2099 887 2209 942 qua
2239 871 2328 925 bic
2356 870 2625 926 Eusebius
2663 869 2791 940 agit.
2837 866 2972 920 Nam
3011 864 3413 920 confessionem
3450 854 3658 919 'saltem

2101 963 2370 1034 publicam
2405 961 2614 1016 homini
2644 959 2944 1014 faciendam
2983 973 3050 1012 ne
3081 954 3394 1012 heterodoxi
3439 954 3657 1025 quidem

2103 1055 2351 1110 hodierni
2388 1061 2517 1108 tunc
2561 1053 2614 1107 in
2654 1067 2802 1106 more
2851 1050 3017 1105 fuisse
3066 1053 3282 1118 negant.
3322 1045 3502 1113 Quare
3535 1061 3660 1100 cum

2103 1148 2194 1203 hic
2252 1145 2470 1200 Eusebii
2524 1145 2679 1198 locus
2724 1158 2832 1197 non
2886 1141 3057 1212 magis
3116 1146 3308 1194 contra
3357 1137 3659 1208 privatam,

2104 1254 2265 1310 quam
2304 1245 2493 1293 contra
2526 1235 2796 1306 publicam
2821 1233 3219 1289 confessionem
3250 1230 3433 1286 alierri
3464 1230 3661 1295 valeat,

2104 1344 2351 1390 neutram
2391 1347 2520 1387 vere
2558 1330 2794 1400 impetit.
2828 1328 2986 1383 Certe
3030 1327 3086 1381 in
3127 1325 3368 1379 Historia
3412 1323 3662 1380 ecclesia-

2107 1426 2244 1480 sticc
2279 1424 2447 1494 legem
2480 1419 2771 1476 confitendi
2804 1425 3025 1489 peccata
3057 1419 3145 1482 iis,
3173 1417 3370 1486 quibus
3416 1413 3662 1471 solvendi

2110 1518 2340 1573 facultas
2392 1514 2756 1577 conceditur,
2811 1519 2995 1581 aperte
3047 1518 3312 1566 memorat
3363 1507 3656 1563 Eusebius:

2107 1625 2233 1665 nam
2295 1609 2362 1662 de
2407 1607 2655 1676 Philippo
2718 1605 3045 1673 imperatore
3093 1617 3260 1672 agens
3317 1600 3428 1655 hac
3477 1599 3662 1666 habet,

2108 1705 2146 1758 ι.
2168 1717 2252 1766 ιιι,
2285 1717 2332 1756 c.
2362 1701 2431 1756 '54
2455 1699 2681 1753 εΤοῦτον
2709 1695 2928 1765 κατέχει
2955 1694 3132 1762 λόγος,
3159 1692 3480 1764 Χριστιανὸν
3514 1691 3664 1754 ὄντα,

2104 1796 2163 1846 ὲν
2203 1792 2384 1863 ἡμέρᾳ.
2421 1790 2520 1859 τῆς
2563 1788 2795 1856 ὑστάτης
2833 1785 2926 1839 τοῦ
2964 1785 3153 1854 Πάσχα
3199 1782 3534 1852 παννυχίδος,
3559 1780 3667 1834 τῶν

2103 1883 2196 1938 ἐπὶ
2227 1883 2323 1954 τῆς
2360 1878 2681 1952 Ἐκκλησίας
2705 1877 2876 1947 εὐχῶν
2906 1876 2986 1946 τῷ
3013 1873 3203 1946 πλήθει
3234 1876 3519 1946 μετασχεῖν
3552 1873 3670 1926 ἐθε-

2100 1977 2303 2049 λῆσαισ-
2331 1977 2391 2030 οὐ
2418 1974 2681 2046 πρότερον
2710 1971 2766 2024 δὲ
2798 1970 2902 2023 ὑπὸ
2925 1967 3018 2023 τοῦ
3049 1968 3300 2040 τηνικάδε
3331 1965 3668 2037 προεστῶτος

2102 2066 2470 2139 ἐπιτραπῆναι
2501 2061 2791 2124 εἰσϐαλεῖν,
2825 2059 2858 2130 ἦ
2891 2057 3403 2130 ἐξομολογήσασθαι,
3431 2055 3526 2109 καὶ
3553 2057 3668 2114 τοῖς

2104 2164 2162 2216 ἐν
2190 2156 2628 2231 παραπτώμασιν
2674 2149 3110 2220 ὲξεταζομένοις,
3149 2147 3428 2219 μετανοίας
3467 2163 3528 2198 τε
3565 2143 3672 2218 χώ-

2107 2267 2204 2323 ραν
2239 2249 2498 2318 ἴσχουσιν,
2544 2241 2734 2298 ἑαυτὸν
2780 2239 3108 2304 καταλέξαι·
3149 2237 3320 2300 ἄλλως
3344 2237 3451 2308 γὰρ
3489 2237 3561 2308 μὴ
3603 2237 3672 2292 ἄν

2105 2359 2236 2396 ποτε
2284 2340 2420 2412 πρὸς
2464 2336 2668 2392 αὑτοῦ.
2717 2333 2798 2405 μὴ
2836 2332 2957 2402 ούχὶ
3005 2331 3158 2384 τοῦτο
3203 2331 3532 2401 ποιήσαντα,
3583 2329 3672 2384 διὰ

2105 2436 2304 2500 πολλὰς
2325 2434 2431 2488 τῶν
2452 2434 2569 2486 κατ’
2601 2430 2760 2485 αὑτὸν
2783 2427 2976 2491 αἰτίας,
3014 2425 3434 2498 παραδεχθῆναι,
3470 2425 3523 2480 id
3551 2432 3668 2480 est:

2107 2531 2384 2586 Narratur
2429 2528 2598 2588 hunc,
2640 2523 2974 2578 Christianus
3009 2536 3127 2573 cum
3166 2527 3328 2581 esset,
3375 2519 3436 2572 in
3461 2518 3545 2572 die
3573 2533 3669 2586 po-

2106 2625 2288 2679 stremi
2321 2621 2541 2676 Paschte
2579 2615 2860 2689 pervigilii,
2887 2613 3247 2684 precationum
3276 2610 3526 2666 Ecclesia:
3553 2627 3670 2664 eum

2107 2718 2311 2789 reliqua
2357 2710 2697 2768 multitudine
2743 2707 3055 2778 participem
3097 2704 3212 2773 ﬁeri
3257 2703 3489 2756 voluisse
3522 2717 3548 2754 :-
3581 2699 3670 2754 sed

2107 2829 2216 2865 non
2243 2809 2392 2879 prius
2422 2805 2469 2859 ei
2509 2803 2572 2858 ab
2603 2820 2684 2866 eo,
2715 2800 2804 2872 qui
2833 2798 2987 2854 isthic
3015 2804 3270 2866 praterat,
3307 2793 3511 2846 aditum
3549 2807 3674 2844 con-

2109 2918 2310 2958 cessum
2341 2899 2524 2970 fuisse,
2551 2911 2709 2966 quam
2743 2891 3011 2962 confessus
3039 2897 3194 2968 esset,
3231 2903 3293 2940 ac
3321 2886 3387 2939 iis
3418 2885 3510 2954 qui
3540 2882 3674 2950 lapsi

2110 2999 2328 3068 fuerant
2351 3003 2400 3047 et
2434 2991 2490 3044 in
2520 2987 2880 3056 pmnitentium
2918 2982 3101 3036 ordine
3132 2977 3367 3042 stabant,
3397 2993 3452 3031 se
3483 2974 3677 3045 adjun-

430 3101 544 3156 Deo
572 3101 778 3169 gratias
816 3070 1076 3170 a-gentes:
1114 3114 1248 3153 nam:
1291 3070 1522 3169 utroque
1577 3099 1738 3153 modo
1784 3097 1998 3153 confes-
2024 3103 2068 3161 c
2099 3094 2282 3146 :risset.
2327 3085 2573 3154 Alioquin
2605 3082 2668 3135 ob
2694 3097 2756 3134 ea
2785 3093 2900 3170 qua?
2928 3073 3219 3170 admiserat
3252 3070 3508 3170 crimina,
3544 3084 3679 3170 nun-

432 3193 643 3245 sionem
677 3190 762 3245 edi
794 3206 900 3246 non
933 3191 1100 3246 semel
1137 3189 1299 3245 docet
1320 3189 1618 3246 Eusebius-
1639 3189 1794 3256 Quod
1823 3199 2002 3245 autem

431 3284 502 3338 de
533 3281 622 3335 illa
670 3290 879 3336 tantum
927 3283 1273 3338 confessione
1316 3282 1607 3347 matutina,
1639 3283 1694 3336 in
1735 3289 1880 3338 coetu
1913 3297 2004 3337 ec-

429 3375 612 3447 ebsia:
661 3375 915 3440 edenda,
964 3375 1054 3430 hic
1107 3386 1230 3447 agat
1254 3374 1556 3441 Eusebius,
1607 3375 1888 3445 propalam
1936 3388 2002 3428 ex

432 3467 870 3538 przecedentibus
904 3477 1011 3524 est.
1045 3467 1180 3524 Nam
1214 3485 1337 3524 cum
1371 3471 1624 3538 psalmus.
1663 3469 1773 3534 ille,
1804 3467 2004 3523 inscri-

427 3572 574 3629 plus,
618 3563 682 3615 In
711 3561 806 3615 die
837 3560 1084 3625 Sabbati,
1128 3562 1207 3617 sic
1242 3560 1539 3617 exordium.
1573 3561 1766 3626 ducat,
1799 3559 2003 3615 Bonum

426 3663 505 3707 est
545 3655 788 3723 conﬁteri
833 3653 1089 3716 Domino.
1130 3654 1221 3708 hic
1255 3653 1555 3708 Sabbatum
1591 3667 1692 3723 pro
1723 3652 2005 3708 deinica

428 3745 671 3814 positum
725 3759 1088 3808 asseverans,
1143 3743 1362 3798 nonnisi
1404 3743 1471 3798 de
1521 3742 2007 3799 matutinoDomi-

429 3835 571 3889 nicas
618 3843 885 3889 conventu
944 3842 1241 3904 pertractat
1303 3835 1432 3899 ille;
1473 3835 1554 3888 sic
1604 3834 1748 3888 enim
1805 3834 2001 3890 habet:

432 3926 610 3990 Quare
649 3935 706 3979 ut
750 3925 948 3982 ea~die~
979 3927 1346 3980 conveniamus
1397 3925 1649 3979 traditum
1706 3926 1853 3981 nobis
1903 3917 2005 3987 est,

431 4027 482 4071 et
517 4034 580 4071 ea
611 4034 728 4088 qua:
759 4019 813 4071 in
844 4017 1050 4086 psalmo
1070 4017 1328 4088 jubentur
1370 4016 1517 4071 nobis
1559 4017 1770 4087 exsequi
1815 4033 2009 4086 pra’ce-

430 4121 582 4179 ptnm
631 4118 743 4176 est,
784 4127 1009 4180 quorum
1053 4111 1280 4179 primum
1327 4118 1405 4164 est
1456 4111 1718 4180 conﬁteri.
1779 4109 2010 4179 Moxque

433 4201 697 4273 adjicitur
739 4202 830 4257 illa
868 4204 1123 4273 superius
1155 4204 1320 4258 allata
1354 4204 1623 4262 clausula.
1671 4218 1777 4273 qua
1806 4202 2010 4258 dicitur

429 4313 535 4367 par
588 4312 698 4351 non
751 4312 876 4352 esse
921 4295 1265 4362 hominibus,
1320 4295 1531 4352 scilicet
1570 4294 2006 4351 Christianorum

431 4388 622 4453 nmtui,
658 4385 932 4450 confiteri,
974 4385 1068 4441 sed
1098 4385 1226 4442 Deo.
1283 4385 1414 4452 Quae
1452 4393 1759 4456 sequuntur
1806 4385 2010 4455 pariter

2105 3197 2264 3255 quam
2304 3177 2369 3231 ab
2410 3175 2505 3229 illo
2546 3170 2814 3225 admissus
2861 3167 3066 3237 fuisset.
3118 3161 3222 3217 Ubi
3272 3155 3680 3255 vides,.‘testift-:

2107 3249 2265 3330 caute
2303 3266 2571 3334 Eusebio,
2613 3260 3016 3318 confessionem
3063 3262 3421 3326 peccatorum
3469 3249 3683 3306 homini.

2108 3367 2330 3426 factam,
2377 3356 2749 3414 necessariam
2809 3365 3048 3422 prorsus.
3091 3347 3293 3403 luisse..
3331 3345 3408 3399 Eo
3454 3342 3680 3413 respicit

2108 3461 2236 3515 item
2282 3453 2428 3526 quod
2471 3449 2638 3505 habet
2681 3446 2768 3500 his
2819 3443 2874 3497 in
2923 3438 3332 3496 commentariis
3372 3436 3676 3500 Eusebius,

2107 3551 2245 3622 psal.
2282 3561 2491 3607 xxxvii,
2535 3540 2602 3595 ad
2627 3537 2955 3594 versiculum
2983 3534 3053 3589 5:
3080 3533 3354 3624 Quoniam
3375 3528 3679 3600 iniquitates

2109 3660 2237 3700 mea:
2265 3650 2616 3710 supergressa:
2643 3642 2765 3687 sunt
2795 3637 2949 3698 caput
2976 3642 3164 3689 meum,
3199 3625 3334 3677 sicut
3363 3638 3492 3677 onus
3523 3635 3680 3691 grave

2109 3743 2340 3808 gravata:
2364 3739 2485 3785 sunt
2517 3741 2671 3797 super
2697 3740 2799 3777 me.
2830 3720 3298 3781 Putruerunt,etc.
3327 3713 3425 3767 Διὰ
3454 3712 3676 3775 τούτων,

2110 3803 2310 3900 inquit,
2343 3824 2580 3878 διδάσκει
2621 3818 2765 3888 ἡμᾶς
2799 3816 2827 3868 ὁ
2850 3813 3029 3880 λόγος,
3064 3810 3137 3880 μὴ
3169 3807 3429 3879 κρύπτειν
3459 3803 3528 3858 τὰ
3555 3805 3682 3900 εαυ-

2109 3897 2217 3976 τῶν
2261 3918 2438 3979 κακὰ,
2495 3915 2612 3987 μηδ’
2652 3911 2841 3980 ὥσπερ
2887 3905 3014 3960 τινὰ
3056 3902 3309 3987 μελανίαν
3370 3899 3488 3987 και
3517 3897 3684 3968 amt»

2111 4005 2260 4062 sta-cit
2298 3985 2505 4074 padcus
2537 3999 2638 4068 τῆς
2675 3995 2854 4066 ψυχῆς
2902 3989 3153 4060 συνέχειν
3179 3987 3248 4040 τὰ
3280 3985 3675 4056 ἁμαρτήματα,

2110 4101 2214 4155 hoc
2245 4105 2329 4153 est
2363 4115 2376 4150 :
2406 4095 2500 4148 His
2531 4099 2796 4152 docemur,
2841 4104 2903 4141 ne
2945 4081 3087 4137 mala
3110 4079 3427 4136 occultemus
3470 4086 3684 4138 nostra,

2111 4205 2208 4242 neu
2231 4192 2446 4256 peccata
2477 4199 2574 4238 ceu,
2592 4178 2867 4252 quemdam
2907 4176 3168 4245 nigrorem
3210 4178 3259 4224 et
3294 4166 3686 4236 corruptionem

2111 4283 2166 4334 in
2199 4281 2383 4336 intimo
2436 4276 2627 4331 anima:
2684 4270 3082 4326 concludamus.
3143 4262 3262 4318 Non
3310 4260 3429 4315 Deo
3472 4266 3686 4321 autem,

2113 4375 2204 4429 cui
2241 4385 2500 4427 arcanum
2548 4368 2714 4430 nihil,
2764 4365 3303 4430 occultarepeccata
3357 4360 3530 4416 vetat;
3579 4348 3688 4404 sed.

441 4479 510 4534 ad
545 4479 876 4533 matutinum
914 4477 1066 4532 illum
1111 4486 1441 4532 conventum
1483 4477 1774 4547 pertinent.
1823 4475 1896 4528 Ea
1925 4482 2006 4532 est

2116 4466 2433 4522 hominibus
2463 4461 2558 4533 qui
2590 4469 2646 4516 et
2674 4455 2924 4513 medendi
2955 4463 3009 4510 et
3039 4455 3261 4522 peccata
3299 4441 3544 4502 solvendi
3581 4456 3678 4512 pm

433 4568 601 4638 igitur
627 4567 844 4624 Eusebii
877 4566 1168 4629 sententia,
1194 4575 1578 4637 non-oportere
1605 4568 1662 4619 in
1685 4573 1829 4621 cmtu
1851 4565 2006 4620 Chri-

434 4661 762 4723 stianorum,
814 4673 878 4711 ac
931 4660 985 4710 in
1037 4659 1320 4714 matutinis
1377 4661 1737 4715 conventibus
1787 4667 2009 4728 peccata

437 4752 655 4820 publice
689 4757 743 4803 et
790 4749 895 4802 alta
937 4764 1070 4803 voce
1122 4749 1391 4814 confiteri,
1424 4752 1517 4805 sed
1569 4753 1660 4805 nni
1699 4751 1810 4806 Deo
1843 4751 2009 4806 corda

436 4841 704 4896 scrutanti
749 4840 1142 4894 conscientiam
1191 4841 1418 4910 aperiret
1457 4857 1633 4896 suam.
1677 4844 1776 4896 Cui
1809 4843 2014 4896 accinit

439 4933 677 4987 Basilius
725 4933 780 4986 in
831 4934 1070 5002 epistola
1110 4934 1176 4988 ad
1223 4931 1727 4999 Neocazsarienses,
1782 4935 1874 4989 ubi
1931 4936 2009 4990 sic

433 5025 596 5079 habet
623 5041 652 5078 ε’
680 5025 773 5078 Ἐκ
814 5023 1005 5089 νυκτὸς
1048 5024 1156 5098 γὰρ
1203 5025 1444 5098 όρθρίζει
1487 5027 1615 5096 παρ’
1663 5029 1791 5098 ἡμῖν
1827 5030 1855 5080 ὁ
1886 5027 2010 5091 λαὸς

435 5117 528 5169 ἐπὶ
573 5115 664 5169 τὸν
712 5113 860 5170 οἷκον
893 5117 990 5187 τῆς
1019 5118 1327 5189 προσευχῆς
1349 5159 1362 5182 ,
1412 5119 1504 5174 καὶ
1549 5120 1606 5172 ἐν
1639 5120 1793 5191 πόνῳ·
1827 5121 1920 5174 x-ui.
1951 5122 2009 5172 ὲν

436 5208 612 5276 Θλίψει
658 5209 751 5261 καὶ
791 5210 848 5262 ἐν
900 5213 1091 5281 συνοχῇ
1135 5210 1383 5282 δακρύων
1429 5211 1903 5283 ἐξομολογούμενοι
1933 5210 2010 5281 τῷ

434 5299 592 5369 Θεῷ,
640 5299 692 5354 id
748 5308 836 5355 est
871 5320 882 5355 :
914 5301 958 5354 Α
1003 5311 1150 5357 nocte
1206 5302 1347 5370 apud
1395 5321 1488 5358 nos
1535 5305 1756 5373 populus
1801 5305 2008 5374 vigilias

435 5397 544 5461 nuit
589 5394 644 5447 in
689 5393 843 5449 domo
889 5397 1182 5459 orationis,
1239 5415 1300 5449 ac
1351 5398 1406 5451 in
1455 5398 1654 5458 labore,
1700 5398 2012 5451 contritione

434 5497 483 5536 ct
513 5487 872 5557 lacrymarum
906 5491 1233 5545 contentione
1262 5491 1583 5560 conﬁtentur
1606 5489 1714 5544 Deo
1745 5507 1762 5543 :
1791 5498 1845 5545 et
1877 5505 2012 5558 pau-

434 5582 527 5632 cis
553 5579 851 5649 interjeclis
883 5601 897 5638 :
936 5583 1178 5655 Ἡμέρας
1199 5585 1299 5655 ἤδη
1331 5583 1777 5653 ύπολαμπούσης,
1814 5581 2012 5643 πάντες

439 5671 591 5737 κοινῇ
613 5707 627 5730 ,
673 5672 746 5734 ὡς
775 5673 834 5738 ἐξ
874 5672 990 5737 ἑνὸς
1026 5676 1292 5745 στόματος
1341 5676 1434 5728 καὶ
1463 5675 1592 5745 μιᾶς
1637 5674 1884 5745 καρδίας.
1922 5673 2010 5726 τὸν

441 5758 538 5829 τῆς
586 5757 1017 5833 ἐξομολογήσεως
1055 5766 1265 5837 ψαλμὸν
1312 5766 1635 5836 ἀναφέρουσι
1689 5765 1764 5836 τῷ
1801 5764 2006 5836 Κνρῖφς

2113 4567 2312 4615 testate
2336 4555 2522 4613 donati
2555 4559 2703 4608 sunt.

2701 4683 2926 4740 CAPUT
2959 4681 3090 4739 Vill.

2110 4823 2177 4863 DE
2211 4821 2277 4861 IIS
2300 4820 2416 4868 ρυλες
2461 4818 2526 4855 AD
2581 4812 2849 4853 ECCLESIE
2890 4809 3228 4851 DISCII’DINAM
3262 4805 3559 4847 PER'IINENT
3607 4802 3672 4839 ΕΧ

2321 4889 2500 4928 VARUS
2546 4884 2726 4924 HORUM
2754 4880 3261 4921 COIIENTABIOMI.
3296 4876 3465 4917 LOCIS.

2116 4992 2162 5048 I.
2198 4990 2436 5045 Ecclesia
2479 5001 2746 5055 nunquam
2768 4983 2940 5037 variat
2963 4981 3016 5035 in
3034 4972 3542 5055 pra'cipuis._fl..“De
3561 4987 3680 5055 con-

2465 5040 2891 5112 Christianorum
2931 5040 3232 5122 ntatutinij.
3435 5043 3530 5122 De‘
3555 5040 3679 5122 adp:

2185 5112 2342 5185 randi
2369 5130 2474 5182 ritu
2498 5128 2550 5179 in
2575 5124 2814 5178 Ecclesia
2849 5122 3136 5193 singularis
3166 5118 3379 5193 Eusebii
3407 5124 3474 5193 et
3489 5112 3678 5193 Basilii

2183 5183 2440 5255 sententia
2466 5197 2803 5264 explanatur.
2833 5183 2957 5248 ιγῖ
2982 5191 3206 5262 Inﬁnita
3246 5191 3389 5244 dona
3429 5183 3678 5238 Ecclesiis

2188 5270 2398 5324 Eusebii
2429 5279 2654 5334 tempore
2677 5264 2908 5320 collata-

2323 5385 2361 5432 Ι.
2397 5383 2614 5432 Ecclesia
2647 5395 2894 5444 nunquam
2928 5381 3080 5429 variat
3107 5380 3155 5428 in
3185 5375 3463 5439 praecipuis.

2183 5487 2486 5543 Occasione
2528 5486 2704 5541 solum
2736 5501 2905 5557 pauca
2937 5484 3204 5539 Eusebius
3237 5482 3408 5552 tangit
3435 5477 3682 5547 et‘explix-

2113 5589 2224 5645 cat,
2248 5596 2368 5651 qua-
2397 5581 2462 5634 ad
2493 5581 2589 5635 aevi
2647 5583 2730 5636 sui
2783 5579 3123 5648 disciplinam
3145 5583 3415 5644 spectant,
3455 5583 3699 5641 quaeque-

2117 5691 2218 5729 nos
2244 5674 2297 5728 in
2325 5673 2542 5727 lectoris
2601 5671 2945 5728 commodqu
2983 5684 3086 5725 una
3134 5665 3500 5722 conferemus.
3533 5661 3694 5714 Licet

2119 5767 2259 5822 enim
2285 5765 2340 5818 in
2375 5763 2534 5820 rebus
2561 5762 2850 5835 praecipuis
2877 5771 2932 5817 ct
2962 5759 3284 5832 capitalibus
3317 5771 3424 5812 una
3469 5765 3689 5822 scmpcn
