4042 6210
369 174 446 229 ἒἶῆ

1146 173 1645 232 COMMENTARIA
1691 177 1754 232 IN
1793 176 2211 235 PSALMOS..——
2252 181 2790 240 Pii/ELIMINARIA.
3530 191 3598 243 5-5

370 283 633 343 Ecclesiae
660 287 1018 354 consuetudo,
1047 290 1180 346 ritus
1203 309 1340 348 unus
1363 293 1542 358 fuerit,
1572 294 1626 348 in
1665 293 1730 348 iis
1752 302 1916 349 tamer

2031 298 2430 369 κεχωρημὲνως·
2454 299 2745 374 ἱδιάζοντᾳς
2769 306 3105 373 προσκυνεῖν,
3119 301 3228 356 ἀλλ’
3251 303 3597 370 ἀπαντῶντας

372 395 494 449 quae
517 381 586 435 ad
615 391 898 436 externum
949 398 1148 439 morem
1206 385 1550 456 minoresque
1587 388 1941 442 caeremonias

370 471 670 540 pertinent,
720 479 774 527 et
800 481 1098 543 temporum
1139 483 1192 529 et
1238 475 1477 531 locorum
1517 479 1939 535 consuetudines

369 562 540 616 varia:
588 561 967 628 observantur,
1007 581 1125 634 qua:
1175 566 1382 623 scilicet
1433 579 1685 639 possunt,
1735 570 1937 625 illibata

370 656 694 711 Christiana
720 657 998 729 religione,
1021 661 1235 714 mutari.

549 768 610 818 ll:
635 769 708 819 De
733 771 1053 826 conventibus
1081 773 1468 827 Christianorum
1491 781 1758 828 matutinis.

446 873 599 938 Quod
652 876 892 946 plerique
931 877 1235 946 priscorum
1303 881 1556 937 Ecclesiae
1606 883 1944 953 scriptorum

377 965 598 1018 tradunt
624 965 692 1021 de
721 970 1081 1025 conventibus
1123 971 1560 1028 Christianorum
1596 975 1651 1029 in
1676 976 1941 1041 ecclesia,-

377 1054 648 1111 Dominica
678 1058 766 1114 die
785 1061 1047 1115 celebrari
1079 1062 1275 1127 solitis,
1308 1064 1482 1133 deque
1516 1067 1658 1120 sacri
1687 1069 1932 1137 corporis

372 1149 571 1204 Christi
594 1151 794 1207 ibidem
820 1154 1019 1208 usitata
1069 1159 1438 1226 comestione;
1498 1159 1550 1214 id
1575 1160 1928 1218 Eusebius'm

371 1240 537 1295 variis
565 1240 758 1296 horum
791 1247 1305 1303 commentariorum
1334 1250 1470 1307 locis
1502 1267 1603 1306 nec
1636 1253 1812 1309 obiter
1836 1270 1930 1310 ex-

368 1331 553 1400 plicat.
590 1332 649 1388 ln
675 1351 826 1391 more
875 1338 1075 1408 quippe
1107 1350 1239 1395 tunc
1272 1351 1410 1407 erat,
1444 1353 1502 1398 ut
1541 1343 1820 1402 Dominica
1843 1348 1930 1405 die

363 1422 666 1481 Christiani
692 1442 882 1486 omnes
911 1439 1160 1486 exortum
1189 1434 1321 1490 solis
1338 1442 1741 1492 anteverterent
1765 1447 1818 1493 et
1861 1441 1926 1495 ad

369 1515 661 1571 ecclesiam
717 1529 1094 1590 properarent,
1150 1523 1262 1578 ubi-
1297 1526 1927 1586 matutinos‘conventus

361 1609 645 1666 exoriente
672 1609 794 1665 luce
847 1616 957 1665 una
1012 1615 1187 1669 coacti
1247 1615 1732 1684 celebrabant;ut,
1758 1621 1810 1674 in
1841 1621 1928 1678 die

362 1702 762 1757 resurrectioni'
808 1703 1025 1758 Domini
1043 1715 1396 1771 consecrata,
1442 1725 1601 1765 sacro
1658 1711 1924 1768 Dominici

360 1795 614 1864 corporis
639 1794 763 1849 cibo
795 1797 1021 1862 refecti,
1066 1799 1260 1869 pignus
1292 1799 1554 1858 luturzeet
1592 1803 1926 1874 gloriosae‘in

362 1899 532 1939 carne
557 1886 974 1943 resurrectionis
1019 1891 1325 1960 acciperent
1353 1908 1365 1943 :
1415 1909 1627 1964 unoque
1658 1905 1925 1953 concentu

366 1976 536 2032 Deum
568 1978 921 2034 et'Christum
971 1983 1331 2048 celebrarent,
1358 2002 1455 2056 pro
1489 1988 1648 2044 bonis
1688 1993 1928 2062 acceptis

365 2065 574 2135 gratias
629 2077 870 2138 agerent,
923 2086 1022 2141 pro
1068 2076 1396 2131 necessariis
1425 2085 1535 2131 tum
1579 2079 1774 2136 animae
1810 2092 1924 2138 tum

359 2158 597 2217 corpori.
639 2158 807 2214 Deum
867 2161 1064 2219 obnixe
1113 2175 1489 2236 precarentur.
1524 2169 1596 2224 De
1631 2171 1714 2227 liis
1745 2173 1926 2244 itaque

355 2251 720 2305 conventibus
775 2252 888 2305 lucc
939 2253 1100 2308 habet
1149 2252 1413 2308 Eusebius
1481 2254 1533 2306 in
1596 2259 1728 2322 psal.
1787 2271 1916 2319 xxt,

351 2357 495 2398 vers.
539 2343 608 2398 50
651 2361 665 2397 :
699 2361 717 2394 ι
766 2342 1215 2400 Manducaverunt
1257 2355 1307 2399 et
1345 2347 1696 2400 adoraverunt
1743 2364 1916 2406 omnes

351 2433 567 2503 pingues
597 2444 767 2498 terrte,
796 2445 844 2488 et
871 2437 925 2489 in
952 2447 1223 2506 conspectu
1249 2435 1363 2506 ejus
1385 2436 1588 2503 cadent,
1610 2446 1716 2493 etc.
1747 2459 1764 2490 ›
1793 2437 1918 2494 Sin-

353 2517 492 2585 gulis
535 2521 935 2575 resurrectionis
985 2523 1282 2579 Saluatoris
1330 2528 1497 2581 nostri
1545 2529 1763 2597 diebus,
1806 2549 1923 2603 qua:

353 2605 644 2664 Dominicte
665 2623 935 2675 vocantur,
985 2614 1112 2682 ipsis
1147 2615 1314 2669 oculis
1355 2633 1564 2673 cernere
1603 2632 1689 2673 est.
1724 2636 1810 2674 eos
1834 2623 1922 2692 qui

352 2715 560 2754 sacrant
584 2701 753 2756 cibum
781 2711 830 2756 et
852 2702 1122 2769 Salutare,
1168 2705 1222 2758 id
1265 2716 1343 2760 est
1387 2706 1681 2764 Saluatoris
1733 2726 1920 2778 corpus

349 2790 636 2858 accipiunt,
661 2801 776 2860 post
798 2794 964 2860 ipsum
985 2812 1130 2848 esum
1151 2797 1341 2866 viviﬁci
1361 2798 1596 2854 alimenti
1619 2802 1920 2872 largitorem

343 2889 394 2932 et
419 2896 657 2949 promum
677 2882 920 2951 adorare,
944 2895 1094 2955 atque
1115 2889 1301 2942 mirari
1320 2889 1588 2946 verborum
1608 2892 1918 2962 hujusmodi

346 2980 697 3044 eventum‘ac
722 2991 777 3028 re
801 2986 963 3045 gesta,
1006 2979 1179 3047 quoad
1223 2981 1514 3050 planiorem
1563 2984 1691 3038 dicti
1711 2995 1918 3042 senten-
1944 3015 1984 3071 ρ

351 3061 792 3132 tiam,impletum
833 3067 1156 3125 vaticinium.
1183 3070 1315 3137 Quae
1346 3083 1526 3130 autem
1552 3078 1698 3145 quod
1735 3079 1804 3134 ad
1841 3081 1916 3135 ri-

349 3160 466 3207 tum
493 3158 814 3210 exteriorem
855 3157 944 3210 illa
984 3158 1231 3216 adoratio
1282 3173 1447 3230 esset,
1483 3167 1583 3234 sic,
1615 3171 1801 3236 paucis
1831 3172 1916 3227 in-

346 3245 647 3316 terpositis,
674 3248 910 3318 explicat
940 3265 952 3302 :
984 3268 1002 3300 ι
1053 3237 1118 3305 In
1141 3265 1418 3323 conspectu
1440 3257 1552 3326 ejus
1572 3259 1759 3315 cadent
1802 3280 1916 3318 om.-

344 3353 433 3391 nes
459 3337 549 3407 qui
569 3337 885 3392 descendunt
916 3340 969 3393 in
999 3350 1236 3400 terram:
1267 3365 1284 3397 ι
1309 3362 1404 3414 pro
1431 3365 1532 3418 quo
1552 3350 1765 3421 Aquila,
1795 3372 1812 3404 ι
1848 3352 1912 3407 In

342 3430 544 3484 vultum
568 3430 685 3499 ejus
719 3431 925 3501 flectent
950 3451 1006 3488 se
1031 3425 1209 3490 omnes
1236 3439 1326 3508 qui
1366 3439 1690 3498 descendunt.
1725 3445 1776 3499 in
1804 3447 1915 3514 pul-

341 3538 531 3577 verem.
563 3541 582 3575 ι
609 3522 768 3589 Queis
794 3526 1072 3595 manifeste
1102 3544 1304 3597 eorum,
1356 3534 1445 3602 qui
1469 3534 1521 3586 in
1565 3537 1784 3591 ecclesia
1819 3538 1914 3594 Dei

336 3631 508 3684 genua
530 3615 764 3684 flectunt,
788 3634 983 3672 morem
1007 3618 1285 3676 declarat:
1333 3623 1406 3677 ibi
1434 3627 1585 3681 enim.
1616 3645 1783 3699 genua
1817 3631 1913 3700 fle-

335 3717 559 3774 ctentes,
588 3718 743 3780 atque
767 3709 1030 3779 frontibus
1055 3715 1164 3768 suis
1196 3724 1349 3772 terra:
1371 3718 1748 3788 incumbentes,
1775 3723 1912 3780 hunc

332 3798 598 3855 adorandi
631 3801 792 3854 ritum
813 3813 1039 3858 servant.
1082 3805 1170 3858 Ἐν
1265 3809 1464 3875 γόνατα
1489 3810 1786 3880 κλίναντες,
1817 3817 1911 3870 καὶ

328 3887 403 3942 τὰ
426 3888 650 3959 μέτωπα
679 3891 756 3953 εἰς
777 3891 878 3961 γῆν
895 3891 1221 3962 ἐρείσαντες,
1238 3895 1423 3952 τοῦτον
1446 3907 1767 3974 προσκυνεῖν
1795 3906 1913 3960 εἰώο

325 3980 462 4034 θασι
493 3979 583 4033 τὸν
606 3981 820 4051 τρόπον.
851 3980 925 4038 De
953 3985 1238 4040 matutinis
1257 3987 1386 4042 item
1407 3994 1761 4052 conventibus
1777 4001 1909 4069 agit,

320 4072 474 4144 psal.
493 4088 764 4138 xcv,vers.
790 4071 903 4142 6,et
931 4091 1081 4140 Lvnt,
1110 4078 1199 4132 ubi
1228 4095 1401 4148 genua
1426 4081 1675 4142 ﬂectendi
1705 4105 1907 4147 morem

325 4165 782 4235 antiquissimum
841 4165 1548 4240 declaratzprocumbendi
1595 4179 1724 4235 item
1773 4198 1906 4238 con-

327 4257 702 4324 suetudinem,
726 4258 808 4313 vel
838 4258 1030 4328 primis
1059 4260 1318 4320 Ecclesiaa
1359 4269 1578 4325 saeculis
1621 4279 1902 4342 statutam,

2042 391 2121 451 εἰς
2141 390 2236 460 τὴν
2255 390 2545 461 ἐκκλησίαν
2571 393 2756 458 αὑτοῦ,
2789 393 2840 448 id
2861 403 2944 450 est
2967 414 2979 448 :
3008 393 3125 450 Non
3151 395 3258 449 vult
3293 398 3430 450 enim
3448 409 3600 453 extra

2039 481 2332 544 ecclesiam,
2353 499 2513 552 neque
2536 485 2588 538 in
2629 502 2833 540 secessu
2863 488 3099 542 semotas
3144 489 3368 544 adorare
3393 490 3598 559 ipsum;

2039 573 2127 625 sed
2150 572 2390 628 accedere
2402 574 2551 643 jubet
2603 575 2671 628 ad
2714 577 2988 631 ecclesiam
3035 596 3211 636 suam.
3251 578 3598 652 ldipsumque

2038 664 2269 720 Basilius
2320 666 2588 720 habetin
2655 668 2900 722 eumdem
2967 671 3257 738 psalmum,
3309 671 3455 730 hom.
3504 672 3594 732 28,

2036 772 2088 824 p.
2115 757 2205 812 181
2243 778 2256 812 :
2293 756 2434 823 Ἐξω
2453 758 2728 826 τῆς-ᾀγξας
2758 759 2923 829 αὐλῆς
2955 761 3017 823 οὐ
3044 761 3155 834 χρὴ,
3182 766 3499 832 προσκυνεῖν
3522 762 3601 833 τῷ

2035 848 2262 918 Κυρίῳη
2285 847 2394 901 ἀλλ’
2422 848 2568 902 ἔνδον
2614 849 2898 920 γενόμενον
2924 866 2937 901 :
2964 851 3019 906 id
3056 859 3139 907 est
3182 870 3197 905 :
3231 851 3358 906 Non
3398 861 3597 921 oportet

2032 938 2324 1006 quempiam
2353 947 2505 991 extra
2551 954 2760 992 sacram
2802 938 2984 993 aulam
3026 939 3248 995 adorare
3289 941 3593 1007 Dominum,

2032 1030 2122 1084 sed
2151 1012 2291 1083 intus
2313 1031 2560 1099 positum.
2586 1030 2654 1083 At
2684 1047 2844 1088 nemo
2859 1048 3038 1087 rerum
3063 1049 3342 1090 sacrarum
3367 1036 3450 1091 vel
3482 1053 3600 1092 me—

2031 1123 2288 1178 diocriter
2317 1122 2521 1192 peritus
2553 1123 2954 1194 ignorat,.hanc
2977 1127 3242 1197 praecipue
3286 1143 3440 1182 novae
3460 1129 3596 1198 legis

2030 1223 2313 1277 tesseram,
2363 1214 2466 1268 hoc
2521 1213 2852 1280 institutum,
2888 1215 3361 1272 hancsolemnem
3387 1217 3594 1273 Christi

2029 1307 2329 1363 doctrinam
2375 1323 2518 1373 esse,
2561 1308 2705 1380 quod
2747 1308 2908 1366 Deus
2936 1309 3134 1380 ubique
3172 1310 3480 1365 adorandus
3521 1310 3596 1365 sit

2029 1398 2082 1451 in
2103 1399 2293 1468 spiritu
2313 1409 2359 1454 et
2383 1400 2600 1454 veritate
2627 1415 2645 1453 :
2674 1414 2851 1471 neque
2885 1400 2950 1456 ad
2979 1416 3097 1457 eam
3124 1416 3237 1457 rem
3268 1417 3492 1459 necesse
3521 1400 3594 1458 sit

2029 1490 2363 1562 assignatum
2415 1493 2723 1562 quempiam
2753 1493 2906 1548 adire
2945 1493 3165 1563 locum;
3216 1496 3312 1552 sed
3361 1497 3592 1567 quisque

2029 1583 2279 1652 privatim
2301 1585 2447 1641 hunc
2471 1587 2684 1641 cultum.
2721 1589 3028 1657 persolvere
3055 1591 3229 1660 possit
3277 1604 3340 1643 ac
3379 1589 3588 1644 debeat.

1959 1661 1998 1716 Β
2027 1674 2138 1730 Cur
2152 1691 2282 1746 ergo
2302 1677 2403 1731 viri
2429 1677 2676 1734 doctrina
2710 1680 2970 1750 insignes,
3009 1680 3240 1736 Basilius
3281 1679 3508 1750 Magnus
3537 1687 3592 1735 et

2028 1765 2318 1831 Eusebius,
2348 1768 2418 1823 ab
2443 1769 2754 1838 hujusmodi
2781 1770 2954 1832 cultu.
2997 1772 3092 1838 qui
3122 1771 3190 1826 ab
3223 1772 3341 1843 ipso
3370 1770 3590 1826 Christo

2027 1857 2264 1914 traditus
2293 1867 2346 1914 et
2376 1861 2620 1916 sancitus
2671 1869 2773 1925 est,
2827 1861 3074 1918 homines
3121 1862 3495 1918 absterreant?
3519 1861 3591 1916 At

2025 1951 2170 2009 enim
2200 1967 2300 2008 nec
2322 1953 2377 2008 in
2421 1951 2604 2010 Veteri
2648 1954 2866 2025 quidem
2897 1953 3267 2020 Testamento,
3297 1970 3418 2009 eum
3464 1963 3588 2026 post

2025 2043 2210 2115 templi
2233 2045 2534 2112 conditum,
2559 2061 2667 2101 non
2713 2046 2982 2103 sacriﬁcia
3001 2089 3016 2114 ,
3044 2065 3152 2104 non
3173 2054 3349 2104 certas
3387 2056 3588 2104 statas-

2025 2149 2132 2205 que
2158 2137 2511 2194 ceremonias
2557 2138 2685 2194 alibi
2715 2141 3025 2210 persolvere
3054 2140 3259 2196 licitum
3292 2147 3459 2204 esset,
3494 2155 3584 2194 ve-

2025 2227 2184 2282 titum
2209 2245 2444 2300 usquam
2489 2231 2719 2304 legimus
2754 2247 3024 2305 quemque
3073 2249 3239 2304 penes
3269 2249 3328 2290 se
3352 2249 3509 2289 orare
3531 2240 3586 2289 ct

2025 2318 2256 2375 adorare
2285 2319 2476 2387 Deum,
2524 2324 2571 2378 si
2595 2323 2802 2380 liberet.
2853 2324 2966 2380 imo
3013 2342 3142 2382 vero
3172 2325 3382 2390 Daniel,
3408 2327 3461 2380 in
3483 2324 3584 2380 Ba-

2025 2409 2219 2481 bylone
2242 2428 2489 2479 versans,
2519 2414 2826 2487 frequenter
2850 2417 3018 2475 Deum
3049 2419 3310 2476 adorabat
3337 2438 3352 2475 :
3387 2419 3585 2490 aliique

2024 2504 2161 2558 bene
2189 2505 2341 2560 multi
2371 2508 2549 2562 sancti
2600 2510 2702 2564 viri
2737 2509 2906 2565 Deum
2955 2521 3106 2567 extra
3148 2512 3404 2583 templum
3453 2512 3582 2567 ado-

2022 2609 2180 2650 rasse
2203 2595 2701 2667 deprehenduntur.
2736 2599 2862 2655 Haec
2891 2601 3076 2672 itaque
3111 2602 3297 2657 Basilii
3335 2612 3388 2659 et
3414 2603 3579 2658 Euse-

2023 2687 2098 2742 bii
2123 2689 2242 2744 loca
2269 2705 2337 2745 ex
2371 2691 2623 2761 superius
2669 2692 2832 2748 allato
2864 2691 3084 2750 Eusebii
3117 2695 3235 2750 loco
3261 2704 3389 2751 sunt
3411 2696 3584 2766 expli-

2021 2778 2215 2845 canda,
2242 2780 2333 2834 ubi
2369 2782 2606 2836 recitata
2631 2781 2839 2852 Aquila:
2867 2782 3116 2839 versione
3147 2786 3224 2839 sic
3255 2771 3416 2840 habet
3444 2785 3534 2841 ille
3562 2802 3576 2838 :

2021 2867 2180 2937 Queis
2231 2873 2504 2942 manifeste
2542 2890 2742 2940 eorum,
2772 2876 2859 2947 qui
2906 2877 2960 2929 in
3013 2874 3229 2931 ecclesia
3272 2877 3370 2931 Dei
3413 2894 3580 2950 genua

2019 2962 2254 3030 flectunt,
2285 2981 2480 3019 morem
2511 2965 2750 3020 declarat
2777 2984 2794 3022 :
2817 2969 2890 3022 ibi
2914 2968 3051 3022 enim
3087 2985 3255 3040 genua
3296 2969 3577 3039 ﬂectentes,

2018 3067 2173 3127 atque
2185 3056 2449 3122 frontibus
2470 3062 2579 3115 suis
2603 3069 2756 3116 terra:
2775 3062 3156 3143 incumbentes,
3171 3063 3306 3117 hunc
3321 3060 3583 3117 adorandi

2016 3148 2176 3202 ritum
2209 3161 2437 3205 servant.
2473 3152 2677 3224 Opinor
2709 3153 2871 3226 igitur
2892 3154 3036 3210 hunc
3062 3155 3321 3212 adorandi
3351 3170 3577 3220 morem,

2015 3248 2203 3311 utpote
2226 3243 2628 3313 quodammodo
2675 3256 3082 3316 consecratum,
3111 3257 3263 3306 extra
3289 3247 3578 3305 ecclesiam

2014 3333 2239 3389 vetitum
2264 3335 2435 3394 fuisse
2467 3354 2568 3394 :ea
2611 3355 2839 3412 prorsus
2881 3342 3089 3397 ratione
3109 3357 3216 3411 qua
3266 3340 3427 3395 hodie
3467 3354 3578 3395 non

2015 3425 2139 3480 licet
2158 3427 2356 3497 cuique
2382 3428 2612 3486 arbitrio
2664 3447 2784 3493 suo,
2836 3432 3069 3502 exempli
3097 3447 3262 3486 causa
3292 3430 3575 3486 incensum

2014 3527 2067 3574 et
2099 3519 2451 3592 thymiamata
2482 3525 2537 3577 in
2571 3523 2703 3578 vicis
2731 3533 2784 3580 et
2808 3524 2998 3594 plateis
3024 3522 3330 3595 promiscue
3357 3524 3572 3590 oﬂ‘erre,

2015 3611 2140 3680 quia
2176 3611 2290 3667 haac
2319 3614 2542 3684 speciali
2587 3614 2694 3669 ritu
2723 3623 3042 3670 consecrata
3088 3622 3142 3671 et
3179 3621 3383 3670 statuta
3409 3624 3574 3680 sunt;

2015 3701 2086 3757 ita
2110 3704 2218 3761 illis
2244 3707 2605 3776 temporibus,
2627 3709 2730 3764 etsi
2759 3707 2966 3762 licitum
2987 3707 3186 3779 cuique
3224 3715 3371 3764 esset
3401 3706 3573 3763 Deum

2012 3809 2178 3863 penes
2206 3811 2264 3851 se
2281 3797 2492 3867 precari
2520 3807 2574 3854 et
2593 3798 2824 3854 adorare
2843 3838 2859 3864 ,
2896 3797 2987 3854 illo
3012 3807 3211 3854 tamen.
3233 3799 3396 3856 modo
3431 3813 3574 3871 genu

2010 3888 2260 3944 ﬂectendi
2291 3905 2356 3944 ac
2399 3890 2454 3945 in
2487 3890 2720 3947 frontem
2762 3891 3154 3961 procumbendi
3194 3901 3347 3946 extra
3397 3892 3574 3948 eccle-

2011 3979 2148 4032 siam
2197 3980 2426 4037 adorare
2445 3983 2670 4038 vetitum
2703 3991 2856 4039 erat:
2893 3991 3116 4054 eratque
3165 3982 3292 4037 huic
3323 3983 3396 4038 rei
3418 3984 3572 4039 locus

2011 4076 2172 4139 atque
2203 4077 2415 4140 tempus
2437 4073 2811 4128 ecclesiastico
2842 4087 3059 4128 canones
3088 4075 3441 4128 constitutum
3467 4088 3572 4129 :ne

2009 4158 2264 4215 fortassis
2287 4161 2415 4216 hinc
2435 4162 2581 4218 risus
2606 4170 2660 4217 et
2687 4163 3078 4218 cachinnorum
3119 4164 3343 4220 materia
3367 4161 3568 4219 Iudaeis

2008 4257 2063 4304 et
2109 4251 2364 4320 ethnicis,
2396 4269 2628 4323 quorum
2674 4262 2795 4310 tum
2843 4257 3045 4326 ingens
3079 4263 3196 4310 erat
3253 4253 3564 4318 multitudo,

329 4347 533 4403 diserte
557 4349 811 4418 explicat.
836 4347 917 4402 Ad
943 4351 1208 4419 psalmum
1232 4371 1363 4410 vero
1414 4373 1522 4423 xei,
1549 4359 1724 4417 fusius
1743 4379 1902 4419 enar-

2015 4343 2552 4413 suhmiuistraretur;
2603 4361 2738 4402 neve
2790 4347 2917 4403 hinc
2942 4349 3160 4419 quidam
3210 4362 3278 4402 ex
3313 4345 3567 4415 frequen-

332 4447 421 4493 rat
440 4456 538 4494 cur
562 4441 860 4497 Christiani
884 4441 1183 4498 Sabbatum
1203 4444 1258 4499 in
1290 4445 1625 4505 Dominicam
1661 4462 1900 4511 transtu-

331 4530 495 4584 lerint
519 4548 545 4584 :.
563 4549 668 4604 qua
692 4540 903 4590 ratione
927 4526 1101 4604 primo
1125 4534 1366 4593 diluculo
1391 4551 1693 4599 conventus
1717 4554 1904 4616 agant,

332 4636 509 4692 panes
529 4626 912 4695 propositionis
933 4625 1182 4692 oﬂ'erant,
1200 4628 1267 4683 ad
1295 4627 1568 4687 Orientem
1593 4635 1732 4690 versi
1776 4653 1901 4707 pre-

331 4721 547 4778 cantur,
574 4717 812 4785 psalmos
845 4733 952 4771 una
1007 4718 1374 4776 multitudinis
1403 4737 1536 4778 voce
1570 4725 1887 4792 concinaut,

330 4814 393 4860 et,
448 4813 659 4871 caetera,
707 4826 826 4878 quae
858 4811 1303 4885 ,μυπικωτέρως
1376 4812 1466 4869 ille
1527 4799 1892 4887 prosequitur.

330 4893 670 4948 Psalmorum
705 4907 880 4951 autem
915 4910 1135 4954 cantum
1184 4901 1241 4956 in
1269 4903 1524 4959 omnibus
1541 4907 1780 4963 universi
1808 4926 1894 4964 or-

329 4985 413 5040 bis
439 4992 548 5039 tam
596 4982 902 5041 Graecorum
934 5005 1095 5059 quam
1124 4991 1504 5060 barbarorum,
1537 4998 1782 5056 ecclesiis
1803 5004 1894 5057 ob-

328 5074 538 5133 servari
567 5075 895 5132 testiﬁcatur
929 5078 1039 5144 ille,
1070 5083 1206 5150 psal.
1237 5099 1362 5139 va.

387 5191 474 5240 lli.
497 5192 574 5241 De
594 5191 944 5261 adorandiritu
968 5193 1017 5242 in
1041 5198 1249 5261 ecclesia
1269 5200 1532 5261 singularis
1552 5201 1752 5254 Eusebii
1777 5212 1838 5257 et.

715 5253 883 5304 Basilii
915 5259 1161 5308 sententia
1189 5253 1495 5322 explanatur.

399 5333 684 5406 Singulare
707 5352 934 5408 prorsus
969 5353 1033 5392 ac
1055 5341 1460 5406 ponderandum
1492 5357 1576 5401 est
1621 5351 1762 5418 quod
1813 5351 1888 5405 ait

322 5426 613 5492 Eusebius,
667 5445 772 5483 non
808 5429 970 5484 licere
1011 5439 1162 5486 extra
1215 5436 1497 5492 ecclesiam
1540 5439 1709 5496 Deum
1755 5442 1886 5497 ado-

324 5535 444 5572 rare
476 5537 486 5570 :
518 5529 576 5574 ut
602 5520 718 5591 ipse
739 5521 804 5575 ad
831 5522 1094 5592 psalmum
1144 5539 1332 5584 xxvm,
1367 5528 1452 5584 his
1489 5533 1668 5588 verbis
1710 5550 1886 5590 enun-

323 5611 422 5664 tiat
455 5634 463 5666 ;
501 5613 574 5665 Οὐ
605 5611 710 5686 γὰρ
737 5613 840 5680 ἔξω
865 5614 958 5684 τῆς
986 5613 1278 5686 ἐκκλησίας
1311 5616 1574 5691 βούλεται,
1604 5626 1727 5680 οὐδέ
1755 5627 1883 5682 ἁνα-

2002 4437 2485 4494 tioriadorationis
2517 4455 2618 4494 usu
2671 4439 2970 4495 inﬁdelium
3019 4441 3231 4494 animos
3277 4452 3565 4508 exaspera-

2000 4533 2121 4580 rent
2145 4524 2202 4580 in
2229 4526 2574 4581 Christianos
2597 4543 2622 4592 ;.
2647 4543 2754 4582 neu
2803 4528 3018 4584 demum
3051 4527 3323 4583 ementita.
3345 4528 3563 4599 pietatis

1999 4616 2179 4685 specie
2211 4615 2436 4686 gloriam
2460 4625 2516 4671 et
2535 4616 2748 4674 laudem
2796 4617 3089 4673 humanam
3134 4627 3559 4691 aucuparentur,

1997 4717 2091 4761 aut
2120 4707 2226 4762 alia
2273 4707 2432 4764 nobis
2459 4709 2640 4780 ignota
2678 4710 2746 4768 de
2787 4727 2974 4770 causa.
3017 4711 3172 4768 Hunc
3217 4713 3400 4783 itaque
3428 4711 3562 4767 ado-

1996 4799 2161 4854 randi
2203 4815 2409 4856 morem
2464 4810 2648 4858 vetant
2707 4803 2941 4861 Basilius
2981 4812 3049 4860 et-
3083 4803 3373 4861 Eusebius
3403 4812 3559 4860 extra

1995 4891 2282 4947 ecclesiam
2314 4909 2572 4966 peragere
2603 4911 2616 4947 :
2658 4911 2844 4967 neque.
2875 4897 3063 4953 volunt
3090 4898 3210 4954 ideo
3243 4897 3558 4954 adoratione

1994 4982 2083 5036 illa
2109 4982 2340 5049 interna,
2368 4985 2592 5056 .ubique
2633 4985 2850 5042 Numini
2896 4990 3224 5059 praestanda,
3253 4991 3355 5062 piis
3381 4990 3558 5047 homi-

1992 5075 2156 5129 nibus
2207 5075 2456 5130 interdici
2483 5094 2496 5130 :
2526 5075 2680 5147 quod
2705 5077 2974 5134 neminem
3027 5089 3159 5152 puto
3204 5081 3414 5138 inﬁcias
3449 5082 3554 5136 itu-

1990 5181 2134 5220 rum.
2170 5165 2319 5220 Alias
2350 5168 2492 5221 enim
2517 5167 2680 5223 iidem
2702 5168 2956 5227 Basilius-
2975 5173 3354 5242 et'Eusebius,
3382 5173 3549 5227 Deum

1990 5273 2088 5328 pro
2111 5257 2280 5312 lubito
2307 5260 2571 5330 cujusque
2614 5262 2946 5319 adorandum
2991 5276 3237 5324 statuunt
3267 5287 3280 5322 :
3312 5265 3454 5337 quod
3495 5265 3550 5320 in

1991 5348 2210 5419 scriptis
2243 5349 2424 5406 Basilii
2459 5351 2768 5422 frequenter
2788 5358 3111 5426 comperias,
3144 5373 3207 5413 ac
3233 5359 3285 5411 in
3320 5355 3547 5412 hisitem

1989 5445 2395 5500 commentariis
2429 5444 2693 5502 Eusebius
2740 5461 2841 5502 nec
2877 5449 3042 5503 semel
3070 5445 3399 5502 adorandum
3430 5447 3550 5502 ubi-

1987 5551 2092 5605 que
2119 5536 2284 5592 Deum
2314 5554 2436 5594 esse
2458 5539 2638 5597 docet.
2677 5541 2753 5594 In
2785 5549 3145 5613 promptuque
3187 5547 3351 5606 esset,
3378 5543 3547 5598 multa

1987 5626 2056 5684 ad
2090 5627 2142 5684 id
2185 5631 2643 5702 comprobandum
2693 5635 2824 5690 loca:
2852 5649 3139 5706 congerere
3165 5651 3177 5686 :
3203 5651 3392 5692 verum
3424 5655 3548 5696 cum
