4042 6210
453 259 523 315 55
1108 245 1377 306 EUSEBII
1412 225 1884 301 CESABIENSlS
1921 242 2070 300 ore.
2104 239 2276 298 rans
2315 239 2402 298 lli.
2437 271 2505 282 -
2545 239 2951 298 exsomnes.
3602 241 3670 297 ss

452 382 637 438 nullus
667 381 767 435 hac
807 377 872 432 de
904 391 961 431 re
1003 371 1383 432 controversia
1411 370 1563 426 locus
1585 384 1709 426 esse
1733 369 1930 435 valeat,
1956 369 2022 426 iis
2050 371 2094 429 Α
2121 367 2474 433 servabatur;
2507 364 2793 422 Matthaaus
2819 379 2951 420 sane
2983 361 3196 434 propria
3222 361 3672 433 interpretatione

452 473 741 531 allereudis
769 471 1206 542 supersedemus.

513 607 595 658 iV.
622 605 815 656 inﬁnita
854 606 978 655 dona
1004 604 1227 654 ecclesiis
1257 601 1462 652 Eusebii
1509 607 1731 664 tempore
1755 601 1948 654 collata.

521 730 577 785 lu
608 733 872 802 psalmum
901 747 1045 796 Lxxt,
1074 730 1211 785 Deus
1229 730 1494 800 judicium
1523 738 1668 782 tuum
1699 730 1805 800 regi
1834 729 1924 793 da,
1946 729 2012 783 ad

451 824 599 879 hunc
625 839 861 887 versum,
886 822 954 876 Et
981 823 1108 876 vivet
1139 834 1187 876 et
1211 822 1427 876 dabitur
1457 823 1506 875 ei
1523 821 1586 875 de
1625 837 1755 874 auro
1777 819 2009 884 Arabiae,

450 914 527 968 ait
551 913 816 969 Eusebius
843 932 857 966 :
886 911 955 964 Et
978 912 1116 966 alias
1170 928 1373 983 quoque
1423 912 1478 966 in
1516 911 1744 965 ecclesiis
1791 910 2008 976 Christi,

449 1006 578 1075 ipsis
602 1005 764 1059 oculis
794 1002 1027 1058 videmus
1061 1003 1276 1072 inﬁnita
1331 1019 1395 1058 ea:
1454 1020 1585 1058 auro
1618 1019 1751 1073 puro
1780 1003 2007 1068 cimelia,

449 1101 505 1152 in
537 1101 648 1170 ejus
669 1099 917 1152 honorem
939 1106 1266 1151 consecrata.
1288 1094 1406 1162 Quo
1435 1095 1619 1152 videas
1646 1112 1755 1151 non
1786 1111 2008 1162 novum,

448 1206 621 1261 neque
645 1205 836 1245 recens
864 1189 1146 1243 inductum
1169 1203 1374 1261 morem
1407 1202 1548 1252 esse,
1582 1187 1724 1243 dona
1749 1197 1804 1242 et
1847 1187 2012 1243 cime-

447 1283 516 1337 lia
550 1283 604 1336 in
661 1281 914 1338 ecclesiis
953 1279 1160 1335 Christi
1221 1258 1579 1335 consecrandi
1612 1298 1625 1333 :
1657 1280 1789 1349 quin
1829 1279 2010 1349 potius

445 1375 590 1446 quod
614 1372 882 1429 Eusebius
913 1371 1404 1442 frequentissimum
1430 1370 1654 1434 indicat,
1674 1371 1785 1441 jam
1821 1385 2010 1441 perra-

445 1485 568 1522 rum
612 1482 736 1523 esse
778 1465 1397 1536 comprobaturzneque
1447 1461 1590 1518 enim
1627 1464 1698 1517 ita
1750 1464 1914 1517 multa
1943 1479 2009 1518 ex

446 1576 583 1616 auro
626 1575 763 1631 puro
803 1557 1016 1613 eimelia
1055 1557 1109 1610 in
1145 1555 1360 1625 templis
1399 1553 1560 1610 hodie
1611 1553 2005 1626 deprehendas.

447 1649 643 1706 Narrat
688 1665 814 1706 vero
861 1649 1002 1705 idem
1055 1647 1322 1703 Eusebius
1353 1645 1796 1710 Constantinum,
1833 1646 2010 1702 eccle-

450 1745 586 1800 siam
619 1743 732 1798 sive
754 1742 1074 1814 martyrium
1099 1739 1399 1795 Salvatoris
1421 1780 1436 1802 ,
1462 1737 1603 1807 quod
1639 1737 1754 1808 ipsc
1797 1738 2007 1808 magni-
2037 1744 2080 1798 Β

447 1833 858 1890 licentissimum
889 1838 1252 1896 exstruxerat,
1310 1829 1535 1884 inliuitis
1581 1829 1824 1885 donariis
1855 1829 2007 1884 locu-

444 1925 703 1996 pletasse,
746 1922 943 1993 partim
969 1937 1034 1977 ex
1094 1936 1228 1976 auro
1287 1930 1341 1976 et
1392 1927 1636 1989 argento,
1688 1919 1882 1990 partim
1940 1934 2005 1974 ex

445 2016 676 2088 gemmis
710 2025 763 2070 et
795 2015 915 2070 aliis
963 2013 1217 2084 pretiosis
1273 2012 1524 2067 cimeliis.
1580 2011 1681 2078 Qui
1715 2011 2009 2082 imperator

446 2109 572 2163 aliis
598 2106 833 2162 fortasse
861 2106 1110 2176 exemplo
1151 2120 1216 2159 ac
1251 2103 1472 2158 stimulo
1506 2101 1688 2166 fuerit,
1725 2112 1782 2156 ut
1810 2101 2007 2157 similia

446 2199 591 2254 dona
635 2197 882 2252 certatim
929 2195 984 2250 in
1043 2194 1290 2251 ecclesiis
1331 2199 1736 2250 consecrarent.
1770 2191 2006 2261 ldipsum

445 2289 637 2360 paucis
667 2287 860 2358 repetit
890 2288 955 2341 ad
992 2286 1262 2358 psalmum
1300 2299 1466 2348 cxvu,
1510 2283 1768 2354 additque
1815 2282 2006 2338 diebus

442 2381 744 2452 praesertim
776 2378 1180 2436 solemnitatum
1227 2376 1514 2433 ecclesiam
1557 2375 1716 2430 donis
1737 2389 2008 2430 exornan-

443 2475 569 2529 dam
589 2489 732 2530 esse.
765 2471 868 2528 Ubi
897 2473 964 2528 ad
995 2473 1108 2527 hinc
1131 2469 1441 2542 Symmachi
1469 2467 1664 2532 verba,
1706 2466 2008 2537 Συνδήσατε

444 2570 504 2620 ὲν
552 2566 855 2637 πανηγύρει
911 2564 1260 2634 πυκάσματα,
1311 2561 1416 2624 ἕως
1461 2558 1571 2614 τῶν
1615 2559 1860 2627 κεράτων
1913 2557 2007 2610 τοῦ

446 2659 847 2732 Θυσιαστηριου,
873 2657 926 2712 id
953 2666 1056 2721 est,
1092 2654 1354 2726 Colligate
1373 2655 1425 2708 in
1457 2651 1756 2708 celebritate
1783 2649 2011 2704 densita-

447 2763 519 2807 tes
548 2749 801 2822 usquead
827 2765 1023 2804 cornua
1054 2749 1245 2802 altaris
1268 2767 1287 2811 ;
1332 2747 1448 2800 haec
1474 2745 1635 2800 habet
1665 2764 1676 2796 :
1708 2740 1806 2796 His
1835 2750 2010 2795 autem

445 2844 703 2912 pra’cipit,
734 2842 914 2897 multis
943 2839 1164 2894 cimcliis
1215 2838 1430 2891 domum
1481 2835 1579 2890 Dei
1607 2833 1825 2904 replere,
1859 2842 2011 2903 atque

446 2937 683 2992 donariis
713 2932 1066 3004 frequentibus
1097 2931 1263 2999 Igsam
1281 2928 1596 2998 temporibus
1619 2926 2012 2981 solemnitatum

539 3041 719 3081 onare.

1042 3174 1272 3232 CAPUT
1320 3173 1412 3229 IX.

592 3306 954 3348 IISCELLANEA
1002 3305 1231 3354 QUEDAI
1283 3303 1622 3344 OBSERVANDA
1676 3303 1729 3342 ιη
1780 3303 1867 3343 IIIS

1017 3375 1434 3416 COIIENI'ARIIS.

450 3515 501 3574 Ι.
536 3515 751 3572 Eusebii
781 3515 844 3569 de
867 3513 1111 3570 Μαιηιωί
1134 3513 1414 3584 Evangelia
1437 3510 2010 3584 senten_tia._ll..loan-

516 3605 604 3642 nes
642 3585 902 3641 Ilebraico
942 3584 1231 3654 exemplari
1265 3579 1396 3654 usus
1420 3595 1535 3654 est,
1567 3579 1796 3654 Paulus
1836 3591 2008 3634 autem

521 3657 701 3711 Grtrco
753 3655 906 3709 LXX
937 3652 1307 3724 Interpretum.
1373 3652 1491 3708 111.
1541 3652 1783 3724 Apostoli
1831 3669 2007 3724 omnes

517 3728 775 3795 martyrio
809 3722 1158 3795 coronati,ex
1191 3742 1296 3794 qua
1329 3725 1471 3795 tribu
1491 3722 1685 3794 singuli
1707 3723 1903 3793 fuerint
1919 3722 2009 3795 de-

519 3793 769 3866 prehendi
798 3806 990 3866 potest.
1042 3794 1144 3866 ιγ.
1191 3793 1276 3848 An
1324 3793 1697 3866 prophetarum
1748 3793 2009 3866 s_uccessio

522 3861 593 3919 ad
637 3861 896 3920 Joannem
941 3864 1238 3933 Baptistam
1280 3865 1587 3933 pervenerit.
1634 3862 1696 3915 V.
1750 3861 2008 3917 Eusebius

522 3879 592 3919 aa
637 3879 896 3920 Joannem
941 3879 1238 3933 ϋιιριιειαιη
1316 3879 1587 3918 erveneru.
1640 3879 1696 3915 γ.
1750 3879 2008 3917 Eusebius

521 3935 722 3990 labitur
743 3933 869 3989 dum
897 3933 1176 3988 monachos
1209 3952 1241 3987 a
1271 3879 1584 4003 gymmacho
1607 3933 1889 4003 memorari
1919 3949 2011 4003 pu-

523 4016 625 4062 tat.
669 4005 767 4060 γι.
798 4005 1045 4059 Monaelti
1091 4002 1562 4073 perrari’tempore
1598 4002 1828 4073 Eusebii.
1875 4002 2006 4073 νυ.

523 4076 824 4148 Martyrum
853 4071 1131 4148 cruciatus
1162 4071 1481 4148 singulares.
1527 4071 1896 4148 Vlll._._l_ud_c_ei
1917 4071 2011 4148 Je-

522 4141 906 4218 rosolgmorum
935 4145 1095 4218 aditu,
1115 4141 1407 4218 interclusi.
1444 4143 1646 4218 Quare.
1680 4141 1786 4196 IX.
1814 4143 2008 4218 Tradi-

525 4213 689 4272 tiones
718 4217 961 4281 qurcdam
989 4215 1318 4270 Judworum.
1348 4213 1417 4269 Χ.
1450 4213 1875 4268 Christianorum
1911 4214 2010 4282 [re-

523 4290 735 4356 quentia
777 4290 833 4341 in
895 4285 1231 4356 Moabitide,
1259 4283 1612 4356 Antmonitide
1645 4292 1694 4356 et
1742 4282 2004 4339 Idumwa.

523 4354 630 4414 XI.
664 4358 921 4413 Eusebius
956 4359 1030 4411 ait
1073 4355 1322 4410 mundum
1354 4354 1613 4422 sphwrica
1648 4354 1822 4421 forma
1865 4370 2005 4415 esse;

521 4441 722 4486 montes
743 4439 791 4485 et
813 4441 991 4500 petras
1024 4427 1213 4482 sensim
1243 4442 1489 4480 crescere.

650 4564 689 4613 Ι.
713 4565 906 4614 Eusebii
927 4566 990 4613 de
1014 4563 1226 4614 Matthxi
1251 4562 1522 4625 Evangelia
1543 4563 1810 4610 sententia.

521 4712 609 4768 Ait
629 4710 896 4768 Eusebius
920 4711 1248 4775 Mattbaeum,
1285 4710 1542 4767 Hebraeus
1567 4725 1689 4764 cum
1720 4717 1886 4775 esset,
1919 4709 2012 4763 ubi

454 4803 665 4859 Veteris
689 4801 1020 4859 Testamenti
1042 4803 1222 4858 locum
1244 4802 1441 4865 attulit,
1468 4801 1684 4871 prepria
1706 4817 1862 4856 usum
1891 4815 2014 4856 esse

453 4896 944 4966 interpretatione:
991 4910 1116 4950 nam
1151 4894 1305 4962 illud,
1346 4901 1600 4980 στρ-ἰο
1639 4900 1802 4953 ηπτη
1839 4900 2015 4956 minis

451 4987 600 5058 quod
620 4989 694 5042 ita
715 5003 745 5041 a
774 4985 1124 5058 Septuaginta
1147 4986 1535 5060 interpretibus
1557 4985 1821 5049 redditur,
1846 4983 2016 5052 Φοέγ-

454 5077 618 5148 sapa:
651 5077 1006 5151 προϐλήματα
1021 5077 1322 5149 ἀπ’ἀρχῆς,
1338 5075 1547 5147 Loquar
1587 5075 1913 5146 problemata
1946 5075 2010 5128 ab

454 5170 608 5223 initio
630 5168 806 5242 (Psal.
840 5186 1044 5233 Lxxvu,
1073 5171 1152 5238 2),
1189 5172 1240 5224 in
1265 5169 1452 5224 Graeco
1478 5167 1710 5223 Matthzei
1755 5175 1903 5222 textu
1931 5168 2012 5223 bis

454 5263 638 5318 verbis
652 5263 899 5326 vertitur,
916 5262 1230 5335 Ἑρεύξομαι
1242 5279 1409 5332 κεκρυ
1417 5260 1594 5332 μμὲνα
1602 5261 1708 5315 ἀπὸ
1716 5259 1980 5329 natalicii.
1986 5277 2018 5322 ς

445 5350 682 5426 κόσμου,
721 5353 988 5408 Eructabo
1015 5354 1321 5410 abscondita
1360 5371 1391 5407 a
1423 5354 1794 5409 constitutione
1813 5352 2014 5405 mundi.

456 5447 526 5502 At
555 5465 678 5504 cum
719 5447 1026 5513 Mattheus,
1058 5446 1280 5512 Irenaeo,
1323 5445 1584 5518 Origene,
1618 5445 1852 5502 Eusebio
1897 5444 2014 5514 ipso

452 5549 509 5616 let
557 5540 888 5615 Hieronymo
912 5542 1167 5604 testibus,
1203 5539 1556 5612 Evangelium
1585 5537 1849 5594 Hebraice
1879 5535 2014 5593 scri-

459 5637 650 5703 pserit,
711 5636 870 5706 cujus
919 5635 1197 5706 exemplar
1225 5649 1340 5689 aevo
1371 5629 1682 5702 liieronymi
1731 5632 1786 5686 in
1815 5629 2016 5686 biblio-

459 5726 613 5780 theca
655 5728 1013 5793 Caesariensi,
1065 5743 1092 5780 δ
1151 5724 1441 5802 Pamphilo
1476 5721 1711 5796 Martyre
1761 5722 2011 5786 collecta,

2115 459 2300 514 Graeca
2324 475 2458 516 usus
2491 473 2602 512 non
2630 464 2734 522 est,
2782 456 2874 512 sed
2907 455 3024 525 ipsa
3063 453 3332 510 llebraica
3370 452 3535 508 verba
3566 451 3669 525 Sy-

2112 550 2496 607 ro-Chaidaico
2543 564 2816 615 sermone,
2859 547 3038 619 qualis
3081 554 3212 603 tunc
3259 545 3402 617 apud
3451 544 3670 604 Iudaeos

2114 659 2214 698 usu
2249 642 2520 706 veniebat,
2551 641 2840 710 expressit,
2873 646 2931 692 ut
2977 639 3034 692 in
3078 653 3212 695 voce
3246 637 3469 692 Lamma
3498 636 3671 694 Saba-

2111 733 2289 787 etltani
2321 731 2718 802 deprehendas,
2757 731 2812 785 in
2863 730 3092 800 aliisque
3135 745 3243 784 non
3271 729 3484 801 paucis,
3511 729 3668 800 queis

2110 823 2286 894 palam
2336 830 2422 878 est
2469 821 2776 876 Mattbmum
2828 821 2882 875 in
2936 819 3226 892 Evangelio
3273 836 3373 877 suo
3406 819 3668 880 Hebraice

2111 913 2443 984 conscripto,
2478 911 2654 968 sicubi
2687 912 2804 966 loca
2846 927 2911 967 ex
2964 910 3144 967 Veteri
3194 910 3543 969 Testamento
3575 929 3668 970 oc-

2109 1006 2423 1071 currebant,
2453 1021 2516 1061 ea
2548 1003 2995 1076 Syro-Chaldaico
3016 1019 3264 1062 sermone
3291 1007 3665 1076 expressisse:

2111 1112 2180 1154 an
2209 1113 2339 1154 vero
2369 1098 2586 1168 propria
2621 1096 2710 1152 ille
2730 1097 3170 1166 interpretatione
3203 1097 3275 1152 sit
3313 1112 3467 1166 usus,
3500 1112 3570 1152 an
3601 1115 3666 1155 ex

2111 1191 2217 1245 alia
2259 1191 2412 1261 prius
2467 1189 2731 1246 adornata
2782 1190 3029 1247 versione
3077 1190 3195 1245 loca
3243 1190 3316 1246 sit
3363 1200 3664 1258 mutuatus,

2112 1282 2254 1338 haud
2306 1282 2440 1338 levis
2487 1284 2716 1354 quaestio
2764 1293 2870 1340 est.
2919 1281 3114 1338 Postea
3163 1290 3342 1336 autem
3400 1282 3668 1354 interpres

2110 1373 2350 1439 Graecus,
2373 1375 2498 1446 quis
2522 1376 2612 1432 ille
2639 1375 2802 1431 fuerit
2834 1375 3100 1432 incertum
3119 1389 3244 1431 esse
3275 1381 3460 1428 narrat
3487 1375 3670 1433 Hiero-

2111 1483 2326 1538 nymus,
2384 1467 2498 1522 haec
2553 1467 2773 1540 propria
2822 1466 3266 1538 interpretatione
3298 1465 3538 1532 donavit,
3569 1483 3669 1525 nec

2111 1557 2247 1613 LXX
2281 1559 2724 1629 interpretatione
2744 1567 2828 1615 est
2854 1575 3009 1615 usus.

2111 1711 2172 1762 II.
2203 1712 2418 1762 Joannes
2454 1711 2693 1762 Hebraico
2715 1713 2986 1774 exemplari
3026 1725 3143 1761 usus
3164 1719 3258 1772 est,
3286 1712 3467 1764 Paulus
3504 1719 3666 1764 autem

2553 1774 2720 1823 Graeco
2740 1773 3229 1837 LXX’lnterpretum.

2174 1895 2438 1953 Joannem
2466 1897 2734 1964 similiter,
2775 1906 2959 1968 utpote
3009 1895 3290 1953 Hebreum
3347 1907 3400 1956 et
3445 1915 3511 1955 ex
3561 1897 3669 1955 He-

2105 1988 2266 2045 braeis
2290 1997 2491 2053 ortum,
2537 1991 2612 2044 ait
2637 1990 2904 2046 Eusebius
2933 1990 3000 2045 ad
3031 1993 3299 2063 psalmum
3333 2007 3422 2058 η,
3450 1992 3670 2064 propria

2105 2079 2550 2151 interpretatione
2584 2097 2742 2138 usum
2773 2097 2897 2137 esse
2918 2084 3008 2138 ubi
3042 2084 3301 2156 πτέρναν,
3333 2085 3469 2151 sive,
3500 2085 3672 2141 calca-

2105 2188 2256 2226 neum
2279 2172 2464 2238 vertit,
2500 2188 2609 2243 quo
2641 2173 2761 2228 loco
2784 2171 2924 2227 LXX
2955 2177 3305 2247 πτερνισμὸν,
3337 2175 3390 2230 id
3417 2184 3520 2240 est,
3543 2190 3671 2243 sup-

2103 2263 2518 2332 plantationem,
2575 2273 2890 2336 posuerant.
2942 2263 3146 2321 Contra
3205 2281 3336 2321 vero
3388 2268 3669 2336 apostolus

2106 2353 2330 2418 Paulus,
2353 2355 2434 2410 sic
2461 2354 2746 2421 Eusebius,
2768 2371 2852 2426 ps.
2871 2356 3016 2423 lll,7,
3037 2358 3360 2428 legisperitus
3377 2374 3495 2412 cum
3514 2369 3667 2425 esset,

2106 2444 2163 2500 in
2194 2443 2436 2516 Epistola
2482 2447 2550 2501 ad
2595 2444 2850 2504 ilebmos
2898 2445 3250 2520 Septuaginta
3310 2445 3666 2519 lnterpretum

2107 2535 2356 2590 versione
2375 2542 2457 2590 est
2488 2551 2642 2592 usus.
2678 2535 2802 2592 Haec
2831 2552 2959 2592 vero
2990 2537 3237 2608 pluribus
3266 2537 3320 2592 in
3349 2539 3670 2594 collectione

2109 2623 2501 2696 Hexaplorum,
2539 2641 2570 2681 a
2593 2627 2754 2683 nobis
2782 2628 3094 2699 propediem
3118 2627 3456 2697 adornanda,
3483 2631 3668 2702 explo-

2108 2717 2276 2772 randa
2299 2718 2534 2774 venient.

2181 2842 2272 2893 Ill.
2292 2844 2519 2911 Apostoli
2537 2858 2711 2911 omnes
2733 2849 2966 2911 martyrio
2985 2849 3216 2911 coronati.
3245 2847 3318 2898 Ex
3338 2860 3433 2911 qua
3454 2846 3586 2898 tribu

2429 2909 2610 2970 singuli
2631 2909 2816 2958 fuerint
2837 2909 3144 2972 deprehendi
3162 2916 3339 2972 potest.

2184 3057 2240 3113 In
2271 3057 2420 3113 illum
2442 3058 2632 3128 psalmi
2656 3075 2780 3114 Lxxi
2804 3074 3044 3124 versum,
3065 3058 3135 3113 Et
3161 3059 3466 3115 honorabﬂe
3485 3079 3671 3119 nomen

2110 3167 2290 3207 eorum
2323 3167 2502 3204 coram
2533 3150 2667 3216 illo;
2702 3151 2817 3206 sive
2839 3151 3137 3206 secundum
3162 3150 3563 3223 Symmachum,
3604 3153 3670 3207 Et

2106 3243 2374 3310 pretiosus
2395 3244 2495 3298 erit
2531 3244 2753 3314 sanguis
2793 3259 2974 3297 eorum
3007 3258 3186 3296 coram
3218 3243 3334 3309 illo,
3367 3245 3480 3301 haec
3511 3246 3672 3301 habet

2106 3332 2374 3390 Eusebius
2431 3350 2446 3387 :
2505 3334 2666 3401 Quets
2732 3345 2905 3403 aperte
2958 3351 3128 3389 necem
3181 3335 3394 3390 illorum
3434 3339 3668 3406 (aposto-

2109 3425 2305 3495 lorum)
2367 3425 2736 3489 subindicavit,
2803 3443 2905 3496 qua
2976 3427 3172 3497 singuli
3234 3428 3378 3482 vario
3425 3430 3672 3500 martyrii

2106 3532 2291 3586 genere
2327 3516 2504 3584 aﬂ'ecti
2541 3529 2685 3582 sunt,
2727 3533 2790 3570 ac
2833 3517 2970 3570 alius
2999 3518 3104 3572 alio
3131 3517 3305 3582 modo,
3337 3517 3399 3572 ob
3435 3520 3672 3574 testimo-

2109 3608 2257 3661 nium
2287 3607 2350 3661 de
2382 3607 2476 3662 illo
2517 3609 2724 3674 datum,
2771 3606 3044 3678 sanguinis
3089 3625 3306 3678 agonem
3353 3610 3534 3666 subiit.
3591 3610 3671 3668 Ex

2109 3699 2474 3754 monumentis
2503 3709 2679 3754 autem
2696 3700 2882 3765 certis,
2901 3715 3021 3770 qua:
3045 3700 3158 3768 jam
3187 3711 3501 3770 supersunt,
3526 3703 3668 3758 haud

2113 3787 2266 3844 facile
2293 3797 2376 3845 est
2413 3789 2753 3860 singulorum
2777 3791 3148 3860 apostolorum
3177 3791 3498 3861 martyrium
3524 3807 3672 3848 com-

2112 3881 2360 3950 probare.
2397 3879 2595 3935 Verum
2645 3880 2934 3945 Eusebius,
2970 3891 3029 3936 ut
3068 3885 3383 3953 apostolicis
3417 3885 3672 3956 tempori-

2113 3976 2214 4030 bus
2247 3975 2496 4036 vieinior,
2540 3975 2717 4046 potuit
2749 3973 2979 4030 forsitan
3008 3974 3076 4030 de
3123 3977 3392 4049 cujusque
3441 3978 3670 4050 apostoli

2109 4065 2370 4138 martyrio
2397 4067 2660 4122 Certiores
2693 4075 2849 4122 notas
2879 4068 3142 4124 invenire.
3178 4067 3274 4125 Est
3293 4085 3422 4124 vero
3455 4071 3542 4124 illa
3557 4070 3670 4140 jam

2109 4173 2210 4214 usu
2243 4173 2377 4228 pene
2405 4167 2618 4229 recepta
2642 4158 2826 4227 Opinio
2853 4161 3129 4228 apostolos
3158 4177 3346 4218 omnes
3381 4177 3479 4232 pro
3511 4161 3672 4217 Chri-

2110 4257 2196 4304 sto
2222 4264 2415 4319 psssos
2441 4265 2583 4313 esse,
2616 4249 2716 4305 etsi
2745 4265 2856 4304 non
2887 4250 3068 4306 desint
3095 4253 3185 4320 qui
3217 4269 3378 4309 secus
3401 4254 3671 4309 arbitren-

2108 4353 2218 4398 tur.
2246 4341 2446 4397 Verum
2476 4357 2540 4396 ea
2577 4343 2631 4396 in
2663 4358 2720 4398 re
2766 4358 3025 4414 perquam
3054 4343 3269 4401 diilicile
3298 4355 3380 4401 est
3405 4346 3670 4417 explorati

2044 4452 2087 4507 ι)
2111 4434 2387 4506 quidpiam
2412 4435 2604 4489 afferre
2637 4455 2650 4490 :
2686 4450 2807 4490 nam
2838 4437 3135 4506 apostolica
3165 4447 3404 4510 tempora
3440 4448 3488 4495 et
3522 4447 3672 4510 gesta

2119 4531 2288 4585 tantis
2317 4538 2442 4584 sunt
2473 4530 2716 4587 tenebris
2739 4529 2931 4594 offusa,
2967 4539 3025 4585 ut
3051 4546 3149 4586 nec
3173 4531 3266 4587 ubi
3284 4539 3508 4587 mortem
3533 4531 3677 4586 obie-

2115 4629 2225 4677 riut
2255 4622 2510 4693 apostoli,
2558 4624 2749 4693 paucis
2797 4624 3060 4695 exceptis,
3095 4640 3197 4680 nec
3243 4639 3380 4694 quas
3406 4623 3556 4679 orbis
3589 4639 3674 4678 re-

2114 4715 2301 4783 giones
2322 4714 2678 4784 peragrarint,
2704 4715 2779 4770 ita
2797 4715 3082 4786 perspicue
3107 4717 3314 4770 narrari
3340 4717 3531 4786 possit.
3565 4714 3674 4770 Nec

2114 4806 2275 4860 modo
2307 4807 2556 4876 quaajam
2584 4807 2873 4862 traduntur
2893 4808 3096 4862 incerta
3126 4817 3286 4875 sunt;
3311 4807 3405 4863 sed
3437 4809 3597 4862 etiam
3627 4807 3674 4860 si

2112 4914 2216 4969 qua
2231 4898 2296 4952 ab
2308 4898 2558 4961 Eusebio,
2575 4907 2628 4953 et
2648 4914 2679 4953 a
2705 4901 2900 4955 coawis
2921 4908 3014 4954 aut
3036 4901 3362 4971 supparibus
3393 4898 3675 4968 scriptori-

2113 4987 2218 5043 bus
2239 4989 2466 5060 carptim
2481 4987 2547 5043 de
2564 4988 2670 5043 illis
2688 4987 3058 5058 proferantur,
3077 5006 3183 5045 non
3210 4991 3282 5044 ita
3316 4990 3461 5045 clare
3484 5005 3676 5044 recen-

2114 5089 2320 5136 sentur.
2348 5078 2503 5144 Quod
2531 5086 2710 5132 autem
2742 5079 2816 5131 ait
2846 5076 3134 5142 Eusebius,
3160 5081 3213 5133 in
3232 5080 3370 5149 psal.
3396 5094 3564 5139 ωινιι,
3597 5077 3668 5131 28

2113 5173 2178 5228 ad
2213 5173 2369 5226 linem
2393 5191 2404 5225 :
2430 5169 2489 5224 Si
2502 5170 2617 5239 quis
2629 5185 2744 5223 vero
2765 5185 2854 5236 per
2877 5171 3036 5224 otium
3057 5180 3302 5225 accurate
3324 5169 3672 5240 perquisierit,

2114 5265 2363 5335 cujusque
2386 5261 2612 5331 apostoli
2662 5260 2852 5314 tribum
2889 5263 3103 5330 reperiet
3142 5275 3160 5314 :
3201 5279 3324 5315 nam
3351 5261 3516 5314 cuivis
3541 5273 3680 5329 gum-

2114 5355 2249 5410 renti
2271 5353 2432 5408 datur
2461 5370 2493 5406 a
2520 5351 2794 5408 Servatore
2823 5353 3117 5408 inveniendi
3151 5353 3466 5422 promissio;
3499 5352 3575 5416 id,
3594 5352 3676 5404 iu-

2114 5461 2301 5518 quam,
2331 5444 2550 5501 Eusebii
2579 5459 2693 5500 aevo
2729 5443 2960 5501 fortasse
2997 5453 3210 5516 poterat
3243 5461 3310 5501 ex
3356 5458 3685 5499 monumen--

2115 5539 2185 5594 tis
2214 5545 2456 5592 veterum
2502 5536 2793 5608 explorari.
2840 5535 2959 5591 Jam
3003 5553 3132 5594 vero
3162 5552 3284 5592 cum
3319 5550 3509 5592 eorum
3540 5534 3680 5590 bene

2115 5629 2284 5682 multa
2316 5626 2514 5682 fuerint
2543 5634 2811 5682 vetustate
2832 5626 3121 5682 obliterata
3149 5632 3205 5681 et
3227 5625 3525 5691 exstincta;
3563 5621 3679 5678 fru-

2119 5729 2253 5788 stra,
2302 5729 2360 5778 ut
2405 5722 2660 5798 arbitror,
2695 5728 2971 5792 quaeratur
3021 5736 3086 5777 ex
3141 5735 3247 5790 qua
3301 5718 3444 5776 tribu
3478 5715 3681 5791 singuli
