4042 6210
372 292 436 347 57
1162 289 1658 349 COMMENTABIA
1694 291 1762 347 ΙΝ
1791 291 2124 352 PSALMOS.
2163 327 2232 336 -—
2255 289 2808 356 PRA‘ILIMINARIA:
3525 307 3596 367 εδ

376 409 610 479 apostoli
641 407 946 478 prodierint
981 428 993 463 :
1025 411 1167 479 quod
1190 411 1352 464 etiam
1386 410 1432 466 si
1466 409 1796 482 deprehendi
1821 427 1942 483 pos-
1966 419 2010 475 Α
2042 415 2246 481 sebius,
2280 413 2496 470 Hilario
2527 427 2580 472 ct
2611 416 2849 473 fortasse
2895 419 2985 473 alit
3019 417 3228 490 perrarl
3278 423 3332 478 in
3363 423 3594 482 desertis

377 511 480 564 set,
517 517 626 555 non
650 515 844 571 magno
875 516 1048 572 operte
1068 501 1238 570 pretio
1273 501 1442 556 ﬁeret.

378 594 461 645 IV.
485 594 562 643 An
605 592 957 654 prophetarum
1004 593 1346 716 ἰιέςΐιὶέεὲἓῖηεό
1386 595 1626 644 Joannem
1669 595 1934 658 Baptistam

447 735 636 805 Neque
670 737 793 792 item
817 737 1045 806 probatu
1070 735 1226 793 facile
1245 747 1331 793 est
1356 739 1503 808 quod
1535 740 1610 794 ait
1639 740 1931 804 Eusebius,

383 827 524 897 psal.
554 843 741 891 uxm,
772 829 825 893 8,
851 826 1007 890 9,10,
1027 827 1407 897 prophetarum
1425 829 1822 886 successionem
1843 845 1935 884 us-

386 931 491 986 que
513 917 576 970 ad
606 914 861 972 Joannem
890 917 1181 989 Baptistam
1205 921 1488 977 devenisse
1517 941 1530 976 :
1557 935 1682 975 nam
1711 936 1777 976 ex
1811 921 1933 976 libri

392 1005 806 1066 Machabreorum
869 1017 923 1064 et
985 1006 1153 1063 Flavii
1174 1007 1394 1081 Iosephi
1425 1010 1758 1075 testimonio,
1803 1008 1934 1064 Per-

389 1111 562 1151 sarum
595 1105 835 1168 tempore
849 1098 1009 1154 desiit
1037 1101 1128 1154 illa
1159 1103 1539 1171 prophetarum
1564 1103 1762 1168 series;
1786 1107 1934 1157 utne

388 1189 469 1243 vel
483 1203 642 1242 unum
659 1203 690 1242 a
705 1187 973 1245 Nehemite
983 1193 1313 1262 temporibus
1326 1192 1639 1262 prophetam
1656 1193 1933 1264 assignare

385 1279 580 1334 valeas.
599 1278 776 1345 Quare
796 1282 1006 1336 aestimo
1023 1281 1242 1339 Eusebii
1261 1283 1464 1339 dictum
1481 1298 1589 1337 non
1606 1284 1672 1339 ad
1698 1285 1930 1340 litteram

382 1369 754 1439 accipiendum
776 1387 930 1439 esse;
957 1374 1051 1428 sed
1078 1373 1319 1430 indicare
1344 1376 1520 1430 solum
1542 1375 1711 1446 legem
1733 1386 1785 1432 et
1805 1393 1932 1447 pro.

383 1459 571 1528 phetas
605 1460 660 1514 in
693 1459 953 1517 Joannem
981 1463 1280 1535 Baptistam
1303 1465 1576 1528 desinere,
1603 1467 1734 1536 quin
1773 1476 1929 1539 neget

381 1548 744 1608 intermissam
773 1554 1066 1626 aliquando
1090 1555 1258 1612 fuisse
1288 1557 1670 1636 pr0phetarum
1710 1575 1932 1616 succes-

379 1642 609 1699 sionem.

381 1729 418 1779 ν
467 1733 708 1800 Eusebius
728 1735 912 1800 labitur
930 1738 1044 1800 dum
1077 1738 1334 1800 monachos
1356 1754 1380 1788 a
1407 1739 1692 1800 Symmacho
1743 1753 1930 1789 memo-

441 1796 537 1842 rari
574 1802 730 1856 putat.
756 1824 817 1832 —
844 1797 925 1845 Vl.
949 1799 1166 1847 Monacbi
1191 1803 1376 1860 perrari
1405 1796 1625 1863 tempore
1651 1803 1869 1851 Eusebii.

449 1875 531 1932 Ad
559 1877 704 1932 hunc
732 1895 948 1936 versum
974 1881 1165 1951 psalmi
1199 1898 1366 1948 vau,
1393 1886 1498 1950 Qui
1527 1885 1824 1938 inhabitare
1847 1884 1930 1953 [a-

375 1964 449 2017 cit
504 1967 660 2021 unius
713 1970 876 2024 moris
941 1971 993 2024 in
1044 1971 1220 2036 domo,
1278 1981 1520 2028 veterum
1573 1974 1927 2042 interpretum

375 2058 664 2113 lectionem
729 2060 881 2115 aﬂ‘ert
927 2060 1211 2127 Eusebius,
1291 2063 1384 2118 ubi
1445 2063 1753 2134 Symmachi
1809 2079 1932 2118 ver-

379 2147 464 2201 sio
517 2149 597 2202 sic
648 2150 808 2206 habet
836 2170 850 2206 :
881 2151 1102 2206 Δίδωσιν
1149 2156 1316 2208 οἰκεῖν
1347 2155 1594 2225 μοναχοῖς
1621 2153 1795 2207 οἰκίαν
1825 2171 1839 2185 ⁸
1875 2155 1929 2210 id

374 2245 500 2294 est:
530 2239 632 2292 Dat
672 2240 1069 2295 inhabitandam
1103 2245 1372 2298 monachis
1401 2243 1612 2296 domum
1643 2258 1664 2306 ;
1698 2259 1820 2297 nam
1856 2243 1929 2298 ita

375 2343 478 2385 nos
510 2332 769 2387 vertimus
801 2335 928 2404 quia
977 2334 1242 2391 Eusebius
1289 2335 1356 2389 de
1410 2334 1692 2390 monachis
1751 2335 1928 2389 locum

372 2420 610 2489 explicat
644 2439 659 2476 :
707 2423 830 2486 etsi,
860 2438 979 2479 mea
1016 2425 1233 2494 quidem
1277 2425 1567 2490 sententia,
1597 2440 1703 2479 non
1736 2439 1927 2478 mona-

328 2498 336 2506 ’
371 2510 598 2566 chorum
629 2512 940 2568 institutum
974 2515 1062 2569 hic
1091 2513 1448 2586 Symmachus
1487 2514 1778 2585 respiciat,
1830 2514 1928 2570 sed

373 2602 648 2657 solitarios
677 2605 972 2674 generatim
999 2606 1291 2675 quoslibet.
1314 2605 1530 2661 Atenim
1553 2621 1661 2676 quo
1682 2612 1924 2674 tempore

374 2689 735 2763 Symmachus
760 2696 1066 2750 versionem
1096 2711 1250 2752 suam
1310 2698 1674 2762 concinnavit,
1718 2698 1925 2752 scilicet

373 2781 634 2854 Septimio
653 2785 939 2850 Severo,ut
954 2787 1130 2842 verior
1145 2787 1248 2843 l'ert
1261 2788 1466 2858 opinio,
1485 2787 1803 2858 imperante,
1820 2803 1932 2844 mo-

373 2877 669 2931 nachorum
696 2894 763 2933 ne
781 2894 976 2934 nomen
995 2880 1209 2950 quidem
1229 2888 1413 2935 notum
1433 2889 1570 2947 erat,
1589 2895 1765 2950 neque
1785 2880 1927 2938 ullus

373 2971 505 3021 tunc
521 2967 575 3021 in
599 2970 730 3024 orbe
761 2970 1082 3032 monachus.
1105 2971 1208 3028 nisi
1230 2973 1460 3028 fortasse
1483 2973 1537 3027 in
1569 2971 1928 3042 penitioribus

2041 511 2095 559 et
2125 504 2364 561 latibulis
2395 507 2646 576 agebant.
2679 507 2794 563 Sub
2824 509 2939 564 huic
2963 519 3143 566 autem
3175 511 3380 570 Hilario
3409 516 3462 570 in
3498 516 3598 570 Pa-

2042 596 2250 651 laestina
2283 605 2336 652 et
2372 597 2528 670 Syria
2569 601 2764 656 mirum
2817 603 2872 657 in
2928 602 3148 658 modum
3205 607 3595 664 monachorum

2042 687 2348 745 institutum
2380 692 2552 758 ausit,
2607 700 2661 747 et
2707 702 2840 754 tunc
2884 697 3219 753 monasteria
3264 699 3402 756 bene
3430 704 3596 759 multa

2039 780 2254 836 condita
2286 789 2432 836 sunt.

2312 896 2417 947 VII.
2445 897 2712 961 Martyrum
2749 902 2994 951 cruciatus
3025 901 3320 966 singulares.

2108 999 2402 1071 Martyrum
2415 1003 2496 1056 sui
2512 1003 2769 1072 temporis
2784 1007 3138 1071 cruciatus,in
3151 1007 3265 1062 haec
3275 1008 3436 1062 verba
3453 1009 3567 1079 psal
3577 1037 3598 1052 ο

2036 1088 2111 1143 mi
2131 1089 2302 1158 (Psal.
2317 1105 2439 1154 uv,
2457 1091 2834 1160 l0):Quoniam
2848 1094 3081 1162 probasti
3091 1093 3592 1167 nos,Deus,ignenos

2034 1183 2351 1238 cxaminasti
2397 1184 2534 1236 sicut
2577 1185 2914 1240 examinalur
2957 1197 3245 1256 argentum,
3279 1202 3385 1242 non
3418 1189 3592 1245 obiter

2035 1273 2293 1328 describit
2313 1273 2598 1331 Eusebius.
2616 1275 2693 1330 Ac
2720 1276 2845 1332 licet
2866 1276 2921 1331 in
2936 1276 3178 1332 Historia
3219 1280 3590 1347 ecclesiastica,

2035 1361 2101 1416 de
2124 1361 2398 1417 Maximini
2429 1366 2742 1421 carniﬁcina
2769 1382 2955 1437 agens,
2985 1370 3276 1424 multorum
3297 1379 3590 1442 martyrum

2033 1468 2234 1524 agones
2266 1454 2630 1524 descripserit,
2671 1458 2758 1511 hic
2789 1466 2968 1514 tamen
2999 1461 3259 1514 nonnulla
3289 1462 3451 1532 tangit
3480 1464 3585 1518 sin-

2034 1546 2260 1617 gularia,
2293 1563 2395 1602 nec
2426 1547 2564 1604 forte
2621 1549 2749 1604 alibi
2799 1551 3102 1612 enuntiata,
3162 1569 3215 1607 v.
3253 1552 3429 1622 g.:Et
3476 1571 3595 1608 vero

2031 1635 2336 1706 plerumque
2365 1637 2441 1690 rel
2484 1638 2715 1708 pupillas
2767 1639 3036 1694 oculorum
3085 1641 3444 1706 verberabant,
3468 1643 3593 1698 dum

2033 1725 2206 1794 capita
2233 1724 2548 1779 athletarum
2587 1725 2685 1780 Dei
2733 1728 2900 1799 plagis
2935 1728 3210 1786 crederent.
3241 1732 3592 1786 Atrocitatem

2030 1830 2159 1870 vero
2211 1815 2595 1885 suppliciorum
2654 1818 2877 1888 subjicit
2934 1819 3020 1874 his
3076 1822 3307 1878 verbis:
3366 1822 3593 1877 Ferrum

2030 1907 2235 1977 quippe,
2261 1917 2310 1961 et
2344 1907 2485 1976 ferro
2530 1907 2684 1962 illata
2707 1911 2965 1979 supplicia
2986 1951 3002 1976 ,
3047 1912 3256 1984 aliaque
3283 1915 3466 1968 mortis
3504 1932 3591 1985 ge-

2029 2016 2304 2070 nera,quw
2333 2002 2565 2055 maxima
2591 2017 2714 2070 pars
2748 2014 2983 2058 nostrum
3005 2007 3274 2070 sustinuit,
3306 2023 3400 2076 pro
3427 2008 3590 2064 nihilo

2029 2099 2399 2159 computantur
2433 2107 2497 2145 ea:
2534 2091 2850 2148 deteriorum
2891 2099 3301 2164 comparatione.
3358 2098 3591 2166 Quamo-

2031 2179 2170 2235 brem
2200 2182 2309 2236 haec
2332 2183 2539 2253 quidem
2581 2192 2833 2238 tacemus.
2881 2185 3021 2252 Quia
3049 2204 3166 2241 vero
3195 2189 3329 2243 inter
3359 2192 3587 2256 atrocia,

2030 2273 2165 2327 nihil
2227 2275 2492 2331 crudelius
2555 2293 2674 2332 nece
2724 2293 2815 2347 per
2859 2279 3030 2348 ignem
3085 2289 3134 2333 et
3190 2297 3382 2350 aquam
3435 2283 3589 2338 illata

2027 2366 2381 2433 existimatur,
2419 2368 2528 2422 lucc
2584 2386 2678 2423 nos
2725 2385 2992 2439 perpessos
3037 2370 3283 2428 dicimus.
3309 2371 3451 2427 Nam
3491 2375 3588 2428 alii

2028 2464 2265 2508 nostrum
2295 2457 2349 2512 in
2384 2461 2520 2513 mari
2547 2470 2595 2514 et
2627 2461 2679 2515 in
2707 2461 3014 2530 ﬂuminibus
3047 2461 3269 2518 demersi
3315 2475 3458 2529 sunt,
3493 2467 3587 2520 alii

2026 2543 2160 2613 ignis
2185 2548 2493 2615 supplicium
2513 2551 2742 2607 luerunt.
2763 2552 2827 2606 Et
2843 2566 3034 2609 caetera
3055 2573 3173 2626 quae
3202 2557 3378 2613 fusius
3403 2558 3478 2614 ibi
3501 2559 3590 2614 ille

2028 2635 2394 2704 prosequitur.

2107 2743 2235 2795 Vlll.
2257 2745 2413 2797 Judaei
2433 2747 2849 2810 Jerosolymorum
2872 2752 3006 2801 aditu
3027 2751 3301 2815 interclusi,
3319 2766 3492 2816 quare.

2096 2873 2246 2931 Trita
2270 2891 2358 2932 res
2390 2884 2442 2932 et
2463 2878 2594 2932 nulli
2629 2893 2738 2933 non
2771 2888 2896 2934 nota
2923 2888 3028 2963 est,
3057 2878 3259 2936 Iudaeis
3297 2892 3583 2953 postquam

2025 2966 2404 3026 Barchocheba
2453 2971 2589 3026 duce
2617 3011 2632 3035 ,
2674 2971 2939 3028 seditione
2979 2973 3153 3038 facta,
3208 2973 3312 3028 sub
3347 2973 3584 3032 Adriano

377 3055 594 3129 ὣς]μὶ
627 3060 953 3125 recessibus,
985 3060 1154 3118 fuisse
1197 3071 1434 3134 putatur.
1488 3064 1668 3130 Quare
1702 3063 1790 3117 hic
1823 3078 1925 3117 vox
1953 3101 1994 3160 ϐ
2027 3062 2268 3132 principe
2314 3065 2480 3119 armis
2513 3066 2724 3121 subacti
2756 3081 2819 3120 ac
2850 3081 2985 3136 pene
3013 3067 3382 3125 internecione
3425 3069 3582 3126 deleti

377 3148 607 3218 μοναχός
637 3163 736 3218 pro
771 3149 1014 3204 solitario
1064 3154 1302 3222 quolibet
1342 3153 1398 3208 in
1446 3168 1666 3208 secessu
1707 3153 1925 3224 degenti

374 3239 728 3309 accipienda;
766 3254 874 3295 non
910 3256 1008 3311 pro
1041 3244 1341 3309 monachis,
1393 3260 1622 3315 quorum
1671 3260 1700 3299 a
1729 3255 1929 3318 quarto

373 3332 576 3386 saeculo
627 3331 934 3387 institutum
975 3333 1176 3390 ﬂoruit.
1229 3333 1362 3389 Nam
1411 3336 1540 3406 quia
1587 3337 1737 3393 solus
1781 3339 1927 3394 vivat

367 3431 578 3490 oportet
607 3423 698 3492 qui
730 3424 859 3479 velit
886 3425 1078 3480 abesse
1097 3440 1127 3477 a
1158 3425 1419 3480 malorum
1445 3427 1743 3490 consortio,
1774 3435 1928 3497 quot-

367 3519 502 3580 quot
532 3512 869 3568 declinanda:
903 3513 1219 3585 frequentiae
1273 3529 1438 3570 causa
1489 3515 1542 3569 in
1577 3531 1800 3572 secessu
1831 3517 1926 3573 de-

366 3605 586 3671 gebant,
622 3605 841 3676 μοναχοί
871 3604 1056 3662 Graece
1083 3605 1482 3662 vocitabantur.
1519 3607 1768 3662 Attamen
1806 3623 1929 3678 quae

363 3693 433 3751 de
465 3696 751 3751 monachis
779 3697 867 3752 hic
916 3699 1081 3754 habet
1133 3697 1402 3755 Eusebius
1453 3715 1561 3753 non
1604 3701 1927 3768 praetermit—

361 3785 530 3841 tenda
564 3805 578 3841 :
609 3786 825 3842 Primus
856 3789 1050 3859 itaque,
1082 3788 1179 3853 ait,
1213 3787 1342 3844 ordo
1368 3805 1548 3842 eorum
1575 3789 1665 3858 qui
1695 3790 1748 3842 in
1769 3786 1926 3843 Chri-

362 3891 444 3934 sto
482 3879 786 3948 proﬁciunt,
829 3889 904 3934 est
937 3879 1332 3935 monachorum.
1370 3879 1473 3934 Sed
1507 3879 1620 3933 rari
1666 3890 1787 3933 sunt
1816 3879 1922 3945 illi,

358 3986 530 4042 quare
557 3969 840 4024 secundum
869 3971 1139 4042 Aquilam,
1170 3969 1433 4040 Unigeniti
1467 3969 1565 4024 Dei
1589 3969 1757 4022 vocati
1779 3979 1921 4034 sunt,

359 4063 563 4118 similes
595 4063 725 4130 [acti
754 4065 1019 4134 unigenito
1056 4062 1199 4117 Filio
1228 4061 1326 4117 Dei
1351 4081 1370 4117 :
1393 4064 1678 4118 secundum
1703 4063 1922 4134 Septua-

356 4159 511 4227 ginta
545 4152 859 4223 Interpretes
895 4163 1088 4216 autem,
1123 4155 1302 4218 unius,
1359 4171 1462 4208 non
1518 4155 1708 4208 diversi
1761 4155 1923 4208 moris

359 4255 508 4310 sunt,
546 4261 706 4315 neque
734 4244 954 4299 subinde
983 4260 1176 4297 morem
1228 4245 1474 4308 variant;
1503 4247 1594 4300 sed
1640 4261 1800 4299 unum
1829 4263 1922 4300 co-

2027 3159 2174 3218 sunt,
2204 3151 2660 3226 Jerosolymorum
2712 3156 2915 3210 aditum
2976 3157 3328 3214 interclusum
3377 3159 3583 3228 fuisse;

2025 3258 2343 3299 concessum
2396 3253 2575 3300 tamen
2631 3253 2689 3300 ut
2731 3248 3026 3316 quotannis
3063 3249 3128 3304 ad
3167 3260 3346 3308 certos
3385 3253 3584 3310 limites

2024 3334 2241 3406 lugendi
2305 3351 2470 3391 causa
2526 3338 2769 3406 proxime
2830 3341 3019 3394 urbem
3085 3343 3427 3400 accederent.
3481 3345 3576 3400 Ve-

2025 3441 2146 3481 rum
2207 3425 2473 3483 Eusebius
2541 3429 2608 3482 ad
2673 3445 2830 3484 suum
2902 3447 3074 3500 usque
3150 3441 3361 3502 tempus
3437 3435 3582 3491 hunc

2025 3533 2229 3574 morem
2291 3519 2472 3590 vigere
2527 3521 2780 3590 graphice
2838 3531 3023 3574 narrat
3077 3523 3163 3578 his
3221 3525 3453 3580 verbis:
3495 3525 3583 3578 Ir-

2026 3619 2228 3663 ruentes
2257 3608 2500 3675 Romani,
2546 3611 2699 3664 dictis
2744 3611 3050 3678 propheticis
3083 3613 3237 3682 ﬁnem
3259 3613 3579 3668 intulerunt:

2024 3695 2276 3765 siquidem
2316 3696 2566 3749 victorum
2631 3697 2757 3766 lege,
2825 3699 3076 3753 universa:
3130 3698 3374 3755 Judaicte
3439 3704 3580 3773 genti

2024 3784 2172 3838 aditu
2223 3784 2454 3838 locorum
2500 3786 2832 3839 interdictum
2864 3796 2940 3841 est
2973 3803 2993 3841 :
3033 3787 3346 3843 inevitabilis
3398 3789 3583 3859 quippe

2026 3876 2150 3946 legis
2176 3866 2648 3946 tiansgressoribus
2677 3877 2932 3945 impendet
2963 3877 3114 3933 ultio.
3141 3878 3489 3946 Quamobrem
3513 3881 3580 3932 ad

2023 3969 2158 4022 hanc
2184 3985 2339 4039 usque
2369 3967 2524 4032 diem,
2549 3968 2616 4020 ad
2646 3980 2811 4023 certos
2843 3971 3086 4024 terminos
3125 3971 3179 4024 in
3229 3971 3452 4025 circuitu
3492 3987 3582 4024 ac-

2024 4057 2276 4123 cedentes,
2303 4060 2485 4127 procul
2505 4059 2796 4112 consistunt
2823 4073 2841 4112 :
2870 4076 3031 4130 neque
3064 4061 3233 4114 solum
3259 4055 3414 4124 illud,
3444 4060 3580 4130 quod

2023 4168 2232 4206 sacrum
2275 4153 2400 4206 aliut
2427 4150 2788 4220 reputabatur.
2813 4153 2891 4205 vel
2920 4153 3104 4220 procul
3134 4154 3425 4221 conspicere
3452 4154 3579 4222 ipsis

2022 4243 2348 4306 conceditur;
2381 4242 2470 4297 sed
2490 4243 2634 4311 [oras
2651 4243 3046 4309 circumeuntes,
3072 4243 3380 4312 Scriptum,
3397 4243 3461 4298 de
3475 4262 3579 4314 qua

361 4340 498 4405 (unt.
647 4338 715 4392 ad
741 4339 951 4393 υξγηιιξε
984 4354 1229 4392 cacumen
1282 4337 1508 4392 αάυρηξι,
1549 4337 1704 4408 Ipso;
1744 4340 1930 4393 autem’
2014 4331 2131 4399 jam
2164 4333 2357 4402 agitur,
2388 4331 2542 4401 ﬁdem
2574 4332 2874 4396 conciliant,
2906 4331 3138 4386 dicenti:
3165 4351 3182 4383 ι
3209 4331 3583 4388 Cont'ertentur

363 4434 522 4485 unius
551 4448 715 4498 sonte,
737 4430 1110 4498 Quintaeditio
1141 4431 1361 4496 vocavit,
1380 4441 1434 4484 ut
1472 4441 1589 4501 pate
1611 4433 1701 4502 qui
1733 4433 1920 4487 solita-

2026 4421 2088 4475 od
2113 4437 2393 4490 uesperam,
2417 4430 2466 4474 et
2497 4421 2689 4488 famem
2718 4421 2984 4489 patientur
3019 4429 3076 4472 ut
3108 4435 3282 4486 canes,
3305 4430 3353 4472 et
3396 4420 3580 4473 circui-

363 4522 433 4573 rii
455 4531 500 4573 et
519 4525 926 4589 prwciuctisinl.
943 4522 1007 4576 Et
1025 4523 1078 4576 in
1098 4523 1234 4592 psal.
1251 4538 1480 4587 Lxxxnt,
1502 4524 1536 4576 4
1571 4544 1584 4580 :
1608 4523 1653 4577 E
1669 4541 1723 4580 re
1745 4535 1920 4602 autem

360 4609 582 4676 dixeris,
614 4616 875 4683 expeditos
908 4615 1027 4669 illos
1047 4615 1259 4680 milites,
1286 4617 1374 4685 qui
1395 4618 1736 4671 monasticam
1759 4619 1918 4672 vitam

362 4709 591 4776 amplexi
613 4721 754 4774 sunt,
789 4729 882 4781 pro
903 4711 1202 4782 passeribus
1230 4711 1500 4766 habendos
1534 4728 1678 4775 esse;
1717 4730 1803 4768 eos
1831 4731 1920 4768 au-

363 4808 465 4853 tem
495 4799 583 4868 qui
613 4800 783 4856 liberis
805 4802 936 4857 dant
968 4818 1200 4872 operam,
1226 4819 1287 4856 ac
1304 4802 1520 4874 reliquis
1551 4805 1671 4858 vita:
1696 4805 1916 4875 negotiis

356 4900 408 4945 et
441 4890 580 4944 curis
627 4908 682 4944 se
723 4893 935 4957 dedunt,
967 4896 1190 4950 turturis
1233 4896 1391 4949 vicem
1423 4911 1595 4966 agere.
1635 4895 1753 4961 Quo
1779 4903 1919 4950 tem-

359 4998 492 5053 pore
541 4981 704 5052 igitur
746 4983 1011 5041 Eusebius
1065 4988 1180 5042 haec
1226 4987 1493 5043 scriberet
1550 4987 1804 5056 perpauci
1861 4988 1915 5044 in

357 5075 489 5128 orbe
518 5072 768 5128 monachi
796 5085 972 5140 erant,
1001 5092 1064 5131 ac
1093 5079 1314 5133 nonnisi
1352 5078 1404 5132 in
1450 5077 1685 5149 Egypto
1723 5093 1916 5132 mona-

355 5165 554 5220 Sticum
587 5179 760 5235 genus
796 5163 1260 5234 frequentabatur,
1293 5172 1611 5226 auctoribus
1650 5169 1909 5232 Antonio,

353 5256 472 5327 qui,
508 5272 651 5311 anno
683 5257 816 5323 ΞΗ,
860 5259 1112 5312 monachi
1153 5269 1358 5316 statum
1414 5264 1718 5334 amplexus,
1756 5263 1916 5316 innu-

351 5364 536 5404 meros
565 5351 813 5420 exemplo
851 5365 952 5404 suo
1003 5350 1218 5419 pellexit
1257 5355 1326 5407 ad
1358 5370 1540 5424 parem
1567 5357 1691 5409 vita:
1721 5354 1914 5410 condi-

353 5443 555 5496 tionem
586 5442 1049 5514 amplectendam;
1085 5442 1400 5511 Pachomio,
1424 5449 1516 5518 qui
1558 5449 1612 5502 in
1637 5448 1914 5504 Thebaide

352 5535 713 5590 monasticum
752 5550 924 5605 genus
967 5536 1164 5590 mirum
1212 5536 1268 5591 in
1317 5536 1533 5592 modum
1585 5539 1825 5603 adauxit,
1859 5545 1914 5594 et

354 5623 564 5681 Amune
593 5614 876 5692 Nitrieusi,
903 5626 1263 5696 complurium
1297 5628 1752 5682 monasteriorum
1787 5627 1912 5682 fun-

336 5714 565 5775 tdatore.
601 5715 662 5774 In
693 5717 981 5777 Palaestina
1021 5732 1171 5784 vero,
1225 5716 1319 5774 ubi
1348 5715 1506 5776 sedes
1541 5717 1770 5774 habebat
1801 5718 1910 5776 Eu-

2021 4512 2145 4564 bunt
2176 4513 2453 4565 civitatem.
2494 4530 2511 4561 ι
2546 4509 2718 4582 (Psal.
2749 4525 2902 4573 Lvm,
2979 4510 3067 4578 7.)
3105 4508 3343 4579 ldipsum
3383 4510 3580 4579 repetit

2018 4600 2072 4654 in
2089 4601 2224 4670 psal.
2245 4617 2387 4662 LXIX,
2421 4599 2512 4664 26,
2539 4599 2838 4669 adjicitque
2881 4599 3087 4652 nullum
3117 4597 3465 4671 Jerosolymis
3479 4599 3576 4654 Ju-

2017 4695 2252 4749 daaorum
2271 4692 2599 4748 domicilium
2619 4709 2919 4763 superesse,
2938 4693 2991 4746 in
3009 4707 3114 4762 quo
3141 4691 3308 4746 αι’ωεὶ
3339 4692 3579 4748 habitare

2016 4779 2245 4849 possint,
2275 4794 2461 4833 verum
2484 4780 2665 4835 excisa
2691 4781 2870 4834 ouu'iia
2893 4795 2955 4835 ac
2988 4779 3230 4835 funditus
3249 4781 3422 4836 deleta
3454 4782 3577 4836 uni-

2017 4887 2278 4942 versaque
2305 4887 2529 4942 prorsus
2559 4872 2691 4942 ipsis
2715 4872 2924 4927 sublata
2967 4870 3135 4927 fuisse
3161 4891 3176 4940 ;
3203 4872 3274 4926 ita
3303 4880 3361 4942 ut
3395 4887 3578 4929 sacer-

2015 4962 2224 5028 dotum,
2254 4962 2673 5019 Sadduczeorum
2720 4971 2774 5018 et
2827 4961 3224 5019 Pharisaeorum
3269 4979 3338 5018 ne
3380 4978 3578 5019 nomen

2015 5056 2230 5127 quidem
2255 5063 2582 5142 superesset.

2288 5147 2368 5197 IX.
2391 5147 2699 5198 Traditioues
2736 5147 2955 5210 quadam
2992 5146 3290 5197 Iudaeorum.

2084 5252 2430 5308 Hebraeorum
2474 5251 2817 5306 traditionem
2849 5250 2926 5303 ait
2952 5265 3106 5316 esse,
3151 5265 3298 5304 mare
3330 5247 3570 5302 Rubrum

2014 5348 2069 5402 in
2096 5346 2369 5402 duodecim
2412 5346 2666 5401 sectiones
2697 5347 2922 5399 divisum
2964 5343 3130 5414 fuisse
3164 5341 3440 5398 secundum
3473 5355 3574 5393 nu-

2015 5461 2214 5499 merum
2236 5442 2506 5498 duodecim
2537 5440 2798 5506 tribuum,
2833 5440 2906 5493 ita
2938 5448 2998 5493 ut
3034 5437 3259 5506 singulae
3314 5432 3487 5488 tribus
3514 5431 3569 5485 in

2014 5531 2292 5602 assignato
2331 5530 2434 5585 sibi
2480 5535 2660 5584 meatu
2707 5527 3130 5598 pertransirent;
3178 5537 3296 5592 qum
3332 5520 3572 5574 narratio

2015 5639 2122 5679 non
2144 5623 2357 5678 videtur
2386 5637 2510 5676 cum
2540 5620 2722 5676 divina
2748 5619 3028 5690 Scriptura
3050 5627 3369 5675 consonare,
3407 5620 3576 5682 atque

2016 5718 2138 5774 ideo
2177 5717 2318 5774 inter
2353 5715 2679 5773 Rabbinicas
2733 5714 2943 5771 fabulas
2996 5712 3132 5768 forte
3187 5709 3569 5780 computanda.
