4066 6218
524 263 592 319 59
1197 260 1467 317 EUSEBII
1506 257 1983 314 CAESARIENSIS
2018 257 2170 314 OPP.
2206 255 2387 312 PARS
2418 255 2506 312 ΙΙΙ.
2547 288 2615 299 -—
2647 254 3056 312 EXEGETICA.
3681 255 3746 309 fit)

525 378 668 434 Inter
696 377 1041 432 Hebraeorum
1089 377 1409 432 traditiones
1444 376 1649 446 pariter
1695 376 2083 430 recensendum
2113 380 2156 435 Α
2186 381 2342 439 runt,
2381 387 2612 444 quorum
2651 371 2732 427 vis
2764 379 2817 427 et
2866 371 3134 426 sententia
3171 370 3410 424 nondum
3442 370 3746 436 observata,

522 477 606 526 est
633 471 774 540 quod
804 470 966 525 habet
990 470 1278 533 Eusebius,
1303 467 1524 522 Azotios
1545 466 1669 522 ideo
1693 467 1748 520 in
1770 466 2090 536 posteriori-

525 562 627 617 bus
656 569 708 616 et
759 562 1044 633 podicibus
1075 561 1366 632 percussos
1393 574 1538 623 esse,
1571 557 1718 628 quod
1769 557 1836 624 iis
1870 556 1924 611 in
1966 571 2090 626 par-

523 654 667 709 tibus
697 662 1035 724 peccassent,
1072 661 1124 708 et
1156 653 1529 725 ἀρῥενοκοῖται
1581 658 1788 713 essent,
1819 649 1924 705 nisi
1980 649 2091 703 lor-

523 755 668 802 tasse
697 763 759 802 ea
793 746 1009 802 Eusebii
1039 744 1233 815 ipsius,
1257 744 1357 799 ne‘c
1405 743 1474 798 ab
1527 742 1648 798 aliis
1680 751 1897 812 accepta
1928 739 2090 795 fuerit

522 855 725 908 opimo.

522 952 579 1002 Χ.
606 952 982 1002 Christianorum
1011 950 1285 1060 frequerlt‘tiia
1309 949 1358 996 in
1381 947 1662 1007 Moabitide,
1687 946 2014 997 Ammonitide
2037 953 2090 996 et

1247 1023 1418 1059 amata.

1247 1023 1418 1059 amata.

593 1118 646 1172 In
688 1119 800 1172 hinc
846 1117 1009 1171 verba
1074 1115 1212 1185 psal.
1262 1128 1393 1180 cvn,
1447 1112 1536 1174 10,
1585 1110 1744 1166 Moab
1797 1111 1930 1166 lebes
1978 1114 2087 1182 spei

522 1228 667 1276 mete,
699 1212 751 1264 in
790 1209 1080 1263 Idumteam
1132 1206 1410 1260 extendam
1461 1205 1868 1259 calceamentum
1894 1221 2084 1270 meum,

520 1303 628 1356 duo
674 1303 831 1357 nobis
861 1300 1033 1371 aperit
1063 1298 1352 1358 Eusebius,
1386 1295 1640 1350 nimirum
1667 1296 2006 1352 Ammonitas
2033 1305 2087 1351 et

521 1394 785 1449 Moabitas
841 1393 986 1447 inter
1041 1390 1250 1444 Arabas
1300 1403 1415 1443 aevo
1444 1403 1544 1443 suo
1578 1387 1733 1443 sedes
1791 1387 2082 1455 habuisse;

519 1490 754 1558 itemque
803 1501 970 1556 penes
1020 1485 1377 1551 Ammonitas,
1427 1483 1690 1538 Moabitas
1720 1492 1774 1537 et
1822 1481 2086 1538 ldumntos

520 1581 782 1634 inﬁnitam
847 1595 969 1634 esse
1019 1578 1453 1633 Christianorum
1511 1575 1933 1639 multitudinem,
1973 1575 2086 1630 haec

518 1673 636 1742 ejus
677 1672 838 1726 verba
869 1678 996 1726 sunt
1031 1689 1046 1725 :
1079 1669 1151 1723 Et
1178 1670 1288 1723 ha'c
1319 1685 1469 1738 opere
1501 1667 1760 1737 completa
1802 1667 1920 1721 licet
1958 1666 2085 1734 ipsis

517 1764 680 1816 oculis
714 1763 971 1832 percipere
997 1763 1083 1824 iis,
1141 1761 1232 1832 qui
1265 1760 1319 1813 in
1347 1760 1584 1813 Arabum
1626 1761 1830 1829 regione
1858 1757 2087 1828 peregri-

517 1862 732 1914 nantur,
791 1868 905 1905 cum
947 1851 1150 1904 videant
1209 1847 1477 1903 Moabitae
1508 1858 1556 1903 et
1600 1849 1951 1910 Ammonitas,
2001 1847 2088 1917 qui

515 1959 666 2010 penes
698 1943 818 1996 illos
852 1958 1039 2012 magno
1075 1956 1290 1994 numero
1343 1951 1486 2003 sunt,
1543 1939 1807 1994 Ecclesias
1862 1937 1959 1992 Dei
1995 1938 2090 1992 im-

515 2037 672 2102 plere.
710 2033 1083 2102 Similiterque,
1121 2051 1140 2083 ‹
1178 2033 1233 2085 in
1269 2031 1586 2094 Idumazam,
1620 2031 1817 2100 inquit,
1849 2045 2088 2082 conscen-

516 2127 639 2179 dant
688 2127 1036 2180 calceamento
1093 2141 1238 2185 meo,
1304 2143 1322 2176 ι
1362 2123 1646 2177 secundum
1687 2120 2083 2192 Symmachum.

517 2217 688 2285 Quam
733 2219 855 2271 item
892 2215 1279 2285 praedictionem
1301 2215 1353 2268 in
1375 2223 1615 2283 promptu
1649 2223 1723 2266 est
1772 2213 2085 2282 completam

516 2309 684 2364 videre
733 2309 800 2362 iis
825 2309 912 2377 qui
946 2311 996 2361 in
1024 2307 1319 2361 Idumatam
1364 2304 1669 2370 concedunt,
1707 2313 1756 2359 et
1788 2303 2086 2358 multitudi-

515 2417 630 2454 nem
666 2398 1022 2452 Ecclesiarum
1062 2398 1160 2451 Dei
1199 2397 1272 2451 ibi
1309 2397 1672 2466 conspiciunt,
1705 2405 1763 2448 ut
1816 2404 2085 2450 cunctetur

515 2504 662 2541 nemo
686 2487 943 2555 confit-eri,
977 2503 1088 2540 rere
1122 2487 1176 2540 in
1227 2488 1341 2540 loca
1366 2486 1464 2540 illa
1519 2501 1853 2540 conscensum
1883 2485 2083 2554 factum

510 2597 640 2635 €888.

515 2689 578 2739 XI
622 2687 865 2739 Eusebius
883 2690 954 2740 ait
975 2687 1209 2762 mundum
1231 2688 1464 2762 sphaerion
1489 2687 1635 2737 forma
1660 2701 1790 2738 esse.
1819 2688 2010 2738 Montes
2031 2692 2083 2738 et

975 2757 1142 2813 petras
1163 2757 1346 2799 sensim
1373 2763 1624 2799 crescere.

581 2853 847 2910 Eusebius
895 2853 1012 2923 qui,
1044 2853 1121 2907 uti
1155 2853 1392 2908 diximus
1414 2895 1430 2921 ,
1475 2851 1933 2922 descriptionibus
1968 2853 2079 2923 ple-

511 2958 737 3016 rumque
769 2946 982 3016 gaudet,
1003 2946 1067 2999 ad
1094 2946 1368 3016 physicam
1400 2943 1628 3000 subinde
1657 2944 2080 3014 speculationem

2192 464 2577 534 interpretibus
2609 463 2828 519 errandi
2860 464 3079 518 occasio
3118 477 3242 519 esse
3270 460 3501 529 possint.
3543 459 3746 528 Hujus-

2189 557 2332 613 modi
2358 565 2536 612 autem
2557 571 2729 627 pauca
2751 557 2833 611 his
2852 557 2905 608 in
2929 552 3335 610 commentariis
3357 557 3590 614 exstant;
3615 565 3749 620 quo-

2191 665 2309 704 rum
2342 648 2610 720 praecipua
2642 647 2732 700 hic
2773 645 3097 717 eonsignare
3131 641 3502 714 et'explanare
3533 642 3746 698 visum:

2190 755 2312 796 nam
2337 741 2630 795 minutiora
2658 737 2724 793 ad
2747 737 2981 793 indicem
3013 751 3195 798 rerum
3225 736 3540 802 allegamus.

2582 851 2620 900 ι.
2645 852 2790 903 Vocis
2824 863 3046 912 incensus
3069 847 3350 910 singularis.

2261 956 2564 1028 Singularis
2585 965 2668 1011 est
2691 953 2833 1024 apud
2858 952 3149 1009 Eusebium
3173 951 3322 1006 vocis
3347 948 3466 1020 βίος·
3487 946 3750 1018 signiﬁea-

2187 1049 2262 1102 tio
2289 1065 2302 1101 :
2337 1045 2538 1118 passim
2566 1047 2764 1116 quippe
2783 1058 3103 1114 pro‘genere
3137 1043 3414 1096 hominum
3441 1039 3707 1109 accipitur
3733 1057 3746 1092 :

2189 1139 2267 1194 sic
2290 1139 2428 1209 psal.
2450 1154 2504 1203 v,
2524 1137 2559 1191 2
2579 1136 2864 1200 {To-.0670;
2897 1135 2994 1206 μὲν
3014 1129 3104 1188 οὖν
3125 1133 3415 1203 ἐτύγχανεν
3438 1132 3547 1193 πᾶς
3577 1131 3605 1180 ὁ
3645 1129 3750 1201 πρὸ

2186 1231 2283 1301 τῆς
2307 1229 2399 1283 τοῦ
2421 1229 2665 1300 Σωτῆρος
2688 1228 2841 1301 ἡμῶν
2861 1226 3158 1300 παρουσίας
3180 1223 3309 1295 βίος,
3338 1223 3392 1277 id
3421 1233 3527 1288 est,
3559 1221 3753 1291 Hujus-

2187 1321 2330 1377 modi
2342 1322 2573 1392 profecto
2604 1329 2850 1378 eratante
2869 1320 3163 1376 Saluatoris
3188 1317 3462 1372 adventum
3481 1325 3641 1370 totum
3664 1315 3751 1366 ho-

2186 1414 2385 1468 minum
2413 1430 2571 1485 genus
2598 1430 2616 1469 :
2643 1421 2697 1469 et
2712 1413 2847 1484 psal.
2870 1429 3035 1480 uvn,
3058 1428 3199 1470 vers.
3221 1412 3255 1467 5
3282 1411 3428 1465 :"lvat
3457 1408 3564 1480 γὰρ
3583 1404 3745 1478 ἐπιϐῇ

2189 1512 2217 1564 ὁ
2239 1509 2369 1573 Θεὸς
2392 1509 2468 1580 τῷ
2495 1511 2603 1563 τῶν
2626 1507 2922 1581 ἀνθρώπων
2952 1507 3069 1578 βίῳ,
3098 1508 3199 1562 hoc
3224 1515 3325 1574 est,
3359 1505 3495 1560 Nam
3528 1518 3581 1558 ut
3608 1506 3746 1560 Deus

2193 1602 2271 1654 ad‘
2291 1603 2559 1654 hominum
2587 1617 2746 1670 genus
2779 1599 3058 1665 accederet,
3091 1608 3142 1652 et
3169 1598 3367 1667 passim
3395 1598 3530 1652 alios
3559 1614 3570 1649 :
3599 1599 3752 1652 item.

2119 1725 2159 1778 Β
2190 1705 2296 1761 que
2329 1691 2381 1744 in
2410 1690 2515 1745 ﬁne
2543 1706 2594 1744 vi
2628 1690 2747 1744 libri
2779 1689 3186 1758 Prteparationis
3213 1689 3538 1759 cvangelictc',
3561 1691 3588 1742 ὁ
3611 1689 3748 1760 σύμ-

2191 1799 2304 1845 πας
2333 1781 2439 1834 τῶν
2470 1781 2765 1852 ἀνθρώπων
2799 1781 2928 1852 βίος,
2954 1781 3254 1836 universum
3277 1782 3540 1835 hominum
3566 1798 3744 1851 genus.

2193 1872 2456 1929 Similiter
2505 1873 2867 1939 Athanasius,
2914 1883 2954 1929 t.
2987 1873 3040 1942 Ι,
3094 1890 3218 1947 pag.
3256 1875 3414 1938 ηδτ,
3449 1873 3745 1938 καταλαζο-

2191 1965 2468 2036 νευόμενοι
2507 1966 2600 2019 τοῦ
2644 1966 2749 2019 τῶν
2792 1965 3089 2038 ἀνθρώπων
3119 1965 3255 2037 βίου,
3296 1965 3509 2034 superbe
3541 1977 3746 2036 agentes

2192 2056 2469 2109 adversum
2498 2073 2656 2126 genus
2699 2056 3007 2110 humanum.
3046 2057 3164 2124 Quo
3201 2058 3363 2112 etiam
3405 2072 3506 2111 usu
3544 2059 3595 2110 in
3629 2056 3781 2110 aliis:

2189 2146 2316 2201 item
2351 2147 2710 2216 scriptoribus
2746 2149 3011 2214 occurrit,
3048 2160 3100 2205 et
3134 2151 3188 2203 in
3235 2149 3502 2204 l-leliodori
3532 2147 3755 2202 Ethio-

2193 2240 2330 2310 picis
2355 2256 2461 2295 non
2492 2241 2657 2296 semel
2687 2241 3025 2297 observatur.

2671 2345 2731 2394 ll.
2765 2343 2988 2405 Itemque
3013 2359 3077 2393 τις.
3101 2351 3222 2393 sum

2250 2419 2370 2478 A'lia
2401 2440 2503 2479 vos
2524 2432 2628 2488 est,
2649 2425 2829 2493 inqua
2859 2424 2984 2478 item
3015 2422 3205 2477 Latine
3233 2419 3614 2476 transferenda
3637 2433 3776 2472 non-

2182 2515 2338 2585 pauci
2371 2516 2693 2588 interpretes
2741 2515 3019 2579 labuntur,
3064 2514 3272 2570 scilicet
3308 2513 3502 2575 δοκεῖν,
3557 2510 3750 2573 uideri,

2180 2603 2357 2668 δοκεῖ,
2410 2606 2656 2662 videtur:
2702 2604 2847 2674 quod
2893 2605 3114 2659 verbum
3153 2603 3314 2673 vulgo
3347 2609 3641 2671 usurpatur
3679 2600 3747 2652 ad

2181 2694 2529 2750 minuendam
2546 2695 2954 2749 allirmationem
2975 2713 2991 2762 ;
3010 2693 3083 2747 ita
3111 2700 3172 2747 ut
3198 2693 3268 2758 si,
3299 2691 3448 2746 verbi
3469 2703 3656 2751 causa,
3682 2687 3754 2742 de

2181 2787 2435 2856 quopiam
2455 2786 2687 2850 dicatur,
2711 2786 2858 2840 δοκεῖ
2887 2781 3023 2840 εἶναι
3057 2783 3240 2854 σοφός,
3280 2783 3482 2837 videtur
3522 2797 3633 2836 esse
3655 2797 3752 2834 sa-

2179 2880 2348 2949 piens,
2379 2879 2432 2933 id
2459 2887 2517 2932 ut
2552 2884 2927 2936 asseveranter
2954 2877 3160 2932 dictum
3197 2891 3307 2931 non
3339 2876 3623 2943 habeatur,
3653 2874 3751 2931 sed

2180 2971 2574 3028 dubitationem
2616 2970 2905 3042 quamdam
2947 2971 3218 3042 praeferat.
3259 2970 3459 3025 Verum
3497 2969 3754 3040 frequen-

509 3038 757 3134 Yeruu'r'
795 3035 883 3089 Λίί
908 3053 1036 3092 vero
1065 3053 1173 3091 ¹¹⁰¹¹
1221 3051 1328 3134 Ψῖξ)
1360 3036 1480 3134 1°C?
1526 3035 1787 3134 mm!de
1815 3035 2078 3134 Svl'?ri°a
2107 3066 2148 3124 C
2182 3063 2391 3119 tissime
2423 3063 2564 3134 apud
2593 3035 2899 3133 scriptores
2919 3035 3057 3118 bene
3089 3064 3292 3118 multos
3319 3061 3471 3117 δοκεῖ
3489 3035 3623 3116 nihil
3648 3060 3758 3116 mi-

511 3128 684 3183 forma
738 3144 860 3183 esse
917 3147 932 3182 :
999 3143 1120 3199 qua:
1167 3129 1352 3198 opinio
1397 3129 1526 3184 olim
1571 3126 1880 3200 agitabatur
1935 3131 2081 3186 inter

512 3221 843 3290 scriptores;
893 3220 1014 3275 aliis
1059 3220 1298 3290 planam,
1332 3221 1609 3277 montibus
1652 3230 1832 3276 tamen
1881 3222 2080 3278 distin-

510 3318 857 3375 ctam,terrze
885 3311 1223 3381 superﬁciem
1281 3311 1722 3382 prmdicantihus,
1767 3328 1797 3368 e
1850 3329 2080 3383 quorum

511 3415 740 3456 numero
781 3402 1118 3472 Augustinus
1168 3411 1222 3460 et
1269 3402 1497 3458 Cosmas
1545 3403 1834 3475 Egyptius
1891 3421 2082 3460 mona-

511 3493 668 3558 chus,
723 3494 815 3564 qui
865 3494 1061 3548 librum
1115 3511 1177 3552 ea
1233 3494 1301 3551 de
1351 3510 1409 3549 re
1461 3495 1627 3550 edidit
1664 3495 2079 3565 Topographiam

511 3581 875 3638 Christianam
908 3583 1259 3656 inscriptum,
1299 3586 1392 3640 ubi
1437 3585 1703 3655 sphaeram
1763 3587 1936 3641 sacris
1969 3586 2080 3639 Lit-

509 3675 643 3729 teris
693 3683 876 3744 aperte
904 3692 1206 3747 repugnare
1232 3677 1511 3732 contendit
1545 3677 1669 3744 ille;
1698 3679 1821 3732 aliis
1870 3694 2075 3742 veram,

510 3773 564 3818 et
590 3767 957 3836 experimento
999 3769 1214 3821 demum
1246 3780 1510 3823 assertam
1540 3809 1555 3833 ,
1585 3770 1894 3839 opinionem
1924 3780 2079 3826 tuen-

512 3857 678 3922 tibus,
736 3857 912 3926 qualis
959 3857 1244 3922 Eusebius,
1297 3859 1387 3928 qui
1438 3862 1698 3916 muudum
1754 3862 2075 3932 sphaericum

507 3964 630 4003 esse
685 3964 791 4002 non
845 3949 1008 4003 semel
1040 3949 1318 4004 indicavit.
1354 3950 1484 4005 Eam
1516 3959 1696 4007 tamen
1729 3954 2070 4016 sententiam,

511 4055 616 4093 non
646 4047 704 4093 ut
734 4055 888 4094 suam
923 4040 1031 4106 ille,
1063 4039 1159 4096 sed
1190 4049 1249 4095 ut
1280 4041 1511 4096 alienam
1547 4042 1719 4097 aﬁ‘crt.
1767 4042 2075 4100 Verisimile

511 4130 636 4185 item
669 4129 965 4184 arbitratur
993 4139 1203 4187 montes
1261 4141 1316 4189 et
1347 4140 1526 4204 petras
1562 4134 1764 4189 sensim
1805 4151 2074 4198 crescere.

507 4231 672 4294 atque
702 4223 931 4278 occultis
962 4223 1277 4296 intimisque
1310 4225 1658 4282 incrementis
1689 4227 1922 4294 majores
1949 4244 2076 4281 eva-

504 4317 670 4384 dere;
697 4332 816 4387 quaa
843 4317 1223 4387 quorumdam,
1253 4318 1426 4388 inquit
1450 4316 1558 4381 ille,
1577 4318 1660 4373 sui
1683 4316 1779 4372 arvi
1808 4319 2075 4390 physiolo-

506 4426 697 4479 gorum
717 4385 840 4466 erat
860 4385 1074 4480 opinio;
1091 4420 1151 4465 ut
1173 4410 1285 4480 jam
1302 4385 1556 4466 einostris
1573 4421 1700 4465 sunt
1721 4385 1820 4481 qui
1840 4385 2071 4480 idipsum
2106 4403 2150 4456 D
2173 4385 2390 4481 Ρεξίίίθπ

509 4507 868 4570 propugnent,
897 4503 1388 4574 experimentisque
1419 4501 1724 4558 manifestis
1765 4518 1878 4558 rem
1925 4519 2070 4558 com-

510 4593 725 4662 probari
751 4593 1041 4650 allirment.

1125 4705 1352 4762 CAPUT
1391 4705 1460 4763 X.

509 4829 574 4869 DE
626 4832 916 4872 ηιιοτιεὶίις
962 4835 1167 4874 EUSEBII
1209 4836 1261 4875 IN
1294 4837 1379 4875 IIIS
1415 4836 1850 4885 COIMENTARIIS,
1904 4840 1971 4878 ΕΤ
2007 4841 2070 4878 νε

676 4903 950 4944 διΝϐυιΑιιι
981 4906 1305 4952 ρυλιωκωιί
1341 4906 1516 4948 τοοωι
1547 4909 1902 4949 SIGNIPICATU.

507 4993 548 5053 Ι.
593 4997 743 5077 vocis
765 4999 1058 5077 ιΗὶίρςχιίρῑιε
1099 5004 1401 5077 singularis.
1450 5003 1534 5059 11.
1569 5004 1801 5077 Itemque
1837 5005 1942 5060 τοῦ
1976 5007 2071 5060 δο-

576 5070 721 5148 κεῖτε..
758 5069 1336 5148 ΙΙζεςΕῙτυγχᾶνειν
1364 5076 1488 5144 quid
1510 5069 1774 5148 signiﬁcat
1797 5077 1936 5144 apud
1973 5077 2074 5130 Eu-

577 5139 795 5212 sebium.
823 5140 851 5193 l
869 5140 927 5196 V.
950 5139 1308 5211 Περίᾶἑασις
1324 5139 1416 5212 pro
1434 5139 1758 5202 calamitate.
1797 5139 1853 5202 γ’.
1905 5149 2074 5202 Ὑπα-

579 5211 779 5263 κούειν
806 5212 1132 5282 respondere.
1178 5213 1274 5270 VI.
1311 5211 1604 5285 Σωτήριος
1624 5218 1769 5289 quid,
1796 5229 1893 5274 etc.

579 5323 694 5379 Etsi
722 5340 752 5378 a
775 5325 959 5381 multis
996 5328 1288 5400 Graeceque
1319 5331 1662 5400 peritissimis
1686 5333 1839 5396 viris,
1879 5333 1936 5388 in.
1959 5335 2072 5389 eol-

507 5415 720 5486 ligenda
767 5416 1073 5472 (irascarum
1127 5421 1368 5475 omnium
1432 5437 1628 5480 vocum
1681 5425 2072 5496 signiﬁcatione

506 5515 656 5561 tanta
687 5516 759 5563 snt
794 5509 1060 5564 industria
1091 5510 1436 5577 desudatum,
1467 5523 1524 5568 ut
1556 5531 1823 5585 perpauca
1863 5517 1973 5586 jam
2003 5519 2070 5572 ad

509 5599 800 5664 perlectam
837 5600 1149 5657 Graecorum
1180 5602 1509 5672 scriptorum
1541 5605 1946 5674 intelligentiam
1977 5603 2070 5660 de-

508 5687 804 5756 siderentur
835 5711 847 5759 ;
886 5693 1113 5750 subinde
1135 5701 1313 5750 tamen
1344 5695 1564 5751 nomina
1587 5695 1856 5768 verbaque
1877 5713 2067 5752 occuro

2183 3157 2302 3211 nuit
2334 3155 2768 3220 allirmationem,
2809 3164 2869 3210 ut
2908 3155 3143 3232 exempli
3177 3157 3352 3226 gratia
3392 3157 3448 3210 in
3484 3155 3570 3211 his
3602 3169 3760 3209 com-

2182 3248 2463 3304 mentariis
2499 3248 2565 3303 ad
2585 3248 2850 3319 psalmum
2876 3262 3067 3312 cxvm,
3099 3263 3243 3304 vers.
3273 3247 3398 3313 £56,-
3427 3247 3504 3302 de
3529 3246 3638 3301 Dee
3663 3245 3755 3300 di-

2183 3345 2324 3399 citur
2361 3344 2696 3406 δικαιότατος
2729 3338 2868 3396 εἶναι
2905 3343 3071 3406 δοκεῖ,
3106 3342 3197 3396 ubi
3254 3339 3572 3396 vertendum
3633 3341 3757 3396 sine

2181 3438 2366 3502 dubio,
2404 3437 2732 3505 justissimus
2775 3447 2873 3490 est.
2933 3434 3218 3489 lnnumera
3250 3431 3477 3503 proferri
3527 3440 3755 3502 possent

2181 3542 2303 3581 cum
2329 3542 2394 3581 ex
2422 3526 2676 3584 Eusebio.
2717 3534 2827 3578 tum
2854 3539 2920 3578 ex
2946 3524 3067 3579 aliis
3095 3522 3455 3592 scriptoribus
3479 3521 3750 3590 exempla.

2182 3615 2272 3671 Sic
2301 3617 2440 3687 apud
2471 3617 2860 3678 Athanasium,
2913 3616 3000 3668 ἵνα
3035 3615 3209 3669 τοίνυν
3236 3615 3328 3668 καὶ
3353 3606 3443 3668 ὧν
3465 3613 3753 3685 ἐπιθυμεῖς

2179 3707 2530 3778 τετυχηκέναι
2570 3707 2800 3778 δοκοίης,
2846 3715 2905 3758 ut
2948 3707 3107 3776 igitur
3149 3715 3332 3777 optata
3387 3707 3750 3778 consequaris.

2181 3797 2286 3855 Sed
2310 3801 2419 3864 jam
2459 3800 2560 3854 hac
2587 3799 2655 3854 de
2683 3815 2744 3853 re
2775 3807 3064 3854 tractatum
3089 3815 3117 3854 a
3142 3800 3301 3856 nobis
3338 3808 3464 3856 estL.

2337 3965 2344 3972 ,
2362 3910 2443 3958 Ill.
2466 3913 2702 3974 ὲνωηάηιν
2717 3912 2834 3972 quid
2851 3912 3100 3974 signiﬁcet
3120 3914 3249 3976 apud
3271 3913 3559 3965 Eusebium;

2246 4014 2305 4070 In
2331 4015 2682 4070 Onomastico
2710 4017 2775 4070 ad
2800 4016 3081 4073 Athanasii
3107 4017 3282 4088 Opera
3316 4021 3626 4075 monuimus
3650 4036 3745 4073 vo-

2177 4125 2292 4165 cem
2325 4109 2666 4179 ἔντυγχάνειν
2701 4109 3017 4180 plerumque
3047 4109 3374 4181 signiﬁcare,
3410 4113 3653 4182 conqueri
3681 4111 3745 4165 de

2177 4201 2390 4272 aliqua,
2438 4216 2717 4263 accusare,
2774 4202 3072 4270 petitionem
3140 4201 3388 4256 adversus
3446 4202 3740 4272 quempiam

2169 4293 2398 4362 principi
2443 4291 2520 4346 vel
2557 4292 2897 4361 magistratui
2933 4292 3158 4361 o/Ierre:
3200 4300 3255 4347 et
3287 4309 3472 4348 vocem
3500 4293 3758 4363 ἐντυχίαν

2393 4400 2473 4438 em
2503 4383 2767 4438 adversus
2791 4383 3049 4454 aliquem,
3080 4384 3194 4440 sive
3223 4385 3611 4438 accusationem
3642 4401 3744 4440 ex-

2172 4477 2424 4546 primere.
2485 4475 2687 4530 Eodem
2722 4491 2824 4530 usu
2877 4477 3325 4546 κατεντυγχάνειν
3363 4477 3417 4530 ἱη
3461 4476 3547 4531 his
3594 4493 3746 4531 com-

2170 4567 2452 4622 mentariis
2471 4567 2730 4628 occurrit,
2754 4583 2837 4638 ps.
2863 4568 3044 4632 11.",2
3064 4587 3076 4622 :
3099 4567 3341 4640 Ἤρμοζε
3362 4567 3418 4620 δὲ
3439 4568 3506 4622 τὰ
3525 4569 3754 4640 προκείμ-

2174 4673 2308 4726 μενα
2332 4655 2424 4708 καὶ
2468 4654 2543 4726 τῷ
2582 4657 2833 4729 προφήτῃ
2877 4656 3052 4727 Ἠλίᾳ,
3087 4657 3145 4720 ὃς
3189 4657 3342 4727 ἔλεγε
3381 4662 3739 4731 γατεντυγχά-

2168 4763 2276 4800 νων
2327 4746 2417 4800 τοῦ
2459 4746 2622 4800 λαοῦ·
2671 4749 2880 4816 Κύριε,
2932 4747 3074 4814 τοὺς
3115 4747 3424 4817 προφήτας
3469 4767 3586 4804 σου
3633 4752 3740 4805 ἀπο

2169 4839 2458 4902 ἔκτειναν,
2501 4840 2599 4894 καὶ
2632 4839 2702 4893 τὰ
2733 4839 3128 4907 θυσιαστήριά
3169 4855 3284 4894 σου
3330 4841 3736 4912 κατέσκαψαν,

2171 4929 2222 4984 id
2258 4941 2341 4986 est
2380 4946 2393 4983 ε
2438 4930 2562 4986 Ηωε
2583 4947 2740 5000 porro
2774 4931 2943 4986 Helia:
2970 4932 3232 5001 propheta:
3246 4934 3620 5004 congruebant,
3649 4937 3736 5003 qui

2173 5020 2393 5075 Domino
2437 5032 2620 5076 contra
2658 5022 2906 5092 populum
2947 5023 3250 5092 supplicans
3289 5024 3364 5077 ita
3409 5024 3736 5094 loquebatur,

2177 5131 2196 5164 ε
2237 5112 2476 5178 Domine,
2527 5114 2803 5184 prophetas
2844 5124 2958 5168 tuos
2988 5114 3307 5181 occiderunt,
3334 5127 3382 5170 et
3408 5115 3604 5170 altaria
3647 5126 3755 5169 tua-

2186 5209 2567 5270 subrertcrunt,
2595 5215 2702 5262 etc.
2766 5226 2784 5258 ι

2593 5318 2672 5368 IV.
2703 5333 2923 5383 ηιρισιασις
2951 5335 3040 5384 pro
3063 5323 3357 5373 calamitate.

2240 5423 2564 5494 Περίστασις
2639 5425 2781 5482 idem
2831 5427 2934 5482 sibi
2972 5428 3085 5482 vult
3128 5430 3270 5499 quod
3315 5429 3736 5492 circumstantia,

2171 5514 2310 5582 apud
2338 5514 2757 5584 Quintilianum,
2795 5517 3054 5575 Senecam
3093 5529 3145 5577 et
3172 5521 3236 5575 A.
3257 5519 3510 5579 Gellium.
3537 5519 3736 5576 Verum

2171 5607 2460 5678 aliquando
2502 5607 2770 5678 signiﬁcat
2813 5627 3132 5677 aerumnam,
3178 5613 3472 5669 infaustum
3523 5629 3734 5673 casum,

2170 5699 2551 5754 calamitazcm.
2581 5700 2698 5766 Quo
2725 5716 2890 5757 sensu
2916 5717 3126 5774 semper
3147 5699 3308 5758 inhis
3333 5702 3736 5758 commentariis
