4042 6210
343 234 415 289 6|
1194 231 1696 289 COMMENTARIA
1736 234 1802 290 IN
1840 235 2174 292 PSALMOS.
2206 268 2275 278 —
2308 236 2845 294 PREUMINARIA.
3540 246 3609 303 δε

345 360 695 423 usurpatur.
713 351 803 407 Sic
819 366 901 421 ps.
924 365 998 416 tv,
1014 349 1155 415 9,10
1180 371 1194 406 :
1227 350 1430 407 Μαθὼν
1442 353 1550 424 γὰρ
1566 355 1714 427 παρὰ
1730 356 1821 410 τοῦ
1836 357 1913 410 Σω

2007 352 2205 415 ltenda
2236 363 2319 409 est
2345 355 2461 411 :sic
2511 357 2543 429 ἠ
2581 346 2842 431 σωτήριος
2865 357 3197 425 διδασκαλία,
3221 359 3474 415 salutaris
3505 362 3605 415 doc

340 446 538 519 τῆρος
571 444 793 500 καὶτῶν
821 443 928 498 σῶν
954 443 1310 513 ἐπαγγελιῶν,
1328 446 1428 509 ὅτι,
1446 447 1492 499 εί
1511 447 1605 500 καὶ
1630 448 1696 502 τὰ
1716 449 1913 520 μάλιστ

2049 443 2257 509 ctrina;
2297 444 2475 514 aptius
2510 456 2687 501 autem
2737 459 2945 514 vertas,
2980 446 3274 504 Saluatoris
3327 450 3603 515 doctrina;

341 536 511 590 κατὰ
547 534 641 588 τὸν
690 534 957 588 ἐνεστῶτα
998 535 1115 606 βίον
1145 534 1312 590 λύπαι
1351 553 1440 607 μοι
1484 538 1578 591 καὶ
1611 537 1816 609 Θλίψεις
1852 557 1913 594 κα

2046 534 2237 590 eodem
2277 536 2437 592 modo
2481 539 2622 609 apud
2652 540 3037 607 Athanasium,
3071 540 3137 594 τὸ
3166 542 3427 613 σωτήριον
3463 559 3604 614 μαρ.

342 629 677 701 πειρασμοὶ
720 629 813 682 καὶ
862 628 1205 700 περιστάσεις
1259 630 1321 683 οὑ
1371 630 1765 697 διαλείπουσιν,
1825 632 1913 687 ἀλ)

2046 626 2230 701 τᾶριον
2252 670 2267 696 ,
2308 634 2620 703 martyrium
2657 633 2772 688 sive
2813 632 3035 688 ecclesia
3079 632 3395 690 Servatoris.
3430 633 3488 689 In
3519 635 3605 691 his

2047 736 2174 777 vero
2202 724 2605 781 commentariis
2636 725 2717 781 sic
2746 725 2856 781 fere
2886 740 3100 796 semper
3128 726 3415 796 intelligas.

2108 812 2166 866 lu
2198 811 2285 868 his
2313 814 2723 871 commentariis
2750 815 2952 885 passim
2978 815 3267 879 observesr
3280 830 3467 871 vocem
3487 815 3605 868 ἀλλ’

2040 905 2096 976 ἦ,
2125 920 2247 977 quae
2273 905 2564 977 signiﬁcat,
2598 908 2721 971 nisi,
2754 907 2843 961 ubi
2864 908 3108 977 sequitur
3142 906 3371 969 vocalis.
3400 906 3604 964 omissa

2037 974 2345 1066 par'ticula;
2393 993 2493 1071 ἡκ
2540 997 2790 1070 exprimi.
2872 974 2963 1051 Sic
3017 996 3112 1050 lib.
3198 1013 3258 1052 ιιι
3292 1018 3307 1054 :
3342 998 3606 1068 Κληρονο-

344 720 528 774 εσται
558 737 646 792 μοι
668 719 853 793 καιρὸς
878 719 907 772 ὁ
937 720 1033 791 τῆς
1054 720 1376 792 ἀπαλλαγῆς
1406 721 1500 799 τοῦ
1529 721 1796 794 σώματος,
1821 724 1941 779 καθ’

343 811 414 864 δν
452 813 520 866 ὲν
552 812 745 884 εἰρήνῃ
764 812 1056 883 ποιήσομαι
1076 811 1173 884 τὴν
1204 812 1461 885 κοίμησιν
1481 831 1494 845 ·
1528 815 1631 869 hoc
1651 822 1735 870 est
1760 835 1775 871 :
1808 815 1941 871 Cum

349 903 511 957 enim
546 921 577 957 a
607 901 900 967 Saluatore,
937 919 1102 974 exque
1139 907 1415 976 promissis
1462 908 1571 961 tuis
1616 907 1936 977 edidicerim,

349 995 581 1048 etiamsi
607 995 733 1048 mihi
760 993 989 1065 dolores,
1016 1014 1285 1063 aerumnae,
1311 1001 1645 1065 tsntationes,
1668 1001 1939 1057 calamita-

352 1095 441 1140 tes
488 1088 548 1140 in
578 1088 826 1156 presenti
870 1088 976 1143 vita
1022 1106 1127 1144 non
1167 1090 1438 1161 deﬁciant,
1487 1092 1727 1163 futurum
1763 1103 1913 1148 tamet

2038 1086 2135 1155 μία
2164 1086 2221 1140 δὲ
2263 1085 2427 1140 αὑτοῦ
2456 1086 2543 1149 τίς
2578 1082 2646 1158 ἦν
2675 1085 2812 1157 μετὰ
2846 1086 2937 1140 τὸν
2968 1088 3226 1160 πρότερον
3266 1089 3391 1142 λαὸν
3419 1089 3532 1144 ἀλλ’
3567 1089 3603 1161 ἡ

351 1178 503 1231 nti/ti
534 1187 729 1247 tempus
772 1188 870 1239 est.
907 1197 1010 1249 quo
1049 1198 1082 1235 ιι
1112 1198 1328 1257 corpore
1366 1181 1613 1238 decedam
1642 1201 1705 1239 ac
1733 1186 1786 1239 in
1810 1201 1913 1255 pact

2035 1177 2095 1243 ἐξ
2118 1177 2287 1231 ἐθνῶν
2323 1176 2636 1249 Ἐκκλησία,
2666 1177 2720 1231 id
2748 1186 2832 1234 est
2866 1198 2880 1234 :
2922 1178 3214 1234 Hazreditas
3251 1198 3409 1251 porro
3432 1182 3598 1242 illius.

345 1267 646 1323 dormiam.
687 1266 802 1326 Etsi
830 1278 1012 1326 autem
1060 1273 1146 1329 his
1200 1274 1606 1331 commentariis
1644 1279 1934 1350 voxnspt-

345 1376 555 1423 στασις
581 1362 784 1432 passim
816 1371 1093 1430 occurrat,
1124 1365 1215 1420 vix
1244 1365 1455 1437 uspiam
1486 1366 1594 1421 alio
1633 1382 1798 1424 sensu
1828 1384 1937 1424 usu

339 1451 530 1518 venit,
560 1466 722 1523 quam
755 1468 855 1524 pro
898 1454 1209 1511 calamitate
1238 1475 1252 1511 :
1293 1455 1604 1527 frequenter
1640 1457 1767 1513 item
1795 1457 1963 1514 dici-‘7

340 1549 445 1597 tur
486 1545 867 1617 περιστατικὸς
911 1547 1139 1619 καιρός,
1178 1564 1272 1620 pro
1317 1557 1543 1617 tempore
1587 1548 1934 1616 calamitoso,

338 1643 403 1687 et
432 1636 701 1692 aerumnis
736 1637 916 1707 pleno.

838 1770 896 1821 ι.
924 1773 1117 1824 iunctm
1141 1774 1467 1836 respondere.

417 1912 728 1971 Observatu
777 1916 902 1973 item
933 1918 1137 1991 dignus,
1160 1932 1245 1977 est
1280 1921 1430 1979 vocis
1465 1922 1755 1979 ὑπακούειν
1785 1940 1929 1982 usus

336 2021 463 2076 pro.
488 2006 838 2076 respondere:
872 2009 1031 2078 cujus
1081 2010 1196 2082 jam
1244 2014 1488 2083 exempla
1519 2015 1800 2072 attulimus
1828 2015 1916 2073 t.l

331 2113 577 2167 operum
602 2098 879 2154 Athanasii
899 2116 953 2172 p.
971 2102 1093 2158 534.
1118 2100 1244 2158 Fuit
1259 2112 1436 2160 autem
1451 2121 1554 2161 vox.
1575 2105 1763 2165 isthmc
1779 2109 1919 2164 mul-

330 2193 526 2241 torum
564 2196 674 2243 tam
696 2198 960 2258 veterum,
987 2208 1149 2264 quam
1181 2195 1543 2250 recentiorum
1561 2196 1914 2269 interpretum

329 2281 628 2351 scopulus,
653 2283 746 2354 qui
770 2284 953 2339 audire
969 2283 1361 2341 velsubaudire-
1374 2296 1651 2345 verterunt
1672 2310 1685 2346 :
1718 2306 1914 2362 quam.-

325 2372 537 2427 obrem
561 2388 666 2428 non
685 2374 783 2430 abs
797 2391 855 2431 re
870 2374 1033 2432 luerit
1047 2379 1291 2449 exempla
1308 2380 1555 2451 quaedam
1570 2397 1633 2437 ex
1654 2382 1739 2439 his
1761 2398 1917 2437 com-

327 2464 627 2521 mentariis
648 2465 912 2536 proferre.
927 2467 983 2523 ln
998 2469 1317 2541 praefatione
1329 2471 1548 2530 Eusebii
1569 2475 1624 2529 in
1641 2473 1908 2540 Psalmos,

328 2554 530 2625 (infra,
557 2556 664 2612 col.
703 2556 793 2629 8i)
831 2578 844 2615 :
875 2559 1065 2615 Ἠνίκα
1115 2563 1295 2619 τοίνυν
1329 2564 1557 2637 ὲσκίρτα
1604 2564 1664 2619 τὸ
1686 2564 1915 2636 Πνεῦμα

324 2647 428 2702 ἐπί
461 2665 583 2702 τινα
605 2650 712 2704 τῶν
746 2651 1018 2723 ἀρχόντων
1044 2654 1153 2709 τῶν
1180 2655 1491 2728 ψαλτῳδῶν,
1511 2659 1559 2711 oi
1587 2656 1761 2711 λοιποὶ
1786 2659 1911 2729 ἠσυ-

321 2739 467 2809 χιίοινη
483 2735 617 2812 ἦγον
632 2743 978 2816 παρεστῶτες
996 2746 1095 2800 καὶ·
1110 2747 1475 2813 ὑπακούοντες
1499 2747 1801 2821 συμφώνως
1828 2748 1928 2821 τῷ

2031 1284 2274 1338 quamam
2303 1276 2418 1323 erat
2440 1278 2555 1338 post
2577 1269 2803 1337 priorem
2821 1269 2975 1323 illum
2992 1271 3263 1341 populum,
3293 1272 3399 1326 nisi
3417 1270 3600 1327 Eccle-

2032 1355 2113 1410 sia
2138 1357 2418 1427 gentium?
2439 1357 2531 1412 ubi
2573 1357 2687 1412 ἀλλ’
2719 1359 2753 1430 ἠ
2780 1374 2880 1428 pro
2911 1359 3027 1413 ἀλλ’
3056 1358 3090 1431 ἦ
3118 1362 3151 1432 ή
3191 1361 3429 1431 ponitur.
3463 1359 3600 1417 Sex-

2030 1452 2189 1500 centa
2217 1453 2376 1502 notes
2401 1447 2602 1503 similia
2643 1448 2696 1505 in
2728 1449 2815 1504 his
2838 1451 3266 1514 commentariis,
3296 1452 3387 1508 ubi
3415 1452 3595 1510 hiatus

2028 1538 2234 1593 vitandi
2256 1554 2422 1597 causa
2446 1540 2481 1612 ἧ
2508 1548 2636 1597 ante
2659 1538 2899 1598 vocalem
2921 1543 3209 1599 omittitur.
3237 1543 3303 1600 Et
3329 1545 3603 1616 principia

2027 1632 2243 1701 quidem
2301 1635 2555 1705 putabam
2605 1650 2706 1705 ego
2750 1637 3159 1693 amanuensium
3199 1639 3333 1695 vitio
3382 1641 3421 1712 ﬁ
3461 1641 3600 1695 illud.

2024 1725 2327 1794 excidisse;
2373 1742 2562 1781 verum
2594 1726 2727 1796 quia
2765 1727 2821 1781 in
2858 1728 3133 1795 omnibus,
3160 1729 3313 1786 nullo
3338 1739 3589 1803 excepto,

2022 1816 2304 1875 codicibus
2335 1819 2498 1875 etiam
2547 1820 2966 1891 antiquissimis,
3015 1822 3090 1878 ita
3126 1825 3329 1895 passim
3366 1825 3586 1897 legitur,

2020 1916 2229 1965 certum
2282 1910 2456 1967 habeo
2503 1912 2573 1969 ab
2604 1912 2731 1982 ipso
2767 1919 2990 1969 auctore
3029 1929 3376 1985 suppressam
3407 1918 3586 1987 εὑφω-

2018 2001 2136 2066 νίας
2160 2018 2290 2074 ergo
2340 2003 2661 2074 particulam
2695 2005 2884 2062 fuisse.
2919 2004 3112 2062 Parem
3158 2006 3400 2063 omnium
3434 2009 3585 2067 codi-

2017 2108 2141 2148 cum
2176 2108 2503 2150 consensum
2551 2094 2804 2152 advertas
2832 2097 2894 2151 in
2920 2111 3053 2153 voce
3092 2097 3458 2162 ἀποκλάεσθαι
3484 2114 3583 2172 pro

2015 2183 2429 2251 ἀποκλαεεσθαι,
2446 2185 2742 2256 ﬂere;qu.'e
2755 2186 3195 2258 frequentissime
3211 2190 3313 2247 hoc
3343 2192 3398 2247 in
3419 2207 3582 2263 opere

2013 2282 2310 2344 comparet,
2340 2281 2395 2330 et
2437 2274 2682 2340 ἐξέκαιον,
2709 2291 2810 2347 pro
2844 2277 3107 2345 ἐξέκαιον.
3138 2277 3242 2335 Ubi
3276 2295 3463 2336 eorum
3486 2283 3579 2354 qui

2012 2362 2243 2417 antehac
2268 2361 2580 2419 Graecorum
2619 2366 2945 2438 scriptorum
2974 2381 3139 2439 opera
3187 2369 3403 2439 publica
3439 2369 3582 2427 fece-

2010 2464 2158 2519 runt,
2190 2468 2399 2510 morem
2420 2464 2714 2516 sectamur.
2738 2458 2785 2512 li
2807 2458 2975 2524 enim,
3002 2459 3129 2530 quia
3151 2460 3435 2532 euphoniae
3455 2478 3580 2534 gra-

2008 2548 2084 2602 tia
2111 2549 2336 2620 ταμεῖον
2363 2563 2467 2619 pro
2489 2551 2755 2620 ταμιεῖον,
2779 2549 2935 2619 ὑγεία
2966 2566 3066 2621 pro
3094 2552 3272 2621 ὑγίεια
3303 2552 3581 2625 legebatur

2007 2640 2063 2694 in
2092 2640 2393 2699 codicibus.
2416 2640 2622 2696 omisso
2657 2642 2835 2711 primo
2869 2658 2908 2706 t,
2947 2645 3171 2713 ταμεῖον
3200 2655 3255 2700 ει
3286 2645 3442 2714 ὑγεία
3464 2647 3578 2717 ple-

2005 2746 2236 2802 rumque
2268 2730 2580 2795 ediderunt.
2615 2731 2935 2803 Quanquam
2985 2733 3102 2790 leve
3139 2734 3578 2823 fortasse‘videa-

322 2830 607 2900 ψάλλοντι,
642 2834 975 2907 ’Δλληλοὺῖα,
1009 2838 1063 2894 id
1091 2847 1177 2896 est
1197 2860 1223 2896 ε,
1234 2841 1363 2895 Cum
1382 2842 1567 2913 itaque
1586 2840 1818 2910 Spiritus
1846 2842 1908 2896 in

2007 2831 2362 2890 lur,.monere
2396 2840 2468 2881 ne
2492 2824 2690 2896 pigeat,
2723 2840 2910 2882 vocem
2946 2826 3139 2892 Δαυιδ,
3175 2843 3298 2899 qua:
3332 2831 3494 2903 vulgo
3519 2832 3574 2889 in

327 2924 639 2993 quempiam
652 2927 946 2998 principum
967 2939 1242 3007 cantorum
1263 2932 1511 2998 insiliret,
1541 2934 1717 2988 elateri
1733 2934 1903 3004 quiete

2007 2915 2284 2972 codicibus
2329 2917 2435 2973 Δᾰδ
2479 2916 2709 2988 legitur;
2754 2917 2931 2974 sicubi
2978 2926 3117 3015 tota_
3137 2919 3482 2978 describatur
3517 2924 3571 2980 iu

329 3011 561 3081 agebant
574 3025 830 3080 astantes,
848 3034 910 3071 ac
941 3036 1058 3074 voce
1081 3000 1308 3077 consona
1329 3000 1901 3092 psallentiresponden-

2007 3005 2391 3061 vetustioribus
2415 3004 2827 3074 manuscriptis,
2851 3020 2948 3076 per
2980 3023 3011 3059 υ
3039 3005 3218 3062 ell‘erri
3248 3007 3431 3075 Δαυῖδ,
3463 3024 3573 3065 non

329 3112 436 3167 tes,
453 3103 705 3163 Alleluia.
729 3107 984 3178 Apertius
1002 3127 1130 3167 vero
1160 3113 1307 3169 Psal.
1340 3130 1489 3180 LXXI,
1517 3130 1651 3171 vers
1669 3115 1736 3171 l9
1756 3135 1769 3171 :
1792 3116 1907 3170 Kal.

2007 3107 2182 3154 autem
2216 3097 2401 3162 Δαὸίδ,
2449 3104 2510 3153 ιιι
2559 3096 2615 3152 in
2650 3094 2814 3153 editis
2848 3094 3143 3153 Bibliorum
3196 3098 3411 3171 legitur.
3444 3101 3573 3171 quia

325 3196 634 3294 ἐπειδήπερ
657 3199 830 3254 ταῦτα
844 3201 905 3256 τὸ
920 3201 1142 3274 Πνεῦμα
1159 3204 1219 3258 τὸ
1236 3205 1388 3275 ἅγιον
1406 3207 1752 3279 προφητικῶς
1776 3208 1904 3279 μέλ-

2007 3205 2194 3260 nempe
2218 3188 2275 3243 in
2303 3186 2587 3243 Hebraicis
2610 3187 3033 3257 exemplaribus,
3060 3205 3155 3261 per
3185 3207 3287 3246 sou
3316 3201 3409 3255 ττι
3448 3195 3573 3252 des-

322 3282 490 3340 λοντα
514 3286 730 3344 ἔσεσθαι
766 3294 1158 3366 προανεφώνει,
1188 3297 1348 3368 χορὸς
1378 3276 1619 3366 ἀήέλών
1643 3276 1909 3354 ὑπακούει.

2007 3276 2249 3334 cribitur.
2279 3276 2398 3343 Qua
2436 3278 2490 3333 in
2527 3294 2590 3335 re
2615 3287 2862 3335 veterum
2891 3283 3133 3337 omnium
3180 3283 3429 3339 codicum
3461 3299 3571 3339 mo-

322 3378 722 3449 ωνευχὸμενος
746 3384 813 3453 τῇ
854 3382 961 3437 τῶν
989 3386 1329 3458 πραγμάτων
1366 3386 1656 3453 τελειώσει,
1690 3389 1907 3443 πιστού-

321 3469 491 3538 μενός
521 3487 580 3523 τε
613 3471 752 3526 αὑτὰ
772 3474 866 3528 καὶ
890 3474 1062 3545 λέγων
1081 3495 1095 3508 ·
1129 3477 1168 3529 Γ
1169 3476 1361 3543 ένοιτο,
1391 3477 1637 3547 γένοιτοι
1653 3479 1757 3536 hoc
1781 3488 1865 3536 est
1882 3499 1905 3535 :*

317 3559 394 3614 Et
421 3562 550 3628 quia
577 3562 690 3618 haec
719 3563 954 3635 Spiritus
990 3577 1207 3623 sanctus
1234 3570 1530 3640 prophetiae
1554 3570 1738 3640 futura
1762 3588 1905 3641 pra-

312 3652 557 3720 dixerat,
583 3656 774 3712 chorus
826 3661 1131 3731 angelorum
1171 3664 1445 3734 respondet
1474 3682 1582 3721 una
1614 3665 1897 3736 deprecans

309 3762 416 3815 pro
440 3749 519 3803 rei
544 3755 1012 3821 consummatione,
1036 3757 1568 3828 illaqueconﬁrmans
1593 3775 1655 3813 ac
1679 3760 1855 3814 dicens
1874 3775 1896 3814 ι

311 3835 475 3905 Fiat,
512 3840 647 3910 ﬁat!
667 3842 868 3899 Eodem
899 3861 1118 3918 quoque
1160 3849 1466 3921 signiﬁcatu
1504 3865 1605 3905 vox
1646 3867 1893 3923 προσυπ-

310 3929 544 3988 αικοὺειν
582 3934 707 3993 alibi
742 3936 996 4007 occurrit,
1025 3938 1210 4003 idest,
1235 3938 1309 3992 ad
1329 3937 1531 4010 aliquid
1563 3939 1891 4009 respondere.

311 4014 498 4094 llujus
528 4025 704 4091 vocis,
751 4020 854 4082 hac
895 4029 1163 4084 sententia
1207 4039 1465 4101 acceptae,
1516 4031 1905 4103 frequentissi-

312 4130 444 4171 tuus
491 4126 576 4172 est
623 4117 766 4189 apud
795 4119 1093 4192 scriptores
1139 4122 1449 4191 praesertim
1490 4124 1901 4182 ecclesiasticos.

313 4223 483 4265 118115..

885 4346 967 4398 VI.
992 4360 1169 4412 ιυιιερσος
1193 4350 1330 4412 quid,
1353 4356 1469 4403 etc.

388 4463 586 4522 Parem
617 4472 884 4529 cautelam
919 4472 1177 4531 adhibeas
1220 4474 1277 4530 in
1329 4492 1462 4533 voce
1494 4478 1756 4551 σωτήριος
1784 4493 1885 4549 PFO

315 4559 549 4626 iitroque
573 4576 767 4631 genere
795 4565 1109 4621 masculino.
1128 4573 1184 4623 et
1212 4565 1471 4624 feminino
1511 4568 1763 4639 usurpari
1793 4584 1885 4625 so-

317 4644 439 4711 lita,
479 4649 634 4718 cujus
666 4653 812 4722 prior
855 4655 1181 4728 signiﬁcatio
1205 4671 1289 4716 est
1316 4659 1605 4727 salutaris;
1641 4662 1734 4718 sed
1766 4660 1878 4718 fre-

315 4743 591 4807 quenliori
640 4761 739 4802 usu
785 4750 924 4819 apud
969 4751 1401 4820 ecclesiasticos,
1444 4753 1720 4809 salvatoris
1753 4770 1875 4811 ver-

1999 3386 2114 3428 rem
2135 3370 2300 3442 sequi.
2319 3370 2494 3427 visum
2514 3376 2618 3426 est.

2068 3462 2359 3529 Cteterum,
2392 3472 2454 3518 ut
2478 3478 2763 3534 speramus
2794 3479 2907 3520 non
2938 3464 3207 3534 ingratum
3240 3459 3425 3519 lectori
3450 3463 3568 3520 fore

1998 3554 2293 3611 Eusebium
2323 3562 2570 3611 nostrum
2592 3594 2608 3621 ,
2640 3555 2716 3609 ita
2742 3555 2799 3610 in
2827 3564 3035 3625 partem
3070 3554 3257 3624 gratia:
3288 3554 3566 3612 vocandas

1996 3661 2284 3703 censemus
2331 3661 2449 3710 eos,
2492 3647 2585 3716 qui
2617 3647 2776 3702 nobis
2823 3647 2907 3701 vel
2956 3645 3175 3701 codices
3216 3644 3301 3700 vel
3340 3660 3561 3716 operam

1995 3738 2277 3794 contulere
2307 3753 2482 3794 suam.
2509 3737 2589 3792 Ex
2616 3736 2783 3809 Regia
2804 3746 2953 3795 certe
2973 3735 3321 3801 bibliotheca,
3337 3736 3565 3808 jubente

1993 3830 2364 3886 illustrissimo
2387 3830 2579 3886 abbate
2616 3846 2685 3886 DE
2716 3828 2972 3897 Louvons,
3004 3828 3249 3900 ejusdem
3285 3829 3561 3900 praelecto.

1993 3923 2210 3981 codices
2248 3923 2407 3980 nobis
2437 3939 2535 3995 pro
2570 3931 2717 3991 voto,
2752 3923 2913 3993 idque
2946 3923 3011 3978 ad
3048 3923 3366 3978 diuturnum
3400 3940 3564 3980 usum

1991 4016 2175 4072 traditi
2198 4028 2327 4073 sunt
2356 4031 2393 4068 at
2424 4015 2759 4071 doctissimis
2801 4022 2856 4070 et
2897 4013 3248 4070 amicissimis
3275 4014 3410 4071 viris
3437 4013 3556 4070 Cle-

1992 4115 2236 4162 mente-et
2263 4106 2524 4171 Boivinio,
2556 4106 2896 4161 custodibus.
2929 4102 3121 4161 Parem
3150 4105 3560 4161 beneﬁcentiam

1989 4199 2193 4270 experti
2248 4214 2438 4255 sumus
2484 4214 2653 4270 penes
2697 4197 3189 4254 eminentissimum
3229 4197 3557 4252 cardinalem

1990 4307 2057 4345 ne
2085 4292 2329 4356 Consum,
2362 4292 2455 4362 qui
2487 4291 2644 4348 nobis
2683 4291 2891 4346 codicis
2922 4289 3357 4362 praestantissimi
3391 4304 3553 4359 supra

1918 4393 1965 4452 ι)
1990 4382 2273 4438 memorati
2315 4383 2526 4453 copiam
2550 4381 2705 4437 ’l'ecit.
2754 4380 2829 4456 Et
2868 4380 3295 4436 illustrissimum
3340 4377 3542 4434 archie-

1988 4476 2271 4546 piscopum
2311 4473 2823 4545 Rothomagensem,
2854 4472 3014 4542 cujus
3036 4471 3375 4527 bibliotheca:
3397 4468 3548 4525 codi-

1987 4569 2146 4625 cibus
2168 4569 2235 4623 ad
2266 4576 2454 4623 nutum
2479 4565 2582 4621 frui
2616 4566 2760 4628 licet,
2795 4573 3021 4633 curante
3041 4563 3192 4620 Dom.
3217 4563 3290 4621 du
3313 4563 3548 4630 Chesne,

1988 4660 2423 4719 bibliothecario.
2451 4659 2630 4727 Salve,
2667 4659 2879 4715 erudite
2910 4659 3101 4715 lector.
