4042 6210
443 297 513 353 63
761 351 763 354 ι
1142 290 1410 349 EUSEBII
1448 285 1928 368 CESARIENSIS
1967 285 2118 342 OPP.
2151 284 2351 340 PARS.
2394 284 2483 341 111.
2523 318 2593 326 —
2631 282 3036 340 EXEGETICA.
3601 281 3668 335 64

449 439 3662 466 W

1665 607 1771 668 DE
1814 605 2470 669 CONTINUATIONE

762 767 1916 898 COMMENTARIORUM
1993 783 2473 874 EUSEBII
2562 779 3373 873 CIESARIENSIS

1081 984 1137 1044 Α
1190 977 1521 1043 PSALMO
1553 977 1752 1060 CXIX
1799 968 2060 1052 USQUE
2113 974 2228 1037 AD
2274 973 2731 1038 PSALTERII
2776 974 3061 1039 FINEM

1520 1153 2010 1234 EDITORIS
2085 1153 2608 1231 MONITUM.

935 1339 1167 1413 (Angela
1190 1336 1317 1404 ΜΑΙ,
1356 1333 1686 1390 Bibliotheca
1711 1349 1846 1388 nova
1876 1331 2124 1399 Patrum,
2157 1338 2198 1387 ι.
2234 1329 2325 1396 IV,
2372 1348 2425 1402 ιι.
2481 1331 2790 1386 65-1mm):
2819 1330 2973 1394 ιδιι,
3010 1329 3165 1402 ἱιι-Α.)

521 1587 616 1641 Vir
649 1587 1000 1652 doctissimus,
1033 1596 1082 1640 et
1114 1587 1180 1660 de
1222 1586 1388 1642 sacris
1421 1584 1638 1640 Litteris
1668 1586 2041 1643 immortaliter
2081 1588 2317 1652 meritus,
2362 1604 2422 1640 ac
2460 1584 2724 1642 Haurince
2769 1587 2990 1658 familia:
3037 1604 3294 1642 summum
3334 1587 3510 1652 decus,
3551 1588 3681 1643 Ber-

444 1682 643 1735 nardus
685 1681 1116 1752 Montfauconius
1148 1683 1200 1735 in
1241 1681 1551 1750 praefatione
1583 1681 1652 1733 ad
1696 1681 1907 1736 Eusebii
1935 1683 2276 1737 Cwsariensis
2307 1697 2434 1751 quos
2477 1679 2637 1735 edidit
2675 1679 3090 1736 Commentarius
3128 1682 3196 1734 ad
3221 1678 3565 1745 Psalterium,
3600 1684 3686 1735 ait

443 1791 496 1844 ρ.
527 1788 586 1826 ιιι
622 1791 636 1827 :
675 1791 693 1824 ι
737 1770 926 1843 Neque
958 1781 1134 1825 tamen
1162 1770 1214 1824 id
1247 1771 1487 1841 consequi
1517 1772 1804 1839 potuimus,
1839 1783 1896 1825 ut
1930 1753 2093 1827 totum
2121 1772 2551 1826 commentarium
2580 1771 2647 1823 ad
2669 1771 2910 1824 ultimum
2941 1757 3101 1842 usque
3136 1772 3398 1840 psalmum
3422 1788 3486 1828 CL
3513 1775 3566 1826 in
3593 1773 3694 1826 lit--

443 1882 547 1918 cem
575 1865 810 1935 proferre
836 1863 1057 1917 liceret:
1089 1865 1141 1916 in
1188 1864 1333 1917 nullo
1363 1865 1500 1918 enim
1536 1879 1600 1917 ex
1638 1865 1939 1918 memoratis
1968 1863 2232 1917 codicibus
2261 1862 2403 1915 ultra
2429 1877 2591 1916 cxvm
2641 1864 2902 1932 psalmum
2930 1863 3194 1934 quidpiam
3228 1864 3465 1933 offertur.
3499 1863 3677 1932 Quod-

441 1977 537 2030 que
565 1976 656 2030 per
688 1957 816 2011 mihi
843 1958 1034 2012 mirum
1075 1958 1240 2011 visum
1258 1965 1358 2020 est,
1397 1956 1604 2011 Catena:
1633 1956 1744 2010 illa!
1767 1954 1939 2026 Regia:
1968 1954 2304 2026 (Parisiacw)
2333 1970 2453 2025 qua:
2479 1971 2639 2023 usque
2668 1955 2735 2008 ad
2757 1970 2919 2009 cxvm
2949 1955 3207 2023 psalmum
3238 1957 3678 2026 interpretationi-

444 2055 538 2110 bus
583 2053 792 2108 Eusebii
813 2061 1054 2114 utuntur,
1092 2052 1167 2104 ita
1196 2059 1252 2104 ut
1276 2050 1451 2104 nullus
1477 2060 1700 2104 veterum
1729 2051 2066 2117 interpretum:
2098 2047 2228 2102 adeo
2255 2047 2607 2118 frequentatus
2646 2058 2908 2110 occurrat,
2937 2049 2988 2102 in
3014 2063 3176 2104 cxvm
3205 2050 3406 2118 psalmo
3430 2053 3503 2105 ita
3524 2053 3692 2122 ﬁnem-

443 2150 644 2218 faciunt
675 2149 956 2203 Eusebium
981 2149 1032 2201 in
1067 2146 1292 2200 medium
1322 2146 1597 2215 afferendi,
1625 2155 1682 2200 ut
1712 2162 1780 2200 ne
1795 2146 2001 2199 verbum
2018 2143 2223 2214 quidem
2257 2143 2474 2198 ulterius
2500 2142 2712 2198 Eusebii
2729 2155 3049 2212 compareat.
3075 2143 3218 2198 Unde
3234 2146 3524 2216 conjectare
3548 2149 3679 2218 forte

445 2245 619 2308 liceat,
645 2263 676 2298 a
696 2244 876 2298 multis
885 2244 1001 2314 jam
1027 2234 1236 2297 steculis
1258 2241 1474 2296 Eusebii
1489 2239 1904 2295 Commentarios
1920 2240 2016 2293 hac
2032 2240 2315 2308 posteriore
2340 2237 2422 2292 sui
2433 2248 2582 2306 parte
2601 2246 2870 2292 truncatas
2887 2237 3220 2292 librariorum
3244 2239 3446 2294 incuria
3463 2241 3639 2310 fuisse.
3655 2260 3686 2292 ι.

444 2337 512 2391 Et
541 2337 748 2409 quidem
788 2336 1218 2407 Montfauconius
1271 2344 1406 2388 recte
1445 2350 1538 2388 nos
1587 2346 1779 2400 monet,
1812 2331 2096 2386 Eusebium
2136 2332 2190 2384 in
2225 2340 2390 2384 totum
2425 2345 2602 2398 reapse
2649 2329 2968 2384 Psalterium
3000 2332 3291 2401 scripsisse,
3328 2341 3452 2387 teste
3493 2332 3695 2388 Iliero-t

444 2446 598 2501 ngmo
634 2428 710 2486 De
741 2431 930 2500 script.
956 2429 1118 2492 eccl.,
1151 2443 1267 2497 cap.
1297 2428 1356 2480 8|
1387 2445 1400 2480 :
1432 2445 1450 2478 ‹
1493 2424 1749 2480 Eusebius
1785 2426 1839 2478 in
1866 2439 1936 2478 cn.
1953 2423 2196 2492 psalmos
2225 2420 2610 2476 eruditissimos
2645 2420 3059 2478 Commentarios
3095 2422 3276 2477 edidit.
3317 2443 3335 2476 ι
3375 2422 3441 2476 Et
3475 2425 3526 2477 in
3569 2425 3682 2492 epi-

443 2523 583 2578 stola
628 2524 714 2588 75,
745 2522 814 2578 ad
853 2523 1251 2594 Augustinum:
1291 2538 1309 2572 ι
1349 2519 1591 2574 Psalmos
1636 2517 2121 2588 interpretatisant
2168 2514 2309 2580 apud
2352 2512 2560 2570 Gra‘cos
2603 2515 2805 2576 primus
2837 2516 3106 2597 Origenes,
3141 2515 3395 2575 secundus
3429 2515 3680 2578 Ευεειήιις

446 2615 809 2684 Casariensis,
853 2657 866 2672 .
910 2658 925 2673 .
969 2656 986 2672 .
1024 2615 1089 2672 de
1110 2616 1309 2690 integro
1336 2613 1677 2672 Psalmo'rum
1716 2633 1935 2688 corpore
1950 2611 2194 2675 dicimus.
2234 2637 2257 2671 ›

516 2731 616 2788 His
643 2751 734 2805 ego
775 2735 915 2805 apud
949 2733 1408 2804 Montfauconium
1457 2734 1624 2796 lectis,
1655 2742 1706 2788 et
1731 2751 1846 2787 cum
1891 2752 1958 2789 ne
1987 2735 2125 2804 apud
2179 2734 2422 2791 Corderii
2437 2735 2654 2806 quidem
2701 2735 2954 2792 Catenam
3002 2735 3284 2790 Eusebium
3337 2736 3540 2804 uspiam
3567 2748 3686 2805 post

444 2825 641 2882 dictum
691 2829 970 2882 terminum
1022 2827 1232 2880 laudari
1260 2827 1507 2889 viderem,
1539 2826 1757 2896 quassivi
1783 2825 1964 2880 sedqu
1998 2829 2051 2881 in
2091 2827 2360 2883 Vaticanis
2399 2829 2665 2884 codicibus
2695 2831 2929 2901 nunquid
2959 2830 3094 2900 forte
3132 2830 3340 2893 lateret,
3375 2828 3512 2899 quod
3539 2829 3683 2883 ultra

444 2922 753 2991 praedictam
779 2922 892 2990 ejus
919 2921 1197 2976 editionem
1232 2928 1548 2974 excurreret.
1594 2917 1663 2974 Et
1691 2920 1926 2974 continui
1956 2922 2163 2991 quidem
2193 2923 2576 2986 commentarii,
2603 2923 2775 2993 qualis
2811 2922 2951 2993 apud
2977 2921 3431 2992 M'ontfauconium
3457 2930 3554 2985 est,
3577 2931 3681 2976 tres

445 3015 551 3071 vidi
576 3014 778 3068 codices
817 3013 1118 3075 Vaticanos,
1158 3029 1378 3084 quorum
1409 3021 1581 3066 tamen
1628 3011 1807 3067 nullus
1839 3013 1982 3068 ultra
2017 3016 2286 3085 psalmum
2319 3031 2450 3082 cxu,
2492 3028 2684 3086 praeter
2722 3017 3020 3088 interjectas
3059 3018 3297 3081 lacunas,
3349 3015 3679 3084 procedebat.

449 3110 590 3181 Ergo
619 3111 688 3164 ad
718 3107 948 3165 Catenas
994 3106 1278 3162 Vaticanus
1319 3124 1620 3172 conversus,
1646 3107 1707 3176 in
1735 3107 1922 3178 quibus
1954 3108 2164 3164 Eusebii
2195 3109 2464 3164 abundant
2491 3119 2758 3180 excerpta,
2789 3111 2844 3164 in
2883 3110 3140 3181 plerisque
3165 3109 3341 3180 utique
3381 3109 3564 3179 agnovi
3593 3107 3683 3162 de-

449 3207 603 3274 ficere
639 3205 850 3258 omnino
889 3201 1172 3257 Eusebium
1209 3212 1325 3274 post
1359 3202 1616 3272 psalmum
1648 3217 1838 3263 cxvm,
1871 3218 1986 3272 quae
2016 3219 2096 3257 res
2135 3219 2252 3256 cum
2288 3201 2674 3273 Montfauconii
2710 3202 2775 3256 de
2820 3201 3110 3257 Parisiacis
3140 3201 3351 3257 Catenis
3379 3201 3681 3254 narratione

449 3297 708 3368 congruit.
744 3296 846 3352 Sed
895 3305 1068 3350 tamen
1105 3294 1244 3366 quod
1270 3295 1390 3350 huic
1431 3292 1584 3348 docto
1627 3292 1816 3348 editori
1847 3311 1948 3347 non
1981 3293 2185 3365 obtigit,
2216 3305 2274 3348 ut
2319 3296 2462 3349 ultra
2501 3312 2618 3350 eum
2670 3295 2948 3349 terminum
2981 3292 3283 3364 pra'tervehi
3329 3301 3522 3361 posset,
3556 3291 3682 3344 mihi

448 3391 716 3446 commode
743 3407 805 3444 ac
847 3391 1072 3460 feliciter
1113 3388 1315 3443 obvenit
1342 3405 1360 3443 :
1389 3389 1576 3442 etenim
1606 3387 1742 3441 inter
1790 3396 1862 3440 tot
1908 3385 2213 3450 Vaticanus,
2253 3397 2365 3443 tres
2389 3389 2559 3441 inveni
2590 3386 2842 3451 Catenas,
2866 3387 2934 3440 in
2970 3385 3156 3457 quibus
3193 3383 3407 3438 Eusebii
3438 3392 3688 3452 excerpta

449 3500 550 3538 non
573 3480 946 3538 contemnenda
981 3497 1143 3551 usque
1187 3483 1256 3534 ad
1285 3478 1539 3534 Psalterii
1569 3479 1723 3549 finem
1754 3477 2013 3550 leguntur.
2062 3478 2248 3533 Prima
2276 3489 2353 3534 est
2395 3489 2580 3532 catena
2607 3480 2886 3548 pervetusti
2925 3477 3240 3532 membranei
3263 3476 3478 3540 codicis,
3502 3476 3700 3530 steculiv

447 3575 608 3646 ferme
629 3591 682 3630 χι
707 3592 855 3646 quem
885 3575 939 3629 in
965 3573 1151 3644 Cyrilli
1175 3573 1406 3628 editione
1424 3573 1498 3644 (in
1522 3589 1625 3643 qua
1661 3571 1949 3626 Vaticanus
1973 3570 2041 3624 ad
2072 3572 2392 3625 Psalterium
2424 3570 2651 3626 Catenas
2683 3572 2957 3641 descripsi)
2987 3571 3253 3641 designavi
3276 3569 3454 3624 littera
3485 3567 3551 3623 υ.
3585 3569 3698 3623 Se»

449 3673 618 3724 cunila
644 3679 722 3723 est
754 3669 948 3723 codicis
985 3671 1105 3722 item
1135 3669 1345 3738 egregii,
1378 3667 1690 3738 bombycini.
1715 3666 1897 3719 steculi
1917 3665 2126 3719 circiter
2155 3679 2278 3730 xm,
2303 3681 2453 3736 quem
2482 3665 2723 3720 denotavi
2763 3665 2938 3719 littera
2977 3664 3040 3719 C.
3080 3663 3259 3718 Tertia
3291 3671 3368 3716 est
3391 3659 3586 3716 codicis
3613 3659 3676 3726 ϐ,

451 3762 733 3815 chartacei.
769 3759 998 3830 Denique
1034 3760 1192 3812 etiam
1226 3760 1281 3811 in
1314 3757 1577 3812 codicibus
1606 3756 1654 3810 E
1673 3767 1722 3812 et
1754 3756 1818 3821 L,
1853 3756 2109 3812 nonnulla
2137 3755 2349 3812 Eusebii
2372 3765 2488 3828 post
2527 3773 2691 3812 crvm
2722 3757 2982 3827 psalmum
3010 3755 3207 3811 scholia
3227 3765 3522 3826 supersunt.
3549 3752 3682 3819 Qua

451 3867 568 3904 cum
600 3852 675 3904 ita
706 3867 759 3905 se
785 3850 1050 3913 haberent,
1093 3848 1237 3903 nolui
1269 3849 1505 3918 equidem
1545 3849 1779 3903 oblatam
1820 3849 2126 3918 facultatem
2169 3849 2406 3904 omittere
2445 3850 2717 3920 supplendi
2745 3852 3020 3921 egregiam,
3049 3859 3302 3920 quantum
3348 3848 3475 3902 mihi
3503 3847 3699 3910 licuit,

453 3941 843 4010 Montfauconii
892 3941 1200 4008 editionem,
1232 3948 1283 3995 et
1317 3941 1364 3993 si
1393 3956 1493 3993 non
1517 3941 1775 4011 integrum
1817 3940 2027 3996 Eusebii
2050 3940 2519 4010 Commentarium,
2551 3943 2735 3998 saltem
2777 3944 2891 4014 ejus
2926 3953 3165 4011 excerpta
3203 3941 3532 4009 et:—reliquias
3563 3949 3702 3994 stu—-

451 4036 596 4090 diose
623 4051 650 4089 e
680 4034 944 4090 codicibus
966 4043 1223 4105 sumptas,
1256 4033 1544 4088 Latinitate
1573 4034 1754 4099 etiam,
1787 4036 2085 4089 imminente
2114 4037 2279 4105 prela,
2315 4053 2347 4089 a
2379 4052 2459 4090 me
2487 4035 2734 4099 donatas,
2770 4034 2837 4089 ad
2861 4034 3107 4090 Ecclesia:
3139 4024 3293 4089 usum
3311 4031 3626 4102 perducere-
3650 4045 3652 4048 '

523 4148 690 4203 Porro
721 4148 862 4203 haud
899 4151 1201 4203 continuum
1229 4149 1362 4202 hunc
1383 4165 1494 4204 esse
1523 4148 1988 4213 Commentarium,
2014 4151 2130 4220 jam
2159 4151 2295 4222 dixi,
2332 4152 2456 4222 quia
2496 4152 2704 4205 nonnisi
2739 4167 2767 4206 e
2791 4151 2988 4205 catenis
3020 4160 3288 4219 excerptas
3309 4165 3340 4201 a
3373 4145 3518 4202 nobis
3554 4145 3682 4213 fuit:

451 4241 592 4306 Quid
617 4243 772 4297 vero?
804 4239 992 4294 Nonne
1013 4250 1062 4294 et
1090 4240 1372 4295 Athanasii
1399 4241 1452 4294 in
1482 4239 1749 4305 Psalmos,
1787 4257 1960 4296 nonne
1978 4243 2133 4295 etiam
2170 4221 2477 4298 Theodoreti
2511 4244 2562 4296 in
2608 4241 2810 4298 Isaiam
2834 4243 3114 4312 deperdin
3139 4241 3504 4312 expositiones,
3536 4237 3682 4304 prio-

449 4333 524 4388 ris
548 4332 754 4403 quidem
781 4349 813 4386 a
855 4331 1279 4415 ontfauconio,
1320 4333 1626 4403 posterioris
1661 4350 1693 4387 a
1721 4332 2004 4388 Sirmondo
2025 4351 2052 4389 e
2079 4333 2292 4392 Catenis
2323 4337 2683 4393 tantummodo
2715 4337 2960 4394 delibatae
2985 4339 3238 4408 fuerunt?
3268 4335 3333 4390 Et
3363 4332 3569 4406 quidem
3583 4332 3700 4402 ju--

445 4426 623 4480 dicare
647 4443 704 4481 se
736 4426 865 4480 dicit
894 4417 1233 4490 Sirmondus’,
1268 4425 1551 4481 medullam
1579 4426 1722 4482 haud
1759 4425 1913 4481 dubie
1941 4444 2251 4500 succumque
2281 4429 2527 4500 cujusque
2545 4432 2724 4500 scripti
2745 4432 2997 4486 contineri
3024 4432 3081 4487 in
3109 4429 3320 4485 Catenis
3345 4427 3530 4482 solere.
3563 4423 3680 4479 Etsi

447 4528 620 4573 autem
651 4521 758 4576 lucc
790 4519 1003 4575 Eusebii
1029 4519 1236 4576 scholia
1265 4522 1318 4574 in
1339 4520 1599 4592 plerisque
1633 4521 1855 4590 psalmis
1887 4521 2125 4576 tenuiora
2164 4532 2307 4588 sunt,
2341 4531 2573 4577 attamen
2603 4525 2656 4578 in
2693 4524 2892 4594 aliquot
2915 4524 2990 4576 ita
3028 4521 3318 4584 abundant,
3359 4528 3414 4572 ut
3438 4533 3593 4588 prope
3615 4534 3697 4573 ex.

451 4613 649 4681 integro
689 4627 836 4680 opere
884 4629 1150 4682 superesse
1177 4612 1470 4676 videantur,
1512 4616 1558 4668 si
1578 4624 1715 4668 certe
1742 4615 1939 4684 partim
1985 4614 2310 4682 psalmorum
2357 4615 2705 4686 quorumdam
2755 4616 3076 4677 brevitatem.
3116 4616 3308 4684 partim
3359 4613 3703 4666 scltoliorum"

449 4703 654 4770 capiam
674 4711 982 4771 spectemus,
1005 4703 1161 4756 veluti
1190 4703 1257 4755 ad
1296 4703 1526 4773 psalmos
1546 4721 1705 4770 cxxv,
1731 4719 1937 4768 cum,
1966 4720 2172 4770 cxxxu,
2201 4721 2418 4771 cxxxw,
2437 4723 2521 4772 CL,
2558 4719 2606 4762 et
2637 4707 2705 4762 ad
2731 4723 2888 4775 CXLV,
2919 4724 3066 4772 cmx,
3100 4723 3223 4762 cu.
3251 4705 3498 4759 Jamvero
3539 4704 3700 4758 theo--

451 4794 647 4864 logicus
670 4796 722 4848 in
752 4793 850 4849 hac
877 4811 1010 4848 nova
1032 4793 1243 4847 Eusebii
1268 4804 1419 4862 parte
1455 4799 1518 4849 de
1555 4795 1753 4850 Christi
1774 4795 2048 4850 divinitate
2079 4814 2258 4852 sensus
2290 4815 2451 4854 sanus
2485 4800 2903 4870 orlhodoa'usque
2936 4801 3121 4870 ubique
3141 4809 3238 4863 est,
3265 4797 3480 4852 moralis
3507 4805 3676 4848 autem

447 4895 496 4942 et
530 4886 840 4942 doctrinalis
880 4887 1030 4944 valde
1052 4889 1169 4959 pius
1205 4897 1254 4941 et
1284 4888 1451 4955 utilis,
1474 4887 1538 4942 de
1566 4900 1700 4943 recte
1733 4889 1932 4960 agenda
1965 4891 2091 4955 vita,
2126 4891 2191 4944 de
2223 4892 2412 4946 orandi
2448 4910 2567 4957 usu,
2610 4893 2674 4947 de
2715 4893 2907 4947 animw
2945 4893 3363 4955 immortalitate,
3406 4890 3468 4942 de
3496 4889 3676 4957 futura

448 4981 577 5044 rita,
611 4980 673 5034 de
698 4979 1059 5034 hwrettcorum
1107 4981 1519 5050 reprehensione,
1552 4989 1658 5037 etc.
1693 4981 1772 5036 Ad
1801 4999 2010 5036 sacram
2042 4983 2272 5038 criticem
2300 4993 2347 5038 et
2395 4985 2735 5055 philologiam
2767 4983 2904 5053 quod
2954 4985 3159 5049 attinet,
3197 4983 3380 5036 laudat
3419 4978 3698 5034 Eusebius-

449 5088 554 5125 non
589 5055 746 5126 sernel
777 5071 1038 5142 Aquilam,
1070 5073 1260 5141 sapius
1301 5072 1690 5143 Symmachum,
1721 5073 2028 5144 quandoque
2059 5077 2218 5130 etiam
2246 5075 2670 5139 Theodotionem,
2706 5074 3048 5145 Septuaginta
3080 5074 3411 5142 Interpretes,
3439 5071 3694 5141 quintam.

449 5165 746 5229 editionem,
773 5173 820 5218 et
860 5167 1030 5220 varios
1057 5166 1318 5220 interdum
1341 5165 1562 5231 codices,
1587 5166 1802 5238 denique
1835 5165 2173 5222 llebrazorum
2197 5177 2394 5222 textum
2439 5177 2591 5236 atque
2620 5167 2936 5221 idiotismos.
2970 5167 3146 5234 Quare
3173 5177 3221 5221 et
3253 5182 3384 5220 nova
3408 5161 3676 5228 hexapla—

450 5257 594 5313 ribus
623 5256 960 5312 varietatibus
992 5260 1218 5313 accessio
1248 5259 1366 5313 hinc
1391 5259 1508 5330 ﬁeri
1531 5259 1801 5315 videbitur.
1835 5259 1917 5312 Ad
1938 5259 2200 5328 psalmum
2231 5273 2450 5324 cxxxtv,
2484 5261 2717 5329 loquitur
2759 5259 2948 5314 diserte
2982 5258 3236 5314 Eusebius
3268 5258 3331 5310 de
3352 5253 3689 5310 ethnicorum.

449 5367 546 5404 sua
583 5360 740 5405 aetate
788 5351 1137 5417 conversione,
1169 5368 1297 5422 quos
1343 5368 1543 5423 reapse,
1578 5354 1845 5422 regnantis
1877 5348 2207 5422 potissimum
2237 5351 2473 5420 exemplo
2513 5351 2867 5418 Constantini,
2911 5352 3164 5419 plurimos
3216 5349 3284 5402 ad
3319 5346 3674 5404 Christianam

453 5445 607 5512 fidem
628 5445 909 5500 accessisse
927 5445 1138 5500 scimus.
1167 5444 1554 5518 Qualiscunque
1590 5446 1797 5501 demum
1825 5448 1894 5502 sit
1930 5446 2116 5500 horum
2146 5445 2464 5500 scholiorum
2497 5462 2642 5512 usus,
2686 5459 2821 5501 certe
2859 5457 2965 5500 tam
2991 5446 3162 5516 prisci
3189 5435 3422 5512 clariq'ue
3449 5437 3676 5494 hominis

453 5535 611 5592 nulla
641 5554 673 5590 a
706 5553 786 5592 me
808 5537 1268 5608 prtetermittenda:
1297 5539 1530 5609 reliquiae
1565 5548 1739 5594 erant.

2027 5669 2107 5699 .1“
