  <div class='ocr_page' id='page_1' title='image "/cluster/home/n/w/nwhite01/storage/ocr_20150623/23/hvd.32044073501116/038.png"; bbox 0 0 4042 6210; ppageno 0'>
   <div class='ocr_carea' id='block_1_1' title="bbox 1496 243 2476 319">
    <p class='ocr_par' dir='ltr' id='par_1_1' title="bbox 1496 243 2476 319">
     <span class='ocr_line' id='line_1_1' title="bbox 1496 243 2476 319; baseline 0.007 -20"><span class='ocrx_word' id='word_1_1' title='bbox 1496 243 1988 302; x_wconf 66' lang='lat' dir='ltr'><strong>COHMENTARL‘</strong></span> <span class='ocrx_word' id='word_1_2' title='bbox 2012 245 2096 319; x_wconf 62' lang='lat' dir='ltr'><strong>JN</strong></span> <span class='ocrx_word' id='word_1_3' title='bbox 2135 246 2476 306; x_wconf 72' lang='lat' dir='ltr'><strong>PSALMOS.</strong></span> 
     </span>
    </p>
   </div>
   <div class='ocr_carea' id='block_1_2' title="bbox 3542 264 3608 315">
    <p class='ocr_par' dir='ltr' id='par_1_2' title="bbox 3542 264 3608 315">
     <span class='ocr_line' id='line_1_2' title="bbox 3542 264 3608 315; baseline -0.015 0"><span class='ocrx_word' id='word_1_4' title='bbox 3542 264 3608 315; x_wconf 64' lang='grc' dir='ltr'><strong>(δὴ</strong></span> 
     </span>
    </p>
   </div>
   <div class='ocr_carea' id='block_1_3' title="bbox 373 399 3576 451">
    <p class='ocr_par' dir='ltr' id='par_1_3' title="bbox 373 399 3576 451">
     <span class='ocr_line' id='line_1_3' title="bbox 373 399 3576 451; baseline 0.003 -20"><span class='ocrx_word' id='word_1_5' title='bbox 373 399 3576 451; x_wconf 53' lang='lat' dir='ltr'>W</span> 
     </span>
    </p>
   </div>
   <div class='ocr_carea' id='block_1_4' title="bbox 945 574 3038 746">
    <p class='ocr_par' dir='ltr' id='par_1_4' title="bbox 945 574 3038 746">
     <span class='ocr_line' id='line_1_4' title="bbox 945 574 3038 746; baseline 0.011 -21"><span class='ocrx_word' id='word_1_6' title='bbox 945 574 1702 733; x_wconf 87' lang='lat' dir='ltr'><strong>EUSEBII</strong></span> <span class='ocrx_word' id='word_1_7' title='bbox 1763 576 3038 746; x_wconf 67' lang='lat' dir='ltr'><strong>CfESARlENSIS</strong></span> 
     </span>
    </p>
   </div>
   <div class='ocr_carea' id='block_1_5' title="bbox 1127 861 2853 962">
    <p class='ocr_par' dir='ltr' id='par_1_5' title="bbox 1127 861 2853 962">
     <span class='ocr_line' id='line_1_5' title="bbox 1127 861 2853 962; baseline 0.002 -7"><span class='ocrx_word' id='word_1_8' title='bbox 1127 861 2009 956; x_wconf 83' lang='lat' dir='ltr'><strong>COMMENTARIA</strong></span> <span class='ocrx_word' id='word_1_9' title='bbox 2085 867 2206 956; x_wconf 88' lang='lat' dir='ltr'><strong>IN</strong></span> <span class='ocrx_word' id='word_1_10' title='bbox 2290 867 2853 962; x_wconf 84' lang='lat' dir='ltr'><strong>PSALMOS.</strong></span> 
     </span>
    </p>
   </div>
   <div class='ocr_carea' id='block_1_6' title="bbox 364 1147 1890 1234">
    <p class='ocr_par' dir='ltr' id='par_1_6' title="bbox 364 1163 1890 1226">
     <span class='ocr_line' id='line_1_6' title="bbox 364 1163 1890 1226; baseline 0 -2"><span class='ocrx_word' id='word_1_11' title='bbox 364 1164 670 1224; x_wconf 71' lang='lat' dir='ltr'><strong>EL&#39;SEBII</strong></span> <span class='ocrx_word' id='word_1_12' title='bbox 703 1163 792 1219; x_wconf 87' lang='lat' dir='ltr'><strong>IN</strong></span> <span class='ocrx_word' id='word_1_13' title='bbox 818 1165 1273 1224; x_wconf 76' lang='lat' dir='ltr'><strong>PSALMORUM</strong></span> <span class='ocrx_word' id='word_1_14' title='bbox 1305 1168 1890 1226; x_wconf 83' lang='lat' dir='ltr'><strong>INSCRIPTIONES</strong></span> 
     </span>
    </p>
   </div>
   <div class='ocr_carea' id='block_1_7' title="bbox 1992 1147 3590 1234">
    <p class='ocr_par' dir='ltr' id='par_1_7' title="bbox 1992 1147 3590 1231">
     <span class='ocr_line' id='line_1_7' title="bbox 1992 1147 3590 1231; baseline 0.001 -10"><span class='ocrx_word' id='word_1_15' title='bbox 1992 1165 2392 1231; x_wconf 72' lang='grc' dir='ltr'><strong>,ΕΥΣΕΒΙΟΥ</strong></span> <span class='ocrx_word' id='word_1_16' title='bbox 2430 1166 2551 1218; x_wconf 76' lang='grc' dir='ltr'>ειΣ</span> <span class='ocrx_word' id='word_1_17' title='bbox 2599 1167 2732 1218; x_wconf 80' lang='grc' dir='ltr'><strong>ΤΑΣ</strong></span> <span class='ocrx_word' id='word_1_18' title='bbox 2776 1164 3184 1218; x_wconf 64' lang='lat' dir='ltr'><strong>rumpam:</strong></span> <span class='ocrx_word' id='word_1_19' title='bbox 3228 1147 3365 1220; x_wconf 77' lang='lat' dir='ltr'><strong>m&#39;N</strong></span> <span class='ocrx_word' id='word_1_20' title='bbox 3409 1171 3590 1224; x_wconf 77' lang='grc' dir='ltr'><strong>ΨΑΑ-</strong></span> 
     </span>
    </p>
   </div>
   <div class='ocr_carea' id='block_1_8' title="bbox 432 1235 1917 1305">
    <p class='ocr_par' dir='ltr' id='par_1_8' title="bbox 432 1235 1917 1305">
     <span class='ocr_line' id='line_1_8' title="bbox 432 1235 1917 1305; baseline 0.001 -13"><span class='ocrx_word' id='word_1_21' title='bbox 432 1235 1039 1294; x_wconf 80' lang='lat' dir='ltr'><strong>INTERPRETATIO</strong></span> <span class='ocrx_word' id='word_1_22' title='bbox 1075 1238 1542 1305; x_wconf 77' lang='lat' dir='ltr'><strong>QUARUMDAM</strong></span> <span class='ocrx_word' id='word_1_23' title='bbox 1576 1239 1917 1298; x_wconf 74' lang='lat' dir='ltr'><strong>COMPEN-</strong></span> 
     </span>
    </p>
   </div>
   <div class='ocr_carea' id='block_1_9' title="bbox 425 1306 1254 1365">
    <p class='ocr_par' dir='ltr' id='par_1_9' title="bbox 425 1306 1254 1365">
     <span class='ocr_line' id='line_1_9' title="bbox 425 1306 1254 1365; baseline 0.004 -3"><span class='ocrx_word' id='word_1_24' title='bbox 425 1307 547 1362; x_wconf 84' lang='lat' dir='ltr'><strong><em>DII</em></strong></span> <span class='ocrx_word' id='word_1_25' title='bbox 583 1307 791 1363; x_wconf 82' lang='lat' dir='ltr'><strong>MORE</strong></span> <span class='ocrx_word' id='word_1_26' title='bbox 817 1306 1254 1365; x_wconf 78' lang='lat' dir='ltr'><strong>DESCRIPTA.</strong></span> 
     </span>
    </p>
   </div>
   <div class='ocr_carea' id='block_1_10' title="bbox 416 1423 1918 1496">
    <p class='ocr_par' dir='ltr' id='par_1_10' title="bbox 416 1423 1918 1496">
     <span class='ocr_line' id='line_1_10' title="bbox 416 1423 1918 1496; baseline 0.005 -16"><span class='ocrx_word' id='word_1_27' title='bbox 416 1423 647 1480; x_wconf 82' lang='lat' dir='ltr'><strong>Centum</strong></span> <span class='ocrx_word' id='word_1_28' title='bbox 673 1430 725 1476; x_wconf 89' lang='lat' dir='ltr'><strong>et</strong></span> <span class='ocrx_word' id='word_1_29' title='bbox 757 1423 1149 1494; x_wconf 82' lang='lat' dir='ltr'><strong>quinquaginta</strong></span> <span class='ocrx_word' id='word_1_30' title='bbox 1183 1426 1374 1496; x_wconf 87' lang='lat' dir='ltr'><strong>psalmi</strong></span> <span class='ocrx_word' id='word_1_31' title='bbox 1401 1435 1528 1482; x_wconf 90' lang='lat' dir='ltr'><strong>sunt</strong></span> <span class='ocrx_word' id='word_1_32' title='bbox 1563 1436 1652 1485; x_wconf 88' lang='lat' dir='ltr'><strong>:et</strong></span> <span class='ocrx_word' id='word_1_33' title='bbox 1667 1445 1798 1485; x_wconf 84' lang='lat' dir='ltr'><strong>sane</strong></span> <span class='ocrx_word' id='word_1_34' title='bbox 1827 1446 1918 1486; x_wconf 87' lang='lat' dir='ltr'><strong>sa-</strong></span> 
     </span>
    </p>
   </div>
   <div class='ocr_carea' id='block_1_11' title="bbox 344 1517 1918 1594">
    <p class='ocr_par' dir='ltr' id='par_1_11' title="bbox 344 1517 1918 1594">
     <span class='ocr_line' id='line_1_11' title="bbox 344 1517 1918 1594; baseline 0.004 -23"><span class='ocrx_word' id='word_1_35' title='bbox 344 1531 440 1573; x_wconf 98' lang='lat' dir='ltr'><strong>cer</strong></span> <span class='ocrx_word' id='word_1_36' title='bbox 483 1526 570 1573; x_wconf 91' lang='lat' dir='ltr'><strong>est</strong></span> <span class='ocrx_word' id='word_1_37' title='bbox 620 1517 1126 1588; x_wconf 79' lang='lat' dir='ltr'><strong>quinquagenarius</strong></span> <span class='ocrx_word' id='word_1_38' title='bbox 1183 1534 1478 1584; x_wconf 89' lang='lat' dir='ltr'><strong>numerus,</strong></span> <span class='ocrx_word' id='word_1_39' title='bbox 1515 1520 1608 1576; x_wconf 92' lang='lat' dir='ltr'><strong>illo</strong></span> <span class='ocrx_word' id='word_1_40' title='bbox 1651 1522 1918 1594; x_wconf 88' lang='lat' dir='ltr'><strong>siquidem</strong></span> 
     </span>
    </p>
   </div>
   <div class='ocr_carea' id='block_1_12' title="bbox 342 1609 1917 1680">
    <p class='ocr_par' dir='ltr' id='par_1_12' title="bbox 342 1609 1917 1680">
     <span class='ocr_line' id='line_1_12' title="bbox 342 1609 1917 1680; baseline 0.004 -16"><span class='ocrx_word' id='word_1_41' title='bbox 342 1609 562 1665; x_wconf 88' lang='lat' dir='ltr'><strong>dierum</strong></span> <span class='ocrx_word' id='word_1_42' title='bbox 595 1610 872 1664; x_wconf 91' lang='lat' dir='ltr'><strong>curriculo</strong></span> <span class='ocrx_word' id='word_1_43' title='bbox 896 1611 1204 1668; x_wconf 89' lang='lat' dir='ltr'><strong>instituitur</strong></span> <span class='ocrx_word' id='word_1_44' title='bbox 1233 1611 1575 1680; x_wconf 84' lang='lat' dir='ltr'><strong>Pentecoste,</strong></span> <span class='ocrx_word' id='word_1_45' title='bbox 1600 1631 1664 1670; x_wconf 88' lang='lat' dir='ltr'><strong>ac</strong></span> <span class='ocrx_word' id='word_1_46' title='bbox 1690 1615 1917 1671; x_wconf 89' lang='lat' dir='ltr'><strong>totidem</strong></span> 
     </span>
    </p>
   </div>
   <div class='ocr_carea' id='block_1_13' title="bbox 341 1703 1917 1776">
    <p class='ocr_par' dir='ltr' id='par_1_13' title="bbox 341 1703 1917 1776">
     <span class='ocr_line' id='line_1_13' title="bbox 341 1703 1917 1776; baseline 0.004 -19"><span class='ocrx_word' id='word_1_47' title='bbox 341 1717 616 1759; x_wconf 86' lang='lat' dir='ltr'><strong>annorum</strong></span> <span class='ocrx_word' id='word_1_48' title='bbox 639 1719 869 1760; x_wconf 87' lang='lat' dir='ltr'><strong>numero</strong></span> <span class='ocrx_word' id='word_1_49' title='bbox 897 1703 1179 1769; x_wconf 69' lang='lat' dir='ltr'><strong>Jubilaeus,</strong></span> <span class='ocrx_word' id='word_1_50' title='bbox 1216 1713 1275 1760; x_wconf 86' lang='lat' dir='ltr'><strong>ut</strong></span> <span class='ocrx_word' id='word_1_51' title='bbox 1302 1717 1496 1763; x_wconf 89' lang='lat' dir='ltr'><strong>vocant</strong></span> <span class='ocrx_word' id='word_1_52' title='bbox 1525 1708 1753 1776; x_wconf 66' lang='lat' dir='ltr'><strong>Hebraei,</strong></span> <span class='ocrx_word' id='word_1_53' title='bbox 1775 1710 1917 1764; x_wconf 85' lang='lat' dir='ltr'><strong>cele-</strong></span> 
     </span>
    </p>
   </div>
   <div class='ocr_carea' id='block_1_14' title="bbox 341 1793 1914 1871">
    <p class='ocr_par' dir='ltr' id='par_1_14' title="bbox 341 1793 1914 1871">
     <span class='ocr_line' id='line_1_14' title="bbox 341 1793 1914 1871; baseline 0.002 -20"><span class='ocrx_word' id='word_1_54' title='bbox 341 1794 560 1851; x_wconf 77' lang='lat' dir='ltr'><strong>bratur.</strong></span> <span class='ocrx_word' id='word_1_55' title='bbox 599 1795 772 1851; x_wconf 85' lang='lat' dir='ltr'><strong>Nabla</strong></span> <span class='ocrx_word' id='word_1_56' title='bbox 808 1793 950 1866; x_wconf 86' lang='lat' dir='ltr'><strong>apud</strong></span> <span class='ocrx_word' id='word_1_57' title='bbox 999 1796 1251 1854; x_wconf 69' lang='lat' dir='ltr'><strong>Hebraeos</strong></span> <span class='ocrx_word' id='word_1_58' title='bbox 1290 1807 1515 1854; x_wconf 83' lang='lat' dir='ltr'><strong>vocatur</strong></span> <span class='ocrx_word' id='word_1_59' title='bbox 1555 1801 1914 1871; x_wconf 83' lang='lat' dir='ltr'><strong>psalterium;</strong></span> 
     </span>
    </p>
   </div>
   <div class='ocr_carea' id='block_1_15' title="bbox 337 1886 1914 1956">
    <p class='ocr_par' dir='ltr' id='par_1_15' title="bbox 337 1886 1914 1956">
     <span class='ocr_line' id='line_1_15' title="bbox 337 1886 1914 1956; baseline 0.004 -16"><span class='ocrx_word' id='word_1_60' title='bbox 337 1886 494 1956; x_wconf 91' lang='lat' dir='ltr'><strong>quod</strong></span> <span class='ocrx_word' id='word_1_61' title='bbox 529 1902 596 1941; x_wconf 90' lang='lat' dir='ltr'><strong>ex</strong></span> <span class='ocrx_word' id='word_1_62' title='bbox 644 1886 870 1941; x_wconf 86' lang='lat' dir='ltr'><strong>musicis</strong></span> <span class='ocrx_word' id='word_1_63' title='bbox 905 1886 1283 1944; x_wconf 88' lang='lat' dir='ltr'><strong>instrumentis</strong></span> <span class='ocrx_word' id='word_1_64' title='bbox 1332 1890 1509 1944; x_wconf 87' lang='lat' dir='ltr'><strong>solum</strong></span> <span class='ocrx_word' id='word_1_65' title='bbox 1549 1891 1914 1946; x_wconf 90' lang='lat' dir='ltr'><strong>rectissimum</strong></span> 
     </span>
    </p>
   </div>
   <div class='ocr_carea' id='block_1_16' title="bbox 335 1978 1914 2051">
    <p class='ocr_par' dir='ltr' id='par_1_16' title="bbox 335 1978 1914 2051">
     <span class='ocr_line' id='line_1_16' title="bbox 335 1978 1914 2051; baseline 0.003 -20"><span class='ocrx_word' id='word_1_66' title='bbox 335 1986 450 2040; x_wconf 85' lang='lat' dir='ltr'><strong>est,</strong></span> <span class='ocrx_word' id='word_1_67' title='bbox 477 1993 654 2048; x_wconf 88' lang='lat' dir='ltr'><strong>neque</strong></span> <span class='ocrx_word' id='word_1_68' title='bbox 676 1978 744 2032; x_wconf 89' lang='lat' dir='ltr'><strong>ab</strong></span> <span class='ocrx_word' id='word_1_69' title='bbox 775 1979 973 2036; x_wconf 82' lang='lat' dir='ltr'><strong>intimis</strong></span> <span class='ocrx_word' id='word_1_70' title='bbox 1004 1981 1250 2051; x_wconf 89' lang='lat' dir='ltr'><strong>partibus</strong></span> <span class='ocrx_word' id='word_1_71' title='bbox 1277 1981 1345 2035; x_wconf 91' lang='lat' dir='ltr'><strong>ad</strong></span> <span class='ocrx_word' id='word_1_72' title='bbox 1378 1997 1571 2036; x_wconf 91' lang='lat' dir='ltr'><strong>sonum</strong></span> <span class='ocrx_word' id='word_1_73' title='bbox 1604 1981 1914 2048; x_wconf 85' lang='lat' dir='ltr'><strong>adhibetur,</strong></span> 
     </span>
    </p>
   </div>
   <div class='ocr_carea' id='block_1_17' title="bbox 338 2069 1918 2140">
    <p class='ocr_par' dir='ltr' id='par_1_17' title="bbox 338 2069 1918 2140">
     <span class='ocr_line' id='line_1_17' title="bbox 338 2069 1918 2140; baseline 0.004 -16"><span class='ocrx_word' id='word_1_74' title='bbox 338 2069 440 2124; x_wconf 88' lang='lat' dir='ltr'><strong>sed</strong></span> <span class='ocrx_word' id='word_1_75' title='bbox 471 2085 504 2123; x_wconf 92' lang='lat' dir='ltr'><strong>a</strong></span> <span class='ocrx_word' id='word_1_76' title='bbox 543 2070 796 2140; x_wconf 86' lang='lat' dir='ltr'><strong>supernis</strong></span> <span class='ocrx_word' id='word_1_77' title='bbox 824 2073 1038 2126; x_wconf 87' lang='lat' dir='ltr'><strong>sonanti</strong></span> <span class='ocrx_word' id='word_1_78' title='bbox 1079 2088 1183 2128; x_wconf 65' lang='lat' dir='ltr'><strong>aere</strong></span> <span class='ocrx_word' id='word_1_79' title='bbox 1217 2073 1531 2128; x_wconf 89' lang='lat' dir='ltr'><strong>instruitur.</strong></span> <span class='ocrx_word' id='word_1_80' title='bbox 1570 2074 1775 2129; x_wconf 88' lang='lat' dir='ltr'><strong>Psalmi</strong></span> <span class='ocrx_word' id='word_1_81' title='bbox 1821 2079 1918 2130; x_wconf 86' lang='lat' dir='ltr'><strong>ita-</strong></span> 
     </span>
    </p>
   </div>
   <div class='ocr_carea' id='block_1_18' title="bbox 333 2167 1918 2240">
    <p class='ocr_par' dir='ltr' id='par_1_18' title="bbox 333 2167 1918 2240">
     <span class='ocr_line' id='line_1_18' title="bbox 333 2167 1918 2240; baseline 0.005 -24"><span class='ocrx_word' id='word_1_82' title='bbox 333 2178 446 2232; x_wconf 86' lang='lat' dir='ltr'><strong>que</strong></span> <span class='ocrx_word' id='word_1_83' title='bbox 486 2171 748 2218; x_wconf 80' lang='lat' dir='ltr'><strong>vocantur</strong></span> <span class='ocrx_word' id='word_1_84' title='bbox 767 2173 1036 2235; x_wconf 88' lang='lat' dir='ltr'><strong>quotquot</strong></span> <span class='ocrx_word' id='word_1_85' title='bbox 1070 2167 1186 2222; x_wconf 90' lang='lat' dir='ltr'><strong>sola</strong></span> <span class='ocrx_word' id='word_1_86' title='bbox 1214 2167 1705 2224; x_wconf 87' lang='lat' dir='ltr'><strong>instrumentorum</strong></span> <span class='ocrx_word' id='word_1_87' title='bbox 1728 2170 1918 2240; x_wconf 86' lang='lat' dir='ltr'><strong>pulsa-</strong></span> 
     </span>
    </p>
   </div>
   <div class='ocr_carea' id='block_1_19' title="bbox 332 2256 1915 2330">
    <p class='ocr_par' dir='ltr' id='par_1_19' title="bbox 332 2256 1915 2330">
     <span class='ocr_line' id='line_1_19' title="bbox 332 2256 1915 2330; baseline 0.005 -22"><span class='ocrx_word' id='word_1_88' title='bbox 332 2256 675 2320; x_wconf 89' lang='lat' dir='ltr'><strong>tione,nullis</strong></span> <span class='ocrx_word' id='word_1_89' title='bbox 692 2256 941 2314; x_wconf 89' lang='lat' dir='ltr'><strong>admistis</strong></span> <span class='ocrx_word' id='word_1_90' title='bbox 955 2259 1612 2330; x_wconf 90' lang='lat' dir='ltr'><strong>vocibus,pcrsolvuntur.</strong></span> <span class='ocrx_word' id='word_1_91' title='bbox 1629 2261 1915 2319; x_wconf 88' lang='lat' dir='ltr'><strong>Canticum</strong></span> 
     </span>
    </p>
   </div>
   <div class='ocr_carea' id='block_1_20' title="bbox 329 2346 1916 2422">
    <p class='ocr_par' dir='ltr' id='par_1_20' title="bbox 329 2346 1916 2422">
     <span class='ocr_line' id='line_1_20' title="bbox 329 2346 1916 2422; baseline 0.01 -26"><span class='ocrx_word' id='word_1_92' title='bbox 329 2346 538 2402; x_wconf 86' lang='lat' dir='ltr'><strong>dicitur</strong></span> <span class='ocrx_word' id='word_1_93' title='bbox 563 2347 708 2418; x_wconf 89' lang='lat' dir='ltr'><strong>quod</strong></span> <span class='ocrx_word' id='word_1_94' title='bbox 729 2351 883 2404; x_wconf 87' lang='lat' dir='ltr'><strong>suavi</strong></span> <span class='ocrx_word' id='word_1_95' title='bbox 913 2351 1277 2422; x_wconf 66' lang='lat' dir='ltr'><strong>aequabilique</strong></span> <span class='ocrx_word' id='word_1_96' title='bbox 1305 2367 1439 2408; x_wconf 90' lang='lat' dir='ltr'><strong>voce</strong></span> <span class='ocrx_word' id='word_1_97' title='bbox 1467 2355 1716 2422; x_wconf 80' lang='lat' dir='ltr'><strong>canitur;</strong></span> <span class='ocrx_word' id='word_1_98' title='bbox 1741 2357 1916 2413; x_wconf 37' lang='lat' dir='ltr'><strong>canti‘</strong></span> 
     </span>
    </p>
   </div>
   <div class='ocr_carea' id='block_1_21' title="bbox 2078 1235 3552 1294">
    <p class='ocr_par' dir='ltr' id='par_1_21' title="bbox 2078 1235 3552 1294">
     <span class='ocr_line' id='line_1_21' title="bbox 2078 1235 3552 1294; baseline 0.003 -4"><span class='ocrx_word' id='word_1_99' title='bbox 2078 1238 2252 1290; x_wconf 85' lang='grc' dir='ltr'><strong>ΜΩΝ.</strong></span> <span class='ocrx_word' id='word_1_100' title='bbox 2301 1237 2680 1289; x_wconf 76' lang='grc' dir='ltr'><strong>ΕΡΜΗΝΕΙΑ</strong></span> <span class='ocrx_word' id='word_1_101' title='bbox 2720 1236 2939 1289; x_wconf 85' lang='grc' dir='ltr'><strong>ΤΙΝΩΝ</strong></span> <span class='ocrx_word' id='word_1_102' title='bbox 2968 1235 3127 1289; x_wconf 76' lang='grc' dir='ltr'><strong>ΚΑΤ</strong></span> <span class='ocrx_word' id='word_1_103' title='bbox 3154 1237 3552 1294; x_wconf 82' lang='grc' dir='ltr'><strong>ΕΠΙΤΟΜΗΝ.</strong></span> 
     </span>
    </p>
   </div>
   <div class='ocr_carea' id='block_1_22' title="bbox 2103 1452 3585 1529">
    <p class='ocr_par' dir='ltr' id='par_1_22' title="bbox 2103 1452 3585 1529">
     <span class='ocr_line' id='line_1_22' title="bbox 2103 1452 3585 1529; baseline -0.001 -18"><span class='ocrx_word' id='word_1_104' title='bbox 2103 1456 2325 1511; x_wconf 79' lang='grc' dir='ltr'><strong>Ἑκατὸν</strong></span> <span class='ocrx_word' id='word_1_105' title='bbox 2359 1454 2691 1525; x_wconf 82' lang='grc' dir='ltr'>πεντήκοντα</span> <span class='ocrx_word' id='word_1_106' title='bbox 2719 1452 3074 1522; x_wconf 79' lang='grc' dir='ltr'><strong>τυγχάνουσιν</strong></span> <span class='ocrx_word' id='word_1_107' title='bbox 3105 1454 3154 1506; x_wconf 80' lang='lat' dir='ltr'><strong>oi</strong></span> <span class='ocrx_word' id='word_1_108' title='bbox 3183 1453 3404 1526; x_wconf 65' lang='grc' dir='ltr'>ψαλμοὶ,</span> <span class='ocrx_word' id='word_1_109' title='bbox 3438 1454 3585 1529; x_wconf 82' lang='grc' dir='ltr'>ἱεροῦ</span> 
     </span>
    </p>
   </div>
   <div class='ocr_carea' id='block_1_23' title="bbox 2015 1543 3585 1619">
    <p class='ocr_par' dir='ltr' id='par_1_23' title="bbox 2015 1543 3585 1619">
     <span class='ocr_line' id='line_1_23' title="bbox 2015 1543 3585 1619; baseline -0.001 -15"><span class='ocrx_word' id='word_1_110' title='bbox 2015 1550 2110 1604; x_wconf 81' lang='grc' dir='ltr'><strong>τοῦ</strong></span> <span class='ocrx_word' id='word_1_111' title='bbox 2150 1557 2192 1603; x_wconf 85' lang='grc' dir='ltr'>ν’</span> <span class='ocrx_word' id='word_1_112' title='bbox 2223 1547 2580 1618; x_wconf 78' lang='grc' dir='ltr'><strong>τυγχάνοντος</strong></span> <span class='ocrx_word' id='word_1_113' title='bbox 2619 1543 2876 1616; x_wconf 73' lang='grc' dir='ltr'>ἀριθμοῦσ</span> <span class='ocrx_word' id='word_1_114' title='bbox 2924 1547 2981 1598; x_wconf 82' lang='grc' dir='ltr'>ὲν</span> <span class='ocrx_word' id='word_1_115' title='bbox 3025 1545 3123 1616; x_wconf 83' lang='grc' dir='ltr'>μὲν</span> <span class='ocrx_word' id='word_1_116' title='bbox 3153 1547 3387 1619; x_wconf 75' lang='grc' dir='ltr'><strong>ἡμέραις</strong></span> <span class='ocrx_word' id='word_1_117' title='bbox 3419 1548 3585 1602; x_wconf 77' lang='grc' dir='ltr'>ποιῶν</span> 
     </span>
    </p>
   </div>
   <div class='ocr_carea' id='block_1_24' title="bbox 2017 1636 3585 1714">
    <p class='ocr_par' dir='ltr' id='par_1_24' title="bbox 2017 1636 3585 1714">
     <span class='ocr_line' id='line_1_24' title="bbox 2017 1636 3585 1714; baseline 0 -20"><span class='ocrx_word' id='word_1_118' title='bbox 2017 1643 2117 1714; x_wconf 77' lang='grc' dir='ltr'><strong>τὴν</strong></span> <span class='ocrx_word' id='word_1_119' title='bbox 2149 1637 2550 1712; x_wconf 78' lang='grc' dir='ltr'><strong>Πεντηκοστὴν,</strong></span> <span class='ocrx_word' id='word_1_120' title='bbox 2576 1638 2632 1689; x_wconf 84' lang='grc' dir='ltr'>ὲν</span> <span class='ocrx_word' id='word_1_121' title='bbox 2661 1636 2718 1690; x_wconf 88' lang='grc' dir='ltr'>δὲ</span> <span class='ocrx_word' id='word_1_122' title='bbox 2749 1638 3009 1700; x_wconf 78' lang='grc' dir='ltr'><strong>ἐνιαυτοῖς</strong></span> <span class='ocrx_word' id='word_1_123' title='bbox 3039 1638 3130 1690; x_wconf 82' lang='grc' dir='ltr'><strong>τὸν</strong></span> <span class='ocrx_word' id='word_1_124' title='bbox 3157 1641 3286 1710; x_wconf 84' lang='grc' dir='ltr'>παρ’</span> <span class='ocrx_word' id='word_1_125' title='bbox 3318 1641 3585 1714; x_wconf 83' lang='grc' dir='ltr'>Ἑϐραίοις</span> 
     </span>
    </p>
   </div>
   <div class='ocr_carea' id='block_1_25' title="bbox 2017 1728 3587 1805">
    <p class='ocr_par' dir='ltr' id='par_1_25' title="bbox 2017 1728 3587 1805">
     <span class='ocr_line' id='line_1_25' title="bbox 2017 1728 3587 1805; baseline -0.001 -17"><span class='ocrx_word' id='word_1_126' title='bbox 2017 1733 2345 1805; x_wconf 78' lang='grc' dir='ltr'>καλούμενον</span> <span class='ocrx_word' id='word_1_127' title='bbox 2361 1731 2533 1802; x_wconf 78' lang='grc' dir='ltr'>Ἰωήλ.</span> <span class='ocrx_word' id='word_1_128' title='bbox 2557 1728 2744 1783; x_wconf 85' lang='grc' dir='ltr'>Νάϐλα</span> <span class='ocrx_word' id='word_1_129' title='bbox 2771 1728 2826 1781; x_wconf 86' lang='grc' dir='ltr'>δὲ</span> <span class='ocrx_word' id='word_1_130' title='bbox 2848 1729 2973 1800; x_wconf 83' lang='grc' dir='ltr'>παρ’</span> <span class='ocrx_word' id='word_1_131' title='bbox 2990 1729 3254 1798; x_wconf 83' lang='grc' dir='ltr'>Ἑϐραίοις</span> <span class='ocrx_word' id='word_1_132' title='bbox 3280 1731 3494 1800; x_wconf 87' lang='grc' dir='ltr'>λέγεται</span> <span class='ocrx_word' id='word_1_133' title='bbox 3524 1733 3587 1786; x_wconf 74' lang='grc' dir='ltr'><strong>τὸ</strong></span> 
     </span>
    </p>
   </div>
   <div class='ocr_carea' id='block_1_26' title="bbox 2016 1818 3580 1896">
    <p class='ocr_par' dir='ltr' id='par_1_26' title="bbox 2016 1818 3580 1896">
     <span class='ocr_line' id='line_1_26' title="bbox 2016 1818 3580 1896; baseline -0.01 -17"><span class='ocrx_word' id='word_1_134' title='bbox 2016 1824 2329 1896; x_wconf 74' lang='grc' dir='ltr'><strong>ψαλτήριον,</strong></span> <span class='ocrx_word' id='word_1_135' title='bbox 2349 1824 2376 1876; x_wconf 86' lang='grc' dir='ltr'>ὃ</span> <span class='ocrx_word' id='word_1_136' title='bbox 2391 1822 2454 1894; x_wconf 86' lang='grc' dir='ltr'>δὴ</span> <span class='ocrx_word' id='word_1_137' title='bbox 2475 1821 2630 1894; x_wconf 85' lang='grc' dir='ltr'>μόνον</span> <span class='ocrx_word' id='word_1_138' title='bbox 2646 1818 2754 1873; x_wconf 85' lang='grc' dir='ltr'><strong>τῶν</strong></span> <span class='ocrx_word' id='word_1_139' title='bbox 2784 1820 3059 1891; x_wconf 82' lang='grc' dir='ltr'><strong>μουσικῶν</strong></span> <span class='ocrx_word' id='word_1_140' title='bbox 3092 1820 3336 1891; x_wconf 83' lang='grc' dir='ltr'>ὀργάνων</span> <span class='ocrx_word' id='word_1_141' title='bbox 3355 1822 3580 1894; x_wconf 80' lang='grc' dir='ltr'><strong>ὀρθότα-</strong></span> 
     </span>
    </p>
   </div>
   <div class='ocr_carea' id='block_1_27' title="bbox 2016 1910 3583 1990">
    <p class='ocr_par' dir='ltr' id='par_1_27' title="bbox 2016 1910 3583 1990">
     <span class='ocr_line' id='line_1_27' title="bbox 2016 1910 3583 1990; baseline -0.001 -20"><span class='ocrx_word' id='word_1_142' title='bbox 2016 1934 2126 1980; x_wconf 82' lang='grc' dir='ltr'>τον,</span> <span class='ocrx_word' id='word_1_143' title='bbox 2147 1917 2241 1970; x_wconf 80' lang='grc' dir='ltr'><strong>καὶ</strong></span> <span class='ocrx_word' id='word_1_144' title='bbox 2266 1916 2340 1988; x_wconf 84' lang='grc' dir='ltr'>μὴ</span> <span class='ocrx_word' id='word_1_145' title='bbox 2367 1915 2792 1990; x_wconf 76' lang='grc' dir='ltr'>συνεργούμενον</span> <span class='ocrx_word' id='word_1_146' title='bbox 2825 1917 2904 1978; x_wconf 83' lang='grc' dir='ltr'>εἰς</span> <span class='ocrx_word' id='word_1_147' title='bbox 2921 1910 3051 1984; x_wconf 86' lang='grc' dir='ltr'>ῆχον</span> <span class='ocrx_word' id='word_1_148' title='bbox 3075 1915 3138 1968; x_wconf 85' lang='grc' dir='ltr'><strong>ὲκ</strong></span> <span class='ocrx_word' id='word_1_149' title='bbox 3167 1915 3274 1967; x_wconf 82' lang='grc' dir='ltr'>τῶν</span> <span class='ocrx_word' id='word_1_150' title='bbox 3289 1915 3583 1969; x_wconf 81' lang='grc' dir='ltr'>κατωτάτω</span> 
     </span>
    </p>
   </div>
   <div class='ocr_carea' id='block_1_28' title="bbox 2021 2005 3575 2081">
    <p class='ocr_par' dir='ltr' id='par_1_28' title="bbox 2021 2005 3575 2081">
     <span class='ocr_line' id='line_1_28' title="bbox 2021 2005 3575 2081; baseline 0.001 -22"><span class='ocrx_word' id='word_1_151' title='bbox 2021 2007 2218 2081; x_wconf 82' lang='grc' dir='ltr'>μερῶν,</span> <span class='ocrx_word' id='word_1_152' title='bbox 2267 2007 2380 2061; x_wconf 80' lang='grc' dir='ltr'>ἀλλ’</span> <span class='ocrx_word' id='word_1_153' title='bbox 2426 2008 2630 2062; x_wconf 82' lang='grc' dir='ltr'>ἄνωθεν</span> <span class='ocrx_word' id='word_1_154' title='bbox 2674 2007 2816 2078; x_wconf 76' lang='grc' dir='ltr'>ἔχειν</span> <span class='ocrx_word' id='word_1_155' title='bbox 2860 2006 2952 2060; x_wconf 86' lang='grc' dir='ltr'><strong>τὸν</strong></span> <span class='ocrx_word' id='word_1_156' title='bbox 3004 2005 3313 2077; x_wconf 76' lang='grc' dir='ltr'>ὑπηχοῦντα</span> <span class='ocrx_word' id='word_1_157' title='bbox 3360 2007 3575 2077; x_wconf 85' lang='grc' dir='ltr'>χαλκόν.</span> 
     </span>
    </p>
   </div>
   <div class='ocr_carea' id='block_1_29' title="bbox 2016 2095 3686 2172">
    <p class='ocr_par' dir='ltr' id='par_1_29' title="bbox 2016 2095 3686 2172">
     <span class='ocr_line' id='line_1_29' title="bbox 2016 2095 3686 2172; baseline 0.001 -19"><span class='ocrx_word' id='word_1_158' title='bbox 2016 2099 2235 2171; x_wconf 67' lang='grc' dir='ltr'>Ψαλμοὶ</span> <span class='ocrx_word' id='word_1_159' title='bbox 2256 2102 2354 2171; x_wconf 85' lang='grc' dir='ltr'>μὲν</span> <span class='ocrx_word' id='word_1_160' title='bbox 2375 2095 2465 2154; x_wconf 82' lang='grc' dir='ltr'><strong>οὗν</strong></span> <span class='ocrx_word' id='word_1_161' title='bbox 2486 2102 2533 2154; x_wconf 78' lang='lat' dir='ltr'><strong>oi</strong></span> <span class='ocrx_word' id='word_1_162' title='bbox 2557 2099 2643 2153; x_wconf 82' lang='grc' dir='ltr'>διὰ</span> <span class='ocrx_word' id='word_1_163' title='bbox 2666 2100 2827 2172; x_wconf 82' lang='grc' dir='ltr'>μόνου</span> <span class='ocrx_word' id='word_1_164' title='bbox 2848 2099 2942 2152; x_wconf 76' lang='grc' dir='ltr'><strong>τοῦ</strong></span> <span class='ocrx_word' id='word_1_165' title='bbox 2959 2099 3187 2172; x_wconf 80' lang='grc' dir='ltr'>ὀργάνου</span> <span class='ocrx_word' id='word_1_166' title='bbox 3210 2099 3376 2169; x_wconf 76' lang='grc' dir='ltr'>χωρὶς</span> <span class='ocrx_word' id='word_1_167' title='bbox 3397 2099 3579 2168; x_wconf 80' lang='grc' dir='ltr'>φωνῆς</span> <span class='ocrx_word' id='word_1_168' title='bbox 3683 2147 3686 2154; x_wconf 91' lang='grc'>.</span> 
     </span>
    </p>
   </div>
   <div class='ocr_carea' id='block_1_30' title="bbox 2016 2185 3580 2262">
    <p class='ocr_par' dir='ltr' id='par_1_30' title="bbox 2016 2185 3580 2262">
     <span class='ocr_line' id='line_1_30' title="bbox 2016 2185 3580 2262; baseline -0.002 -20"><span class='ocrx_word' id='word_1_169' title='bbox 2016 2191 2456 2261; x_wconf 71' lang='grc' dir='ltr'>ἀνακρουόμενον</span> <span class='ocrx_word' id='word_1_170' title='bbox 2488 2189 2598 2262; x_wconf 78' lang='grc' dir='ltr'><strong>ᾠδὴ</strong></span> <span class='ocrx_word' id='word_1_171' title='bbox 2637 2189 2694 2242; x_wconf 84' lang='grc' dir='ltr'>δὲ</span> <span class='ocrx_word' id='word_1_172' title='bbox 2731 2191 2780 2243; x_wconf 91' lang='grc' dir='ltr'>οἱ</span> <span class='ocrx_word' id='word_1_173' title='bbox 2807 2189 2896 2243; x_wconf 82' lang='grc' dir='ltr'>διὰ</span> <span class='ocrx_word' id='word_1_174' title='bbox 2925 2189 3106 2260; x_wconf 83' lang='grc' dir='ltr'>φωνῆς</span> <span class='ocrx_word' id='word_1_175' title='bbox 3145 2185 3433 2259; x_wconf 78' lang='grc' dir='ltr'>ἐμμελοῦς·</span> 
     </span>
    </p>
   </div>
   <div class='ocr_carea' id='block_1_31' title="bbox 2015 2277 3665 2353">
    <p class='ocr_par' dir='ltr' id='par_1_31' title="bbox 2015 2277 3665 2353">
     <span class='ocr_line' id='line_1_31' title="bbox 2015 2277 3665 2353; baseline -0.007 -17"><span class='ocrx_word' id='word_1_176' title='bbox 2015 2277 2072 2331; x_wconf 78' lang='grc' dir='ltr'>δὲ</span> <span class='ocrx_word' id='word_1_177' title='bbox 2102 2278 2314 2351; x_wconf 74' lang='grc' dir='ltr'>ψαλμοῦ</span> <span class='ocrx_word' id='word_1_178' title='bbox 2349 2281 2410 2334; x_wconf 84' lang='grc' dir='ltr'><strong>τὸ</strong></span> <span class='ocrx_word' id='word_1_179' title='bbox 2440 2280 2518 2350; x_wconf 81' lang='grc' dir='ltr'><strong>τῷ</strong></span> <span class='ocrx_word' id='word_1_180' title='bbox 2553 2279 2766 2352; x_wconf 76' lang='grc' dir='ltr'>ὀργάνῳ</span> <span class='ocrx_word' id='word_1_181' title='bbox 2799 2279 3084 2351; x_wconf 79' lang='grc' dir='ltr'>σύμφωνον</span> <span class='ocrx_word' id='word_1_182' title='bbox 3118 2280 3342 2350; x_wconf 76' lang='grc' dir='ltr'><strong>ἐπάγειν</strong></span> <span class='ocrx_word' id='word_1_183' title='bbox 3370 2282 3585 2353; x_wconf 58' lang='grc' dir='ltr'>φωνήν</span> <span class='ocrx_word' id='word_1_184' title='bbox 3654 2315 3665 2324; x_wconf 92' lang='grc'><strong>.</strong></span> 
     </span>
    </p>
   </div>
   <div class='ocr_carea' id='block_1_32' title="bbox 2013 2370 3576 2448">
    <p class='ocr_par' dir='ltr' id='par_1_32' title="bbox 2013 2370 3576 2448">
     <span class='ocr_line' id='line_1_32' title="bbox 2013 2370 3576 2448; baseline 0.003 -24"><span class='ocrx_word' id='word_1_185' title='bbox 2013 2370 2224 2442; x_wconf 68' lang='grc' dir='ltr'>ψαλμὸς</span> <span class='ocrx_word' id='word_1_186' title='bbox 2255 2371 2311 2424; x_wconf 81' lang='grc' dir='ltr'>δὲ</span> <span class='ocrx_word' id='word_1_187' title='bbox 2344 2372 2484 2443; x_wconf 81' lang='grc' dir='ltr'>ᾠδῆς</span> <span class='ocrx_word' id='word_1_188' title='bbox 2529 2373 2816 2438; x_wconf 85' lang='grc' dir='ltr'>ἀνάπαλιν,</span> <span class='ocrx_word' id='word_1_189' title='bbox 2863 2373 3279 2448; x_wconf 74' lang='grc' dir='ltr'>προηγουμένης</span> <span class='ocrx_word' id='word_1_190' title='bbox 3319 2373 3419 2445; x_wconf 81' lang='grc' dir='ltr'>τῆς</span> <span class='ocrx_word' id='word_1_191' title='bbox 3468 2374 3576 2428; x_wconf 84' lang='grc' dir='ltr'>τῶν</span> 
     </span>
    </p>
   </div>
   <div class='ocr_carea' id='block_1_33' title="bbox 327 2437 1890 2537">
    <p class='ocr_par' dir='ltr' id='par_1_33' title="bbox 327 2437 1890 2510">
     <span class='ocr_line' id='line_1_33' title="bbox 327 2437 1890 2510; baseline 0.008 -21"><span class='ocrx_word' id='word_1_192' title='bbox 327 2449 458 2490; x_wconf 91' lang='lat' dir='ltr'><strong>cum</strong></span> <span class='ocrx_word' id='word_1_193' title='bbox 484 2437 701 2508; x_wconf 86' lang='lat' dir='ltr'><strong>psalmi,</strong></span> <span class='ocrx_word' id='word_1_194' title='bbox 724 2439 871 2510; x_wconf 91' lang='lat' dir='ltr'><strong>quod</strong></span> <span class='ocrx_word' id='word_1_195' title='bbox 902 2454 1012 2494; x_wconf 89' lang='lat' dir='ltr'><strong>una</strong></span> <span class='ocrx_word' id='word_1_196' title='bbox 1051 2457 1177 2496; x_wconf 91' lang='lat' dir='ltr'><strong>cum</strong></span> <span class='ocrx_word' id='word_1_197' title='bbox 1211 2443 1595 2501; x_wconf 87' lang='lat' dir='ltr'><strong>instrumentis</strong></span> <span class='ocrx_word' id='word_1_198' title='bbox 1631 2461 1890 2502; x_wconf 73' lang='lat' dir='ltr'><strong>consona:</strong></span> 
     </span>
    </p>
   </div>
   <div class='ocr_carea' id='block_1_34' title="bbox 1992 2437 3574 2537">
    <p class='ocr_par' dir='ltr' id='par_1_34' title="bbox 2017 2437 3574 2537">
     <span class='ocr_line' id='line_1_34' title="bbox 2017 2437 3574 2537; baseline 0.001 -20"><span class='ocrx_word' id='word_1_199' title='bbox 2017 2437 2372 2536; x_wconf 59' lang='grc' dir='ltr'>προυσμάτων</span> <span class='ocrx_word' id='word_1_200' title='bbox 2414 2437 2613 2535; x_wconf 76' lang='grc' dir='ltr'>φωνῆς.</span> <span class='ocrx_word' id='word_1_201' title='bbox 2671 2437 3029 2536; x_wconf 65' lang='grc' dir='ltr'><strong>’Λλλτιιγορίας⁷</strong></span> <span class='ocrx_word' id='word_1_202' title='bbox 3057 2437 3123 2520; x_wconf 38' lang='grc' dir='ltr'><strong>δὲ.</strong></span> <span class='ocrx_word' id='word_1_203' title='bbox 3156 2437 3323 2537; x_wconf 75' lang='grc' dir='ltr'>νόμῳ,</span> <span class='ocrx_word' id='word_1_204' title='bbox 3363 2437 3574 2537; x_wconf 48' lang='grc' dir='ltr'>ᾧαλμὸς</span> 
     </span>
    </p>
   </div>
   <div class='ocr_carea' id='block_1_35' title="bbox 328 2523 1890 2626">
    <p class='ocr_par' dir='ltr' id='par_1_35' title="bbox 328 2528 1890 2602">
     <span class='ocr_line' id='line_1_35' title="bbox 328 2528 1890 2602; baseline 0.01 -22"><span class='ocrx_word' id='word_1_205' title='bbox 328 2528 570 2584; x_wconf 83' lang='lat' dir='ltr'><strong>admittit</strong></span> <span class='ocrx_word' id='word_1_206' title='bbox 585 2545 777 2598; x_wconf 85' lang='lat' dir='ltr'><strong>voces;</strong></span> <span class='ocrx_word' id='word_1_207' title='bbox 803 2531 1048 2602; x_wconf 88' lang='lat' dir='ltr'><strong>psalmus</strong></span> <span class='ocrx_word' id='word_1_208' title='bbox 1065 2535 1266 2590; x_wconf 89' lang='lat' dir='ltr'><strong>cantici</strong></span> <span class='ocrx_word' id='word_1_209' title='bbox 1284 2551 1528 2602; x_wconf 88' lang='lat' dir='ltr'><strong>rursum,</strong></span> <span class='ocrx_word' id='word_1_210' title='bbox 1549 2554 1673 2593; x_wconf 91' lang='lat' dir='ltr'><strong>cum</strong></span> <span class='ocrx_word' id='word_1_211' title='bbox 1701 2539 1890 2595; x_wconf 40' lang='lat' dir='ltr'><strong>instru‘</strong></span> 
     </span>
    </p>
   </div>
   <div class='ocr_carea' id='block_1_36' title="bbox 1992 2523 3572 2626">
    <p class='ocr_par' dir='ltr' id='par_1_36' title="bbox 2011 2523 3572 2626">
     <span class='ocr_line' id='line_1_36' title="bbox 2011 2523 3572 2626; baseline -0.001 -18"><span class='ocrx_word' id='word_1_212' title='bbox 2011 2523 2106 2626; x_wconf 63' lang='grc' dir='ltr'><strong>μέν</strong></span> <span class='ocrx_word' id='word_1_213' title='bbox 2133 2523 2379 2624; x_wconf 74' lang='grc' dir='ltr'>σῶματος</span> <span class='ocrx_word' id='word_1_214' title='bbox 2399 2523 2610 2623; x_wconf 47' lang='lat' dir='ltr'><strong>nimo-th</strong></span> <span class='ocrx_word' id='word_1_215' title='bbox 2633 2523 2942 2624; x_wconf 63' lang='grc' dir='ltr'>ὲναρμάνιος</span> <span class='ocrx_word' id='word_1_216' title='bbox 2963 2523 3041 2616; x_wconf 75' lang='grc' dir='ltr'><strong>είς</strong></span> <span class='ocrx_word' id='word_1_217' title='bbox 3060 2523 3320 2624; x_wconf 71' lang='grc' dir='ltr'>ἐργασίάν</span> <span class='ocrx_word' id='word_1_218' title='bbox 3341 2523 3572 2625; x_wconf 48' lang='grc' dir='ltr'>ἀγαθῆνξ</span> 
     </span>
    </p>
   </div>
   <div class='ocr_carea' id='block_1_37' title="bbox 329 2619 1908 2700">
    <p class='ocr_par' dir='ltr' id='par_1_37' title="bbox 329 2619 1908 2700">
     <span class='ocr_line' id='line_1_37' title="bbox 329 2619 1908 2700; baseline 0.012 -30"><span class='ocrx_word' id='word_1_219' title='bbox 329 2625 640 2675; x_wconf 88' lang='lat' dir='ltr'><strong>mentorum</strong></span> <span class='ocrx_word' id='word_1_220' title='bbox 676 2622 1014 2676; x_wconf 87' lang='lat' dir='ltr'><strong>musicorum</strong></span> <span class='ocrx_word' id='word_1_221' title='bbox 1043 2619 1214 2681; x_wconf 88' lang='lat' dir='ltr'><strong>sonus</strong></span> <span class='ocrx_word' id='word_1_222' title='bbox 1241 2628 1469 2685; x_wconf 76' lang='lat' dir='ltr'><strong>vocibus</strong></span> <span class='ocrx_word' id='word_1_223' title='bbox 1488 2631 1662 2700; x_wconf 66' lang='lat' dir='ltr'><strong>praeit.</strong></span> <span class='ocrx_word' id='word_1_224' title='bbox 1693 2630 1750 2685; x_wconf 91' lang='lat' dir='ltr'><strong>Si</strong></span> <span class='ocrx_word' id='word_1_225' title='bbox 1781 2633 1908 2688; x_wconf 86' lang='lat' dir='ltr'><strong>alle-</strong></span> 
     </span>
    </p>
   </div>
   <div class='ocr_carea' id='block_1_38' title="bbox 326 2709 1906 2794">
    <p class='ocr_par' dir='ltr' id='par_1_38' title="bbox 326 2709 1906 2794">
     <span class='ocr_line' id='line_1_38' title="bbox 326 2709 1906 2794; baseline 0.011 -32"><span class='ocrx_word' id='word_1_226' title='bbox 326 2709 514 2779; x_wconf 72' lang='lat' dir='ltr'><strong>gorice</strong></span> <span class='ocrx_word' id='word_1_227' title='bbox 539 2727 628 2767; x_wconf 89' lang='lat' dir='ltr'><strong>res</strong></span> <span class='ocrx_word' id='word_1_228' title='bbox 661 2713 982 2785; x_wconf 85' lang='lat' dir='ltr'><strong>accipiatur,</strong></span> <span class='ocrx_word' id='word_1_229' title='bbox 1008 2717 1254 2787; x_wconf 86' lang='lat' dir='ltr'><strong>psalmus</strong></span> <span class='ocrx_word' id='word_1_230' title='bbox 1284 2728 1368 2775; x_wconf 88' lang='lat' dir='ltr'><strong>est</strong></span> <span class='ocrx_word' id='word_1_231' title='bbox 1389 2723 1692 2779; x_wconf 86' lang='lat' dir='ltr'><strong>concinnus</strong></span> <span class='ocrx_word' id='word_1_232' title='bbox 1717 2739 1906 2794; x_wconf 88' lang='lat' dir='ltr'><strong>corpo-</strong></span> 
     </span>
    </p>
   </div>
   <div class='ocr_carea' id='block_1_39' title="bbox 327 2799 1903 2882">
    <p class='ocr_par' dir='ltr' id='par_1_39' title="bbox 327 2799 1903 2882">
     <span class='ocr_line' id='line_1_39' title="bbox 327 2799 1903 2882; baseline 0.012 -30"><span class='ocrx_word' id='word_1_233' title='bbox 327 2799 407 2854; x_wconf 90' lang='lat' dir='ltr'><strong>ris</strong></span> <span class='ocrx_word' id='word_1_234' title='bbox 453 2810 634 2859; x_wconf 86' lang='lat' dir='ltr'><strong>motus</strong></span> <span class='ocrx_word' id='word_1_235' title='bbox 673 2803 742 2858; x_wconf 87' lang='lat' dir='ltr'><strong>ad</strong></span> <span class='ocrx_word' id='word_1_236' title='bbox 783 2820 922 2876; x_wconf 91' lang='lat' dir='ltr'><strong>opus</strong></span> <span class='ocrx_word' id='word_1_237' title='bbox 948 2808 1152 2863; x_wconf 90' lang='lat' dir='ltr'><strong>bonum</strong></span> <span class='ocrx_word' id='word_1_238' title='bbox 1200 2812 1645 2882; x_wconf 80' lang='lat' dir='ltr'><strong>exsequendum,</strong></span> <span class='ocrx_word' id='word_1_239' title='bbox 1686 2816 1903 2871; x_wconf 89' lang='lat' dir='ltr'><strong>etiamsi</strong></span> 
     </span>
    </p>
   </div>
   <div class='ocr_carea' id='block_1_40' title="bbox 327 2885 1902 2972">
    <p class='ocr_par' dir='ltr' id='par_1_40' title="bbox 327 2885 1902 2972">
     <span class='ocr_line' id='line_1_40' title="bbox 327 2885 1902 2972; baseline 0.011 -27"><span class='ocrx_word' id='word_1_240' title='bbox 327 2885 717 2964; x_wconf 80' lang='lat' dir='ltr'><strong>contemplatio</strong></span> <span class='ocrx_word' id='word_1_241' title='bbox 770 2912 940 2967; x_wconf 89' lang='lat' dir='ltr'><strong>parva</strong></span> <span class='ocrx_word' id='word_1_242' title='bbox 990 2901 1377 2972; x_wconf 87' lang='lat' dir='ltr'><strong>subsequatur.</strong></span> <span class='ocrx_word' id='word_1_243' title='bbox 1430 2905 1716 2961; x_wconf 84' lang='lat' dir='ltr'><strong>Canticum</strong></span> <span class='ocrx_word' id='word_1_244' title='bbox 1750 2908 1902 2963; x_wconf 87' lang='lat' dir='ltr'><strong>nullo</strong></span> 
     </span>
    </p>
   </div>
   <div class='ocr_carea' id='block_1_41' title="bbox 328 2987 1900 3067">
    <p class='ocr_par' dir='ltr' id='par_1_41' title="bbox 328 2987 1900 3067">
     <span class='ocr_line' id='line_1_41' title="bbox 328 2987 1900 3067; baseline 0.012 -29"><span class='ocrx_word' id='word_1_245' title='bbox 328 2999 497 3055; x_wconf 88' lang='lat' dir='ltr'><strong>opere</strong></span> <span class='ocrx_word' id='word_1_246' title='bbox 519 2987 813 3044; x_wconf 87' lang='lat' dir='ltr'><strong>admistum</strong></span> <span class='ocrx_word' id='word_1_247' title='bbox 846 2998 931 3046; x_wconf 90' lang='lat' dir='ltr'><strong>est</strong></span> <span class='ocrx_word' id='word_1_248' title='bbox 962 2993 1212 3049; x_wconf 82' lang='lat' dir='ltr'><strong>veritatis</strong></span> <span class='ocrx_word' id='word_1_249' title='bbox 1247 2997 1693 3067; x_wconf 84' lang='lat' dir='ltr'><strong>comprehensio,</strong></span> <span class='ocrx_word' id='word_1_250' title='bbox 1719 3009 1900 3058; x_wconf 87' lang='lat' dir='ltr'><strong>mente</strong></span> 
     </span>
    </p>
   </div>
   <div class='ocr_carea' id='block_1_42' title="bbox 328 3075 1901 3157">
    <p class='ocr_par' dir='ltr' id='par_1_42' title="bbox 328 3075 1901 3157">
     <span class='ocr_line' id='line_1_42' title="bbox 328 3075 1901 3157; baseline 0.014 -28"><span class='ocrx_word' id='word_1_251' title='bbox 328 3075 398 3130; x_wconf 90' lang='lat' dir='ltr'><strong>ad</strong></span> <span class='ocrx_word' id='word_1_252' title='bbox 431 3075 523 3132; x_wconf 90' lang='lat' dir='ltr'><strong>Dei</strong></span> <span class='ocrx_word' id='word_1_253' title='bbox 541 3078 769 3148; x_wconf 85' lang='lat' dir='ltr'><strong>ejusque</strong></span> <span class='ocrx_word' id='word_1_254' title='bbox 795 3095 1104 3137; x_wconf 87' lang='lat' dir='ltr'><strong>sermonum</strong></span> <span class='ocrx_word' id='word_1_255' title='bbox 1126 3087 1641 3157; x_wconf 82' lang='lat' dir='ltr'><strong>contemplationem</strong></span> <span class='ocrx_word' id='word_1_256' title='bbox 1665 3091 1901 3150; x_wconf 85' lang='lat' dir='ltr'><strong>illustra-</strong></span> 
     </span>
    </p>
   </div>
   <div class='ocr_carea' id='block_1_43' title="bbox 326 3167 1897 3249">
    <p class='ocr_par' dir='ltr' id='par_1_43' title="bbox 326 3167 1897 3249">
     <span class='ocr_line' id='line_1_43' title="bbox 326 3167 1897 3249; baseline 0.014 -31"><span class='ocrx_word' id='word_1_257' title='bbox 326 3175 404 3221; x_wconf 87' lang='lat' dir='ltr'><strong>ta.</strong></span> <span class='ocrx_word' id='word_1_258' title='bbox 440 3167 728 3223; x_wconf 86' lang='lat' dir='ltr'><strong>Canticum</strong></span> <span class='ocrx_word' id='word_1_259' title='bbox 785 3171 981 3240; x_wconf 92' lang='lat' dir='ltr'><strong>psalmi</strong></span> <span class='ocrx_word' id='word_1_260' title='bbox 1024 3172 1228 3230; x_wconf 87' lang='lat' dir='ltr'><strong>dicitur</strong></span> <span class='ocrx_word' id='word_1_261' title='bbox 1275 3191 1398 3231; x_wconf 90' lang='lat' dir='ltr'><strong>cum</strong></span> <span class='ocrx_word' id='word_1_262' title='bbox 1441 3181 1678 3249; x_wconf 85' lang='lat' dir='ltr'><strong>cognitio</strong></span> <span class='ocrx_word' id='word_1_263' title='bbox 1714 3195 1897 3240; x_wconf 88' lang='lat' dir='ltr'><strong>actum</strong></span> 
     </span>
    </p>
   </div>
   <div class='ocr_carea' id='block_1_44' title="bbox 326 3260 1892 3343">
    <p class='ocr_par' dir='ltr' id='par_1_44' title="bbox 326 3260 1892 3343">
     <span class='ocr_line' id='line_1_44' title="bbox 326 3260 1892 3343; baseline 0.013 -34"><span class='ocrx_word' id='word_1_264' title='bbox 326 3260 616 3327; x_wconf 71' lang='lat' dir='ltr'><strong>praecedit,</strong></span> <span class='ocrx_word' id='word_1_265' title='bbox 675 3261 831 3329; x_wconf 87' lang='lat' dir='ltr'><strong>juxta</strong></span> <span class='ocrx_word' id='word_1_266' title='bbox 876 3262 1007 3317; x_wconf 88' lang='lat' dir='ltr'><strong>illud</strong></span> <span class='ocrx_word' id='word_1_267' title='bbox 1047 3282 1062 3319; x_wconf 89' lang='lat'><strong>:</strong></span> <span class='ocrx_word' id='word_1_268' title='bbox 1108 3263 1490 3337; x_wconf 78' lang='lat' dir='ltr'><strong>Concupiscens</strong></span> <span class='ocrx_word' id='word_1_269' title='bbox 1542 3273 1892 3343; x_wconf 75' lang='lat' dir='ltr'><strong>sapientiam,</strong></span> 
     </span>
    </p>
   </div>
   <div class='ocr_carea' id='block_1_45' title="bbox 321 3351 1888 3429">
    <p class='ocr_par' dir='ltr' id='par_1_45' title="bbox 321 3351 1888 3429">
     <span class='ocr_line' id='line_1_45' title="bbox 321 3351 1888 3429; baseline 0.015 -27"><span class='ocrx_word' id='word_1_270' title='bbox 321 3366 476 3404; x_wconf 73' lang='lat' dir='ltr'><strong>serva</strong></span> <span class='ocrx_word' id='word_1_271' title='bbox 521 3351 797 3417; x_wconf 81' lang='lat' dir='ltr'><strong>mandata,</strong></span> <span class='ocrx_word' id='word_1_272' title='bbox 841 3365 893 3408; x_wconf 84' lang='lat' dir='ltr'><strong>et</strong></span> <span class='ocrx_word' id='word_1_273' title='bbox 936 3354 1194 3412; x_wconf 76' lang='lat' dir='ltr'><strong>Dominus</strong></span> <span class='ocrx_word' id='word_1_274' title='bbox 1238 3359 1485 3429; x_wconf 73' lang='lat' dir='ltr'><strong>prwbebit</strong></span> <span class='ocrx_word' id='word_1_275' title='bbox 1530 3364 1678 3419; x_wconf 76' lang='lat' dir='ltr'><strong>illam</strong></span> <span class='ocrx_word' id='word_1_276' title='bbox 1721 3368 1816 3423; x_wconf 78' lang='lat' dir='ltr'><strong>tibi</strong></span> <span class='ocrx_word' id='word_1_277' title='bbox 1850 3372 1888 3427; x_wconf 80' lang='grc' dir='ltr'>ί.</span> 
     </span>
    </p>
   </div>
   <div class='ocr_carea' id='block_1_46' title="bbox 317 3435 1891 3523">
    <p class='ocr_par' dir='ltr' id='par_1_46' title="bbox 317 3435 1891 3523">
     <span class='ocr_line' id='line_1_46' title="bbox 317 3435 1891 3523; baseline 0.015 -31"><span class='ocrx_word' id='word_1_278' title='bbox 317 3435 572 3495; x_wconf 87' lang='lat' dir='ltr'><strong>Psalmus</strong></span> <span class='ocrx_word' id='word_1_279' title='bbox 589 3442 787 3496; x_wconf 89' lang='lat' dir='ltr'><strong>cantici</strong></span> <span class='ocrx_word' id='word_1_280' title='bbox 810 3453 896 3499; x_wconf 88' lang='lat' dir='ltr'><strong>est</strong></span> <span class='ocrx_word' id='word_1_281' title='bbox 923 3454 1078 3504; x_wconf 92' lang='lat' dir='ltr'><strong>actus</strong></span> <span class='ocrx_word' id='word_1_282' title='bbox 1109 3448 1343 3505; x_wconf 88' lang='lat' dir='ltr'><strong>ducente</strong></span> <span class='ocrx_word' id='word_1_283' title='bbox 1359 3454 1664 3523; x_wconf 84' lang='lat' dir='ltr'><strong>cognitione</strong></span> <span class='ocrx_word' id='word_1_284' title='bbox 1688 3458 1891 3516; x_wconf 61' lang='lat' dir='ltr'><strong>admiso</strong></span> 
     </span>
    </p>
   </div>
   <div class='ocr_carea' id='block_1_47' title="bbox 317 3531 1890 3620">
    <p class='ocr_par' dir='ltr' id='par_1_47' title="bbox 317 3531 1890 3620">
     <span class='ocr_line' id='line_1_47' title="bbox 317 3531 1890 3620; baseline 0.015 -36"><span class='ocrx_word' id='word_1_285' title='bbox 317 3544 436 3595; x_wconf 88' lang='lat' dir='ltr'><strong>sus,</strong></span> <span class='ocrx_word' id='word_1_286' title='bbox 483 3531 712 3590; x_wconf 90' lang='lat' dir='ltr'><strong>docente</strong></span> <span class='ocrx_word' id='word_1_287' title='bbox 745 3535 952 3591; x_wconf 87' lang='lat' dir='ltr'><strong>scilicet</strong></span> <span class='ocrx_word' id='word_1_288' title='bbox 983 3555 1092 3609; x_wconf 90' lang='lat' dir='ltr'><strong>quo</strong></span> <span class='ocrx_word' id='word_1_289' title='bbox 1124 3550 1285 3611; x_wconf 88' lang='lat' dir='ltr'><strong>pacto</strong></span> <span class='ocrx_word' id='word_1_290' title='bbox 1318 3559 1494 3614; x_wconf 87' lang='lat' dir='ltr'><strong>quove</strong></span> <span class='ocrx_word' id='word_1_291' title='bbox 1524 3555 1767 3620; x_wconf 86' lang='lat' dir='ltr'><strong>tempore</strong></span> <span class='ocrx_word' id='word_1_292' title='bbox 1817 3554 1890 3610; x_wconf 88' lang='lat' dir='ltr'><strong>sit</strong></span> 
     </span>
    </p>
   </div>
   <div class='ocr_carea' id='block_1_48' title="bbox 311 3622 1886 3710">
    <p class='ocr_par' dir='ltr' id='par_1_48' title="bbox 311 3622 1886 3710">
     <span class='ocr_line' id='line_1_48' title="bbox 311 3622 1886 3710; baseline 0.016 -36"><span class='ocrx_word' id='word_1_293' title='bbox 311 3622 591 3692; x_wconf 81' lang='lat' dir='ltr'><strong>agendum</strong></span> <span class='ocrx_word' id='word_1_294' title='bbox 630 3641 643 3677; x_wconf 94' lang='lat'>:</span> <span class='ocrx_word' id='word_1_295' title='bbox 678 3638 1007 3699; x_wconf 87' lang='lat' dir='ltr'><strong>quapropter</strong></span> <span class='ocrx_word' id='word_1_296' title='bbox 1051 3631 1107 3684; x_wconf 91' lang='lat' dir='ltr'><strong>in</strong></span> <span class='ocrx_word' id='word_1_297' title='bbox 1150 3632 1506 3706; x_wconf 87' lang='lat' dir='ltr'><strong>inscriptione</strong></span> <span class='ocrx_word' id='word_1_298' title='bbox 1550 3642 1886 3710; x_wconf 88' lang='lat' dir='ltr'><strong>psalmorum</strong></span> 
     </span>
    </p>
   </div>
   <div class='ocr_carea' id='block_1_49' title="bbox 307 3713 1888 3795">
    <p class='ocr_par' dir='ltr' id='par_1_49' title="bbox 307 3713 1888 3795">
     <span class='ocr_line' id='line_1_49' title="bbox 307 3713 1888 3795; baseline 0.013 -30"><span class='ocrx_word' id='word_1_299' title='bbox 307 3727 410 3766; x_wconf 83' lang='lat' dir='ltr'><strong>vox</strong></span> <span class='ocrx_word' id='word_1_300' title='bbox 459 3713 692 3769; x_wconf 89' lang='lat' dir='ltr'><strong>canticis</strong></span> <span class='ocrx_word' id='word_1_301' title='bbox 719 3715 911 3785; x_wconf 68' lang='lat' dir='ltr'><strong>praeit;</strong></span> <span class='ocrx_word' id='word_1_302' title='bbox 941 3731 1050 3772; x_wconf 88' lang='lat' dir='ltr'><strong>non</strong></span> <span class='ocrx_word' id='word_1_303' title='bbox 1081 3719 1224 3774; x_wconf 90' lang='lat' dir='ltr'><strong>enim</strong></span> <span class='ocrx_word' id='word_1_304' title='bbox 1258 3736 1288 3775; x_wconf 90' lang='lat' dir='ltr'><strong>a</strong></span> <span class='ocrx_word' id='word_1_305' title='bbox 1313 3727 1769 3795; x_wconf 88' lang='lat' dir='ltr'><strong>contemplatione</strong></span> <span class='ocrx_word' id='word_1_306' title='bbox 1802 3731 1888 3785; x_wconf 75' lang='lat' dir='ltr'><strong>\ir</strong></span> 
     </span>
    </p>
   </div>
   <div class='ocr_carea' id='block_1_50' title="bbox 301 3805 1882 3889">
    <p class='ocr_par' dir='ltr' id='par_1_50' title="bbox 301 3805 1882 3889">
     <span class='ocr_line' id='line_1_50' title="bbox 301 3805 1882 3889; baseline 0.013 -31"><span class='ocrx_word' id='word_1_307' title='bbox 301 3813 541 3860; x_wconf 80' lang='lat' dir='ltr'><strong>sanctus</strong></span> <span class='ocrx_word' id='word_1_308' title='bbox 581 3805 830 3871; x_wconf 89' lang='lat' dir='ltr'><strong>orditur,</strong></span> <span class='ocrx_word' id='word_1_309' title='bbox 861 3809 954 3864; x_wconf 87' lang='lat' dir='ltr'><strong>sed</strong></span> <span class='ocrx_word' id='word_1_310' title='bbox 999 3809 1102 3866; x_wconf 83' lang='lat' dir='ltr'><strong>ﬁde</strong></span> <span class='ocrx_word' id='word_1_311' title='bbox 1146 3814 1370 3869; x_wconf 91' lang='lat' dir='ltr'><strong>omnino</strong></span> <span class='ocrx_word' id='word_1_312' title='bbox 1399 3815 1466 3870; x_wconf 89' lang='lat' dir='ltr'><strong>ad</strong></span> <span class='ocrx_word' id='word_1_313' title='bbox 1515 3832 1678 3889; x_wconf 90' lang='lat' dir='ltr'><strong>opera</strong></span> <span class='ocrx_word' id='word_1_314' title='bbox 1721 3838 1882 3878; x_wconf 82' lang='lat' dir='ltr'><strong>exse-</strong></span> 
     </span>
    </p>
   </div>
   <div class='ocr_carea' id='block_1_51' title="bbox 2005 2645 3571 2718">
    <p class='ocr_par' dir='ltr' id='par_1_51' title="bbox 2005 2645 3571 2718">
     <span class='ocr_line' id='line_1_51' title="bbox 2005 2645 3571 2718; baseline -0.002 -17"><span class='ocrx_word' id='word_1_315' title='bbox 2005 2647 2108 2702; x_wconf 72' lang='grc' dir='ltr'>κᾶν</span> <span class='ocrx_word' id='word_1_316' title='bbox 2150 2647 2223 2718; x_wconf 82' lang='grc' dir='ltr'>μὴ</span> <span class='ocrx_word' id='word_1_317' title='bbox 2248 2645 2386 2699; x_wconf 88' lang='grc' dir='ltr'>πάνυ</span> <span class='ocrx_word' id='word_1_318' title='bbox 2423 2663 2506 2710; x_wconf 86' lang='grc' dir='ltr'>τις</span> <span class='ocrx_word' id='word_1_319' title='bbox 2530 2645 2861 2717; x_wconf 77' lang='grc' dir='ltr'>ἐπακολουθῇ</span> <span class='ocrx_word' id='word_1_320' title='bbox 2905 2645 3122 2717; x_wconf 75' lang='grc' dir='ltr'>Θεωρίαο</span> <span class='ocrx_word' id='word_1_321' title='bbox 3157 2647 3266 2717; x_wconf 80' lang='grc' dir='ltr'><strong>ᾠδὴ</strong></span> <span class='ocrx_word' id='word_1_322' title='bbox 3307 2645 3363 2699; x_wconf 84' lang='grc' dir='ltr'>δὲ</span> <span class='ocrx_word' id='word_1_323' title='bbox 3402 2647 3571 2718; x_wconf 65' lang='grc' dir='ltr'>χωρὶς</span> 
     </span>
    </p>
   </div>
   <div class='ocr_carea' id='block_1_52' title="bbox 2005 2737 3570 2810">
    <p class='ocr_par' dir='ltr' id='par_1_52' title="bbox 2005 2737 3570 2810">
     <span class='ocr_line' id='line_1_52' title="bbox 2005 2737 3570 2810; baseline -0.002 -18"><span class='ocrx_word' id='word_1_324' title='bbox 2005 2737 2253 2810; x_wconf 76' lang='grc' dir='ltr'>πράξεως</span> <span class='ocrx_word' id='word_1_325' title='bbox 2297 2737 2554 2810; x_wconf 75' lang='grc' dir='ltr'><strong>ἀληθείας</strong></span> <span class='ocrx_word' id='word_1_326' title='bbox 2598 2737 2918 2808; x_wconf 74' lang='grc' dir='ltr'>κατάληψις,</span> <span class='ocrx_word' id='word_1_327' title='bbox 2969 2737 3348 2807; x_wconf 77' lang='grc' dir='ltr'>φωτιζομένης</span> <span class='ocrx_word' id='word_1_328' title='bbox 3390 2737 3570 2808; x_wconf 75' lang='grc' dir='ltr'>ψυχῆς</span> 
     </span>
    </p>
   </div>
   <div class='ocr_carea' id='block_1_53' title="bbox 2002 2827 3568 2903">
    <p class='ocr_par' dir='ltr' id='par_1_53' title="bbox 2002 2827 3568 2903">
     <span class='ocr_line' id='line_1_53' title="bbox 2002 2827 3568 2903; baseline -0.003 -20"><span class='ocrx_word' id='word_1_329' title='bbox 2002 2830 2131 2903; x_wconf 66' lang='grc' dir='ltr'><strong>περ)⁹</strong></span> <span class='ocrx_word' id='word_1_330' title='bbox 2162 2831 2294 2884; x_wconf 86' lang='grc' dir='ltr'><strong>Θεοῦ</strong></span> <span class='ocrx_word' id='word_1_331' title='bbox 2335 2831 2428 2884; x_wconf 81' lang='grc' dir='ltr'><strong>καὶ</strong></span> <span class='ocrx_word' id='word_1_332' title='bbox 2467 2829 2576 2884; x_wconf 85' lang='grc' dir='ltr'>τῶν</span> <span class='ocrx_word' id='word_1_333' title='bbox 2614 2829 2809 2898; x_wconf 82' lang='grc' dir='ltr'>λογίων</span> <span class='ocrx_word' id='word_1_334' title='bbox 2839 2827 3022 2882; x_wconf 75' lang='grc' dir='ltr'>αὐτοῦ,</span> <span class='ocrx_word' id='word_1_335' title='bbox 3084 2828 3202 2900; x_wconf 80' lang='grc' dir='ltr'><strong>’ῼδὴ</strong></span> <span class='ocrx_word' id='word_1_336' title='bbox 3235 2827 3292 2880; x_wconf 87' lang='grc' dir='ltr'>δὲ</span> <span class='ocrx_word' id='word_1_337' title='bbox 3328 2827 3568 2898; x_wconf 82' lang='grc' dir='ltr'>ψαλμοῦ,</span> 
     </span>
    </p>
   </div>
   <div class='ocr_carea' id='block_1_54' title="bbox 2000 2915 3566 2994">
    <p class='ocr_par' dir='ltr' id='par_1_54' title="bbox 2000 2915 3566 2994">
     <span class='ocr_line' id='line_1_54' title="bbox 2000 2915 3566 2994; baseline -0.004 -19"><span class='ocrx_word' id='word_1_338' title='bbox 2000 2922 2346 2994; x_wconf 83' lang='grc' dir='ltr'>προαγούσης</span> <span class='ocrx_word' id='word_1_339' title='bbox 2368 2921 2617 2994; x_wconf 82' lang='grc' dir='ltr'>πράξεως</span> <span class='ocrx_word' id='word_1_340' title='bbox 2633 2919 2901 2989; x_wconf 83' lang='grc' dir='ltr'>γνώσεως·</span> <span class='ocrx_word' id='word_1_341' title='bbox 2919 2917 3058 2972; x_wconf 79' lang='grc' dir='ltr'><strong>κατὰ</strong></span> <span class='ocrx_word' id='word_1_342' title='bbox 3069 2918 3147 2971; x_wconf 75' lang='grc' dir='ltr'><strong>τό·</strong></span> <span class='ocrx_word' id='word_1_343' title='bbox 3166 2915 3566 2986; x_wconf 82' lang='grc' dir='ltr'>Ἐπιθυμήσας</span> 
     </span>
    </p>
   </div>
   <div class='ocr_carea' id='block_1_55' title="bbox 1997 3005 3564 3081">
    <p class='ocr_par' dir='ltr' id='par_1_55' title="bbox 1997 3005 3564 3081">
     <span class='ocr_line' id='line_1_55' title="bbox 1997 3005 3564 3081; baseline -0.004 -16"><span class='ocrx_word' id='word_1_344' title='bbox 1997 3012 2216 3081; x_wconf 62' lang='grc' dir='ltr'>σοφίας</span> <span class='ocrx_word' id='word_1_345' title='bbox 2247 3011 2612 3080; x_wconf 79' lang='grc' dir='ltr'>διατήρησον</span> <span class='ocrx_word' id='word_1_346' title='bbox 2635 3009 2903 3074; x_wconf 79' lang='grc' dir='ltr'><strong>ἐντολὰς,</strong></span> <span class='ocrx_word' id='word_1_347' title='bbox 2935 3008 3032 3062; x_wconf 80' lang='grc' dir='ltr'><strong>καὶ</strong></span> <span class='ocrx_word' id='word_1_348' title='bbox 3071 3009 3283 3076; x_wconf 76' lang='grc' dir='ltr'>Κύριος</span> <span class='ocrx_word' id='word_1_349' title='bbox 3307 3005 3564 3076; x_wconf 78' lang='grc' dir='ltr'>χορηγήο</span> 
     </span>
    </p>
   </div>
   <div class='ocr_carea' id='block_1_56' title="bbox 1994 3097 3565 3175">
    <p class='ocr_par' dir='ltr' id='par_1_56' title="bbox 1994 3097 3565 3175">
     <span class='ocr_line' id='line_1_56' title="bbox 1994 3097 3565 3175; baseline -0.002 -19"><span class='ocrx_word' id='word_1_350' title='bbox 1994 3118 2091 3157; x_wconf 88' lang='grc' dir='ltr'><strong>σει</strong></span> <span class='ocrx_word' id='word_1_351' title='bbox 2120 3119 2217 3158; x_wconf 84' lang='grc' dir='ltr'><strong>σοι</strong></span> <span class='ocrx_word' id='word_1_352' title='bbox 2245 3105 2457 3175; x_wconf 79' lang='grc' dir='ltr'><strong>αὐτήν.</strong></span> <span class='ocrx_word' id='word_1_353' title='bbox 2479 3103 2705 3175; x_wconf 80' lang='grc' dir='ltr'>Ψαλμὺς</span> <span class='ocrx_word' id='word_1_354' title='bbox 2723 3103 2778 3156; x_wconf 79' lang='grc' dir='ltr'>δὲ</span> <span class='ocrx_word' id='word_1_355' title='bbox 2799 3102 2941 3174; x_wconf 75' lang='grc' dir='ltr'>ᾠδῆς</span> <span class='ocrx_word' id='word_1_356' title='bbox 2964 3102 3159 3174; x_wconf 78' lang='grc' dir='ltr'>πρᾶξις</span> <span class='ocrx_word' id='word_1_357' title='bbox 3183 3102 3287 3154; x_wconf 78' lang='grc' dir='ltr'><strong>ὑπὸ</strong></span> <span class='ocrx_word' id='word_1_358' title='bbox 3311 3097 3565 3170; x_wconf 83' lang='grc' dir='ltr'>γνώσεως</span> 
     </span>
    </p>
   </div>
   <div class='ocr_carea' id='block_1_57' title="bbox 1993 3195 3564 3268">
    <p class='ocr_par' dir='ltr' id='par_1_57' title="bbox 1993 3195 3564 3268">
     <span class='ocr_line' id='line_1_57' title="bbox 1993 3195 3564 3268; baseline 0.001 -20"><span class='ocrx_word' id='word_1_359' title='bbox 1993 3195 2187 3266; x_wconf 81' lang='grc' dir='ltr'>ὁδηγου</span> <span class='ocrx_word' id='word_1_360' title='bbox 2196 3195 2354 3267; x_wconf 83' lang='grc' dir='ltr'>μένη,</span> <span class='ocrx_word' id='word_1_361' title='bbox 2386 3197 2514 3268; x_wconf 80' lang='grc' dir='ltr'>περὶ</span> <span class='ocrx_word' id='word_1_362' title='bbox 2539 3195 2633 3249; x_wconf 81' lang='grc' dir='ltr'>τοῦ</span> <span class='ocrx_word' id='word_1_363' title='bbox 2653 3195 2769 3258; x_wconf 84' lang='grc' dir='ltr'><strong>πῶς</strong></span> <span class='ocrx_word' id='word_1_364' title='bbox 2789 3196 2880 3262; x_wconf 66' lang='grc' dir='ltr'><strong>καὶ</strong></span> <span class='ocrx_word' id='word_1_365' title='bbox 2902 3196 3030 3248; x_wconf 83' lang='grc' dir='ltr'>πότε</span> <span class='ocrx_word' id='word_1_366' title='bbox 3053 3195 3340 3266; x_wconf 74' lang='grc' dir='ltr'>πρακτέονο</span> <span class='ocrx_word' id='word_1_367' title='bbox 3369 3196 3448 3251; x_wconf 82' lang='grc' dir='ltr'><strong>διὸ</strong></span> <span class='ocrx_word' id='word_1_368' title='bbox 3470 3196 3564 3250; x_wconf 71' lang='grc' dir='ltr'><strong>καὶ</strong></span> 
     </span>
    </p>
   </div>
   <div class='ocr_carea' id='block_1_58' title="bbox 1994 3284 3562 3358">
    <p class='ocr_par' dir='ltr' id='par_1_58' title="bbox 1994 3284 3562 3358">
     <span class='ocr_line' id='line_1_58' title="bbox 1994 3284 3562 3358; baseline 0.003 -22"><span class='ocrx_word' id='word_1_369' title='bbox 1994 3284 2208 3356; x_wconf 84' lang='grc' dir='ltr'>πρῶται</span> <span class='ocrx_word' id='word_1_370' title='bbox 2238 3286 2345 3339; x_wconf 80' lang='grc' dir='ltr'>τῶν</span> <span class='ocrx_word' id='word_1_371' title='bbox 2373 3285 2601 3358; x_wconf 69' lang='grc' dir='ltr'>ψαλμῶν</span> <span class='ocrx_word' id='word_1_372' title='bbox 2626 3288 2684 3340; x_wconf 74' lang='grc' dir='ltr'>αἱ</span> <span class='ocrx_word' id='word_1_373' title='bbox 2709 3286 3027 3356; x_wconf 80' lang='grc' dir='ltr'>ὲπιγραιραί’</span> <span class='ocrx_word' id='word_1_374' title='bbox 3063 3287 3122 3338; x_wconf 83' lang='grc' dir='ltr'>οὐ</span> <span class='ocrx_word' id='word_1_375' title='bbox 3157 3287 3264 3357; x_wconf 83' lang='grc' dir='ltr'><strong>γὰρ</strong></span> <span class='ocrx_word' id='word_1_376' title='bbox 3294 3287 3401 3341; x_wconf 78' lang='grc' dir='ltr'>ἀπὸ</span> <span class='ocrx_word' id='word_1_377' title='bbox 3429 3287 3562 3341; x_wconf 84' lang='grc' dir='ltr'>θεω-</span> 
     </span>
    </p>
   </div>
   <div class='ocr_carea' id='block_1_59' title="bbox 1995 3374 3560 3450">
    <p class='ocr_par' dir='ltr' id='par_1_59' title="bbox 1995 3374 3560 3450">
     <span class='ocr_line' id='line_1_59' title="bbox 1995 3374 3560 3450; baseline 0 -23"><span class='ocrx_word' id='word_1_378' title='bbox 1995 3375 2115 3450; x_wconf 89' lang='grc' dir='ltr'>ρίας</span> <span class='ocrx_word' id='word_1_379' title='bbox 2139 3377 2167 3428; x_wconf 83' lang='grc' dir='ltr'><strong>ὁ</strong></span> <span class='ocrx_word' id='word_1_380' title='bbox 2195 3375 2345 3445; x_wconf 80' lang='grc' dir='ltr'>ἅγιος</span> <span class='ocrx_word' id='word_1_381' title='bbox 2364 3377 2608 3448; x_wconf 85' lang='grc' dir='ltr'>ἄρχεται,</span> <span class='ocrx_word' id='word_1_382' title='bbox 2634 3375 2747 3429; x_wconf 82' lang='grc' dir='ltr'>ἀλλ’</span> <span class='ocrx_word' id='word_1_383' title='bbox 2775 3374 2918 3428; x_wconf 77' lang='grc' dir='ltr'>ἆπαν</span> <span class='ocrx_word' id='word_1_384' title='bbox 2952 3374 3134 3427; x_wconf 81' lang='grc' dir='ltr'>πίστει</span> <span class='ocrx_word' id='word_1_385' title='bbox 3152 3379 3272 3438; x_wconf 89' lang='grc' dir='ltr'>ταῖς</span> <span class='ocrx_word' id='word_1_386' title='bbox 3298 3375 3560 3446; x_wconf 78' lang='grc' dir='ltr'>πράξεσιν</span> 
     </span>
    </p>
   </div>
   <div class='ocr_carea' id='block_1_60' title="bbox 1990 3462 3556 3537">
    <p class='ocr_par' dir='ltr' id='par_1_60' title="bbox 1990 3462 3556 3537">
     <span class='ocr_line' id='line_1_60' title="bbox 1990 3462 3556 3537; baseline -0.002 -18"><span class='ocrx_word' id='word_1_387' title='bbox 1990 3465 2286 3537; x_wconf 78' lang='grc' dir='ltr'>ἐπιτρέχει.</span> <span class='ocrx_word' id='word_1_388' title='bbox 2331 3466 2454 3518; x_wconf 82' lang='grc' dir='ltr'><strong>Ἐπὶ</strong></span> <span class='ocrx_word' id='word_1_389' title='bbox 2479 3465 2535 3518; x_wconf 81' lang='grc' dir='ltr'>δὲ</span> <span class='ocrx_word' id='word_1_390' title='bbox 2562 3464 2639 3536; x_wconf 81' lang='grc' dir='ltr'><strong>τῷ</strong></span> <span class='ocrx_word' id='word_1_391' title='bbox 2666 3463 2808 3517; x_wconf 67' lang='grc' dir='ltr'>’ἑέλει</span> <span class='ocrx_word' id='word_1_392' title='bbox 2840 3462 3028 3515; x_wconf 78' lang='grc' dir='ltr'>πολλαὶ</span> <span class='ocrx_word' id='word_1_393' title='bbox 3053 3464 3111 3516; x_wconf 83' lang='grc' dir='ltr'>αἱ</span> <span class='ocrx_word' id='word_1_394' title='bbox 3133 3462 3282 3532; x_wconf 86' lang='grc' dir='ltr'>ᾠδαί·</span> <span class='ocrx_word' id='word_1_395' title='bbox 3308 3465 3400 3516; x_wconf 67' lang='grc' dir='ltr'>καὶ</span> <span class='ocrx_word' id='word_1_396' title='bbox 3423 3463 3556 3516; x_wconf 84' lang='grc' dir='ltr'>ὅπου</span> 
     </span>
    </p>
   </div>
   <div class='ocr_carea' id='block_1_61' title="bbox 1989 3551 3550 3626">
    <p class='ocr_par' dir='ltr' id='par_1_61' title="bbox 1989 3551 3550 3626">
     <span class='ocr_line' id='line_1_61' title="bbox 1989 3551 3550 3626; baseline -0.003 -16"><span class='ocrx_word' id='word_1_397' title='bbox 1989 3553 2314 3626; x_wconf 69' lang='grc' dir='ltr'>ἀναϐαθμοὶ,</span> <span class='ocrx_word' id='word_1_398' title='bbox 2345 3554 2578 3625; x_wconf 80' lang='grc' dir='ltr'>οὐδαμοῦ</span> <span class='ocrx_word' id='word_1_399' title='bbox 2617 3553 2848 3623; x_wconf 79' lang='grc' dir='ltr'>ψαλμὸς,</span> <span class='ocrx_word' id='word_1_400' title='bbox 2877 3551 3000 3606; x_wconf 74' lang='grc' dir='ltr'>οὔτε</span> <span class='ocrx_word' id='word_1_401' title='bbox 3034 3553 3153 3606; x_wconf 83' lang='grc' dir='ltr'>καθ’</span> <span class='ocrx_word' id='word_1_402' title='bbox 3177 3555 3388 3617; x_wconf 80' lang='grc' dir='ltr'>ἑαυτὸν,</span> <span class='ocrx_word' id='word_1_403' title='bbox 3430 3552 3550 3606; x_wconf 72' lang='grc' dir='ltr'>οὔτε</span> 
     </span>
    </p>
   </div>
   <div class='ocr_carea' id='block_1_62' title="bbox 1992 3643 3557 3718">
    <p class='ocr_par' dir='ltr' id='par_1_62' title="bbox 1992 3643 3557 3718">
     <span class='ocr_line' id='line_1_62' title="bbox 1992 3643 3557 3718; baseline -0.001 -20"><span class='ocrx_word' id='word_1_404' title='bbox 1992 3648 2108 3716; x_wconf 85' lang='grc' dir='ltr'>μετ’</span> <span class='ocrx_word' id='word_1_405' title='bbox 2139 3646 2458 3718; x_wconf 77' lang='grc' dir='ltr'>ἐπιπλοκῆς.</span> <span class='ocrx_word' id='word_1_406' title='bbox 2502 3645 2644 3716; x_wconf 76' lang='grc' dir='ltr'>ᾭδαὶ</span> <span class='ocrx_word' id='word_1_407' title='bbox 2680 3644 2735 3697; x_wconf 87' lang='grc' dir='ltr'>δὲ</span> <span class='ocrx_word' id='word_1_408' title='bbox 2765 3643 2940 3697; x_wconf 81' lang='grc' dir='ltr'>πάντα</span> <span class='ocrx_word' id='word_1_409' title='bbox 2979 3643 3099 3697; x_wconf 81' lang='grc' dir='ltr'>καθ’</span> <span class='ocrx_word' id='word_1_410' title='bbox 3134 3645 3350 3706; x_wconf 78' lang='grc' dir='ltr'>ἑαυτάς·</span> <span class='ocrx_word' id='word_1_411' title='bbox 3377 3647 3410 3716; x_wconf 78' lang='grc' dir='ltr'>ἡ</span> <span class='ocrx_word' id='word_1_412' title='bbox 3444 3644 3557 3715; x_wconf 81' lang='grc' dir='ltr'>γὰρ</span> 
     </span>
    </p>
   </div>
   <div class='ocr_carea' id='block_1_63' title="bbox 1986 3735 3554 3810">
    <p class='ocr_par' dir='ltr' id='par_1_63' title="bbox 1986 3735 3554 3810">
     <span class='ocr_line' id='line_1_63' title="bbox 1986 3735 3554 3810; baseline -0.001 -18"><span class='ocrx_word' id='word_1_413' title='bbox 1986 3739 2244 3802; x_wconf 83' lang='grc' dir='ltr'>ἀνάϐασις</span> <span class='ocrx_word' id='word_1_414' title='bbox 2271 3738 2406 3810; x_wconf 84' lang='grc' dir='ltr'>πρὸς</span> <span class='ocrx_word' id='word_1_415' title='bbox 2430 3737 2595 3808; x_wconf 84' lang='grc' dir='ltr'>μόνην</span> <span class='ocrx_word' id='word_1_416' title='bbox 2616 3739 2716 3810; x_wconf 86' lang='grc' dir='ltr'>ὁρᾷ</span> <span class='ocrx_word' id='word_1_417' title='bbox 2736 3735 2984 3807; x_wconf 79' lang='grc' dir='ltr'>θεωρίαν.</span> <span class='ocrx_word' id='word_1_418' title='bbox 3007 3735 3294 3807; x_wconf 75' lang='grc' dir='ltr'>Διάψαλμα</span> <span class='ocrx_word' id='word_1_419' title='bbox 3321 3737 3379 3789; x_wconf 81' lang='grc' dir='ltr'>δὲ</span> <span class='ocrx_word' id='word_1_420' title='bbox 3402 3735 3554 3808; x_wconf 85' lang='grc' dir='ltr'>παρὰ</span> 
     </span>
    </p>
   </div>
   <div class='ocr_carea' id='block_1_64' title="bbox 1989 3811 3550 3901">
    <p class='ocr_par' dir='ltr' id='par_1_64' title="bbox 1989 3811 3550 3901">
     <span class='ocr_line' id='line_1_64' title="bbox 1989 3811 3550 3901; baseline -0.001 -18"><span class='ocrx_word' id='word_1_421' title='bbox 1989 3831 2086 3901; x_wconf 83' lang='grc' dir='ltr'>μὲν</span> <span class='ocrx_word' id='word_1_422' title='bbox 2130 3811 2330 3901; x_wconf 73' lang='grc' dir='ltr'>Ἀκύλᾳ</span> <span class='ocrx_word' id='word_1_423' title='bbox 2362 3830 2455 3882; x_wconf 76' lang='grc' dir='ltr'>καὶ</span> <span class='ocrx_word' id='word_1_424' title='bbox 2483 3829 2560 3901; x_wconf 76' lang='grc' dir='ltr'><strong>τῷ</strong></span> <span class='ocrx_word' id='word_1_425' title='bbox 2597 3827 2869 3901; x_wconf 79' lang='grc' dir='ltr'>Ἐϐραῑκῷ</span> <span class='ocrx_word' id='word_1_426' title='bbox 2895 3828 2958 3882; x_wconf 77' lang='grc' dir='ltr'>οὐ</span> <span class='ocrx_word' id='word_1_427' title='bbox 2993 3831 3187 3883; x_wconf 80' lang='grc' dir='ltr'>κεῖται·</span> <span class='ocrx_word' id='word_1_428' title='bbox 3219 3829 3340 3884; x_wconf 69' lang='grc' dir='ltr'><strong>ἀντὶ</strong></span> <span class='ocrx_word' id='word_1_429' title='bbox 3370 3829 3427 3883; x_wconf 79' lang='grc' dir='ltr'>δὲ</span> <span class='ocrx_word' id='word_1_430' title='bbox 3452 3829 3550 3882; x_wconf 86' lang='grc' dir='ltr'><strong>αὑ-</strong></span> 
     </span>
    </p>
   </div>
   <div class='ocr_carea' id='block_1_65' title="bbox 301 3895 1890 3976">
    <p class='ocr_par' dir='ltr' id='par_1_65' title="bbox 301 3895 1883 3972">
     <span class='ocr_line' id='line_1_65' title="bbox 301 3895 1883 3972; baseline 0.016 -25"><span class='ocrx_word' id='word_1_431' title='bbox 301 3895 529 3965; x_wconf 82' lang='lat' dir='ltr'><strong>quenda</strong></span> <span class='ocrx_word' id='word_1_432' title='bbox 556 3898 752 3953; x_wconf 91' lang='lat' dir='ltr'><strong>currit.</strong></span> <span class='ocrx_word' id='word_1_433' title='bbox 789 3899 903 3954; x_wconf 86' lang='lat' dir='ltr'><strong>Sub</strong></span> <span class='ocrx_word' id='word_1_434' title='bbox 930 3898 1088 3956; x_wconf 85' lang='lat' dir='ltr'><strong>ﬁnem</strong></span> <span class='ocrx_word' id='word_1_435' title='bbox 1133 3905 1301 3959; x_wconf 88' lang='lat' dir='ltr'><strong>multa</strong></span> <span class='ocrx_word' id='word_1_436' title='bbox 1340 3908 1552 3964; x_wconf 87' lang='lat' dir='ltr'><strong>cantica</strong></span> <span class='ocrx_word' id='word_1_437' title='bbox 1594 3923 1742 3971; x_wconf 91' lang='lat' dir='ltr'><strong>sunt.</strong></span> <span class='ocrx_word' id='word_1_438' title='bbox 1781 3915 1883 3972; x_wconf 88' lang='lat' dir='ltr'><strong>Ubi</strong></span> 
     </span>
    </p>
   </div>
   <div class='ocr_carea' id='block_1_66' title="bbox 1992 3895 2298 3976">
    <p class='ocr_par' dir='ltr' id='par_1_66' title="bbox 1992 3895 2298 3976">
     <span class='ocr_line' id='line_1_66' title="bbox 1992 3895 2298 3976; baseline 0 -1"><span class='ocrx_word' id='word_1_439' title='bbox 1992 3895 2078 3975; x_wconf 59' lang='grc' dir='ltr'>ιοῦ</span> <span class='ocrx_word' id='word_1_440' title='bbox 2102 3921 2164 3974; x_wconf 77' lang='grc' dir='ltr'><strong>τδ</strong></span> <span class='ocrx_word' id='word_1_441' title='bbox 2184 3923 2298 3976; x_wconf 80' lang='grc' dir='ltr'>ἀεί.</span> 
     </span>
    </p>
   </div>
   <div class='ocr_carea' id='block_1_67' title="bbox 302 3993 3540 4088">
    <p class='ocr_par' dir='ltr' id='par_1_67' title="bbox 302 3993 3540 4088">
     <span class='ocr_line' id='line_1_67' title="bbox 302 3993 3540 4088; baseline 0.007 -44"><span class='ocrx_word' id='word_1_442' title='bbox 302 4000 496 4048; x_wconf 88' lang='lat' dir='ltr'><strong>autem</strong></span> <span class='ocrx_word' id='word_1_443' title='bbox 527 3993 727 4064; x_wconf 77' lang='lat' dir='ltr'><strong>gradus</strong></span> <span class='ocrx_word' id='word_1_444' title='bbox 755 3993 1022 4051; x_wconf 86' lang='lat' dir='ltr'><strong>habentur</strong></span> <span class='ocrx_word' id='word_1_445' title='bbox 1046 4014 1316 4069; x_wconf 88' lang='lat' dir='ltr'><strong>nusquam</strong></span> <span class='ocrx_word' id='word_1_446' title='bbox 1351 4003 1595 4072; x_wconf 88' lang='lat' dir='ltr'><strong>psalmus</strong></span> <span class='ocrx_word' id='word_1_447' title='bbox 1619 4046 1634 4070; x_wconf 85' lang='grc'><em>,</em></span> <span class='ocrx_word' id='word_1_448' title='bbox 1665 4025 1840 4080; x_wconf 88' lang='lat' dir='ltr'><strong>neque</strong></span> <span class='ocrx_word' id='word_1_449' title='bbox 1879 4030 1974 4084; x_wconf 91' lang='lat' dir='ltr'><strong>per</strong></span> <span class='ocrx_word' id='word_1_450' title='bbox 2015 4033 2073 4072; x_wconf 83' lang='lat' dir='ltr'><strong>se</strong></span> <span class='ocrx_word' id='word_1_451' title='bbox 2097 4019 2268 4082; x_wconf 92' lang='lat' dir='ltr'><strong>solus,</strong></span> <span class='ocrx_word' id='word_1_452' title='bbox 2307 4032 2482 4088; x_wconf 83' lang='lat' dir='ltr'><strong>neque</strong></span> <span class='ocrx_word' id='word_1_453' title='bbox 2524 4016 2630 4071; x_wconf 91' lang='lat' dir='ltr'><strong>alia</strong></span> <span class='ocrx_word' id='word_1_454' title='bbox 2676 4014 2931 4085; x_wconf 86' lang='lat' dir='ltr'><strong>adjuncta</strong></span> <span class='ocrx_word' id='word_1_455' title='bbox 2991 4031 3124 4072; x_wconf 87' lang='lat' dir='ltr'><strong>voce</strong></span> <span class='ocrx_word' id='word_1_456' title='bbox 3185 4015 3540 4070; x_wconf 87' lang='lat' dir='ltr'><strong>inscribitur:</strong></span> 
     </span>
    </p>
   </div>
   <div class='ocr_carea' id='block_1_68' title="bbox 303 4086 3545 4183">
    <p class='ocr_par' dir='ltr' id='par_1_68' title="bbox 303 4086 3545 4183">
     <span class='ocr_line' id='line_1_68' title="bbox 303 4086 3545 4183; baseline 0.006 -44"><span class='ocrx_word' id='word_1_457' title='bbox 303 4087 397 4141; x_wconf 90' lang='lat' dir='ltr'><strong>sed</strong></span> <span class='ocrx_word' id='word_1_458' title='bbox 420 4086 502 4141; x_wconf 85' lang='lat' dir='ltr'><strong>ibi</strong></span> <span class='ocrx_word' id='word_1_459' title='bbox 526 4089 738 4143; x_wconf 81' lang='lat' dir='ltr'><strong>cantica</strong></span> <span class='ocrx_word' id='word_1_460' title='bbox 763 4090 938 4144; x_wconf 89' lang='lat' dir='ltr'><strong>solum</strong></span> <span class='ocrx_word' id='word_1_461' title='bbox 964 4101 1340 4163; x_wconf 91' lang='lat' dir='ltr'><strong>apponuntur;</strong></span> <span class='ocrx_word' id='word_1_462' title='bbox 1362 4112 1489 4152; x_wconf 92' lang='lat' dir='ltr'><strong>nam</strong></span> <span class='ocrx_word' id='word_1_463' title='bbox 1545 4101 1638 4156; x_wconf 90' lang='lat' dir='ltr'><strong>ubi</strong></span> <span class='ocrx_word' id='word_1_464' title='bbox 1695 4119 1958 4167; x_wconf 87' lang='lat' dir='ltr'><strong>ascensus</strong></span> <span class='ocrx_word' id='word_1_465' title='bbox 1995 4113 2257 4183; x_wconf 79' lang='lat' dir='ltr'><strong>graduum</strong></span> <span class='ocrx_word' id='word_1_466' title='bbox 2284 4086 2498 4179; x_wconf 38' lang='lat' dir='ltr'><strong>est,_ibi</strong></span> <span class='ocrx_word' id='word_1_467' title='bbox 2529 4113 2646 4166; x_wconf 90' lang='lat' dir='ltr'><strong>sola</strong></span> <span class='ocrx_word' id='word_1_468' title='bbox 2675 4112 3057 4181; x_wconf 88' lang='lat' dir='ltr'><strong>contemplatio</strong></span> <span class='ocrx_word' id='word_1_469' title='bbox 3086 4119 3381 4182; x_wconf 89' lang='lat' dir='ltr'><strong>spectatur.</strong></span> <span class='ocrx_word' id='word_1_470' title='bbox 3419 4109 3545 4163; x_wconf 84' lang='lat' dir='ltr'><strong>Dia.</strong></span> 
     </span>
    </p>
   </div>
   <div class='ocr_carea' id='block_1_69' title="bbox 308 4183 3024 4278">
    <p class='ocr_par' dir='ltr' id='par_1_69' title="bbox 308 4183 3024 4278">
     <span class='ocr_line' id='line_1_69' title="bbox 308 4183 3024 4278; baseline 0.009 -44"><span class='ocrx_word' id='word_1_471' title='bbox 308 4183 524 4249; x_wconf 87' lang='lat' dir='ltr'><strong>psalma</strong></span> <span class='ocrx_word' id='word_1_472' title='bbox 551 4196 716 4253; x_wconf 87' lang='lat' dir='ltr'><strong>porro</strong></span> <span class='ocrx_word' id='word_1_473' title='bbox 739 4184 882 4255; x_wconf 90' lang='lat' dir='ltr'><strong>apud</strong></span> <span class='ocrx_word' id='word_1_474' title='bbox 916 4183 1166 4254; x_wconf 84' lang='lat' dir='ltr'><strong>Aquilam</strong></span> <span class='ocrx_word' id='word_1_475' title='bbox 1188 4194 1242 4241; x_wconf 88' lang='lat' dir='ltr'><strong>et</strong></span> <span class='ocrx_word' id='word_1_476' title='bbox 1272 4187 1325 4242; x_wconf 91' lang='lat' dir='ltr'><strong>in</strong></span> <span class='ocrx_word' id='word_1_477' title='bbox 1353 4188 1621 4249; x_wconf 85' lang='lat' dir='ltr'><strong>llebraico</strong></span> <span class='ocrx_word' id='word_1_478' title='bbox 1648 4211 1758 4252; x_wconf 90' lang='lat' dir='ltr'><strong>non</strong></span> <span class='ocrx_word' id='word_1_479' title='bbox 1781 4211 1957 4259; x_wconf 86' lang='lat' dir='ltr'><strong>exstat</strong></span> <span class='ocrx_word' id='word_1_480' title='bbox 1983 4223 1996 4260; x_wconf 89' lang='lat'><strong>:</strong></span> <span class='ocrx_word' id='word_1_481' title='bbox 2022 4207 2118 4263; x_wconf 90' lang='lat' dir='ltr'><strong>sed</strong></span> <span class='ocrx_word' id='word_1_482' title='bbox 2154 4207 2272 4278; x_wconf 89' lang='lat' dir='ltr'><strong>ejus</strong></span> <span class='ocrx_word' id='word_1_483' title='bbox 2301 4208 2445 4275; x_wconf 89' lang='lat' dir='ltr'><strong>loco,</strong></span> <span class='ocrx_word' id='word_1_484' title='bbox 2477 4221 2679 4276; x_wconf 79' lang='lat' dir='ltr'><strong>semper</strong></span> <span class='ocrx_word' id='word_1_485' title='bbox 2711 4205 3024 4261; x_wconf 85' lang='lat' dir='ltr'><strong>ascribitur.</strong></span> 
     </span>
    </p>
   </div>
   <div class='ocr_carea' id='block_1_70' title="bbox 448 4309 1732 4386">
    <p class='ocr_par' dir='ltr' id='par_1_70' title="bbox 448 4309 1732 4386">
     <span class='ocr_line' id='line_1_70' title="bbox 448 4309 1732 4386; baseline 0.016 -22"><span class='ocrx_word' id='word_1_486' title='bbox 448 4309 973 4369; x_wconf 72' lang='lat' dir='ltr'><strong>ARGUMENTUM</strong></span> <span class='ocrx_word' id='word_1_487' title='bbox 1003 4314 1316 4373; x_wconf 84' lang='lat' dir='ltr'><strong>EUSEBII</strong></span> <span class='ocrx_word' id='word_1_488' title='bbox 1339 4320 1732 4386; x_wconf 73' lang='lat' dir='ltr'><strong>PAMPHILI.</strong></span> 
     </span>
    </p>
   </div>
   <div class='ocr_carea' id='block_1_71' title="bbox 382 4420 1871 4508">
    <p class='ocr_par' dir='ltr' id='par_1_71' title="bbox 382 4420 1871 4508">
     <span class='ocr_line' id='line_1_71' title="bbox 382 4420 1871 4508; baseline 0.019 -34"><span class='ocrx_word' id='word_1_489' title='bbox 382 4420 533 4478; x_wconf 84' lang='lat' dir='ltr'><strong>Libri</strong></span> <span class='ocrx_word' id='word_1_490' title='bbox 572 4425 915 4484; x_wconf 84' lang='lat' dir='ltr'><strong>Psalmorum</strong></span> <span class='ocrx_word' id='word_1_491' title='bbox 964 4430 1156 4488; x_wconf 75' lang='lat' dir='ltr'><strong>isthaec</strong></span> <span class='ocrx_word' id='word_1_492' title='bbox 1194 4435 1392 4493; x_wconf 87' lang='lat' dir='ltr'><strong>divisio</strong></span> <span class='ocrx_word' id='word_1_493' title='bbox 1425 4438 1610 4508; x_wconf 79' lang='lat' dir='ltr'><strong>fuerit,</strong></span> <span class='ocrx_word' id='word_1_494' title='bbox 1641 4452 1700 4499; x_wconf 93' lang='lat' dir='ltr'><strong>ut</strong></span> <span class='ocrx_word' id='word_1_495' title='bbox 1747 4463 1871 4503; x_wconf 92' lang='lat' dir='ltr'><strong>cum</strong></span> 
     </span>
    </p>
   </div>
   <div class='ocr_carea' id='block_1_72' title="bbox 309 4514 1871 4598">
    <p class='ocr_par' dir='ltr' id='par_1_72' title="bbox 309 4514 1871 4598">
     <span class='ocr_line' id='line_1_72' title="bbox 309 4514 1871 4598; baseline 0.02 -31"><span class='ocrx_word' id='word_1_496' title='bbox 309 4514 431 4584; x_wconf 89' lang='lat' dir='ltr'><strong>ipsa</strong></span> <span class='ocrx_word' id='word_1_497' title='bbox 466 4523 802 4579; x_wconf 89' lang='lat' dir='ltr'><strong>accuratiora</strong></span> <span class='ocrx_word' id='word_1_498' title='bbox 824 4527 1176 4598; x_wconf 86' lang='lat' dir='ltr'><strong>exemplaria,</strong></span> <span class='ocrx_word' id='word_1_499' title='bbox 1208 4538 1322 4586; x_wconf 90' lang='lat' dir='ltr'><strong>tum</strong></span> <span class='ocrx_word' id='word_1_500' title='bbox 1357 4531 1656 4595; x_wconf 83' lang='lat' dir='ltr'><strong>Hebraicus</strong></span> <span class='ocrx_word' id='word_1_501' title='bbox 1690 4547 1871 4598; x_wconf 84' lang='lat' dir='ltr'><strong>textus</strong></span> 
     </span>
    </p>
   </div>
   <div class='ocr_carea' id='block_1_73' title="bbox 307 4609 1870 4696">
    <p class='ocr_par' dir='ltr' id='par_1_73' title="bbox 307 4609 1870 4696">
     <span class='ocr_line' id='line_1_73' title="bbox 307 4609 1870 4696; baseline 0.017 -34"><span class='ocrx_word' id='word_1_502' title='bbox 307 4609 719 4670; x_wconf 82' lang='lat' dir='ltr'><strong>circumferunt.</strong></span> <span class='ocrx_word' id='word_1_503' title='bbox 745 4616 930 4689; x_wconf 87' lang='lat' dir='ltr'><strong>Neque</strong></span> <span class='ocrx_word' id='word_1_504' title='bbox 957 4637 1108 4691; x_wconf 87' lang='lat' dir='ltr'><strong>vero,</strong></span> <span class='ocrx_word' id='word_1_505' title='bbox 1141 4633 1199 4679; x_wconf 92' lang='lat' dir='ltr'><strong>ut</strong></span> <span class='ocrx_word' id='word_1_506' title='bbox 1221 4626 1344 4696; x_wconf 91' lang='lat' dir='ltr'><strong>quis</strong></span> <span class='ocrx_word' id='word_1_507' title='bbox 1372 4627 1509 4684; x_wconf 79' lang='lat' dir='ltr'><strong>forte</strong></span> <span class='ocrx_word' id='word_1_508' title='bbox 1525 4631 1870 4688; x_wconf 80' lang='lat' dir='ltr'><strong>existimave-</strong></span> 
     </span>
    </p>
   </div>
   <div class='ocr_carea' id='block_1_74' title="bbox 307 4700 1868 4794">
    <p class='ocr_par' dir='ltr' id='par_1_74' title="bbox 307 4700 1868 4794">
     <span class='ocr_line' id='line_1_74' title="bbox 307 4700 1868 4794; baseline 0.017 -41"><span class='ocrx_word' id='word_1_509' title='bbox 307 4700 403 4766; x_wconf 89' lang='lat' dir='ltr'><strong>rit,</strong></span> <span class='ocrx_word' id='word_1_510' title='bbox 431 4717 620 4761; x_wconf 87' lang='lat' dir='ltr'><strong>omnes</strong></span> <span class='ocrx_word' id='word_1_511' title='bbox 649 4711 841 4777; x_wconf 89' lang='lat' dir='ltr'><strong>psalmi</strong></span> <span class='ocrx_word' id='word_1_512' title='bbox 885 4723 1014 4769; x_wconf 90' lang='lat' dir='ltr'><strong>sunt</strong></span> <span class='ocrx_word' id='word_1_513' title='bbox 1059 4714 1315 4784; x_wconf 81' lang='lat' dir='ltr'><strong>Davidis;</strong></span> <span class='ocrx_word' id='word_1_514' title='bbox 1348 4719 1441 4773; x_wconf 76' lang='lat' dir='ltr'><strong>sed</strong></span> <span class='ocrx_word' id='word_1_515' title='bbox 1473 4721 1700 4777; x_wconf 87' lang='lat' dir='ltr'><strong>aliorum</strong></span> <span class='ocrx_word' id='word_1_516' title='bbox 1730 4740 1868 4794; x_wconf 86' lang='lat' dir='ltr'><strong>quo-</strong></span> 
     </span>
    </p>
   </div>
   <div class='ocr_carea' id='block_1_75' title="bbox 305 4797 1864 4882">
    <p class='ocr_par' dir='ltr' id='par_1_75' title="bbox 305 4797 1864 4882">
     <span class='ocr_line' id='line_1_75' title="bbox 305 4797 1864 4882; baseline 0.017 -37"><span class='ocrx_word' id='word_1_517' title='bbox 305 4807 417 4864; x_wconf 92' lang='lat' dir='ltr'><strong>que</strong></span> <span class='ocrx_word' id='word_1_518' title='bbox 447 4797 852 4871; x_wconf 87' lang='lat' dir='ltr'><strong>prophetarum,</strong></span> <span class='ocrx_word' id='word_1_519' title='bbox 875 4807 965 4876; x_wconf 92' lang='lat' dir='ltr'><strong>qui</strong></span> <span class='ocrx_word' id='word_1_520' title='bbox 1001 4808 1284 4877; x_wconf 90' lang='lat' dir='ltr'><strong>psallendo</strong></span> <span class='ocrx_word' id='word_1_521' title='bbox 1304 4811 1617 4882; x_wconf 87' lang='lat' dir='ltr'><strong>prophetica</strong></span> <span class='ocrx_word' id='word_1_522' title='bbox 1645 4817 1864 4871; x_wconf 86' lang='lat' dir='ltr'><strong>oracula</strong></span> 
     </span>
    </p>
   </div>
   <div class='ocr_carea' id='block_1_76' title="bbox 303 4885 1862 4976">
    <p class='ocr_par' dir='ltr' id='par_1_76' title="bbox 303 4885 1862 4976">
     <span class='ocr_line' id='line_1_76' title="bbox 303 4885 1862 4976; baseline 0.015 -36"><span class='ocrx_word' id='word_1_523' title='bbox 303 4885 557 4942; x_wconf 88' lang='lat' dir='ltr'><strong>edebant.</strong></span> <span class='ocrx_word' id='word_1_524' title='bbox 585 4887 760 4955; x_wconf 86' lang='lat' dir='ltr'><strong>Quare</strong></span> <span class='ocrx_word' id='word_1_525' title='bbox 783 4897 924 4965; x_wconf 90' lang='lat' dir='ltr'><strong>apud</strong></span> <span class='ocrx_word' id='word_1_526' title='bbox 955 4898 1500 4965; x_wconf 64' lang='lat' dir='ltr'><strong>Hebraeos,universa</strong></span> <span class='ocrx_word' id='word_1_527' title='bbox 1531 4907 1862 4976; x_wconf 89' lang='lat' dir='ltr'><strong>psalmorum</strong></span> 
     </span>
    </p>
   </div>
   <div class='ocr_carea' id='block_1_77' title="bbox 300 4979 1867 5064">
    <p class='ocr_par' dir='ltr' id='par_1_77' title="bbox 300 4979 1867 5064">
     <span class='ocr_line' id='line_1_77' title="bbox 300 4979 1867 5064; baseline 0.014 -32"><span class='ocrx_word' id='word_1_528' title='bbox 300 4979 596 5049; x_wconf 88' lang='lat' dir='ltr'><strong>scriptura,</strong></span> <span class='ocrx_word' id='word_1_529' title='bbox 629 4998 736 5038; x_wconf 91' lang='lat' dir='ltr'><strong>non</strong></span> <span class='ocrx_word' id='word_1_530' title='bbox 770 4985 985 5046; x_wconf 89' lang='lat' dir='ltr'><strong>Davidis</strong></span> <span class='ocrx_word' id='word_1_531' title='bbox 1007 4991 1110 5047; x_wconf 82' lang='lat' dir='ltr'><strong>fert</strong></span> <span class='ocrx_word' id='word_1_532' title='bbox 1132 4993 1562 5064; x_wconf 89' lang='lat' dir='ltr'><strong>inscriptionem,</strong></span> <span class='ocrx_word' id='word_1_533' title='bbox 1590 4998 1685 5053; x_wconf 89' lang='lat' dir='ltr'><strong>sed</strong></span> <span class='ocrx_word' id='word_1_534' title='bbox 1714 4999 1867 5054; x_wconf 87' lang='lat' dir='ltr'><strong>inde-</strong></span> 
     </span>
    </p>
   </div>
   <div class='ocr_carea' id='block_1_78' title="bbox 303 5068 1866 5160">
    <p class='ocr_par' dir='ltr' id='par_1_78' title="bbox 303 5068 1866 5160">
     <span class='ocr_line' id='line_1_78' title="bbox 303 5068 1866 5160; baseline 0.015 -37"><span class='ocrx_word' id='word_1_535' title='bbox 303 5068 455 5126; x_wconf 82' lang='lat' dir='ltr'><strong>ﬁnite</strong></span> <span class='ocrx_word' id='word_1_536' title='bbox 511 5073 650 5129; x_wconf 91' lang='lat' dir='ltr'><strong>liber</strong></span> <span class='ocrx_word' id='word_1_537' title='bbox 687 5077 1026 5136; x_wconf 84' lang='lat' dir='ltr'><strong>Psalmorum</strong></span> <span class='ocrx_word' id='word_1_538' title='bbox 1073 5095 1323 5142; x_wconf 81' lang='lat' dir='ltr'><strong>vocatur.</strong></span> <span class='ocrx_word' id='word_1_539' title='bbox 1369 5084 1428 5140; x_wconf 86' lang='lat' dir='ltr'><strong>in</strong></span> <span class='ocrx_word' id='word_1_540' title='bbox 1471 5097 1654 5158; x_wconf 89' lang='lat' dir='ltr'><strong>partes</strong></span> <span class='ocrx_word' id='word_1_541' title='bbox 1699 5104 1866 5160; x_wconf 88' lang='lat' dir='ltr'><strong>porro</strong></span> 
     </span>
    </p>
   </div>
   <div class='ocr_carea' id='block_1_79' title="bbox 301 5164 1865 5239">
    <p class='ocr_par' dir='ltr' id='par_1_79' title="bbox 301 5164 1865 5239">
     <span class='ocr_line' id='line_1_79' title="bbox 301 5164 1865 5239; baseline 0.014 -22"><span class='ocrx_word' id='word_1_542' title='bbox 301 5164 544 5236; x_wconf 83' lang='lat' dir='ltr'><strong>quinque</strong></span> <span class='ocrx_word' id='word_1_543' title='bbox 573 5165 783 5224; x_wconf 70' lang='lat' dir='ltr'><strong>Hebraei</strong></span> <span class='ocrx_word' id='word_1_544' title='bbox 812 5171 1011 5227; x_wconf 90' lang='lat' dir='ltr'><strong>librum</strong></span> <span class='ocrx_word' id='word_1_545' title='bbox 1033 5175 1372 5236; x_wconf 84' lang='lat' dir='ltr'><strong>Psalmorum</strong></span> <span class='ocrx_word' id='word_1_546' title='bbox 1392 5181 1658 5237; x_wconf 90' lang='lat' dir='ltr'><strong>dividunt.</strong></span> <span class='ocrx_word' id='word_1_547' title='bbox 1683 5180 1865 5239; x_wconf 86' lang='lat' dir='ltr'><strong>Prima</strong></span> 
     </span>
    </p>
   </div>
   <div class='ocr_carea' id='block_1_80' title="bbox 299 5260 1864 5346">
    <p class='ocr_par' dir='ltr' id='par_1_80' title="bbox 299 5260 1864 5346">
     <span class='ocr_line' id='line_1_80' title="bbox 299 5260 1864 5346; baseline 0.015 -38"><span class='ocrx_word' id='word_1_548' title='bbox 299 5271 430 5325; x_wconf 89' lang='lat' dir='ltr'><strong>pars</strong></span> <span class='ocrx_word' id='word_1_549' title='bbox 461 5273 490 5311; x_wconf 92' lang='lat' dir='ltr'><strong>a</strong></span> <span class='ocrx_word' id='word_1_550' title='bbox 515 5260 692 5329; x_wconf 90' lang='lat' dir='ltr'><strong>primo</strong></span> <span class='ocrx_word' id='word_1_551' title='bbox 721 5263 790 5316; x_wconf 88' lang='lat' dir='ltr'><strong>ad</strong></span> <span class='ocrx_word' id='word_1_552' title='bbox 822 5263 1299 5335; x_wconf 78' lang='lat' dir='ltr'><strong>quadragesimum</strong></span> <span class='ocrx_word' id='word_1_553' title='bbox 1328 5273 1597 5342; x_wconf 86' lang='lat' dir='ltr'><strong>psalmum</strong></span> <span class='ocrx_word' id='word_1_554' title='bbox 1625 5275 1864 5346; x_wconf 83' lang='lat' dir='ltr'><strong>comple-</strong></span> 
     </span>
    </p>
   </div>
   <div class='ocr_carea' id='block_1_81' title="bbox 298 5348 1860 5434">
    <p class='ocr_par' dir='ltr' id='par_1_81' title="bbox 298 5348 1860 5434">
     <span class='ocr_line' id='line_1_81' title="bbox 298 5348 1860 5434; baseline 0.011 -33"><span class='ocrx_word' id='word_1_555' title='bbox 298 5348 497 5416; x_wconf 79' lang='lat' dir='ltr'><strong>ctitur;</strong></span> <span class='ocrx_word' id='word_1_556' title='bbox 541 5352 802 5420; x_wconf 88' lang='lat' dir='ltr'><strong>secunda,</strong></span> <span class='ocrx_word' id='word_1_557' title='bbox 831 5369 863 5408; x_wconf 92' lang='lat' dir='ltr'><strong>a</strong></span> <span class='ocrx_word' id='word_1_558' title='bbox 890 5355 1302 5429; x_wconf 73' lang='lat' dir='ltr'><strong>quadragesimo</strong></span> <span class='ocrx_word' id='word_1_559' title='bbox 1329 5364 1504 5432; x_wconf 92' lang='lat' dir='ltr'><strong>primo</strong></span> <span class='ocrx_word' id='word_1_560' title='bbox 1543 5363 1610 5418; x_wconf 88' lang='lat' dir='ltr'><strong>ad</strong></span> <span class='ocrx_word' id='word_1_561' title='bbox 1639 5371 1860 5434; x_wconf 80' lang='lat' dir='ltr'><strong>septua-</strong></span> 
     </span>
    </p>
   </div>
   <div class='ocr_carea' id='block_1_82' title="bbox 297 5441 1858 5526">
    <p class='ocr_par' dir='ltr' id='par_1_82' title="bbox 297 5441 1858 5526">
     <span class='ocr_line' id='line_1_82' title="bbox 297 5441 1858 5526; baseline 0.013 -33"><span class='ocrx_word' id='word_1_562' title='bbox 297 5441 564 5507; x_wconf 76' lang='lat' dir='ltr'><strong>gesimum</strong></span> <span class='ocrx_word' id='word_1_563' title='bbox 589 5447 916 5515; x_wconf 86' lang='lat' dir='ltr'><strong>secundum;</strong></span> <span class='ocrx_word' id='word_1_564' title='bbox 941 5451 1097 5505; x_wconf 87' lang='lat' dir='ltr'><strong>tertia</strong></span> <span class='ocrx_word' id='word_1_565' title='bbox 1126 5466 1155 5506; x_wconf 91' lang='lat' dir='ltr'><strong>a</strong></span> <span class='ocrx_word' id='word_1_566' title='bbox 1198 5457 1596 5526; x_wconf 78' lang='lat' dir='ltr'><strong>septuagesimo</strong></span> <span class='ocrx_word' id='word_1_567' title='bbox 1619 5457 1858 5513; x_wconf 86' lang='lat' dir='ltr'><strong>secundo</strong></span> 
     </span>
    </p>
   </div>
   <div class='ocr_carea' id='block_1_83' title="bbox 298 5532 1858 5624">
    <p class='ocr_par' dir='ltr' id='par_1_83' title="bbox 298 5532 1858 5624">
     <span class='ocr_line' id='line_1_83' title="bbox 298 5532 1858 5624; baseline 0.013 -36"><span class='ocrx_word' id='word_1_568' title='bbox 298 5532 367 5588; x_wconf 89' lang='lat' dir='ltr'><strong>ad</strong></span> <span class='ocrx_word' id='word_1_569' title='bbox 411 5539 804 5609; x_wconf 80' lang='lat' dir='ltr'><strong>octogesimum</strong></span> <span class='ocrx_word' id='word_1_570' title='bbox 849 5550 1135 5614; x_wconf 82' lang='lat' dir='ltr'><strong>octavum;</strong></span> <span class='ocrx_word' id='word_1_571' title='bbox 1163 5553 1392 5616; x_wconf 89' lang='lat' dir='ltr'><strong>quarta,</strong></span> <span class='ocrx_word' id='word_1_572' title='bbox 1430 5550 1498 5606; x_wconf 88' lang='lat' dir='ltr'><strong>ab</strong></span> <span class='ocrx_word' id='word_1_573' title='bbox 1525 5551 1858 5624; x_wconf 74' lang='lat' dir='ltr'><strong>octogesimo</strong></span> 
     </span>
    </p>
   </div>
   <div class='ocr_carea' id='block_1_84' title="bbox 369 5713 808 5785">
    <p class='ocr_par' dir='ltr' id='par_1_84' title="bbox 369 5713 808 5785">
     <span class='ocr_line' id='line_1_84' title="bbox 369 5713 808 5785; baseline 0.021 -17"><span class='ocrx_word' id='word_1_574' title='bbox 369 5713 390 5748; x_wconf 81' lang='grc'>⁸</span> <span class='ocrx_word' id='word_1_575' title='bbox 430 5713 600 5773; x_wconf 84' lang='lat' dir='ltr'><strong>Eccli.</strong></span> <span class='ocrx_word' id='word_1_576' title='bbox 634 5734 684 5785; x_wconf 80' lang='grc' dir='ltr'>ι,</span> <span class='ocrx_word' id='word_1_577' title='bbox 717 5719 808 5777; x_wconf 76' lang='lat'><strong>55.</strong></span> 
     </span>
    </p>
   </div>
   <div class='ocr_carea' id='block_1_85' title="bbox 2079 4335 3441 4394">
    <p class='ocr_par' dir='ltr' id='par_1_85' title="bbox 2079 4335 3441 4394">
     <span class='ocr_line' id='line_1_85' title="bbox 2079 4335 3441 4394; baseline -0.003 -3"><span class='ocrx_word' id='word_1_578' title='bbox 2079 4340 2441 4394; x_wconf 84' lang='grc' dir='ltr'><strong>ΥΠΟΘΕΣΙΣ</strong></span> <span class='ocrx_word' id='word_1_579' title='bbox 2471 4339 2850 4392; x_wconf 83' lang='grc' dir='ltr'><strong>ΕΥΣΕΒΙΟΥ</strong></span> <span class='ocrx_word' id='word_1_580' title='bbox 2882 4337 3025 4390; x_wconf 84' lang='grc' dir='ltr'><em>ΤΟΥ</em></span> <span class='ocrx_word' id='word_1_581' title='bbox 3045 4337 3368 4389; x_wconf 81' lang='grc' dir='ltr'><strong>ΠΑΜΦῙΛΟ</strong></span> <span class='ocrx_word' id='word_1_582' title='bbox 3381 4335 3441 4387; x_wconf 88' lang='grc' dir='ltr'><strong>Υ.</strong></span> 
     </span>
    </p>
   </div>
   <div class='ocr_carea' id='block_1_86' title="bbox 2049 4440 3536 4520">
    <p class='ocr_par' dir='ltr' id='par_1_86' title="bbox 2049 4440 3536 4520">
     <span class='ocr_line' id='line_1_86' title="bbox 2049 4440 3536 4520; baseline -0.005 -19"><span class='ocrx_word' id='word_1_583' title='bbox 2049 4449 2158 4520; x_wconf 83' lang='grc' dir='ltr'>Τῆς</span> <span class='ocrx_word' id='word_1_584' title='bbox 2183 4448 2363 4518; x_wconf 87' lang='grc' dir='ltr'>βίϐλου</span> <span class='ocrx_word' id='word_1_585' title='bbox 2388 4449 2495 4502; x_wconf 80' lang='grc' dir='ltr'>τῶν</span> <span class='ocrx_word' id='word_1_586' title='bbox 2517 4447 2759 4518; x_wconf 77' lang='grc' dir='ltr'>Ψαλμῶν</span> <span class='ocrx_word' id='word_1_587' title='bbox 2775 4447 2869 4516; x_wconf 78' lang='grc' dir='ltr'>ἥδε</span> <span class='ocrx_word' id='word_1_588' title='bbox 2897 4447 2963 4500; x_wconf 86' lang='grc' dir='ltr'>ἂν</span> <span class='ocrx_word' id='word_1_589' title='bbox 2990 4446 3073 4516; x_wconf 79' lang='grc' dir='ltr'><strong>εἴη</strong></span> <span class='ocrx_word' id='word_1_590' title='bbox 3101 4448 3134 4515; x_wconf 81' lang='grc' dir='ltr'>ἡ</span> <span class='ocrx_word' id='word_1_591' title='bbox 3153 4445 3435 4516; x_wconf 81' lang='grc' dir='ltr'>διαίρεσις,</span> <span class='ocrx_word' id='word_1_592' title='bbox 3457 4440 3536 4505; x_wconf 78' lang='grc' dir='ltr'>ὡς</span> 
     </span>
    </p>
   </div>
   <div class='ocr_carea' id='block_1_87' title="bbox 1974 4531 3536 4612">
    <p class='ocr_par' dir='ltr' id='par_1_87' title="bbox 1974 4531 3536 4612">
     <span class='ocr_line' id='line_1_87' title="bbox 1974 4531 3536 4612; baseline -0.006 -19"><span class='ocrx_word' id='word_1_593' title='bbox 1974 4539 2044 4593; x_wconf 80' lang='grc' dir='ltr'>τά</span> <span class='ocrx_word' id='word_1_594' title='bbox 2077 4539 2275 4612; x_wconf 83' lang='grc' dir='ltr'>ἀκριϐῆ</span> <span class='ocrx_word' id='word_1_595' title='bbox 2314 4539 2421 4593; x_wconf 78' lang='grc' dir='ltr'>τῶν</span> <span class='ocrx_word' id='word_1_596' title='bbox 2464 4537 2810 4608; x_wconf 82' lang='grc' dir='ltr'>ἀντιγράφων</span> <span class='ocrx_word' id='word_1_597' title='bbox 2857 4535 2988 4588; x_wconf 79' lang='grc' dir='ltr'><strong>αὑτὸ</strong></span> <span class='ocrx_word' id='word_1_598' title='bbox 3029 4553 3088 4588; x_wconf 87' lang='grc' dir='ltr'>τε</span> <span class='ocrx_word' id='word_1_599' title='bbox 3133 4536 3191 4587; x_wconf 82' lang='grc' dir='ltr'><strong>τὸ</strong></span> <span class='ocrx_word' id='word_1_600' title='bbox 3249 4531 3536 4604; x_wconf 72' lang='grc' dir='ltr'>Ἐϐραῖκὸν</span> 
     </span>
    </p>
   </div>
   <div class='ocr_carea' id='block_1_88' title="bbox 1976 4619 3535 4702">
    <p class='ocr_par' dir='ltr' id='par_1_88' title="bbox 1976 4619 3535 4702">
     <span class='ocr_line' id='line_1_88' title="bbox 1976 4619 3535 4702; baseline -0.007 -18"><span class='ocrx_word' id='word_1_601' title='bbox 1976 4630 2236 4702; x_wconf 72' lang='grc' dir='ltr'>περιέχει.</span> <span class='ocrx_word' id='word_1_602' title='bbox 2277 4630 2388 4700; x_wconf 77' lang='grc' dir='ltr'><strong>Οὐχ</strong></span> <span class='ocrx_word' id='word_1_603' title='bbox 2416 4628 2492 4692; x_wconf 85' lang='grc' dir='ltr'>ὡς</span> <span class='ocrx_word' id='word_1_604' title='bbox 2527 4628 2592 4682; x_wconf 82' lang='grc' dir='ltr'>ἄν</span> <span class='ocrx_word' id='word_1_605' title='bbox 2629 4643 2710 4690; x_wconf 85' lang='grc' dir='ltr'>τις</span> <span class='ocrx_word' id='word_1_606' title='bbox 2753 4625 3013 4679; x_wconf 80' lang='grc' dir='ltr'>ὑπολάϐοι</span> <span class='ocrx_word' id='word_1_607' title='bbox 3051 4625 3248 4688; x_wconf 84' lang='grc' dir='ltr'>πάντες</span> <span class='ocrx_word' id='word_1_608' title='bbox 3288 4623 3394 4676; x_wconf 76' lang='grc' dir='ltr'>εἰσὶ</span> <span class='ocrx_word' id='word_1_609' title='bbox 3439 4619 3535 4675; x_wconf 79' lang='grc' dir='ltr'><strong>τοῦ</strong></span> 
     </span>
    </p>
   </div>
   <div class='ocr_carea' id='block_1_89' title="bbox 1973 4703 3535 4791">
    <p class='ocr_par' dir='ltr' id='par_1_89' title="bbox 1973 4703 3535 4791">
     <span class='ocr_line' id='line_1_89' title="bbox 1973 4703 3535 4791; baseline -0.008 -14"><span class='ocrx_word' id='word_1_610' title='bbox 1973 4703 2135 4777; x_wconf 60' lang='grc' dir='ltr'>Δαυῗδ</span> <span class='ocrx_word' id='word_1_611' title='bbox 2163 4725 2213 4776; x_wconf 81' lang='lat' dir='ltr'><strong>oi</strong></span> <span class='ocrx_word' id='word_1_612' title='bbox 2248 4719 2471 4791; x_wconf 76' lang='grc' dir='ltr'>ψαλμοὶ,</span> <span class='ocrx_word' id='word_1_613' title='bbox 2513 4719 2648 4774; x_wconf 85' lang='grc' dir='ltr'>ἀλλὰ</span> <span class='ocrx_word' id='word_1_614' title='bbox 2685 4722 2777 4773; x_wconf 70' lang='grc' dir='ltr'><strong>καὶ</strong></span> <span class='ocrx_word' id='word_1_615' title='bbox 2815 4718 3016 4789; x_wconf 77' lang='grc' dir='ltr'>ἑτέρων</span> <span class='ocrx_word' id='word_1_616' title='bbox 3051 4716 3340 4790; x_wconf 80' lang='grc' dir='ltr'>προφητῶν</span> <span class='ocrx_word' id='word_1_617' title='bbox 3371 4716 3427 4768; x_wconf 78' lang='grc' dir='ltr'>ἐν</span> <span class='ocrx_word' id='word_1_618' title='bbox 3454 4712 3535 4782; x_wconf 84' lang='grc' dir='ltr'>τῷ</span> 
     </span>
    </p>
   </div>
   <div class='ocr_carea' id='block_1_90' title="bbox 1969 4806 3530 4887">
    <p class='ocr_par' dir='ltr' id='par_1_90' title="bbox 1969 4806 3530 4887">
     <span class='ocr_line' id='line_1_90' title="bbox 1969 4806 3530 4887; baseline -0.006 -18"><span class='ocrx_word' id='word_1_619' title='bbox 1969 4815 2189 4885; x_wconf 73' lang='grc' dir='ltr'>ψάλλειν</span> <span class='ocrx_word' id='word_1_620' title='bbox 2211 4813 2677 4887; x_wconf 80' lang='grc' dir='ltr'>προφητευόντων.</span> <span class='ocrx_word' id='word_1_621' title='bbox 2709 4813 2905 4884; x_wconf 86' lang='grc' dir='ltr'>Διόπερ</span> <span class='ocrx_word' id='word_1_622' title='bbox 2929 4813 2963 4882; x_wconf 80' lang='grc' dir='ltr'><strong>ἡ</strong></span> <span class='ocrx_word' id='word_1_623' title='bbox 2997 4812 3146 4862; x_wconf 76' lang='grc' dir='ltr'>πᾶσα</span> <span class='ocrx_word' id='word_1_624' title='bbox 3176 4807 3360 4881; x_wconf 81' lang='grc' dir='ltr'>γραφὴ</span> <span class='ocrx_word' id='word_1_625' title='bbox 3401 4806 3530 4876; x_wconf 88' lang='grc' dir='ltr'>παρ’</span> 
     </span>
    </p>
   </div>
   <div class='ocr_carea' id='block_1_91' title="bbox 1980 4899 3533 4978">
    <p class='ocr_par' dir='ltr' id='par_1_91' title="bbox 1980 4899 3533 4978">
     <span class='ocr_line' id='line_1_91' title="bbox 1980 4899 3533 4978; baseline -0.005 -18"><span class='ocrx_word' id='word_1_626' title='bbox 1980 4905 2248 4978; x_wconf 84' lang='grc' dir='ltr'>Ἑϐραίοις</span> <span class='ocrx_word' id='word_1_627' title='bbox 2276 4905 2382 4959; x_wconf 88' lang='grc' dir='ltr'>τῶν</span> <span class='ocrx_word' id='word_1_628' title='bbox 2413 4903 2638 4976; x_wconf 73' lang='grc' dir='ltr'>ψαλμῶν</span> <span class='ocrx_word' id='word_1_629' title='bbox 2666 4904 2725 4957; x_wconf 78' lang='grc' dir='ltr'>οὐ</span> <span class='ocrx_word' id='word_1_630' title='bbox 2757 4903 2852 4956; x_wconf 76' lang='grc' dir='ltr'><strong>τοῦ</strong></span> <span class='ocrx_word' id='word_1_631' title='bbox 2884 4901 3046 4956; x_wconf 79' lang='grc' dir='ltr'><strong>Δαυῖδ</strong></span> <span class='ocrx_word' id='word_1_632' title='bbox 3076 4901 3387 4973; x_wconf 80' lang='grc' dir='ltr'>ἐπιγράφει·</span> <span class='ocrx_word' id='word_1_633' title='bbox 3416 4899 3533 4952; x_wconf 78' lang='grc' dir='ltr'>ἀλλ’</span> 
     </span>
    </p>
   </div>
   <div class='ocr_carea' id='block_1_92' title="bbox 1966 4989 3530 5068">
    <p class='ocr_par' dir='ltr' id='par_1_92' title="bbox 1966 4989 3530 5068">
     <span class='ocr_line' id='line_1_92' title="bbox 1966 4989 3530 5068; baseline -0.006 -18"><span class='ocrx_word' id='word_1_634' title='bbox 1966 4996 2282 5068; x_wconf 84' lang='grc' dir='ltr'>ἀδιορίστως</span> <span class='ocrx_word' id='word_1_635' title='bbox 2306 4995 2484 5066; x_wconf 85' lang='grc' dir='ltr'>βίϐλος</span> <span class='ocrx_word' id='word_1_636' title='bbox 2510 4993 2739 5066; x_wconf 77' lang='grc' dir='ltr'>ψαλμῶν</span> <span class='ocrx_word' id='word_1_637' title='bbox 2781 4992 3123 5064; x_wconf 77' lang='grc' dir='ltr'>ὀνομάζεται.</span> <span class='ocrx_word' id='word_1_638' title='bbox 3155 4991 3248 5054; x_wconf 80' lang='grc' dir='ltr'>Εἰς</span> <span class='ocrx_word' id='word_1_639' title='bbox 3281 4989 3440 5043; x_wconf 81' lang='grc' dir='ltr'>πέντε</span> <span class='ocrx_word' id='word_1_640' title='bbox 3471 4989 3530 5042; x_wconf 76' lang='grc' dir='ltr'>δὲ</span> 
     </span>
    </p>
   </div>
   <div class='ocr_carea' id='block_1_93' title="bbox 1969 5080 3530 5160">
    <p class='ocr_par' dir='ltr' id='par_1_93' title="bbox 1969 5080 3530 5160">
     <span class='ocr_line' id='line_1_93' title="bbox 1969 5080 3530 5160; baseline -0.006 -19"><span class='ocrx_word' id='word_1_641' title='bbox 1969 5087 2110 5160; x_wconf 85' lang='grc' dir='ltr'>μέρη</span> <span class='ocrx_word' id='word_1_642' title='bbox 2136 5088 2232 5159; x_wconf 80' lang='grc' dir='ltr'><strong>τὴν</strong></span> <span class='ocrx_word' id='word_1_643' title='bbox 2254 5089 2433 5140; x_wconf 82' lang='grc' dir='ltr'>πᾶσαν</span> <span class='ocrx_word' id='word_1_644' title='bbox 2452 5086 2559 5140; x_wconf 84' lang='grc' dir='ltr'>τῶν</span> <span class='ocrx_word' id='word_1_645' title='bbox 2576 5085 2819 5156; x_wconf 79' lang='grc' dir='ltr'>Ψαλμῶν</span> <span class='ocrx_word' id='word_1_646' title='bbox 2851 5083 3028 5154; x_wconf 82' lang='grc' dir='ltr'>βίϐλον</span> <span class='ocrx_word' id='word_1_647' title='bbox 3046 5081 3231 5144; x_wconf 85' lang='grc' dir='ltr'>παῖδες</span> <span class='ocrx_word' id='word_1_648' title='bbox 3269 5080 3530 5151; x_wconf 85' lang='grc' dir='ltr'>Ἐϐραίων</span> 
     </span>
    </p>
   </div>
   <div class='ocr_carea' id='block_1_94' title="bbox 1963 5173 3528 5252">
    <p class='ocr_par' dir='ltr' id='par_1_94' title="bbox 1963 5173 3528 5252">
     <span class='ocr_line' id='line_1_94' title="bbox 1963 5173 3528 5252; baseline -0.007 -19"><span class='ocrx_word' id='word_1_649' title='bbox 1963 5179 2247 5252; x_wconf 73' lang='grc' dir='ltr'>διαιροῦσιο</span> <span class='ocrx_word' id='word_1_650' title='bbox 2285 5177 2499 5250; x_wconf 81' lang='grc' dir='ltr'>πρῶτον</span> <span class='ocrx_word' id='word_1_651' title='bbox 2540 5180 2620 5242; x_wconf 88' lang='grc' dir='ltr'><strong>εἰς</strong></span> <span class='ocrx_word' id='word_1_652' title='bbox 2650 5180 2774 5241; x_wconf 78' lang='grc' dir='ltr'>τοὺς</span> <span class='ocrx_word' id='word_1_653' title='bbox 2804 5177 2911 5230; x_wconf 86' lang='grc' dir='ltr'><strong>ἀπὸ</strong></span> <span class='ocrx_word' id='word_1_654' title='bbox 2963 5182 3011 5229; x_wconf 88' lang='grc' dir='ltr'>α’</span> <span class='ocrx_word' id='word_1_655' title='bbox 3050 5174 3208 5246; x_wconf 86' lang='grc' dir='ltr'>μέχρι</span> <span class='ocrx_word' id='word_1_656' title='bbox 3245 5180 3314 5244; x_wconf 59' lang='grc' dir='ltr'>μη</span> <span class='ocrx_word' id='word_1_657' title='bbox 3349 5173 3528 5224; x_wconf 77' lang='grc' dir='ltr'>δεύτε-</span> 
     </span>
    </p>
   </div>
   <div class='ocr_carea' id='block_1_95' title="bbox 1968 5261 3525 5344">
    <p class='ocr_par' dir='ltr' id='par_1_95' title="bbox 1968 5261 3525 5344">
     <span class='ocr_line' id='line_1_95' title="bbox 1968 5261 3525 5344; baseline -0.008 -18"><span class='ocrx_word' id='word_1_658' title='bbox 1968 5289 2059 5342; x_wconf 88' lang='grc' dir='ltr'><strong>ρον</strong></span> <span class='ocrx_word' id='word_1_659' title='bbox 2085 5274 2166 5336; x_wconf 81' lang='grc' dir='ltr'><strong>είς</strong></span> <span class='ocrx_word' id='word_1_660' title='bbox 2191 5273 2317 5336; x_wconf 78' lang='grc' dir='ltr'>τοὺς</span> <span class='ocrx_word' id='word_1_661' title='bbox 2348 5271 2455 5326; x_wconf 76' lang='grc' dir='ltr'>άπὸ</span> <span class='ocrx_word' id='word_1_662' title='bbox 2486 5278 2573 5343; x_wconf 87' lang='grc' dir='ltr'>μα’</span> <span class='ocrx_word' id='word_1_663' title='bbox 2608 5271 2797 5344; x_wconf 84' lang='grc' dir='ltr'>μέχρις</span> <span class='ocrx_word' id='word_1_664' title='bbox 2823 5269 2920 5322; x_wconf 77' lang='grc' dir='ltr'>οϐ”</span> <span class='ocrx_word' id='word_1_665' title='bbox 2957 5268 3140 5341; x_wconf 85' lang='grc' dir='ltr'>τρίτον</span> <span class='ocrx_word' id='word_1_666' title='bbox 3174 5270 3253 5331; x_wconf 87' lang='grc' dir='ltr'><strong>εἰς</strong></span> <span class='ocrx_word' id='word_1_667' title='bbox 3275 5267 3398 5328; x_wconf 78' lang='grc' dir='ltr'>τοὺς</span> <span class='ocrx_word' id='word_1_668' title='bbox 3417 5261 3525 5316; x_wconf 78' lang='grc' dir='ltr'><strong>ἀπὸ</strong></span> 
     </span>
    </p>
   </div>
   <div class='ocr_carea' id='block_1_96' title="bbox 1963 5358 3520 5436">
    <p class='ocr_par' dir='ltr' id='par_1_96' title="bbox 1963 5358 3520 5436">
     <span class='ocr_line' id='line_1_96' title="bbox 1963 5358 3520 5436; baseline -0.008 -18"><span class='ocrx_word' id='word_1_669' title='bbox 1963 5371 2042 5434; x_wconf 85' lang='grc' dir='ltr'>ογ¹</span> <span class='ocrx_word' id='word_1_670' title='bbox 2069 5365 2260 5436; x_wconf 88' lang='grc' dir='ltr'>μέχρις</span> <span class='ocrx_word' id='word_1_671' title='bbox 2290 5371 2402 5434; x_wconf 67' lang='lat' dir='ltr'><strong>om&quot;</strong></span> <span class='ocrx_word' id='word_1_672' title='bbox 2425 5363 2683 5435; x_wconf 79' lang='grc' dir='ltr'>τέταρτον</span> <span class='ocrx_word' id='word_1_673' title='bbox 2710 5363 2790 5426; x_wconf 85' lang='grc' dir='ltr'><strong>είς</strong></span> <span class='ocrx_word' id='word_1_674' title='bbox 2809 5361 2935 5424; x_wconf 75' lang='grc' dir='ltr'>τοὺς</span> <span class='ocrx_word' id='word_1_675' title='bbox 2959 5360 3068 5414; x_wconf 79' lang='grc' dir='ltr'><strong>ἀπὸ</strong></span> <span class='ocrx_word' id='word_1_676' title='bbox 3096 5361 3181 5413; x_wconf 81' lang='grc' dir='ltr'><strong>πθ¹</strong></span> <span class='ocrx_word' id='word_1_677' title='bbox 3209 5358 3398 5430; x_wconf 81' lang='grc' dir='ltr'>μέχρις</span> <span class='ocrx_word' id='word_1_678' title='bbox 3421 5363 3520 5425; x_wconf 74' lang='lat' dir='ltr'><strong>ps&quot;</strong></span> 
     </span>
    </p>
   </div>
   <div class='ocr_carea' id='block_1_97' title="bbox 1965 5445 3520 5528">
    <p class='ocr_par' dir='ltr' id='par_1_97' title="bbox 1965 5445 3520 5528">
     <span class='ocr_line' id='line_1_97' title="bbox 1965 5445 3520 5528; baseline -0.009 -20"><span class='ocrx_word' id='word_1_679' title='bbox 1965 5456 2212 5528; x_wconf 83' lang='grc' dir='ltr'>πέμπτον</span> <span class='ocrx_word' id='word_1_680' title='bbox 2252 5455 2332 5518; x_wconf 85' lang='grc' dir='ltr'><strong>εἰς</strong></span> <span class='ocrx_word' id='word_1_681' title='bbox 2353 5455 2478 5518; x_wconf 79' lang='grc' dir='ltr'>τοὺς</span> <span class='ocrx_word' id='word_1_682' title='bbox 2506 5454 2614 5508; x_wconf 79' lang='grc' dir='ltr'><strong>ἀπὸ</strong></span> <span class='ocrx_word' id='word_1_683' title='bbox 2656 5459 2741 5525; x_wconf 85' lang='grc' dir='ltr'>ρς¹</span> <span class='ocrx_word' id='word_1_684' title='bbox 2773 5453 2933 5524; x_wconf 85' lang='grc' dir='ltr'>μέχρι</span> <span class='ocrx_word' id='word_1_685' title='bbox 2958 5449 3161 5514; x_wconf 81' lang='grc' dir='ltr'>τέλους.</span> <span class='ocrx_word' id='word_1_686' title='bbox 3205 5445 3520 5514; x_wconf 78' lang='grc' dir='ltr'>’Δνεπίγρα-</span> 
     </span>
    </p>
   </div>
   <div class='ocr_carea' id='block_1_98' title="bbox 1964 5533 3521 5622">
    <p class='ocr_par' dir='ltr' id='par_1_98' title="bbox 1964 5533 3521 5622">
     <span class='ocr_line' id='line_1_98' title="bbox 1964 5533 3521 5622; baseline -0.009 -18"><span class='ocrx_word' id='word_1_687' title='bbox 1964 5565 2052 5619; x_wconf 84' lang='grc' dir='ltr'><strong>φοι</strong></span> <span class='ocrx_word' id='word_1_688' title='bbox 2081 5548 2138 5603; x_wconf 81' lang='grc' dir='ltr'><strong>δέ</strong></span> <span class='ocrx_word' id='word_1_689' title='bbox 2159 5549 2265 5602; x_wconf 91' lang='grc' dir='ltr'>είσι</span> <span class='ocrx_word' id='word_1_690' title='bbox 2281 5533 2493 5622; x_wconf 50' lang='grc' dir='ltr'>’ψαλμοὶ</span> <span class='ocrx_word' id='word_1_691' title='bbox 2509 5544 2594 5616; x_wconf 75' lang='grc' dir='ltr'>ιϐ’,</span> <span class='ocrx_word' id='word_1_692' title='bbox 2616 5542 3082 5618; x_wconf 75' lang='grc' dir='ltr'>ἐπιγεγραμμένοι</span> <span class='ocrx_word' id='word_1_693' title='bbox 3103 5541 3236 5615; x_wconf 81' lang='grc' dir='ltr'>ρλα’.</span> <span class='ocrx_word' id='word_1_694' title='bbox 3261 5535 3378 5592; x_wconf 86' lang='grc' dir='ltr'>Τῶν</span> <span class='ocrx_word' id='word_1_695' title='bbox 3399 5536 3521 5590; x_wconf 79' lang='grc' dir='ltr'>ἐπι-</span> 
     </span>
    </p>
   </div>
  </div>
