4042 6210
270 337 340 395 η
1361 311 1860 370 conm-mnam
1894 314 1960 369 IN
1999 313 2332 370 psamms.
3418 300 3485 362 74

268 454 471 523 στήσας
497 445 665 521 αὐτὴν
688 447 767 512 είς
792 442 1159 517 Ἰερουσαλὴμ,
1192 440 1497 511 ὲπιλέγεται
1517 441 1580 494 ὲκ
1606 440 1704 512 τῆς
1734 456 1830 509 φυ-

1936 431 2269 506 reposuisset
2290 430 2458 495 illam,
2488 445 2551 485 ex
2583 426 2727 483 tribu
2762 423 2888 481 Levi
2934 425 3262 496 psalmorum
3302 410 3489 479 canto-

262 542 362 614 λῆς
386 538 518 595 Acut
538 539 722 611 κλήρῳ
745 534 1051 608 ψαλτῳδοὺς
1073 531 1335 604 ἄρχοντας
1355 530 1508 603 ᾠδῶν
1541 531 1826 602 τέσσαρας,

258 632 355 689 τοῦ
387 630 608 703 ψαλλειν
640 629 735 683 καὶ
775 628 918 699 ᾄδειν
946 623 1171 677 ἐνώπιον
1214 623 1310 693 τῆς
1351 620 1580 675 κιϐωτοῦ
1606 620 1682 692 τῷ
1720 622 1829 675 Κυ-

263 726 389 798 ρίῳ,
440 724 534 779 καὶ
565 721 854 793 ἀναφέρειν
886 716 1066 788 φωνήν
1097 714 1432 787 εὐφροσύνης
1463 715 1541 778 είς
1580 709 1831 785 ἐξομολό-

258 834 424 888 γησιν
448 815 540 869 καὶ
561 812 761 868 αῖνεσιν
782 814 839 865 ὲν
860 809 1106 881 ὀργάνοις
1124 808 1505 880 ήρμοσμένοις,
1532 806 1623 862 καὶ
1645 805 1827 878 ᾠδαῖς,

262 910 357 963 καὶ
385 906 650 979 κινύραις,
678 905 771 959 καὶ
805 905 1049 968 νάϐλαις,
1084 905 1175 957 καὶ
1216 901 1534 972 τυμπάνοις,
1570 896 1660 953 καὶ
1693 914 1831 971 κυμ-

268 1000 469 1062 ϐάλοις,
515 998 607 1051 καὶ
656 996 957 1069 ψαλτηρίῳ,
1008 996 1102 1049 καὶ
1163 993 1439 1066 κερατίνη.
1491 992 1581 1046 τὸν
1636 991 1828 1059 Ἀσὰφ.

270 1090 461 1160 Αίμὰν,
509 1087 697 1153 Αίθάν,
753 1085 1017 1158 Ἰδιθούμ⁶
1049 1082 1398 1156 οἷς-ἀριθμὸς
1439 1083 1592 1154 ᾠδῶν
1645 1082 1831 1136 ἐπετέ-

270 1199 451 1245 τακτο,
480 1180 711 1253 ᾀδόντων
748 1179 1034 1234 διακοσίων
1073 1177 1396 1250 ὀγδοήκοντα
1423 1176 1585 1239 ὀκτὼ,
1620 1175 1832 1244 ἑκάστῳ

270 1271 637 1342 ἑϐδομήκοντα
682 1270 794 1337 δύο,
819 1273 882 1326 ὲκ
914 1269 1008 1324 τοῦ
1045 1269 1174 1340 Χὰμ
1203 1268 1302 1334 λ6⁹,
1335 1267 1428 1321 τοῦ
1468 1268 1587 1339 Σὴμ
1613 1265 1712 1330 κε’,
1737 1265 1830 1320 τοῦ

281 1362 458 1432 Ἰἀφεθ
496 1369 575 1415 ιε’.
606 1360 833 1427 Οἵτινες,
869 1362 1099 1425 ἑστῶτες
1129 1360 1433 1433 ἔμπροσθεν
1469 1359 1570 1429 τῆς
1602 1356 1831 1412 κιϐωτοῦ

265 1455 540 1527 Διαθήκης
588 1442 815 1528 Κυρίουξ
865 1455 1087 1526 ἔψαλλον
1130 1456 1221 1509 καὶ
1252 1451 1379 1528 ᾖδον
1418 1451 1494 1523 τῷ
1527 1449 1739 1522 Κυρίῳ·
1775 1450 1833 1515 ὃς

270 1548 369 1618 μὲν
400 1546 457 1601 ὲν
487 1544 699 1619 κινύρα,
722 1547 780 1613 ὃς
820 1546 875 1601 δὲ
906 1550 964 1600 ὲν
990 1546 1305 1619 κυμϐάλοις,
1346 1546 1403 1610 ὃς
1435 1541 1491 1598 δὲ
1523 1546 1579 1597 ὲν
1611 1542 1832 1615 κιθάρᾳ,

263 1640 326 1703 ὃς
369 1634 424 1692 δὲ
466 1640 525 1693 ὲν
571 1638 850 1711 ψαλτηρίῳ
872 1653 885 1669 ·
921 1631 996 1692 ὧν
1049 1634 1208 1709 μέσος
1248 1634 1429 1691 ἵστατο
1480 1635 1508 1689 6
1569 1633 1836 1706 μακάριος

265 1728 445 1794 Δαυῒδ,
468 1730 628 1795 αὑτδς
653 1732 835 1802 ἄρχων
860 1729 1135 1802 ἀρχόντων
1173 1728 1342 1802 ᾠδῶν,
1374 1727 1588 1800 κρατῶν
1613 1726 1705 1779 ἐπὶ
1725 1727 1836 1797 χεῖ-

1933 542 2021 583 res
2044 533 2304 597 quatuor,
2342 521 2679 577 canticorum
2710 517 3003 590 principes,
3037 516 3138 573 sibi
3171 525 3317 575 sorte
3344 514 3489 570 dele-

1933 619 2045 690 git;
2089 623 2147 671 ut
2181 615 2238 671 in
2284 619 2577 683 conspectu
2633 625 2772 665 arca:
2828 608 3058 664 Domino
3114 607 3405 680 psallerent
3438 614 3490 663 et

1931 713 2239 769 cantarent,
2284 719 2579 774 vocemque
2627 701 2846 765 laetitiae,
2904 701 2961 757 in
3009 700 3405 757 confessionem
3435 704 3491 753 et

1932 798 2148 855 laudem
2181 797 2560 853 instrumentis
2601 794 2890 850 concinnis
2946 792 3270 865 proferrent,
3316 788 3492 847 canti-

1931 893 2034 955 cis,
2073 890 2298 963 cyniris,
2344 889 2540 952 nablis,
2574 888 2865 960 tympanis,
2894 885 3177 958 cymbalis,
3211 879 3488 956 psalterio,

1930 992 1988 1039 et
2021 983 2150 1038 tuba
2197 996 2431 1048 cornea;
2462 979 2715 1035 videlicet
2762 978 2964 1048 Asaph,
3006 976 3223 1041 Aman,
3265 974 3493 1038 Ethan,

1933 1074 2189 1138 ldithum,
2223 1073 2381 1145 queis
2415 1080 2603 1127 certus
2634 1071 2971 1126 canticorum
3001 1084 3257 1124 numerus
3288 1063 3495 1122 consti-

1934 1180 2086 1227 tutus
2120 1181 2273 1237 erat;
2307 1168 2581 1239 deputatis
2605 1163 2923 1221 cantoribus
2946 1162 3193 1219 ducentis
3215 1160 3491 1232 octoginta

1934 1274 2108 1329 octo;
2182 1260 2413 1331 singulis
2484 1259 2742 1314 nimirum
2803 1253 3139 1326 septuaginta
3209 1253 3336 1308 duo.
3415 1249 3492 1304 Ex

1932 1354 2141 1411 Cbamo
2208 1353 2322 1409 sive
2382 1351 2572 1406 Chami
2634 1348 2890 1421 progenie
2949 1346 3169 1417 triginta
3226 1345 3368 1412 duo;
3427 1356 3493 1399 ex

1937 1447 2101 1504 Semo
2131 1446 2323 1517 viginti
2356 1446 2633 1517 quinque;
2665 1460 2730 1499 ex
2765 1441 2994 1514 Japheto
3025 1437 3355 1510 quindecim.
3388 1434 3495 1505 Qui

1935 1549 2143 1598 stantes
2173 1554 2356 1594 coram
2399 1552 2525 1592 arca
2556 1535 2869 1592 testamenti
2898 1533 3136 1596 Domini,
3175 1527 3494 1602 psallebant,

1934 1634 2311 1703 canebantque
2356 1628 2614 1695 Domino;
2666 1628 2758 1682 alii
2810 1627 3019 1698 einyra,
3068 1623 3162 1679 alii
3209 1622 3493 1694 cymbalis,

1937 1725 2160 1797 quidam
2192 1723 2427 1784 cithara,
2452 1717 2617 1789 aliqui
2643 1716 2900 1788 psalterio
2933 1733 2945 1770 :
2980 1715 3034 1769 in
3054 1727 3286 1785 quorum
3320 1709 3498 1766 medio

270 1839 369 1896 ρας
417 1824 478 1877 τὸ
527 1800 839 1895 ψαλτήριον.
873 1800 1138 1889 ’Ἕκαστος
1191 1800 1247 1878 δὲ
1291 1820 1417 1898 ᾖδεν
1467 1821 1561 1877 καὶ
1609 1819 1830 1890 ἔψαλλεν

1939 1816 2273 1873 consistebat
2304 1811 2493 1876 David,
2531 1812 2646 1881 ipse
2676 1808 2929 1879 princeps
2979 1805 3279 1876 principum
3324 1800 3501 1856 canti-

267 1887 451 1982 ὑμνῶν
474 1887 565 1964 τὸν
595 1887 724 1965 Θεὸν
750 1911 888 1983 ἁγίῳ
917 1887 1187 1986 Πνεὺματι
1224 1887 1588 1984 τεταγμένως.
1644 1887 1830 1964 Ἦνίκα

1939 1924 2151 1972 corum,
2185 1922 2351 1962 manu
2383 1914 2625 1960 tractans
2646 1899 2984 1973 psalterium.
3018 1897 3228 1968 Singuli
3256 1909 3387 1950 vero
3408 1887 3500 1948 m-

267 2002 447 2056 τοίνυν
468 2001 690 2075 ἐσκίρτα
714 2002 773 2057 τὸ
792 2003 1013 2077 Πνεῦμα
1033 1983 1123 2060 ὲπί
1143 2023 1264 2060 τινα
1288 1983 1404 2059 τῶν
1423 2003 1695 2076 ἀρχόντων
1721 2003 1830 2055 τῶν

1938 2001 2139 2056 nebant
2170 2006 2224 2055 et
2258 1997 2581 2069 psallebant,
2622 1994 2838 2066 hymnis
2874 1991 3040 2047 Deum
3063 1989 3348 2048 concinne,
3374 1983 3499 2055 Spi-

268 2094 581 2167 ψαλτῳδῶν,
603 2098 651 2151 οἱ
674 2098 848 2152 λοιποὶ
896 2099 1123 2172 ἡσυχίαν
1161 2094 1296 2168 ἦγον
1353 2096 1695 2168 παρεστῶτες
1738 2095 1833 2149 καὶ

272 2182 629 2251 ὑπακούοντες
647 2187 720 2258 (1)
740 2191 1041 2260 συμφώνως
1055 2188 1132 2258 τῷ
1153 2186 1424 2258 ψάλλοντι,
1454 2182 1831 2253 Ἂλληλούτα.

1938 2094 2046 2149 ritu
2083 2100 2270 2147 sancto
2294 2090 2448 2154 moti,
2490 2089 2847 2144 celebrantes.
2872 2084 3007 2141 Cum
3048 2084 3229 2153 itaque
3262 2077 3498 2150 Spiritus

1944 2185 2000 2239 in
2029 2184 2338 2256 quempiam
2363 2181 2670 2253 principum
2702 2186 2985 2234 cantorum
3034 2174 3287 2235 insiliret,
3318 2167 3498 2225 caeteri

268 2284 446 2351 Quiete
486 2287 715 2354 agebant
750 2291 992 2340 astantes
1037 2300 1101 2339 ac
1133 2300 1265 2339 voce
1295 2297 1537 2338 consona
1573 2282 1824 2352 psallenti
1860 2280 2276 2353 respondentes,
2318 2277 2571 2333 Alleluia.

348 2374 436 2427 'Ev
476 2377 541 2447 τῇ
583 2375 840 2448 Ἐϐραῖκῇ
872 2376 1038 2448 βίϐλῳ
1070 2377 1179 2429 τῶν
1202 2373 1431 2447 ψαλμῶν
1464 2375 1591 2430 ἀνευ
1615 2375 1712 2446 τῆς
1741 2374 1835 2428 τοῦ

265 2466 498 2539 ἀριθμοῦ
528 2468 839 2540 προσθήκης
867 2467 1249 2541 ἀνεγράφησαν
1279 2470 1328 2522 ol
1362 2469 1560 2533 πάντες
1596 2464 1689 2521 καὶ
1716 2465 1833 2520 δια-

264 2558 462 2631 φόρως.
516 2562 577 2613 Οἱ
616 2559 715 2631 μέν
750 2562 854 2614 εἰσι
904 2559 1258 2631 συνημμένοι,
1305 2561 1353 2614 οί
1394 2558 1451 2614 δὲ
1493 2555 1829 2633 διῃρημένοι.

276 2646 489 2719 Ἀμέλει
521 2650 549 2702 6
577 2650 674 2719 μὲν
706 2649 920 2721 πρῶτος
948 2650 1042 2704 καὶ
1068 2649 1315 2722 δεύτερος
1361 2648 1694 2720 συνημμένοι
1726 2646 1833 2701 είσὶ

265 2739 404 2793 κατά
435 2738 493 2792 τὸ
537 2738 848 2810 Ἐϐραῖκόνο
885 2741 978 2795 καὶ
1010 2740 1168 2795 πάλιν
1193 2743 1221 2793 6
1253 2739 1458 2804 ἔνατος,
1491 2737 1831 2809 συνημμένος

264 2831 391 2901 παρ’
421 2830 570 2901 ήμῖν,
615 2831 672 2883 ὲν
694 2830 771 2901 τῷ
811 2830 1083 2902 Ἐϐραῖκῷ
1112 2828 1360 2902 διῄρηται
1392 2832 1473 2893 είς
1513 2827 1623 2883 δύο.
1657 2830 1832 2901 Παρα-

262 2921 525 2993 τηρητέον
555 2922 632 2986 δὲ,
673 2923 754 2975 ὅτι
790 2922 864 2993 μὴ
900 2922 1040 2975 κατὰ
1068 2922 1384 2976 ἀκολουθίαν
1425 2923 1532 2975 τῶν
1556 2921 1655 2991 τῆς
1691 2921 1832 2974 ἱστο-

268 3012 387 3087 ρίας
408 3013 628 3088 ’χρόνων
658 3018 690 3088 ἡ
724 3013 830 3070 τῶν
861 3013 1089 3087 ψαλμῶν
1133 3014 1409 3083 σύγκειται
1454 3014 1635 3079 τάξιςο
1671 3012 1829 3084 ἐνήλ-

263 3108 457 3163 λακται
477 3108 533 3161 δὲ
555 3109 706 3179 παρά
731 3108 885 3171 πολὺ,
920 3106 1099 3171 καθὼς
1127 3110 1160 3179 ή
1186 3104 1365 3177 βίϐλος
1385 3106 1491 3160 τῶν
1514 3104 1828 3170 Βασιλειῶν,

265 3199 359 3252 καὶ
391 3198 587 3269 αὖτηή
635 3196 784 3263 τάξις
813 3197 978 3269 δηλοῖ.
1012 3196 1219 3267 Πολλῆς
1269 3197 1444 3249 τοίνυν
1492 3214 1833 3269 κατακρατή-

265 3288 438 3360 σάσης
486 3287 923 3359 εὶδωλολατρείας
969 3285 1063 3341 τοῦ
1106 3283 1369 3340 Ἰουδαίων
1422 3287 1624 3351 ἔθνους,
1666 3286 1833 3359 λήθην

265 3382 459 3448 αὑτούς
507 3396 639 3452 φασι
689 3380 1015 3453 πεποιῆσθαι
1044 3380 1151 3433 τῶν
1197 3381 1437 3453 πατρίων
1482 3380 1727 3452 γραφῶν,
1758 3383 1834 3445 ὡς

269 3468 399 3546 μηδὲ
446 3474 541 3527 τοῦ
575 3472 849 3536 Μωῦσέως
882 3470 1043 3544 νόμου
1072 3470 1251 3542 βίϐλον
1292 3471 1663 3544 ἐπιφέρεσθαι,
1700 3472 1830 3543 μηδὲ

268 3567 487 3637 μνήμην
504 3564 601 3635 τῆς
627 3563 732 3617 τῶν
756 3563 1002 3634 πατέρων
1026 3560 1305 3625 εὐσεϐείας
1332 3561 1653 3627 ἀποσώζειν.
1677 3562 1834 3616 Οὕτω

265 3657 392 3725 γοῦν
418 3658 540 3721 τοὺς
575 3656 853 3728 προφήτας
877 3652 1106 3727 ἀνῄρουν
1143 3653 1510 3725 διελέγχοντας
1534 3652 1711 3708 αὐτῶν
1734 3653 1833 3716 τὰς

264 3748 595 3813 δυσσεϐείας.
646 3746 778 3802 Οὐδὲ
810 3747 903 3801 νῦν
945 3746 1253 3818 θαυμαστὸν
1297 3747 1353 3798 ὲν
1400 3745 1622 3819 τοιαύτῃ
1663 3760 1831 3799 κατα⁴

266 3841 451 3895 στάσει
484 3838 688 3909 καιρῶν
721 3837 815 3893 καὶ
841 3838 948 3892 τῶν
981 3836 1364 3910 ἐμφερομένων
1390 3837 1540 3900 τινὰς
1669 3834 1833 3907 βίϐλῳ

264 3934 371 3987 τῶν
393 3933 623 4005 ψαλμῶν
649 3932 1103 3996 διαπεπτωκέναι,
1139 3932 1278 4005 λήθῃ
1309 3948 1366 3984 τε
1394 3932 1621 4002 μακροῖς
1654 3946 1831 4003 παρα-

263 4024 503 4080 δεδόσθαι
523 4025 921 4097 χρόνοις.⁹’Υστε
929 4042 1017 4097 ρον
1030 4024 1087 4078 δὲ
1102 4024 1239 4096 μετά
1251 4022 1442 4086 ταῦτα,
1460 4022 1828 4094 εῑτεἜσδραν,

262 4116 372 4172 εἴτε
420 4118 569 4181 τινὰς
599 4117 817 4188 ἐτέρους
849 4117 1152 4189 προφήτας,
1204 4118 1331 4189 περὶ
1371 4115 1468 4187 τὴν
1516 4114 1832 4186 συναγωγὴν

261 4208 440 4262 αὐτῶν
465 4208 874 4273 ἐσπουδακέναι,
900 4208 1019 4278 μεθ’
1045 4200 1119 4261 ὧν
1142 4209 1235 4261 καὶ
1250 4208 1344 4278 τὴν
1368 4207 1545 4278 βίϐλον
1567 4207 1672 4260 τῶν
1697 4205 1833 4276 ψαλ-

263 4300 378 4370 μῶν
406 4296 684 4373 ήγιοχέναι
732 4299 876 4369 (sic),
907 4297 1006 4352 οὑκ
1052 4297 1262 4369 ἀθρόως
1291 4297 1517 4371 εὑρόντα
1545 4298 1673 4361 τοὺς
1699 4294 1833 4350 πάνι-

260 4404 378 4457 τας,
412 4393 545 4448 ἀλλά
569 4391 705 4448 κατά
729 4390 1014 4463 διαφόρους
1044 4374 1285 4462 χρόνους.
1317 4390 1425 4443 Καὶ
1457 4389 1666 4444 τάττειν
1691 4385 1747 4443 δὲ
1774 4391 1832 4443 ὲν

2011 2374 2069 2427 1η
2109 2371 2378 2428 Hebraico
2408 2370 2746 2426 Psalmorum
2772 2366 2931 2430 libro,
2959 2362 3354 2436 psalmiomnes
3381 2351 3501 2415 sine

1940 2462 2152 2519 numeri
2180 2461 2457 2517 additione
2488 2460 2638 2516 varie
2666 2458 2917 2528 inscripti
2952 2465 3100 2512 sunt.
3133 2453 3198 2508 Et
3221 2458 3350 2509 sunt
3378 2450 3500 2521 qni-

1936 2559 2059 2615 dem
2089 2557 2181 2613 alii
2212 2556 2514 2626 conjuncti,
2539 2555 2631 2609 alii
2660 2570 2789 2610 vero
2818 2552 2998 2609 divisi.
3034 2550 3177 2606 Sane
3207 2548 3417 2620 primus
3447 2551 3499 2599 ct

1937 2651 2210 2709 secundus
2238 2650 2394 2720 juxta
2420 2646 2744 2703 Hebraicum
2776 2646 3102 2715 copulantur
3127 2660 3140 2698 :
3167 2656 3346 2697 nonus
3366 2655 3501 2695 con-

1936 2754 2021 2799 tra
2044 2744 2137 2814 qui
2172 2742 2315 2814 apud
2345 2757 2447 2798 nos
2476 2738 2808 2807 conjunctus
2840 2742 2943 2799 est,
2976 2735 3030 2789 in
3054 2734 3193 2789 duos
3213 2731 3356 2803 apud
3385 2729 3498 2786 He-

1936 2836 2181 2893 braicum
2215 2841 2424 2890 textum
2464 2830 2829 2888 distribuitur.
2872 2822 3283 2883 Observandum
3315 2826 3497 2877 autem

1935 2933 2043 2991 est,
2078 2941 2190 2982 non
2222 2923 2289 2979 ad
2316 2924 2515 2979 seriem
2540 2921 2783 2978 historiae
2815 2914 3497 2988 temporum,psalmorum

1936 3020 2186 3075 ordinem
2205 3017 2565 3071 constitutum
2597 3028 2717 3069 esse
2743 3031 2755 3066 :
2794 3009 3061 3080 siquidem
3100 3006 3330 3061 multum
3350 3016 3501 3058 com-

1937 3117 2196 3171 mutatur,
2222 3108 2300 3162 uti
2325 3105 2636 3177 Regnorum
2660 3104 2798 3159 liber
2828 3117 2891 3157 ac
2919 3100 3000 3156 vel
3021 3100 3137 3170 ipse
3165 3098 3299 3153 ordo
3325 3095 3501 3152 declao

1936 3205 2040 3254 rat.
2069 3198 2205 3253 Cum
2236 3198 2421 3265 itaque
2448 3194 2619 3248 multo
2648 3190 2972 3248 idololatria:
3020 3203 3216 3259 genere
3238 3181 3500 3241 Iudaicus

1935 3290 2169 3361 populus
2200 3289 2555 3350 detineretur,
2589 3284 2781 3340 dicunt
2813 3298 2878 3339 eo
2905 3296 3079 3352 usque
3099 3281 3406 3342 devenisse,
3438 3282 3501 3331 ut

1935 3383 2141 3454 patrias
2170 3382 2473 3453 scripturas
2522 3396 2552 3435 e
2599 3377 2864 3434 memoria
2902 3375 3303 3436 oblitterarent,
3341 3372 3500 3426 itaut

1936 3490 2109 3545 neque
2136 3472 2385 3529 Mosaicae
2416 3471 2550 3541 legis
2578 3469 2714 3523 liber
2765 3467 2906 3520 ultra
2938 3465 3293 3535 reperiretur,
3320 3473 3497 3529 neque

1937 3572 2173 3634 paternae
2197 3561 2413 3632 pietatis
2441 3557 2758 3613 memoriam
2779 3557 3186 3608 conservarent.
3210 3548 3497 3603 Enimvero

1935 3655 2229 3726 prophetas
2280 3650 2623 3720 impietatem
2676 3660 2832 3700 suam
2872 3648 3238 3714 coarguentes
3289 3636 3498 3693 interli-

1934 3746 2170 3799 ciebant.
2201 3741 2345 3797 Nihil
2395 3741 2577 3810 itaque
2618 3738 2818 3792 mirum
2851 3744 2935 3791 est
2963 3734 3017 3788 in
3059 3731 3152 3785 tali
3189 3741 3495 3800 temporum

1934 3835 2266 3899 conditione,
2285 3832 2524 3903 psalmos
2543 3831 2750 3899 aliquot
2776 3827 2905 3883 olim
2926 3826 2980 3880 in
3003 3823 3342 3878 Psalmorum
3359 3820 3497 3876 libro

1933 3934 2307 3991 occurrentes,
2343 3926 2505 3995 longo
2539 3936 2810 3978 annorum
2852 3916 3128 3973 curriculo
3157 3913 3368 3969 incurla
3400 3911 3498 3966 ob.

1936 4019 2208 4074 litteratos
2235 4016 2528 4077 excidisse.
2568 4012 2680 4068 Sub
2706 4012 2820 4067 haec
2853 4017 3033 4065 autem
3067 4008 3222 4061 aiunt
3252 4005 3367 4062 sive
3399 4005 3499 4058 Es—

1933 4112 2111 4175 dram,
2130 4110 2244 4167 sive
2267 4110 2405 4165 alios
2425 4106 2691 4179 quosdam
2712 4107 3025 4175 prophetas,
3044 4102 3191 4172 ipsos
3211 4095 3498 4167 colligendi

1932 4219 2122 4259 curam
2157 4202 2466 4272 suscepisse
2492 4239 2508 4266 ,
2551 4207 2847 4269 posteaque
2902 4194 3243 4249 Psalmorum
3300 4189 3495 4243 librum

1933 4309 2308 4359 consecrasse,
2345 4307 2446 4347 nec
2467 4289 2755 4346 confertim
2790 4294 3037 4356 repertos
3082 4296 3270 4338 omnes
3304 4278 3495 4341 fuisse,

1934 4386 2030 4442 sed
2058 4386 2293 4449 diversis
2324 4383 2682 4453 temporibus.
2727 4378 2940 4434 Primos
2985 4384 3165 4430 autem
3196 4371 3498 4427 collocasse

261 4481 497 4554 πρώτοις
519 4486 644 4547 τοὺς
665 4481 913 4555 πρώτους
944 4480 1361 4554 εὑρισκομένους
1376 4496 1389 4511 ·
1425 4477 1559 4552 μηδὲ
1586 4481 1711 4545 τοὺς
1735 4478 1829 4534 τοῦ

1934 4494 2029 4534 eos
2056 4478 2146 4548 qui
2178 4477 2340 4547 primi
2372 4476 2577 4530 inventi
2615 4473 2831 4526 fuerant
2869 4488 2883 4533 ;
2938 4468 3177 4535 hincque
3204 4463 3405 4517 factum
3437 4469 3498 4515 ut

260 4571 422 4633 Aau’lB
454 4574 648 4646 ἑφεξῆς
679 4573 889 4628 κείσθαι
931 4574 1139 4637 πάντας
1158 4588 1172 4604 ⁸
1202 4573 1258 4627 ἐν
1295 4590 1356 4627 τε
1386 4572 1465 4644 τῷ
1497 4571 1697 4644 μεταξὺ
1736 4573 1830 4627 καὶ⁴

1935 4571 1970 4626 ii
2001 4571 2153 4641 quia
2186 4566 2387 4621 Davide
2437 4563 2732 4631 conscripti
2774 4566 2900 4616 sunt
2945 4571 3055 4611 non
3100 4557 3499 4623 consequenter

257 4662 370 4717 τῶν
399 4663 530 4717 υἱῶν
553 4642 716 4736 Κόρὲ,
753 4665 847 4720 καὶ
873 4664 968 4719 τοῦ
1006 4665 1197 4735 Ἀσάφ,
1227 4666 1318 4718 καὶ
1338 4642 1696 4736 Σολομῶντος,
1738 4666 1830 4721 καὶ

1934 4665 2167 4736 iaceant,
2225 4658 2319 4716 sed
2355 4654 2624 4713 commisti
2656 4667 2781 4707 cum
2826 4650 2894 4707 iis
2938 4647 3031 4720 qui
3070 4646 3302 4701 filiorum
3333 4642 3494 4707 Core,

259 4753 750 4827 Μωῦσέως,Αίμάν
774 4775 854 4823 τε,
883 4757 978 4812 καὶ
1003 4755 1191 4823 Αίθὰν,
1214 4756 1308 4810 καὶ
1341 4756 1590 4827 ’Ῑδιθοὺμ,
1617 4759 1710 4811 καὶ
1731 4759 1832 4812 πά-

260 4844 344 4902 λιν
379 4844 473 4901 τοῦ
502 4846 661 4901 Δαυῒδ
684 4849 1027 4923 εὑρίσκεσθαι
1056 4849 1256 4921 ἀναμὶξ
1278 4851 1335 4903 ὲν
1361 4852 1426 4921 τῇ
1468 4848 1634 4921 βίϐλῳ
1664 4865 1818 4905 κατα-

259 4937 648 5018 τεταγμένους,
699 4943 758 4993 οὑ
780 4941 896 4995 καθ’
929 4941 1022 5006 οὓς
1071 4940 1366 5013 ἐλέχθησαν
1411 4940 1652 5013 χρόνους,
1696 4942 1830 4995 ἀλλὰ

259 5034 383 5088 καθ’
406 5029 500 5096 οὓς
521 5030 796 5103 εὕρηνται.
824 5035 1012 5088 Ἔνθεν
1029 5051 1088 5088 τε
1121 5033 1390 5107 συμϐῆναι
1422 5034 1546 5096 τοὺς
1567 5032 1680 5097 τοῖς
1706 5034 1827 5105 χρόα

260 5139 371 5191 νοις
390 5124 647 5197 ὑστέρους
671 5123 916 5194 πρώτους
940 5123 1278 5196 εὑρεθέντας,
1305 5122 1677 5195 ἀναληφθῆναι
1700 5142 1826 5195 προ-

258 5217 477 5290 τέρους·
512 5218 634 5280 τοὺς
665 5213 721 5269 δὲ
751 5215 1041 5287 προτέρους
1074 5218 1210 5286 μετά
1236 5217 1407 5273 ταῦτα
1429 5215 1748 5289 εὑρεθέντας
1768 5218 1825 5272 ὲν

256 5307 487 5380 δευτέρᾳ
506 5308 738 5378 ταγῆναι
763 5304 917 5377 χώρᾳ
933 5324 947 5338 ⁸
975 5307 1036 5361 τὸ
1053 5306 1097 5360 δ’
1125 5307 1255 5362 αὑτὸ
1268 5309 1445 5382 εὕροις
1467 5308 1825 5380 γεγενημένον

258 5396 318 5453 ἐν
341 5400 452 5460 τοῖς
478 5397 799 5468 προφήταις.

329 5488 518 5542 Πάντα
538 5488 724 5559 ὥσπερ
757 5489 813 5539 ὲν
845 5485 1064 5557 μεγάλῳ
1097 5484 1202 5539 τινὶ
1229 5486 1321 5539 καὶ
1342 5488 1503 5559 κοινῷ
1522 5487 1731 5560 ταμείῳ
1755 5490 1822 5560 τῇ

262 5574 430 5650 βίϐλῳ
455 5579 565 5633 τῶν
587 5576 817 5649 ψαλμῶν
845 5574 1284 5648 τεθησαύρισται.
1312 5576 1546 5630 Κάκεῖνο
1572 5576 1629 5631 δὲ
1664 5577 1830 5649 τηρή⁴

1929 4755 2158 4827 Asaphi,
2178 4748 2505 4817 Salomonis,
2526 4746 2746 4819 Moysis,
2768 4744 2987 4807 Eman.
3006 4738 3496 4805 £tban,lditbum,

1933 4862 2263 4918 rursumque
2289 4841 2511 4900 Davidis
2548 4838 2944 4900 inscribuntur,
2983 4848 3091 4892 non
3124 4833 3334 4886 ratione
3360 4835 3499 4884 tern-

1930 4941 2083 5013 poris
2109 4953 2218 5010 quo
2250 4936 2486 5007 primum
2515 4932 2645 4987 editi
2668 4939 2722 4985 et
2751 4926 3108 4999 pronuntiati,
3142 4922 3236 4980 sed
3267 4934 3376 4992 quo
3403 4919 3499 4975 dea

1936 5027 2191 5100 prehensi
2212 5032 2359 5082 sunt.
2390 5022 2637 5092 Hincque
2664 5019 2982 5088 contigisse,
3032 5023 3089 5071 ut
3128 5014 3224 5086 qui
3254 5021 3499 5095 tempore

1934 5119 2268 5193 posteriores
2290 5123 2467 5179 erant,
2502 5128 2625 5168 eum
2655 5111 2816 5179 primi
2838 5109 3037 5181 reperti
3068 5107 3294 5170 fuerint,
3335 5101 3496 5176 primi

1930 5209 2155 5281 repositi
2190 5209 2301 5265 sint
2327 5224 2341 5273 ;
2372 5220 2437 5259 ac
2461 5206 2579 5260 vice
2618 5217 2774 5259 versa
2793 5200 2886 5272 qui
2908 5200 3069 5271 primi
3099 5199 3336 5262 fuerant,
3367 5194 3494 5267 quia

1930 5307 2053 5373 post
2076 5298 2215 5354 alios
2243 5294 2383 5351 eruti
2402 5301 2550 5361 sunt,
2585 5292 2943 5364 posteriorem
2978 5290 3032 5345 in
3048 5290 3229 5344 locum
3244 5288 3495 5343 sintcon-

1930 5390 2103 5448 stituti
2123 5410 2134 5446 :
2153 5389 2299 5460 quod
2322 5387 2497 5458 ipsum
2523 5387 2576 5440 in
2593 5384 2868 5458 prophetis
2884 5383 3085 5438 factum
3101 5375 3489 5451 deprehendas.

2002 5483 2062 5537 ln
2095 5482 2237 5536 libro
2266 5477 2605 5533 Psalmorum
2658 5477 2840 5531 omnia
2879 5490 2977 5529 ceu
2996 5474 3049 5527 in
3078 5482 3271 5540 magno
3297 5481 3361 5519 ac
3390 5477 3494 5534 pu-

1938 5576 2084 5632 blico
2114 5572 2376 5647 penuario
2397 5568 2673 5625 recondita
2700 5575 2847 5624 sunt.
2873 5561 3279 5622 Observandum
3310 5561 3492 5610 autem

330 5691 405 5765 ll)
446 5690 819 5765 ξῖεἷακούσιν,
859 5690 913 5746 id
953 5698 1038 5765 est
1078 5685 1382 5765 respondere
1430 5690 1642 5745 :multa
1674 5689 1838 5760 hujus
1875 5690 2283 5765 signiﬁcationis
2335 5687 2576 5760 exempla
2618 5684 2899 5741 attulimus
2951 5683 3009 5738 in
3038 5678 3274 5736 editione
3325 5673 3493 5731 Atha-

257 5758 424 5818 nasii.
446 5759 581 5817 Vide
624 5762 677 5817 in
708 5761 1062 5844 Qnomastico
1092 5758 1310 5813 ibidem.

505 5857 773 5918 ΡΑτιιοι..
806 5857 923 5920 Gn.
974 5854 1211 5922 XXIII.

3245 5834 3285 5896 3
