4066 6218
534 337 659 419 τε,

1264 330 1532 388 EUSEBII
1569 327 2045 386 CAESARIENSIS
2072 329 2220 387 OPP.
2251 329 2431 385 PARS
2467 328 2555 387 ill.
2585 360 2657 374 —-
2691 329 3103 388 EXEGETICA.
3689 345 3755 400 τίς

536 468 622 513 est
654 458 848 513 librum
889 457 1228 529 psalmorum
1260 468 1384 530 post
1407 456 1614 530 Moysis
1664 459 1858 530 legem,
1897 474 2097 515 novam

2209 478 2331 527 τεις,
2365 464 2441 527 ὡς
2487 466 2519 535 ή
2568 464 2746 533 βίϐλος
2781 466 2886 517 τῶν
2918 461 3145 533 ψαλμῶν
3192 458 3377 530 καινὴν
3415 457 3759 513 διδασκαλίαν

539 552 830 621 complecti
883 552 1187 608 doctrinam
1213 591 1228 617 ,
1271 552 1559 621 ipsumque
1593 556 1715 621 post
1745 558 2099 605 memoratam

539 640 741 714 Moysis
798 646 1146 715 scripturam,
1181 642 1479 699 secundum
1500 684 1515 710 ,
1548 642 1614 697 ad
1643 642 1944 697 doctrinam
1977 656 2101 712 spe-

538 742 796 802 ctantem,
816 752 936 793 esse
959 737 1174 791 librum.
1189 734 1325 792 Cum
1348 735 1531 806 itaque
1558 745 1680 806 post
1703 743 1935 790 mortem
1950 733 2100 806 Moy-

540 826 617 881 sis
643 834 697 883 et
740 826 890 891 Jesu,
917 836 969 882 et
1004 834 1127 896 post
1150 826 1400 895 judicum
1422 834 1660 898 tempus,
1694 826 2096 884 David'tetatem

539 918 791 985 duxerit;
847 924 1037 988 utpote
1088 919 1183 989 qui
1230 918 1530 975 Salva'toris
1583 927 1739 990 pater
1791 908 2100 990 nuncupari

537 1011 817 1077 meruerit,
850 1026 1055 1066 novum
1097 1011 1215 1081 ipse
1240 1011 1485 1076 modum,
1516 1010 1835 1082 psalmodiae
1867 1011 2097 1077 scilicet,

537 1103 744 1171 primus
768 1100 1007 1158 Hebraeis
1039 1102 1296 1169 tradidit;
1323 1117 1432 1173 quo
1455 1102 1548 1157 illa
1581 1117 1702 1173 quae
1723 1102 1791 1157 de
1813 1102 2100 1159 sacriﬁciis

537 1208 567 1246 a
597 1191 777 1264 Moyse
814 1195 1022 1249 sancita
1052 1184 1267 1250 fuerant
1298 1195 1366 1251 de
1388 1194 1570 1250 medio
1606 1196 1766 1261 tollit,
1785 1209 2100 1265 novumque

535 1281 703 1335 divini
761 1282 943 1338 cultus
1003 1298 1212 1338 morem
1245 1298 1342 1354 per
1370 1283 1605 1355 hymnos
1634 1298 1698 1339 ac
1743 1285 2099 1356 jubiiationes

533 1373 741 1429 invehit
772 1394 785 1429 :
821 1375 1036 1445 aliaque
1089 1376 1226 1431 bene
1277 1376 1447 1430 multa
1485 1376 1687 1449 Moysis
1739 1378 1912 1452 legem
1942 1378 2100 1450 longe

533 1468 847 1536 superantia
876 1483 971 1537 per
1001 1475 1175 1522 totum
1204 1483 1341 1539 opus
1366 1467 1578 1524 edocet.

778 1644 998 1700 Eusebii
1015 1644 1361 1701 Caesariensis
1387 1645 1451 1700 de
1472 1646 1848 1715 diapsalmate.

605 1736 914 1808 Diapsalma
956 1738 1300 1808 scripserunt
1349 1737 1676 1808 interpretes
1731 1737 1811 1791 illi
1852 1736 2095 1809 quinque

2198 551 2442 623 περιέχει
2470 553 2606 625 μετὰ
2623 555 2721 624 τὴν
2752 554 3025 616 Μωῦσέως
3057 551 3391 621 νομοθεσίαν,
3418 549 3511 605 καὶ
3537 550 3619 603 ὅτι
3642 548 3760 602 δευ-

2198 643 2329 713 τέρα
2359 645 2494 716 μετά
2521 646 2617 716 τὴν
2646 644 2913 709 Μωῦσέως
2937 644 3249 715 νομοθεσίαν
3274 642 3489 715 γραφὴν
3506 640 3760 696 διδασκα-

2197 734 2321 806 λική
2353 736 2530 805 βίϐλος
2558 735 2694 807 αῦτη
2720 738 2996 808 τυγχάνει.
3020 736 3174 791 Μετά
3201 734 3330 804 γοῦν
3362 734 3458 806 τὴν
3485 732 3761 795 Μωῦσέως

2198 828 2292 880 καὶ¹
2325 829 2496 899 Ἰησοῦ
2528 829 2780 901 τελευτὴν
2811 830 2903 883 καὶ
2942 828 3078 900 μετά
3102 828 3226 892 τοὺς
3254 825 3442 899 κριτὰς
3481 822 3640 879 Δαυῖδ
3669 841 3762 893 γε-

2198 919 2437 990 νόμενος,
2474 920 2672 975 ώσανεὶ
2702 919 2795 974 τοῦ
2825 921 3070 993 Σωτῆρος
3105 920 3264 983 αὐτὸς
3298 916 3629 990 χρηματίσαι
3660 933 3764 969 πα-

2199 1013 2303 1084 τὴρ
2335 1013 2708 1079 καταξιωθεὶς,
2744 1014 2927 1068 καινὸν
2958 1015 3157 1085 τρόπον
3191 1012 3281 1065 τὸν
3320 1013 3418 1082 τῆς
3447 1009 3762 1082 ψαλμῳδίας

2199 1104 2411 1177 πρῶτος
2445 1105 2712 1177 Ἑϐραίοις
2727 1106 3007 1179 παρέδωκε
3024 1122 3037 1136 ’
3061 1106 3126 1159 δι’
3141 1099 3207 1176 ἦς
3222 1105 3431 1175 ἀναιρεῖ
3457 1102 3534 1174 (Ι)
3576 1102 3672 1174 μὲν
3694 1101 3764 1155 τά

2198 1197 2350 1267 παρά
2374 1198 2580 1269 Μωῦσῇ
2614 1198 2740 1270 περὶ
2765 1198 2961 1252 θυσιῶν
2988 1195 3465 1268 νενομοθετημένα,
3494 1194 3679 1247 καινὸν
3706 1193 3763 1247 δὲ

2196 1287 2287 1340 τὸν
2302 1288 2367 1341 δι’
2390 1288 2571 1359 ὓμνων
2605 1290 2698 1342 καὶ
2710 1288 3037 1360 ἀλαλαγμῶν
3058 1288 3254 1359 τρόπον
3267 1287 3367 1359 τῆς
3390 1286 3483 1340 τοῦ
3509 1286 3644 1340 Θεοῦ
3671 1285 3766 1339 λα-

2195 1380 2380 1452 τρείας
2425 1382 2633 1450 εἰσάγει
2657 1400 2671 1413 ο
2703 1381 2797 1435 καὶ
2838 1380 2972 1436 ἄλλα
3002 1380 3059 1434 δὲ
3084 1379 3308 1433 πλεῖστα
3352 1376 3443 1432 τδν
3490 1377 3765 1439 Μωῦσέως

2196 1475 2356 1544 νόμον
2406 1472 2847 1544 ὲπαναϐεὸηκότα
2888 1471 2954 1526 δι’
2984 1472 3112 1545 ὅλης
3154 1472 3318 1526 αὐτοῦ
3365 1471 3464 1543 τῆς
3508 1486 3766 1542 πραγμα-

2202 1566 2349 1630 τείας
2379 1566 2639 1621 διδάσκει.

2265 1659 2558 1713 Εὑσεϐίου
2585 1658 2936 1727 Καισαρείας
2959 1655 3093 1725 περὶ
3117 1653 3222 1710 τοῦ
3257 1652 3685 1723 atati-rumne.

2270 1748 2553 1822 Ἔγραψαν
2598 1750 2660 1803 τὸ
2710 1748 2986 1819 διάψαλμα
3032 1749 3080 1801 oi
3131 1745 3561 1818 ἑρμηνεύσαντες
3606 1744 3769 1797 πέντε

532 1830 831 1903 principes,
880 1830 1030 1901 quia
1058 1828 1262 1885 Davide
1311 1844 1437 1901 rege
1469 1845 1537 1884 ex
1567 1828 1715 1885 tribu
1760 1828 1890 1884 Levi
1915 1828 2094 1884 allecti

2209 1842 2472 1913 ἱρχοντες,
2516 1840 2564 1894 οῖ
2597 1840 2900 1910 ἐξελέγοντο
2930 1839 3037 1893 ὑπὸ
3067 1837 3227 1892 Δαυῒδ
3270 1836 3363 1891 τοῦ
3409 1836 3668 1908 βασιλέως
3705 1838 3770 1890 ὲκ

531 1930 660 1979 sunt
696 1941 712 1989 ;
745 1938 1000 1993 'quorum
1030 1923 1147 1979 haec
1179 1923 1400 1978 nomina
1433 1938 1446 1974 :
1500 1922 1719 1992 Asapb,
1776 1920 1872 1978 ﬁlii
1932 1919 2094 1986 Core,

531 2014 1015 2081 Eman,£tham.
1047 2015 1281 2070 lditbum
1311 2036 1322 2072 :
1355 2015 1522 2072 hosce
1544 2023 1728 2072 certus
1756 2016 2097 2072 canticorum

533 2122 795 2163 numerus
824 2106 1282 2177 consequebatur,
1335 2106 1545 2163 scilicet
1573 2106 1823 2176 singulos
1880 2113 2098 2176 septua-

531 2198 682 2267 ginta
711 2195 843 2251 duo.
874 2195 942 2251 Ili
969 2196 1191 2252 stabant
1216 2197 1269 2251 in
1298 2203 1599 2267 conspectu
1640 2195 1941 2251 sanctuarii
1984 2194 2099 2249 Do-

529 2290 688 2355 mini,
745 2288 1031 2346 laudantes
1064 2288 1311 2345 omnium
1340 2287 1632 2343 Dominum
1666 2303 1681 2352 ;
1708 2285 1850 2341 alius
1878 2285 2101 2357 cymba-

530 2380 603 2443 la,
640 2379 782 2436 alius
833 2380 1179 2451 psalterium,
1216 2379 1359 2433 alius
1410 2378 1655 2449 cinyram
1685 2416 1701 2442 ,
1735 2376 1875 2431 alius
1912 2375 2099 2429 tubam

527 2484 809 2534 corneam,
843 2470 984 2526 alius
1012 2469 1282 2525 citharam
1305 2469 1544 2526 tenebat.
1568 2467 1811 2535 Quorum
1837 2467 1893 2524 in
1921 2466 2101 2522 medio

529 2563 712 2620 stabat
744 2562 933 2619 David.
968 2563 1189 2633 Hocque
1217 2570 1378 2633 pacto
1404 2562 1619 2618 cantica
1650 2561 2099 2633 auspicabantur,

528 2658 847 2728 huiusmodi
887 2657 1252 2712 instrumenta
1298 2656 1557 2711 manibus
1598 2663 1874 2711 tenentes.
1922 2654 2101 2725 Atque

529 2750 755 2822 singuli,
787 2748 995 2820 Spiritu
1023 2755 1213 2803 sancto
1242 2754 1518 2812 movente,
1547 2745 1716 2802 Deum
1763 2744 1983 2813 hymnis
2010 2760 2103 2801 ce—

525 2840 813 2896 iebrabant
839 2880 855 2904 ,
892 2854 1193 2909 omnesque
1242 2854 1352 2892 una
1404 2836 1660 2909 psallenti
1715 2835 2099 2900 succinebant,

528 2931 784 2986 Alletuia.
808 2930 1121 2985 Absistente
1155 2934 1336 2983 autem
1365 2927 1433 2982 ad
1483 2927 1649 2981 breve
1678 2932 1896 2995 tempus
1925 2922 2104 2995 Spiri-

527 3032 618 3079 tus
636 3021 813 3079 sancti
829 3021 1026 3092 gratia,
1043 3018 1267 3090 organis
1283 3018 1544 3089 deinceps
1562 3017 1932 3082 cessantibus,
1947 3024 2101 3085 tunc,

531 3120 613 3174 uti
646 3133 745 3189 par
762 3122 903 3178 erat,
938 3112 1244 3184 diapsaima
1273 3110 1609 3166 scribebant.

1112 3199 1434 3257 PSALMUS
1472 3200 1514 3257 l.

598 3299 766 3354 Vens.
796 3299 848 3353 1.
882 3298 1078 3353 Beatus
1104 3297 1181 3350 air
1197 3296 1286 3367 qui
1311 3310 1412 3349 non
1438 3293 1569 3347 abiit
1595 3294 1652 3349 in
1685 3295 2110 3365 consilioimpio-

533 3409 674 3448 rum.
738 3388 1189 3460 Quandoquidem
1250 3387 1336 3443 vel
1394 3387 1514 3457 ipso
1572 3394 1782 3443 natura:
1845 3387 2107 3444 instinctu

527 3501 722 3542 omnes
752 3482 1145 3540 beatitudinem
1178 3482 1516 3553 appetimus,
1575 3481 1706 3535 boni
1764 3480 1925 3535 tinem
1984 3489 2101 3535 sta-

529 3587 745 3635 tuentes
779 3576 1125 3642 felicitatem;
1179 3574 1477 3646 errareque
1523 3574 1722 3629 mentis
1765 3572 1916 3627 ducti
1960 3587 2113 3627 com-

530 3674 733 3744 plures,
768 3668 917 3726 illam
948 3667 1005 3724 in
1047 3667 1423 3739 voluptatibus
1454 3665 1733 3736 corporeis
1763 3663 2110 3734 quaerendam

532 3768 761 3836 putant,
803 3761 1044 3824 divitias,
1071 3760 1367 3829 dignitates
1389 3797 1406 3823 ,
1439 3757 1837 3827 praesentisque
1865 3754 1990 3809 vitae
2018 3769 2113 3807 vo-

534 3857 771 3926 luptates
814 3854 867 3909 in
920 3850 1096 3922 pretio
1129 3851 1423 3915 habentes;
1472 3848 1602 3902 hinc
1629 3848 1752 3916 jure
1784 3847 2110 3918 hymnorum

535 3947 603 4002 ad
635 3945 804 4001 Deum
833 3942 1163 3998 laudandum
1192 3940 1481 3997 exordium
1504 3938 1730 3994 ductum
1761 3945 1866 4004 est,
1894 3935 2116 3993 descri—

532 4037 796 4107 biturque
830 4032 1084 4106 quisnam
1127 4048 1254 4087 vere
1307 4031 1502 4086 beatus
1549 4030 1659 4093 sit,
1710 4035 1873 4099 atque
1909 4028 2113 4083 bonum

534 4129 695 4183 tinem
728 4144 758 4182 a
793 4125 901 4181 Deo
935 4132 1325 4195 consequatur.
1375 4121 1442 4175 Et
1473 4136 1606 4177 sane
1647 4119 1767 4184 hic,
1815 4118 1944 4189 quia
1989 4132 2115 4189 per-

533 4239 699 4295 quam
743 4220 853 4275 rari
896 4218 1114 4273 fuerant
1138 4217 1174 4271 ii
1207 4214 1301 4287 qui
1323 4215 1451 4269 olim
1482 4213 1650 4285 probe
1677 4212 1846 4266 vitam
1867 4218 2112 4280 egerant,

531 4330 708 4370 unum
762 4312 1071 4382 quempiam
1126 4309 1343 4362 beatum
1396 4303 1655 4376 praadicat
1699 4301 2009 4359 Psalmista.
2047 4301 2117 4355 At

532 4409 795 4465 Servator
824 4411 1010 4460 noster
1039 4402 1134 4473 qui
1184 4398 1495 4469 complures
1543 4397 1731 4452 beatos
1763 4392 1972 4458 eﬂ‘ecit,
2001 4394 2119 4465 plu-

2131 3170 2175 3228 c
2206 3117 2461 3190 ἔγραφον.

2196 1932 2297 2002 τῆς
2324 1931 2497 2002 φυλῆς
2520 1932 2669 1985 Λευῖ’
2699 1924 2773 1986 ὧν
2793 1930 2861 1985 τά
2888 1930 3127 1999 ὀνόματά
3146 1931 3252 1983 εισι
3281 1927 3472 1993 ταῦτα,
3508 1927 3695 1996 Ἀσάφ,
3717 1930 3767 1982 οε

2197 2024 2304 2076 υἱοὶ
2332 2024 2496 2096 Κορὲ,
2526 2024 2723 2095 Αίμάν,
2751 2023 2954 2094 Αίθάμ,
3001 2018 3258 2092 ’ίδιθούμο
3289 2019 3497 2084 τούτοις
3538 2018 3770 2093 ἀριθμὸς

2197 2116 2349 2187 ᾠδῶν
2379 2115 2795 2189 παρηκολούθει,
2824 2115 3039 2187 ἑκάστῳ
3076 2114 3440 2186 ἑδδομήκοντα
3462 2112 3573 2168 δύο.
3612 2106 3772 2167 Οὗτοι

2198 2209 2414 2262 ῖσταντο
2452 2206 2681 2263 ἐνώπιον
2722 2206 2815 2262 τοῦ
2851 2204 3189 2279 ἀγιάσματος
3232 2206 3457 2277 Κυρίου,
3497 2201 3772 2265 αἰνοῦντες

2199 2300 2289 2354 τὸν
2321 2300 2537 2354 πάντων
2555 2300 2819 2372 δεσπότην
2838 2340 2853 2365 ,
2882 2300 2942 2363 δς
2971 2298 3068 2371 μὲν
3098 2297 3165 2352 κύ
3173 2296 3373 2369 μδαλα,
3412 2296 3471 2360 ὃς
3496 2295 3551 2349 δὲ
3574 2294 3774 2365 ψαλτή-

2202 2410 2333 2466 ριον,
2375 2394 2434 2457 ὃς
2465 2393 2523 2447 δὲ
2556 2391 2811 2465 κινύραν,
2851 2391 2911 2455 ὃς
2932 2390 2991 2444 δὲ
3029 2389 3342 2461 κερατίνην,
3375 2387 3433 2453 ὃς
3464 2388 3520 2442 δὲ
3542 2387 3774 2458 κιθάραν

2199 2484 2357 2556 ἔχων,
2392 2477 2466 2537 ὧν
2503 2483 2663 2555 μέσος
2704 2483 2888 2537 ἵστατο
2918 2483 2949 2535 ό
2982 2480 3162 2534 Δαυῖδ.
3186 2481 3295 2534 Καὶ
3330 2479 3499 2542 οῦτως
3545 2479 3775 2550 ἤρχοντο

2199 2574 2308 2627 τῶν
2331 2572 2482 2644 ᾠδῶν
2524 2573 2849 2646 κρατοῦντες
2869 2572 2962 2626 ἐπὶ
2995 2575 3150 2642 χεῖρα
3177 2572 3245 2626 τὰ
3288 2570 3510 2625 τοιαῦτα
3537 2569 3770 2639 δργανα⁸

2201 2663 2297 2717 καὶ
2345 2663 2573 2727 ἕκαστος
2617 2662 2895 2735 Πνεύματι
2949 2663 3089 2734 ἀγίῳ
3126 2661 3441 2733 κινούμενος
3483 2659 3640 2733 ῦμνει
3684 2661 3775 2714 τὸν

2201 2754 2352 2819 Θεὸν,
2383 2755 2477 2809 καὶ
2504 2754 2703 2817 πάντες
2737 2754 3049 2825 ἐπεφώνουν
3076 2754 3154 2827 τῷ
3190 2754 3442 2825 ψάλλοντι
3470 2756 3532 2809 τὸ
3575 2755 3777 2823 Ἀλλη-

2201 2847 2397 2900 λούῖα.
2465 2844 2731 2915 Ὀπηνίκα
2781 2846 2838 2899 δὲ
2891 2846 2924 2917 ἡ
2976 2844 3068 2900 τοῦ
3116 2845 3429 2918 Πνεύματος
3474 2845 3566 2900 τοῦ
3620 2847 3773 2915 ἀγίου
3876 2916 3883 2928 ι

2203 2936 2417 3006 ἀπέστη
2457 2936 2619 3008 χάρις
2651 2935 2786 3008 πρὸς
2820 2935 3015 3008 βραχὺ,
3045 2935 3153 2989 τῶν
3192 2935 3437 3008 ὀργάνων
3476 2935 3659 2990 λοιπὸν
3700 2935 3775 3007 μὴ

2203 3027 2558 3099 κινουμένων,
2611 3027 2673 3081 τὺ
2728 3027 3026 3100 τηνικαῦτα
3078 3027 3225 3092 εἰκὸς
3266 3028 3359 3081 καὶ
3399 3028 3460 3082 τὸ
3499 3028 3778 3100 διάψαλμα

2798 3213 3090 3267 ΨΔΛΜΟΣ
3117 3217 3195 3267 Δ’.

2278 3302 2578 3373 Μακάριος
2614 3306 2647 3358 d
2677 3303 2833 3371 ἀνὴρ
2884 3304 2951 3369 ὃς
2994 3305 3104 3357 οὐκ
3144 3302 3433 3369 ἐπορεύθη
3475 3299 3547 3353 ἐν
3574 3297 3782 3368 ,βουλῇ

2210 3397 2463 3452 ἀσεϐῶν.
2505 3397 2657 3451 Ἐπεὶ
2689 3395 2934 3464 φυσικῶς
2971 3393 3275 3467 ὀρεγόμεθα
3307 3392 3505 3453 πάντες
3535 3389 3627 3442 τοῦ
3656 3407 3783 3469 μαι

2210 3492 2392 3563 κάριοι
2421 3486 2579 3553 εἶναι,
2613 3489 2767 3552 τέλος
2796 3488 3002 3555 ἀγαθοῦ
3045 3486 3105 3539 τὸ
3152 3485 3416 3556 μακάριον
3452 3480 3783 3553 ὁριζόμενοι,

2212 3579 2645 3649 πεπλανημένως
2674 3595 2737 3646 γε
2778 3578 2883 3649 μὴν
2921 3575 3104 3628 πολλοὶ
3144 3572 3301 3627 τοῦτο
3329 3572 3681 3644 μεταδιώκειν
3722 3573 3785 3626 ὲν

2214 3673 2480 3739 σωμάτων
2524 3667 2738 3738 ἡδοναῖς
2792 3664 3070 3738 ἡγοῦνται,
3102 3662 3363 3729 πλούτους
3415 3663 3786 3735 θαυμάζοντες

2213 3761 2306 3814 καὶ
2342 3758 2645 3829 ἀξιώματα,
2678 3758 2771 3811 καὶ⁸
2799 3757 2897 3821 τὰς
2927 3758 2985 3810 ὲν
3026 3755 3104 3827 τῷ
3138 3757 3366 3828 παρόντι
3396 3755 3494 3827 βίῳ
3536 3755 3745 3827 τρυφάς
3766 3772 3780 3785 ·

2213 3852 2438 3914 εἰκότως
2467 3851 2498 3903 ό
2534 3849 2689 3919 λόγος
2715 3851 2773 3905 ὲν
2800 3849 3009 3912 τούτοις
3032 3848 3154 3903 ὅθεν
3187 3850 3352 3921 ἐχρῆν
3377 3848 3475 3921 τὴν
3506 3847 3786 3919 καταρχὴν

2214 3948 2506 4017 ἐποιήσατο
2534 3946 2629 4017 τῆς
2660 3943 2803 3999 κατά
2831 3943 2962 3997 Θεὸν
2988 3942 3281 4014 ὑμνῳδίας,
3314 3942 3405 3996 τὸν
3439 3940 3652 4011 ἀληθῶς
3684 3957 3787 4011 μα-

2214 4036 2404 4109 κάριον
2437 4037 2531 4091 καὶ
2562 4035 2747 4099 τέλους
2775 4033 2979 4105 ἀγαθοῦ
3021 4033 3114 4087 τοῦ
3155 4032 3306 4105 παρὰ
3343 4032 3461 4103 Θεῷ
3489 4031 3788 4102 ἠξιωμένον

2215 4128 2572 4201 ὑπογράφων.
2607 4128 2717 4181 Καὶ
2751 4126 2938 4182 ἐνθάδε
2972 4127 3069 4199 μὲν
3104 4126 3193 4181 διὰ
3217 4125 3276 4179 τὸ
3311 4124 3535 4178 σπάνιον
3556 4124 3663 4176 τῶν
3692 4123 3791 4179 πά-

2216 4223 2306 4277 λαι
2335 4224 2599 4295 πρότερον
2656 4221 3063 4294 κατορθούντων
3108 4222 3205 4275 ἕνα
3246 4218 3369 4273 τινὰ
3399 4214 3689 4289 μακαρίζει
3711 4232 3724 4246 ·
3760 4218 3791 4269 ό

2216 4316 2275 4371 δὲ
2302 4315 2490 4389 Σωτὴρ
2520 4316 2679 4388 ἡμῶν
2708 4315 2960 4379 πλείονας
2991 4313 3158 4367 ποιῶν
3204 4310 3524 4382 μακαρίους,
3550 4305 3792 4378 πληθυν-

2215 4410 2381 4475 τικῶς
2421 4412 2547 4474 τοὺς
2600 4409 2978 4481 μακαρισμοὺς
3020 4402 3407 4477 προσφέρεται.
3464 4399 3688 4455 Πάντων
3733 4400 3793 4454 δὲ

535 4503 725 4557 raliter
781 4496 1147 4555 beatitudines
1194 4492 1419 4567 profert.
1486 4489 1706 4546 Primus
1762 4496 1942 4543 autem
2000 4487 2107 4558 ipse

2221 4506 2435 4578 πρῶτος
2464 4503 2625 4567 αὐτὸς
2666 4503 2732 4558 ἂν
2772 4501 2858 4572 εἴη
2887 4502 2916 4554 ό
2963 4495 3424 4569 μακαριζόμενοςο
3464 4493 3543 4547 διὸ
3570 4494 3664 4547 καὶ⁵
3704 4493 3792 4546 ἐπ’

533 4593 659 4664 jure
697 4593 913 4647 dicatur
950 4604 1139 4645 eorum
1171 4589 1261 4659 qui
1287 4586 1429 4643 beati
1482 4584 1867 4656 praedicantur.
1913 4580 2118 4647 Quam-

538 4684 727 4738 obrctu
784 4682 840 4736 in
890 4682 1040 4735 illum
1092 4678 1413 4734 referendus
1464 4676 1674 4746 primus
1714 4673 1960 4744 psalmus
2008 4676 2113 4736 est,

539 4783 728 4847 utpote
749 4774 841 4845 qui
867 4774 950 4826 vir
982 4772 1149 4828 fuerit
1178 4769 1437 4825 Ecclesia:
1492 4783 1708 4838 sponsae
1765 4780 1895 4821 suae.
1958 4762 2115 4829 Quod

538 4868 752 4925 videtur
807 4865 1075 4922 Hebraica
1125 4877 1259 4918 voce
1311 4858 1648 4931 signiﬁcari,
1695 4857 1850 4928 juxta
1916 4871 2116 4927 quam,

540 4960 739 5017 Beatus
770 4960 870 5023 vir,
900 4974 1025 5013 cum
1062 4954 1277 5010 articuli
1311 4952 1495 5008 addito
1527 4950 1734 5005 dictum
1765 4957 1870 5005 est.

615 5050 684 5108 Et
706 5053 758 5106 in
789 5053 875 5107 via
911 5058 1243 5121 peccatorum
1286 5063 1390 5100 non
1419 5045 1603 5112 stetit,
1663 5052 1713 5097 et
1760 5043 1817 5095 in
1873 5043 2122 5095 cathedra

542 5147 907 5218 pestiferorum
964 5160 1067 5198 non
1104 5140 1261 5197 sedit.
1301 5138 1472 5194 Primi
1526 5144 1655 5194 sunt
1708 5136 1802 5207 qui
1858 5134 2124 5188 falsone-

546 5240 749 5299 minata
777 5236 1087 5308 cognitione
1118 5232 1310 5289 imbuti
1345 5238 1472 5288 sunt
1499 5229 1576 5303 [id
1608 5236 1693 5286 est
1719 5224 1998 5300 gnostici],
2026 5226 2118 5296 qui

545 5330 683 5387 nihil
705 5328 920 5383 ﬁrmum
952 5326 1253 5396 stabileque
1275 5324 1504 5390 habent;
1544 5321 1637 5377 sed
1666 5336 1768 5391 pro
1795 5320 1968 5375 lnbito
1995 5332 2117 5380 suo,

546 5424 697 5480 nullo
717 5424 967 5479 examine
988 5418 1306 5491 ponderatis
1340 5415 1766 5487 cogitationibus
1793 5419 2081 5468 moventur
2099 5449 2117 5477 ,

548 5515 701 5587 impii
734 5513 1003 5570 homines.
1054 5509 1288 5567 Secundi
1324 5515 1452 5565 sunt
1494 5514 1763 5579 quotquot
1794 5513 1918 5577 post
1941 5502 2125 5574 cogni-

547 5609 750 5664 tionem
773 5603 1020 5661 veritatis
1048 5604 1102 5658 in
1132 5609 1354 5674 peccata
1405 5599 1672 5656 incidunt.
1726 5590 1895 5653 Tertii
1950 5595 2121 5667 pesti-

620 5703 697 5770 (i)
734 5700 793 5755 id
820 5709 924 5764 est,
944 5699 1011 5755 de
1032 5699 1211 5755 medio
1233 5699 1373 5754 tollit
1398 5697 1792 5770 sacriﬁciorum
1825 5696 1993 5770 leges,
2017 5707 2126 5746 non

550 5767 729 5831 rei'asa
749 5771 1035 5837 abolendo,
1066 5771 1161 5827 sed
1190 5768 1604 5829 orzenuntiando
1620 5767 1963 5836 abrogandas
1980 5780 2127 5823 esse.

2222 4596 2384 4652 αὐτὸν
2428 4596 2629 4650 ἀνοίσει
2663 4612 2745 4658 τις
2773 4594 2864 4647 τὸν
2896 4591 3135 4663 παρόντα
3159 4587 3392 4659 ψαλμὸν,
3435 4586 3530 4641 ἆτε
3564 4585 3792 4656 γενόμε-

2222 4707 2312 4742 νον
2339 4688 2508 4760 ἄνδρα
2539 4688 2636 4759 τῆς
2680 4685 2896 4757 νύμφης
2933 4679 3096 4737 αὑτοῦ
3143 4679 3466 4750 Ἐκκλησίας
3488 4696 3501 4709 ·
3549 4677 3706 4732 τοῦτο
3733 4676 3794 4730 δὲ

2222 4782 2397 4835 ἔοικεν
2507 4777 2767 4853 Ἐὁραῖκη
2793 4777 2944 4847 φωνὴ
2966 4775 3252 4847 παριστᾷν,
3275 4770 3395 4827 καθ’
3417 4772 3483 4843 ἢν
3510 4771 3586 4842 (2)
3606 4767 3797 4840 μακά-

2211 4893 2345 4945 ριος
2372 4877 2404 4927 ό
2429 4872 2582 4942 ἀνὴρ
2614 4872 2749 4943 μετὰ
2765 4870 2864 4941 τῆς
2884 4868 2974 4922 τοῦ
2998 4868 3197 4941 ἄρθρου
3220 4865 3537 4939 προσθήκης
3559 4861 3792 4933 εἴρηται.

2290 5033 2400 5085 Καὶ
2434 5032 2503 5084 ἐν
2527 5028 2645 5096 ὀδῷ
2676 5026 3039 5098 ἁμαρτωλῶν
3056 5028 3169 5080 οὐκ
3195 5025 3366 5092 ἔστη,
3402 5024 3498 5077 καὶ
3530 5019 3628 5074 ἐπὶ
3659 5022 3800 5074 καθ-

2225 5123 2408 5193 έδραν
2454 5121 2680 5193 λοιμῶν
2716 5123 2828 5174 οὐκ
2870 5118 3168 5173 ἐκάθισεν.
3217 5115 3430 5189 Πρῶτοι
3462 5115 3596 5166 εἰσιν
3621 5111 3672 5164 οἱ
3699 5110 3802 5181 τὴν

2221 5213 2569 5285 ψευδώνυμον
2607 5212 2820 5282 ἔχοντες
2846 5209 3068 5280 γνῶσιν,
3107 5208 3271 5281 μηδὲν
3313 5207 3524 5279 ἔχοντες
3551 5201 3800 5273 ἑστηκὸς,

2226 5307 2340 5362 ἀλλ’
2391 5306 2766 5373 άνεξετάστοις
2812 5304 3119 5377 κινούμενοι
3170 5302 3449 5372 λογισμοῖς
3500 5300 3559 5351 ὲν
3613 5289 3694 5359 οἷς
3735 5294 3815 5349 ἂν

2230 5401 2582 5473 βουληθῶσιν,
2632 5402 2681 5454 οἱ
2731 5400 2967 5464 ἀσεϐεῖς.
3022 5398 3275 5469 Δεύτεροι
3319 5392 3521 5454 πάντες
3563 5390 3614 5442 oi
3666 5386 3805 5458 μετά

2227 5495 2427 5568 γνῶσιν
2459 5493 2715 5566 ἀληθείας
2747 5490 3232 5563 ἐξαμαρτάνοντες.
3270 5487 3335 5539 Oi
3370 5484 3425 5537 δὲ
3469 5480 3648 5551 λοιμοὶ
3690 5478 3808 5548 τρε-

2226 5608 2332 5654 τοι,
2375 5590 2449 5661 μὴ
2501 5587 2660 5660 μόνον
2700 5585 3006 5649 νοσοῦντες,
3050 5580 3186 5636 ἀλλὰ
3229 5579 3325 5633 καὶ
3363 5570 3686 5647 φθοροποιοῦ
3729 5570 3809 5622 δι-

2272 5687 2385 5773 ’(2)
2425 5685 2482 5743 In
2518 5684 2788 5743 Hebraico
2842 5682 3042 5754 legitur
3084 5686 3242 5739 arma
3284 5672 3441 5746 quasi
3489 5670 3663 5735 dicas,
3715 5668 3811 5721 itte

2234 5778 2333 5817 tur.
