4042 6210
388 294 453 346 77
1535 288 2033 347 COMMEMARIA
2078 287 2144 335 uv
2183 286 2518 351 PQAIMOS.
3529 285 3595 341 73

381 406 682 470 δασκαλίας
712 404 1079 476 μεταδιδόντες
1099 406 1208 469 τοῖς
1245 404 1441 469 ἄλλοις,
1471 405 1504 474 ἦ
1542 405 1689 457 κατά
1731 406 1923 468 γνῶσιν

2033 409 2132 455 teri
2162 403 2431 464 homines,
2472 401 2565 469 qui
2614 412 2723 453 non
2756 409 2917 453 moon
2953 394 3273 467 azgritudine
3310 395 3591 460 laborant;

383 498 416 570 ἢ
444 497 583 552 κατὰ
623 494 841 567 πρᾶξιν,
870 496 902 566 ἢ
933 497 1047 549 κατ’
1086 494 1365 565 ἀμφότερα
1391 510 1401 520 ’
1440 493 1489 546 οἳ
1521 493 1613 546 καὶ
1640 491 1934 563 ὲνίδρυνται

350 586 460 658 λτῷ
510 585 685 657 κακῷ,
730 585 837 639 τῶν
875 585 1133 656 δευτέρων
1170 584 1472 654 ἑστηκότων
1515 585 1573 636 ὲν
1622 581 1933 654 ἁμαρτίαις,

382 678 490 731 τῶν
526 676 584 730 δὲ
616 676 844 747 πρώτων
882 676 1168 729 ὁδευόντων
1201 679 1258 729 ὲν
1291 676 1486 750 πλάνῃ.
1534 677 1590 729 Ὀ
1622 676 1679 730 δὲ
1723 677 1935 729 πάντων

382 767 584 822 τούτων
606 766 1013 838 ἀπηλλαγμένος
1039 766 1323 837 μακάριος.

2041 491 2137 547 sed
2173 497 2426 560 corrupta
2458 490 2705 545 doctrina
2750 490 2886 545 alios
2935 489 3213 557 imbuunt;
3246 488 3360 543 sive
3402 504 3597 544 secun-

2041 580 2170 635 dum
2197 580 2582 650 cognitionem,
2618 579 2731 637 sive
2760 579 3057 635 secundum
3077 580 3467 650 operationem,
3484 579 3597 634 sive

2041 670 2340 727 secundum
2380 678 2666 739 utramque
2702 688 2715 723 :
2756 669 2848 739 qui
2882 669 3089 724 scilicet
3121 671 3176 723 in
3205 668 3345 722 malo
3377 668 3597 721 ﬁrman-

2039 769 2152 823 tur,
2188 758 2319 813 dum
2345 758 2570 813 secundi
2608 757 2663 811 in
2686 759 2923 827 peccatis
2954 765 3323 828 perseverant,
3356 766 3408 813 et
3436 758 3597 828 primi

386 864 443 917 in
478 861 678 916 erroris
708 860 791 912 via
834 858 1174 929 gradiuntur.
1218 858 1320 925 Qui
1354 866 1531 913 autem
1573 858 1824 914 omnibus
1864 855 1932 911 iis
1964 854 2227 910 liberatus
2272 858 2327 906 et
2353 864 2561 905 vacuus
2605 858 2689 904 est
2725 850 2917 904 beatus
2956 850 3171 906 dicitur.

467 952 624 1009 Ἀλλ’
652 951 689 1021 ἢ
721 951 793 1004 ἐν
819 950 899 1016 τῷ
928 952 1087 1020 νόμῳ
1116 952 1335 1019 Κυρίου
1374 952 1439 1005 τὸ
1472 953 1697 1022 θέλημα
1728 952 1934 1017 αὑτοῦ,

381 1044 479 1100 καὶ
499 1043 568 1095 ἐν
593 1039 671 1106 τῷ
695 1040 855 1108 νόμῳ
883 1040 1067 1094 αὑτοῦ
1099 1040 1419 1110 μελετήσει
1450 1041 1672 1111 ἡμέρας
1699 1043 1795 1096 καὶ
1828 1060 1934 1096 νυ-

380 1136 535 1200 κτός.
584 1123 801 1198 Ἐπειδὴ
833 1131 999 1202 πολλή
1032 1131 1115 1196 τίς
1148 1134 1261 1186 ἐστι
1285 1132 1516 1204 διαφορὰ
1541 1132 1648 1187 τῶν
1685 1134 1832 1205 φόϐῳ
1854 1152 1935 1187 τι-

379 1222 597 1295 μωριῶν
625 1219 683 1277 εὖ
711 1222 965 1293 πράττειν
993 1223 1521 1293 κατηναγκασμένων
1550 1222 1641 1277 καὶ
1666 1224 1771 1276 τῶν
1798 1240 1932 1294 προ-

365 1316 579 1386 ξαιρέσει
617 1314 747 1368 αὐτὸ
779 1314 839 1367 τὺ
866 1314 1028 1367 καλὸν
1060 1313 1418 1386 αἱρουμένων,
1458 1313 1545 1368 διὰ
1575 1314 1728 1367 τοῦτό
1765 1330 1927 1386 φησι·

386 1401 480 1454 Ἐν
504 1399 584 1465 τῷ
615 1400 775 1469 νόμῳ
805 1402 1024 1468 Κυρίου
1050 1402 1279 1471 θέλημα
1318 1403 1522 1457 αὐτοῦ.
1548 1404 1727 1474 Νόμου
1750 1403 1806 1456 δέ
1839 1420 1935 1473 φη-

374 1506 461 1544 σιν
505 1489 565 1543 ού
599 1490 814 1555 πάντως
844 1490 934 1545 τὸν
973 1491 1169 1563 σκιώδη
1204 1492 1296 1546 καὶ
1323 1492 1547 1546 τυπικὺν
1583 1492 1761 1563 νόμον,
1799 1492 1932 1547 πολὺ

372 1578 430 1632 δὲ
453 1580 711 1651 πρότερον
732 1581 821 1633 τὸν
842 1582 900 1634 ὲν
926 1582 1072 1652 αὐτῷ
1096 1582 1355 1654 λεληθότα
1378 1584 1739 1654 πνευματικὸν
1756 1584 1928 1653 λόγον.

373 1670 474 1740 Εἴη
498 1670 542 1723 δ’
576 1670 640 1724 ἂν
670 1671 832 1742 νόμος
863 1673 1065 1744 Κυρίου
1108 1674 1202 1728 καὶ
1237 1676 1265 1727 6
1298 1674 1436 1728 κατά
1465 1676 1622 1744 φύσιν
1653 1678 1815 1729 πᾶσιν
1842 1677 1934 1729 ἀν-

373 1761 608 1834 θρώποις
641 1750 1059 1835 ὲνεσπαρμένος,
1102 1765 1168 1819 δι’
1198 1758 1258 1819 οὗ
1312 1766 1648 1839 κατορθῶσαι
1691 1767 1932 1837 λέγονται

371 1856 422 1909 οἱ
461 1855 567 1925 πρὸ
592 1853 685 1907 τοῦ
715 1855 801 1909 διά
847 1854 1113 1921 Μωῦσέως
1153 1858 1312 1929 νόμου
1358 1858 1535 1927 ἀγιοι⁸
1571 1860 1699 1930 περὶ
1724 1853 1798 1913 ὧν
1830 1879 1934 1933 φη-

2110 944 2277 1000 Vsns.
2306 943 2360 998 2.
2403 943 2506 999 Sed
2560 944 2615 996 in
2667 943 2770 1013 'ege
2797 942 3010 999 Domini
3034 944 3273 998 voluntas
3301 943 3434 1012 ejus,
3467 953 3515 998 et
3542 944 3597 997 in

2040 1037 2146 1107 lege
2180 1037 2294 1099 eius
2346 1034 2683 1089 meditabitur
2731 1034 2815 1089 die
2865 1052 2927 1088 ac
2977 1045 3140 1089 nocte.
3191 1034 3327 1103 Quia
3365 1036 3596 1090 multum
3652 1068 3658 1074 -

2038 1126 2374 1182 discriminis
2401 1134 2487 1182 est
2519 1127 2661 1181 inter
2688 1141 2784 1181 eos
2813 1126 2905 1196 qui
2936 1134 3079 1182 metu
3114 1127 3364 1198 supplicii
3403 1143 3595 1182 neces-

2038 1220 2306 1288 sitateque
2336 1218 2512 1273 coacti
2558 1219 2696 1273 bene
2738 1228 2942 1288 agunt,
2986 1233 3038 1273 et
3082 1234 3177 1274 e0s
3221 1220 3313 1289 qui
3364 1220 3595 1290 propria

2037 1312 2331 1367 voluntatis
2392 1311 2601 1367 delectu
2653 1309 2718 1363 ad
2754 1310 2956 1364 bonum
3005 1324 3063 1364 se
3109 1309 3429 1377 conferunt,
3473 1309 3594 1366 ideo

2038 1406 2151 1461 ait:
2191 1404 2257 1459 In
2304 1406 2409 1476 lege
2459 1403 2672 1457 Domini
2716 1402 2957 1456 voluntas
2997 1400 3130 1470 ejus.
3187 1399 3383 1472 Legem
3415 1409 3592 1456 autem

2037 1496 2189 1561 dicit,
2218 1511 2329 1551 non
2357 1495 2701 1551 umbratilem
2730 1494 2877 1548 illam
2918 1499 2973 1547 et
3011 1492 3294 1563 ﬁguratam
3315 1533 3331 1558 ,
3362 1492 3458 1549 sed
3500 1509 3592 1563 po-

2036 1590 2146 1644 tius
2179 1589 2457 1659 spirituale
2483 1587 2709 1643 verbum
2751 1586 2807 1640 in
2845 1601 2911 1641 ea
2943 1587 3117 1640 latens
3158 1593 3213 1640 et
3258 1585 3592 1641 obvolutum.

2039 1679 2222 1736 Fuerit
2251 1681 2413 1735 etiam
2459 1678 2691 1734 fortasse
2736 1678 2820 1732 lex
2856 1677 3067 1733 Domini
3104 1692 3168 1731 ea
3199 1693 3319 1748 qua:
3343 1678 3595 1732 omnibus

2037 1771 2348 1831 hominibus
2371 1772 2439 1826 ab
2466 1772 2584 1841 ipsa
2612 1781 2805 1825 natura
2846 1768 3009 1823 insita
3050 1777 3165 1834 est;
3200 1783 3307 1838 qua
3345 1769 3482 1824 duce
3511 1768 3595 1822 di-

2037 1871 2237 1919 cuntur
2265 1863 2431 1935 probe
2464 1862 2665 1918 vixisse
2704 1861 2876 1916 sancti
2904 1861 2996 1930 qui
3031 1870 3155 1915 ante
3182 1859 3383 1931 Moysis
3422 1859 3591 1926 legem

374 1962 459 1999 σιν
486 1947 515 1998 6
566 1946 912 2010 Ἀπόστολος·
964 1949 1138 2003 Ὅταν
1180 1951 1291 2020 γὰρ
1335 1952 1477 2020 ἔθνη
1522 1954 1595 2007 τὰ
1627 1953 1713 2022 μὴ
1745 1931 1923 2024 νόμον

2034 1931 2288 2015 fuerunt;
2318 1957 2385 2013 de
2406 1957 2603 2027 quibus
2628 1956 2703 2010 ait
2727 1955 3051 2025 Apostolus:
3073 1952 3204 2009 Cum
3231 1955 3590 2023 enim‘gentcs,

370 2037 608 2106 ἔχοντα,
654 2037 744 2091 τὸν
786 2039 1025 2111 γραπτὸν
1069 2040 1328 2112 δηλονότι,
1370 2044 1551 2112 φύσει
1582 2045 1653 2100 τὰ
1693 2044 1798 2099 τοῦ
1827 2047 1929 2100 νό-

365 2145 485 2197 μου
524 2126 687 2196 ποιῇ,
719 2126 899 2195 οὗτοι,
933 2132 1119 2200 νόμον
1135 2131 1221 2201 μὴ
1247 2132 1509 2203 ἔχοντες,
1543 2135 1775 2201 ἑαυτοῖς
1812 2138 1930 2190 εἱσι

365 2220 568 2289 νόμος.
605 2222 675 2274 Ἦ
719 2222 880 2294 νόμος
924 2223 1125 2295 Κυρίου
1167 2226 1253 2296 εἴη
1298 2225 1363 2279 ἂν
1404 2227 1433 2279 6
1464 2226 1600 2298 πρὸς
1638 2227 1801 2280 αὐτοῦ
1833 2226 1928 2281 τοῦ

369 2310 572 2382 Κυρίου
602 2313 695 2366 καὶ
729 2313 979 2384 Σωτῆρος
1019 2314 1174 2385 ἡμῶν
1215 2317 1345 2369 πᾶσι
1381 2319 1493 2379 τοῖς
1518 2315 1692 2371 ἔθνεσι
1726 2335 1930 2389 κατηγ-

367 2401 624 2472 γελμένος
644 2403 991 2472 εύαγγελικὸς
1017 2405 1192 2475 λόγος.

436 2494 544 2549 Kal
572 2495 744 2550 ἔσται
765 2497 844 2563 ὡς
871 2496 937 2549 τὸ
977 2497 1168 2562 ξύλον
1204 2497 1270 2553 τὸ
1300 2500 1745 2570 πεφυτευμένον
1771 2503 1930 2571 παρὰ

365 2585 473 2653 τὰς
502 2586 808 2655 διεξόδους
833 2587 953 2642 τῶν
983 2588 1235 2655 ὑδάτων,
1270 2589 1302 2643 6
1333 2591 1441 2644 τὸν
1478 2592 1713 2661 καρπὸν
1740 2594 1927 2648 αὐτοῦ

365 2678 543 2734 δώσει
573 2681 643 2735 ἐν
680 2680 861 2750 καιρῷ
895 2680 1100 2736 αὐτοῦ.
1148 2682 1204 2736 '0
1250 2683 1339 2736 διά
1384 2684 1564 2756 πάσης
1601 2685 1701 2754 τῆς
1734 2686 1926 2740 ἑαυτοῦ

365 2771 511 2842 ζωῆς
549 2774 642 2827 καὶ
684 2775 740 2827 ἐν
778 2776 939 2828 παντὶ
966 2775 1144 2848 καιρῷ
1174 2776 1367 2840 νυκτός
1403 2794 1462 2829 τε
1494 2777 1589 2831 καὶ
1616 2776 1824 2849 ἡμέρας
1848 2777 1928 2845 τῷ

364 2863 495 2935 θείῳ
521 2865 790 2936 σχολάζων
820 2867 987 2938 νόμῳ,
1022 2869 1115 2921 καὶ
1141 2871 1251 2932 τοῖς
1277 2867 1337 2933 ἐξ
1358 2867 1521 2922 αὑτοῦ
1555 2868 1793 2939 λογικοῖς
1832 2871 1927 2925 νά-

370 2972 534 3025 μασιν
562 2957 871 3030 ἀρδόμενος,
902 2959 1107 3031 σφόδρα
1143 2961 1357 3025 οἰκείως
1387 2961 1537 3034 φυτῷ
1569 2965 1699 3035 παρ’
1742 2962 1926 3017 ὕδασιν

366 3047 717 3118 ιρῤιζωμένῳ
763 3049 1205 3121 παραϐέϐληται·
1256 3051 1336 3105 διὸ
1389 3054 1486 3107 καὶ
1538 3054 1802 3125 μακάριος
1851 3054 1927 3118 ὡς

365 3137 583 3208 ἀληθῶς
625 3135 797 3205 οὗτος,
830 3142 923 3195 ἅτε
967 3143 1198 3213 μάλιστα
1229 3144 1575 3216 ποτιζόμενος
1612 3150 1723 3210 τοῖς
1764 3146 1926 3211 θείοις

2031 2067 2147 2122 quas
2173 2047 2339 2120 legem
2390 2064 2490 2102 non
2524 2046 2750 2113 habent,
2791 2045 3048 2115 scriptam
3073 2042 3344 2110 videlicet,
3373 2050 3591 2096 natura-

2032 2143 2152 2198 liter
2178 2160 2240 2198 ea
2260 2158 2377 2213 quae
2406 2141 2533 2213 legis
2567 2148 2688 2196 sunt
2730 2139 2931 2209 faciunt
2955 2178 2971 2204 ,
3019 2135 3278 2205 ejusmodi
3303 2135 3460 2206 legem
3489 2151 3591 2187 non

2028 2232 2291 2296 habentes,
2325 2231 2425 2297 ipsi
2461 2227 2561 2284 sibi
2592 2237 2715 2282 sunt
2755 2229 2837 2281 lea:
2873 2228 2934 2279 ι’.
2976 2225 3082 2279 Aut
3124 2226 3210 2281 lex
3242 2223 3455 2278 Domini
3485 2223 3590 2276 fue-

2028 2324 2100 2379 rit
2122 2324 2492 2394 evangelicum
2525 2320 2773 2383 verbum,
2797 2320 2865 2373 ab
2899 2318 3016 2388 ipso
3050 2315 3282 2370 Domino
3318 2322 3373 2370 et
3410 2312 3569 2369 Salva

2028 2427 2145 2475 tore
2169 2426 2355 2473 nostro
2382 2418 2636 2472 omnbus
2662 2413 2911 2488 gantibus
2945 2412 3361 2487 annuntiatum,

2096 2508 2263 2566 Vens.
2316 2509 2372 2564 5.
2418 2508 2484 2563 Et
2533 2510 2632 2564 erit
2671 2517 2920 2578 tanquam
2962 2506 3161 2576 lignum
3205 2502 3343 2575 quod
3389 2502 3571 2573 planta

2028 2611 2137 2655 tum
2156 2610 2233 2655 est
2255 2616 2402 2656 secus
2431 2600 2680 2654 decursus
2707 2614 2985 2669 aquarum,
3011 2595 3151 2666 quod
3180 2595 3411 2665 fructum
3439 2610 3589 2648 suum

2027 2691 2177 2746 dabit
2227 2694 2283 2747 in
2315 2701 2540 2759 tempore
2567 2706 2683 2744 suo.
2721 2686 2823 2755 Qui
2873 2701 2969 2757 per
3013 2694 3181 2740 totam
3226 2685 3394 2739 vitam
3435 2700 3589 2738 suam

2027 2784 2283 2854 omnique
2315 2791 2557 2852 tempore
2601 2786 2761 2834 nocte
2804 2793 2868 2833 ac
2901 2777 2990 2833 die
3038 2776 3235 2831 divinae
3263 2774 3368 2847 legi
3395 2784 3589 2837 vacat,

2026 2886 2081 2932 et
2109 2877 2257 2931 rivis.
2294 2889 2361 2930 ex
2397 2886 2460 2928 eo
2496 2870 2822 2936 ﬂuentibus,
2877 2867 3250 2940 spiritualibus
3296 2867 3584 2938 irrigatur,

2028 2965 2315 3021 admodum
2351 2964 2599 3036 apposite
2640 2962 2826 3034 ligno,
2873 2963 3033 3030 cujus
3082 2960 3294 3016 radices
3346 2959 3589 3031 proxime

2027 3072 2198 3128 aquas
2230 3057 2417 3123 posita:
2451 3063 2599 3123 sunt,
2629 3064 2995 3127 comparatur.
3029 3052 3367 3124 Quapropter
3399 3067 3585 3107 revera

2029 3150 2217 3205 beatus
2244 3148 2333 3204 ille
2361 3190 2375 3214 ,
2407 3155 2592 3218 utpote
2632 3147 2727 3218 qui
2774 3146 2973 3201 divinis
3017 3152 3178 3216 potus
3222 3144 3588 3215 irrigatusque

367 3229 706 3320 μαθήμασιν,
741 3231 946 3302 ὧριμον
984 3234 1175 3287 ἑαυτοῦ
1210 3236 1299 3289 τὸν
1338 3237 1547 3307 καρπὸν
1589 3238 1920 3292 ἀποδίδωσιν.

2027 3238 2347 3311 disciplinis,
2374 3254 2533 3295 suum
2564 3246 2869 3309 opportuno
2908 3243 3148 3308 tempore
3183 3236 3419 3292 fructum
3448 3251 3587 3306 pra:-

363 3317 478 3374 Εἶτ’
512 3323 695 3381 ἐπειδὴ
738 3322 889 3390 ξύλον
923 3326 1040 3379 ἐστὶ
1079 3324 1222 3398 ζωῆς
1256 3328 1285 3380 6
1328 3326 1423 3381 τοῦ
1467 3327 1602 3382 Θεοῦ
1647 3329 1772 3394 Υἱὸς
1788 3331 1926 3384 κατά

360 3413 453 3469 τὸν
500 3415 815 3487 Σολομῶντα
863 3420 1108 3490 φήσαντα
1159 3420 1283 3491 περὶ
1313 3420 1416 3491 τῆς
1460 3421 1687 3491 Σοφίας·
1727 3422 1926 3477 Ξύλον

359 3504 496 3559 ἐστὶ
537 3505 686 3575 ζωῆς
721 3506 870 3563 πᾶσι
893 3509 1017 3575 τοῖς
1042 3510 1457 3580 ἀντεχομένοις
1480 3512 1668 3582 αὐτῆς
1690 3513 1783 3568 καὶ
1813 3517 1925 3578 τοῖς

360 3594 794 3669 ὲπερειδομένοις
812 3601 898 3652 ἐπ’
921 3602 1089 3674 αὐτὴν
1108 3603 1183 3666 ὡς
1202 3603 1503 3676 ὲπὶΚύριον
1527 3605 1736 3678 ἀσφαλῆ
1760 3607 1883 3677 (sic)
1904 3624 1919 3638 ο

361 3689 583 3754 εἰκότως
612 3692 640 3744 6
672 3693 1102 3766 μακαριζόμενος
1130 3694 1205 3766 τῷ
1229 3694 1323 3748 τοῦ
1348 3694 1482 3750 Θεοῦ
1510 3696 1624 3769 Υἱῷ
1644 3699 1924 3769 ἀφωμοίω-

361 3798 450 3834 ται
487 3781 565 3853 τῷ
593 3782 743 3854 παρά
774 3783 873 3849 τὰς
903 3784 1162 3850 διεξόδους
1196 3786 1308 3839 ὄντι
1353 3789 1459 3841 τῶν
1487 3789 1691 3843 ὑδάτων
1720 3807 1922 3862 μαρτυ-

365 3872 621 3945 ρούμενος
652 3875 745 3927 καὶ
769 3877 1162 3948 κηρυττόμενος
1195 3877 1301 3931 ὑπὸ
1325 3878 1433 3932 τῶν
1459 3879 1559 3951 τῆς
1599 3879 1746 3943 θείας
1784 3881 1921 3953 Γρα-

363 3964 468 4035 φῆς
492 3963 820 4020 διδασκάλων
852 3967 945 4020 καὶ
974 3969 1293 4040 προφητῶν*
1328 3970 1523 4035 οἵτινες
1566 3971 1659 4024 καὶ
1700 3971 1920 4040 ἀφέσεις

364 4050 568 4106 ὑδάτων
590 4053 740 4126 παρά
763 4056 829 4126 τῇ
860 4053 1197 4127 θεοπνεύστῳ
1221 4057 1468 4127 λέγονται
1492 4060 1679 4131 Γραφῇ
1696 4101 1710 4114 .
1735 4061 1920 4131 Τούτῳ

358 4137 453 4196 οὖν
489 4145 838 4216 ἀφωμοίωται
882 4148 911 4200 6
951 4148 1399 4220 μακαριζόμενος,
1431 4151 1722 4223 ἀρδόμενος
1755 4152 1921 4217 διεξό-

357 4232 470 4299 δοις
497 4234 604 4289 τῶν
637 4236 747 4289 ἀπὸ
774 4236 873 4307 τῆς
901 4235 1049 4302 θείας
1077 4238 1297 4309 Γραφῆς
1339 4242 1717 4313 πνευματικῶν
1743 4243 1917 4315 ναμά-

358 4342 488 4389 των,
517 4327 725 4399 καρπόν
752 4343 811 4380 τε
837 4326 1039 4395 ἀγαθὸν
1064 4329 1368 4401 προφέρων.
1680 4336 1689 4343 ’

431 4499 538 4552 Kal
584 4500 649 4553 τὸ
677 4502 918 4570 φύλλον
949 4502 1136 4557 αὐτοῦ
1161 4504 1271 4557 οὐκ
1315 4505 1775 4573 ἁπορῤυήσεται,
1817 4507 1918 4561 καὶ

2025 3331 2170 3388 beat.
2224 3331 2490 3401 Deinceps
2544 3331 2672 3402 quia
2727 3328 2821 3384 Dei
2872 3327 3044 3383 Filius
3079 3329 3280 3401 lignum
3333 3328 3458 3381 vitae
3504 3336 3588 3382 est

2018 3424 2173 3494 juxta
2223 3421 2568 3479 Salomouem
2621 3421 2714 3493 qui
2771 3422 2841 3477 de
2891 3421 3164 3492 Sapientia
3220 3419 3349 3473 talia
3396 3417 3581 3473 fatur:

2022 3514 2246 3586 Lignum
2284 3515 2402 3569 vitae
2432 3522 2510 3569 est
2561 3513 2642 3568 liis
2692 3513 2782 3583 qui
2826 3510 3252 3581 apprehenderint
3283 3525 3399 3565 eam
3424 3511 3480 3572 ',
3531 3516 3586 3560 ct

2020 3604 2115 3675 qui
2157 3618 2257 3669 ea,
2326 3602 2441 3658 sive
2489 3602 2609 3673 ipso
2650 3599 2898 3668 Domino,
2956 3599 3068 3654 nixi
3120 3597 3350 3661 fuerint,
3392 3610 3583 3651 secure

2021 3693 2255 3764 degunt;
2308 3692 2435 3761 jure
2499 3706 2566 3746 ac
2620 3689 2815 3744 merito
2859 3688 2952 3761 qui
2996 3688 3187 3743 beatus
3225 3687 3580 3757 pra-dicatur,

2019 3782 2158 3840 Filio
2178 3782 2274 3839 Dei
2309 3783 2502 3839 similis
2536 3781 2769 3848 dicitur,
2805 3782 2898 3851 qui
2933 3793 3092 3835 secus
3124 3779 3388 3834 decursus
3416 3792 3582 3846 aqua-

2019 3892 2141 3932 rum
2173 3876 2311 3932 situs
2351 3882 2470 3938 est,
2519 3874 2720 3945 quique
2755 3871 3066 3927 testimonio
3096 3886 3159 3926 ac
3204 3870 3584 3942 praedicatione

2018 3969 2297 4025 doctorum
2337 3966 2535 4022 divinae
2576 3964 2899 4035 Scriptum,
2952 3978 3016 4018 ac
3070 3963 3450 4035 prophetarum
3484 3975 3583 4014 an-

2017 4061 2338 4115 nuntiatur:
2373 4073 2497 4113 nam
2555 4057 2591 4110 ii
2641 4055 2964 4112 emissiones
3025 4069 3287 4125 aquarum
3336 4053 3391 4107 in
3434 4051 3582 4107 Scri-

2018 4158 2176 4221 ptura
2211 4148 2392 4203 divina
2430 4147 2786 4218 appellantur.
2827 4144 2964 4199 Huic
3011 4145 3191 4215 itaque
3231 4151 3579 4213 comparatur

2016 4244 2110 4315 qui
2156 4243 2345 4298 beatus
2382 4241 2579 4297 dicitur
2600 4280 2616 4303 ,
2649 4242 2906 4311 irrigatus
2941 4238 3157 4292 ﬂuentis
3192 4237 3430 4290 rivorum
3468 4236 3579 4303 spi-

2016 4334 2292 4389 ritualium
2348 4348 2379 4387 a
2428 4332 2712 4401 Scriptura
2745 4343 2901 4384 sacra
2951 4327 3320 4395 manantium,
3368 4330 3422 4376 et
3466 4320 3579 4375 fru—

2016 4429 2160 4474 ctum
2196 4419 2476 4490 prol'erens
2505 4420 2727 4473 bonum.

2088 4511 2158 4565 Et
2187 4513 2373 4580 folium
2401 4512 2514 4572 eius
2560 4527 2666 4565 non
2704 4509 2898 4578 deﬂuet
2919 4547 2933 4571 ,
2986 4518 3034 4560 et
3065 4506 3237 4560 omnia
3265 4519 3578 4575 quacunque

361 4585 558 4642 πάντα
602 4589 717 4644 ὅσα
768 4590 846 4645 ἂν
892 4593 1035 4660 ποιῇ
1084 4593 1644 4660 κατευοδωθήσεται.
1698 4598 1805 4651 Καὶ
1858 4597 1915 4651 ιὰ

2025 4604 2177 4673 faciet
2198 4600 2663 4671 prosperabuntur.
2694 4598 2760 4651 Et
2786 4597 2915 4652 folia
2943 4595 3083 4666 ejus,
3115 4602 3175 4648 ut
3207 4595 3348 4648 alius
3375 4593 3572 4663 inquit,

360 4677 534 4747 φύλλα
564 4679 621 4733 δὲ
665 4682 850 4747 αὐτοῦ,
884 4683 960 4748 ὡς
991 4684 1148 4749 ἄλλος
1179 4684 1363 4757 φησὶν,
1398 4684 1562 4757 ἔτερα
1601 4686 1729 4742 ὄντα
1767 4690 1916 4761 παρά

358 4767 456 4822 τὸν
485 4768 683 4825 τέλειον
704 4774 933 4845 καρπὸν,
968 4773 1038 4828 τά
1064 4774 1204 4829 κατά
1245 4774 1336 4830 τὸν
1365 4776 1554 4847 θνητὸν
1583 4777 1780 4851 δηλαδὴ
1805 4780 1915 4851 βίον

358 4859 676 4929 πράγματα,
705 4864 771 4916 τά
814 4880 872 4917 τε
904 4864 1046 4918 κατά
1069 4863 1167 4937 τὴν
1200 4864 1544 4939 ἀνθρωπίνην
1594 4867 1757 4940 ζωὴν,
1794 4871 1913 4924 καθ’

354 4948 422 5021 ἢν
451 4950 545 5003 καὶ
570 4950 600 5002 6
621 4949 821 5014 τέλειος
837 4955 1044 5025 καρπὸς
1070 4956 1358 5009 σκέπτεταί
1388 4974 1448 5010 τε
1472 4957 1567 5011 καὶ
1593 4959 1913 5027 φυλάττεται

354 5041 448 5095 καὶ
477 5041 577 5094 οὐκ
620 5042 867 5114 ἀπορρεῖ,
905 5045 1063 5116 μέχρι
1106 5047 1200 5101 καὶ
1239 5047 1442 5103 τούτων
1480 5049 1722 5119 ἀκριϐῶς
1763 5051 1910 5122 βιοῦν

354 5134 905 5206 παραφυλαττομένου
926 5154 940 5168 ’
967 5138 1047 5192 διὸ
1068 5140 1162 5193 καὶ
1183 5141 1241 5196 ἐν
1269 5143 1433 5196 πᾶσιν
1459 5137 1541 5207 οἷς
1567 5143 1633 5198 ἂν
1657 5149 1779 5218 ποιῇ
1806 5147 1910 5201 ὑπὸ

349 5223 444 5278 τοῦ
481 5225 615 5281 Θεοῦ
660 5228 1172 5301 κατευοόωθήσεται.
1216 5233 1327 5287 Καὶ
1369 5234 1540 5298 άλλως
1582 5235 1611 5287 6
1645 5238 1910 5309 μακάριος

342 5316 431 5371 διά
468 5318 667 5383 παντὸς
709 5318 1000 5391 ἀρδόμενος
1039 5320 1191 5376 ὕδασι
1219 5323 1453 5393 λογικοῖς
1481 5327 1581 5400 τῆς
1612 5326 1792 5382 ἐνθέου
1827 5328 1909 5382 δι-

343 5410 662 5474 δασκαλίας,
688 5412 783 5465 καὶ
828 5410 926 5483 τῆς
955 5413 1333 5485 προσηκούσης
1360 5419 1631 5490 γεωργίας
1658 5420 1794 5474 κατά
1818 5422 1908 5475 τὸν

346 5503 592 5573 παρόντα
636 5503 748 5562 Βίον
791 5503 1072 5575 τυγχάνων
1111 5505 1170 5558 ἐν
1196 5506 1369 5578 καιρῷ
1415 5508 1492 5579 τῷ
1520 5511 1711 5565 ἑαυτοῦ
1752 5512 1909 5568 δώσει

343 5594 431 5646 τὸν
465 5594 658 5649 ἑαυτοῦ
688 5595 914 5668 καρπόν.
946 5596 1150 5660 Καιρὸς
1185 5596 1242 5649 δὲ
1270 5598 1433 5652 αὐτοῦ
1465 5602 1498 5653 ό
1526 5603 1729 5673 μέλλων
1765 5607 1910 5662 ἐστὶν

420 5709 457 5740 ¹⁶
500 5709 657 5768 Rom.
691 5727 766 5776 ll,
803 5712 886 5769 ll.
961 5716 981 5745 ²
1019 5711 1178 5769 Prov.
1220 5728 1313 5780 ut,
1351 5714 1433 5770 18.

2015 4710 2135 4767 quae
2159 4694 2384 4761 ,diversa
2414 4699 2541 4747 sunt
2576 4706 2607 4745 a
2634 4688 2871 4761 perfecto
2897 4688 3108 4751 fructu,
3142 4686 3391 4743 videlicet
3411 4701 3574 4755 Opera

2016 4787 2263 4843 mortalis
2284 4786 2510 4855 hujusce
2528 4784 2669 4847 vitae,
2695 4782 3024 4853 humanique
3048 4782 3261 4837 vivendi
3288 4781 3571 4840 curriculi.

2015 4880 2069 4934 in
2100 4894 2209 4950 quo
2249 4878 2459 4933 fructus
2508 4875 2597 4932 ille
2626 4875 2897 4947 perfectus
2922 4881 3198 4944 spectatur
3230 4879 3283 4928 et
3313 4872 3572 4926 observa-

2014 4978 2123 5034 tur,
2155 4986 2264 5026 non
2304 4968 2561 5034 deﬂuent,
2587 4968 2715 5022 dum
2769 4967 2884 5035 ipse
2935 4964 3100 5035 probe
3135 4960 3349 5018 vivendi
3386 4977 3571 5017 curam

2016 5065 2264 5132 habebit;
2303 5063 2651 5135 quamobrem
2701 5060 2753 5115 in
2805 5058 3018 5113 cunctis
3073 5055 3328 5125 operibus
3376 5057 3490 5110 suis
3541 5068 3570 5105 τι

2014 5154 2124 5211 Deo
2152 5163 2296 5210 recte
2324 5168 2686 5225 prospereque
2727 5151 3007 5222 dirigetur.
3063 5147 3182 5201 Alia
3205 5160 3333 5202 vero
3363 5148 3570 5200 ratione

2016 5250 2096 5304 sic
2122 5247 2459 5317 explicatur:
2491 5244 2687 5300 Beatus
2721 5244 2811 5298 ille
2857 5242 2951 5313 qui
2978 5255 3192 5311 semper
3221 5235 3568 5309 intelligibili-

2014 5337 2117 5392 bus
2149 5337 2346 5392 divina:
2398 5335 2657 5395 doctrina:
2702 5334 2859 5406 aquis
2915 5332 3205 5402 irrigatur,
3236 5334 3290 5385 et
3340 5326 3395 5381 in
3435 5341 3568 5395 prae-

2013 5428 2150 5486 senti
2183 5427 2293 5482 vita
2317 5442 2415 5482 ceu
2445 5442 2571 5498 ager
2603 5433 2961 5499 congruenter
2987 5422 3218 5487 colitur;
3252 5415 3402 5472 dabit
3457 5414 3565 5468 fru-

2014 5529 2161 5575 ctum
2202 5535 2359 5574 suum
2392 5519 2448 5574 in
2477 5528 2714 5602 temgore
2756 5535 2877 5575 suo.
2936 5514 3173 5584 Tempus
3221 5521 3383 5580 porro
3412 5507 3567 5578 ejus,

2017 5613 2256 5667 futurum
2295 5611 2549 5666 saeculum
2579 5598 2699 5665 est:
2733 5606 3013 5682 praesentis
3045 5603 3241 5676 quippe
3273 5598 3395 5653 vitae
3435 5609 3569 5657 tetu-
