4066 6218
487 284 555 339 ’ἔτι

1110 259 1375 318 ΕυδΕΒΣΙ
1412 264 1890 323 ΟΕΞᾹΒῙΕΝΒΙΒ
1926 268 2070 326 ΟΡΡ.

2161 270 2296 328 ARS
2335 273 2422 332 111.
2452 307 2522 317 -
2561 276 2966 337 EXEGETICA.

3642 287 3712 336 80

488 412 589 468 pus
634 411 744 453 non
783 398 889 468 ipsi
924 397 1200 468 proprium
1224 439 1238 461 ,
1275 399 1368 453 sed
1418 398 1652 454 alienum
1689 408 1800 464 est;
1855 416 2048 470 quam-

2157 418 2285 454 αιων
2308 418 2322 431 ο
2368 403 2556 473 επειδη
2599 418 2693 454 του
2733 416 2994 472 παρόντος
3023 400 3123 453 οὐκ
3162 397 3308 452 ἔστιν
3347 398 3561 460 οίκείος,
3595 394 3710 449 ἀλλ’

486 487 670 541 obrem
699 486 755 541 in
783 495 1025 558 tempore
1044 502 1143 543 suo
1171 490 1452 558 praesentis
1474 491 1818 560 agriculturae
1840 491 2050 549 fructus

488 577 600 633 Deo
622 578 881 650 proferet.
910 582 1030 636 Alio
1063 595 1275 651 quoque
1304 580 1463 635 modo
1494 581 1847 655 intelligitur;
1889 585 2050 639 nimi-

486 685 630 733 rum,
663 671 753 726 ille
790 672 880 742 qui
906 672 1098 727 beatus
1134 671 1459 742 praedicatur
1481 714 1496 737 ,
1550 689 1615 729 ex
1673 675 1890 729 mortali
1940 676 2049 731 vita

486 760 815 825 translatus,
879 760 1294 830 promissionem
1344 761 1565 817 habebit
1607 779 1666 819 se
1698 764 2050 834 iuturum‘in

401 925 408 933 .
487 852 741 921 paradiso
770 852 859 907 Dei
891 852 1046 922 quasi
1085 851 1289 924 lignum
1319 856 1463 923 quod
1512 855 1811 925 plantatum
1853 867 1938 915 est
1966 875 2052 915 se-

485 958 583 998 cus
609 944 868 1000 decursus
890 959 1175 1013 aquarum.

559 1034 724 1091 Vens.
757 1038 811 1092 4.
850 1035 975 1091 Νοη
1007 1039 1082 1091 sic
1124 1036 1311 1107 impii,
1358 1054 1459 1092 non
1496 1040 1606 1104 sic,
1662 1041 1753 1097 sed
1799 1051 2048 1114 tauquam

482 1129 651 1197 pulvis
684 1143 840 1199 quem
886 1129 1101 1199 proiicit
1138 1141 1315 1186 ventus
1371 1150 1402 1185 a
1450 1133 1586 1202 facie
1631 1143 1804 1190 terraz.
1850 1135 2049 1192 Beatus

486 1218 576 1274 ille
605 1219 784 1289 qualis
816 1219 906 1275 hic
956 1220 1286 1277 describitur
1313 1239 1328 1276 :
1351 1232 1402 1277 et
1432 1238 1563 1279 sane
1597 1224 1907 1294 hujusmodi
1951 1228 2050 1282 bo-

484 1309 658 1366 mines
688 1311 977 1367 admodum
1005 1310 1115 1364 rari
1160 1311 1425 1380 paucique
1454 1322 1601 1370 sunt.
1651 1314 1721 1370 At
1748 1316 1897 1386 impii
1929 1333 2049 1371 mar-

481 1414 588 1471 gno
618 1412 877 1465 numero;
927 1399 1019 1470 qui
1052 1405 1109 1453 ut
1156 1399 1293 1454 nihil
1324 1398 1585 1457 habentes
1630 1401 1773 1472 apud
1830 1403 2047 1458 beatum

484 1493 633 1548 illum
666 1494 805 1549 male
831 1493 1091 1558 audiunt;
1128 1493 1363 1548 fructum
1392 1493 1591 1565 quippe
1617 1504 2045 1567 temporaneum,

483 1588 797 1644 mutabilem
846 1602 909 1642 ac
959 1588 1260 1658 periturum
1313 1587 1683 1657 possidentes,
1742 1588 1872 1644 facti
1922 1597 2051 1646 sunt

483 1679 642 1750 quasi
668 1679 837 1748 pulvis
859 1696 1007 1749 quem
1033 1679 1244 1748 projici!
1273 1689 1449 1733 ventus
1476 1697 1508 1734 a
1534 1680 1670 1749 facie
1696 1689 1870 1736 terrae.

2151 493 2455 566 ἀλλότριος·
2503 493 2582 547 διὸ
2629 494 2686 545 ἐν
2727 492 2917 562 ἐκείνῳ
2954 492 3030 563 τῷ
3060 490 3251 545 ἑαυτοῦ
3293 489 3466 561 καιρῷ
3491 489 3587 559 τῆς
3623 489 3710 540 ὲν-

2148 583 2322 637 ταῦθα
2372 585 2642 655 γεωργίας
2686 582 2954 637 ἀποδώσει
2999 582 3078 653 τῷ
3117 580 3235 653 Θεῷ
3275 583 3399 645 τοὺς
3447 579 3711 651 καρπούς.

2150 676 2260 729 Καὶ
2310 674 2430 728 καθ’
2473 675 2660 746 ἕτερον
2691 675 2746 727 δὲ
2789 674 3009 747 τρόπον,
3051 676 3079 728 6
3120 670 3573 745 μακαριζόμενος,
3621 687 3717 743 με·

2148 765 2506 836 ταφυτευθεὶς
2555 766 2618 818 ὲκ
2659 764 2753 817 τοῦ
2803 763 2996 836 θνητοῦ
3045 763 3180 834 βίου,
3233 760 3556 831 ἐπαγγελίαν
3603 758 3714 825 ἕξει

2150 860 2207 912 ὲν
2232 857 2313 929 τῷ
2358 856 2666 929 παραδείσῳ
2694 854 2787 910 τοῦ
2830 855 2965 909 Θεοῦ
3010 855 3242 920 ἔσεσθαι,
3274 856 3350 919 ῶς
3377 854 3436 908 τὸ
3466 853 3618 919 ξύλον
3656 855 3717 907 τδ

2153 949 2557 1021 πεφυτευμένον
2583 947 2733 1021 παρὰ
2754 948 2852 1012 τὰς
2874 947 3135 1014 διεξόδους
3163 947 3268 1000 τῶν
3294 947 3521 1001 ὑδάτων.

2229 1042 2352 1110 Οὐχ
2383 1041 2569 1106 οὕτως
2599 1042 2652 1094 οἱ
2676 1039 2931 1106 ἀσεϐεῖς,
2963 1041 3075 1109 οὐχ
3103 1039 3306 1105 οὕτως,
3335 1039 3470 1093 ἀλλ’
3500 1037 3539 1108 ἢ
3575 1036 3717 1094 ὡσεί

2149 1133 2315 1203 χοῦς,
2358 1133 2431 1185 ὃν
2466 1132 2724 1202 ἐκρίπτει
2756 1135 2789 1186 d
2833 1132 3051 1202 ἄνεμος
3101 1131 3220 1187 ἀπὸ
3260 1131 3583 1200 προσώπου
3610 1128 3722 1199 τῆς

2148 1224 2280 1296 γῆς.
2326 1224 2383 1278 Ὀ
2416 1225 2512 1294 μὲν
2548 1224 2813 1296 μακάριος
2852 1223 3091 1287 τοιοῦτος
3117 1218 3227 1276 οἷον
3250 1224 3292 1277 6
3323 1223 3479 1292 λόγος
3507 1223 3725 1295 διέγρα-

2148 1316 2279 1387 ψεν·
2315 1316 2536 1380 σπάνιος
2572 1315 2628 1369 δὲ
2662 1312 2816 1380 οὗτος
2851 1316 2947 1369 καὶ
2981 1317 3036 1368 ὲν
3076 1314 3276 1384 ὀλίγοις
3316 1315 3721 1386 εὑρισκόμενος.

2150 1404 2339 1458 Πολλοὶ
2378 1405 2435 1458 δὲ
2472 1406 2521 1457 οἱ
2554 1405 2788 1470 ἀσεϐεῖς,
2828 1404 3025 1468 οἵτινες
3069 1404 3144 1469 ὼς
3189 1405 3354 1476 μηδὲν
3395 1404 3606 1476 ἔχοντες
3646 1403 3723 1473 τῷ

2154 1497 2405 1570 μακαρίῳ
2430 1497 2828 1571 διαϐέϐληνται.
2868 1499 3093 1570 Καρπὸν
3124 1497 3232 1569 γὰρ
3260 1498 3591 1569 πρόσκαιρον
3629 1498 3724 1551 καὶ

2152 1588 2458 1654 σκεδαστὸν,
2476 1590 2569 1643 καὶ
2589 1589 2953 1661 ἀπολλύμενον
2976 1591 3323 1662 κτησάμενοι,
3347 1589 3629 1658 γεγόνασιν
3649 1590 3723 1655 ῶς

2151 1682 2184 1734 d
2198 1679 2344 1750 χοῦς
2363 1680 2435 1733 ὃν
2448 1680 2707 1750 ἐκρίπτει
2721 1684 2752 1735 ό
2770 1681 2986 1750 ἄνεμος
3004 1681 3121 1735 ἀπὸ
3141 1679 3460 1748 προσώπου
3474 1678 3581 1748 τῆς
3592 1679 3723 1750 γῆς.

551 1771 718 1827 Vens.
762 1772 814 1827 5.
859 1770 988 1826 Ideo
1040 1790 1141 1827 non
1192 1782 1461 1843 resurgent
1510 1773 1658 1841 impii
1708 1774 1763 1826 in
1807 1772 2046 1842 judicio,

2220 1772 2321 1826 Διά
2347 1772 2524 1827 τοῦτο
2555 1775 2665 1826 οὐκ
2688 1773 3133 1839 ἀναστήσονται
3162 1773 3397 1841 ἀσεϐεῖς
3417 1774 3486 1827 ἐν
3509 1774 3725 1841 κρίσει.

483 1881 643 1936 neque
668 1874 965 1933 peccatores
992 1866 1045 1917 in
1073 1866 1297 1920 concilio
1324 1865 1618 1935 iustorum.
1645 1862 1703 1919 In
1738 1865 2011 1920 communi
2031 1905 2046 1929 ,

487 1953 657 2020 illud,
704 1954 757 2008 in
808 1954 1032 2008 concilio
1082 1953 1345 2019 iustorum
1390 1954 1660 2025 accipias,
1706 1953 1781 2008 ita
1828 1962 1887 2008 ut
1937 1954 2050 2009 haec

484 2046 757 2101 sententia
786 2045 949 2101 fuerit
973 2066 984 2101 :
1020 2045 1471 2116 Quandoquidem
1497 2046 1633 2101 nihil
1661 2046 1859 2110 fertile,
1885 2044 2050 2101 vitale

483 2140 653 2205 nihil,
684 2154 860 2209 neque
885 2138 1120 2195 fructum
1145 2138 1250 2195 Deo
1272 2138 1494 2210 dignum
1513 2178 1528 2203 ,
1553 2139 1766 2210 qualem
1788 2137 2051 2194 dederunt

480 2232 646 2302 justi,
679 2231 829 2303 impii
859 2233 1168 2303 protulere;
1200 2233 1321 2288 ideo
1350 2232 1405 2287 in
1433 2231 1624 2302 judicii
1655 2239 1895 2301 tempore
1914 2270 1930 2296 ,
1960 2245 2051 2283 ue-

481 2340 580 2394 que
607 2333 905 2393 peccatores
942 2326 995 2379 in
1029 2323 1254 2380 concilio
1280 2325 1551 2394 justorum
1587 2329 1896 2392 rcsurgent.
1944 2320 2050 2375 Pro

483 2415 721 2470 concilio
750 2424 929 2472 autem
961 2416 1154 2488 Aquila
1189 2425 1243 2473 et
1272 2415 1575 2472 Theodotio
1608 2430 1935 2485 synagogam
1967 2412 2050 2467 in-

482 2507 764 2578 terpretati
791 2515 955 2575 sunt;
989 2508 1350 2580 Symmachus
1372 2522 1523 2571 vero,
1553 2514 1879 2561 conventum.
1905 2503 2052 2560 Con-

483 2600 670 2654 cilium
708 2599 870 2670 igitur
905 2597 994 2653 hic
1029 2599 1300 2671 intelligas
1334 2605 1665 2654 conventura
1697 2603 2011 2652 sanctorum
2032 2636 2047 2660 ,

484 2702 544 2744 ut
584 2691 641 2744 in
676 2689 946 2761 principio
981 2688 1186 2746 dictum
1226 2698 1330 2747 est.
1371 2689 1746 2762 Oppositoque
1780 2703 1945 2744 sensu
1985 2688 2052 2742 il-

484 2782 575 2837 lud
596 2825 611 2849 ,
646 2784 702 2836 in
731 2784 953 2839 concilia
984 2784 1265 2853 impiorum
1285 2822 1300 2847 ,
1329 2798 1429 2854 pro
1458 2790 1728 2836 conventu
1760 2779 2051 2851 impiorum

485 2874 747 2944 accipias.
782 2874 1049 2929 Caeterum
1084 2881 1373 2943 rcsurgent
1408 2871 1510 2943 ipsi
1547 2886 1764 2942 quoque
1788 2911 1802 2937 ,
1841 2870 1937 2927 sed
1983 2872 2050 2926 ad

486 2981 701 3036 pmnam
730 2974 892 3036 atque
922 2966 1285 3037 supplicium:
1323 2963 1465 3019 Nam
1503 2974 1694 3019 cuncta
1725 2980 1842 3036 quia
1875 2964 2010 3033 ﬁunt
2032 3003 2049 3029 ,

486 3056 708 3111 adducet
747 3055 889 3110 Deus
940 3057 996 3110 in
1033 3054 1301 3126 judicium
1348 3072 1444 3126 pro
1496 3071 1637 3109 omni
1686 3064 1898 3120 errato,
1948 3055 2053 3110 sive

2150 1860 2291 1916 οὐδὲ
2320 1862 2651 1931 ἁμαρτωλοὶ
2678 1862 2748 1914 ἐν
2789 1860 2995 1929 ,βουλῇ
3038 1860 3299 1915 δικαίων.
3342 1863 3497 1916 Κατὰ
3546 1862 3724 1915 κοινοῦ

2149 1952 2228 2018 τὺ,
2260 1953 2329 2007 ἐν
2360 1951 2564 2021 ,βουλῇ
2585 1952 2846 2017 δικαίων,
2875 1951 3159 2014 ἀκούσεις·
3194 1952 3270 2016 ῶς
3300 1948 3437 2006 εἶναι
3476 1951 3574 2023 τὴν
3604 1953 3721 2006 διὰ-

2149 2061 2297 2099 νοιαν
2324 2041 2575 2114 τοιαύτην
2597 2059 2610 2073 ⁸
2640 2043 2791 2096 Ἐπεὶ
2826 2042 2990 2113 μηδὲν
3044 2043 3262 2114 γόνιμον
3307 2043 3439 2114 μηδὲ
3478 2042 3727 2111 ζωτικὸν,

2150 2137 2264 2190 ἀλλ’
2295 2136 2415 2190 οὐδὲ
2454 2136 2665 2206 καρπὸν
2696 2135 2831 2189 Θεοῦ
2862 2136 3009 2202 ἄξιον
3046 2139 3160 2201 τοῖς
3191 2136 3416 2205 δικαίοις
3449 2138 3731 2208 παραπλη-

2152 2230 2282 2294 σίως
2310 2232 2359 2284 oi.
2398 2230 2617 2295 ἀσεϐεῖς
2666 2230 3099 2303 προηνέγκαντο,
3127 2228 3215 2282 διὰ
3249 2228 3407 2282 τοῦτο
3445 2231 3502 2282 ὲν
3528 2228 3605 2299 τῷ
3632 2230 3731 2300 τῆς

2151 2322 2383 2398 κρίσεως
2428 2321 2625 2394 καιρῷ,
2665 2323 2804 2375 οὔτε
2845 2324 2899 2375 oi
2947 2319 3277 2389 ἁμαρτωλοί
3308 2319 3377 2372 ἐν
3406 2317 3611 2387 ,ϐουλῇ
3642 2318 3730 2373 δι-

2151 2415 2336 2467 καίων
2366 2414 2784 2483 ἀναστήσονται.
2830 2413 2977 2466 Ἀντί
3007 2412 3064 2466 δὲ
3093 2411 3285 2482 βουλῆς
3305 2413 3333 2465 6
3367 2412 3465 2482 μὲν
3503 2410 3732 2476 Ἀκύλας

2153 2506 2247 2558 καὶ
2274 2505 2302 2556 6
2328 2503 2619 2559 Θεοδοτίων
2644 2503 3003 2575 συναγωγὴν
3026 2502 3419 2575 ἡρμηνεύκασι,
3448 2502 3731 2557 συνέλευ-

2151 2613 2255 2651 σιν
2282 2595 2339 2650 δὲ
2376 2598 2406 2651 6
2435 2596 2749 2669 Σύμμαχος.
2782 2596 2987 2667 Βουλὴν
3015 2596 3194 2650 τοίνυν
3240 2597 3468 2668 ἡγητέον
3501 2594 3733 2649 ἐνταῦθα

2152 2690 2401 2763 εἰρῆσθαι
2439 2691 2537 2762 τὴν
2571 2690 2787 2743 σύνοδον
2811 2688 2917 2742 τῶν
2946 2688 3137 2757 ἁγίων,
3165 2688 3240 2752 ὡς
3279 2687 3372 2742 καὶ
3398 2689 3455 2741 ὲν
3487 2688 3628 2759 ἀρχῇ
3656 2688 3733 2740 εί-

2159 2803 2337 2859 ρηται.
2371 2785 2527 2840 Κατὰ
2560 2784 2818 2856 δευτέραν
2839 2783 3073 2838 διάνοιαν
3103 2781 3198 2852 τὴν
3230 2780 3445 2835 σύνοδον
3473 2780 3579 2834 τῶν
3607 2781 3734 2835 ἀσε-

2153 2879 2264 2932 ϐῶν
2296 2878 2585 2951 δηλοῦσθαι
2619 2879 2683 2931 ὲκ
2711 2877 2806 2931 τοῦ
2835 2878 2904 2931 ἐν
2925 2874 3130 2944 ,βουλῇ
3157 2873 3410 2930 ἀσεϐῶν.
3436 2874 3581 2946 Πλὴν
3609 2874 3733 2927 ἀνα-

2156 2975 2442 3044 στήσονται
2490 2973 2581 3025 ὲπὶ
2626 2971 2844 3025 κολάσει
2894 2970 2988 3024 καὶ
3039 2969 3299 3041 τιμωρίᾳ·
3343 2966 3473 3023 Πᾶν
3513 2968 3622 3038 γὰρ
3664 2967 3731 3020 τὸ

2156 3066 2381 3134 ποίημα
2400 3063 2528 3129 ἄξει
2554 3066 2586 3120 ό
2618 3063 2761 3129 Θεὸς
2786 3065 2872 3129 είς
2901 3063 3105 3131 κρίσιν
3129 3061 3189 3114 ἐν
3231 3060 3407 3112 παντί
3436 3072 3734 3127 παρεωρα-

486 3148 679 3202 bonum
718 3148 825 3203 sive
854 3148 1055 3202 malum
1082 3147 1217 3202 illud
1244 3148 1408 3218 fuerit
1441 3150 1480 3204 ³.
1522 3147 1833 3203 Notandum
1873 3158 2053 3203 autem

2157 3158 2333 3229 μένῳ,
2362 3158 2470 3212 ἐάν
2492 3174 2554 3213 τε
2596 3157 2821 3228 ἀγαθὸν
2847 3151 2907 3229 ᾖ,
2944 3156 3053 3211 ἐάν
3081 3174 3142 3210 τε
3184 3156 3466 3223 πονηρόν.
3497 3152 3734 3225 Σημείω-

486 3247 597 3304 est,
635 3241 870 3311 primum
922 3239 1178 3295 Davidem
1227 3240 1685 3297 resurrectionem
1726 3249 1781 3296 et
1814 3240 2057 3295 futurum

2160 3272 2249 3309 σαι
2284 3254 2361 3318 δὲ,
2404 3255 2485 3308 ὅτι
2533 3254 2747 3325 πρῶτος
2780 3252 2940 3306 Δαυῒδ
2979 3253 3072 3305 καὶ
3100 3250 3390 3305 ἀνάστασιν
3434 3246 3525 3300 καὶ
3555 3246 3737 3310 κρίσιν

485 3339 607 3400 post
652 3329 1108 3385 resurrectionem
1143 3328 1432 3399 judicium,
1464 3346 1677 3386 necnon
1706 3330 1902 3385 futura:
1936 3331 2059 3386 vita:

2162 3344 2300 3418 μετὰ
2325 3345 2423 3417 τὴν
2456 3346 2750 3399 ἀνάστασιν
2780 3343 3070 3413 ἐσομένην,
3103 3340 3195 3393 καὶ
3227 3336 3552 3405 ἐπαγγελίαν
3585 3331 3729 3405 ζωῆς

486 3421 941 3493 promissionem,
1001 3430 1184 3494 aperte
1230 3422 1536 3479 docuisse:
1591 3421 1805 3494 Moyses
1859 3423 2058 3493 quippe

485 3513 620 3568 nihil
653 3512 963 3583 bujusmodi
998 3515 1207 3585 uspiam
1238 3513 1482 3568 tradidit.

562 3604 727 3665 Vsus.
767 3606 819 3663 6.
863 3608 1130 3674 Quoniam
1184 3607 1326 3662 novit
1376 3607 1641 3661 Dominus
1690 3607 1828 3661 riam
1877 3606 2056 3675 justo-

487 3714 645 3763 rum,
717 3709 765 3753 et
821 3700 921 3753 iter
977 3701 1258 3770 impiorum
1313 3698 1525 3769 peribit.
1582 3697 1680 3753 llic
1753 3695 2055 3768 generatim

487 3798 644 3844 notes
698 3789 896 3853 velim,
962 3788 1162 3844 bonum
1216 3788 1436 3859 quidem
1486 3786 1718 3843 Domino
1775 3786 2054 3858 cognitum

488 3896 644 3946 esse,
680 3880 776 3936 sed
807 3880 1013 3934 malum
1051 3880 1393 3949 neutiquam.
1428 3877 1578 3933 Bona
1613 3880 1811 3948 quippe
1842 3885 1928 3933 est
1960 3878 2055 3947 ju-

401 3959 405 3962 ’
490 3980 701 4029 storum
736 3970 855 4036 via,
887 3984 1064 4040 neque
1109 3969 1353 4028 dicitur:
1395 3966 1557 4023 Novit
1602 3967 1865 4024 Dominus
1916 3968 2059 4023 viam

490 4065 784 4135 impiorum
808 4102 823 4125 ,
851 4062 1105 4117 videlicet
1130 4077 1320 4118 eorum
1354 4061 1445 4132 qui
1478 4062 1531 4115 in
1564 4060 1857 4131 perniciem
1891 4068 2056 4127 eunt;

492 4157 590 4212 sed
618 4175 631 4210 :
666 4154 829 4210 Novit
861 4153 1122 4208 Dominus
1153 4154 1241 4224 qui
1273 4162 1393 4207 sunt
1423 4154 1536 4221 ejus
1574 4152 1613 4207 ⁸.
1647 4151 1931 4206 Justorum
1965 4166 2061 4205 au-

493 4262 598 4307 tem
634 4249 720 4307 via
752 4257 836 4306 est
869 4249 918 4306 is
948 4247 1043 4318 qui
1073 4247 1212 4303 dixit
1243 4266 1256 4302 :
1296 4245 1409 4318 Ego
1438 4263 1556 4301 sum
1586 4247 1671 4301 via
1700 4248 1721 4278 ⁵
1752 4261 1768 4312 ;
1797 4253 1851 4300 et
1880 4245 2014 4301 illud
2042 4265 2056 4300 :

503 4341 681 4399 Videte
707 4359 825 4411 qua:
856 4342 926 4398 sit
958 4343 1045 4397 via
1074 4340 1211 4395 bona
1232 4342 1272 4395 ⁶.
1305 4339 1432 4395 Haec
1466 4340 1689 4412 respicit
1724 4340 1989 4410 psalmus.

913 4452 1238 4512 PSALMUS
1303 4451 1512 4509 DAVID
1572 4452 1636 4508 ll.

949 4567 1274 4637 Explanatio
1304 4568 1500 4637 psalmi
1540 4582 1602 4624 ll.

562 4684 731 4740 Vens.
761 4688 810 4738 1.
846 4685 1022 4751 Quare
1053 4684 1379 4753 fremuerunt
1409 4692 1584 4754 gentes
1604 4725 1618 4749 ,
1657 4693 1707 4737 et
1748 4680 1929 4751 populi
1960 4696 2066 4733 me-

493 4776 653 4831 ditati
685 4786 806 4831 sunt
840 4777 1071 4830 inania?
1100 4774 1451 4845 Pr0phetiam
1487 4774 1673 4837 aﬂert,
1707 4788 1813 4844 qua
1859 4770 2064 4827 Christi

496 4868 762 4924 adventus
791 4869 1105 4922 enuntiatur
1130 4885 1143 4935 ;
1173 4881 1282 4937 qun
1303 4872 1462 4936 pacto
1488 4865 1698 4920 scilicet
1729 4864 1969 4918 futurum
1998 4864 2069 4919 sit

497 4966 559 5014 ut
604 4956 917 5014 Judaaorum
964 4957 1177 5015 insidiis
1226 4963 1531 5027 appetatur,
1571 4954 1921 5025 gentiumque
1950 4968 2068 5007 om-

502 5052 650 5106 nium
682 5049 1016 5115 dominetur,
1047 5057 1102 5103 et
1132 5055 1399 5118 quotquot
1432 5046 1486 5099 in
1518 5058 1643 5099 eum
1679 5041 1931 5098 fiduciam
1967 5042 2089 5096 ha;

499 5144 736 5205 bebunt,
770 5142 891 5213 ejus
923 5156 1089 5212 opera
1126 5139 1310 5195 felices
1339 5138 1596 5193 evadant.
1633 5135 1851 5192 Primus
1882 5136 2066 5206 itaque

496 5235 744 5310 psalmus
780 5250 941 5304 parce
974 5235 1204 5303 loquens
1253 5248 1423 5287 unum
1464 5232 1728 5286 duntaxat
1776 5231 1871 5301 qui
1915 5229 2065 5284 salu-

494 5342 604 5387 tem
661 5335 994 5384 consecutus
1038 5335 1121 5382 est
1171 5326 1388 5379 beatum
1445 5324 1741 5394 praedicat;
1794 5323 1884 5377 hic
1933 5337 2064 5377 vero

496 5423 747 5495 psalmus
781 5419 848 5473 ad
884 5418 1194 5474 felicitatem
1228 5416 1634 5471 multitudinem
1668 5425 1844 5470 vocat.
1882 5412 2065 5484 Siqui-

493 5513 616 5569 dem
653 5512 897 5570 omnium
930 5525 1039 5566 una
1084 5511 1327 5582 gentium
1368 5510 1711 5565 vocationem
1752 5508 2068 5578 complecti-

496 5619 607 5672 tur,
646 5604 925 5678 regnaque
947 5614 1112 5661 teme
1137 5603 1330 5658 invitat
1359 5601 1426 5657 ad
1455 5602 1704 5657 salutem.
1742 5599 1869 5654 Ηαιο
1897 5614 2062 5669 porro

496 5703 636 5751 houa
690 5711 788 5766 per
831 5697 1111 5752 Christum
1156 5693 1468 5749 hominibus
1516 5691 1819 5747 obventura
1866 5705 2059 5745 conse-

568 5811 590 5843 ³
630 5811 812 5866 Eccle.
844 5830 939 5874 xu,
966 5815 1051 5870 l4.

2091 4450 2138 4505 D

2162 3438 2458 3510 μελλούσης
2491 3437 2675 3506 σαφῶς
2714 3435 2937 3500 ἐδίδαξε,
2980 3430 3256 3493 Μωῦσέως
3290 3427 3453 3499 μηδὲν
3497 3424 3735 3479 τοιοῦτον

2159 3549 2235 3584 πα
2244 3529 2621 3591 οαδεδωκότος.

2232 3623 2352 3673 Ὅτι
2401 3619 2677 3689 γινώσκει
2722 3620 2935 3686 Κύριος
2967 3614 3110 3669 ὁδὸν
3150 3613 3413 3675 δικαίων.
3457 3612 3552 3667 καὶ
3592 3612 3732 3679 ὁδὸς

2159 3711 2394 3767 ἀσεϐῶν
2425 3710 2752 3765 ἀπολεῖται.
2799 3708 3108 3778 Σημείωσαι
3148 3704 3471 3770 καθολικῶς,
3520 3706 3602 3759 ὅτι
3630 3721 3734 3758 κα-

2159 3804 2250 3857 λὸν
2300 3805 2396 3875 μὲν
2445 3801 2770 3873 γινώσκεται
2822 3800 2927 3853 ὑπὸ
2969 3798 3195 3872 Κυρίου,
3246 3797 3447 3869 φαῦλον
3490 3797 3547 3851 δὲ
3583 3796 3733 3851 οὐδὲν

2160 3897 2433 3950 οὐδέποτε.
2492 3893 2670 3948 Καλὸν
2707 3893 2816 3965 γὰρ
2864 3892 2980 3957 ὁδὸς
3027 3891 3267 3955 δικαίων,
3299 3891 3393 3944 καὶ
3433 3891 3533 3944 οὐκ
3571 3885 3692 3943 εἶπε
3715 3906 3731 3921 ο

2160 3987 2421 4047 Γινώσκει
2460 3985 2666 4056 Κύριος
2693 3983 2810 4038 ὁδὸν
2854 3982 3086 4047 ἀσεϐῶν,
3127 3983 3243 4055 ἤτοι
3283 3981 3391 4035 τῶν
3432 3980 3735 4051 ἀπολλυμέ-

2162 4097 2295 4134 νων·
2328 4079 2493 4133 ἁλλά·
2526 4079 2633 4133 Καὶ
2674 4076 2825 4147 ἔγνω
2874 4077 3086 4145 Κύριος
3126 4075 3268 4142 τοὺς
3310 4074 3488 4140 ὄντας
3528 4073 3734 4127 αὑτοῦ.

2175 4173 2320 4237 Ὀδὸς
2361 4174 2418 4227 δὲ
2459 4172 2702 4235 δικαίων,
2735 4172 2764 4223 6
2792 4168 2990 4224 είπών·
3033 4167 3172 4238 Ἐγώ
3208 4172 3320 4239 ειμι
3357 4170 3395 4234 ἡ
3438 4166 3575 4232 ὁδός
3597 4183 3611 4198 ο
3644 4166 3736 4219 καὶ

2160 4266 2225 4319 τό
2243 4283 2257 4297 ·
2288 4263 2467 4319 Ἴδετε
2490 4264 2632 4317 ποία
2658 4262 2831 4316 ἐστίν
2853 4263 2891 4330 ἠ
2916 4260 3055 4326 ὁδὸς
3077 4262 3115 4328 ἡ
3140 4258 3353 4330 ἀγαθή.
3382 4258 3503 4311 Ἐπὶ
3531 4257 3736 4310 τούτων

2171 4358 2522 4427 ἀναφέρεται.
3375 4341 3385 4353 ’

2592 4468 2884 4523 ΨΑΛΜΟΣ
2909 4467 2995 4537 Τῼ
3021 4454 3218 4517 ΔΑΥΪΔ
3250 4463 3322 4513 Β⁰.

2604 4558 2924 4628 Ἐξήγησις
2964 4552 3207 4625 ψαλμοῦ
3231 4553 3311 4618 β’.

2242 4678 2367 4731 Ἵνα
2408 4678 2466 4730 τί
2509 4674 2816 4745 ἐφρύαξαν
2851 4672 3016 4739 ἔθνη,
3064 4670 3163 4723 καί
3196 4667 3331 4723 λαοὶ
3367 4665 3740 4738 ἐμελέτησαν

2171 4768 2364 4833 uerti;
2426 4766 2770 4842 Προφητείαν
2836 4763 3074 4835 ἐντίθησι
3138 4760 3370 4835 Χριστοῦ
3437 4760 3739 4836 παρουσίας

2169 4862 2672 4934 προσαγορευτικήν
2691 4877 2705 4890 ·
2739 4859 2834 4913 καὶ
2862 4858 2937 4922 ὡς
2966 4856 3072 4910 ὑπὸ
3101 4854 3366 4909 Ἰουδαίων
3399 4854 3498 4926 μὲν
3525 4853 3743 4908 ἐπιϐου-

2167 4952 2510 5025 λευθήσεται,
2558 4952 2823 5023 κρατήσει
2866 4948 2922 5001 δὲ
2970 4947 3077 5001 τῶν
3117 4945 3285 5000 ἐθνῶν
3328 4946 3604 5009 ἁπάντων,
3646 4949 3742 4999 καὶ

2166 5048 2241 5112 ὡς
2266 5047 2332 5101 δι’
2375 5043 2539 5100 αὑτοῦ
2571 5045 2768 5107 πάντες
2818 5042 3074 5114 μακάριοι
3106 5041 3317 5095 ἔσονται
3347 5043 3393 5093 οί
3423 5037 3740 5095 πεποιθότες

2165 5141 2252 5193 ἐπ’
2282 5139 2447 5210 αὐτῷ.
2492 5139 2551 5191 Ὀ
2583 5136 2680 5208 μὲν
2706 5131 2799 5189 οῦν
2824 5134 3038 5207 πρῶτος
3065 5133 3279 5205 ψαλμὸς
3324 5133 3419 5186 ἕνα
3457 5129 3581 5184 τινὰ
3612 5147 3741 5182 σπα-

2171 5232 2298 5292 νίως
2330 5230 2631 5301 σωζόμενον
2661 5228 2990 5300 ἐμακάριζεν
3008 5245 3021 5258 υ
3044 5228 3073 5280 6
3101 5228 3156 5280 δὲ
3186 5224 3374 5299 παρὼν
3397 5222 3533 5295 ὁμοῦ
3562 5222 3737 5292 πλήθη

2173 5322 2328 5376 καλεῖ
2368 5321 2459 5373 ἐπὶ
2503 5320 2595 5373 τὸν
2647 5318 2992 5389 μακαρισμὸν
3018 5335 3030 5348 ο
3081 5316 3200 5368 ἐπεὶ
3250 5314 3343 5368 καὶ
3398 5310 3589 5381 κλῆσιν
3632 5308 3742 5361 τῶν

2174 5411 2341 5467 ἐθνῶν
2373 5412 2621 5465 ἀπάντων
2658 5412 2921 5484 περιέχει,
2953 5409 3049 5463 καὶ
3077 5407 3174 5469 τὰς
3207 5403 3485 5476 βασιλείας
3511 5401 3609 5472 τῆς
3638 5400 3743 5469 γῆς

2174 5504 2267 5556 ἐπὶ
2309 5502 2407 5575 τὴν
2452 5502 2722 5574 σωτηρίαν
2769 5500 2942 5557 καλεῖ.
2989 5497 3172 5552 Ταῦτα
3210 5496 3266 5550 δὲ
3314 5494 3491 5548 πάντα
3530 5492 3620 5546 διὰ
3646 5490 3740 5544 τοῦ

2172 5596 2407 5670 Χριστοῦ
2428 5594 2921 5669 προξενηθήσεσθαι
2946 5591 3251 5665 ἀνθρώποις
3273 5586 3514 5650 θεσπίζει
3538 5584 3736 5658 σφόδρα

2169 5688 2493 5752 ἀκολούθως.
2543 5684 2688 5742 Ἔδει
2733 5687 2842 5759 γὰρ
2884 5687 3028 5758 ἡμᾶς
3075 5680 3571 5754 προμεμαθηκάτας
3614 5678 3729 5749 περ’

1126 5817 1147 5845 δ
1185 5810 1228 5865 ll
1260 5810 1399 5870 Tim.
1436 5827 1506 5876 ιι,
1544 5810 1629 5865 19.
1707 5810 1729 5842 ⁸
1764 5806 1922 5865 Joan.
1954 5824 2072 5872 xw,
2111 5805 2166 5862 6.
2244 5808 2265 5840 ⁸
2302 5806 2496 5863 Jerem.
2538 5821 2611 5871 vi,
2652 5805 2747 5860 16.
