4042 6210
354 321 415 376 8i
1475 313 1971 370 COMMENTARIA
2014 314 2079 370 IN
2120 311 2459 368 PSALMOS.
3518 316 3587 371 83

354 438 456 493 τῶν
495 438 589 494 δύο
617 437 771 500 ὁδῶν,
804 437 929 508 ἑξῆς
971 437 1063 491 κώ
1103 429 1171 489 τά
1210 433 1337 505 περὶ
1364 433 1458 487 τοῦ
1502 434 1751 505 Σωτῆρος
1797 452 1924 489 παι-

2035 446 2256 505 quenter
2294 434 2583 490 admodum
2625 432 2977 487 vaticinatur.
3020 429 3125 486 Par
3156 432 3300 487 enim
3337 441 3452 488 erat
3487 449 3587 490 nos

355 527 602 600 δευθῆναι
622 545 635 558 ’
669 528 736 581 δι’
761 522 823 582 οὗ
852 529 1051 591 πάντες
1078 526 1352 598 ἄνθρωποι
1394 527 1490 597 τὴν
1520 527 1617 597 μὲν
1644 526 1752 580 τῶν
1795 528 1920 580 ἀσε-

240 696 250 705 .
356 620 466 676 ϐῶν
493 622 612 675 ὁδὸν
637 620 918 691 ἐξέφυγον,
944 620 1129 689 ἔτυχον
1154 618 1209 672 δὲ
1241 620 1345 690 τῆς
1375 619 1496 672 ὁδοῦ
1529 619 1628 689 τῆς
1651 618 1919 690 σωτηρίου

353 712 444 768 διὰ
468 714 567 785 τῆς
596 714 674 776 είς
703 712 863 767 αὐτὸν
900 713 1155 775 πίστεωςο
1188 710 1218 764 δ
1247 710 1312 782 δὴ
1342 711 1667 783 παρίστησιν
1697 711 1921 779 φάσκων

360 804 386 856 ο
412 802 889 873 λόγος·Μηκάριοι
904 800 1125 868 πάντες
1140 805 1195 856 οἱ
1214 804 1563 868 πεποιθότες
1596 805 1682 868 εἱς
1715 804 1917 857 αὐτόν.

2027 527 2094 584 de
2148 525 2367 583 duabus
2425 527 2530 582 viis
2580 525 2734 597 prius
2786 524 3124 590 instructos,
3181 539 3245 579 ea
3301 540 3420 596 qua:
3472 522 3591 580 Sal-

2025 627 2269 676 vatorem
2333 623 2583 689 spectant
2639 616 2893 685 deinceps
2945 615 3228 682 ediscere;
3283 630 3379 687 per
3428 631 3588 687 quem

2031 726 2222 767 omnes
2272 710 2521 766 homines
2567 724 2692 764 cum
2738 708 3029 778 impiorum
3071 709 3212 764 viam
3256 708 3588 781 effugerunt,

2028 811 2143 871 tum
2184 803 2326 857 viam
2372 804 2664 859 salutarem
2691 816 2787 872 per
2828 800 2986 857 (idem
3035 799 3089 854 in
3133 800 3311 872 ipsqu
3357 800 3589 873 ingressi

358 904 525 962 sunt;
571 894 709 966 quod
753 895 900 949 hisce
941 894 1119 949 verbis
1165 893 1514 951 declaratur:
1550 894 1699 948 Beati
1731 911 1909 949 omnes
1943 897 2033 965 qui
2074 888 2349 964 confidunt
2388 897 2444 949 in
2481 912 2561 950 eo.

428 996 821 1080 ηαρέὰτησαν
859 1013 915 1063 οι
950 1010 1233 1077 ,ϐασιλεῖς
1267 1009 1375 1078 τῆς
1416 1009 1547 1080 τῆς,
1590 1011 1686 1064 καὶ
1739 1015 1795 1065 οἱ
1823 1011 1927 1080 ἄρ-

359 1120 568 1174 χοντες
594 1099 995 1170 συνήχθησαν
1040 1102 1137 1155 ἐπὶ
1183 1102 1249 1155 τὸ
1280 1103 1425 1156 αὐτὸ
1469 1102 1617 1157 κατὰ
1662 1103 1767 1157 τοῦ
1810 1107 1926 1158 Κυ-

347 1198 488 1266 ρίου
530 1193 626 1248 καὶ
657 1194 807 1247 κατὰ
840 1194 944 1248 τοῦ
970 1194 1228 1262 Χριστοῦ
1259 1193 1464 1248 αὑτοῦ.
1500 1195 1687 1266 Σωτὴρ
1720 1194 1929 1268 ἀνθρὼ-

356 1305 478 1352 ποις
507 1286 897 1357 ἐπιδεδήμηκεν
930 1288 959 1340 ὁ
1000 1286 1231 1357 Χριστὸς
1273 1286 1367 1339 τοῦ
1393 1285 1560 1339 Θεοῦ’
1599 1287 1789 1358 Σωτὴρ
1830 1289 1924 1341 καὶ

358 1380 580 1450 φωστὴρ
609 1378 715 1431 τῶν
745 1377 914 1432 ἐθνῶν
943 1378 1219 1442 ἁπάντων,
1264 1378 1580 1443 διδάσκαλος
1627 1380 1927 1445 εὐσεϐείας,

356 1468 708 1541 σωφροσύνης
726 1468 1076 1541 καθηγεμὼν,
1100 1469 1442 1541 δικαιοσύνης
1456 1471 1713 1543 ἀρχηγὸς,
1732 1472 1929 1544 ἀρετῆς

354 1559 573 1629 ἀπάσης
603 1560 695 1613 καὶ
740 1559 1069 1628 θεογνωσίας
1106 1560 1339 1632 ἀληθοῦς
1379 1560 1569 1624 αἴτιος.
1621 1561 1685 1613 Τί
1716 1562 1771 1615 δὲ
1807 1559 1924 1627 οὖν,

356 1650 513 1721 φησὶ,
545 1650 870 1721 ταράττεται
894 1649 961 1703 τά
990 1650 1117 1721 ἔθνη
1148 1652 1240 1703 ἐπὶ
1271 1653 1337 1722 τῇ
1362 1650 1466 1704 τῶν
1488 1651 1752 1705 τοσούτων
1789 1654 1927 1720 ἀγα-

359 1742 466 1796 θῶν
522 1742 826 1813 παρουσίας
873 1743 934 1796 Εἰ
981 1742 1037 1795 δὲ
1086 1742 1178 1796 καὶ
1225 1743 1511 1815 πληρωτὴς
1565 1743 1788 1814 ἐλήλυθε
1836 1747 1930 1798 τοῦ

358 1834 629 1897 Μωῦσέως
664 1834 848 1904 νόμου,
886 1833 1075 1905 ὥσπερ
1113 1829 1206 1888 οὖν
1251 1835 1411 1898 αὐτὸς
1453 1834 1691 1888 διδάσκει
1724 1835 1926 1905 λέγων·

363 1928 485 1979 Οὐκ
517 1921 709 1995 ἦλθον
749 1924 1083 1979 καταλῦσαι
1113 1925 1217 1979 τὸν
1253 1927 1459 1995 νόμον,
1499 1925 1658 1981 ἀλλὰ
1695 1928 1931 1995 πληρῶ-

358 2034 484 2082 σαι,
532 2019 626 2071 καὶ
666 2017 733 2071 τά
767 2017 872 2070 τῶν
905 2016 1192 2089 προφητῶν
1236 2018 1390 2087 λόγια
1424 2019 1490 2072 δι’
1536 2019 1703 2073 αὐτοῦ
1746 2019 1932 2082 τέλους

364 2108 652 2179 ἐτύγχανε⁸
688 2108 739 2161 τί
778 2108 834 2161 δὲ
866 2112 913 2162 οἱ
951 2109 1120 2163 ταῦτα
1162 2110 1512 2181 μελετῶντες.
1549 2115 1640 2167 καὶ
1684 2114 1772 2168 διά
1824 2116 1933 2169 στό⁴

365 2218 529 2271 ματος
570 2200 708 2254 αὐτὰ
759 2201 948 2272 φέρειν
993 2201 1398 2268 σπουδάζοντες,
1438 2206 1486 2257 oi
1535 2205 1626 2258 τοῦ
1665 2207 1932 2261 Ἰουδαίων

358 2292 541 2353 ἔθνους
569 2292 688 2344 λαοὶ
712 2292 946 2363 ματαίαν
970 2292 1290 2365 ἐποιήσαντο
1322 2295 1449 2366 περὶ
1473 2295 1637 2349 αὐτοῦ
1664 2296 1926 2369 μελέτην;

372 2382 531 2436 Ἀλλά
569 2382 661 2436 καὶ
693 2385 740 2436 οἱ
782 2383 902 2437 καθ’
938 2383 1067 2453 ὅλης
1103 2384 1205 2455 τῆς
1246 2386 1571 2457 οἰκουμένης
1613 2387 1721 2441 τῶν
1762 2388 1931 2443 ἐθνῶν

358 2475 631 2549 ἄρχοντες,
662 2476 795 2529 οἵτε
822 2477 961 2531 κατά
991 2479 1216 2548 χρόνους
1243 2477 1481 2549 βασιλεῖς
1512 2480 1611 2550 τῆς
1639 2480 1761 2552 γῆς,
1788 2481 1840 2534 τί
1866 2481 1931 2555 δὴ

357 2567 618 2631 παθόντες
639 2567 829 2633 δεινὸν,
862 2569 894 2640 ἢ
932 2570 985 2622 τί
1025 2569 1201 2640 λέγειν
1235 2568 1449 2642 ἔχοντες
1477 2570 1728 2643 διαϐολῆς
1760 2573 1929 2639 ἄξιον,

355 2659 489 2731 ὁμοῦ
531 2660 623 2713 καὶ
669 2660 811 2714 κατὰ
855 2660 914 2713 τὸ
950 2661 1079 2715 αὐτὸ
1113 2663 1286 2734 κακὴν
1324 2662 1528 2734 ταύτην
1577 2664 1931 2729 συνετάξαντο

361 2752 701 2823 συμφωνίαν,
735 2749 810 2814 ὼς
859 2752 987 2822 μίαν
1038 2753 1326 2825 ἐπιϐουλὴν
1373 2756 1603 2826 ἀρτῦσαι
1657 2757 1751 2810 καὶ
1802 2758 1932 2829 μίαν

356 2844 529 2914 ἀσεϐῆ
561 2844 787 2915 γνώμην
828 2844 1214 2915 βουλεύσασθαι
1245 2846 1388 2900 κατά
1419 2845 1513 2900 τοῦ
1543 2845 1649 2899 τῶν
1678 2847 1813 2900 ὅλων
1843 2849 1931 2901 δε-

362 2933 556 2986 σπότου
589 2951 649 2986 τε
675 2935 768 2986 καὶ
799 2934 1057 3004 βασιλέως
1091 2936 1246 3009 Θεοῦ,
1273 2938 1364 2991 καὶ
1397 2937 1539 2992 κατά
1572 2936 1664 2991 τοῦ
1696 2936 1931 3009 Χριστοῦ

362 3022 559 3088 autcf);
592 3026 654 3077 Οἱ
688 3024 817 3093 γοῦν
857 3026 947 3079 τὸν
974 3027 1079 3079 ὑπὸ
1111 3028 1204 3081 τοῦ
1242 3030 1459 3083 πάντων
1490 3030 1691 3101 Κυρ⁷ου
1738 3046 1797 3082 τε
1840 3030 1933 3082 καὶ

360 3115 496 3168 Ε)εοῦ
528 3116 930 3186 ἀπεσταλμένον
958 3118 1262 3190 ἀνθρώποις
1289 3121 1515 3193 Σωτῆρα
1551 3121 1931 3192 πολεμοῦντες,

360 3206 676 3270 ἱλαύνοντές
700 3224 758 3260 τε
784 3207 944 3261 αὑτοῦ
966 3210 1064 3279 τὴν
1092 3209 1436 3265 διδασκαλίαν
1458 3213 1551 3265 xal.
1578 3212 1674 3282 τὴν
1708 3213 1934 3285 Ἐκκλη-

359 3305 481 3353 σίαν
526 3298 688 3352 αὑτοῦ
715 3300 853 3353 κατὰ
884 3300 1109 3371 χρόνους
1138 3300 1422 3366 διώκοντες
1450 3302 1688 3373 βασιλεῖς
1717 3306 1810 3357 καὶ
1838 3306 1935 3378 ἄρ-

359 3408 547 3462 χοντες
570 3391 668 3463 τῆς
705 3393 807 3464 γῆς
845 3392 1130 3465 λελήθασιν
1162 3396 1223 3448 οὐ
1262 3395 1419 3466 μόνον
1449 3398 1529 3461 εἰς
1559 3397 1650 3450 τὸν
1680 3395 1932 3469 Χριστὸν,

362 3483 499 3539 ἀλλά
527 3487 621 3538 καὶ⁵
667 3488 747 3550 είς
788 3486 880 3541 τὸν
908 3486 1286 3543 ἀπεσταλκότα
1312 3489 1472 3542 αὐτὸν
1506 3489 1831 3554 ἐκτείνοντες
1866 3489 1936 3544 τὰ

362 3577 451 3649 τῆς
480 3576 752 3640 ἀσεϐείας.
781 3578 1014 3649 Χριστὸν
1051 3579 1148 3650 μὲν
1176 3575 1269 3634 οὖν
1295 3581 1553 3652 ὀνομαστὶ
1584 3582 1690 3636 ὑπὸ
1724 3572 1939 3655 ἀνθρὼέ

361 3686 475 3722 πων
512 3670 988 3744 ἐπιϐουλευόμενον
1030 3672 1218 3743 σαφῶς
1249 3675 1306 3726 ἐν
1347 3674 1555 3739 τούτοις
1582 3676 1609 3728 ὁ
1646 3676 1802 3743 λόγος
1845 3673 1934 3728 θε-

2104 1012 2267 1070 Vens.
2307 1014 2358 1067 ἓ.
2398 1015 2689 1069 Astiterunt
2714 1029 2853 1083 reges
2884 1023 3069 1076 terra.
3099 1022 3149 1068 et
3180 1012 3441 1083 principes
3468 1030 3595 1068 cou-

2032 1116 2280 1161 renerunt
2317 1107 2375 1160 in
2416 1123 2575 1160 unum
2601 1146 2616 1169 ,
2654 1104 2910 1160 adversus
2946 1104 3225 1159 Dominum
3256 1114 3306 1160 et
3342 1105 3590 1161 adversus

2031 1197 2299 1251 Christum
2320 1196 2453 1266 ejus.
2483 1195 2732 1251 Salvator
2769 1195 3081 1250 hominibus
3109 1195 3325 1252 advenit
3343 1195 3592 1253 Christus

2032 1288 2166 1354 Dei;
2203 1287 2471 1354 Salvator,
2504 1288 2745 1358 inquam,
2770 1296 2825 1342 et
2871 1287 3139 1343 luminare
3183 1287 3433 1358 gentibus
3471 1288 3596 1342 uni-

2030 1379 2202 1435 versis
2223 1420 2237 1445 ,
2270 1380 2462 1435 doctor
2486 1379 2736 1450 pietatis,
2769 1386 2959 1433 auctor
2995 1378 3393 1447 temperantiae,
3428 1378 3593 1449 justi-

2034 1472 2120 1526 tiae
2156 1471 2386 1528 antistes
2408 1511 2423 1535 ,
2454 1471 2698 1526 omnium
2728 1469 2994 1525 virtutum
3029 1485 3093 1524 ac
3126 1469 3323 1524 divinae
3351 1486 3596 1540 veraeque

2031 1562 2361 1631 cognitionis
2391 1575 2579 1616 causa.
2621 1559 2732 1615 Cur
2759 1575 2926 1631 ergo.
2971 1560 3182 1630 inquit,
3224 1576 3322 1631 pro
3362 1568 3440 1616 tot
3478 1570 3596 1614 tan-

2035 1662 2323 1724 torumque
2355 1653 2625 1708 bonorum
2657 1652 2895 1707 adventu
2929 1660 3120 1723 gentes
3155 1653 3598 1707 tumultuantur?

2037 1744 2092 1799 Si
2126 1743 2173 1800 is
2208 1744 2429 1799 advenit
2464 1743 2557 1814 qui
2593 1741 2798 1813 Moysis
2830 1742 3001 1814 legem
3036 1744 3223 1813 implet
3255 1758 3319 1797 ac
3352 1743 3595 1812 perlicit.

2035 1845 2094 1892 ut
2134 1838 2249 1907 ipse
2285 1834 2524 1891 declarat
2567 1835 2653 1890 his
2693 1837 2875 1892 verbis
2913 1852 2926 1891 :
2961 1834 3083 1890 Νυη
3125 1836 3239 1889 veni
3282 1834 3481 1890 solvere
3511 1836 3592 1891 le-

2032 1944 2144 1999 gem
2167 1968 2182 1991 ,
2218 1926 2307 1982 sed
2339 1926 2623 1996 adimplere
2654 1930 2699 1994 τι
2743 1928 2789 1983 si
2839 1943 2932 1997 per
2981 1927 3158 1997 ipsum
3198 1926 3421 1981 oracula
3473 1941 3599 1998 pro-

2036 2021 2321 2090 phetarum
2358 2020 2517 2074 linem
2552 2029 2709 2075 nacta
2742 2027 2872 2075 sunt
2903 2038 2917 2081 ;
2949 2018 3079 2090 quid
3112 2034 3293 2074 causa:
3320 2027 3404 2074 est
3433 2033 3533 2074 cur
3560 2018 3596 2074 ii

2034 2113 2128 2181 qui
2164 2113 2278 2168 haec
2310 2112 2668 2174 meditantur,
2701 2113 2815 2168 haec
2851 2114 2906 2167 in
2948 2127 3043 2167 ore
3090 2111 3234 2168 ferre
3264 2118 3597 2183 procurant,

2034 2203 2247 2259 Judaici
2278 2203 2532 2261 videlicet
2562 2206 2748 2275 populi
2771 2245 2787 2271 ,
2812 2220 3008 2260 vanam
3041 2205 3308 2261 adversus
3335 2221 3459 2261 eum
3489 2222 3602 2261 me-

2037 2297 2353 2354 ditationem
2385 2307 2438 2354 et
2465 2314 2650 2353 curam
2681 2298 3073 2369 susceperint?
3103 2298 3216 2352 lmo
3245 2312 3375 2354 vero
3406 2299 3605 2370 princi-

2038 2406 2134 2460 pes
2162 2391 2400 2460 gentium
2433 2406 2530 2461 per
2562 2392 2883 2446 universum
2917 2392 3104 2447 orbem
3130 2433 3145 2454 ,
3173 2399 3229 2446 et
3258 2405 3414 2461 reges
3446 2398 3603 2445 terrae

2039 2482 2131 2551 qui
2166 2482 2333 2537 variis
2364 2483 2703 2553 temporibus
2732 2483 3071 2538 dominatum
3112 2483 3400 2539 obtinuere
3421 2524 3436 2546 ,
3470 2483 3599 2553 quid

2039 2589 2201 2645 grave
2244 2576 2520 2645 perpessi,
2561 2591 2793 2645 quamve
2835 2577 3205 2632 calumniandi
3248 2584 3300 2631 et
3342 2577 3602 2647 querendi

2037 2679 2257 2720 causam
2305 2665 2604 2731 habentes,
2649 2682 2756 2719 una
2805 2681 2997 2723 omnes
3039 2668 3095 2722 in
3130 2669 3268 2722 hanc
3300 2667 3603 2738 improbam

2039 2757 2386 2813 concordiam
2421 2757 2638 2812 adducti
2670 2766 2819 2823 sunt,
2852 2768 2907 2813 ut
2956 2758 3184 2814 insidias
3220 2759 3383 2815 simul
3426 2768 3605 2816 strue-

2039 2858 2191 2911 rent,
2227 2849 2567 2919 impiumque
2597 2847 2893 2903 consilium
2941 2847 3140 2903 inirent
3182 2847 3442 2904 adversus
3482 2850 3603 2903 uni-

2038 2957 2255 2997 versum
2308 2939 2592 2995 dominum
2641 2955 2704 2993 ac
2751 2955 2929 3010 regem
2983 2939 3189 3005 Deum,
3240 2948 3293 2995 et
3342 2937 3607 2996 adversus

2037 3032 2316 3089 Christum
2347 3032 2467 3103 ejus
2489 3030 2563 3087 ?li
2596 3047 2725 3103 ergo
2753 3032 2849 3102 qui
2881 3030 3142 3087 adversus
3159 3030 3516 3096 Salvatorem,
3539 3032 3607 3085 ah

2039 3125 2281 3180 omnium
2316 3122 2546 3181 Domino
2585 3139 2648 3179 ac
2689 3123 2798 3179 Deo
2830 3125 3140 3179 hominibus
3170 3124 3394 3179 missum
3417 3166 3432 3188 ,
3467 3124 3607 3179 bella

1985 3255 1995 3263 ο
2039 3225 2360 3287 gesserunt,
2409 3216 2613 3287 quique
2657 3216 2961 3271 doctrinam
3009 3215 3129 3285 eius
3163 3215 3411 3270 insectati
3440 3221 3606 3274 sunt.

2042 3308 2451 3379 Ecclesiamque
2484 3307 2719 3363 diversis
2759 3307 3098 3377 temporibus
3124 3318 3421 3371 vexarunt,
3453 3322 3609 3376 reges

2041 3400 2299 3454 nimirum
2342 3413 2406 3453 ac
2446 3398 2720 3468 principes
2761 3406 2949 3462 terrae,
2986 3399 3371 3467 ignoraverunt
3400 3411 3461 3450 se
3494 3411 3601 3449 non

2042 3490 2201 3546 modo
2233 3497 2423 3545 contra
2452 3488 2762 3551 Christum,
2801 3487 2896 3541 sed
2925 3487 3087 3541 etiam
3117 3484 3382 3539 adversus
3411 3498 3537 3538 eum
3574 3500 3605 3537 a

2041 3597 2150 3654 quo
2195 3582 2398 3637 missus
2427 3579 2679 3635 Christus
2730 3586 2851 3636 est.
2910 3576 3239 3647 impietatem
3287 3574 3604 3630 extendisse

2040 3689 2214 3731 suam.
2240 3673 2514 3728 Christum
2544 3671 2708 3743 igitur
2735 3668 3052 3723 nominatim
3079 3666 3290 3723 insidiis
3323 3666 3604 3722 hominum

363 3760 561 3825 σπίζει.
601 3762 809 3833 Προϊὼν
837 3763 892 3817 δὲ
922 3765 1015 3817 καὶ
1050 3764 1176 3818 Υίδν
1200 3765 1292 3819 τοῦ
1323 3765 1456 3819 Θεοῦ
1481 3767 1767 3837 ὀνομάζειο
1801 3767 1930 3821 ἀλλά

2039 3765 2338 3836 appetitum
2361 3803 2377 3827 ,
2412 3770 2597 3833 aperte
2632 3762 2735 3817 hoc
2769 3761 2824 3815 in
2857 3760 3117 3816 vaticinio
3156 3774 3473 3829 expressum
3513 3758 3605 3812 ha-

361 3853 452 3904 xa‘t
485 3853 684 3924 κλῆρον
708 3854 851 3926 αὑτῷ
876 3856 1022 3926 παρά
1054 3856 1147 3909 τοῦ
1178 3857 1389 3929 Πατρὸς
1414 3856 1732 3927 δοθήσεσθαι
1764 3861 1930 3914 πάντα

2037 3858 2230 3912 bemus
2254 3875 2269 3921 ;
2292 3858 2345 3911 in
2373 3854 2724 3927 sequentibus
2749 3864 2927 3910 autem
2948 3851 3116 3908 Filius
3132 3850 3224 3908 Dei
3256 3854 3605 3916 nominatur;

360 3943 426 3998 tit
468 3943 594 4015 ἔθνη
630 3946 722 3998 καὶ
763 3946 828 3999 τά
862 3947 1073 4018 πέρατα
1099 3948 1199 4018 τῆς
1234 3949 1337 4019 γῆς
1380 3947 1655 4002 διδάσκει·
1690 3949 1725 4003 ἃ.
1752 3950 1814 4020 δὴ
1846 3951 1930 4003 ἐπὶ

2041 3950 2133 4003 scd
2180 3949 2340 4003 etiam
2381 3947 2642 4001 docemur
2686 3953 2874 4017 gentes
2916 3959 3108 4000 omnes
3154 3943 3398 4014 ﬁnesque
3444 3952 3606 3999 terra:

365 4037 509 4107 μόνῳ
552 4036 631 4107 τῷ
661 4037 911 4110 ἡμετέρῳ
945 4038 1156 4111 Σωτῆρι
1196 4041 1600 4111 πεπληρωμένα
1644 4041 1935 4095 δείκνυται.

374 4126 524 4180 Ἐπεὶ
568 4127 623 4181 δὲ
655 4128 909 4197 γεγόνασι
959 4130 1107 4201 παρά
1145 4131 1416 4195 Ἰουδαίοις
1458 4132 1551 4185 καὶ
1582 4132 1758 4203 ἕτεροι
1800 4133 1935 4204 Χρι-

363 4219 497 4281 moi,
534 4220 696 4290 ἱερεῖς
723 4219 919 4291 δηλαδὴ
948 4222 1040 4274 καὶ
1074 4220 1311 4291 βασιλεῖς
1349 4221 1443 4275 τοῦ
1476 4222 1686 4286 ἔθνους,
1733 4222 1939 4292 σκοπή-

360 4328 475 4376 σεις
515 4312 607 4364 ἐπὶ
646 4313 792 4376 τίνος
829 4312 1031 4367 τούτων
1066 4314 1133 4366 τά
1164 4313 1527 4385 θεσπιζόμενα
1557 4312 1899 4385 συμϐέϐηκεν
1921 4330 1933 4345 ⁸

361 4401 414 4453 εί
432 4410 517 4466 τις
556 4403 650 4456 καὶ
674 4401 832 4466 ἄλλος
874 4402 1300 4468 ἐπιϐουλεύεται,
1336 4406 1494 4468 εἴτις
1524 4405 1650 4468 Υἱὸς
1681 4403 1816 4457 Θεοῦ
1845 4404 1937 4457 κέ-

365 4491 574 4562 κληται,
606 4495 658 4547 εἴ
698 4512 784 4559 τις
832 4494 939 4549 τῶν
970 4494 1139 4550 ἐθνῶν
1179 4497 1433 4550 ἁπάντων
1473 4497 1814 4568 κεκράτηκεν
1840 4513 1853 4527 ο
1890 4496 1944 4549 εί

366 4600 446 4645 τις
500 4584 617 4636 καθ’
672 4585 802 4658 ὅλης
855 4588 1089 4658 Χριστὸς
1142 4587 1389 4659 ἐγνώσθη
1439 4588 1541 4659 τῆς
1592 4589 1936 4661 οἰκουμένης.

2041 4040 2095 4093 in
2128 4039 2496 4093 haereditatem
2530 4038 2634 4108 ipsi
2666 4053 2695 4090 a
2721 4035 2886 4091 Patre
2908 4035 3196 4092 donandos
3222 4054 3236 4089 ι
3267 4051 3391 4106 quae
3421 4037 3605 4090 omnia

2041 4130 2097 4183 in
2134 4143 2243 4183 uno
2277 4126 2559 4183 Salvatore
2591 4135 2779 4181 nostro
2810 4128 3077 4196 completa
3109 4140 3233 4180 esse
3262 4126 3607 4181 demonStra-

2039 4231 2150 4277 tur.
2207 4220 2345 4287 Quia
2388 4236 2521 4275 vero
2565 4218 2710 4292 apud
2752 4217 2969 4274 Juda’os
3014 4218 3105 4271 alii
3153 4215 3359 4272 Christi
3417 4216 3601 4281 fuere,

2042 4312 2358 4368 sacerdotes
2383 4311 2634 4365 videlicet
2657 4317 2712 4365 et
2739 4324 2894 4381 reges
2920 4310 3102 4381 gentis
3128 4308 3308 4375 illius;
3338 4308 3607 4378 perpende

2040 4404 2173 4457 mihi
2192 4444 2208 4468 ,
2234 4418 2439 4474 qureso,
2462 4403 2551 4457 cui
2582 4386 2793 4465 eorum,
2826 4402 3023 4471 quaein
3051 4399 3310 4455 vaticinio
3334 4398 3603 4465 feruntur,

2041 4495 2356 4565 contigere:
2391 4509 2522 4547 num
2556 4494 2681 4563 quis
2724 4492 2863 4545 alius
2913 4490 3131 4547 insidiis
3177 4488 3449 4560 appetitus
3491 4490 3602 4554 sit;

2043 4603 2172 4641 num
2208 4586 2331 4656 quis
2364 4584 2533 4639 Filius
2566 4582 2657 4638 Dei
2689 4583 2970 4650 audierit;
3021 4598 3151 4637 num
3193 4585 3318 4654 quis
3352 4583 3604 4653 gentibus

376 4673 511 4725 Ἀλλ’
555 4676 651 4728 οὐκ
704 4676 772 4730 ἂν
812 4677 925 4749 ἔχοι
961 4697 1045 4743 τις
1081 4682 1254 4734 εἰπεῖν
1280 4698 1293 4711 ·
1346 4680 1504 4750 μόνος
1538 4681 1647 4753 γὰρ
1679 4684 1707 4736 ὁ
1749 4680 1930 4752 Σωτὴρ

2043 4676 2314 4733 universis
2346 4674 2626 4744 imperarit
2654 4692 2668 4739 ;
2704 4688 2835 4727 num
2868 4674 2993 4743 quis
3024 4688 3121 4743 per
3163 4672 3478 4729 universum
3514 4689 3607 4729 or-

366 4764 521 4835 ἡμῶν
568 4767 769 4837 Ἰησοῦς
800 4772 1036 4844 Χριστὸς
1068 4774 1165 4843 τῆς
1206 4772 1409 4838 οἰκείας
1439 4774 1809 4846 προσηγορίας
1848 4773 1930 4825 τὸν

2043 4770 2161 4825 hem
2194 4778 2252 4823 ut
2282 4767 2535 4823 Christus
2567 4765 2788 4820 habitus
2823 4763 3005 4820 fuerit.
3055 4763 3160 4821 Sed
3198 4764 3468 4821 neminem
3501 4766 3605 4819 hu-

364 4856 654 4928 σύμπαντα
699 4863 1005 4937 κατέπλησε
1050 4866 1271 4939 κόσμον,
1310 4866 1648 4940 Χριστιανῶν
1680 4865 1738 4932 ἐξ
1773 4863 1930 4918 αὑτοῦ

2041 4860 2284 4932 jusmodi
2327 4859 2611 4957 quispiam‘
2655 4857 2900 4931 proferre
2944 4858 3160 4926 valeat;
3191 4856 3343 4913 solus
3372 4872 3606 4926 namque

365 4951 544 5004 πᾶσαν
593 4952 692 5023 τὴν
738 4957 1059 5030 οἰκουμένην
1112 4956 1425 5032 πληρώσας,
1489 4960 1585 5015 καὶ
1642 4960 1734 5012 ἐπὶ
1788 4959 1930 5029 μόνῳ

2045 4953 2291 5007 Salvator
2309 4959 2492 5006 noster
2505 4946 2667 5005 Jes'us
2681 4947 2930 5004 Christus
2954 4987 2968 5012 ,
3001 4949 3104 5003 hoc
3146 4963 3247 5003 suo
3278 4948 3495 5001 nomine
3521 4956 3604 5000 to-

363 5041 511 5113 αὒτῷ
536 5042 763 5109 ἕκαστος
788 5047 895 5100 τῶν
920 5052 1223 5122 εἰρημένων
1255 5052 1440 5116 τέλους
1471 5052 1677 5124 ἔτυχεν.

2047 5054 2161 5100 tum
2193 5042 2507 5113 adimplevit
2540 5041 2747 5107 orbem,
2780 5040 2908 5094 dum
2923 5039 3249 5094 Christianis
3268 5051 3369 5094 suo
3384 5037 3600 5092 nomine

363 5136 442 5192 sic
457 5138 664 5194 vocatis
680 5139 987 5195 universam
1020 5152 1217 5199 terrain
1257 5148 1478 5217 replevit
1509 5166 1521 5201 :
1546 5155 1707 5214 atque
1737 5146 1791 5200 in
1823 5145 1925 5199 hoc
1955 5144 2072 5199 solo
2101 5154 2222 5211 quae
2246 5137 2389 5193 dicta
2414 5141 2542 5192 sunt
2557 5133 2739 5190 omnia
2764 5132 2834 5188 ad
2868 5133 3160 5189 terminum
3188 5132 3419 5188 deducta
3452 5138 3595 5185 sunt-

980 5259 1082 5312 Διά
1090 5264 1315 5330 unum.

432 5362 506 5417 Τὸ
530 5365 806 5438 διάψαλμα
823 5366 976 5440 παρὰ
1001 5371 1112 5433 τοῖς
1139 5370 1535 5445 Ἐϐδομήκοντα
1577 5379 1775 5438 κεῖται,
1804 5376 1930 5429 οὑκ-

2106 5360 2167 5414 ln
2220 5357 2575 5431 Septuaginta
2622 5357 3016 5429 lnterpretibus
3062 5359 3216 5415 adest
3264 5353 3594 5445 diapsalma,

358 5454 442 5510 ἐτι
474 5454 532 5510 δὲ
584 5457 735 5530 παρὰ
797 5459 1110 5514 Θεοδοτίωνι
1153 5463 1248 5515 καὶ
1292 5442 1589 5538 Συμμάχῳ.
1636 5467 1826 5521 Καίτοι
1867 5484 1930 5536 γε

2037 5453 2132 5510 sed
2151 5467 2263 5508 non
2282 5452 2425 5524 apud
2446 5450 2873 5508 Theodotionem
2890 5458 2945 5508 et
2962 5449 3367 5523 Symmachum,
3382 5442 3594 5499 etiamsi

361 5544 585 5600 εἰώθασι
637 5548 895 5613 πολλάκις
936 5549 1171 5622 χρῆσθαι
1213 5554 1279 5623 τῇ
1325 5550 1465 5630 λέξει
1494 5536 1684 5630 ταύτῃ
1728 5556 1930 5627 ὁμοίως

2037 5548 2141 5620 ipsi
2175 5546 2496 5619 plerumque
2527 5545 2630 5600 hac
2663 5559 2797 5600 voce
2834 5544 3157 5602 uti.soleant
3185 5536 3405 5611 perinde
3433 5544 3595 5606 atque

357 5638 471 5700 τοῖς
510 5639 930 5712 Ἐϐδομήκοντα.
968 5642 1059 5696 Διὸ
1107 5642 1273 5707 είκδς,
1300 5647 1349 5699 εί
1392 5626 1487 5699 καὶ
1531 5646 1589 5701 τὸ
1641 5626 1930 5719 πρόσωπον

2040 5641 2397 5716 Septuaginta
2429 5638 2775 5711 interpretes.
2807 5637 3171 5707 Quapropter,
3203 5631 3306 5687 etsi
3350 5631 3438 5688 hic
3472 5646 3593 5703 per-

2651 5243 2987 5312 Diapsalma.

434 5795 454 5827 ν
498 5795 684 5852 Μυιώ.
722 5815 770 5864 v,
815 5799 903 5855 i7.
