4042 6210
460 349 529 395 δῖ’»
1166 334 1428 392 EUSEBII
1455 334 1927 394 CmSAﬂlENSlS
1962 341 2107 394 Ul’l’.
2145 343 2323 394 PARS
2362 344 2446 396 ill.
2486 372 2554 384 -
2589 342 2999 398 EXEGETICA.
3596 343 3662 391 δι

459 451 650 490 sonam
673 435 981 496 mutaverit,
1007 449 1104 502 par
1127 434 1225 486 luit
1250 432 1494 487 eumdem
1521 432 1757 487 musices
1786 433 2001 487 modum

2118 436 2499 506 μεταϐέϐληκε,
2516 434 2606 487 τὸν
2625 448 2877 505 μουσικον
2894 437 3095 505 ρυθμον
3114 448 3238 503 τετη
3247 429 3452 502 ρεῖσθαι
3469 428 3665 501 (ί),καὶ

439 526 686 588 τεῖναι-ἰ,
733 531 896 594 atque
923 522 1068 587 {ideo
1110 538 1139 576 a
1182 520 1546 577 Theodotione
1584 530 1640 577 et
1687 522 2010 595 Symmacho

2112 525 2199 578 διὰ
2222 525 2375 578 τοῦτο
2411 528 2484 596 μὴ
2515 524 2951 596 προστεθεικέναι
2977 524 3038 576 τὸ
3067 522 3339 592 διάψαλμα
3361 521 3452 574 τὸν
3482 519 3666 573 Θεοδο-

456 630 567 672 non
596 616 832 687 positum
861 614 1030 672 fuisse
1047 613 1342 683 diapsalma
1374 612 1605 669 videtur.
1636 612 2010 683 Dirumpamus

2118 618 2277 672 τίωνα
2318 618 2412 671 καὶ
2460 616 2551 670 τὸν
2599 615 2913 688 Σύμμαχον.
2959 614 3365 683 Διαρῤήξωμεν
3395 611 3534 677 τοὺς
3568 611 3664 665 δε-

456 710 663 763 vincula
703 723 905 772 eorum,
951 715 998 760 et
1024 704 1361 773 proﬁciamus
1398 721 1430 757 a
1471 704 1618 759 nobis
1649 705 1837 775 jugum
1870 707 2011 775 ipso-

457 815 592 855 rum.
646 799 751 866 Qui
797 798 1000 851 habitat
1042 797 1098 849 in
1143 794 1285 850 ctzlis
1343 794 1585 850 irridebit
1630 812 1756 859 eos,
1814 806 1863 850 et
1903 796 2012 854 Do-

456 895 631 946 minus
686 889 1024 945 subsannabit
1069 906 1178 944 eos.
1227 887 1426 943 Primis
1462 888 1713 944 versibus
1755 889 1849 959 qui
1889 898 2013 946 ante

454 981 753 1050 diapsalma
783 980 875 1034 siti
902 987 1080 1044 erant,
1110 987 1365 1050 putamus
1409 978 1575 1035 hosce
1613 994 1831 1050 quoque
1862 978 2010 1050 adje-

456 1078 573 1125 ctos
606 1069 794 1124 fuisse.

528 1159 690 1215 Vens.
720 1161 775 1215 5.
817 1159 1204 1227 Dirumpamus
1236 1159 1442 1213 vincula
1468 1175 1673 1225 eorum,
1696 1170 1744 1213 et
1762 1159 2013 1229 projicia—

454 1268 569 1306 mus
598 1268 632 1305 a
658 1250 805 1306 nobis
826 1252 1017 1322 jugum
1045 1253 1297 1320 ipsorum.
1329 1249 1531 1306 Gentes
1552 1251 1787 1306 vinculis
1818 1267 2012 1321 Pecca-

455 1350 630 1394 tornm
670 1356 896 1396 suorum
923 1341 1256 1404 constrictae,
1298 1356 1474 1410 neque
1505 1340 1707 1403 liberae,
1742 1341 1857 1396 suis
1886 1342 2014 1410 ipsae

453 1431 613 1486 malis
641 1433 989 1502 colligantur.
1011 1432 1208 1501 Aitque
1232 1432 1509 1496 Christus,
1538 1433 1653 1487 sive
1676 1434 1881 1504 angelis
1911 1433 2012 1488 sibi

453 1524 915 1587 ministrantibus,
953 1522 1068 1578 sive
1111 1522 1259 1576 Patri
1286 1531 1340 1578 et
1369 1522 1590 1593 Spiritui
1646 1535 1855 1583 sancto.
1898 1525 2012 1580 sive

454 1616 619 1671 tertio
648 1616 912 1686 apostolis
958 1619 1075 1671 suis
1109 1623 1163 1670 et
1201 1613 1478 1683 Evangelii
1513 1615 1872 1684 prteconibus,
1921 1631 2014 1669 co-

457 1706 683 1763 hortaus
709 1723 802 1762 eos
831 1707 897 1763 ad
919 1706 1177 1763 solvenda
1200 1706 1670 1776 dirumpendaque
1699 1706 2012 1776 bujnsmodi

460 1796 712 1850 vincula:
742 1796 1124 1866 Dirumpamus
1175 1795 1383 1850 vincula
1436 1812 1636 1850 eorum.
1677 1795 1867 1866 Populi
1917 1812 2015 1850 au-
2044 1782 2089 1836 Β

458 1895 564 1940 tem
616 1887 711 1957 qui
759 1887 862 1942 sub
905 1887 1038 1956 jugo
1088 1888 1222 1958 legis
1268 1891 1623 1961 corporaliter
1660 1887 2011 1952 detinentur;

418 1992 428 2000 ‘
455 1977 615 2047 cujus
641 1978 1008 2048 despicientiae
1037 1990 1229 2035 auctor
1257 1982 1374 2052 ipse
1402 1990 1508 2044 est,
1549 1988 1735 2050 utpote
1767 1994 1886 2049 qua:
1917 1978 2014 2030 in-

456 2070 648 2123 slituta
701 2084 767 2124 ac
803 2079 1072 2139 praecepta
1111 2088 1222 2126 non
1277 2073 1419 2128 bona
1466 2073 1877 2144 complectatur,
1918 2085 2014 2140 per

453 2161 731 2217 Lliristum
757 2161 975 2216 adducti
991 2162 1060 2216 ad
1082 2164 1252 2235 legem
1271 2164 1633 2234 spiritualem,
1662 2162 1925 2217 institutis
1948 2176 2013 2215 ac

456 2252 739 2323 praeceptis
786 2252 947 2307 bonis
978 2253 1324 2322 instructam,
1375 2271 1540 2326 grave
1585 2255 1888 2311 occidentis
1923 2256 2015 2308 lit-

457 2353 585 2398 terae
607 2344 799 2414 jugum
833 2342 1133 2415 deponunt,
1162 2345 1444 2402 Salvatore
1474 2348 1759 2418 praedictos
1790 2347 2010 2401 commi-

455 2435 660 2489 nistros
698 2449 828 2489 suos
856 2436 936 2490 sic
976 2436 1338 2507 compellante
1363 2456 1376 2492 :
1402 2437 1759 2507 Projiciamus
1800 2455 1833 2491 a
1864 2438 2011 2491 nobis

450 2524 638 2594 iugum
677 2527 930 2595 ipsorum.
959 2526 1094 2581 lllud
1128 2536 1331 2592 autem,
1361 2545 1393 2582 a
1434 2528 1602 2591 nobis,
1634 2530 1713 2582 sic
1754 2529 2013 2598 explicari

457 2623 654 2685 potest.
717 2616 897 2688 ipsum
943 2620 1135 2690 procul
1184 2635 1215 2673 a
1259 2621 1418 2675 nobis
1464 2620 1814 2690 abjiciamus,
1878 2619 2011 2674 nihil

455 2716 776 2766 cunctantes
806 2725 980 2780 neque
1002 2711 1135 2765 moti
1164 2713 1555 2783 supplicatione
1582 2727 1771 2766 eorum
1795 2711 1888 2781 qui
1922 2712 2014 2765 illo

454 2800 626 2874 ﬁngo]
661 2812 979 2859 onerantur.
1014 2803 1129 2859 Hac
1169 2820 1386 2874 quoque
1416 2806 1629 2859 ratione
1662 2803 1816 2871 illud,
1849 2820 1881 2856 a
1923 2819 2016 2855 uo-

455 2896 557 2959 bis,
605 2895 906 2964 intelligere
957 2895 1108 2951 licet.
1163 2894 1275 2966 Ego
1310 2896 1427 2964 ipse
1479 2895 1572 2965 qui
1624 2909 1747 2949 cum
1802 2893 2015 2964 populis

454 2998 594 3037 vana
635 2982 1026 3039 meditantibus
1056 2999 1246 3041 versor
1291 3000 1357 3039 ac
1391 2987 1554 3038 vitam
1593 2999 1715 3053 ago,
1759 2983 1861 3038 sub
1885 2982 2017 3053 jugo

455 3089 646 3129 eorum
690 3088 833 3141 sum,
878 3083 1067 3146 utpote
1115 3076 1496 3131 circumcisus.
1560 3074 1631 3129 Et
1674 3075 2016 3144 proficiamus

443 3176 639 3243 jt'gum
661 3173 915 3240 ipsorum,
954 3168 1008 3223 id
1038 3176 1122 3223 est
1169 3184 1201 3223 a
1237 3183 1324 3224 me
1372 3176 1426 3224 et
1471 3168 1538 3223 ab
1579 3168 1647 3224 iis
1677 3168 1768 3238 qui
1804 3182 2016 3222 mecum

460 3269 835 3331 consentiunt,
874 3276 929 3324 et
958 3268 1150 3339 legem,
1190 3284 1311 3339 qua:
1357 3268 1586 3324 salutem
1624 3268 1846 3324 minime
1887 3283 2019 3323 con-

460 3359 590 3425 fert,
622 3360 781 3431 quasi
812 3358 1180 3416 conferentem
1203 3359 1676 3416 observankSive
1698 3357 1802 3416 hoc
1822 3360 2013 3418 modo:

459 3452 587 3521 quia
609 3452 943 3507 arbitramur
977 3453 1290 3523 impositum
1335 3454 1495 3509 nobis
1545 3468 1685 3508 onus
1712 3453 1845 3507 illud
1874 3467 2016 3519 esse,

451 3544 643 3613 jungam
666 3544 909 3615 ipsorum
942 3544 1315 3615 projiciamus.
1341 3543 1496 3599 Hunc
1518 3545 1662 3600 enim
1685 3543 1936 3599 allectum
1964 3544 2019 3597 in

456 3633 677 3690 Christo
703 3650 824 3690 esse
860 3633 1130 3690 allirmare
1153 3635 1440 3701 audemus,
1472 3634 1544 3690 ob
1572 3634 1746 3706 ipsius
1767 3648 1895 3705 erga
1925 3648 2022 3689 eos

457 3727 550 3796 qni
578 3728 710 3797 jugo
731 3727 1117 3796 opprimuntur
1140 3727 1461 3782 cbaritatem
1487 3745 1502 3794 ;
1529 3728 1706 3797 qualis
1728 3726 1893 3782 etiam
1924 3726 2023 3779 ba-

465 3821 625 3873 hetur
682 3818 737 3873 in
788 3818 1044 3873 omnibus
1099 3819 1471 3873 misericordiae
1509 3820 1655 3887 uiris,
1705 3820 1797 3890 qui
1845 3820 2019 3874 aliena

462 3917 684 3980 peccata
714 3919 774 3965 ut
800 3925 899 3964 sua
931 3917 1209 3979 reputant.

536 3996 704 4053 Vens.
742 3999 797 4053 4.
838 3997 964 4053 Haec
993 3998 1061 4053 de
1090 3997 1402 4053 hominibus
1435 3998 1549 4055 sive
1570 4000 1882 4071 gentilibus,
1908 4000 2021 4055 sive

458 4090 662 4147 ludatis
699 4091 843 4146 dicta
886 4091 1018 4145 sint.
1065 4087 1183 4146 Jam
1225 4104 1351 4145 vero
1398 4089 1553 4155 illud,
1595 4091 1686 4160 qui
1726 4090 1926 4144 habitat
1967 4090 2023 4145 in

461 4183 603 4238 artis
650 4182 909 4249 irridebit,
953 4197 1078 4236 cum
1144 4181 1250 4235 hoc
1298 4182 1696 4253 capulaudum,
1745 4183 2023 4236 astiterunt

461 4294 603 4349 reges
633 4286 805 4342 terra,
838 4290 976 4346 quos
1011 4274 1257 4329 irridebit
1279 4273 1423 4330 Deus
1452 4274 1545 4344 qui
1582 4274 1790 4328 habitat
1821 4275 1874 4329 in
1907 4289 2022 4330 cm-

460 4370 549 4434 lis,
598 4377 784 4441 utpote
832 4376 1048 4423 terrena
1098 4372 1279 4421 mente
1329 4364 1605 4436 Praeditos.
1652 4366 1836 4435 Neque
1877 4367 2022 4420 enim

2111 708 2303 777 σμοὺς
2343 706 2558 773 αὐτῶν,
2601 708 2700 761 καὶ
2740 707 3156 775 ἀπορῤίψωμεν
3199 704 3297 773 ἀφ’
3342 702 3511 773 ἡμῶν
3559 700 3667 757 τὸν

2112 799 2288 868 ζυγὸν
2317 798 2531 854 αὐτῶν.
2584 800 2647 852 '0
2675 797 2963 853 κατοικῶν
3014 798 3084 850 ἐν
3118 794 3389 863 οὐρανοῖς
3423 792 3665 864 ἐκγελά-

2113 906 2282 944 σεται
2320 890 2561 957 αὐτοὺς,
2597 890 2695 943 καὶ
2720 893 2753 944 ό
2781 890 2992 957 Κύριος
3015 886 3394 957 ἐκμυκτηριεῖ
3425 886 3663 952 αὐτούς.

2114 983 2255 1054 Πρὸς
2282 983 2407 1046 τοὺς
2440 981 2687 1054 πρώτους
2716 981 2927 1051 στίχους
2955 981 3078 1043 τοὺς
3112 980 3216 1051 πρὸ
3242 977 3334 1032 τοῦ
3361 977 3663 1049 siccaue-

2112 1090 2202 1136 τος
2230 1072 2507 1144 ἡγούμεθα
2539 1073 2759 1136 τούτους
2786 1070 3143 1126 ἀποδίδοσθαι,

2183 1163 2593 1232 Διαῤῥήξωμεν
2639 1162 2780 1230 τοὺς
2815 1161 3073 1231 δεσμοὺς
3109 1160 3325 1224 αὐτῶν,
3355 1159 3453 1213 καί
3485 1156 3671 1229 ἀποβ-

2064 1310 2073 1326 ,
2106 1258 2378 1326 ῥίψωμεν
2399 1255 2497 1324 ἀφ’
2518 1254 2684 1329 ἡμῶν
2710 1254 2817 1308 τὸν
2846 1252 3024 1322 ζυγὸν
3053 1249 3263 1306 αὐτῶν.
3287 1250 3367 1304 Τὰ
3387 1249 3534 1321 ἔθνη,
3562 1265 3672 1303 σει-

2116 1351 2235 1421 ραῖς
2278 1348 2385 1401 τῶν
2422 1346 2574 1399 ίδίων
2616 1343 2897 1417 ἁμαρτιῶν
2931 1342 3267 1413 σφιγγόμενα
3294 1342 3389 1395 καὶ
3414 1342 3513 1394 οὐκ
3543 1340 3670 1395 ὅντα

2114 1439 2394 1512 ἐλεύθερα,
2446 1439 2652 1492 δέδεται
2699 1440 2811 1502 τοῖς
2857 1437 3004 1500 ἰδίοις
3044 1434 3221 1489 αὐτῶν
3268 1436 3487 1497 κακοῖς-
3519 1433 3613 1487 καὶ
3641 1434 3671 1487 6

2114 1528 2343 1600 Χριστός
2382 1543 2569 1598 φησιν,
2620 1527 2738 1598 ἦτοι
2788 1528 2926 1597 πρὸς
2951 1525 3072 1588 τοὺς
3121 1521 3496 1585 διακονοῦντας
3522 1520 3671 1592 αὑτῷ

2114 1617 2393 1687 ἀγγέλους,
2415 1618 2448 1688 ἦ
2473 1618 2606 1688 πρὸς
2628 1617 2715 1670 τὸν
2741 1617 2960 1688 Πατέρα
2978 1616 3154 1670 καὶτὸ
3178 1613 3399 1685 Πνεῦμα
3415 1613 3477 1666 τὸ
3497 1613 3668 1681 ἅγιον,

2114 1711 2148 1782 ἢ
2185 1711 2365 1781 τρίτον
2391 1710 2513 1773 τοὺς
2561 1708 2883 1774 ἀποστόλους
2927 1709 3021 1763 καὶ
3053 1707 3330 1779 ὑπηρέτας
3372 1705 3465 1760 τοῦ
3495 1705 3670 1774 Εὐαγ-

2117 1801 2317 1871 γελίου,
2351 1800 2678 1872 παρακαλῶν
2722 1801 2918 1864 αὐτοὺς
2960 1801 3053 1853 ἐπὶ
3094 1799 3185 1854 τὸν
3211 1796 3549 1868 διασπασμὸν
3577 1796 3671 1849 καὶ

2116 1890 2213 1962 τὴν
2234 1888 2511 1961 διάρρηξιν
2534 1890 2729 1955 αὑτῶν,
2745 1889 2823 1942 τό·
2838 1888 3245 1958 Διαῤῥήξωμεν
3262 1886 3401 1953 τοὺς
3415 1884 3673 1955 δεσμοὺς

2118 1981 2333 2036 αὐτῶν.
2370 1983 2432 2035 Oi
2473 1981 2528 2035 δὲ
2574 1980 2711 2047 λαοὶ,
2759 1980 2864 2033 ὑπὸ
2904 1980 2995 2034 τὸν
3040 1978 3199 2047 ζυγὸν
3230 1977 3551 2049 σωματικῶς
3578 1975 3671 2030 τοῦ

2118 2075 2281 2146 νόμου
2335 2074 2711 2144 τυγχάνοντες,
2766 2067 2827 2127 οῦ
2881 2072 3118 2126 διδάσκει
3172 2072 3545 2141 καταφρονεῖν,
3597 2068 3674 2133 ὡς

2119 2166 2462 2237 περιέχοντος
2490 2162 2832 2236 δικαιώματα
2872 2164 2933 2216 οὐ
2960 2162 3121 2228 καλὰ,
3149 2163 3243 2215 καὶ
3280 2160 3674 2233 προστάγματα

2117 2260 2175 2312 οὐ
2207 2258 2365 2323 καλὰ,
2401 2260 2796 2330 προσαγόμενοι
2820 2256 2907 2309 διὰ
2929 2255 3022 2308 τοῦ
3054 2253 3287 2327 Χριστοῦ
3319 2253 3397 2325 τῷ
3434 2270 3674 2325 πνευμα-

2118 2351 2254 2422 τικῷ
2283 2352 2431 2422 νόμῳ
2470 2351 2644 2422 ἔχοντι
2684 2348 2752 2403 τὰ
2782 2348 2919 2402 καλὰ
2946 2345 3283 2416 δικαιώματα
3320 2344 3415 2399 καὶ
3442 2344 3679 2416 προστά-

2119 2460 2302 2515 γματα
2328 2442 2488 2506 καλὰ,
2517 2440 2857 2495 ἀποτίθενται
2888 2439 2978 2492 τὸν
3012 2438 3180 2510 βαρὺν
3210 2436 3303 2490 τοῦ
3335 2436 3676 2491 ἀποκτείνον-

2118 2553 2209 2599 τος
2238 2535 2557 2607 γράμματος
2583 2534 2763 2603 ζυγὸν,
2794 2531 2887 2586 τοῦ
2930 2531 3179 2603 Σωτῆρος
3211 2530 3505 2600 φάσκοντος
3540 2527 3675 2600 πρὸς

2118 2628 2244 2690 τοὺς
2299 2624 2726 2697 προειρημένους
2773 2622 3065 2694 συνεργοὺς
3104 2621 3185 2684 τὸ,
3243 2620 3676 2692 Ἆπρρῤιψωμεν

2119 2720 2217 2787 ἀφ’
2263 2717 2432 2788 ἡμῶν
2477 2716 2582 2770 τὸν
2627 2714 2800 2785 ζυγὸν
2845 2712 3062 2770 αὐτῶν.
3113 2711 3185 2764 Τὸ
3232 2710 3307 2775 δὲ,
3335 2712 3435 2778 ἀφ’
3484 2707 3671 2778 ἡμῶν,

2119 2811 2337 2864 δύναται
2368 2807 2604 2862 τοιοῦτον
2636 2803 2794 2861 εἶναι’
2849 2806 2964 2874 Ἀφ’
3004 2803 3209 2857 ἑαυτῶν
3240 2802 3548 2872 ποιήσωμεν
3596 2799 3672 2870 μὴ

2123 2901 2531 2971 περιμείναντες
2572 2898 2671 2969 τὴν
2699 2897 2879 2968 δέησιν
2901 2895 3009 2948 τῶν
3050 2893 3413 2965 βαρουμὲνων.
3444 2889 3669 2946 Aderat

2121 2992 2176 3045 δὲ
2206 2991 2287 3054 τὸ,
2318 2991 2418 3059 ἀφ’
2454 2987 2641 3058 ἡμῶν,
2691 2989 2783 3041 καὶ
2821 2986 2961 3039 οὕτω
3009 2984 3243 3039 νοεῖσθαι
3264 3000 3279 3013 ⁸
3314 2984 3481 3054 Κάγὼ
3524 2982 3671 3054 παρὰ

2121 3085 2231 3145 τοῖς
2274 3081 2418 3145 λαοῖς
2459 3083 2570 3145 τοῖς
2615 3076 2874 3151 μελετῶσι
2911 3076 2978 3132 τὰ
3024 3073 3154 3131 κενὰ
3198 3075 3554 3147 γεγενημένος
3580 3073 3673 3125 καὶ

2120 3175 2552 3246 ἁνατρεφὸμενος
2576 3172 2682 3225 ὑπὸ
2710 3171 2801 3224 τὸν
2845 3170 3007 3239 ζυγόν
3038 3170 3151 3240 εἰμι
3183 3168 3359 3221 αὐτῶν
3404 3181 3672 3237 περιτμη-

2118 3266 2251 3331 θεὶς,
2286 3266 2392 3321 Καὶ
2435 3263 2856 3332 ἀπορῤίψωμεν
2900 3258 3096 3314 αὐτῶν
3127 3258 3233 3311 τὸν
3273 3256 3467 3325 ζυγὸν,
3517 3269 3673 3308 τουτ-

2117 3359 2261 3412 έστιν
2287 3358 2381 3411 ἀπ’
2418 3356 2551 3426 ἐμοῦ
2584 3355 2680 3408 καὶ
2727 3352 2835 3406 ἀπὸ
2872 3350 2979 3404 τῶν
3026 3346 3559 3417 συγκατατιθεμένων
3586 3360 3675 3415 μοι

2117 3452 2207 3505 τὸν
2238 3449 2311 3522 μὴ
2341 3445 2579 3511 σώζοντα
2611 3445 2773 3515 νόμον
2811 3444 2887 3507 ὡς
2931 3440 3166 3505 σώζοντα
3207 3438 3533 3492 ἀσκούντων.
3567 3435 3639 3488 Ἤ
3658 3453 3669 3465 ·

2118 3541 2445 3613 Νομίζοντες
2461 3536 2599 3592 εἶναι
2615 3536 2777 3606 βάρος
2809 3534 3150 3605 ἐπικείμενον
3173 3531 3267 3585 κα)⁸
3281 3531 3430 3600 ἡμῖν,
3460 3527 3551 3580 τὸν
3578 3528 3676 3591 ζυ-

2120 3633 2215 3702 γὸν
2244 3632 2423 3685 αὐτῶν
2441 3627 2849 3700 ἁπορρίψωμεν.
2867 3623 3171 3696 Τολμητέον
3188 3622 3295 3693 γὰρ
3314 3620 3489 3689 λέγειν
3507 3617 3677 3672 ταῦτα

2120 3725 2257 3782 εἶναι
2288 3729 2345 3779 ὲν
2371 3724 2447 3796 τῷ
2460 3721 2676 3795 Χριστῷ
2690 3722 2777 3775 διὰ
2793 3721 2887 3792 τὴν
2904 3720 3037 3791 πρὸς
3057 3720 3182 3780 τοὺς
3198 3717 3362 3788 βαρου
3370 3714 3559 3786 μένους
3573 3712 3677 3767 ὑπὸ

2118 3817 2212 3871 τοῦ
2239 3813 2405 3884 ζυγοῦ
2432 3812 2670 3882 ἀγάπην,
2706 3811 2849 3881 ἅπερ
2872 3809 2987 3861 ἐστὶ
3019 3807 3111 3860 καὶ
3149 3807 3206 3858 ὲν
3231 3806 3364 3858 πᾶσι
3392 3804 3514 3871 τοῖς
3541 3806 3679 3858 εὐσ-

2121 3907 2471 3978 πλὰγχνοις,
2484 3903 2553 3957 τὰ
2571 3902 2679 3955 τῶν
2693 3900 2866 3955 ἄλλων
2880 3899 3251 3970 ἁμαρτήματα
3267 3895 3371 3949 ἴδια
3386 3894 3675 3967 κρίνουσιν.

2192 3997 2373 4052 Ταῦτα
2421 3997 2518 4068 μὲν
2563 3990 2654 4048 οῦν
2684 3992 2811 4064 περὶ
2842 3988 3141 4060 ἀνθρώπων
3186 3986 3293 4041 τῶν
3332 4004 3394 4040 τε
3436 3985 3543 4039 ἀπὸ
3571 3983 3680 4037 τῶν

2122 4092 2289 4147 ἐθνῶν
2314 4090 2408 4145 καὶ
2421 4088 2528 4144 ἀπὸ
2545 4086 2635 4141 τοῦ
2658 4083 2811 4138 λαοῦ.
2840 4082 2912 4135 Τὸ
2935 4080 3009 4145 δὲ,
3028 4080 3088 4133 '0
3116 4076 3402 4132 κατοικῶν
3419 4077 3488 4130 ἐν
3511 4076 3682 4143 οὐρα-

2121 4183 2249 4250 νοῖς
2281 4178 2689 4251 ἐκγελάσεται,
2744 4169 3184 4246 προσαρμοστέον
3233 4167 3369 4239 πρὸς
3403 4167 3482 4229 τὸ,
3529 4168 3681 4233 Hap-

2121 4278 2391 4337 ἐστησαν
2436 4273 2488 4324 oi
2509 4265 2786 4334 ,ϐασιλεῖς
2817 4262 2927 4331 τῆς
2953 4259 3082 4332 τῆς,
3121 4258 3214 4322 οὓς
3265 4256 3612 4326 ἔκγελάσεται
3652 4258 3681 4311 ὀ

2124 4369 2253 4429 Θεὸς
2283 4367 2340 4418 ὲν
2367 4363 2612 4436 οὐρανοῖς
2652 4356 2920 4413 κατοικῶν
2953 4354 3202 4427 φρόνημα
3229 4351 3446 4423 ἔχοντας
3474 4351 3676 4420 γήϊνον.

458 4464 696 4517 divinam
722 4464 869 4517 circa
900 4459 1330 4515 incarnationem
1354 4457 1557 4514 Christi
1585 4458 1945 4514 oeconomiam
1966 4468 2017 4513 et

2124 4459 2198 4512 Οὐ
2228 4455 2335 4529 γὰρ
2366 4454 2650 4524 νενοήκασι
2672 4449 2770 4521 τὴν
2796 4445 3100 4517 οἰκονομίαν
3127 4444 3218 4497 καὶ
3246 4443 3342 4513 τὴν
3370 4441 3560 4510 σοφίαν
3587 4439 3680 4494 τοῦ

459 4556 778 4624 sapientiam
821 4555 1243 4610 intellexerunt:
1275 4551 1407 4607 illud
1446 4560 1648 4618 autem,
1685 4561 1735 4605 et
1765 4550 2019 4604 Dominus

460 4645 807 4699 subsannabit
845 4663 953 4713 eos,
986 4644 1330 4701 referendum
1365 4645 1431 4699 ad
1471 4644 1574 4698 hoc
1609 4644 1839 4707 dictum,
1868 4642 2020 4711 prin-

461 4738 599 4806 cipes
622 4745 967 4791 convenerunt
984 4738 1037 4790 in
1063 4753 1246 4800 unum,
1275 4746 1336 4791 ut
1359 4736 1568 4792 scilicet
1595 4752 1625 4790 a
1649 4736 1868 4791 Christo
1893 4734 2022 4790 sub-

461 4836 826 4885 sannarentur
853 4828 1149 4899 principes,
1181 4829 1275 4899 qui
1314 4830 1628 4900 congregati
1660 4840 1790 4883 sunt
1827 4828 2019 4883 adver-

460 4938 558 4977 sus
574 4921 858 4976 Dominum
888 4930 941 4976 et
969 4921 1230 4978 adversus
1251 4921 1525 4977 Christum
1549 4921 1687 4990 ejus.
1707 4921 2023 4993 Congruen-

460 5025 545 5071 tes
590 5025 769 5071 autem
818 5017 945 5072 boni
989 5015 1083 5073 Dei
1126 5015 1264 5071 Filio
1294 5022 1423 5071 sunt
1466 5015 1585 5070 ista:
1629 5029 1823 5079 voces;
1865 5014 2014 5084 quia,

460 5112 676 5167 etiamsi
704 5109 1025 5167 fremuerint
1061 5120 1270 5179 gentes,
1319 5118 1374 5167 et
1415 5110 1598 5182 p0puli
1628 5108 1870 5166 meditati
1912 5108 2024 5165 sint.

460 5203 665 5266 inania,
700 5212 755 5256 at
780 5219 881 5260 nos
914 5203 1257 5260 frementium
1297 5203 1635 5258 ethnicorum
1676 5202 1893 5258 vincula
1935 5199 2022 5254 di-

461 5312 803 5368 rumpamus,
843 5305 897 5352 et
931 5296 1120 5367 jugum
1164 5296 1487 5367 populorum
1521 5295 1703 5375 inania
1756 5293 2024 5348 meditan-

463 5392 597 5444 tium
632 5388 1005 5460 projiciamus.

532 5484 600 5537 At
643 5484 773 5554 quia
817 5498 926 5537 non
970 5483 1081 5553 jam
1114 5482 1191 5537 ita
1229 5480 1386 5536 facile
1419 5479 1681 5536 medelam
1727 5476 2022 5533 admittunt

464 5573 701 5643 praedicti
749 5589 908 5645 reges
954 5582 1113 5629 terrae
1159 5583 1214 5629 et
1258 5569 1740 5644 principes;jubet
1786 5566 2024 5637 Spiritus

466 5677 707 5731 sanctus,
742 5667 983 5739 gentiqu
1025 5675 1079 5722 et
1118 5666 1463 5736 populorum.
1510 5675 1694 5733 regum
1725 5668 1779 5715 et
1818 5657 2020 5729 princi-

534 5780 613 5849 (ί)
661 5783 1050 5852 Τετηρεῖσθαι.
1085 5782 1222 5852 Lege
1248 5776 1593 5850 τετηρῆσθαι.
1622 5774 1780 5829 Eutr.

2128 4548 2261 4603 Θεοῦ
2294 4547 2390 4618 τὴν
2417 4544 2544 4616 περὶ
2568 4541 2664 4613 τὴν
2684 4536 3089 4611 ὲνανθρώπησιν
3112 4535 3205 4588 τοῦ
3231 4532 3487 4606 Χριστοῦ.
3511 4531 3582 4585 Τὸ
3601 4530 3679 4595 δὲ,

2125 4639 2234 4695 Καὶ
2257 4641 2290 4693 ό
2308 4639 2520 4706 Κύριος
2543 4630 2920 4703 ἐκμυκτηριεῖ
2954 4626 3194 4692 αὐτοὺς,
3224 4625 3362 4701 πρὸς
3386 4624 3466 4687 τὸ,
3497 4626 3561 4677 Ol
3585 4620 3685 4690 ἆρ-

2122 4747 2333 4804 χοντες
2361 4726 2764 4797 συνήχθησαν
2784 4721 2880 4776 ἐπὶ
2908 4720 2976 4775 τὸ
3002 4720 3177 4773 αὐτόο
3200 4717 3287 4770 ἴνα
3317 4712 3684 4786 μυκτηρίξων-

2121 4843 2211 4879 ται
2257 4826 2305 4877 οἱ
2352 4821 2607 4894 ἄρχοντες
2638 4816 2744 4870 ὑπὸ
2787 4813 2882 4868 τοῦ
2932 4808 3191 4885 Χριστοῦ,
3236 4810 3285 4860 οἱ
3333 4804 3683 4894 συναχθέντες

2125 4915 2265 4971 κατὰ
2294 4892 2403 4968 τοῦθ
2422 4910 2626 4984 Κυρίου
2657 4908 2748 4962 καὶ
2777 4904 2918 4960 κατὰ
2944 4902 3038 4956 τοῦ
3062 4898 3296 4974 Χριστοῦ
3326 4896 3511 4952 αὑτοῦ.
3540 4892 3682 4967 Πρέ-

2124 5024 2319 5061 πουσαι
2364 5004 2421 5058 δὲ
2458 5000 2660 5073 ἀγαθοῦ
2699 4997 2834 5053 Θεοῦ
2878 4995 2995 5067 Υίῷ
3041 4992 3248 5065 φωναί”
3279 4992 3384 5055 ὅτι,
3417 4992 3466 5043 εἰ
3495 4988 3586 5042 καὶ¹
3616 4986 3684 5039 τὰ

2123 5099 2246 5171 ἔθνη
2293 5093 2590 5169 ἐφρύαξαν,
2621 5092 2714 5146 καὶ
2750 5091 2799 5143 οἱ
2840 5088 2959 5141 λαοὶ
2983 5085 3315 5159 ἐμελέτησαν
3345 5080 3496 5143 κενὰ,
3526 5080 3685 5150 ἡμεῖς

2123 5208 2186 5265 γε
2213 5192 2339 5253 τοὺς
2364 5186 2595 5258 δεσμοὺς
2620 5182 2799 5237 αὐτῶν
2832 5180 2938 5233 τῶν
2966 5178 3317 5252 φρυαξάντων
3358 5172 3526 5227 ἐθνῶν
3568 5171 3683 5265 ﬁta-

2127 5260 2441 5351 σπάσωμεν,
2486 5279 2579 5332 καὶ
2622 5275 2714 5329 τὸν
2766 5273 2922 5343 ζυγὸν
2966 5271 3071 5327 τῶν
3119 5266 3526 5342 μελετησάντων
3553 5260 3687 5317 κενὰ

2123 5375 2265 5430 λαῶν
2296 5368 2705 5443 ἀπορρίψωμεν.

2206 5465 2360 5519 Ἐπεὶ
2384 5464 2441 5517 δὲ
2476 5462 2656 5516 οὐκέτι
2696 5459 2936 5533 εὐχερῶς
2979 5458 3220 5529 δέχονται
3264 5452 3361 5524 τὴν
3390 5445 3686 5522 θεραπείαν

2129 5559 2181 5613 οῖ
2216 5576 2278 5611 τε
2308 5554 2609 5627 τηλικοῦτοι
2638 5550 3019 5624 προειρημένοι
3040 5549 3141 5618 τῆς
3170 5546 3273 5618 γῆς
3318 5540 3555 5615 βασιλεῖς
3591 5535 3686 5592 καὶ

2130 5655 2175 5706 οἱ
2215 5651 2487 5723 ἄρχοντες,
2516 5647 2623 5700 τῶν
2664 5643 2802 5699 κατὰ
2841 5640 2935 5695 τοῦ
2970 5637 3173 5711 Κυρίου
3201 5636 3292 5690 καὶ
3322 5633 3417 5687 τοῦ
3448 5631 3683 5703 Χριστοῦ
