4042 6210
382 209 461 267 85

1540 199 1732 256 COMM
1743 200 1952 257 ENTAE

2080 201 2145 256 lN
2175 200 2511 259 PSALMOS.
3573 226 3645 271 διν

382 327 566 382 αὐτοῦ
612 326 991 399 συναχθέντων
1024 326 1196 382 ἐθνῶν
1220 344 1281 381 τε
1308 328 1401 384 καὶ⁵
1432 328 1594 395 λαῶν,
1624 330 1889 401 βασιλέων
1918 348 1952 383 τ.

2083 345 2231 401 pum,
2270 329 2566 386 visibilium
2605 335 2659 385 et
2699 328 3076 398 invisibiuum,
3107 346 3198 402 qui
3239 345 3501 389 adversus
3533 332 3643 389 Do—

382 417 483 471 καὶ
514 419 823 491 ἀρχόντων,
856 420 1147 491 ὁρωμένων
1175 436 1233 472 τε
1260 421 1351 473 καὶ
1386 420 1629 490 ἀφανῶν,
1654 422 1952 494 προστάττε

2076 421 2283 476 minum
2335 429 2390 477 et
2431 422 2693 479 adversus
2745 423 3024 480 Christum
3082 423 3200 493 ejus
3247 431 3638 491 convenerant,

378 507 445 562 τὸ
473 509 715 580 Πνεῦμα
738 508 800 562 τὸ
823 508 976 577 ἅγιον
1002 510 1129 572 τοὺς
1149 509 1249 579 τῆς
1276 507 1722 583 είδωλολατρείας
1745 511 1975 583 δεσμοὺς

380 597 812 672 διαρῤηγνύναι,
864 600 959 652 καὶ
1003 598 1095 653 τὸν
1147 597 1316 670 βαρὺν
1358 602 1457 671 τῆς
1500 602 1771 673 ἁμαρτίας
1812 603 1974 673 ζυγὸν

377 691 760 763 ἀπορρίπτειν
789 691 889 760 τῆς
916 690 1124 744 ἑαυτῶν
1152 690 1361 762 ψυχῆςο
1392 687 1474 755 οἷς
1502 693 1976 765 καταδεδουλωμέ-

376 799 463 835 νοι
488 783 762 854 πρότερον
788 781 994 854 ἑτέροις
1030 781 1293 854 ἄρχουσιν
1325 783 1693 855 ὑπεκείμεθαο
1725 785 1812 838 ἵνα
1834 786 1976 838 ὲκεί-

382 890 496 927 νων
535 872 990 944 ἐλευθερωθέντες
1014 872 1105 926 τὸν
1131 870 1368 943 ἐλαφρὸν
1391 872 1483 927 τοῦ
1518 874 1770 946 Σωτῆρος
1810 873 1972 944 ζυγὸν

386 964 800 1036 ἁναδεξώμεθα,
824 965 912 1032 ἐφ’
936 964 995 1018 ὃν
1017 962 1373 1037 προκαλεῖται
1394 963 1566 1034 λέγων
1586 981 1599 995 ο
1622 964 1799 1019 Δεῦτε
1823 973 1973 1035 πρὸς

383 1064 472 1129 μὲ
497 1058 722 1125 πάντες
747 1060 802 1112 οι
837 1057 1167 1123 κοπιῶντες
1188 1056 1287 1110 καὶ
1313 1057 1787 1128 πεφορτισμένοι,
1812 1057 1973 1128 κάγὼ

388 1150 723 1205 ἀναπαύσω
743 1147 933 1219 ὑμᾶς..
949 1150 1152 1218 Ἄρατε
1182 1148 1287 1203 τὸν
1312 1148 1487 1218 ζυγόν
1506 1166 1649 1219 μου,
1671 1149 1770 1203 καὶ
1794 1149 1967 1217 ῖδετε,

389 1241 486 1296 ὅτι
507 1244 780 1312 χρηστός
836 1242 991 1299 ἐστι.
1017 1238 1287 1297 Λέλεκται
1310 1242 1366 1295 δὲ
1389 1241 1562 1296 ταῦτα
1584 1243 1719 1314 πρὸς
1746 1242 1812 1297 τὰ
1842 1243 1966 1316 ἔθνη

384 1331 457 1385 τὰ
485 1331 570 1403 τῷ
597 1332 816 1404 Χριστῷ
842 1333 947 1387 ὑπὸ
968 1332 1061 1387 τοῦ
1091 1333 1305 1404 Πατρὸς
1334 1332 1613 1405 δεδομένα,
1650 1333 1969 1405 προλαμϐά-

382 1416 572 1489 νοντος
601 1425 694 1479 τοῦ
722 1424 882 1494 λόγου
915 1425 1041 1490 τοὺς
1075 1424 1368 1496 μέλλοντας
1415 1426 1697 1498 προσιέναι
1727 1430 1793 1497 τῇ
1834 1428 1967 1498 Χρι-

383 1517 515 1571 στοῦ
545 1517 882 1589 διδασκαλίᾳ,
916 1517 1007 1572 καὶ
1050 1517 1441 1587 παραινοῦντος
1493 1518 1687 1589 μηκέτι
1732 1518 1821 1571 τὸν
1855 1535 1965 1573 πα-

378 1610 537 1665 λαιὸν
560 1609 722 1680 ζυγὸν
750 1612 843 1664 ἐπὶ
874 1609 982 1663 τῶν
1008 1609 1173 1681 ὤμων
1200 1610 1407 1682 φέρειν,
1443 1610 1576 1681 μηδὲ
1604 1614 1726 1674 ταῖς
1754 1613 1961 1683 σειραῖς

2076 512 2398 569 idololatriae
2437 514 2652 568 vincula
2698 513 3028 584 dirumpere,
3081 524 3135 569 et
3179 530 3426 588 quosque
3472 532 3640 588 grave
3701 523 3716 539 ’

2076 606 2283 677 peccati
2302 607 2496 679 jugum
2522 608 2591 662 ab
2618 608 2797 661 anima
2820 624 2917 663 sua
2951 609 3220 679 projicere
3245 627 3259 677 ;
3291 610 3491 680 quibus
3514 610 3639 667 sub-

2069 698 2246 770 jugati
2275 698 2428 769 prius
2457 699 2579 754 aliis
2618 700 2956 771 principibus
2985 702 3309 758 suberamus
3337 720 3350 756 :
3383 709 3445 757 ut
3472 702 3541 759 iis
3570 703 3635 757 li—

2072 786 2243 843 berati
2282 788 2399 843 leve
2446 787 2742 845 Salvatoris
2770 790 2960 861 jugum
3008 792 3363 864 accipiamus,
3398 807 3507 865 quo
3531 807 3634 850 nos

2072 887 2331 948 provocat
2355 880 2439 936 his
2461 880 2642 936 verbis
2672 900 2686 935 :
2730 880 2908 936 Venite
2935 885 3008 937 ad
3033 901 3134 951 me,
3164 901 3340 941 omnes
3372 888 3461 957 qui
3494 887 3634 943 labo-

2072 971 2204 1024 ratis
2226 980 2275 1024 et
2307 973 2511 1025 onerati
2538 973 2688 1037 estis,
2719 981 2771 1027 et
2802 989 2893 1043 ego
2925 974 3159 1044 reﬁciam
3192 992 3281 1031 vos
3306 992 3324 1031 :
3350 977 3519 1033 tollite
3539 978 3634 1047 ju—

2069 1078 2193 1132 gum
2220 1077 2392 1116 meum
2413 1078 2569 1132 super
2598 1080 2706 1128 vos,
2731 1072 2781 1118 et
2809 1063 2974 1119 videte
2994 1067 3118 1134 quia
3148 1077 3477 1122 mansuetum
3498 1069 3629 1124 est“.

2071 1150 2195 1207 Hinc
2230 1167 2396 1223 porro
2426 1153 2573 1208 dicta
2603 1160 2733 1209 sunt
2755 1155 3009 1225 gentibus
3031 1155 3253 1212 Christo
3280 1172 3311 1211 a
3335 1155 3496 1213 Patre
3520 1167 3633 1213 tra-

2068 1244 2219 1310 ditis,
2262 1245 2545 1315 praemissa
2585 1245 2794 1302 scilicet
2845 1256 3035 1302 eorum
3064 1248 3158 1318 qui
3187 1246 3492 1308 ad.Christi
3531 1251 3631 1305 do-

2067 1335 2302 1391 ctrinam
2329 1337 2607 1393 accessuri
2639 1346 2771 1393 sunt
2808 1336 3144 1404 narratione,
3178 1340 3412 1413 dataque
3440 1341 3631 1397 admo-

2066 1426 2291 1491 nitione,
2344 1434 2404 1481 ut
2447 1442 2515 1483 ne
2558 1427 2703 1481 ultra
2748 1437 2904 1484 vetus
2926 1429 3116 1501 jugum
3156 1429 3398 1487 humeris
3428 1430 3624 1498 ferant,

2066 1532 2242 1589 neque
2285 1518 2495 1575 catenis
2541 1518 2783 1589 priorum
2831 1519 3153 1575 delictorum
3195 1522 3476 1578 constricti
3516 1538 3631 1578 ma-

2065 1617 2252 1668 neant.
2284 1608 2391 1666 Sed
2430 1609 2641 1667 etiamsi
2692 1610 2912 1682 quidam
2948 1611 3079 1683 ipsis
3119 1622 3245 1669 ante
3288 1614 3505 1671 fuerant
3537 1616 3626 1671 do-

380 1702 496 1757 τῶν
549 1704 832 1775 προτέρων
876 1702 1290 1774 ἁμαρτημάτων
1331 1703 1536 1757 ἑαυτῶν
1585 1704 1952 1776 παραμένειν¹

2065 1699 2217 1764 mini,
2253 1699 2529 1771 principes
2564 1700 2769 1764 acerbi,
2798 1701 3052 1757 videlicet
3074 1703 3296 1775 maligni
3327 1705 3621 1772 daemones,

381 1794 504 1848 ἀλλ’
537 1796 589 1848 εί
609 1792 703 1848 καί
730 1810 876 1857 τινες
897 1789 1037 1865 ἦσαν
1071 1793 1247 1849 αὐτῶν
1276 1795 1539 1866 πρότερον
1570 1795 1747 1868 κύριοι
1776 1795 1963 1868 ἄρχον-

381 1887 480 1951 τές
506 1903 571 1940 τε
596 1886 806 1959 πικροὶ,
830 1886 879 1939 oi
903 1884 1067 1940 πάλαι
1094 1884 1203 1939 τῶν
1230 1884 1398 1939 ἐθνῶν
1431 1886 1960 1958 κατατυραννοῦντες

379 1976 644 2047 δαίμονες
670 1975 914 2047 πονηροὶ,
941 1974 1035 2039 οὓς
1064 1974 1127 2046 δὴ
1145 1974 1301 2040 θεοὺς
1328 1975 1628 2047 ὠνόμαζον,
1669 1976 1831 2048 ζυγὸν
1864 1979 1960 2033 αὐ-

379 2071 501 2134 τοῖς
529 2068 931 2139 ὲπαιωροῦντες
963 2066 1131 2139 βαρὺν
1159 2068 1254 2121 καὶ
1303 2068 1635 2139 συγκόπτειν
1657 2069 1755 2142 τὴν
1781 2069 1958 2142 ψυχὴν

380 2161 476 2213 ἐπὶ
505 2159 568 2213 τὸ
598 2159 747 2214 κάτω
780 2158 1077 2222 ποιοῦντες,
1115 2158 1335 2229 δεσμοῖς
1364 2176 1425 2211 τε
1470 2160 1669 2224 αὐτοὺς
1700 2160 1954 2225 ἀσεϐείας

380 2252 852 2325 καταδεσμοῦντες
869 2270 882 2284 ·
935 2252 1140 2306 τούτων
1193 2252 1447 2307 ἁπάντων
1494 2251 1592 2324 τὴν
1642 2251 1957 2307 δυναστείαν

377 2345 608 2417 φεύγειν
638 2345 1088 2423 παρακελεύεταιο
1114 2344 1477 2416 προσφεύγειν
1501 2344 1558 2398 δὲ
1590 2344 1669 2416 τῷ
1694 2346 1953 2418 Λυτρωτῇ

376 2438 474 2491 καὶ
516 2438 749 2511 Σωτῆρι,
788 2436 884 2491 καὶ
913 2438 978 2509 δὴ
1008 2437 1207 2509 κλῆρον
1240 2437 1440 2498 αὐτοὺς
1487 2435 1641 2507 παρὰ
1684 2435 1778 2489 τοῦ
1826 2435 1955 2489 ίδίου

378 2529 589 2602 lupi);
604 2530 863 2603 εἰληφότι.
880 2529 1062 2584 Ταῦτα
1079 2530 1157 2592 δὲ,
1175 2530 1327 2601 φησὶ,
1342 2526 1634 2600 πράξωμεν
1659 2528 1708 2582 οί
1738 2529 1835 2599 τῆς
1860 2527 1953 2582 τοῦ

376 2621 615 2697 Χριστοῦ
647 2623 1015 2697 κληρονομίας
1042 2623 1180 2691 ἄξιοι
1215 2622 1518 2694 γενόμενοι,
1544 2621 1862 2688 είδότες,ὄτι
1892 2622 1953 2675 '0

377 2716 677 2772 κατοικῶν
735 2718 807 2772 ἐν
848 2716 1126 2785 οὐρανοῖς
1167 2714 1555 2786 ὲκγελὰσεται
1600 2713 1843 2781 αὐτοὺς,
1886 2714 1954 2767 τὰ

370 2807 510 2881 ἔθνη
548 2808 748 2881 δηλαδὴ
775 2809 871 2863 καὶ
899 2810 1028 2871 τοὺς
1057 2807 1219 2871 λαοὺς
1254 2808 1381 2872 τοὺς
1427 2805 1837 2870 ὲπαναστάντας
1878 2805 1954 2876 τῷ

367 2898 602 2970 Χριστῷ
630 2881 941 2967 αὐτοῦῇιαί
981 2902 1013 2953 ὀ
1043 2900 1257 2968 Κύριος
1302 2897 1685 2967 unum;pr
1704 2898 1947 2965 αὐτούς.

371 2988 571 3044 Ταῦτα
607 2991 772 3045 πάλαι
815 2973 933 3061 μὲν.
954 2990 1302 3062 προφητικῶς
1322 2990 1651 3059 ἁνεφωνεῖτο
1672 3006 1685 3019 ο
1719 2988 1952 3042 πέπονθε

2062 1790 2191 1846 olim
2224 1806 2323 1863 pro
2350 1791 2457 1848 diis
2478 1791 2672 1856 habiti,
2695 1792 2788 1862 qui
2813 1793 3149 1864 tyrannidem
3179 1795 3235 1849 in
3261 1806 3448 1864 gentes
3467 1813 3621 1853 exer-

2060 1883 2279 1949 cebant,
2315 1894 2367 1939 et
2393 1884 2584 1955 jugum
2616 1884 2751 1955 ipsis
2796 1899 2961 1955 grave
3004 1900 3404 1958 onerosumque
3446 1888 3625 1960 impo-

2059 1974 2282 2041 nebant,
2321 1983 2379 2029 ut
2408 1974 2645 2029 animam
2693 1990 2882 2032 eorum
2925 1975 2993 2030 ad
3033 1976 3218 2031 inﬁma
3247 1978 3616 2047 incurvarent,

2058 2063 2495 2135 colligabantque
2544 2064 2693 2136 ipsos
2741 2066 3035 2136 impietatis
3102 2067 3366 2135 vinculis;
3423 2069 3617 2125 horum

2057 2157 2301 2212 omnium
2350 2158 2635 2228 imperium
2688 2156 2944 2229 effugere,
2992 2165 3046 2214 et
3103 2158 3170 2214 ad
3204 2157 3617 2232 Redemptorem

2059 2249 2505 2322 Salvatoremque
2567 2251 2862 2323 confugere
2911 2253 3209 2323 iubentur,
3276 2263 3466 2326 utpote
3524 2258 3620 2328 qui

2056 2341 2207 2413 ipsos
2239 2357 2270 2396 a
2298 2342 2461 2400 Patre
2493 2360 2595 2401 suo
2633 2346 2689 2400 in
2738 2345 3106 2403 haereditatem
3141 2350 3433 2420 acceperit.
3468 2349 3615 2413 llatc.

2057 2434 2253 2505 inquit,
2287 2450 2510 2506 agamus
2547 2437 2638 2508 qui
2670 2437 2876 2493 Christi
2908 2438 3224 2495 haereditate
3262 2441 3407 2513 digni
3440 2442 3617 2497 effecti

2055 2542 2268 2592 sumus,
2313 2528 2469 2598 gnari
2506 2530 2758 2586 videlicet
2800 2531 3109 2598 illius:Qui
3141 2531 3344 2586 habitat
3390 2533 3444 2586 in
3475 2535 3617 2589 cmlis

2054 2615 2291 2670 irridebit
2315 2634 2423 2683 eos,
2456 2619 2714 2673 nimirum
2750 2621 2978 2691 papulos
3005 2622 3097 2691 qui
3132 2622 3395 2677 adversus
3430 2621 3617 2679 Domi-

2054 2708 2262 2763 minam
2313 2716 2367 2763 et
2409 2710 2672 2766 adversus
2711 2710 2987 2766 Christum
3028 2712 3147 2782 ejus
3178 2712 3613 2780 insurrexerunt,

2051 2808 2104 2853 et
2134 2798 2391 2856 Dominus
2414 2801 2758 2856 subsannabit
2794 2819 2901 2858 eos.
2938 2801 3061 2859 llaec
3086 2804 3213 2858 olim
3234 2804 3454 2877 quidem
3488 2822 3619 2878 pro-

2053 2893 2267 2964 phetice
2314 2895 2852 2964 praenuntiabantur;
2909 2903 2964 2950 at
3001 2902 3189 2965 postea
3219 2895 3477 2955 Iudaicus
3518 2915 3617 2969 po-

2054 2986 2216 3057 pulus
2242 3001 2305 3040 ea
2341 2987 2458 3056 ipsa
2496 3002 2792 3058 perpessus
2830 2994 2934 3054 est,
2967 2988 3225 3046 obsessus
3251 2997 3306 3045 et
3341 3003 3620 3061 expugnato

372 3080 433 3134 δὲ
476 3080 620 3136 αὐτὰ
647 3081 708 3135 τὸ
752 3081 1019 3136 Ἰουδαίων
1047 3081 1196 3144 ἔθνος
1223 3080 1574 3151 πολιορκηθὲν
1617 3081 1952 3152 παραχρῆμα

2054 3085 2142 3133 tus
2162 3092 2273 3133 non
2302 3078 2477 3133 multo
2504 3085 2795 3149 postquam
2833 3077 3062 3135 insidias
3102 3080 3395 3137 struxisset
3422 3090 3615 3138 contra

379 3154 525 3244 μετὰ
557 3173 656 3245 τὴν
700 3173 841 3228 κατὰ
882 3172 976 3227 τοῦ
1017 3172 1265 3244 Σωτῆρος
1303 3170 1624 3242 ἐπιϐουλήν·
1671 3171 1766 3225 καλ⁸
1809 3172 1950 3226 κατὰ

375 3266 607 3339 χρόνους
629 3264 684 3319 δὲ
718 3267 766 3319 οἱ
798 3265 897 3335 τῆς
943 3263 1266 3335 Ἐκκλησίας
1292 3261 1385 3315 τοῦ
1416 3260 1651 3332 Χριστοῦ
1683 3261 1948 3334 πολέμιοι,

376 3359 625 3431 κρυφαία
648 3359 736 3413 ἀεὶ
766 3359 910 3433 χειρὶ
937 3355 1356 3429 πολεμούμενοι,
1385 3355 1491 3408 ὑπὸ
1519 3355 1613 3409 τοῦ
1641 3356 1951 3410 κατοικοῦν-

372 3469 466 3516 τος
503 3454 564 3507 ἐν
603 3453 851 3524 οὐρανοῖς
886 3450 1110 3523 Κυρίου,
1142 3447 1236 3504 τοῦ
1282 3449 1420 3520 πρὸς
1465 3447 1644 3503 αὐτῶν
1683 3448 1947 3521 πολεμου-

376 3545 568 3615 μένου.

449 3638 590 3693 Τότε
627 3635 885 3704 λαλήσει
921 3634 1070 3705 πρὸς
1093 3634 1314 3702 αὐτοὺς
1338 3633 1410 3688 ἐν
1433 3632 1582 3705 ὀργῇ
1610 3632 1815 3694 αὑτοῦ,
1848 3633 1945 3686 καὶ

365 3730 445 3784 ἐν
474 3727 556 3796 τῷ
588 3727 752 3799 θυμῷ
782 3728 969 3784 αὑτοῦ
999 3725 1239 3797 ταράξει
1266 3726 1510 3793 αὐτούς.
1555 3724 1717 3783 Ἀλλὰ
1751 3724 1846 3778 καὶ
1890 3724 1947 3775 ἐν

364 3821 457 3893 τῷ
486 3820 584 3892 τῆς
616 3820 850 3892 κρίσεως
882 3817 1060 3892 καιρῷ
1101 3817 1275 3890 ὀργῆς
1318 3815 1454 3870 Θεοῦ
1506 3814 1945 3886 πειραθήσονται,

364 3912 472 3968 καὶ
513 3911 591 3983 τῷ
634 3909 791 3982 θυμῷ
826 3910 989 3965 αὐτοῦ
1035 3909 1471 3982 ταραχθήσονται
1515 3907 1716 3970 πάντες
1760 3907 1809 3959 οἱ
1852 3906 1947 3960 τοῦ

367 4004 647 4077 σωτηρίου
668 4003 825 4073 λόγου
852 4003 1116 4075 πολέμιοι.
1147 4001 1408 4072 Ἐπείπερ
1428 4001 1587 4064 αὐτὸς
1605 4002 1633 4053 6
1658 3999 1749 4052 ὑπ’
1771 3998 1947 4052 αὐτῶν

366 4092 746 4167 προσηλωθεὶς
788 4095 885 4148 καὶ
938 4093 1155 4164 θανάτῳ
1187 4091 1512 4165 παραδοθεὶς
1530 4132 1546 4157 ,
1580 4091 1847 4146 κατοικῶν
1889 4092 1947 4145 ὲν

364 4188 621 4259 οὐρανοῖς
654 4186 749 4239 καὶ
778 4183 849 4238 τὰ
893 4184 1072 4239 πάντα
1112 4184 1404 4256 περιέχων,
1450 4183 1802 4253 ὲκγελάσεται
1846 4182 1946 4235 αὺ-

364 4280 518 4344 τοὺς,
552 4278 646 4331 καὶ
672 4279 701 4332 6
723 4276 913 4353 τούτου
940 4275 999 4329 δὲ
1028 4276 1217 4348 Πατὴρ
1242 4278 1270 4331 6
1302 4277 1399 4330 σὺν
1422 4274 1501 4347 τῷ
1534 4274 1757 4347 Χριστῷ
1780 4274 1944 4327 πολε-

372 4367 640 4439 μούμενος
693 4368 1055 4439 ὲκμυκτηριεῖ
1075 4366 1294 4431 αὐτοὺς,
1320 4366 1414 4419 καὶ
1434 4364 1532 4437 τὴν
1557 4363 1715 4429 ἀξίαν
1748 4365 1945 4430 αὐτοὺς

370 4457 726 4529 είσπράξεται
768 4458 957 4531 δίκην·
1010 4459 1059 4511 εί
1091 4458 1141 4511 οί
1173 4457 1321 4527 λόγοι
1369 4456 1476 4510 τῶν
1520 4456 1757 4511 ἀπειλῶν
1792 4457 1939 4527 λόγοι

369 4548 512 4604 εἰσιν
545 4550 602 4603 ὲν
631 4552 767 4623 ὀργῇ
795 4549 1280 4622 άπαγγελλόμενοι.

420 4654 421 4657 ‘
455 4640 602 4711 Ἐγὼ
652 4641 721 4697 δὲ
751 4642 1123 4712 κατεστάθην
1149 4642 1450 4710 ,ϐασιλεὺς
1483 4642 1582 4697 ὑπ’
1619 4640 1804 4696 αὐτοῦ
1840 4641 1939 4695 ἐπὶ

365 4733 526 4791 Σιὼν
555 4732 690 4802 ὄρος
719 4734 786 4790 τὸ
821 4736 993 4806 ἄτιον
1024 4734 1231 4800 αὐτοῦ,
1272 4733 1641 4805 διαγγέλλων
1660 4732 1727 4786 τὸ
1756 4733 1939 4801 πρόσ-

367 4837 561 4891 ταγμα
597 4822 834 4890 Κυρίου.
910 4824 1031 4878 Οἵδε
1073 4824 1171 4896 μὲν
1196 4863 1212 4889 ,
1253 4823 1386 4895 φησὶ
1414 4863 1428 4886 ,
1494 4822 1621 4877 τάδε
1660 4823 1939 4877 πείσονται

368 4914 418 4968 οἱ
468 4914 611 4967 κατὰ
657 4912 753 4966 τοῦ
806 4915 1012 4986 Κυρίου
1057 4919 1152 4973 καὶ
1190 4915 1332 4970 κατὰ
1367 4915 1460 4969 τοῦ
1496 4912 1734 4987 Χριστοῦ
1773 4913 1938 4967 αὐτοῦ

369 5004 713 5069 συνελθόντες
731 5044 746 5069 ,
769 5007 862 5060 καὶ⁹
885 5007 1120 5061 τοιοῦτον
1161 5010 1261 5080 μὲν
1287 5009 1510 5062 ἐκείνων
1537 5006 1599 5060 τὸ
1626 5005 1779 5070 τέλος
1798 5022 1811 5036 ’
1838 5006 1939 5076 ἐμὲ

364 5098 422 5152 δὲ
472 5098 594 5152 τότε
647 5096 786 5169 μετὰ
833 5098 933 5171 τὴν
960 5100 1223 5171 τοσαύτην
1255 5100 1546 5172 ἐπιϐουλὴν
1578 5100 1672 5153 καὶ
1701 5097 1937 5153 τοσαῦτα

365 5189 514 5261 πάθη
565 5190 788 5263 βασιλέα
818 5190 955 5262 πρὸς
983 5190 1144 5244 αὐτοῦ
1179 5191 1272 5245 τοῦ
1308 5192 1521 5262 Πατρδς
1548 5190 1934 5257 καθεστάσθαι,

364 5285 461 5340 καὶ
486 5282 548 5338 τδ
579 5284 843 5357 πατρικὸν
875 5284 1003 5354 ὑμῖν
1032 5286 1359 5356 πρόσταγμα
1382 5284 1711 5354 διαγγέλλειν
1733 5302 1745 5314 ·
1775 5283 1935 5337 τοῦτο

357 5376 406 5430 δ’
432 5376 499 5432 ἂν
531 5376 615 5450 εἴη
647 5377 708 5432 τὸ
739 5375 1088 5447 εὐαγγελικὺν
1118 5378 1394 5451 κήρυγμα.
1453 5366 1529 5431 Ἐἰ
1553 5378 1610 5431 δέ
1637 5380 1783 5431 ἐστιν
1807 5377 1930 5448 ὅρος

360 5472 518 5541 ἅγιον
547 5472 682 5526 Θεοῦ
718 5471 779 5525 τὸ
813 5471 1132 5543 ἐπουράνιον
1161 5470 1287 5541 περὶ
1314 5465 1374 5525 οὗ
1425 5488 1586 5541 φησιν
1614 5474 1643 5525 6
1671 5470 1883 5534 Παῦλος
1912 5486 1924 5499 ·

363 5566 865 5634 Προσεληλύθατε
892 5562 1045 5618 Σιὼν
1076 5563 1197 5633 ὄρει
1216 5578 1229 5592 ⁸
1268 5562 1361 5617 κα)⁸
1393 5561 1554 5615 πάλιν
1572 5579 1585 5592 ’
1628 5562 1698 5618 ’11
1722 5560 1790 5616 δὲ
1808 5561 1929 5615 ἄνω

430 5678 453 5709 ⁸
493 5677 678 5734 Matth.
720 5696 793 5747 xi,
823 5677 1011 5735 28-50.
1089 5679 1109 5711 ⁹
1148 5676 1313 5735 Hebr.
1348 5693 1444 5744 ιιι,
1476 5675 1564 5733 22.

2052 3166 2428 3235 Salvatorem;
2463 3170 2739 3241 variisque
2772 3170 3024 3227 similiter
3056 3171 3391 3246 temporibus
3424 3174 3614 3231 eadem

2049 3259 2259 3330 experti
2287 3266 2415 3315 sunt
2439 3259 2646 3314 inimici
2672 3260 2930 3318 Ecclesiae
2957 3262 3183 3330 Christi,
3222 3266 3435 3320 occulta
3469 3282 3616 3323 sem-

2050 3366 2145 3422 per
2172 3367 2338 3407 manu
2358 3353 2660 3425 impugnati
2690 3368 2719 3408 a
2752 3353 2980 3411 Domino
3008 3355 3101 3426 qui
3124 3354 3334 3410 habitat
3361 3356 3417 3412 in
3436 3358 3613 3423 cmlis,

2048 3456 2209 3514 quem
2244 3443 2349 3513 ipsi
2377 3442 2526 3499 bello
2554 3443 2912 3516 impetebant.

2119 3621 2285 3679 Vsus.
2323 3622 2374 3678 5.
2417 3620 2562 3676 Tune
2594 3621 2833 3692 toquetur
2876 3619 2945 3676 ad
2975 3636 3064 3676 eos
3109 3621 3160 3675 in
3194 3621 3275 3674 ira
3308 3636 3429 3685 sua,
3462 3629 3512 3674 et
3556 3621 3611 3675 in

2046 3714 2227 3785 furore
2255 3729 2351 3769 suo
2380 3711 2715 3767 conturbabit
2735 3728 2843 3767 eos.
2882 3709 3025 3766 Sane
3049 3710 3107 3766 in
3131 3717 3375 3781 tempore
3392 3710 3608 3781 judicii,

2047 3806 2142 3860 irae
2168 3804 2365 3861 divina:
2395 3804 2695 3876 periculum
2735 3803 2957 3868 facient,
2990 3818 3053 3858 ac
3075 3803 3247 3874 ipsius
3277 3802 3464 3859 furore
3493 3809 3612 3857 tur-

2046 3897 2325 3953 babuntur
2356 3912 2547 3954 omnes
2586 3896 2735 3953 verbi
2777 3896 3035 3953 salutaris
3066 3894 3295 3951 inimici.
3331 3893 3611 3966 Siquidem

2048 3990 2095 4045 is
2129 3988 2245 4060 ipse
2288 3988 2382 4060 qui
2421 3986 2611 4044 aliixus
2660 3988 2730 4043 ab
2761 3987 2869 4042 illis
2902 3993 3008 4052 est,
3049 4001 3115 4041 ac
3157 3986 3321 4041 morti
3356 3985 3608 4049 traditus,

2045 4082 2139 4156 qui
2170 4080 2378 4137 habitat
2404 4080 2463 4136 in
2486 4078 2642 4135 caelis
2670 4085 2726 4135 et
2769 4077 2952 4134 omnia
2984 4077 3384 4148 complectitur,
3417 4076 3614 4133 irride-

2045 4172 2124 4228 bit
2149 4187 2265 4238 eos,
2300 4171 2530 4243 ejusque
2562 4170 2721 4226 Pater
2745 4170 2837 4241 qui
2886 4181 3010 4224 cum
3038 4168 3159 4239 ipso
3185 4167 3407 4225 Christo
3436 4183 3611 4239 oppu-

2045 4276 2244 4339 gnatur
2283 4266 2643 4324 subsannabit
2690 4280 2805 4330 eos,
2850 4264 3150 4335 dignasque
3187 4263 3256 4317 ab
3295 4264 3376 4318 eis
3420 4276 3610 4333 ptenas

2048 4367 2285 4431 expetet,
2323 4358 2592 4430 siquidem
2617 4358 2784 4414 verba
2813 4355 3049 4411 minacia
3090 4356 3187 4410 ira!
3215 4362 3455 4424 tempore
3479 4368 3609 4424 pro-

1974 4425 2019 4481 θ
2049 4425 2156 4507 lata
2183 4460 2332 4508 sunt.

2116 4629 2280 4685 Vsus.
2302 4627 2356 4685 6.
2377 4628 2486 4700 Ego
2516 4640 2686 4683 autem
2717 4629 3030 4682 constitutus
3051 4645 3165 4682 sum
3180 4643 3273 4682 rex
3286 4627 3351 4682 ab
3375 4645 3435 4684 eo
3456 4644 3610 4699 super

2046 4724 2175 4780 Sion
2194 4736 2423 4781 montem
2443 4735 2686 4781 sanetum
2704 4725 2839 4795 ejus,
2861 4724 3155 4794 prtedicans
3169 4734 3483 4794 praeceptum
3502 4724 3611 4779 Do-

2047 4819 2200 4873 mini.
2238 4817 2364 4874 Htec
2403 4827 2457 4874 et
2484 4819 2708 4885 similia,
2746 4818 2945 4889 inquit,
2972 4817 3248 4887 patientur
3278 4816 3372 4887 qui
3406 4831 3607 4873 conve-

2043 4921 2245 4967 nerunt
2284 4913 2548 4968 adversus
2595 4910 2885 4966 Dominum
2920 4916 2974 4965 et
3023 4909 3287 4966 adversus
3329 4908 3609 4963 Christum

2040 5004 2183 5074 ejus,
2215 5015 2268 5060 et
2298 5005 2612 5075 hujusmodi
2645 5004 2751 5060 erit
2779 5004 3002 5058 illorum
3034 5002 3179 5058 ﬁnis.
3228 5000 3384 5069 Quod
3425 5010 3607 5056 autem

2041 5116 2144 5172 ego
2194 5108 2317 5173 post
2360 5109 2539 5157 tantas
2580 5100 2810 5157 insidias
2849 5107 2903 5155 et
2936 5108 3048 5154 tam
3095 5098 3299 5155 multos
3327 5095 3606 5151 cruciatus
3668 5160 3674 5167 ν

2037 5210 2132 5250 rex
2180 5194 2248 5249 ab
2300 5195 2420 5264 ipso
2462 5194 2622 5249 Patre
2669 5192 3087 5249 constituendus
3149 5190 3276 5255 sim,
3318 5194 3606 5259 paternum

2038 5284 2193 5341 vobis
2229 5291 2555 5354 prmceptum
2589 5284 2961 5349 nuntiaturus,
3000 5297 3062 5338 ea
3095 5289 3244 5337 certe
3286 5271 3601 5342 evangelica

2042 5376 2357 5447 przedicatio
2391 5376 2575 5434 fuerit.
2625 5376 2781 5443 Quod
2821 5375 2866 5431 si
2901 5389 3058 5430 mons
3090 5378 3313 5427 sanctus
3337 5362 3454 5423 Dei,
3484 5373 3601 5415 ca:-

2039 5468 2195 5524 lestis
2226 5468 2316 5524 ille
2346 5467 2513 5525 fuerit
2542 5469 2610 5525 de
2650 5483 2759 5540 quo
2792 5468 2867 5522 ait
2916 5465 3153 5520 Paulus:
3192 5452 3503 5515 Aceessistis
3529 5450 3597 5505 ad

2041 5558 2171 5616 Sion
2196 5565 2490 5628 montem";
2516 5579 2579 5618 ac
2603 5577 2828 5619 rursus:
2873 5558 2984 5617 Illa
3019 5566 3192 5612 autem
3247 5563 3363 5620 qua'
3385 5562 3597 5601 sursum
