4042 6210
485 284 550 341 ετ
1185 281 1450 335 EUSEBII
1489 279 1964 336 CASSARIENSIS
1994 277 2141 335 OPP.
2180 277 2360 332 PARS
2391 277 2475 332 Ill.
2512 309 2580 319 —
2608 279 3012 332 EXEbh'l'lLA.
3653 279 3721 330 88

483 411 564 456 est
589 398 911 466 Jerusalem,
940 402 1105 458 libera
1133 413 1208 458 est
1227 403 1288 466 ‘°,
1319 401 1582 472 atquediic
1617 407 1796 455 tamen
1831 414 2045 470 regnum

2170 398 2564 466 Ἰερουσαλὴμ
2611 399 2894 468 ἐλευθέρα
2941 395 3113 450 ἐστὶν
3136 438 3151 461 ,
3213 393 3444 450 ἐνταῦθά
3493 411 3624 464 φησι
3657 396 3722 450 τὰ

489 489 596 547 sibi
622 491 982 546 constitutum
1021 492 1128 558 ait;
1164 506 1288 561 pars
1339 506 1472 561 ergo
1517 506 1768 559 superna:
1797 489 2053 545 Ecclesia:

495 581 660 638 fuerit
687 582 852 636 etiam
900 598 963 638 ea
995 597 1113 653 quae
1144 583 1199 636 in
1249 590 1392 638 terra
1432 591 1701 645 versatur,
1742 596 1868 636 cum
1900 596 2054 636 eum-

493 672 613 728 dem
660 673 728 729 ad
764 673 925 730 ﬁnem
959 675 1071 746 ipsa
1123 673 1439 730 contendat.
1494 673 1778 740 Quomodo
1812 680 1990 728 autem
2021 687 2052 727 a

490 764 652 822 Patre
683 766 738 820 in
785 764 914 820 Sion
950 766 1157 822 caelesti
1202 768 1535 822 constitutus
1574 767 1737 822 fuerit
1765 782 1858 821 rex
1899 764 2054 819 Chri-

491 868 631 918 stus,
660 857 956 928 intelligere
987 859 1135 922 licet,
1167 860 1312 931 quod
1343 861 1549 914 dictum
1588 859 1665 913 illi
1709 859 1779 914 sit
1805 878 1816 912 :
1856 856 1988 912 Sede
2019 874 2052 910 a

488 950 692 1005 dextris
730 951 877 1015 meis,
911 950 1074 1005 donec
1107 969 1298 1021 ponam
1335 953 1575 1007 inimicos
1615 969 1731 1006 tuos
1766 952 2052 1007 scabellam

488 1042 676 1111 pedum
711 1041 998 1096 tuorum“.
1049 1042 1200 1110 Quos
1230 1059 1423 1114 nempe
1453 1045 1724 1110 inimicos,
1750 1044 1853 1099 nisi
1889 1059 2052 1114 supra

487 1143 844 1202 memoratos,
874 1136 966 1206 qui
1000 1137 1314 1207 congregati
1357 1146 1485 1192 sunt
1514 1139 1778 1194 adversus
1807 1154 1952 1201 eum,
1999 1146 2054 1193 et

485 1225 774 1278 astiterunt
814 1225 1111 1295 principes,
1157 1241 1330 1296 reges,
1374 1236 1563 1298 gentes
1619 1237 1780 1297 atque
1829 1227 2054 1297 populi?

485 1318 650 1374 hosce
679 1319 827 1373 enim
852 1300 959 1373 sub
997 1319 1227 1388 pedibus
1252 1321 1374 1390 ejus
1398 1323 1815 1376 substraturum
1844 1337 1902 1376 se
1926 1335 2051 1390 pro-

485 1411 637 1469 misit
679 1412 862 1465 Pater.

559 1502 727 1558 Vens.
760 1504 814 1559 7.
852 1502 1106 1558 Dominus
1150 1503 1286 1556 dixit
1328 1502 1398 1556 ad
1443 1520 1557 1557 me:
1601 1502 1649 1555 F
1655 1502 1777 1556 ilius
1813 1519 1957 1557 meus
1997 1520 2050 1558 es

485 1604 566 1659 tu,
613 1611 706 1665 ego
738 1595 891 1649 hodie
941 1597 1097 1667 genui
1127 1603 1196 1652 te.
1228 1593 1399 1659 illud,
1452 1594 1624 1660 hodie,
1672 1611 1869 1650 nomen
1912 1602 2052 1650 tem-

485 1687 638 1757 poris
682 1699 783 1752 est,
823 1689 1074 1760 idemque
1117 1688 1588 1760 signiﬁcatatque
1643 1688 1896 1760 prmsenti
1936 1687 2045 1743 die.

490 1777 613 1835 Dies
673 1789 853 1836 autem
904 1790 988 1836 est
1027 1782 1384 1838 interstitium
1447 1781 1722 1852 quoddam
1767 1783 2045 1853 temporis.

2153 1786 2207 1840 δὲ
2259 1786 2532 1857 διάστημά
2575 1803 2627 1840 τι
2682 1784 2930 1855 χρονικόν
2965 1784 3100 1837 ἐστι.

485 1867 596 1925 Cur
620 1869 785 1940 igitur
809 1871 883 1924 ait
911 1871 986 1926 illi
1019 1871 1313 1927 Dominus:
1359 1871 1472 1944 Ego
1501 1873 1655 1928 hodie
1680 1874 1835 1944 genui
1877 1869 1964 1926 te?
1999 1872 2050 1926 id

481 1960 740 2019 videlicet
772 1961 840 2018 de
871 1964 1154 2034 temporali
1179 1967 1527 2035 generatione
1554 1965 1785 2028 dictum,
1812 1981 1931 2035 qua:
1957 1982 2052 2035 per

483 2053 843 2108 mconomiam
870 2053 1032 2111 facta.
1089 2055 1163 2111 De
1196 2058 1286 2112 illa
1317 2072 1552 2128 namque
1589 2074 1709 2128 quae
1749 2056 1866 2112 sine
1896 2058 2043 2127 prin—

483 2144 629 2214 cipio
663 2152 768 2208 est,
798 2146 873 2202 ait
907 2149 1023 2218 ipse
1059 2147 1263 2204 David:
1317 2149 1400 2203 Ea:
1427 2160 1574 2205 utero
1622 2159 1742 2204 ante
1774 2151 2050 2220 luciferum

481 2237 638 2308 genui
669 2239 800 2292 te".
851 2237 1106 2310 Gignitur
1136 2249 1317 2296 autem
1363 2243 1545 2308 hodie,
1577 2259 1684 2299 non
1715 2244 2044 2316 principium

482 2329 784 2385 exsistendi
815 2331 871 2386 in
897 2340 1021 2386 ortu
1052 2333 1350 2403 accipiens,
1381 2334 1476 2390 sed
1507 2337 1809 2392 secundum
1849 2352 2050 2391 carna-

483 2422 589 2479 lem
633 2424 996 2478 (Bconomiam
1036 2423 1090 2478 in
1123 2423 1469 2496 adoptionem
1494 2428 1737 2483 veniens.
1791 2427 1859 2480 Et
1893 2429 2049 2498 quis-

483 2513 611 2583 quis
661 2513 729 2568 ab
772 2529 838 2568 eo
889 2514 1086 2585 accipit
1136 2523 1462 2586 potestatem
1511 2524 1570 2572 ut
1614 2517 1759 2574 (ilius
1796 2517 1884 2573 Dei
1935 2519 2047 2583 ﬁat,

481 2603 700 2674 quando
726 2603 889 2665 ﬁlius,
915 2621 1010 2677 per
1029 2606 1354 2677 baptismum
1385 2609 2047 2681 regeneratus,,eﬁicitur;

483 2695 576 2765 qui
634 2704 812 2752 tamen
854 2696 1064 2768 aliquid
1111 2697 1291 2752 fuerat
1329 2707 1620 2769 antequam
1681 2700 1826 2755 ﬁlius
1877 2709 2046 2764 esset,

481 2798 613 2847 tunc
669 2789 785 2860 ipse
842 2790 1182 2844 nobilitatnr.
1233 2788 1443 2843 Dicitur
1489 2791 1762 2860 propriam
1795 2790 2048 2846 Hebraici

482 2887 665 2938 textus
696 2879 1150 2953 signiﬁcationem
1182 2895 1304 2934 esse
1329 2882 1523 2948 peperi,
1550 2897 1655 2952 qua
1687 2881 1882 2952 Aquila
1915 2899 2049 2938 usus

480 2983 586 3032 est.
639 2971 936 3043 Apostolus
973 2979 1152 3026 autem
1205 2971 1553 3042 legisperitus
1597 2989 1720 3028 cum
1777 2983 1945 3039 esset,
1992 2977 2048 3030 in

481 3065 726 3136 Epistola
755 3063 822 3118 ad
850 3063 1105 3120 Hebraeos
1139 3062 1492 3136 Septuaginta
1515 3045 1877 3137 lniorprctum
1923 3085 2044 3124 ver-

483 3159 638 3213 sione
670 3171 805 3213 usus
839 3164 941 3212 est.

551 3248 708 3316 Quod
741 3257 921 3304 autem
948 3248 1064 3304 hac
1103 3251 1156 3304 in
1188 3248 1469 3307 Salvatore
1496 3258 1685 3308 nostro
1715 3251 1844 3309 Jesu
1881 3253 2043 3309 Chri.

483 3349 591 3406 sto,
627 3350 681 3407 et
695 3355 818 3411 ⁵μιοιι
843 3341 898 3398 in
929 3341 1058 3412 alio,
1081 3343 1351 3417 completa
1380 3345 1512 3412 sint,
1544 3344 1884 3415 declaratur;
1911 3350 2043 3406 illud

481 3437 624 3493 enim
649 3455 663 3495 ι

550 3525 786 3585 Vens.8.
821 3526 1046 3583 Postulo
1068 3545 1100 3582 a
1121 3545 1220 3592 me,
1261 3538 1311 3583 et
1347 3528 1486 3584 dabo
1512 3528 1607 3583 tibi
1627 3539 1804 3600 gentes
1829 3530 2054 3585 hwredi-

479 3627 640 3674 tatem
677 3627 845 3685 tuam,
870 3629 924 3676 et
964 3622 1344 3689 possessionem
1385 3632 1532 3676 tuam
1577 3625 1829 3679 terminos
1871 3633 2042 3692 terra',

479 3726 640 3767 nemo
661 3710 861 3767 dixerit
891 3713 949 3765 in
977 3713 1085 3767 alio
1114 3715 1370 3783 quopiam
1418 3723 1663 3770 veterum
1687 3714 1783 3771 Dei
1810 3716 2045 3786 prophe-

478 3814 658 3857 tarum
682 3802 860 3858 visum
882 3817 947 3857 ac
961 3805 1286 3875 completum
1306 3819 1448 3861 esse.
1480 3804 1613 3862 Nam
1636 3823 1807 3878 neque
1830 3807 2043 3879 Moyses

478 3893 734 3948 omnibus
771 3894 1025 3964 gentibus
1054 3897 1358 3965 imperavit,
1407 3912 1584 3967 neque
1632 3897 1822 3964 David,
1869 3915 2046 3969 neque

481 3984 763 4050 Salomon,
797 4001 970 4055 neque
999 3987 1138 4042 alius
1160 3989 1429 4057 quispiam
1457 4003 1648 4044 eorum
1671 3991 1764 4060 qui
1792 4005 1821 4043 a
1845 3992 2046 4046 smculo

479 4075 632 4132 fuere
657 4077 1045 4148 prophetarum
1078 4088 1173 4133 aut
1205 4094 1433 4149 regum:
1480 4081 1583 4136 soli
1629 4088 1813 4136 autem
1859 4081 2046 4136 Salva-

479 4167 587 4220 tori
625 4175 815 4224 nostro
862 4167 977 4222 haec
1007 4177 1314 4239 competere
1351 4171 1436 4224 vel
1465 4171 1580 4239 ipsa
1609 4187 1793 4226 rerum
1826 4173 2038 4243 perspi-

476 4257 649 4313 cuitas
671 4257 1024 4314 testiﬁcatur:
1053 4259 1492 4330 quandoquidem
1516 4261 1571 4316 in
1604 4277 1816 4318 onmem
1844 4274 2044 4322 terram

474 4350 641 4408 exivit
661 4367 831 4409 sonus
863 4353 1236 4424 apostolorum
1261 4354 1402 4424 ejus,
1430 4361 1484 4409 et
1519 4355 1572 4409 in
1605 4355 1741 4412 ﬁnes
1765 4357 1914 4412 orbis
1945 4365 2044 4414 ter-

472 4457 549 4497 rae
583 4445 748 4500 verba
776 4459 964 4500 eorum
996 4447 1367 4512 pervasere“.

543 4534 709 4594 Vens.
748 4538 803 4594 9.
837 4538 1031 4595 Pastas
1058 4557 1144 4595 eos
1171 4541 1224 4595 in
1246 4542 1392 4612 virga
1415 4541 1609 4611 ferrea,
1638 4553 1888 4614 tanquam
1910 4562 2039 4600 vasa

475 4627 626 4698 ﬁguli
675 4629 970 4701 confringe:
1013 4649 1120 4687 eos.
1151 4633 1384 4704 Accepta
1429 4636 1482 4689 in
1524 4653 1716 4693 omnes
1747 4646 2037 4707 potestate,

475 4719 687 4793 priores
713 4721 836 4776 illos
862 4723 956 4792 qui
986 4724 1273 4780 adversum
1325 4734 1377 4781 te
1423 4725 1765 4784 fremuerunt
1807 4739 1863 4784 et
1903 4746 2039 4785 vana

475 4811 719 4866 meditati
745 4820 894 4878 sunt,
926 4813 1022 4868 sed
1059 4815 1223 4870 etiam
1253 4816 1344 4886 qui
1387 4819 1699 4887 astiterunt,
1727 4831 1782 4876 et
1833 4837 2034 4878 conve-

475 4911 676 4960 nerunt
694 4904 983 4963 adversum
1007 4913 1060 4961 te
1078 4921 1234 4978 reges
1257 4915 1414 4964 terrae
1433 4919 1486 4964 et
1501 4912 1795 4982 principes,
1819 4929 2034 4984 pasces,

477 5009 583 5052 non
609 4998 871 5066 pastorali
912 5007 1320 5057 mansuetarum
1366 5003 1548 5058 ovium
1575 5006 1748 5077 virga,
1776 5024 1897 5079 quae
1925 5023 2040 5064 scr-

476 5089 733 5145 monibus
765 5090 1207 5163 salutaribusque
1243 5095 1550 5168 disciplinis
1575 5108 1832 5169 constat;
1858 5102 2041 5171 hujus-

473 5182 622 5237 modi
651 5197 889 5253 namque
919 5185 1068 5256 virga
1099 5187 1413 5245 rationabili
1443 5191 1652 5248 Christi
1681 5209 1810 5250 oves
1840 5195 1892 5250 in
1917 5196 2038 5266 ejus

475 5279 732 5343 ovilibus,
765 5279 880 5334 sive
906 5281 960 5335 in
983 5280 1244 5339 Ecclesiis
1273 5292 1327 5339 et
1348 5284 1728 5356 Spiritualibus
1757 5303 2039 5344 sacrarum

477 5368 887 5442 Scripturarum
912 5373 1154 5443 pascuis,
1199 5388 1494 5446 reguntur;
1537 5379 1633 5435 sed
1658 5380 1713 5434 in
1735 5380 1886 5450 virga
1929 5381 2039 5435 fer-

476 5480 600 5533 rea;
632 5481 740 5538 qua
763 5473 819 5522 et
847 5466 969 5523 illos
996 5475 1049 5523 et
1068 5468 1426 5539 cogitationes
1452 5486 1642 5526 eorum
1669 5471 2036 5545 confringere,

547 5599 592 5631 ¹⁰
628 5598 805 5656 Galat.
841 5615 925 5668 tv,
956 5599 1046 5655 26.
1126 5600 1166 5632 ’ί
1208 5599 1495 5666 Psalmis,
1539 5603 1584 5668 Ι,
1623 5603 1678 5658 2.
1755 5606 1798 5636 η

1897 5609 2025 5665 ibid.
2094 5613 2146 5668 4.

2159 489 2408 559 βασίλεια
2461 488 2609 559 αὑτῷ
2670 488 3016 542 συνεστάναιο
3083 488 3246 559 μέρος
3295 487 3338 540 δ’
3372 487 3437 541 ἂν
3477 487 3577 556 τῆς
3612 489 3722 543 ἄνω

2171 583 2498 654 Ἐκκλησίας
2533 583 2625 636 καὶ
2665 585 2698 654 ἡ
2726 585 2818 637 ἐπὶ
2842 584 2945 655 γῆς
2976 585 3056 647 είς
3087 583 3261 635 ἐκεῖνο
3286 581 3470 644 τέλους
3512 582 3604 636 καὶ
3630 584 3726 636 αὐ-

2159 680 2230 749 τῇ
2262 678 2563 731 σπεύδουσα
2597 677 2695 749 (1).
2727 678 2916 740 Ὅπως
2959 676 3013 729 δὲ
3040 675 3143 730 ὑπὸ
3189 674 3282 729 τοῦ
3311 673 3522 746 Πατρὸς
3549 677 3605 729 ἐν
3656 680 3721 748 τῇ

2155 767 2463 839 ἐπουρανίῳ
2478 768 2614 822 Σιὼν
2639 766 2944 837 κατεστάθη
2966 765 3216 836 βασιλεὺς
3236 769 3264 820 6
3281 766 3510 837 Χριστὸς
3532 767 3720 832 αὑτοῦ,

2155 861 2388 932 πάρεστι
2415 861 2612 930 γνῶναι
2644 861 2737 914 κα)⁸
2761 861 2868 913 ἀπὸ
2899 859 2991 912 τοῦ
3022 859 3270 928 λέγεσθαι
3300 859 3478 930 αὐτῷ·
3526 860 3721 914 Κάθου

2151 957 2218 1009 ἐκ
2247 952 2459 1019 δεξιῶν
2483 972 2601 1024 μου
2621 993 2635 1016 ,
2661 953 2762 1020 ἕως
2798 952 2875 1006 ἂν
2901 950 2982 1005 θῶ
3008 951 3141 1018 τοὺς
3171 951 3420 1021 ἐχθρούς
3445 967 3560 1005 σου
3587 954 3722 1006 into-

2155 1048 2367 1101 πόδιον
2397 1045 2514 1100 τῶν
2546 1045 2746 1101 ποδῶν
2775 1060 2910 1098 σου.
2969 1044 3158 1107 Ποίους
3186 1043 3243 1096 δὲ
3275 1043 3499 1115 ἐχθροὺς
3530 1044 3562 1115 ἣ
3595 1046 3720 1109 τοὺς

2155 1139 2584 1212 προλεχθέντας,
2623 1139 2746 1200 τοὺς
2774 1137 2838 1209 δὴ
2878 1134 3236 1205 συναχθέντας
3285 1135 3404 1187 κατ’
3430 1134 3591 1188 αὑτοῦ
3627 1137 3719 1190 καὶ

2155 1231 2532 1304 παραστάντας
2566 1231 2828 1302 ἄρχοντας
2857 1229 2948 1282 καὶ
2974 1227 3228 1298 βασιλεῖς,
3257 1227 3351 1280 καὶ
3402 1227 3582 1292 λαοὺς,
3629 1230 3720 1280 καὶ

2153 1324 2320 1396 ἔθνη;
2372 1323 2594 1384 τούτους
2642 1322 2750 1394 γὰρ
2800 1320 3086 1388 ὑποτάξειν
3137 1323 3248 1384 τοῖς
3297 1319 3460 1374 αὑτοῦ
3506 1322 3660 1375 ποσὶν
3690 1323 3719 1374 6

2153 1416 2342 1488 Πατὴρ
2372 1415 2753 1488 ἐπηγγείλατο.

2223 1511 2436 1578 Κύριος
2481 1505 2612 1563 εἶπε
2661 1511 2809 1576 πρὸς
2840 1513 2960 1578 μέ’
3016 1507 3142 1572 Υἱός
3177 1524 3295 1575 μου
3332 1502 3390 1559 εἷ
3437 1505 3557 1569 σὺ,
3607 1504 3720 1574 ἐγὼ

2153 1601 2415 1671 σήμερον
2443 1597 2768 1672 γεγέννηκά
2794 1613 2885 1652 σε.
2937 1596 3010 1650 Τὸ
3040 1596 3303 1666 σήμερον
3329 1596 3496 1667 ὄνομα
3529 1597 3718 1668 χρόνου

2154 1695 2338 1747 ἐστίν’
2400 1693 2706 1764 ίσοδυναμεί
2735 1692 2790 1746 δὲ
2839 1695 2902 1764 τῇ
2953 1689 3229 1762 ὲνεστὼσῃ
3257 1689 3475 1762 ἡμέρα-
3534 1689 3716 1761 ἡμέρα

3187 1782 3252 1835 Τί
3283 1777 3376 1834 οὖν
3413 1798 3546 1852 φησι
3584 1779 3716 1853 πρὸς

2153 1880 2314 1934 αὑτὸν
2334 1881 2362 1933 6
2391 1879 2591 1952 Κύριος
2611 1897 2625 1910 ο
2675 1876 2813 1947 Ἐγὼ
2844 1876 3108 1944 σήμερον
3140 1871 3464 1946 γεγέννηκά
3491 1888 3595 1936 σε;
3625 1874 3717 1944 δη-

2151 1973 2324 2026 λονότι
2379 1972 2507 2042 περὶ
2563 1972 2662 2043 τῆς
2723 1969 2976 2043 χρονικῆς
3028 1968 3127 2040 ἔφη
3169 1967 3441 2039 γενήσεως
3470 1967 3566 2037 τῆς
3598 1967 3716 2019 κατ’

2151 2062 2488 2134 οἰκονομίαν·
2553 2061 2678 2133 περὶ
2735 2060 2842 2131 γὰρ
2894 2060 2991 2131 τῆς
3021 2059 3254 2130 ἁνάρχου
3289 2057 3450 2129 φησὶν
3502 2057 3717 2121 αὐτὺςό

2150 2155 2340 2222 Δαοῖδ·
2403 2156 2494 2208 Ἐκ
2531 2153 2786 2224 γαστρὸς
2816 2151 2927 2220 πρὸ
2957 2151 3266 2219 ἑωσφόρον
3296 2147 3592 2218 ἐγέννησὰ
3622 2165 3711 2203 σε.

2150 2246 2406 2300 Γεννᾶται
2436 2246 2490 2300 δὲ
2524 2249 2760 2318 σήμερον
2798 2245 2919 2315 οὐχ).
2975 2243 3146 2315 ἀρχὴν
3184 2243 3490 2306 συστάσεως
3541 2243 3598 2294 ἐν
3640 2242 3716 2314 τῷ

2151 2336 2440 2404 γεννᾶσθαι
2491 2336 2778 2407 λαμϐάνων
2797 2376 2811 2398 ,
2848 2333 2987 2388 κατὰ
3022 2333 3078 2386 δὲ
3104 2333 3202 2404 τὴν
3225 2332 3488 2404 σαρκικὴν
3519 2333 3717 2385 οἰκονο-

2153 2427 2281 2498 μίαν
2312 2429 2391 2490 εἰς
2415 2426 2682 2480 υἱοθεσίαν
2710 2424 2897 2478 ἐλθών.
2934 2425 3042 2477 Καὶ
3063 2426 3090 2478 6
3113 2424 3241 2495 παρ’
3267 2423 3430 2476 αὐτοῦ
3455 2422 3510 2476 δὲ
3540 2421 3716 2476 λαϐὼν

2149 2520 2393 2587 ἐξουσίαν
2419 2519 2604 2574 τέκνον
2631 2517 2763 2571 Θεοῦ
2783 2517 3060 2587 γενέσθαι,
3086 2518 3173 2571 ὅτε
3196 2515 3401 2586 γίνεται
3422 2516 3606 2569 τέκνον
3629 2515 3716 2569 διὰ

2149 2609 2242 2664 τοῦ
2279 2609 2646 2681 βαπτίσματος
2677 2605 3116 2677 ἀναγεννώμενος
3145 2647 3160 2671 ,
3192 2605 3376 2678 ἕτερόν
3405 2623 3455 2659 τι
3487 2605 3592 2675 πρὸ
3621 2604 3714 2658 τοῦ

2148 2696 2286 2754 εἶναι
2319 2699 2505 2752 τέκνον
2539 2697 2796 2770 ὑπάρχων
2822 2738 2836 2762 ,
2877 2696 3287 2766 ὲξευγενίζεται.
3334 2693 3387 2750 Ὁ
3429 2697 3610 2768 μέντοι
3651 2713 3713 2765 γε

2160 2792 2409 2863 Ἑϐραῖος
2443 2791 2656 2859 ἐλέγετο
2691 2790 2875 2861 κύριον
2909 2785 3046 2842 εἶναι
3084 2789 3180 2860 τῆς
3210 2788 3405 2855 λέξεως
3432 2830 3446 2853 ,
3482 2788 3710 2851 ἔτεκον,

2148 2884 2284 2954 ὅπερ
2305 2884 2395 2936 καὶ
2428 2882 2654 2946 Ἀκύλας
2682 2881 2992 2953 πεποίηκεν.
3036 2878 3093 2933 '0
3115 2879 3172 2934 δὲ
3205 2880 3540 2960 ’ἀπόστολοῇ
3564 2897 3716 2950 νομο-

2151 2974 2328 3048 μαθὴς
2357 2975 2616 3048 ὑπάρχων
2635 3016 2650 3040 ,
2676 2975 2732 3027 ὲν
2755 2977 2821 3046 τῇ
2845 2974 2978 3046 πρὸς
3013 2973 3294 3045 Ἑϐραίους
3313 2977 3378 3047 τῇ
3399 2975 3504 3030 τῶν
3537 2970 3712 3029 Ἑϐδο-

2152 3067 2391 3138 μήκοντα
2422 3067 2707 3138 ἐχρήσατο.

2215 3249 2322 3303 Καὶ
2354 3249 2435 3303 ὅτι
2467 3265 2529 3317 γε
2578 3248 2657 3311 είς
2689 3245 2780 3299 τὸν
2814 3244 3078 3316 ἡμέτερον
3110 3244 3336 3314 Σωτῆρα
3378 3241 3584 3314 Ἰησοῦν
3627 3241 3715 3295 τὸν

2145 3343 2411 3414 Χριστὸν,
2462 3341 2558 3394 καὶ
2611 3339 2711 3392 οὐκ
2740 3339 2818 3401 είς
2879 3336 3072 3402 ἄλλον,
3130 3334 3481 3408 πεπλήρωται
3523 3333 3714 3398 ταῦτα,

2147 3431 2471 3504 παρίστησι·
2504 3429 2564 3483 τὸ
2597 3427 2739 3500 γάρ·

2213 3525 2460 3592 Αἲτησαι
2483 3522 2615 3591 παρ’
2637 3518 2801 3589 ἐμοῦ,
2825 3518 2921 3575 καί
2941 3517 3111 3572 δώσω
3141 3533 3236 3571 σοι
3263 3516 3406 3584 ἔθνη
3437 3514 3551 3584 τὴν
3581 3518 3718 3583 κλη-

2135 3619 2426 3687 ρονομίαν
2445 3631 2581 3680 σου,
2605 3615 2700 3668 καὶ
2727 3613 2838 3682 τὴν
2856 3609 3229 3679 κατάσχεσίν
3255 3626 3370 3662 σου
3397 3608 3470 3661 τὰ
3495 3606 3716 3676 πέρατα

2146 3708 2252 3776 τῆς
2299 3709 2431 3779 γῆς,
2463 3708 2657 3771 ὀὐδεὶς
2711 3706 2775 3760 ἂν
2823 3705 2932 3776 ἔχοι
2976 3703 3140 3774 φάναι
3211 3701 3294 3769 ἐφ’
3356 3700 3541 3773 ἑτέρου
3609 3700 3716 3753 τῶν

2148 3803 2315 3856 πάλαι
2340 3801 2434 3855 τοῦ
2462 3800 2594 3854 Θεοῦ
2626 3797 2916 3870 προφητῶν
2951 3793 3368 3867 πεφανερῶσθαι
3394 3793 3487 3847 καὶ
3511 3793 3716 3864 πεπλη-

2147 3894 2370 3966 ρῶσθαι.
2403 3891 2541 3947 Οὔτε
2567 3891 2675 3962 γὰρ
2697 3891 2935 3960 Μωῦσῆς
2959 3888 3066 3942 τῶν
3084 3885 3250 3941 ἐθνῶν
3277 3887 3527 3939 ἁπάντων
3549 3885 3713 3956 ἐγρά-

2145 4004 2308 4057 τησεν
2328 4025 2343 4049 ,
2387 3984 2510 4039 οὔτε
2561 3983 2720 4037 Δαυῖδ
2743 4023 2758 4046 ,
2799 3981 2922 4035 οὔτε
2951 3978 3199 4049 Σολομὼν
3218 4019 3232 4041 ,
3263 3977 3386 4032 οὔτε
3417 3993 3501 4039 τις
3533 3976 3716 4048 ἕτερος

2146 4075 2438 4150 προφητῶν
2482 4076 2514 4147 ἢ
2563 4074 2821 4146 βασιλέων
2865 4073 2970 4126 τῶν
3031 4070 3090 4137 ἐξ
3139 4070 3331 4134 αἰῶνος
3374 4068 3711 4140 γενομένωνο

2148 4171 2293 4243 μόνῳ
2312 4170 2369 4223 δὲ
2390 4169 2466 4241 τῷ
2494 4167 2743 4240 ἡμετέρῳ
2773 4165 3035 4237 Σωτῆριή
3063 4165 3168 4218 τῶν
3197 4162 3532 4236 πραγμάτων
3561 4154 3717 4230 ἐνάρ-

2145 4282 2267 4334 γεια
2315 4263 2606 4334 μαρτυρεῖ·
2642 4258 2933 4331 ἐπειδήπερ
2984 4259 3062 4320 είς
3098 4258 3276 4310 πᾶσαν
3307 4255 3404 4327 τὴν
3433 4253 3539 4324 γῆν
3565 4251 3717 4322 ἐξῆλ-

2145 4356 2236 4410 θεν
2287 4358 2316 4409 6
2366 4354 2600 4425 φθόγγος
2640 4352 2745 4406 τῶν
2793 4351 3102 4404 ἀποστόλων
3153 4348 3351 4411 αὑτοῦ,
3397 4348 3492 4402 καὶ
3541 4349 3618 4410 είς
3650 4345 3718 4399 τὰ

2075 4475 2118 4529 ι)
2150 4450 2359 4520 πέρατα
2392 4448 2483 4519 τῆς
2505 4445 2826 4517 οἰκουμένης
2854 4443 2923 4502 τὰ
2957 4444 3172 4516 ῥήματα
3205 4440 3384 4494 αὐτῶν
3415 4439 3644 4510 διῆλθεν.

2219 4541 2530 4612 Ποιμαννεῖς
2558 4539 2779 4604 αὐτοὺς
2809 4537 2878 4590 ἐν
2897 4531 3096 4600 ῥάϐδῳ
3125 4533 3342 4602 σιδηρᾷ
3367 4575 3382 4598 ,
3418 4535 3499 4600 ὠς
3525 4533 3712 4599 σκεύη

2150 4634 2442 4704 κεραμέως
2497 4633 2849 4700 συντρίψεις
2897 4629 3137 4694 αὐτούς.
3212 4625 3405 4682 Λαϐὼν
3441 4625 3539 4698 τὴν
3577 4623 3717 4679 κατὰ

2148 4728 2366 4782 πάντων
2418 4725 2700 4792 ἐξουσίαν,
2761 4722 2886 4784 τοὺς
2935 4720 3228 4792 προτέρους
3289 4718 3528 4783 ἐκείνους
3593 4717 3717 4780 τοὺς

2147 4822 2288 4876 κατὰ
2330 4819 2424 4874 σοῦ
2458 4816 2799 4888 φρυάξαντας
2830 4813 2922 4869 καὶ
2955 4813 3085 4866 κενὰ
3119 4813 3517 4884 μελετήσαντας
3537 4852 3551 4875 ,
3582 4811 3717 4866 ἀλλὰ

2146 4917 2240 4971 καὶ
2290 4916 2414 4978 τοὺς
2444 4911 2826 4984 παραστάντας
2870 4907 2964 4961 καὶ
3021 4904 3378 4976 συναχθέντας
3429 4904 3570 4958 κατὰ
3622 4903 3714 4956 σοῦ

2148 5010 2386 5081 βασιλεῖς
2412 5025 2474 5061 τε
2508 5009 2610 5078 γῆς
2651 5007 2743 5059 καὶ
2783 5004 3048 5076 ἄρχοντας
3075 5001 3380 5071 ποιμανεῖς,
3430 4999 3488 5051 οὐ
3515 4999 3580 5068 τῇ
3609 4995 3716 5050 τῶν

2147 5103 2367 5174 ἡμέρων
2397 5099 2683 5170 προϐάτων
2711 5097 3037 5166 ποιμαντικῇ
3075 5092 3251 5166 ῥάϐδῳ
3271 5133 3284 5154 ,
3330 5093 3395 5162 τῇ
3429 5088 3515 5142 διὰ
3547 5089 3718 5156 λόγων

2146 5195 2239 5247 καὶ
2262 5190 2542 5262 σωτηρίων
2573 5189 2906 5260 μαθημάτων
2925 5204 2938 5217 ’
2959 5185 3178 5256 τοιαύτῃ
3200 5184 3306 5255 γὰρ
3328 5183 3518 5252 λογικῇ
3541 5180 3720 5253 ῥάϐδῳ

2146 5285 2214 5339 τὰ
2249 5283 2487 5355 Χριστοῦ
2546 5279 2790 5352 πρόϐατα
2828 5281 2884 5332 ἐν
2919 5281 3039 5342 ταῖς
3081 5275 3342 5350 μάνδραις
3379 5272 3544 5328 αὐτοῦ
3573 5314 3589 5339 ,
3659 5272 3718 5324 ὲν

2145 5380 2264 5439 ταῖς
2307 5373 2649 5446 Ἐκκλησίαις
2681 5372 2772 5426 καὶ
2813 5374 2929 5435 ταῖς
2959 5370 3065 5424 τῶν
3101 5367 3259 5439 ἱερῶν
3285 5363 3513 5437 Γραφῶν
3559 5379 3720 5416 πνευ-

2150 5469 2406 5540 ματικαῖς
2434 5469 2625 5538 νομαῖς
2649 5484 2734 5520 ποι
2743 5465 2991 5536 μαίνεται
3015 5480 3028 5494 ο
3064 5460 3176 5517 ἀλλ’
3208 5462 3266 5514 ὲν
3295 5457 3472 5532 ῥάϐδῳ
3499 5455 3716 5528 σιδηρᾷ,

2287 5603 2329 5634 ⁸³
2366 5601 2511 5661 Psal.
2543 5617 2712 5668 xvttt,
2747 5603 2800 5659 5.

547 5754 624 5830 (ί)
651 5756 834 5828 Αὑτῇ.
883 5774 990 5815 σπ.
1024 5758 1334 5832 Legendum
1361 5761 1518 5831 αὐτή,
1551 5776 1741 5832 nempe
1769 5760 1800 5833 ἡ
1831 5761 1917 5814 ἐπὶ
1945 5761 2045 5830 γῆς

2148 5759 2408 5834 ἰκκλησία.
2444 5760 2600 5818 Enn.
