4066 6218
290 296 355 354 89
1364 296 1867 356 COMMENTARIA
1907 296 1973 351 IN
2010 296 2351 358 PSALMOS.
3429 313 3502 368 90

290 414 357 468 δι’
379 407 448 484 ἧς
474 412 784 484 συντρίψειν
813 413 1029 480 αὐτοὺς,
1063 417 1154 471 καὶ
1178 418 1239 471 τὺ
1262 419 1342 491 οῐη
1353 437 1428 489 μα
1451 421 1628 474 αὐτῶν
1656 421 1855 474 κατεά-

1967 432 2009 478 et
2042 431 2300 495 tanquam
2359 440 2455 480 vas
2487 424 2634 496 ﬁguli
2660 435 2941 484 conterere
2979 427 3094 498 ipse
3135 428 3354 484 dicitur.
3396 427 3521 481 Vir-

292 505 585 578 ξεινδίκην
628 507 850 574 ἀγγείου
897 508 1212 580 ὀστρακίνου
1243 510 1477 579 λέγεται.
1551 511 1769 566 Ῥάϐδον
1798 512 1854 566 δὲ

294 597 513 668 σιδηρᾶν
548 597 651 669 τὴν
696 598 980 669 Ῥωμαίων
1009 601 1180 673 ἀρχὴν
1206 599 1344 655 εἶναί
1381 621 1543 675 φησιν
1565 645 1580 668 ,
1628 606 1856 676 ἐπικρα-

292 687 543 758 τεστέραν
567 689 864 761 γενομένην
903 692 1034 759 μετὰ
1055 693 1152 762 τὴν
1175 692 1268 745 τοῦ
1291 695 1538 766 Σωτῆρος
1563 697 1594 766 ὴ
1603 695 1715 765 μῶν
1741 697 1858 748 ἐπι-

291 781 528 848 φάνειαν.
601 779 688 846 Ἐξ
711 781 919 834 ἐκείνου
951 784 1061 850 γὰρ
1090 782 1197 835 τῶν
1224 785 1341 837 κατ’
1366 784 1489 856 ἔθνη
1516 785 1857 856 πολυαρχιῶν

292 871 378 925 καὶ
426 870 536 923 τῶν
592 871 732 926 κατά
770 871 953 944 χώρας
990 873 1288 946 ὲθναρχιῶν
1325 876 1728 930 καταλυθεισῶν
1753 919 1768 943 ,
1823 880 1856 950 ἡ

302 961 584 1033 Ῥωμαίων
610 965 948 1035 ὲμονάρχησε
980 964 1242 1034 βασιλεία,
1271 967 1336 1036 ἢν
1376 968 1469 1021 καὶ
1491 970 1523 1039 ὴ
1545 967 1636 1021 τοῦ
1662 969 1859 1040 Δανιὴλ

293 1055 593 1127 προφητεία
628 1054 853 1127 σιδηρᾶν
888 1059 1182 1128 προσεῖπεν
1214 1099 1228 1124 ,
1263 1060 1354 1111 ἐπὶ
1397 1059 1493 1129 μὲν
1525 1059 1621 1129 τῆς
1654 1060 1859 1123 εἰκόνος

295 1150 527 1219 φήσασαο
554 1149 616 1200 al
648 1147 855 1218 κνῆμαι
885 1150 976 1200 καὶ
1003 1150 1048 1200 οἱ
1081 1150 1237 1214 πόδες
1266 1151 1506 1223 σιδηροῖ,
1538 1151 1631 1203 καὶ
1658 1152 1758 1222 τὴν
1777 1153 1860 1225 ἑρ-

297 1241 502 1312 μηνείαν
547 1241 819 1311 ὲκθεμένη
843 1240 933 1294 διὰ
958 1240 1050 1294 τοῦ
1075 1243 1236 1310 φάναι
1260 1260 1272 1273 ο
1298 1243 1584 1297 Βασιλεία
1610 1241 1857 1311 τετάρτη

295 1339 442 1390 ἔσται
457 1333 684 1404 ισχυρὰ
695 1335 776 1399 ὠς
789 1337 820 1387 ό
828 1333 1092 1402 σίδηρος·
1112 1334 1183 1388 ὃν
1195 1337 1414 1403 τρόπον
1427 1335 1533 1403 γὰρ
1547 1337 1579 1388 ό
1593 1334 1857 1402 σίδηρος,

297 1428 563 1484 λετττυνεῖ
581 1428 679 1480 καὶ
702 1425 985 1496 δαμάσει·
1022 1427 1113 1479 ἐπὶ
1133 1426 1190 1479 δὲ
1214 1426 1314 1496 τῆς
1336 1425 1577 1497 ὁράσεως
1608 1424 1699 1477 τοῦ
1728 1442 1861 1495 προ-

297 1523 448 1592 φήτου
467 1531 479 1544 ⁸
513 1519 626 1574 Καὶ
660 1517 792 1571 ἰδοὺ
811 1558 825 1581 ,
864 1517 1026 1587 φησιν
1045 1558 1058 1581 ,
1108 1516 1250 1578 ζῶον
1280 1517 1561 1584 τέταρτον
1586 1516 1857 1585 φοϐερὸν,

299 1612 385 1664 καὶ
414 1614 465 1664 οί
493 1609 740 1676 ὀδόντες
766 1607 951 1662 αὐτοῦ
977 1608 1239 1676 σιδηροῖ,
1273 1609 1480 1663 ἐσθίον
1510 1610 1607 1664 καὶ
1645 1610 1860 1663 λεπτύ-

302 1723 399 1758 νον
413 1745 427 1768 ,
446 1703 544 1757 καὶ
558 1703 629 1756 τὰ
648 1703 935 1757 ἐπίλοιπα
959 1701 1082 1768 τοῖς
1103 1701 1287 1754 ποσὶν
1305 1701 1489 1756 αὐτοῦ
1512 1700 1854 1756 σιννεπάτει.

1957 528 2080 582 gam
2128 523 2309 568 autem
2359 514 2588 570 ferream
2634 513 2943 571 Romanum
3002 517 3286 588 imperium
3338 525 3516 580 vocat,

1957 606 2102 675 quod
2125 607 2426 661 secundum
2456 605 2761 661 Salvatoris
2791 609 2964 662 nostri
2996 608 3292 663 adventum
3323 617 3518 679 poten-

1959 701 2066 753 tius
2095 700 2287 754 evasit.
2335 698 2470 754 Nam
2517 717 2640 755 cum
2671 702 2864 757 exinde
2909 701 3065 755 multi
3102 701 3347 771 variique
3391 717 3521 771 gen-

1958 791 2095 845 tium
2124 792 2485 862 principatus,
2508 802 2562 848 et
2584 804 2679 864 per
2708 794 2952 849 diversas
2981 794 3228 861 regiones
3269 793 3518 847 domina-

1957 888 2044 936 tus
2073 882 2365 936 multorum
2398 883 2640 953 abrogati
2676 884 2804 945 sint,
2826 899 2990 937 unum
3020 882 3384 936 Romanorum
3417 883 3519 936 im-

1960 973 2165 1042 perium
2197 974 2451 1035 obtinuit,
2475 974 2618 1044 quod
2644 976 2695 1028 in
2717 975 2951 1028 Danielis
2977 975 3258 1044 prophetia
3284 974 3515 1028 ferreum

1958 1074 2212 1121 vocatur:
2242 1081 2366 1120 nam
2399 1067 2489 1144 .ibi
2528 1067 2593 1120 de
2624 1073 2804 1121 statua
2837 1066 3056 1129 dicitur,
3090 1067 3235 1120 tibiae
3262 1074 3314 1119 et
3352 1065 3518 1136 pedes

1957 1157 2076 1228 ejus
2109 1157 2301 1213 ferrei:
2333 1158 2559 1227 ejusque
2593 1158 2670 1212 rei
2709 1159 3204 1226 interpretationem
3248 1155 3404 1210 affert
3433 1158 3518 1212 his

1958 1250 2173 1306 verbis:
2222 1249 2451 1319 Regnum
2491 1260 2736 1320 quartum
2769 1250 3040 1304 robustum
3100 1251 3197 1304 erit
3223 1250 3357 1304 sicut
3407 1249 3517 1318 fer-

1959 1359 2110 1397 rum:
2144 1342 2579 1412 quemadmodum
2601 1344 2737 1395 enim
2764 1342 2982 1410 ferrum,
3011 1343 3327 1395 comminuet
3352 1350 3402 1395 et
3424 1339 3522 1394 do-

1961 1432 2187 1485 mabit“
2230 1431 2510 1502 Perpende
2537 1432 2688 1495 mihi,
2707 1448 2908 1500 qumso,
2929 1432 3204 1500 propheta
3219 1431 3478 1484 visionem
3502 1449 3514 1484 :

1961 1520 2029 1574 Et
2058 1538 2191 1582 ecce,
2227 1521 2420 1590 inquit,
2449 1521 2613 1574 bestia
2635 1531 2825 1591 quarta
2863 1520 3138 1585 terribilis,
3164 1521 3314 1590 cujus
3343 1519 3518 1574 dentes

1959 1615 2138 1684 ferrei,
2163 1613 2434 1669 comedens
2479 1624 2631 1683 atque
2658 1616 3038 1678 comminuens,
3064 1624 3114 1668 et
3141 1615 3344 1684 reliqua
3375 1611 3520 1682 pedi-

1962 1705 2055 1759 bus
2097 1707 2207 1760 suis
2257 1705 2682 1761 conculcabat".
2735 1704 2848 1759 Hoc
2882 1704 3066 1775 itaque
3098 1721 3325 1775 regnum
3370 1705 3522 1758 hisce

304 1795 506 1864 Ταύτην
537 1795 707 1847 τοίνυν
736 1795 832 1846 καὶ
866 1793 957 1846 ἐπὶ
983 1791 1074 1846 τοῦ
1116 1792 1378 1864 παρόντος
1429 1792 1718 1864 δηλοῦσθαι
1745 1794 1848 1862 φά-

1967 1798 2136 1852 verbis
2159 1797 2451 1868 signiﬁcari
2493 1798 2765 1852 creditur:
2797 1797 2993 1851 Pasces
3021 1814 3107 1851 eos
3138 1798 3191 1851 in
3223 1799 3367 1867 virga
3411 1797 3519 1867 [er-

311 1903 518 1950 σκοντος
534 1885 688 1954 λόγου
705 1903 718 1916 ·
736 1884 1045 1954 Ποιμανεῖς
1061 1884 1278 1952 αὐτοὺς
1307 1885 1374 1937 ἐν
1389 1884 1586 1953 ῥάϐδῳ
1618 1882 1854 1952 σιδηρᾷ,

315 1981 394 2046 ὡς
415 1979 592 2046 σκεύη
619 1977 905 2046 κεραμέως
942 1977 1292 2045 συγτρίψεις
1324 1977 1563 2042 αὐτούς.
1621 1977 1858 2048 Δυνάμει

322 2071 423 2140 γὰρ
452 2071 633 2138 ἀφανεί
656 2073 744 2124 καὶ
769 2069 986 2139 ἀοράτῳ
1013 2067 1161 2138 παρά
1186 2066 1274 2120 τοῦ
1298 2068 1509 2139 Πατρδς
1531 2068 1728 2139 κλῆρον
1753 2086 1858 2123 πα-

323 2162 547 2234 ραλαϐὼν
604 2162 670 2215 τά
698 2161 819 2216 καθ’
855 2162 981 2230 ὅλης
1031 2160 1127 2230 τῆς
1164 2160 1482 2232 οἰκουμένης
1512 2152 1638 2231 ἔθ⁴νη
1670 2163 1698 2214 ὁ
1728 2163 1860 2233 Χρι-

321 2257 464 2322 στὸς,
527 2257 648 2319 τοὺς
687 2255 783 2327 μὲν
822 2253 1198 2322 ὲπεγνωκότας
1239 2252 1400 2306 αὑτὸν
1426 2293 1440 2316 ,
1497 2254 1591 2306 καὶ
1624 2251 1727 2306 ὑπὸ
1761 2253 1858 2325 τὴν

317 2348 461 2403 αὑτοῦ
488 2348 720 2420 μάνδραν
762 2344 1086 2416 γενομένους
1112 2346 1365 2415 ποιμανεῖ
1403 2344 1634 2413 εἰσάγων
1664 2346 1756 2398 καὶ
1776 2345 1862 2412 ἐξ·

317 2443 444 2510 άγων
458 2443 530 2504 εἰς
542 2440 750 2508 ἀγαθάς
763 2437 950 2510 νομὰς,
968 2436 1106 2490 ὥστε
1135 2435 1310 2506 λέγειν
1331 2436 1425 2508 τὴν
1441 2435 1602 2490 αὑτοῦ
1630 2437 1861 2508 ποίμνην

316 2535 501 2606 (λογικὴ
529 2536 637 2607 γὰρ
659 2530 771 2606 ἦν)⁹
800 2537 1012 2604 Κύριος
1025 2537 1314 2606 ποιμαίνει
1339 2554 1435 2606 με,
1463 2537 1561 2591 καὶ
1586 2537 1763 2592 οὐδέν
1786 2554 1862 2607 με

315 2629 631 2697 ὑστερήσει.
693 2632 796 2695 Εἰς
827 2629 1011 2681 τόπον
1031 2628 1218 2697 χλόης
1242 2629 1366 2684 ἐκεῖ
1382 2647 1458 2698 με
1487 2628 1863 2696 κατεσκήνω-

319 2736 414 2774 σεν
434 2737 446 2751 ο
482 2720 578 2774 ἐπὶ
610 2720 826 2786 ὕδατος
857 2720 1250 2788 ἀναπαύσεως
1277 2721 1560 2790 ἐξέθρεψέ
1607 2738 1714 2792 με,
1750 2719 1862 2790 τὴν

326 2814 507 2883 ψυχήν
554 2832 673 2883 μου
720 2813 1087 2883 ἐπέστρεψεο
1124 2816 1250 2879 τοὺς
1280 2813 1336 2867 δὲ
1366 2813 1706 2885 ἀφηνιῶντας
1756 2813 1863 2866 τῶν

330 2906 473 2958 Elim}:
501 2909 588 2960 καὶ
618 2905 1114 2978 κατεπαιρομένους
1142 2906 1249 2960 τῶν
1281 2905 1443 2961 αὑτοῦ
1477 2905 1759 2978 προϐάτων
1794 2906 1860 2977 τῇ

343 2994 490 3069 “est?
521 3003 583 3070 τῇ
631 2999 823 3072 σιδηρᾷ
870 2999 1264 3054 καθυποτάττει
1307 2997 1560 3069 δαμάζων
1608 2997 1702 3051 καὶ
1740 3015 1864 3051 συν-

345 3091 514 3160 τρίϐων
538 3092 621 3145 διὰ
662 3094 758 3165 τῆς
798 3093 1109 3164 Ῥωμαῖκῆς
1137 3092 1470 3154 δυναστείας.
1553 3089 1706 3145 Οὕτω
1734 3088 1864 3160 γοῦν

344 3183 598 3252 συμϐαίνει
621 3187 714 3239 τῶν
744 3186 1032 3258 ἀπλήστων
1064 3184 1228 3238 ἐθνῶν
1255 3184 1380 3248 τοὺς
1407 3183 1609 3255 θυμοὺς
1639 3184 1731 3237 κα)⁸
1768 3183 1864 3246 τὰς

334 3274 489 3344 ὁρμάς
536 3275 629 3342 τάς
672 3278 810 3332 κατὰ
863 3277 961 3348 τῆς
1004 3275 1328 3346 Ἐκκλησίας
1376 3275 1466 3328 τοῦ
1496 3274 1630 3328 Θεοῦ
1654 3273 1739 3326 διὰ
1764 3274 1861 3345 τῆς

338 3364 622 3438 Ῥωμαῖκῆς
653 3368 880 3440 ἀπειλῆς
931 3366 1361 3438 ἀνακρούεσθαι,
1417 3367 1516 3419 οὐκ
1549 3365 1614 3418 ἂν
1645 3367 1862 3436 ἐπιτρε-

323 3458 510 3527 ᾇάντων
544 3461 652 3514 τῶν
687 3462 828 3514 κατὰ
857 3460 1037 3524 πόλεις
1061 3459 1337 3531 ἀρχόντων
1358 3475 1417 3511 τε
1446 3457 1540 3511 καὶ
1571 3456 1775 3528 δήμων,
1808 3457 1865 3509 ὲν

321 3551 482 3620 μέσοις
524 3554 709 3608 αὐτῶν
758 3553 1015 3623 συστῆναι
1056 3551 1151 3606 τοῦ
1205 3551 1440 3623 Χριστοῦ
1498 3547 1862 3609 διδασκαλίαν,

317 3644 701 3719 ἀνατρεπτικὴν
731 3647 828 3717 τῆς
854 3645 1108 3699 πολυθέου
1144 3645 1350 3715 πλάνης
1372 3643 1548 3698 αὐτῶν
1574 3641 1866 3711 τυγχάνου-

319 3753 420 3800 σαν,
446 3741 489 3792 εί
520 3743 604 3810 μὴ
642 3741 667 3791 ὁ
712 3736 1015 3809 Ῥωμαϊκὸς
1040 3737 1220 3800 αὐτοῖς
1251 3731 1318 3805 ἦν
1362 3733 1736 3805 ἐπηρτημένος
1777 3729 1869 3799 φό-

316 3831 411 3895 ϐος,
434 3832 527 3885 καὶ
556 3832 628 3884 τά
660 3829 1008 3903 συντρίϐοντα
1036 3829 1232 3891 αὐτοὺς
1259 3827 1351 3879 καὶ
1383 3827 1456 3897 μὴ
1492 3826 1664 3878 ὲῶντα
1699 3839 1869 3890 κεφαο

315 3920 397 3991 λὴν
423 3923 634 3996 ὲπᾶρ-αι
664 3921 1010 3990 διατάγματα
1029 3921 1154 3984 τοὺς
1187 3919 1388 3989 θυμοὺς
1419 3915 1594 3972 αὐτῶν
1621 3913 1866 3986 ἐχαλίνου

313 4013 394 4066 καὶ
417 4015 579 4067 συνέτ
591 4011 726 4086 ριϐε.
753 4013 864 4064 Καὶ
885 4011 1015 4082 ἄλλῃ
1049 4011 1104 4064 δὲ
1132 4010 1283 4081 θεῖκῇ
1320 4009 1414 4062 καὶ
1455 4007 1749 4078 ἀπορρήτῳ
1779 4005 1869 4057 δυ-

311 4105 450 4175 νάμει
482 4108 512 4158 ὁ
541 4103 780 4174 Χριστὸς
814 4101 880 4156 τὰ
907 4101 1002 4172 μὲν
1036 4101 1198 4154 αὑτοῦ
1227 4099 1470 4170 πρόϐατα
1501 4097 1720 4168 ἡμέρως
1754 4113 1872 4149 ποι-

313 4197 497 4267 μαίνει,
543 4195 814 4269 μηδέποτε
847 4193 1140 4266 ἀναχωρῶν
1172 4193 1264 4246 ἀπ’
1298 4190 1494 4253 αὐτῶν,
1528 4189 1648 4244 καθ’
1675 4189 1741 4260 ἢν
1773 4206 1872 4242 πε-

312 4291 516 4360 ποίηται
567 4288 896 4356 ἐπαγγελίαν
946 4288 1153 4358 φήσαςο
1198 4287 1379 4338 Ὅπου
1433 4281 1509 4336 ἂν
1548 4278 1669 4335 εἷεν
1693 4281 1800 4334 δύο
1832 4280 1871 4348 ἢ

310 4380 450 4448 τρεῖς
475 4378 852 4449 συνηγμένοι
878 4377 946 4431 ἐν
970 4377 1049 4443 τῷ
1076 4376 1319 4446 ὀνόματί
1343 4392 1483 4443 μου,
1522 4373 1648 4427 ἐκεῖ
1665 4375 1778 4441 ειμι
1805 4372 1876 4425 ἐν

312 4472 457 4542 μέσῳ
485 4471 700 4527 αὐτῶν
718 4488 732 4500 ·
759 4471 854 4524 καὶ
881 4470 1038 4524 πάλιν
1059 4486 1072 4499 ·
1112 4467 1256 4523 Ἰδοὺ
1284 4466 1396 4536 ἐγὼ
1413 4468 1541 4535 μεθ’
1569 4463 1735 4534 ὑμῶν
1759 4465 1874 4534 εἰμι

1965 1907 2072 1957 rea,
2102 1900 2348 1962 tanquam
2389 1907 2512 1944 vasa
2543 1891 2693 1960 figuli
2733 1890 3028 1961 confringes
3057 1907 3167 1944 eos.
3205 1890 3340 1944 Cum
3374 1890 3519 1944 enim

1959 1982 2160 2038 latente
2210 1991 2372 2052 atque
2416 1982 2674 2037 invisibili
2700 1990 2968 2059 potestate
2996 1981 3248 2037 Christus
3282 1997 3312 2034 a
3361 1980 3522 2036 Patre

1959 2072 2223 2127 universa:
2244 2081 2403 2128 terra:
2433 2072 2661 2143 populos
2690 2073 2746 2126 in
2776 2073 3143 2128 haareditatem
3181 2071 3519 2142 accepisset;

1960 2161 2082 2216 illos
2113 2162 2332 2233 quidem
2381 2161 2472 2233 qui
2515 2177 2574 2218 se
2609 2173 2898 2228 noverunt,
2930 2170 2983 2218 et
3019 2156 3228 2218 inovili
3260 2178 3358 2218 suo
3388 2178 3520 2217 con-

1961 2252 2180 2319 sistunt,
2230 2254 2426 2322 pascit,
2476 2252 2532 2306 in
2565 2267 2770 2322 pascua
2798 2254 2941 2308 bona
2987 2253 3226 2308 educens
3261 2269 3326 2308 ac
3360 2253 3523 2308 redu-

1960 2361 2128 2412 cens;
2166 2347 2238 2400 ita
2266 2358 2324 2400 ut
2351 2347 2470 2415 ejus
2500 2346 2661 2410 ovile,
2698 2355 2884 2416 utpote
2912 2347 3254 2407 rationabile.
3293 2347 3406 2401 haec
3437 2348 3520 2400 lo-

1962 2445 2196 2508 quatur:
2230 2437 2489 2492 Dominus
2516 2440 2686 2506 pascit
2733 2455 2834 2502 me,
2861 2448 2909 2492 et
2947 2439 3078 2492 nihil
3104 2439 3230 2492 mihi
3259 2437 3443 2502 deerit,
3471 2439 3524 2492 in

1963 2530 2073 2582 loco
2095 2545 2305 2598 pascua:
2329 2529 2401 2581 ibi
2433 2545 2513 2582 me
2552 2529 2847 2583 collocavit.
2894 2530 3063 2599 Super
3103 2547 3295 2600 aquam
3333 2532 3522 2602 quietis

1962 2620 2199 2674 educavit
2229 2637 2328 2684 me,
2373 2622 2608 2674 animam
2646 2638 2812 2675 meam
2845 2623 3097 2676 convertit
3119 2624 3183 2677 ³⁸.
3238 2623 3313 2676 Ex
3348 2626 3526 2694 genti-

1963 2713 2065 2769 bus
2113 2728 2280 2785 porro
2309 2729 2404 2769 eos
2432 2715 2528 2786 qui
2552 2729 2676 2768 cum
2715 2716 2916 2784 impetu
2952 2713 3223 2778 feruntur,
3251 2722 3305 2768 et
3329 2715 3524 2769 adver~

1964 2821 2084 2860 sum
2145 2804 2267 2874 ejus
2303 2820 2434 2860 oves
2467 2805 2780 2875 insurgunt,
2819 2803 2988 2874 virga:
3035 2803 3227 2858 ferreae
3279 2804 3526 2872 subjith,

1964 2912 2060 2969 per
2074 2895 2375 2952 Romanam
2394 2904 2715 2967 potestatem
2733 2896 2962 2950 domans
2975 2903 3136 2965 atque
3155 2903 3416 2960 atterens.
3441 2894 3516 2948 lta

1964 2990 2170 3045 scilicet
2190 2989 2456 3060 contingit
2481 2989 2814 3044 insatiabiles
2841 2989 3079 3058 gentium
3125 2987 3335 3041 animos
3364 2995 3528 3057 atque

1965 3081 2201 3152 impetus
2223 3083 2484 3136 adversus
2503 3080 2802 3136 Ecclesiam
2825 3079 2939 3143 Dei,
2963 3095 3060 3149 per
3084 3080 3230 3134 solas
3249 3077 3525 3132 Roinano-

1967 3188 2089 3226 rum
2123 3174 2301 3228 minas
2336 3158 2660 3242 propulsari.
2699 3171 2886 3241 Neque
2914 3173 3058 3226 enim
3092 3171 3367 3241 principes
3396 3170 3531 3224 civi-

1973 3271 2149 3318 tatum
2211 3279 2275 3318 ac
2325 3265 2695 3334 populorum,
2750 3262 2953 3317 Christi
3010 3261 3364 3327 doctrinam,
3419 3274 3529 3336 qua

1966 3370 2155 3410 eorum
2203 3354 2270 3409 de
2315 3355 2474 3408 turba
2508 3355 2792 3409 numinum
2823 3370 2977 3410 error
3007 3359 3289 3421 evertitur,
3321 3356 3375 3408 in
3412 3370 3527 3408 me-

1965 3445 2057 3498 dio
2091 3444 2177 3500 sui
2223 3445 2525 3499 consistere
2558 3444 2842 3507 sinerent,
2890 3443 2998 3496 nisi
3043 3443 3360 3496 imminente
3395 3441 3531 3511 ipsis

1968 3534 2335 3590 Romanorum
2384 3543 2568 3600 metu,
2617 3549 2681 3589 ac
2729 3532 2832 3588 nisi
2869 3533 3056 3601 jussa,
3101 3533 3304 3602 quibus
3335 3539 3526 3586 conte-

1966 3637 2183 3692 runtur,
2231 3636 2291 3681 ut
2336 3642 2514 3697 neque
2557 3625 2860 3680 concedant
2911 3624 3049 3694 ipsis
3090 3625 3173 3678 vel
3217 3633 3380 3693 caput
3421 3623 3530 3676 eri-

1966 3735 2093 3791 gere
2115 3760 2130 3786 ,
2171 3719 2381 3774 animos
2411 3732 2600 3773 eorum
2634 3715 2874 3772 frenaret
2920 3726 3082 3786 atque
3128 3715 3530 3784 comprimeret.

1967 3811 2086 3865 Alia
2140 3826 2356 3881 quoque
2405 3811 2591 3865 divina
2656 3823 2720 3863 ac
2768 3816 2977 3864 secreta
3027 3807 3230 3861 virtute
3280 3807 3534 3860 Christus

1970 3919 2099 3958 oves
2140 3918 2270 3959 suas
2303 3902 2498 3958 leniter
2541 3902 2750 3973 pascit,
2799 3915 3078 3970 nunquam
3121 3900 3188 3952 ab
3218 3899 3353 3967 ipsis
3382 3912 3535 3952 rece-

1969 3999 2104 4054 dens
2134 3997 2436 4053 secundum
2472 3996 2894 4066 promissionem
2925 4009 3031 4065 qua
3063 4010 3123 4049 se
3153 3992 3414 4063 obligavit
3447 3992 3534 4046 his

1971 4091 2152 4147 verbis
2185 4109 2198 4144 :
2247 4089 2346 4144 Ubi
2383 4089 2488 4142 duo
2521 4089 2598 4143 uel
2636 4098 2739 4142 tres
2775 4087 3078 4157 congregati
3112 4085 3314 4153 fuerint
3348 4085 3399 4135 in
3441 4099 3534 4136 no-

1971 4181 2110 4234 mine
2133 4196 2244 4234 meo
2263 4219 2277 4244 ,
2311 4177 2419 4231 illic
2445 4194 2561 4231 sum
2590 4177 2642 4230 in
2667 4177 2837 4232 medio
2867 4192 3046 4232 eorum
3078 4175 3118 4205 ¹⁷
3144 4189 3160 4238 ;
3193 4181 3246 4227 et
3273 4185 3488 4225 rursum
3519 4189 3531 4223 :

1974 4271 2108 4328 Ecce
2148 4288 2239 4341 ego
2286 4269 2544 4325 vobiscum
2590 4287 2704 4323 sum
2749 4267 2988 4321 omnibus
3036 4265 3218 4319 diebus
3261 4279 3420 4333 usque
3463 4261 3535 4313 ad

1976 4364 2484 4420 consummationem
2523 4361 2706 4416 seculi
2743 4361 2807 4412 ⁸⁸.
2840 4358 2947 4413 Eos
2986 4364 3163 4410 autem
3209 4356 3304 4425 qui
3347 4362 3534 4405 contra

1979 4454 2121 4508 ovile
2153 4467 2311 4507 suum
2342 4451 2513 4505 variis
2541 4448 2878 4520 temporibus
2908 4447 3227 4514 insurgunt,
3265 4442 3380 4510 ipse
3413 4455 3538 4493 rur-

521 4563 637 4628 τὰς
652 4561 872 4630 ἡμέρας
894 4561 1000 4626 ἕως
1021 4558 1132 4627 τῆς
1151 4533 1502 4622 συντελείας
1518 4533 1622 4608 τοῦ
1641 4553 1866 4619 ιιίῶγός⁴

1981 4562 2102 4603 sum
2133 4547 2337 4600 latente
2366 4551 2528 4614 atque
2559 4541 2814 4598 invisibili
2845 4545 3110 4608 potestate
3137 4533 3346 4589 invadit
3374 4540 3538 4602 atque

307 4659 422 4722 τοὺς
444 4660 488 4713 δ’
524 4654 989 4725 ἐπανισταμένους
1019 4651 1181 4705 αὑτοῦ
1207 4654 1272 4722 τῇ
1296 4649 1496 4721 ποίμνῃ
1525 4649 1582 4700 ὲν
1602 4649 1715 4708 τοῖς
1737 4643 1878 4697 κατά

308 4753 529 4826 χρόνους
561 4751 818 4820 διωγμοῖς
845 4747 1003 4801 πάλιν
1032 4746 1197 4809 αὐτὸς
1227 4743 1544 4816 μετέρχεται
1567 4740 1762 4809 ἀφανεῖ
1782 4737 1876 4791 καὶ

309 4845 522 4916 ἀοράτῳ
547 4840 774 4912 δυνάμει
804 4837 1043 4902 κολάζων
1073 4837 1129 4890 ὲν
1160 4835 1338 4908 ῥάϐδῳ
1372 4830 1583 4902 σιδηρᾷ,
1621 4828 1753 4882 ἀλλὰ
1785 4826 1880 4880 καὶ

307 4939 400 5010 τὴν
427 4935 811 5007 ὑπερηφανίαν
841 4931 1016 4987 αὐτῶν
1054 4931 1148 4984 καὶ¹
1178 4928 1238 4982 τὸ
1281 4927 1502 4996 ἔπαρμα
1544 4923 1642 4992 τῆς
1681 4916 1878 4983 ἀλαζο-

309 5033 453 5095 νείας
485 5033 572 5093 ὡς
598 5027 763 5099 σκεύη
792 5027 1030 5097 κεράμια
1065 5021 1336 5093 συντρίϐει
1356 5037 1369 5048 θ
1402 5020 1476 5082 ὡς
1514 5016 1612 5088 ἤδη
1653 5013 1878 5085 μυρίους

311 5123 490 5176 αὐτῶν
526 5121 634 5174 ὑπὸ
661 5119 766 5173 τῶν
790 5117 1059 5187 θεηλάτων
1086 5113 1246 5168 αὐτοῦ
1275 5110 1552 5183 μαστίγων
1590 5103 1880 5175 ἐλαυνομέ-

310 5235 433 5280 νους
454 5214 646 5271 ὼῦναι
671 5211 826 5278 δόξαν
944 5207 1062 5278 Θεῴ
1084 5247 1098 5272 ,
1117 5206 1223 5264 ,καὶ
1265 5196 1760 5274 ἐξομολογήσασθαι
1783 5194 1884 5259 τὰς

313 5305 635 5368 δυσσεϐείας
676 5302 870 5356 αὐτῶν.
917 5300 1009 5364 Ὧς
1058 5298 1246 5364 σκεύη
1293 5291 1586 5362 κεραμέως
1643 5286 1885 5355 συντρί-

311 5403 454 5467 ψεις
481 5395 702 5460 αὐτούς
720 5409 733 5422 ·
767 5393 865 5465 οὐχ
895 5390 1034 5444 ῶστε
1060 5385 1318 5440 ἀπολέσαι
1341 5383 1434 5436 καὶ
1463 5377 1732 5434 ἀναλῶσαι
1761 5391 1886 5430 συν-

314 5489 522 5562 τρίϐει,
555 5486 667 5540 ἀλλ’
696 5485 832 5539 ὥστε
864 5481 1197 5537 ἀναπλάσαι·
1247 5477 1380 5546 πρὸς
1419 5474 1577 5528 τοῦτο
1624 5472 1730 5543 γὰρ
1761 5487 1888 5562 σκο-

319 5561 422 5648 πὸς
444 5583 529 5654 τῷ
555 5581 785 5655 κεραμεῖ
807 5575 1104 5647 συντρίϐειν
1129 5571 1197 5624 τὰ
1239 5571 1410 5622 οἰκεῖα
1434 5566 1599 5637 σκεύη
1618 5606 1632 5630 ,
1655 5566 1781 5618 ὅταν
1811 5561 1888 5614 ἔτι

1983 4640 2218 4708 castigat
2263 4637 2318 4690 in
2370 4635 2521 4703 virga
2570 4633 2778 4695 ferrea,
2843 4631 2952 4684 imo
3001 4630 3162 4684 etiam
3222 4625 3535 4696 superbiam

1985 4744 2174 4785 eorum
2221 4725 2618 4795 elationemque
2674 4723 3028 4793 arrogantiae,
3093 4729 3350 4788 tanquam
3412 4731 3539 4769 vasa

1981 4826 2220 4874 testacea
2251 4803 2581 4888 confringit;
2626 4816 2698 4870 ita
2732 4823 2792 4869 ut
2825 4814 2936 4882 jam
2981 4811 3178 4867 inﬁniti
3227 4824 3418 4865 eorum
3467 4809 3539 4863 ob

1983 4912 2252 4967 divinitus
2310 4911 2556 4965 immissa
2603 4909 2672 4964 ab
2725 4909 2845 4978 ipso
2894 4904 3104 4976 ﬂagella
3159 4901 3418 4958 commoti
3477 4915 3544 4955 ac

1981 5005 2259 5077 perculsi,
2310 5003 2537 5074 gloriam
2589 4999 2701 5055 Deo
2749 4999 3026 5065 referant,
3077 5005 3132 5052 et
3179 4995 3542 5050 conﬁteantur

1981 5099 2286 5170 impietates
2336 5111 2485 5153 suas.
2539 5094 2812 5164 Tanquam
2866 5110 2993 5148 vasa
3043 5090 3189 5162 ﬁguli
3244 5089 3540 5157 confringe:

1986 5208 2077 5246 eos
2107 5207 2125 5244 :
2156 5191 2249 5260 qui
2284 5203 2390 5242 non
2426 5185 2683 5259 perdendi
2726 5199 2789 5239 ae
2817 5182 3170 5240 consumendi
3215 5194 3381 5236 causa
3411 5192 3542 5231 eon—

1983 5284 2113 5339 terit
2133 5323 2148 5349 ,
2180 5281 2274 5338 sed
2304 5277 2662 5335 reformandi.
2698 5276 2798 5332 Hic
2826 5286 2909 5332 est
2937 5278 3080 5332 enim
3115 5273 3264 5344 ﬁguli
3301 5283 3500 5337 scopus
3521 5305 3540 5331 ,

1986 5390 2109 5430 cum
2153 5389 2285 5428 vasa
2330 5371 2546 5443 propria
2589 5370 2862 5434 conterit,
2905 5366 3123 5439 quando
3153 5364 3361 5421 scilicet
3401 5360 3543 5412 inte-

1985 5481 2135 5539 gram
2178 5465 2358 5519 adhuc
2399 5473 2455 5520 et
2503 5478 2688 5520 sanam
2735 5462 3017 5518 materiam
3063 5472 3216 5516 suam
3265 5469 3371 5508 non
3415 5458 3542 5504 ante

1986 5559 2096 5630 igni
2138 5557 2392 5612 traditam
2432 5565 2738 5613 conservat.
2777 5553 2903 5610 Haec
2932 5551 3250 5609 testiﬁcatur
3276 5543 3544 5600 Jeremias

399 5764 449 5797 “
491 5761 624 5819 Dan.
698 5778 758 5827 ιι,
811 5760 894 5821 to.
990 5757 1031 5787 "
1075 5753 1206 5809 Dan.
1237 5765 1348 5816 vn,
1384 5749 1434 5802 7.
1514 5747 1556 5825 ξε
1595 5743 1743 5800 Psal.
1777 5754 1866 5796 XXI

1967 5737 2079 5795 1-3.
2163 5739 2201 5770 ³⁷
2245 5735 2430 5792 Matth.
2468 5749 2633 5801 xvm,
2668 5733 2756 5788 2t).
2837 5731 2877 5762 “
2918 5727 3106 5782 Matth.
3142 5735 3346 5788 xxviii,
3377 5719 3471 5775 ἂι).
