  <div class='ocr_page' id='page_1' title='image "/cluster/home/n/w/nwhite01/storage/ocr_20150623/23/hvd.32044073501116/051.png"; bbox 0 0 4066 6218; ppageno 0'>
   <div class='ocr_carea' id='block_1_1' title="bbox 453 281 2006 344">
    <p class='ocr_par' dir='ltr' id='par_1_1' title="bbox 453 281 2006 343">
     <span class='ocr_line' id='line_1_1' title="bbox 453 281 2006 343; baseline 0.005 -10"><span class='ocrx_word' id='word_1_1' title='bbox 453 287 511 343; x_wconf 85' lang='lat'><strong>9|</strong></span> <span class='ocrx_word' id='word_1_2' title='bbox 1141 281 1407 339; x_wconf 70' lang='lat' dir='ltr'><strong>EUSEBlI</strong></span> <span class='ocrx_word' id='word_1_3' title='bbox 1444 281 1922 339; x_wconf 60' lang='lat' dir='ltr'><strong>CESARIENSIS</strong></span> <span class='ocrx_word' id='word_1_4' title='bbox 1960 283 2006 340; x_wconf 88' lang='lat'><strong>0</strong></span> 
     </span>
    </p>
   </div>
   <div class='ocr_carea' id='block_1_2' title="bbox 2104 281 3669 344">
    <p class='ocr_par' dir='ltr' id='par_1_2' title="bbox 2104 283 3669 344">
     <span class='ocr_line' id='line_1_2' title="bbox 2104 283 3669 344; baseline 0.001 -5"><span class='ocrx_word' id='word_1_5' title='bbox 2104 283 2331 341; x_wconf 64' lang='grc' dir='ltr'>,ΡΜὶᾶ</span> <span class='ocrx_word' id='word_1_6' title='bbox 2365 286 2453 344; x_wconf 84' lang='lat' dir='ltr'><strong>Ill.</strong></span> <span class='ocrx_word' id='word_1_7' title='bbox 2491 318 2564 331; x_wconf 89' lang='lat'><strong>—</strong></span> <span class='ocrx_word' id='word_1_8' title='bbox 2590 286 2999 344; x_wconf 75' lang='lat' dir='ltr'><strong>EXEGETICA.</strong></span> <span class='ocrx_word' id='word_1_9' title='bbox 3599 286 3669 341; x_wconf 68' lang='lat' dir='ltr'><strong>9S</strong></span> 
     </span>
    </p>
   </div>
   <div class='ocr_carea' id='block_1_3' title="bbox 449 398 2006 475">
    <p class='ocr_par' dir='ltr' id='par_1_3' title="bbox 449 399 1998 475">
     <span class='ocr_line' id='line_1_3' title="bbox 449 399 1998 475; baseline -0.001 -20"><span class='ocrx_word' id='word_1_10' title='bbox 449 400 746 475; x_wconf 82' lang='lat' dir='ltr'><strong>propheta,</strong></span> <span class='ocrx_word' id='word_1_11' title='bbox 775 400 903 456; x_wconf 87' lang='lat' dir='ltr'><strong>dum</strong></span> <span class='ocrx_word' id='word_1_12' title='bbox 935 403 1093 473; x_wconf 86' lang='lat' dir='ltr'><strong>quasi</strong></span> <span class='ocrx_word' id='word_1_13' title='bbox 1121 417 1188 456; x_wconf 80' lang='lat' dir='ltr'><strong>ex</strong></span> <span class='ocrx_word' id='word_1_14' title='bbox 1218 416 1449 471; x_wconf 84' lang='lat' dir='ltr'><strong>persona</strong></span> <span class='ocrx_word' id='word_1_15' title='bbox 1482 399 1574 455; x_wconf 87' lang='lat' dir='ltr'><strong>Dei</strong></span> <span class='ocrx_word' id='word_1_16' title='bbox 1605 399 1687 455; x_wconf 89' lang='lat' dir='ltr'><strong>sic</strong></span> <span class='ocrx_word' id='word_1_17' title='bbox 1715 399 1958 471; x_wconf 91' lang='lat' dir='ltr'><strong>loquitur</strong></span> <span class='ocrx_word' id='word_1_18' title='bbox 1984 417 1998 454; x_wconf 90' lang='lat'><strong>:</strong></span> 
     </span>
    </p>
   </div>
   <div class='ocr_carea' id='block_1_4' title="bbox 2104 398 3670 475">
    <p class='ocr_par' dir='ltr' id='par_1_4' title="bbox 2106 398 3670 474">
     <span class='ocr_line' id='line_1_4' title="bbox 2106 398 3670 474; baseline 0.002 -24"><span class='ocrx_word' id='word_1_19' title='bbox 2106 400 2234 468; x_wconf 73' lang='grc' dir='ltr'>ὑγιῆ</span> <span class='ocrx_word' id='word_1_20' title='bbox 2260 404 2352 453; x_wconf 81' lang='grc' dir='ltr'><strong>καὶ</strong></span> <span class='ocrx_word' id='word_1_21' title='bbox 2376 403 2631 471; x_wconf 79' lang='grc' dir='ltr'>ἀκέραιον</span> <span class='ocrx_word' id='word_1_22' title='bbox 2654 399 2800 474; x_wconf 78' lang='grc' dir='ltr'><strong>σώζῃ</strong></span> <span class='ocrx_word' id='word_1_23' title='bbox 2820 399 2915 453; x_wconf 89' lang='grc' dir='ltr'><strong>τοῦ</strong></span> <span class='ocrx_word' id='word_1_24' title='bbox 2943 398 3229 472; x_wconf 81' lang='grc' dir='ltr'><strong>κεραμέως</strong></span> <span class='ocrx_word' id='word_1_25' title='bbox 3258 400 3358 473; x_wconf 80' lang='grc' dir='ltr'>τὴν</span> <span class='ocrx_word' id='word_1_26' title='bbox 3383 398 3670 454; x_wconf 63' lang='grc' dir='ltr'>διάπλασιν</span> 
     </span>
    </p>
   </div>
   <div class='ocr_carea' id='block_1_5' title="bbox 453 489 1991 566">
    <p class='ocr_par' dir='ltr' id='par_1_5' title="bbox 453 489 1991 566">
     <span class='ocr_line' id='line_1_5' title="bbox 453 489 1991 566; baseline -0.002 -18"><span class='ocrx_word' id='word_1_27' title='bbox 453 491 706 566; x_wconf 76' lang='lat' dir='ltr'><strong>Nunquid</strong></span> <span class='ocrx_word' id='word_1_28' title='bbox 741 495 878 548; x_wconf 88' lang='lat' dir='ltr'><strong>sicut</strong></span> <span class='ocrx_word' id='word_1_29' title='bbox 906 494 1099 565; x_wconf 79' lang='lat' dir='ltr'><strong>figulus</strong></span> <span class='ocrx_word' id='word_1_30' title='bbox 1130 510 1231 547; x_wconf 83' lang='lat' dir='ltr'><strong>non</strong></span> <span class='ocrx_word' id='word_1_31' title='bbox 1267 502 1446 561; x_wconf 84' lang='lat' dir='ltr'><strong>potero</strong></span> <span class='ocrx_word' id='word_1_32' title='bbox 1482 492 1624 547; x_wconf 84' lang='lat' dir='ltr'><strong>vobis</strong></span> <span class='ocrx_word' id='word_1_33' title='bbox 1657 491 1858 562; x_wconf 74' lang='lat' dir='ltr'><strong>facere,</strong></span> <span class='ocrx_word' id='word_1_34' title='bbox 1894 489 1991 545; x_wconf 87' lang='lat' dir='ltr'><strong>do-</strong></span> 
     </span>
    </p>
   </div>
   <div class='ocr_carea' id='block_1_6' title="bbox 448 584 2011 655">
    <p class='ocr_par' dir='ltr' id='par_1_6' title="bbox 448 584 2011 655">
     <span class='ocr_line' id='line_1_6' title="bbox 448 584 2011 655; baseline 0.001 -16"><span class='ocrx_word' id='word_1_35' title='bbox 448 603 566 640; x_wconf 87' lang='lat' dir='ltr'><strong>mus</strong></span> <span class='ocrx_word' id='word_1_36' title='bbox 601 585 769 639; x_wconf 85' lang='lat' dir='ltr'><strong>Israel</strong></span> <span class='ocrx_word' id='word_1_37' title='bbox 793 625 808 649; x_wconf 91' lang='lat'><strong>,</strong></span> <span class='ocrx_word' id='word_1_38' title='bbox 843 586 974 639; x_wconf 88' lang='lat' dir='ltr'><strong>dicit</strong></span> <span class='ocrx_word' id='word_1_39' title='bbox 1005 586 1262 639; x_wconf 75' lang='lat' dir='ltr'><strong>Dominus</strong></span> <span class='ocrx_word' id='word_1_40' title='bbox 1292 585 1379 638; x_wconf 82' lang='lat'><strong>&quot;?</strong></span> <span class='ocrx_word' id='word_1_41' title='bbox 1408 584 1461 639; x_wconf 87' lang='lat' dir='ltr'><strong><em>id</em></strong></span> <span class='ocrx_word' id='word_1_42' title='bbox 1491 593 1603 650; x_wconf 89' lang='lat' dir='ltr'><strong>est,</strong></span> <span class='ocrx_word' id='word_1_43' title='bbox 1636 586 1716 641; x_wconf 83' lang='lat' dir='ltr'><strong>sic</strong></span> <span class='ocrx_word' id='word_1_44' title='bbox 1741 593 1796 641; x_wconf 90' lang='lat' dir='ltr'><strong>et</strong></span> <span class='ocrx_word' id='word_1_45' title='bbox 1826 586 2011 655; x_wconf 86' lang='lat' dir='ltr'><strong>lapsos</strong></span> 
     </span>
    </p>
   </div>
   <div class='ocr_carea' id='block_1_7' title="bbox 449 676 2012 747">
    <p class='ocr_par' dir='ltr' id='par_1_7' title="bbox 449 676 2012 747">
     <span class='ocr_line' id='line_1_7' title="bbox 449 676 2012 747; baseline -0.001 -14"><span class='ocrx_word' id='word_1_46' title='bbox 449 678 774 743; x_wconf 83' lang='lat' dir='ltr'><strong>reformare,</strong></span> <span class='ocrx_word' id='word_1_47' title='bbox 814 693 879 733; x_wconf 89' lang='lat' dir='ltr'><strong>ac</strong></span> <span class='ocrx_word' id='word_1_48' title='bbox 918 692 1111 732; x_wconf 84' lang='lat' dir='ltr'><strong>rursus</strong></span> <span class='ocrx_word' id='word_1_49' title='bbox 1151 676 1205 730; x_wconf 90' lang='lat' dir='ltr'><strong>iu</strong></span> <span class='ocrx_word' id='word_1_50' title='bbox 1246 676 1534 747; x_wconf 74' lang='lat' dir='ltr'><strong>pristinam</strong></span> <span class='ocrx_word' id='word_1_51' title='bbox 1574 676 1807 733; x_wconf 79' lang='lat' dir='ltr'><strong>formam</strong></span> <span class='ocrx_word' id='word_1_52' title='bbox 1848 680 2012 734; x_wconf 86' lang='lat' dir='ltr'><strong>resti-</strong></span> 
     </span>
    </p>
   </div>
   <div class='ocr_carea' id='block_1_8' title="bbox 448 782 617 826">
    <p class='ocr_par' dir='ltr' id='par_1_8' title="bbox 448 782 617 826">
     <span class='ocr_line' id='line_1_8' title="bbox 448 782 617 826; baseline 0 -1"><span class='ocrx_word' id='word_1_53' title='bbox 448 782 617 826; x_wconf 84' lang='lat' dir='ltr'><strong>tuere.</strong></span> 
     </span>
    </p>
   </div>
   <div class='ocr_carea' id='block_1_9' title="bbox 522 1058 2013 1133">
    <p class='ocr_par' dir='ltr' id='par_1_9' title="bbox 522 1058 2013 1133">
     <span class='ocr_line' id='line_1_9' title="bbox 522 1058 2013 1133; baseline 0.002 -20"><span class='ocrx_word' id='word_1_54' title='bbox 522 1058 682 1116; x_wconf 69' lang='lat' dir='ltr'><strong>Vens.</strong></span> <span class='ocrx_word' id='word_1_55' title='bbox 730 1059 911 1114; x_wconf 73' lang='lat'><strong>10-19..</strong></span> <span class='ocrx_word' id='word_1_56' title='bbox 959 1059 1025 1113; x_wconf 82' lang='lat' dir='ltr'><strong>Et</strong></span> <span class='ocrx_word' id='word_1_57' title='bbox 1073 1077 1236 1124; x_wconf 86' lang='lat' dir='ltr'><strong>nunc,</strong></span> <span class='ocrx_word' id='word_1_58' title='bbox 1295 1077 1467 1131; x_wconf 79' lang='lat' dir='ltr'><strong>reges,</strong></span> <span class='ocrx_word' id='word_1_59' title='bbox 1527 1061 1837 1133; x_wconf 85' lang='lat' dir='ltr'><strong>mtelligite,</strong></span> <span class='ocrx_word' id='word_1_60' title='bbox 1896 1080 2013 1117; x_wconf 88' lang='lat' dir='ltr'><strong>eru-</strong></span> 
     </span>
    </p>
   </div>
   <div class='ocr_carea' id='block_1_10' title="bbox 447 1152 2008 1221">
    <p class='ocr_par' dir='ltr' id='par_1_10' title="bbox 447 1152 2008 1221">
     <span class='ocr_line' id='line_1_10' title="bbox 447 1152 2008 1221; baseline 0.002 -15"><span class='ocrx_word' id='word_1_61' title='bbox 447 1152 636 1207; x_wconf 87' lang='lat' dir='ltr'><strong>dimini</strong></span> <span class='ocrx_word' id='word_1_62' title='bbox 661 1152 751 1221; x_wconf 86' lang='lat' dir='ltr'><strong>qui</strong></span> <span class='ocrx_word' id='word_1_63' title='bbox 772 1152 1030 1221; x_wconf 85' lang='lat' dir='ltr'><strong>judicatis</strong></span> <span class='ocrx_word' id='word_1_64' title='bbox 1064 1162 1281 1206; x_wconf 86' lang='lat' dir='ltr'><strong>terram.</strong></span> <span class='ocrx_word' id='word_1_65' title='bbox 1316 1152 1519 1207; x_wconf 82' lang='lat' dir='ltr'><strong>Servite</strong></span> <span class='ocrx_word' id='word_1_66' title='bbox 1570 1153 1794 1209; x_wconf 89' lang='lat' dir='ltr'><strong>Domino</strong></span> <span class='ocrx_word' id='word_1_67' title='bbox 1836 1156 1891 1208; x_wconf 90' lang='lat' dir='ltr'><strong>in</strong></span> <span class='ocrx_word' id='word_1_68' title='bbox 1939 1157 2008 1209; x_wconf 89' lang='lat' dir='ltr'><strong>ti-</strong></span> 
     </span>
    </p>
   </div>
   <div class='ocr_carea' id='block_1_11' title="bbox 447 1244 2008 1315">
    <p class='ocr_par' dir='ltr' id='par_1_11' title="bbox 447 1244 2008 1315">
     <span class='ocr_line' id='line_1_11' title="bbox 447 1244 2008 1315; baseline 0.002 -17"><span class='ocrx_word' id='word_1_69' title='bbox 447 1260 621 1308; x_wconf 85' lang='lat' dir='ltr'><strong>more,</strong></span> <span class='ocrx_word' id='word_1_70' title='bbox 675 1253 726 1298; x_wconf 84' lang='lat' dir='ltr'><strong>et</strong></span> <span class='ocrx_word' id='word_1_71' title='bbox 767 1244 1029 1298; x_wconf 74' lang='lat' dir='ltr'><strong>exsultate</strong></span> <span class='ocrx_word' id='word_1_72' title='bbox 1074 1245 1123 1297; x_wconf 85' lang='lat' dir='ltr'><strong>ei</strong></span> <span class='ocrx_word' id='word_1_73' title='bbox 1165 1260 1285 1297; x_wconf 86' lang='lat' dir='ltr'><strong>eum</strong></span> <span class='ocrx_word' id='word_1_74' title='bbox 1327 1253 1570 1299; x_wconf 80' lang='lat' dir='ltr'><strong>tremore.</strong></span> <span class='ocrx_word' id='word_1_75' title='bbox 1626 1246 2008 1315; x_wconf 79' lang='lat' dir='ltr'><strong>Apprehendite</strong></span> 
     </span>
    </p>
   </div>
   <div class='ocr_carea' id='block_1_12' title="bbox 443 1332 2006 1405">
    <p class='ocr_par' dir='ltr' id='par_1_12' title="bbox 443 1332 2006 1405">
     <span class='ocr_line' id='line_1_12' title="bbox 443 1332 2006 1405; baseline 0.001 -15"><span class='ocrx_word' id='word_1_76' title='bbox 443 1332 815 1405; x_wconf 84' lang='lat' dir='ltr'><strong>disciplinam,</strong></span> <span class='ocrx_word' id='word_1_77' title='bbox 846 1352 910 1389; x_wconf 86' lang='lat' dir='ltr'><strong>ne</strong></span> <span class='ocrx_word' id='word_1_78' title='bbox 949 1334 1160 1405; x_wconf 83' lang='lat' dir='ltr'><strong>quando</strong></span> <span class='ocrx_word' id='word_1_79' title='bbox 1195 1336 1463 1390; x_wconf 71' lang='lat' dir='ltr'><strong>irascatur</strong></span> <span class='ocrx_word' id='word_1_80' title='bbox 1503 1336 1781 1392; x_wconf 79' lang='lat' dir='ltr'><strong>Dominus.</strong></span> <span class='ocrx_word' id='word_1_81' title='bbox 1825 1337 2006 1393; x_wconf 84' lang='lat' dir='ltr'><strong>Evan-</strong></span> 
     </span>
    </p>
   </div>
   <div class='ocr_carea' id='block_1_13' title="bbox 443 1425 2004 1505">
    <p class='ocr_par' dir='ltr' id='par_1_13' title="bbox 443 1425 2004 1505">
     <span class='ocr_line' id='line_1_13' title="bbox 443 1425 2004 1505; baseline 0.002 -24"><span class='ocrx_word' id='word_1_82' title='bbox 443 1427 671 1496; x_wconf 77' lang='lat' dir='ltr'><strong>gelicam</strong></span> <span class='ocrx_word' id='word_1_83' title='bbox 710 1425 963 1481; x_wconf 76' lang='lat' dir='ltr'><strong>videlicet</strong></span> <span class='ocrx_word' id='word_1_84' title='bbox 1010 1426 1181 1496; x_wconf 78' lang='lat' dir='ltr'><strong>legem</strong></span> <span class='ocrx_word' id='word_1_85' title='bbox 1245 1427 1501 1496; x_wconf 82' lang='lat' dir='ltr'><strong>exponit,</strong></span> <span class='ocrx_word' id='word_1_86' title='bbox 1550 1428 1674 1482; x_wconf 92' lang='lat' dir='ltr'><strong>inde</strong></span> <span class='ocrx_word' id='word_1_87' title='bbox 1733 1431 2004 1505; x_wconf 82' lang='lat' dir='ltr'><strong>translato</strong></span> 
     </span>
    </p>
   </div>
   <div class='ocr_carea' id='block_1_14' title="bbox 444 1512 2004 1591">
    <p class='ocr_par' dir='ltr' id='par_1_14' title="bbox 444 1512 2004 1591">
     <span class='ocr_line' id='line_1_14' title="bbox 444 1512 2004 1591; baseline -0.001 -14"><span class='ocrx_word' id='word_1_88' title='bbox 444 1522 695 1576; x_wconf 88' lang='lat' dir='ltr'><strong>serlnone</strong></span> <span class='ocrx_word' id='word_1_89' title='bbox 718 1559 732 1583; x_wconf 93' lang='lat'><strong>,</strong></span> <span class='ocrx_word' id='word_1_90' title='bbox 764 1518 1107 1590; x_wconf 82' lang='lat' dir='ltr'><strong>principibus</strong></span> <span class='ocrx_word' id='word_1_91' title='bbox 1136 1533 1197 1572; x_wconf 90' lang='lat' dir='ltr'><strong>ac</strong></span> <span class='ocrx_word' id='word_1_92' title='bbox 1239 1519 1459 1590; x_wconf 80' lang='lat' dir='ltr'><strong>regibus</strong></span> <span class='ocrx_word' id='word_1_93' title='bbox 1480 1558 1495 1583; x_wconf 93' lang='lat'><strong>,</strong></span> <span class='ocrx_word' id='word_1_94' title='bbox 1545 1519 1599 1573; x_wconf 92' lang='lat' dir='ltr'><strong>in</strong></span> <span class='ocrx_word' id='word_1_95' title='bbox 1639 1521 1790 1591; x_wconf 80' lang='lat' dir='ltr'><strong>virga</strong></span> <span class='ocrx_word' id='word_1_96' title='bbox 1830 1512 2004 1577; x_wconf 79' lang='lat' dir='ltr'><strong>ferrea</strong></span> 
     </span>
    </p>
   </div>
   <div class='ocr_carea' id='block_1_15' title="bbox 444 1608 2007 1681">
    <p class='ocr_par' dir='ltr' id='par_1_15' title="bbox 444 1608 2007 1681">
     <span class='ocr_line' id='line_1_15' title="bbox 444 1608 2007 1681; baseline -0.001 -14"><span class='ocrx_word' id='word_1_97' title='bbox 444 1610 1034 1681; x_wconf 82' lang='lat' dir='ltr'><strong>pascendis;aitque:</strong></span> <span class='ocrx_word' id='word_1_98' title='bbox 1088 1608 1273 1664; x_wconf 83' lang='lat' dir='ltr'><strong>Heus!</strong></span> <span class='ocrx_word' id='word_1_99' title='bbox 1329 1625 1454 1674; x_wconf 83' lang='lat' dir='ltr'><strong>vos,</strong></span> <span class='ocrx_word' id='word_1_100' title='bbox 1505 1611 1659 1681; x_wconf 77' lang='lat' dir='ltr'><strong>gnari</strong></span> <span class='ocrx_word' id='word_1_101' title='bbox 1707 1620 1761 1665; x_wconf 91' lang='lat' dir='ltr'><strong>et</strong></span> <span class='ocrx_word' id='word_1_102' title='bbox 1804 1612 2007 1667; x_wconf 87' lang='lat' dir='ltr'><strong>intelli-</strong></span> 
     </span>
    </p>
   </div>
   <div class='ocr_carea' id='block_1_16' title="bbox 442 1700 2004 1775">
    <p class='ocr_par' dir='ltr' id='par_1_16' title="bbox 442 1700 2004 1775">
     <span class='ocr_line' id='line_1_16' title="bbox 442 1700 2004 1775; baseline -0.001 -16"><span class='ocrx_word' id='word_1_103' title='bbox 442 1710 632 1774; x_wconf 75' lang='lat' dir='ltr'><strong>gentes</strong></span> <span class='ocrx_word' id='word_1_104' title='bbox 659 1708 860 1772; x_wconf 85' lang='lat' dir='ltr'><strong>quanta</strong></span> <span class='ocrx_word' id='word_1_105' title='bbox 890 1709 1133 1770; x_wconf 83' lang='lat' dir='ltr'><strong>potestas</strong></span> <span class='ocrx_word' id='word_1_106' title='bbox 1165 1701 1285 1770; x_wconf 89' lang='lat' dir='ltr'><strong>ejus</strong></span> <span class='ocrx_word' id='word_1_107' title='bbox 1318 1701 1389 1756; x_wconf 88' lang='lat' dir='ltr'><strong>sit</strong></span> <span class='ocrx_word' id='word_1_108' title='bbox 1416 1702 1509 1772; x_wconf 89' lang='lat' dir='ltr'><strong>qui</strong></span> <span class='ocrx_word' id='word_1_109' title='bbox 1539 1717 1568 1755; x_wconf 89' lang='lat' dir='ltr'><strong>a</strong></span> <span class='ocrx_word' id='word_1_110' title='bbox 1601 1700 1762 1758; x_wconf 82' lang='lat' dir='ltr'><strong>Patre</strong></span> <span class='ocrx_word' id='word_1_111' title='bbox 1793 1705 2004 1775; x_wconf 87' lang='lat' dir='ltr'><strong>accepit</strong></span> 
     </span>
    </p>
   </div>
   <div class='ocr_carea' id='block_1_17' title="bbox 443 1757 2077 1865">
    <p class='ocr_par' dir='ltr' id='par_1_17' title="bbox 443 1757 2077 1865">
     <span class='ocr_line' id='line_1_17' title="bbox 443 1757 2077 1865; baseline 0 -16"><span class='ocrx_word' id='word_1_112' title='bbox 443 1757 633 1865; x_wconf 50' lang='lat' dir='ltr'><strong>gentes</strong></span> <span class='ocrx_word' id='word_1_113' title='bbox 661 1757 715 1848; x_wconf 69' lang='lat' dir='ltr'><strong>in</strong></span> <span class='ocrx_word' id='word_1_114' title='bbox 748 1757 1122 1848; x_wconf 57' lang='lat' dir='ltr'><strong>haereditatem</strong></span> <span class='ocrx_word' id='word_1_115' title='bbox 1146 1832 1161 1858; x_wconf 91' lang='lat'><strong>,</strong></span> <span class='ocrx_word' id='word_1_116' title='bbox 1191 1757 1246 1847; x_wconf 72' lang='lat' dir='ltr'><strong>et</strong></span> <span class='ocrx_word' id='word_1_117' title='bbox 1271 1757 1449 1863; x_wconf 71' lang='lat' dir='ltr'><strong>qualis</strong></span> <span class='ocrx_word' id='word_1_118' title='bbox 1479 1794 1551 1848; x_wconf 91' lang='lat' dir='ltr'><strong>sit</strong></span> <span class='ocrx_word' id='word_1_119' title='bbox 1589 1794 1740 1865; x_wconf 80' lang='lat' dir='ltr'><strong>virga</strong></span> <span class='ocrx_word' id='word_1_120' title='bbox 1772 1794 1863 1847; x_wconf 89' lang='lat' dir='ltr'><strong>illa</strong></span> <span class='ocrx_word' id='word_1_121' title='bbox 1893 1757 2002 1849; x_wconf 53' lang='lat' dir='ltr'><strong>ferr-</strong></span> <span class='ocrx_word' id='word_1_122' title='bbox 2039 1757 2077 1811; x_wconf 69' lang='grc' dir='ltr'><strong><em>Β</em></strong></span> 
     </span>
    </p>
   </div>
   <div class='ocr_carea' id='block_1_18' title="bbox 442 1883 2008 1946">
    <p class='ocr_par' dir='ltr' id='par_1_18' title="bbox 442 1883 2008 1946">
     <span class='ocr_line' id='line_1_18' title="bbox 442 1883 2008 1946; baseline -0.001 -7"><span class='ocrx_word' id='word_1_123' title='bbox 442 1899 537 1940; x_wconf 89' lang='lat' dir='ltr'><strong>rea</strong></span> <span class='ocrx_word' id='word_1_124' title='bbox 585 1891 775 1939; x_wconf 89' lang='lat' dir='ltr'><strong>contra</strong></span> <span class='ocrx_word' id='word_1_125' title='bbox 824 1899 916 1938; x_wconf 85' lang='lat' dir='ltr'><strong>vos</strong></span> <span class='ocrx_word' id='word_1_126' title='bbox 967 1890 1169 1946; x_wconf 87' lang='lat' dir='ltr'><strong>erecta,</strong></span> <span class='ocrx_word' id='word_1_127' title='bbox 1201 1883 1361 1938; x_wconf 82' lang='lat' dir='ltr'><strong>ﬁnem</strong></span> <span class='ocrx_word' id='word_1_128' title='bbox 1402 1890 1592 1938; x_wconf 85' lang='lat' dir='ltr'><strong>contra</strong></span> <span class='ocrx_word' id='word_1_129' title='bbox 1619 1899 1741 1938; x_wconf 91' lang='lat' dir='ltr'><strong>eum</strong></span> <span class='ocrx_word' id='word_1_130' title='bbox 1773 1884 2008 1939; x_wconf 86' lang='lat' dir='ltr'><strong>bellandi</strong></span> 
     </span>
    </p>
   </div>
   <div class='ocr_carea' id='block_1_19' title="bbox 447 1975 2009 2045">
    <p class='ocr_par' dir='ltr' id='par_1_19' title="bbox 447 1975 2009 2045">
     <span class='ocr_line' id='line_1_19' title="bbox 447 1975 2009 2045; baseline 0 -15"><span class='ocrx_word' id='word_1_131' title='bbox 447 1975 641 2039; x_wconf 83' lang='lat' dir='ltr'><strong>facite,</strong></span> <span class='ocrx_word' id='word_1_132' title='bbox 689 1976 784 2030; x_wconf 91' lang='lat' dir='ltr'><strong>sed</strong></span> <span class='ocrx_word' id='word_1_133' title='bbox 831 1975 1015 2045; x_wconf 85' lang='lat' dir='ltr'><strong>potius</strong></span> <span class='ocrx_word' id='word_1_134' title='bbox 1064 1981 1287 2045; x_wconf 88' lang='lat' dir='ltr'><strong>accepta</strong></span> <span class='ocrx_word' id='word_1_135' title='bbox 1324 1975 1719 2045; x_wconf 80' lang='lat' dir='ltr'><strong>intelligentia,</strong></span> <span class='ocrx_word' id='word_1_136' title='bbox 1766 1976 2009 2031; x_wconf 87' lang='lat' dir='ltr'><strong>rationa-</strong></span> 
     </span>
    </p>
   </div>
   <div class='ocr_carea' id='block_1_20' title="bbox 449 2064 1654 2123">
    <p class='ocr_par' dir='ltr' id='par_1_20' title="bbox 449 2064 1654 2123">
     <span class='ocr_line' id='line_1_20' title="bbox 449 2064 1654 2123; baseline -0.001 0"><span class='ocrx_word' id='word_1_137' title='bbox 449 2066 548 2123; x_wconf 91' lang='lat' dir='ltr'><strong>bili</strong></span> <span class='ocrx_word' id='word_1_138' title='bbox 580 2065 886 2123; x_wconf 80' lang='lat' dir='ltr'><strong>disciolina:</strong></span> <span class='ocrx_word' id='word_1_139' title='bbox 912 2081 1010 2122; x_wconf 86' lang='lat' dir='ltr'><strong>vos</strong></span> <span class='ocrx_word' id='word_1_140' title='bbox 1039 2064 1408 2121; x_wconf 87' lang='lat' dir='ltr'><strong>instituendos</strong></span> <span class='ocrx_word' id='word_1_141' title='bbox 1439 2066 1654 2122; x_wconf 84' lang='lat' dir='ltr'><strong>tradite.</strong></span> 
     </span>
    </p>
   </div>
   <div class='ocr_carea' id='block_1_21' title="bbox 508 2238 2008 2313">
    <p class='ocr_par' dir='ltr' id='par_1_21' title="bbox 508 2238 2008 2313">
     <span class='ocr_line' id='line_1_21' title="bbox 508 2238 2008 2313; baseline 0.002 -19"><span class='ocrx_word' id='word_1_142' title='bbox 508 2238 677 2297; x_wconf 71' lang='lat' dir='ltr'><strong>Vens.</strong></span> <span class='ocrx_word' id='word_1_143' title='bbox 716 2240 802 2295; x_wconf 75' lang='lat' dir='ltr'><strong>l5.</strong></span> <span class='ocrx_word' id='word_1_144' title='bbox 847 2239 980 2294; x_wconf 89' lang='lat' dir='ltr'><strong>Cum</strong></span> <span class='ocrx_word' id='word_1_145' title='bbox 1014 2241 1276 2297; x_wconf 73' lang='lat' dir='ltr'><strong>exarserit</strong></span> <span class='ocrx_word' id='word_1_146' title='bbox 1313 2241 1371 2294; x_wconf 90' lang='lat' dir='ltr'><strong>in</strong></span> <span class='ocrx_word' id='word_1_147' title='bbox 1400 2241 1538 2297; x_wconf 83' lang='lat' dir='ltr'><strong>brevi</strong></span> <span class='ocrx_word' id='word_1_148' title='bbox 1570 2243 1652 2297; x_wconf 90' lang='lat' dir='ltr'><strong>ira</strong></span> <span class='ocrx_word' id='word_1_149' title='bbox 1678 2243 1792 2313; x_wconf 87' lang='lat' dir='ltr'><strong>ejus</strong></span> <span class='ocrx_word' id='word_1_150' title='bbox 1816 2262 1834 2298; x_wconf 92' lang='lat'><strong><em>:</em></strong></span> <span class='ocrx_word' id='word_1_151' title='bbox 1868 2242 2008 2298; x_wconf 85' lang='lat' dir='ltr'><strong>beati</strong></span> 
     </span>
    </p>
   </div>
   <div class='ocr_carea' id='block_1_22' title="bbox 443 2331 2005 2404">
    <p class='ocr_par' dir='ltr' id='par_1_22' title="bbox 443 2331 2005 2404">
     <span class='ocr_line' id='line_1_22' title="bbox 443 2331 2005 2404; baseline 0.001 -15"><span class='ocrx_word' id='word_1_152' title='bbox 443 2351 621 2389; x_wconf 85' lang='lat' dir='ltr'><strong>omnes</strong></span> <span class='ocrx_word' id='word_1_153' title='bbox 659 2334 750 2404; x_wconf 88' lang='lat' dir='ltr'><strong>qui</strong></span> <span class='ocrx_word' id='word_1_154' title='bbox 787 2331 1059 2402; x_wconf 83' lang='lat' dir='ltr'><strong>conﬁdunt</strong></span> <span class='ocrx_word' id='word_1_155' title='bbox 1096 2333 1149 2386; x_wconf 87' lang='lat' dir='ltr'><strong>in</strong></span> <span class='ocrx_word' id='word_1_156' title='bbox 1182 2349 1261 2387; x_wconf 89' lang='lat' dir='ltr'><strong>eo.</strong></span> <span class='ocrx_word' id='word_1_157' title='bbox 1297 2331 1453 2399; x_wconf 87' lang='lat' dir='ltr'><strong>Quod</strong></span> <span class='ocrx_word' id='word_1_158' title='bbox 1485 2341 1667 2388; x_wconf 88' lang='lat' dir='ltr'><strong>autem</strong></span> <span class='ocrx_word' id='word_1_159' title='bbox 1699 2335 1754 2388; x_wconf 91' lang='lat' dir='ltr'><strong>in</strong></span> <span class='ocrx_word' id='word_1_160' title='bbox 1784 2335 1896 2391; x_wconf 88' lang='lat' dir='ltr'><strong>Deo</strong></span> <span class='ocrx_word' id='word_1_161' title='bbox 1926 2337 2005 2390; x_wconf 86' lang='lat' dir='ltr'><strong>ira</strong></span> 
     </span>
    </p>
   </div>
   <div class='ocr_carea' id='block_1_23' title="bbox 443 2425 2007 2494">
    <p class='ocr_par' dir='ltr' id='par_1_23' title="bbox 443 2425 2007 2494">
     <span class='ocr_line' id='line_1_23' title="bbox 443 2425 2007 2494; baseline 0.001 -13"><span class='ocrx_word' id='word_1_162' title='bbox 443 2437 498 2481; x_wconf 92' lang='lat' dir='ltr'><strong>et</strong></span> <span class='ocrx_word' id='word_1_163' title='bbox 524 2425 679 2480; x_wconf 77' lang='lat' dir='ltr'><strong>furor</strong></span> <span class='ocrx_word' id='word_1_164' title='bbox 706 2440 815 2479; x_wconf 92' lang='lat' dir='ltr'><strong>non</strong></span> <span class='ocrx_word' id='word_1_165' title='bbox 846 2426 955 2479; x_wconf 88' lang='lat' dir='ltr'><strong>sint</strong></span> <span class='ocrx_word' id='word_1_166' title='bbox 982 2425 1254 2494; x_wconf 81' lang='lat' dir='ltr'><strong>passiones</strong></span> <span class='ocrx_word' id='word_1_167' title='bbox 1277 2465 1292 2489; x_wconf 90' lang='lat'><strong>,</strong></span> <span class='ocrx_word' id='word_1_168' title='bbox 1323 2425 1621 2480; x_wconf 84' lang='lat' dir='ltr'><strong>declaravit</strong></span> <span class='ocrx_word' id='word_1_169' title='bbox 1649 2426 1839 2482; x_wconf 87' lang='lat' dir='ltr'><strong>beatus</strong></span> <span class='ocrx_word' id='word_1_170' title='bbox 1864 2426 2007 2482; x_wconf 89' lang='lat' dir='ltr'><strong>Pau-</strong></span> 
     </span>
    </p>
   </div>
   <div class='ocr_carea' id='block_1_24' title="bbox 442 2515 2003 2576">
    <p class='ocr_par' dir='ltr' id='par_1_24' title="bbox 442 2515 2003 2576">
     <span class='ocr_line' id='line_1_24' title="bbox 442 2515 2003 2576; baseline -0.003 -2"><span class='ocrx_word' id='word_1_171' title='bbox 442 2521 529 2576; x_wconf 90' lang='lat' dir='ltr'><strong>lus</strong></span> <span class='ocrx_word' id='word_1_172' title='bbox 557 2518 645 2573; x_wconf 79' lang='lat' dir='ltr'><strong>liis</strong></span> <span class='ocrx_word' id='word_1_173' title='bbox 672 2517 892 2574; x_wconf 86' lang='lat' dir='ltr'><strong>verbis:</strong></span> <span class='ocrx_word' id='word_1_174' title='bbox 926 2515 1224 2571; x_wconf 86' lang='lat' dir='ltr'><strong>Secundum</strong></span> <span class='ocrx_word' id='word_1_175' title='bbox 1263 2526 1438 2570; x_wconf 89' lang='lat' dir='ltr'><strong>autem</strong></span> <span class='ocrx_word' id='word_1_176' title='bbox 1476 2517 1731 2571; x_wconf 84' lang='lat' dir='ltr'><strong>duritiam</strong></span> <span class='ocrx_word' id='word_1_177' title='bbox 1764 2528 1921 2572; x_wconf 74' lang='lat' dir='ltr'><strong>tuanr</strong></span> <span class='ocrx_word' id='word_1_178' title='bbox 1952 2530 2003 2572; x_wconf 88' lang='lat' dir='ltr'><strong>et</strong></span> 
     </span>
    </p>
   </div>
   <div class='ocr_carea' id='block_1_25' title="bbox 442 2607 2000 2682">
    <p class='ocr_par' dir='ltr' id='par_1_25' title="bbox 442 2607 2000 2682">
     <span class='ocr_line' id='line_1_25' title="bbox 442 2607 2000 2682; baseline -0.001 -15"><span class='ocrx_word' id='word_1_179' title='bbox 442 2611 764 2682; x_wconf 70' lang='lat' dir='ltr'><strong>impwnitens</strong></span> <span class='ocrx_word' id='word_1_180' title='bbox 802 2626 912 2669; x_wconf 90' lang='lat' dir='ltr'><strong>cor,</strong></span> <span class='ocrx_word' id='word_1_181' title='bbox 960 2609 1288 2663; x_wconf 82' lang='lat' dir='ltr'><strong>tbesaurizas</strong></span> <span class='ocrx_word' id='word_1_182' title='bbox 1320 2607 1416 2661; x_wconf 87' lang='lat' dir='ltr'><strong>tibi</strong></span> <span class='ocrx_word' id='word_1_183' title='bbox 1449 2609 1585 2661; x_wconf 88' lang='lat' dir='ltr'><strong>iram</strong></span> <span class='ocrx_word' id='word_1_184' title='bbox 1617 2609 1670 2661; x_wconf 90' lang='lat' dir='ltr'><strong>in</strong></span> <span class='ocrx_word' id='word_1_185' title='bbox 1700 2607 1784 2661; x_wconf 88' lang='lat' dir='ltr'><strong>die</strong></span> <span class='ocrx_word' id='word_1_186' title='bbox 1806 2609 1900 2662; x_wconf 70' lang='lat' dir='ltr'><strong>ira</strong></span> <span class='ocrx_word' id='word_1_187' title='bbox 1931 2610 2000 2665; x_wconf 75' lang='lat'><strong>’°.</strong></span> 
     </span>
    </p>
   </div>
   <div class='ocr_carea' id='block_1_26' title="bbox 440 2697 2005 2773">
    <p class='ocr_par' dir='ltr' id='par_1_26' title="bbox 440 2697 2005 2773">
     <span class='ocr_line' id='line_1_26' title="bbox 440 2697 2005 2773; baseline -0.004 -14"><span class='ocrx_word' id='word_1_188' title='bbox 440 2704 607 2771; x_wconf 75' lang='lat' dir='ltr'><strong>Queis</strong></span> <span class='ocrx_word' id='word_1_189' title='bbox 633 2701 923 2773; x_wconf 78' lang='lat' dir='ltr'><strong>signiﬁcat,</strong></span> <span class='ocrx_word' id='word_1_190' title='bbox 955 2707 1301 2768; x_wconf 89' lang='lat' dir='ltr'><strong>peccatorum</strong></span> <span class='ocrx_word' id='word_1_191' title='bbox 1330 2698 1667 2772; x_wconf 77' lang='lat' dir='ltr'><strong>punitionem</strong></span> <span class='ocrx_word' id='word_1_192' title='bbox 1693 2698 1877 2752; x_wconf 79' lang='lat' dir='ltr'><strong>vocari</strong></span> <span class='ocrx_word' id='word_1_193' title='bbox 1904 2697 2005 2752; x_wconf 82' lang='lat' dir='ltr'><strong>fu-</strong></span> 
     </span>
    </p>
   </div>
   <div class='ocr_carea' id='block_1_27' title="bbox 441 2789 2002 2861">
    <p class='ocr_par' dir='ltr' id='par_1_27' title="bbox 441 2789 2002 2861">
     <span class='ocr_line' id='line_1_27' title="bbox 441 2789 2002 2861; baseline -0.003 -10"><span class='ocrx_word' id='word_1_194' title='bbox 441 2810 620 2851; x_wconf 90' lang='lat' dir='ltr'><strong>rorem</strong></span> <span class='ocrx_word' id='word_1_195' title='bbox 650 2803 705 2850; x_wconf 93' lang='lat' dir='ltr'><strong>et</strong></span> <span class='ocrx_word' id='word_1_196' title='bbox 731 2795 887 2848; x_wconf 91' lang='lat' dir='ltr'><strong>iram.</strong></span> <span class='ocrx_word' id='word_1_197' title='bbox 918 2790 1043 2861; x_wconf 88' lang='lat' dir='ltr'><strong>Ipsi,</strong></span> <span class='ocrx_word' id='word_1_198' title='bbox 1068 2791 1263 2861; x_wconf 85' lang='lat' dir='ltr'><strong>inquit,</strong></span> <span class='ocrx_word' id='word_1_199' title='bbox 1287 2790 1506 2845; x_wconf 89' lang='lat' dir='ltr'><strong>Christo</strong></span> <span class='ocrx_word' id='word_1_200' title='bbox 1535 2789 1891 2856; x_wconf 81' lang='lat' dir='ltr'><strong>conﬁdentes,</strong></span> <span class='ocrx_word' id='word_1_201' title='bbox 1909 2792 2002 2860; x_wconf 93' lang='lat' dir='ltr'><strong>qui</strong></span> 
     </span>
    </p>
   </div>
   <div class='ocr_carea' id='block_1_28' title="bbox 444 2880 2000 2957">
    <p class='ocr_par' dir='ltr' id='par_1_28' title="bbox 444 2880 2000 2957">
     <span class='ocr_line' id='line_1_28' title="bbox 444 2880 2000 2957; baseline -0.004 -16"><span class='ocrx_word' id='word_1_202' title='bbox 444 2902 540 2957; x_wconf 85' lang='lat' dir='ltr'><strong>per</strong></span> <span class='ocrx_word' id='word_1_203' title='bbox 564 2892 735 2940; x_wconf 91' lang='lat' dir='ltr'><strong>totum</strong></span> <span class='ocrx_word' id='word_1_204' title='bbox 768 2884 912 2937; x_wconf 89' lang='lat' dir='ltr'><strong>hunc</strong></span> <span class='ocrx_word' id='word_1_205' title='bbox 944 2881 1210 2950; x_wconf 87' lang='lat' dir='ltr'><strong>psalmum</strong></span> <span class='ocrx_word' id='word_1_206' title='bbox 1249 2881 1561 2950; x_wconf 77' lang='lat' dir='ltr'><strong>prophetice</strong></span> <span class='ocrx_word' id='word_1_207' title='bbox 1588 2880 2000 2948; x_wconf 76' lang='lat' dir='ltr'><strong>praenuntiatur;</strong></span> 
     </span>
    </p>
   </div>
   <div class='ocr_carea' id='block_1_29' title="bbox 439 2971 1998 3045">
    <p class='ocr_par' dir='ltr' id='par_1_29' title="bbox 439 2971 1998 3045">
     <span class='ocr_line' id='line_1_29' title="bbox 439 2971 1998 3045; baseline -0.006 -11"><span class='ocrx_word' id='word_1_208' title='bbox 439 2996 546 3036; x_wconf 88' lang='lat' dir='ltr'><strong>non</strong></span> <span class='ocrx_word' id='word_1_209' title='bbox 584 2979 755 3033; x_wconf 87' lang='lat' dir='ltr'><strong>multo</strong></span> <span class='ocrx_word' id='word_1_210' title='bbox 784 2986 992 3045; x_wconf 88' lang='lat' dir='ltr'><strong>postea,</strong></span> <span class='ocrx_word' id='word_1_211' title='bbox 1022 2972 1203 3027; x_wconf 77' lang='lat' dir='ltr'><strong>brevis</strong></span> <span class='ocrx_word' id='word_1_212' title='bbox 1234 2986 1470 3040; x_wconf 85' lang='lat' dir='ltr'><strong>namque</strong></span> <span class='ocrx_word' id='word_1_213' title='bbox 1499 2985 1737 3040; x_wconf 71' lang='lat' dir='ltr'><strong>prmscus</strong></span> <span class='ocrx_word' id='word_1_214' title='bbox 1763 2971 1870 3025; x_wconf 80' lang='lat' dir='ltr'><strong>vita</strong></span> <span class='ocrx_word' id='word_1_215' title='bbox 1895 2979 1998 3037; x_wconf 86' lang='lat' dir='ltr'><strong>est,</strong></span> 
     </span>
    </p>
   </div>
   <div class='ocr_carea' id='block_1_30' title="bbox 439 3063 2072 3142">
    <p class='ocr_par' dir='ltr' id='par_1_30' title="bbox 439 3063 2072 3142">
     <span class='ocr_line' id='line_1_30' title="bbox 439 3063 2072 3142; baseline -0.007 -15"><span class='ocrx_word' id='word_1_216' title='bbox 439 3072 582 3128; x_wconf 85' lang='lat' dir='ltr'><strong>beati</strong></span> <span class='ocrx_word' id='word_1_217' title='bbox 610 3070 969 3140; x_wconf 91' lang='lat' dir='ltr'><strong>reperientur.</strong></span> <span class='ocrx_word' id='word_1_218' title='bbox 1008 3063 1105 3118; x_wconf 84' lang='lat' dir='ltr'><strong>His</strong></span> <span class='ocrx_word' id='word_1_219' title='bbox 1135 3071 1316 3118; x_wconf 87' lang='lat' dir='ltr'><strong>autem</strong></span> <span class='ocrx_word' id='word_1_220' title='bbox 1339 3063 1520 3118; x_wconf 87' lang='lat' dir='ltr'><strong>verbis</strong></span> <span class='ocrx_word' id='word_1_221' title='bbox 1542 3077 1606 3118; x_wconf 87' lang='lat' dir='ltr'><strong>ea</strong></span> <span class='ocrx_word' id='word_1_222' title='bbox 1630 3063 1828 3120; x_wconf 90' lang='lat' dir='ltr'><strong>litteris</strong></span> <span class='ocrx_word' id='word_1_223' title='bbox 1857 3079 2005 3119; x_wconf 84' lang='lat' dir='ltr'><strong>con-</strong></span> <span class='ocrx_word' id='word_1_224' title='bbox 2030 3086 2072 3142; x_wconf 69' lang='grc' dir='ltr'><strong>ρ</strong></span> 
     </span>
    </p>
   </div>
   <div class='ocr_carea' id='block_1_31' title="bbox 441 3154 2005 3234">
    <p class='ocr_par' dir='ltr' id='par_1_31' title="bbox 441 3154 2005 3234">
     <span class='ocr_line' id='line_1_31' title="bbox 441 3154 2005 3234; baseline -0.004 -16"><span class='ocrx_word' id='word_1_225' title='bbox 441 3164 641 3234; x_wconf 78' lang='lat' dir='ltr'><strong>signat,</strong></span> <span class='ocrx_word' id='word_1_226' title='bbox 677 3175 799 3231; x_wconf 74' lang='lat' dir='ltr'><strong>qua:</strong></span> <span class='ocrx_word' id='word_1_227' title='bbox 837 3159 892 3212; x_wconf 92' lang='lat' dir='ltr'><strong>in</strong></span> <span class='ocrx_word' id='word_1_228' title='bbox 926 3156 1102 3227; x_wconf 91' lang='lat' dir='ltr'><strong>primo</strong></span> <span class='ocrx_word' id='word_1_229' title='bbox 1129 3154 1339 3226; x_wconf 88' lang='lat' dir='ltr'><strong>psalmo</strong></span> <span class='ocrx_word' id='word_1_230' title='bbox 1369 3155 1612 3210; x_wconf 85' lang='lat' dir='ltr'><strong>deerant.</strong></span> <span class='ocrx_word' id='word_1_231' title='bbox 1647 3154 1765 3210; x_wconf 89' lang='lat' dir='ltr'><strong>Non</strong></span> <span class='ocrx_word' id='word_1_232' title='bbox 1809 3155 2005 3212; x_wconf 83' lang='lat' dir='ltr'><strong>sullicit</strong></span> 
     </span>
    </p>
   </div>
   <div class='ocr_carea' id='block_1_32' title="bbox 438 3247 2005 3325">
    <p class='ocr_par' dir='ltr' id='par_1_32' title="bbox 438 3247 2005 3325">
     <span class='ocr_line' id='line_1_32' title="bbox 438 3247 2005 3325; baseline -0.006 -12"><span class='ocrx_word' id='word_1_233' title='bbox 438 3257 583 3325; x_wconf 83' lang='lat' dir='ltr'><strong>enim</strong></span> <span class='ocrx_word' id='word_1_234' title='bbox 622 3255 676 3310; x_wconf 92' lang='lat' dir='ltr'><strong>in</strong></span> <span class='ocrx_word' id='word_1_235' title='bbox 715 3253 1003 3309; x_wconf 84' lang='lat' dir='ltr'><strong>consilium</strong></span> <span class='ocrx_word' id='word_1_236' title='bbox 1039 3251 1329 3320; x_wconf 90' lang='lat' dir='ltr'><strong>impiorum</strong></span> <span class='ocrx_word' id='word_1_237' title='bbox 1370 3263 1481 3303; x_wconf 90' lang='lat' dir='ltr'><strong>non</strong></span> <span class='ocrx_word' id='word_1_238' title='bbox 1522 3247 1802 3313; x_wconf 86' lang='lat' dir='ltr'><strong>accedere,</strong></span> <span class='ocrx_word' id='word_1_239' title='bbox 1834 3249 1891 3303; x_wconf 90' lang='lat' dir='ltr'><strong>in</strong></span> <span class='ocrx_word' id='word_1_240' title='bbox 1919 3250 2005 3305; x_wconf 84' lang='lat' dir='ltr'><strong>via</strong></span> 
     </span>
    </p>
   </div>
   <div class='ocr_carea' id='block_1_33' title="bbox 438 3341 2004 3420">
    <p class='ocr_par' dir='ltr' id='par_1_33' title="bbox 438 3341 2004 3420">
     <span class='ocr_line' id='line_1_33' title="bbox 438 3341 2004 3420; baseline -0.004 -17"><span class='ocrx_word' id='word_1_241' title='bbox 438 3356 787 3420; x_wconf 85' lang='lat' dir='ltr'><strong>peccatorum</strong></span> <span class='ocrx_word' id='word_1_242' title='bbox 818 3362 925 3401; x_wconf 93' lang='lat' dir='ltr'><strong>non</strong></span> <span class='ocrx_word' id='word_1_243' title='bbox 953 3353 1119 3407; x_wconf 86' lang='lat' dir='ltr'><strong>stare,</strong></span> <span class='ocrx_word' id='word_1_244' title='bbox 1156 3350 1210 3399; x_wconf 90' lang='lat' dir='ltr'><strong>et</strong></span> <span class='ocrx_word' id='word_1_245' title='bbox 1238 3343 1293 3397; x_wconf 91' lang='lat' dir='ltr'><strong>in</strong></span> <span class='ocrx_word' id='word_1_246' title='bbox 1324 3342 1441 3412; x_wconf 78' lang='lat' dir='ltr'><strong>lege</strong></span> <span class='ocrx_word' id='word_1_247' title='bbox 1474 3341 1760 3408; x_wconf 87' lang='lat' dir='ltr'><strong>meditari;</strong></span> <span class='ocrx_word' id='word_1_248' title='bbox 1797 3349 1853 3395; x_wconf 87' lang='lat' dir='ltr'><strong>at</strong></span> <span class='ocrx_word' id='word_1_249' title='bbox 1895 3358 2004 3396; x_wconf 91' lang='lat' dir='ltr'><strong>nou</strong></span> 
     </span>
    </p>
   </div>
   <div class='ocr_carea' id='block_1_34' title="bbox 442 3432 2005 3504">
    <p class='ocr_par' dir='ltr' id='par_1_34' title="bbox 442 3432 2005 3504">
     <span class='ocr_line' id='line_1_34' title="bbox 442 3432 2005 3504; baseline -0.005 -8"><span class='ocrx_word' id='word_1_250' title='bbox 442 3444 645 3496; x_wconf 54' lang='lat' dir='ltr'><strong>ﬂustra</strong></span> <span class='ocrx_word' id='word_1_251' title='bbox 674 3438 1045 3495; x_wconf 86' lang='lat' dir='ltr'><strong>meditandum</strong></span> <span class='ocrx_word' id='word_1_252' title='bbox 1073 3444 1176 3500; x_wconf 89' lang='lat' dir='ltr'><strong>est,</strong></span> <span class='ocrx_word' id='word_1_253' title='bbox 1201 3437 1294 3491; x_wconf 90' lang='lat' dir='ltr'><strong>sed</strong></span> <span class='ocrx_word' id='word_1_254' title='bbox 1316 3450 1381 3489; x_wconf 78' lang='lat' dir='ltr'><strong>ex</strong></span> <span class='ocrx_word' id='word_1_255' title='bbox 1407 3434 1475 3489; x_wconf 91' lang='lat' dir='ltr'><strong>iis</strong></span> <span class='ocrx_word' id='word_1_256' title='bbox 1502 3433 1570 3488; x_wconf 86' lang='lat' dir='ltr'><strong>ad</strong></span> <span class='ocrx_word' id='word_1_257' title='bbox 1593 3432 1796 3488; x_wconf 73' lang='lat' dir='ltr'><strong>Clu-isti</strong></span> <span class='ocrx_word' id='word_1_258' title='bbox 1819 3434 2005 3504; x_wconf 77' lang='lat' dir='ltr'><strong>cogni-</strong></span> 
     </span>
    </p>
   </div>
   <div class='ocr_carea' id='block_1_35' title="bbox 439 3525 2004 3601">
    <p class='ocr_par' dir='ltr' id='par_1_35' title="bbox 439 3525 2004 3601">
     <span class='ocr_line' id='line_1_35' title="bbox 439 3525 2004 3601; baseline -0.005 -14"><span class='ocrx_word' id='word_1_259' title='bbox 439 3534 642 3589; x_wconf 88' lang='lat' dir='ltr'><strong>tionem</strong></span> <span class='ocrx_word' id='word_1_260' title='bbox 684 3533 869 3588; x_wconf 87' lang='lat' dir='ltr'><strong>veuire</strong></span> <span class='ocrx_word' id='word_1_261' title='bbox 900 3546 997 3601; x_wconf 86' lang='lat' dir='ltr'><strong>par</strong></span> <span class='ocrx_word' id='word_1_262' title='bbox 1034 3536 1138 3592; x_wconf 79' lang='lat' dir='ltr'><strong>est,</strong></span> <span class='ocrx_word' id='word_1_263' title='bbox 1181 3528 1236 3583; x_wconf 89' lang='lat' dir='ltr'><strong>in</strong></span> <span class='ocrx_word' id='word_1_264' title='bbox 1281 3525 1523 3595; x_wconf 86' lang='lat' dir='ltr'><strong>ejusdem</strong></span> <span class='ocrx_word' id='word_1_265' title='bbox 1583 3533 1788 3597; x_wconf 90' lang='lat' dir='ltr'><strong>partem</strong></span> <span class='ocrx_word' id='word_1_266' title='bbox 1842 3533 2004 3594; x_wconf 89' lang='lat' dir='ltr'><strong>atque</strong></span> 
     </span>
    </p>
   </div>
   <div class='ocr_carea' id='block_1_36' title="bbox 439 3614 2000 3687">
    <p class='ocr_par' dir='ltr' id='par_1_36' title="bbox 439 3614 2000 3687">
     <span class='ocr_line' id='line_1_36' title="bbox 439 3614 2000 3687; baseline -0.008 -8"><span class='ocrx_word' id='word_1_267' title='bbox 439 3623 805 3680; x_wconf 66' lang='lat' dir='ltr'><strong>liaareditatem</strong></span> <span class='ocrx_word' id='word_1_268' title='bbox 857 3620 1136 3685; x_wconf 89' lang='lat' dir='ltr'><strong>accedere,</strong></span> <span class='ocrx_word' id='word_1_269' title='bbox 1173 3632 1237 3671; x_wconf 85' lang='lat' dir='ltr'><strong>ac</strong></span> <span class='ocrx_word' id='word_1_270' title='bbox 1280 3633 1375 3687; x_wconf 88' lang='lat' dir='ltr'><strong>per</strong></span> <span class='ocrx_word' id='word_1_271' title='bbox 1413 3616 1571 3671; x_wconf 82' lang='lat' dir='ltr'><strong>ﬁdem</strong></span> <span class='ocrx_word' id='word_1_272' title='bbox 1608 3623 1663 3669; x_wconf 90' lang='lat' dir='ltr'><strong>et</strong></span> <span class='ocrx_word' id='word_1_273' title='bbox 1701 3629 1863 3685; x_wconf 88' lang='lat' dir='ltr'><strong>opera</strong></span> <span class='ocrx_word' id='word_1_274' title='bbox 1898 3614 2000 3684; x_wconf 80' lang='lat' dir='ltr'><strong>ipsi</strong></span> 
     </span>
    </p>
   </div>
   <div class='ocr_carea' id='block_1_37' title="bbox 438 3708 1999 3783">
    <p class='ocr_par' dir='ltr' id='par_1_37' title="bbox 438 3708 1999 3783">
     <span class='ocr_line' id='line_1_37' title="bbox 438 3708 1999 3783; baseline -0.009 -10"><span class='ocrx_word' id='word_1_275' title='bbox 438 3717 730 3773; x_wconf 81' lang='lat' dir='ltr'><strong>conﬁdere.</strong></span> <span class='ocrx_word' id='word_1_276' title='bbox 758 3715 892 3770; x_wconf 90' lang='lat' dir='ltr'><strong>Cum</strong></span> <span class='ocrx_word' id='word_1_277' title='bbox 921 3716 1100 3783; x_wconf 87' lang='lat' dir='ltr'><strong>itaque</strong></span> <span class='ocrx_word' id='word_1_278' title='bbox 1122 3711 1355 3766; x_wconf 91' lang='lat' dir='ltr'><strong>duorum</strong></span> <span class='ocrx_word' id='word_1_279' title='bbox 1378 3709 1640 3763; x_wconf 86' lang='lat' dir='ltr'><strong>horumce</strong></span> <span class='ocrx_word' id='word_1_280' title='bbox 1669 3708 1999 3778; x_wconf 87' lang='lat' dir='ltr'><strong>psalmorum</strong></span> 
     </span>
    </p>
   </div>
   <div class='ocr_carea' id='block_1_38' title="bbox 439 3796 2001 3871">
    <p class='ocr_par' dir='ltr' id='par_1_38' title="bbox 439 3796 2001 3871">
     <span class='ocr_line' id='line_1_38' title="bbox 439 3796 2001 3871; baseline -0.009 -7"><span class='ocrx_word' id='word_1_281' title='bbox 439 3824 546 3865; x_wconf 85' lang='lat' dir='ltr'><strong>una</strong></span> <span class='ocrx_word' id='word_1_282' title='bbox 584 3808 658 3863; x_wconf 93' lang='lat' dir='ltr'><strong>sit</strong></span> <span class='ocrx_word' id='word_1_283' title='bbox 696 3805 986 3867; x_wconf 86' lang='lat' dir='ltr'><strong>sententia,</strong></span> <span class='ocrx_word' id='word_1_284' title='bbox 1014 3803 1140 3871; x_wconf 82' lang='lat' dir='ltr'><strong>jure</strong></span> <span class='ocrx_word' id='word_1_285' title='bbox 1182 3801 1221 3855; x_wconf 91' lang='lat' dir='ltr'><strong>ii</strong></span> <span class='ocrx_word' id='word_1_286' title='bbox 1260 3799 1402 3868; x_wconf 90' lang='lat' dir='ltr'><strong>apud</strong></span> <span class='ocrx_word' id='word_1_287' title='bbox 1438 3799 1693 3855; x_wconf 63' lang='lat' dir='ltr'><strong>Hebraeos</strong></span> <span class='ocrx_word' id='word_1_288' title='bbox 1723 3796 2001 3869; x_wconf 78' lang='lat' dir='ltr'><strong>conjuncti</strong></span> 
     </span>
    </p>
   </div>
   <div class='ocr_carea' id='block_1_39' title="bbox 470 3912 587 3956">
    <p class='ocr_par' dir='ltr' id='par_1_39' title="bbox 470 3912 587 3956">
     <span class='ocr_line' id='line_1_39' title="bbox 470 3912 587 3956; baseline -0.026 0"><span class='ocrx_word' id='word_1_289' title='bbox 470 3912 587 3956; x_wconf 86' lang='lat' dir='ltr'><strong>unt.</strong></span> 
     </span>
    </p>
   </div>
   <div class='ocr_carea' id='block_1_40' title="bbox 438 3919 1627 4055">
    <p class='ocr_par' dir='ltr' id='par_1_40' title="bbox 438 3919 1627 4055">
     <span class='ocr_line' id='line_1_40' title="bbox 470 3919 587 3956; baseline -0.034 1"><span class='ocrx_word' id='word_1_290' title='bbox 470 3919 587 3956; x_wconf 84' lang='lat' dir='ltr'><strong>unt.</strong></span> 
     </span>
     <span class='ocr_line' id='line_1_41' title="bbox 438 3919 1627 4055; baseline -0.008 4"><span class='ocrx_word' id='word_1_291' title='bbox 438 3919 467 3958; x_wconf 57' lang='grc'><strong>³</strong></span> <span class='ocrx_word' id='word_1_292' title='bbox 821 3995 1219 4055; x_wconf 78' lang='lat' dir='ltr'><strong>ENARRATIO</strong></span> <span class='ocrx_word' id='word_1_293' title='bbox 1258 3994 1505 4049; x_wconf 81' lang='lat' dir='ltr'><strong>PSALMI</strong></span> <span class='ocrx_word' id='word_1_294' title='bbox 1539 3993 1627 4049; x_wconf 84' lang='grc'><strong>111.</strong></span> 
     </span>
    </p>
   </div>
   <div class='ocr_carea' id='block_1_41' title="bbox 440 4083 1999 4228">
    <p class='ocr_par' dir='ltr' id='par_1_41' title="bbox 440 4083 1999 4228">
     <span class='ocr_line' id='line_1_42' title="bbox 440 4083 1999 4228; baseline -0.012 -73"><span class='ocrx_word' id='word_1_295' title='bbox 440 4098 690 4156; x_wconf 84' lang='lat' dir='ltr'><strong>Psalmus</strong></span> <span class='ocrx_word' id='word_1_296' title='bbox 735 4092 927 4157; x_wconf 85' lang='lat' dir='ltr'><strong>David,</strong></span> <span class='ocrx_word' id='word_1_297' title='bbox 967 4087 1202 4228; x_wconf 54' lang='lat' dir='ltr'><strong>quanglo”</strong></span> <span class='ocrx_word' id='word_1_298' title='bbox 1226 4087 1458 4168; x_wconf 62' lang='lat' dir='ltr'><strong>fugiebat</strong></span> <span class='ocrx_word' id='word_1_299' title='bbox 1497 4102 1531 4139; x_wconf 90' lang='lat' dir='ltr'><strong>a</strong></span> <span class='ocrx_word' id='word_1_300' title='bbox 1569 4085 1705 4155; x_wconf 77' lang='lat' dir='ltr'><strong>faeie</strong></span> <span class='ocrx_word' id='word_1_301' title='bbox 1745 4083 1999 4138; x_wconf 83' lang='lat' dir='ltr'><strong>Absalom</strong></span> 
     </span>
     <span class='ocr_line' id='line_1_43' title="bbox 1162 4174 1341 4211; baseline 0 0"><span class='ocrx_word' id='word_1_302' title='bbox 1162 4174 1201 4211; x_wconf 78' lang='grc' dir='ltr'><strong>ιι</strong></span> <span class='ocrx_word' id='word_1_303' title='bbox 1239 4174 1341 4211; x_wconf 77' lang='lat' dir='ltr'><strong>sui.</strong></span> 
     </span>
    </p>
   </div>
   <div class='ocr_carea' id='block_1_42' title="bbox 1162 4174 1341 4211">
    <p class='ocr_par' dir='ltr' id='par_1_42' title="bbox 1162 4174 1341 4211">
     <span class='ocr_line' id='line_1_44' title="bbox 1162 4174 1341 4211; baseline 0 0"><span class='ocrx_word' id='word_1_304' title='bbox 1162 4174 1201 4211; x_wconf 75' lang='grc' dir='ltr'><strong>ιι</strong></span> <span class='ocrx_word' id='word_1_305' title='bbox 1239 4174 1341 4211; x_wconf 77' lang='lat' dir='ltr'><strong>sui.</strong></span> 
     </span>
    </p>
   </div>
   <div class='ocr_carea' id='block_1_43' title="bbox 508 4264 1996 4339">
    <p class='ocr_par' dir='ltr' id='par_1_43' title="bbox 508 4264 1996 4339">
     <span class='ocr_line' id='line_1_45' title="bbox 508 4264 1996 4339; baseline -0.009 -6"><span class='ocrx_word' id='word_1_306' title='bbox 508 4276 673 4333; x_wconf 75' lang='lat' dir='ltr'><strong>Vens.</strong></span> <span class='ocrx_word' id='word_1_307' title='bbox 696 4275 747 4330; x_wconf 78' lang='grc' dir='ltr'>Ι.</span> <span class='ocrx_word' id='word_1_308' title='bbox 770 4271 1091 4329; x_wconf 81' lang='lat' dir='ltr'><strong>Necessario</strong></span> <span class='ocrx_word' id='word_1_309' title='bbox 1117 4277 1331 4339; x_wconf 86' lang='lat' dir='ltr'><strong>tempus</strong></span> <span class='ocrx_word' id='word_1_310' title='bbox 1352 4270 1598 4330; x_wconf 80' lang='lat' dir='ltr'><strong>adnotat,</strong></span> <span class='ocrx_word' id='word_1_311' title='bbox 1620 4274 1678 4319; x_wconf 89' lang='lat' dir='ltr'><strong>ut</strong></span> <span class='ocrx_word' id='word_1_312' title='bbox 1698 4264 1859 4319; x_wconf 91' lang='lat' dir='ltr'><strong>dictis</strong></span> <span class='ocrx_word' id='word_1_313' title='bbox 1881 4264 1996 4320; x_wconf 89' lang='lat' dir='ltr'><strong>suis</strong></span> 
     </span>
    </p>
   </div>
   <div class='ocr_carea' id='block_1_44' title="bbox 439 4356 1997 4439">
    <p class='ocr_par' dir='ltr' id='par_1_44' title="bbox 439 4356 1997 4439">
     <span class='ocr_line' id='line_1_46' title="bbox 439 4356 1997 4439; baseline -0.008 -15"><span class='ocrx_word' id='word_1_314' title='bbox 439 4368 749 4439; x_wconf 71' lang='lat' dir='ltr'><strong>Regnorum</strong></span> <span class='ocrx_word' id='word_1_315' title='bbox 774 4361 1054 4418; x_wconf 81' lang='lat' dir='ltr'><strong>historiam</strong></span> <span class='ocrx_word' id='word_1_316' title='bbox 1078 4365 1388 4423; x_wconf 90' lang='lat' dir='ltr'><strong>conuectat,</strong></span> <span class='ocrx_word' id='word_1_317' title='bbox 1408 4364 1574 4427; x_wconf 87' lang='lat' dir='ltr'><strong>utque</strong></span> <span class='ocrx_word' id='word_1_318' title='bbox 1592 4356 1922 4420; x_wconf 77' lang='lat' dir='ltr'><strong>ediscamus,</strong></span> <span class='ocrx_word' id='word_1_319' title='bbox 1938 4372 1997 4412; x_wconf 86' lang='lat' dir='ltr'><strong>se</strong></span> 
     </span>
    </p>
   </div>
   <div class='ocr_carea' id='block_1_45' title="bbox 2113 488 3674 562">
    <p class='ocr_par' dir='ltr' id='par_1_45' title="bbox 2113 488 3674 562">
     <span class='ocr_line' id='line_1_47' title="bbox 2113 488 3674 562; baseline 0 -20"><span class='ocrx_word' id='word_1_320' title='bbox 2113 489 2323 543; x_wconf 81' lang='grc' dir='ltr'><strong>οὐδέπω</strong></span> <span class='ocrx_word' id='word_1_321' title='bbox 2352 490 2484 561; x_wconf 76' lang='grc' dir='ltr'>πυρὶ</span> <span class='ocrx_word' id='word_1_322' title='bbox 2535 490 3006 562; x_wconf 83' lang='grc' dir='ltr'>προσωμιληκότα.</span> <span class='ocrx_word' id='word_1_323' title='bbox 3051 489 3270 552; x_wconf 86' lang='grc' dir='ltr'><strong>Τούτοις</strong></span> <span class='ocrx_word' id='word_1_324' title='bbox 3309 488 3366 541; x_wconf 76' lang='grc' dir='ltr'>δὲ</span> <span class='ocrx_word' id='word_1_325' title='bbox 3410 492 3674 560; x_wconf 85' lang='grc' dir='ltr'>μαρτυρεί</span> 
     </span>
    </p>
   </div>
   <div class='ocr_carea' id='block_1_46' title="bbox 2112 579 3672 653">
    <p class='ocr_par' dir='ltr' id='par_1_46' title="bbox 2112 579 3672 653">
     <span class='ocr_line' id='line_1_48' title="bbox 2112 579 3672 653; baseline 0 -18"><span class='ocrx_word' id='word_1_326' title='bbox 2112 583 2203 635; x_wconf 77' lang='grc' dir='ltr'>καὶ</span> <span class='ocrx_word' id='word_1_327' title='bbox 2228 585 2257 635; x_wconf 88' lang='grc' dir='ltr'><strong>ό</strong></span> <span class='ocrx_word' id='word_1_328' title='bbox 2283 582 2549 652; x_wconf 84' lang='grc' dir='ltr'>μακάριος</span> <span class='ocrx_word' id='word_1_329' title='bbox 2585 582 2849 653; x_wconf 79' lang='grc' dir='ltr'><strong>Ἱερεμίας</strong></span> <span class='ocrx_word' id='word_1_330' title='bbox 2870 582 2900 634; x_wconf 85' lang='grc' dir='ltr'><strong>ό</strong></span> <span class='ocrx_word' id='word_1_331' title='bbox 2938 581 3221 653; x_wconf 75' lang='grc' dir='ltr'><strong>προφήτης</strong></span> <span class='ocrx_word' id='word_1_332' title='bbox 3238 619 3254 644; x_wconf 88' lang='grc'><strong>,</strong></span> <span class='ocrx_word' id='word_1_333' title='bbox 3303 579 3473 648; x_wconf 88' lang='grc' dir='ltr'>λέγων</span> <span class='ocrx_word' id='word_1_334' title='bbox 3500 581 3575 644; x_wconf 87' lang='grc' dir='ltr'>ὡς</span> <span class='ocrx_word' id='word_1_335' title='bbox 3605 583 3672 635; x_wconf 78' lang='grc' dir='ltr'>ὲκ</span> 
     </span>
    </p>
   </div>
   <div class='ocr_carea' id='block_1_47' title="bbox 2110 670 3673 741">
    <p class='ocr_par' dir='ltr' id='par_1_47' title="bbox 2110 670 3673 741">
     <span class='ocr_line' id='line_1_49' title="bbox 2110 670 3673 741; baseline 0.001 -18"><span class='ocrx_word' id='word_1_336' title='bbox 2110 670 2202 724; x_wconf 88' lang='grc' dir='ltr'><strong>τοῦ</strong></span> <span class='ocrx_word' id='word_1_337' title='bbox 2232 671 2366 725; x_wconf 86' lang='grc' dir='ltr'>Θεοῦ</span> <span class='ocrx_word' id='word_1_338' title='bbox 2384 687 2398 702; x_wconf 75' lang='grc' dir='ltr'><strong>ο</strong></span> <span class='ocrx_word' id='word_1_339' title='bbox 2437 672 2505 727; x_wconf 85' lang='grc' dir='ltr'>Ἣ</span> <span class='ocrx_word' id='word_1_340' title='bbox 2533 670 2726 739; x_wconf 80' lang='grc' dir='ltr'>καθὼς</span> <span class='ocrx_word' id='word_1_341' title='bbox 2752 675 2785 726; x_wconf 86' lang='grc' dir='ltr'><em>ὁ</em></span> <span class='ocrx_word' id='word_1_342' title='bbox 2816 672 3125 741; x_wconf 82' lang='grc' dir='ltr'>κεραμεὺς,</span> <span class='ocrx_word' id='word_1_343' title='bbox 3176 671 3356 738; x_wconf 82' lang='grc' dir='ltr'>οὕτως</span> <span class='ocrx_word' id='word_1_344' title='bbox 3382 673 3455 725; x_wconf 89' lang='grc' dir='ltr'>οὐ</span> <span class='ocrx_word' id='word_1_345' title='bbox 3489 670 3673 739; x_wconf 73' lang='grc' dir='ltr'>δυνή-</span> 
     </span>
    </p>
   </div>
   <div class='ocr_carea' id='block_1_48' title="bbox 2109 761 3673 832">
    <p class='ocr_par' dir='ltr' id='par_1_48' title="bbox 2109 761 3673 832">
     <span class='ocr_line' id='line_1_50' title="bbox 2109 761 3673 832; baseline 0.001 -16"><span class='ocrx_word' id='word_1_346' title='bbox 2109 778 2287 831; x_wconf 81' lang='grc' dir='ltr'>σομαι</span> <span class='ocrx_word' id='word_1_347' title='bbox 2316 762 2420 817; x_wconf 86' lang='grc' dir='ltr'><strong>τοῦ</strong></span> <span class='ocrx_word' id='word_1_348' title='bbox 2441 761 2686 831; x_wconf 83' lang='grc' dir='ltr'>ποιῆσαι</span> <span class='ocrx_word' id='word_1_349' title='bbox 2708 762 2869 831; x_wconf 82' lang='grc' dir='ltr'>ὑμῖν,</span> <span class='ocrx_word' id='word_1_350' title='bbox 2892 764 3058 829; x_wconf 78' lang='grc' dir='ltr'>οἶκος</span> <span class='ocrx_word' id='word_1_351' title='bbox 3089 761 3343 831; x_wconf 73' lang='grc' dir='ltr'>Ἰσραὴλ,</span> <span class='ocrx_word' id='word_1_352' title='bbox 3369 761 3532 832; x_wconf 73' lang='grc' dir='ltr'>λέγει</span> <span class='ocrx_word' id='word_1_353' title='bbox 3555 765 3673 817; x_wconf 83' lang='grc' dir='ltr'><strong>Κύ-</strong></span> 
     </span>
    </p>
   </div>
   <div class='ocr_carea' id='block_1_49' title="bbox 2099 853 3667 922">
    <p class='ocr_par' dir='ltr' id='par_1_49' title="bbox 2099 853 3667 922">
     <span class='ocr_line' id='line_1_51' title="bbox 2099 853 3667 922; baseline 0.001 -16"><span class='ocrx_word' id='word_1_354' title='bbox 2099 869 2268 922; x_wconf 87' lang='grc' dir='ltr'>ριος;</span> <span class='ocrx_word' id='word_1_355' title='bbox 2299 854 2593 919; x_wconf 82' lang='grc' dir='ltr'><strong>τουτέστιν,</strong></span> <span class='ocrx_word' id='word_1_356' title='bbox 2658 854 2798 907; x_wconf 77' lang='grc' dir='ltr'>οὕτω</span> <span class='ocrx_word' id='word_1_357' title='bbox 2830 857 2924 909; x_wconf 71' lang='grc' dir='ltr'><strong>καὶ</strong></span> <span class='ocrx_word' id='word_1_358' title='bbox 2956 855 3308 917; x_wconf 85' lang='grc' dir='ltr'><strong>διαπεσόντας</strong></span> <span class='ocrx_word' id='word_1_359' title='bbox 3342 853 3667 921; x_wconf 77' lang='grc' dir='ltr'>ἀναπλάσαι,</span> 
     </span>
    </p>
   </div>
   <div class='ocr_carea' id='block_1_50' title="bbox 2109 944 3353 1018">
    <p class='ocr_par' dir='ltr' id='par_1_50' title="bbox 2109 944 3353 1018">
     <span class='ocr_line' id='line_1_52' title="bbox 2109 944 3353 1018; baseline 0.002 -20"><span class='ocrx_word' id='word_1_360' title='bbox 2109 944 2203 998; x_wconf 76' lang='grc' dir='ltr'>καὶ</span> <span class='ocrx_word' id='word_1_361' title='bbox 2237 945 2397 998; x_wconf 80' lang='grc' dir='ltr'>πάλιν</span> <span class='ocrx_word' id='word_1_362' title='bbox 2428 947 2507 1009; x_wconf 81' lang='grc' dir='ltr'>εἰς</span> <span class='ocrx_word' id='word_1_363' title='bbox 2536 947 2598 1000; x_wconf 86' lang='grc' dir='ltr'>τὸ</span> <span class='ocrx_word' id='word_1_364' title='bbox 2633 948 2856 1018; x_wconf 84' lang='grc' dir='ltr'>ἀρχαῖον</span> <span class='ocrx_word' id='word_1_365' title='bbox 2888 946 3353 1016; x_wconf 75' lang='grc' dir='ltr'>ἀποκαταστῆσαι.</span> 
     </span>
    </p>
   </div>
   <div class='ocr_carea' id='block_1_51' title="bbox 2177 1035 3671 1106">
    <p class='ocr_par' dir='ltr' id='par_1_51' title="bbox 2177 1035 3671 1106">
     <span class='ocr_line' id='line_1_53' title="bbox 2177 1035 3671 1106; baseline 0.003 -17"><span class='ocrx_word' id='word_1_366' title='bbox 2177 1036 2286 1089; x_wconf 80' lang='lat' dir='ltr'><strong>Kal</strong></span> <span class='ocrx_word' id='word_1_367' title='bbox 2314 1035 2447 1099; x_wconf 79' lang='grc' dir='ltr'>νῦν,</span> <span class='ocrx_word' id='word_1_368' title='bbox 2472 1036 2769 1103; x_wconf 70' lang='grc' dir='ltr'>βασιλεῖς,</span> <span class='ocrx_word' id='word_1_369' title='bbox 2798 1038 3032 1101; x_wconf 80' lang='grc' dir='ltr'><strong>σύνετε,</strong></span> <span class='ocrx_word' id='word_1_370' title='bbox 3056 1037 3407 1105; x_wconf 81' lang='grc' dir='ltr'>παιδεύθητε</span> <span class='ocrx_word' id='word_1_371' title='bbox 3448 1036 3671 1106; x_wconf 81' lang='grc' dir='ltr'>πάντες</span> 
     </span>
    </p>
   </div>
   <div class='ocr_carea' id='block_1_52' title="bbox 2107 1130 3673 1201">
    <p class='ocr_par' dir='ltr' id='par_1_52' title="bbox 2107 1130 3673 1201">
     <span class='ocr_line' id='line_1_54' title="bbox 2107 1130 3673 1201; baseline 0.001 -17"><span class='ocrx_word' id='word_1_372' title='bbox 2107 1133 2160 1184; x_wconf 83' lang='lat' dir='ltr'><strong>oi</strong></span> <span class='ocrx_word' id='word_1_373' title='bbox 2191 1132 2496 1197; x_wconf 77' lang='grc' dir='ltr'><strong>κρίνοντες</strong></span> <span class='ocrx_word' id='word_1_374' title='bbox 2528 1130 2639 1200; x_wconf 83' lang='grc' dir='ltr'>τὴν</span> <span class='ocrx_word' id='word_1_375' title='bbox 2663 1131 2797 1201; x_wconf 65' lang='lat' dir='ltr'><strong>m’r.</strong></span> <span class='ocrx_word' id='word_1_376' title='bbox 2842 1131 3214 1186; x_wconf 69' lang='grc' dir='ltr'>Δουλεύσατε</span> <span class='ocrx_word' id='word_1_377' title='bbox 3252 1130 3331 1196; x_wconf 78' lang='grc' dir='ltr'>τῷ</span> <span class='ocrx_word' id='word_1_378' title='bbox 3379 1132 3575 1199; x_wconf 83' lang='grc' dir='ltr'><strong>Κυρίῳ</strong></span> <span class='ocrx_word' id='word_1_379' title='bbox 3600 1133 3673 1186; x_wconf 78' lang='grc' dir='ltr'>ἐν</span> 
     </span>
    </p>
   </div>
   <div class='ocr_carea' id='block_1_53' title="bbox 2106 1221 3672 1293">
    <p class='ocr_par' dir='ltr' id='par_1_53' title="bbox 2106 1221 3672 1293">
     <span class='ocr_line' id='line_1_55' title="bbox 2106 1221 3672 1293; baseline 0.001 -18"><span class='ocrx_word' id='word_1_380' title='bbox 2106 1223 2284 1290; x_wconf 71' lang='grc' dir='ltr'>φόϐῳ,</span> <span class='ocrx_word' id='word_1_381' title='bbox 2314 1223 2409 1277; x_wconf 73' lang='grc' dir='ltr'>καὶ</span> <span class='ocrx_word' id='word_1_382' title='bbox 2444 1222 2812 1293; x_wconf 67' lang='grc' dir='ltr'><strong>ἀγαλλιᾶσθε</strong></span> <span class='ocrx_word' id='word_1_383' title='bbox 2850 1222 3008 1289; x_wconf 83' lang='grc' dir='ltr'>αὐτῷ</span> <span class='ocrx_word' id='word_1_384' title='bbox 3030 1223 3100 1275; x_wconf 85' lang='grc' dir='ltr'>ἐν</span> <span class='ocrx_word' id='word_1_385' title='bbox 3124 1224 3331 1291; x_wconf 82' lang='grc' dir='ltr'><strong>τρόμῳ.</strong></span> <span class='ocrx_word' id='word_1_386' title='bbox 3368 1221 3672 1290; x_wconf 80' lang='grc' dir='ltr'>Δρὰξασθε</span> 
     </span>
    </p>
   </div>
   <div class='ocr_carea' id='block_1_54' title="bbox 2106 1309 3670 1383">
    <p class='ocr_par' dir='ltr' id='par_1_54' title="bbox 2106 1309 3670 1383">
     <span class='ocr_line' id='line_1_56' title="bbox 2106 1309 3670 1383; baseline 0.008 -20"><span class='ocrx_word' id='word_1_387' title='bbox 2106 1310 2393 1378; x_wconf 79' lang='grc' dir='ltr'>παιδείας,</span> <span class='ocrx_word' id='word_1_388' title='bbox 2412 1312 2641 1381; x_wconf 80' lang='grc' dir='ltr'>μήποτε</span> <span class='ocrx_word' id='word_1_389' title='bbox 2664 1312 2910 1383; x_wconf 73' lang='grc' dir='ltr'>ὀργισθιῇ</span> <span class='ocrx_word' id='word_1_390' title='bbox 2927 1315 3157 1381; x_wconf 75' lang='grc' dir='ltr'>Κύριος.</span> <span class='ocrx_word' id='word_1_391' title='bbox 3187 1312 3298 1382; x_wconf 84' lang='grc' dir='ltr'><strong>Τῆς</strong></span> <span class='ocrx_word' id='word_1_392' title='bbox 3314 1309 3670 1382; x_wconf 81' lang='grc' dir='ltr'>εὐαγγελικῆς</span> 
     </span>
    </p>
   </div>
   <div class='ocr_carea' id='block_1_55' title="bbox 2104 1403 3670 1476">
    <p class='ocr_par' dir='ltr' id='par_1_55' title="bbox 2104 1403 3670 1476">
     <span class='ocr_line' id='line_1_57' title="bbox 2104 1403 3670 1476; baseline 0.001 -19"><span class='ocrx_word' id='word_1_393' title='bbox 2104 1403 2343 1475; x_wconf 85' lang='grc' dir='ltr'>δηλονότι</span> <span class='ocrx_word' id='word_1_394' title='bbox 2372 1404 2704 1476; x_wconf 84' lang='grc' dir='ltr'>νομοθεσίας.</span> <span class='ocrx_word' id='word_1_395' title='bbox 2743 1404 3018 1459; x_wconf 84' lang='grc' dir='ltr'>Ἐντεῦθεν</span> <span class='ocrx_word' id='word_1_396' title='bbox 3064 1403 3438 1475; x_wconf 87' lang='grc' dir='ltr'>μεταϐατικῶς</span> <span class='ocrx_word' id='word_1_397' title='bbox 3462 1407 3491 1458; x_wconf 89' lang='grc' dir='ltr'><strong>ό</strong></span> <span class='ocrx_word' id='word_1_398' title='bbox 3516 1404 3670 1473; x_wconf 80' lang='grc' dir='ltr'><strong>λόγος</strong></span> 
     </span>
    </p>
   </div>
   <div class='ocr_carea' id='block_1_56' title="bbox 2102 1493 3666 1567">
    <p class='ocr_par' dir='ltr' id='par_1_56' title="bbox 2102 1493 3666 1567">
     <span class='ocr_line' id='line_1_58' title="bbox 2102 1493 3666 1567; baseline 0.001 -20"><span class='ocrx_word' id='word_1_399' title='bbox 2102 1493 2443 1549; x_wconf 85' lang='grc' dir='ltr'>διδασκαλίαν</span> <span class='ocrx_word' id='word_1_400' title='bbox 2459 1495 2727 1549; x_wconf 75' lang='grc' dir='ltr'>ἐκτίθεται</span> <span class='ocrx_word' id='word_1_401' title='bbox 2741 1498 2851 1559; x_wconf 82' lang='grc' dir='ltr'>τοῖς</span> <span class='ocrx_word' id='word_1_402' title='bbox 2879 1496 3103 1567; x_wconf 85' lang='grc' dir='ltr'>ἄρχουσι</span> <span class='ocrx_word' id='word_1_403' title='bbox 3134 1495 3349 1558; x_wconf 71' lang='grc' dir='ltr'>καὶτοῖς</span> <span class='ocrx_word' id='word_1_404' title='bbox 3374 1493 3666 1566; x_wconf 76' lang='grc' dir='ltr'>βασιλεῦσι,</span> 
     </span>
    </p>
   </div>
   <div class='ocr_carea' id='block_1_57' title="bbox 2103 1584 3668 1658">
    <p class='ocr_par' dir='ltr' id='par_1_57' title="bbox 2103 1584 3668 1658">
     <span class='ocr_line' id='line_1_59' title="bbox 2103 1584 3668 1658; baseline 0.003 -22"><span class='ocrx_word' id='word_1_405' title='bbox 2103 1586 2215 1647; x_wconf 86' lang='grc' dir='ltr'>τοῖς</span> <span class='ocrx_word' id='word_1_406' title='bbox 2260 1584 2364 1639; x_wconf 87' lang='grc' dir='ltr'><strong>ὑπὸ</strong></span> <span class='ocrx_word' id='word_1_407' title='bbox 2406 1587 2472 1657; x_wconf 79' lang='grc' dir='ltr'>τῇ</span> <span class='ocrx_word' id='word_1_408' title='bbox 2515 1584 2709 1657; x_wconf 77' lang='grc' dir='ltr'>σιδηρᾷ</span> <span class='ocrx_word' id='word_1_409' title='bbox 2754 1585 2935 1658; x_wconf 81' lang='grc' dir='ltr'>ῥάϐδῳ</span> <span class='ocrx_word' id='word_1_410' title='bbox 2980 1584 3525 1656; x_wconf 85' lang='grc' dir='ltr'>ποιμανθησομένοις,</span> <span class='ocrx_word' id='word_1_411' title='bbox 3576 1587 3668 1640; x_wconf 91' lang='grc' dir='ltr'><strong>καί</strong></span> 
     </span>
    </p>
   </div>
   <div class='ocr_carea' id='block_1_58' title="bbox 2105 1671 3670 1747">
    <p class='ocr_par' dir='ltr' id='par_1_58' title="bbox 2105 1671 3670 1747">
     <span class='ocr_line' id='line_1_60' title="bbox 2105 1671 3670 1747; baseline 0.001 -19"><span class='ocrx_word' id='word_1_412' title='bbox 2105 1691 2295 1746; x_wconf 74' lang='grc' dir='ltr'>φησιν’</span> <span class='ocrx_word' id='word_1_413' title='bbox 2318 1676 2399 1729; x_wconf 83' lang='grc' dir='ltr'>ὅτι</span> <span class='ocrx_word' id='word_1_414' title='bbox 2424 1677 2684 1742; x_wconf 87' lang='grc' dir='ltr'>Γνῶντες,</span> <span class='ocrx_word' id='word_1_415' title='bbox 2714 1671 2760 1730; x_wconf 83' lang='grc' dir='ltr'><strong>ὦ</strong></span> <span class='ocrx_word' id='word_1_416' title='bbox 2787 1671 2951 1739; x_wconf 73' lang='grc' dir='ltr'>οὗτοι,</span> <span class='ocrx_word' id='word_1_417' title='bbox 2982 1677 3075 1730; x_wconf 78' lang='grc' dir='ltr'><strong>καὶ</strong></span> <span class='ocrx_word' id='word_1_418' title='bbox 3097 1677 3344 1740; x_wconf 83' lang='grc' dir='ltr'>συνόντες</span> <span class='ocrx_word' id='word_1_419' title='bbox 3383 1677 3555 1747; x_wconf 82' lang='grc' dir='ltr'><strong>ὁπόση</strong></span> <span class='ocrx_word' id='word_1_420' title='bbox 3588 1695 3670 1742; x_wconf 87' lang='grc' dir='ltr'><strong>τις</strong></span> 
     </span>
    </p>
   </div>
   <div class='ocr_carea' id='block_1_59' title="bbox 2106 1766 3669 1841">
    <p class='ocr_par' dir='ltr' id='par_1_59' title="bbox 2106 1766 3669 1841">
     <span class='ocr_line' id='line_1_61' title="bbox 2106 1766 3669 1841; baseline 0 -20"><span class='ocrx_word' id='word_1_421' title='bbox 2106 1766 2385 1839; x_wconf 79' lang='grc' dir='ltr'>ήδύναμις</span> <span class='ocrx_word' id='word_1_422' title='bbox 2415 1768 2509 1822; x_wconf 89' lang='grc' dir='ltr'><strong>τοῦ</strong></span> <span class='ocrx_word' id='word_1_423' title='bbox 2552 1768 2702 1841; x_wconf 80' lang='grc' dir='ltr'>παρὰ</span> <span class='ocrx_word' id='word_1_424' title='bbox 2730 1768 2823 1822; x_wconf 83' lang='grc' dir='ltr'><strong>τοῦ</strong></span> <span class='ocrx_word' id='word_1_425' title='bbox 2861 1769 3073 1839; x_wconf 85' lang='grc' dir='ltr'>Πατρὸς</span> <span class='ocrx_word' id='word_1_426' title='bbox 3113 1768 3390 1839; x_wconf 80' lang='grc' dir='ltr'>εἰληφότος</span> <span class='ocrx_word' id='word_1_427' title='bbox 3428 1768 3497 1822; x_wconf 85' lang='grc' dir='ltr'>τὰ</span> <span class='ocrx_word' id='word_1_428' title='bbox 3542 1768 3669 1840; x_wconf 75' lang='grc' dir='ltr'>ἔθνη</span> 
     </span>
    </p>
   </div>
   <div class='ocr_carea' id='block_1_60' title="bbox 2108 1857 3669 1932">
    <p class='ocr_par' dir='ltr' id='par_1_60' title="bbox 2108 1857 3669 1932">
     <span class='ocr_line' id='line_1_62' title="bbox 2108 1857 3669 1932; baseline 0.001 -21"><span class='ocrx_word' id='word_1_429' title='bbox 2108 1857 2485 1930; x_wconf 79' lang='grc' dir='ltr'>κληρονομίαν,</span> <span class='ocrx_word' id='word_1_430' title='bbox 2510 1859 2602 1913; x_wconf 77' lang='grc' dir='ltr'>καὶ</span> <span class='ocrx_word' id='word_1_431' title='bbox 2622 1860 2782 1913; x_wconf 86' lang='grc' dir='ltr'>ὁποία</span> <span class='ocrx_word' id='word_1_432' title='bbox 2808 1877 2891 1922; x_wconf 90' lang='grc' dir='ltr'><strong>τις</strong></span> <span class='ocrx_word' id='word_1_433' title='bbox 2920 1860 3223 1931; x_wconf 77' lang='grc' dir='ltr'>τυγχάνειή</span> <span class='ocrx_word' id='word_1_434' title='bbox 3257 1859 3449 1932; x_wconf 81' lang='grc' dir='ltr'>σιδηρᾶ</span> <span class='ocrx_word' id='word_1_435' title='bbox 3475 1859 3669 1931; x_wconf 81' lang='grc' dir='ltr'>ῥάϐδος</span> 
     </span>
    </p>
   </div>
   <div class='ocr_carea' id='block_1_61' title="bbox 2107 1950 3668 2024">
    <p class='ocr_par' dir='ltr' id='par_1_61' title="bbox 2107 1950 3668 2024">
     <span class='ocr_line' id='line_1_63' title="bbox 2107 1950 3668 2024; baseline 0.001 -21"><span class='ocrx_word' id='word_1_436' title='bbox 2107 1952 2141 2021; x_wconf 84' lang='grc' dir='ltr'><strong>ἡ</strong></span> <span class='ocrx_word' id='word_1_437' title='bbox 2176 1950 2297 2004; x_wconf 85' lang='grc' dir='ltr'>καθ’</span> <span class='ocrx_word' id='word_1_438' title='bbox 2338 1951 2490 2022; x_wconf 83' lang='grc' dir='ltr'>ὑμῶν</span> <span class='ocrx_word' id='word_1_439' title='bbox 2523 1951 2936 2024; x_wconf 81' lang='grc' dir='ltr'>ὲπεγειρομένη,</span> <span class='ocrx_word' id='word_1_440' title='bbox 2983 1950 3260 2005; x_wconf 81' lang='grc' dir='ltr'>παύσασθε</span> <span class='ocrx_word' id='word_1_441' title='bbox 3308 1951 3668 2023; x_wconf 81' lang='grc' dir='ltr'>πολεμοῦντες</span> 
     </span>
    </p>
   </div>
   <div class='ocr_carea' id='block_1_62' title="bbox 2106 2042 3670 2117">
    <p class='ocr_par' dir='ltr' id='par_1_62' title="bbox 2106 2042 3670 2117">
     <span class='ocr_line' id='line_1_64' title="bbox 2106 2042 3670 2117; baseline 0 -18"><span class='ocrx_word' id='word_1_442' title='bbox 2106 2044 2253 2115; x_wconf 85' lang='grc' dir='ltr'><strong>αὑτῷ</strong></span> <span class='ocrx_word' id='word_1_443' title='bbox 2268 2062 2281 2075; x_wconf 86' lang='grc'><strong>·</strong></span> <span class='ocrx_word' id='word_1_444' title='bbox 2302 2045 2659 2110; x_wconf 84' lang='grc' dir='ltr'>ἀπολαϐόντες</span> <span class='ocrx_word' id='word_1_445' title='bbox 2681 2045 2735 2098; x_wconf 88' lang='grc' dir='ltr'>δὲ</span> <span class='ocrx_word' id='word_1_446' title='bbox 2765 2042 2961 2117; x_wconf 78' lang='grc' dir='ltr'>μᾶλλον</span> <span class='ocrx_word' id='word_1_447' title='bbox 2984 2044 3193 2100; x_wconf 83' lang='grc' dir='ltr'>σύνεσιν</span> <span class='ocrx_word' id='word_1_448' title='bbox 3214 2044 3423 2099; x_wconf 82' lang='grc' dir='ltr'>ὲπίδοτε</span> <span class='ocrx_word' id='word_1_449' title='bbox 3442 2046 3670 2111; x_wconf 74' lang='grc' dir='ltr'>ἑαυτοὺς</span> 
     </span>
    </p>
   </div>
   <div class='ocr_carea' id='block_1_63' title="bbox 2106 2136 2661 2208">
    <p class='ocr_par' dir='ltr' id='par_1_63' title="bbox 2106 2136 2661 2208">
     <span class='ocr_line' id='line_1_65' title="bbox 2106 2136 2661 2208; baseline -0.002 -18"><span class='ocrx_word' id='word_1_450' title='bbox 2106 2139 2171 2208; x_wconf 80' lang='grc' dir='ltr'><strong>τῇ</strong></span> <span class='ocrx_word' id='word_1_451' title='bbox 2204 2136 2391 2207; x_wconf 82' lang='grc' dir='ltr'>λογικῇ</span> <span class='ocrx_word' id='word_1_452' title='bbox 2424 2137 2661 2207; x_wconf 80' lang='grc' dir='ltr'>παιδείᾳ.</span> 
     </span>
    </p>
   </div>
   <div class='ocr_carea' id='block_1_64' title="bbox 2180 2225 3668 2298">
    <p class='ocr_par' dir='ltr' id='par_1_64' title="bbox 2180 2225 3668 2298">
     <span class='ocr_line' id='line_1_66' title="bbox 2180 2225 3668 2298; baseline 0.001 -17"><span class='ocrx_word' id='word_1_453' title='bbox 2180 2229 2354 2281; x_wconf 82' lang='grc' dir='ltr'>Ὅταν</span> <span class='ocrx_word' id='word_1_454' title='bbox 2379 2227 2643 2297; x_wconf 70' lang='grc' dir='ltr'>ἐκκαυθιῖ</span> <span class='ocrx_word' id='word_1_455' title='bbox 2671 2229 2740 2282; x_wconf 81' lang='grc' dir='ltr'>ἐν</span> <span class='ocrx_word' id='word_1_456' title='bbox 2771 2227 2933 2298; x_wconf 86' lang='grc' dir='ltr'>τάχει</span> <span class='ocrx_word' id='word_1_457' title='bbox 2955 2231 2989 2284; x_wconf 83' lang='grc' dir='ltr'><em>ὁ</em></span> <span class='ocrx_word' id='word_1_458' title='bbox 3021 2228 3206 2298; x_wconf 76' lang='grc' dir='ltr'>θυμὸς</span> <span class='ocrx_word' id='word_1_459' title='bbox 3231 2228 3415 2283; x_wconf 82' lang='grc' dir='ltr'>αὐτοῦ</span> <span class='ocrx_word' id='word_1_460' title='bbox 3432 2245 3445 2258; x_wconf 83' lang='grc'><em>’</em></span> <span class='ocrx_word' id='word_1_461' title='bbox 3473 2225 3668 2297; x_wconf 81' lang='grc' dir='ltr'>μακά·-</span> 
     </span>
    </p>
   </div>
   <div class='ocr_carea' id='block_1_65' title="bbox 2097 2318 3666 2393">
    <p class='ocr_par' dir='ltr' id='par_1_65' title="bbox 2097 2318 3666 2393">
     <span class='ocr_line' id='line_1_67' title="bbox 2097 2318 3666 2393; baseline 0.003 -22"><span class='ocrx_word' id='word_1_462' title='bbox 2097 2336 2216 2386; x_wconf 75' lang='grc' dir='ltr'>ριοι</span> <span class='ocrx_word' id='word_1_463' title='bbox 2245 2318 2466 2386; x_wconf 80' lang='grc' dir='ltr'>πάντες</span> <span class='ocrx_word' id='word_1_464' title='bbox 2509 2322 2563 2373; x_wconf 84' lang='lat' dir='ltr'><strong>ol</strong></span> <span class='ocrx_word' id='word_1_465' title='bbox 2592 2321 2934 2386; x_wconf 81' lang='grc' dir='ltr'>πεποιθότες</span> <span class='ocrx_word' id='word_1_466' title='bbox 2984 2320 3076 2373; x_wconf 79' lang='grc' dir='ltr'><strong>ἐπ’</strong></span> <span class='ocrx_word' id='word_1_467' title='bbox 3121 2318 3280 2386; x_wconf 86' lang='grc' dir='ltr'>αὐτῷ</span> <span class='ocrx_word' id='word_1_468' title='bbox 3301 2338 3314 2351; x_wconf 91' lang='grc'><strong>·</strong></span> <span class='ocrx_word' id='word_1_469' title='bbox 3347 2320 3468 2374; x_wconf 83' lang='grc' dir='ltr'>Ὅτι</span> <span class='ocrx_word' id='word_1_470' title='bbox 3505 2320 3562 2374; x_wconf 80' lang='grc' dir='ltr'>δὲ</span> <span class='ocrx_word' id='word_1_471' title='bbox 3591 2320 3666 2393; x_wconf 70' lang='grc' dir='ltr'>μὴ</span> 
     </span>
    </p>
   </div>
   <div class='ocr_carea' id='block_1_66' title="bbox 2105 2409 3670 2483">
    <p class='ocr_par' dir='ltr' id='par_1_66' title="bbox 2105 2409 3670 2483">
     <span class='ocr_line' id='line_1_68' title="bbox 2105 2409 3670 2483; baseline 0.001 -20"><span class='ocrx_word' id='word_1_472' title='bbox 2105 2410 2262 2478; x_wconf 79' lang='grc' dir='ltr'>πάθη</span> <span class='ocrx_word' id='word_1_473' title='bbox 2290 2410 2421 2463; x_wconf 85' lang='grc' dir='ltr'>Θεοῦ</span> <span class='ocrx_word' id='word_1_474' title='bbox 2441 2410 2577 2482; x_wconf 84' lang='grc' dir='ltr'>ὀργὴ</span> <span class='ocrx_word' id='word_1_475' title='bbox 2609 2412 2699 2464; x_wconf 74' lang='grc' dir='ltr'>καὶ</span> <span class='ocrx_word' id='word_1_476' title='bbox 2719 2409 2905 2482; x_wconf 83' lang='grc' dir='ltr'>θυμὸς,</span> <span class='ocrx_word' id='word_1_477' title='bbox 2929 2413 2956 2464; x_wconf 90' lang='grc' dir='ltr'><strong>ό</strong></span> <span class='ocrx_word' id='word_1_478' title='bbox 2980 2410 3246 2483; x_wconf 87' lang='grc' dir='ltr'>μακάριος</span> <span class='ocrx_word' id='word_1_479' title='bbox 3269 2410 3500 2481; x_wconf 78' lang='grc' dir='ltr'>ἐδήλωσε</span> <span class='ocrx_word' id='word_1_480' title='bbox 3522 2411 3670 2465; x_wconf 87' lang='grc' dir='ltr'>Παῦ-</span> 
     </span>
    </p>
   </div>
   <div class='ocr_carea' id='block_1_67' title="bbox 2106 2501 3668 2574">
    <p class='ocr_par' dir='ltr' id='par_1_67' title="bbox 2106 2501 3668 2574">
     <span class='ocr_line' id='line_1_69' title="bbox 2106 2501 3668 2574; baseline 0.003 -20"><span class='ocrx_word' id='word_1_481' title='bbox 2106 2501 2194 2566; x_wconf 85' lang='grc' dir='ltr'><strong>λος</strong></span> <span class='ocrx_word' id='word_1_482' title='bbox 2220 2501 2387 2556; x_wconf 85' lang='grc' dir='ltr'>εἱπών</span> <span class='ocrx_word' id='word_1_483' title='bbox 2403 2520 2416 2532; x_wconf 91' lang='grc'><strong>·</strong></span> <span class='ocrx_word' id='word_1_484' title='bbox 2445 2504 2609 2557; x_wconf 85' lang='grc' dir='ltr'>Κατὰ</span> <span class='ocrx_word' id='word_1_485' title='bbox 2626 2501 2694 2556; x_wconf 86' lang='grc' dir='ltr'>δὲ</span> <span class='ocrx_word' id='word_1_486' title='bbox 2716 2503 2831 2571; x_wconf 81' lang='grc' dir='ltr'>τὴν</span> <span class='ocrx_word' id='word_1_487' title='bbox 2854 2502 3239 2572; x_wconf 76' lang='grc' dir='ltr'>σκληρότητά</span> <span class='ocrx_word' id='word_1_488' title='bbox 3259 2519 3375 2558; x_wconf 88' lang='grc' dir='ltr'><strong>σου</strong></span> <span class='ocrx_word' id='word_1_489' title='bbox 3403 2504 3501 2558; x_wconf 78' lang='grc' dir='ltr'>καὶ</span> <span class='ocrx_word' id='word_1_490' title='bbox 3528 2505 3668 2574; x_wconf 85' lang='grc' dir='ltr'>ἀμε-</span> 
     </span>
    </p>
   </div>
   <div class='ocr_carea' id='block_1_68' title="bbox 2105 2593 3671 2667">
    <p class='ocr_par' dir='ltr' id='par_1_68' title="bbox 2105 2593 3671 2667">
     <span class='ocr_line' id='line_1_70' title="bbox 2105 2593 3671 2667; baseline 0.003 -20"><span class='ocrx_word' id='word_1_491' title='bbox 2105 2594 2395 2663; x_wconf 81' lang='grc' dir='ltr'>τανόητον</span> <span class='ocrx_word' id='word_1_492' title='bbox 2440 2594 2709 2663; x_wconf 82' lang='grc' dir='ltr'>καρδίαν,</span> <span class='ocrx_word' id='word_1_493' title='bbox 2737 2593 3110 2664; x_wconf 77' lang='grc' dir='ltr'>θησαυρίζεις</span> <span class='ocrx_word' id='word_1_494' title='bbox 3144 2594 3335 2661; x_wconf 80' lang='grc' dir='ltr'>ἑαυτῷ</span> <span class='ocrx_word' id='word_1_495' title='bbox 3375 2596 3562 2667; x_wconf 79' lang='grc' dir='ltr'>ὀργὴν</span> <span class='ocrx_word' id='word_1_496' title='bbox 3597 2598 3671 2651; x_wconf 80' lang='grc' dir='ltr'>ἐν</span> 
     </span>
    </p>
   </div>
   <div class='ocr_carea' id='block_1_69' title="bbox 2107 2678 3666 2760">
    <p class='ocr_par' dir='ltr' id='par_1_69' title="bbox 2107 2678 3666 2760">
     <span class='ocr_line' id='line_1_71' title="bbox 2107 2678 3666 2760; baseline 0.003 -23"><span class='ocrx_word' id='word_1_497' title='bbox 2107 2685 2291 2752; x_wconf 77' lang='grc' dir='ltr'>ἡμέρᾳ</span> <span class='ocrx_word' id='word_1_498' title='bbox 2324 2683 2532 2753; x_wconf 77' lang='grc' dir='ltr'>ὀργῆς·</span> <span class='ocrx_word' id='word_1_499' title='bbox 2559 2686 2628 2738; x_wconf 83' lang='grc' dir='ltr'><strong>δι’</strong></span> <span class='ocrx_word' id='word_1_500' title='bbox 2673 2678 2748 2738; x_wconf 83' lang='grc' dir='ltr'>ὧν</span> <span class='ocrx_word' id='word_1_501' title='bbox 2797 2685 3048 2756; x_wconf 78' lang='grc' dir='ltr'>σημαίνει</span> <span class='ocrx_word' id='word_1_502' title='bbox 3094 2686 3195 2757; x_wconf 80' lang='grc' dir='ltr'>τὴν</span> <span class='ocrx_word' id='word_1_503' title='bbox 3240 2688 3325 2757; x_wconf 80' lang='grc' dir='ltr'><strong>ἐφ’</strong></span> <span class='ocrx_word' id='word_1_504' title='bbox 3373 2688 3666 2760; x_wconf 82' lang='grc' dir='ltr'>ἁμαρτίαις</span> 
     </span>
    </p>
   </div>
   <div class='ocr_carea' id='block_1_70' title="bbox 2105 2772 3667 2849">
    <p class='ocr_par' dir='ltr' id='par_1_70' title="bbox 2105 2772 3667 2849">
     <span class='ocr_line' id='line_1_72' title="bbox 2105 2772 3667 2849; baseline 0.004 -25"><span class='ocrx_word' id='word_1_505' title='bbox 2105 2772 2322 2826; x_wconf 86' lang='grc' dir='ltr'>κόλασιν</span> <span class='ocrx_word' id='word_1_506' title='bbox 2360 2773 2615 2845; x_wconf 79' lang='grc' dir='ltr'>εἰρῆσθαι</span> <span class='ocrx_word' id='word_1_507' title='bbox 2662 2774 2830 2845; x_wconf 85' lang='grc' dir='ltr'>θυμὸν</span> <span class='ocrx_word' id='word_1_508' title='bbox 2880 2776 2974 2827; x_wconf 72' lang='grc' dir='ltr'>καὶ</span> <span class='ocrx_word' id='word_1_509' title='bbox 3007 2775 3194 2846; x_wconf 79' lang='grc' dir='ltr'>ὀργήν.</span> <span class='ocrx_word' id='word_1_510' title='bbox 3244 2776 3359 2829; x_wconf 81' lang='grc' dir='ltr'><strong>Ἐπ’</strong></span> <span class='ocrx_word' id='word_1_511' title='bbox 3401 2778 3547 2849; x_wconf 88' lang='grc' dir='ltr'>αὐτῷ</span> <span class='ocrx_word' id='word_1_512' title='bbox 3583 2778 3667 2845; x_wconf 80' lang='grc' dir='ltr'>δὲ,</span> 
     </span>
    </p>
   </div>
   <div class='ocr_carea' id='block_1_71' title="bbox 2104 2861 3666 2946">
    <p class='ocr_par' dir='ltr' id='par_1_71' title="bbox 2104 2861 3666 2946">
     <span class='ocr_line' id='line_1_73' title="bbox 2104 2861 3666 2946; baseline 0.007 -32"><span class='ocrx_word' id='word_1_513' title='bbox 2104 2861 2269 2946; x_wconf 61' lang='grc' dir='ltr'><strong>λέγει2</strong></span> <span class='ocrx_word' id='word_1_514' title='bbox 2321 2864 2636 2928; x_wconf 68' lang='grc' dir='ltr'>πεποιθὰτες</span> <span class='ocrx_word' id='word_1_515' title='bbox 2682 2864 2761 2936; x_wconf 83' lang='grc' dir='ltr'><strong>τῷ</strong></span> <span class='ocrx_word' id='word_1_516' title='bbox 2810 2867 3269 2940; x_wconf 79' lang='grc' dir='ltr'>προφητευομένῳ</span> <span class='ocrx_word' id='word_1_517' title='bbox 3308 2869 3528 2946; x_wconf 73' lang='grc' dir='ltr'>Χριστῷ</span> <span class='ocrx_word' id='word_1_518' title='bbox 3575 2870 3666 2926; x_wconf 74' lang='grc' dir='ltr'>διὰ</span> 
     </span>
    </p>
   </div>
   <div class='ocr_carea' id='block_1_72' title="bbox 2105 2950 3667 3034">
    <p class='ocr_par' dir='ltr' id='par_1_72' title="bbox 2105 2950 3667 3034">
     <span class='ocr_line' id='line_1_74' title="bbox 2105 2950 3667 3034; baseline 0.006 -28"><span class='ocrx_word' id='word_1_519' title='bbox 2105 2954 2303 3017; x_wconf 83' lang='grc' dir='ltr'>παντὸς</span> <span class='ocrx_word' id='word_1_520' title='bbox 2329 2953 2421 3006; x_wconf 87' lang='grc' dir='ltr'><strong>τοῦ</strong></span> <span class='ocrx_word' id='word_1_521' title='bbox 2446 2953 2680 3025; x_wconf 77' lang='grc' dir='ltr'>ψαλμοῦ,</span> <span class='ocrx_word' id='word_1_522' title='bbox 2725 2957 2772 3008; x_wconf 88' lang='grc' dir='ltr'>οἱ</span> <span class='ocrx_word' id='word_1_523' title='bbox 2800 2956 2992 3027; x_wconf 84' lang='grc' dir='ltr'>μικρὸν</span> <span class='ocrx_word' id='word_1_524' title='bbox 3027 2955 3248 3029; x_wconf 83' lang='grc' dir='ltr'>ὕστερον</span> <span class='ocrx_word' id='word_1_525' title='bbox 3287 2950 3511 3031; x_wconf 78' lang='grc' dir='ltr'>(βραχὺς</span> <span class='ocrx_word' id='word_1_526' title='bbox 3558 2961 3667 3034; x_wconf 83' lang='grc' dir='ltr'>γὰρ</span> 
     </span>
    </p>
   </div>
   <div class='ocr_carea' id='block_1_73' title="bbox 2104 3045 3665 3123">
    <p class='ocr_par' dir='ltr' id='par_1_73' title="bbox 2104 3045 3665 3123">
     <span class='ocr_line' id='line_1_75' title="bbox 2104 3045 3665 3123; baseline 0.004 -24"><span class='ocrx_word' id='word_1_527' title='bbox 2104 3045 2249 3111; x_wconf 74' lang='grc' dir='ltr'>ἄπας</span> <span class='ocrx_word' id='word_1_528' title='bbox 2279 3048 2307 3099; x_wconf 91' lang='grc' dir='ltr'><strong>ό</strong></span> <span class='ocrx_word' id='word_1_529' title='bbox 2358 3046 2546 3119; x_wconf 85' lang='grc' dir='ltr'>παρὼν</span> <span class='ocrx_word' id='word_1_530' title='bbox 2589 3046 2721 3118; x_wconf 85' lang='grc' dir='ltr'>βίος)</span> <span class='ocrx_word' id='word_1_531' title='bbox 2757 3047 3138 3119; x_wconf 85' lang='grc' dir='ltr'>εὑρεθήσονται</span> <span class='ocrx_word' id='word_1_532' title='bbox 3186 3052 3463 3123; x_wconf 87' lang='grc' dir='ltr'>μακάριοι.</span> <span class='ocrx_word' id='word_1_533' title='bbox 3504 3053 3576 3106; x_wconf 84' lang='grc' dir='ltr'>Τὸ</span> <span class='ocrx_word' id='word_1_534' title='bbox 3607 3054 3665 3106; x_wconf 76' lang='grc' dir='ltr'>δὲ</span> 
     </span>
    </p>
   </div>
   <div class='ocr_carea' id='block_1_74' title="bbox 2104 3136 3666 3211">
    <p class='ocr_par' dir='ltr' id='par_1_74' title="bbox 2104 3136 3666 3211">
     <span class='ocr_line' id='line_1_76' title="bbox 2104 3136 3666 3211; baseline 0.005 -21"><span class='ocrx_word' id='word_1_535' title='bbox 2104 3136 2285 3191; x_wconf 86' lang='grc' dir='ltr'>λεῖπον</span> <span class='ocrx_word' id='word_1_536' title='bbox 2307 3140 2418 3202; x_wconf 88' lang='grc' dir='ltr'>τοῖς</span> <span class='ocrx_word' id='word_1_537' title='bbox 2442 3141 2498 3191; x_wconf 81' lang='grc' dir='ltr'>ὲν</span> <span class='ocrx_word' id='word_1_538' title='bbox 2525 3137 2602 3209; x_wconf 86' lang='grc' dir='ltr'><strong>τῷ</strong></span> <span class='ocrx_word' id='word_1_539' title='bbox 2636 3138 2834 3211; x_wconf 84' lang='grc' dir='ltr'>πρώτῳ</span> <span class='ocrx_word' id='word_1_540' title='bbox 2863 3139 3063 3211; x_wconf 81' lang='grc' dir='ltr'>ψαλμῷ</span> <span class='ocrx_word' id='word_1_541' title='bbox 3099 3140 3187 3195; x_wconf 87' lang='grc' dir='ltr'><strong>διά</strong></span> <span class='ocrx_word' id='word_1_542' title='bbox 3224 3141 3425 3196; x_wconf 77' lang='grc' dir='ltr'>τούτων</span> <span class='ocrx_word' id='word_1_543' title='bbox 3457 3144 3666 3198; x_wconf 85' lang='grc' dir='ltr'>ἀπέδω-</span> 
     </span>
    </p>
   </div>
   <div class='ocr_carea' id='block_1_75' title="bbox 2105 3230 3661 3309">
    <p class='ocr_par' dir='ltr' id='par_1_75' title="bbox 2105 3230 3661 3309">
     <span class='ocr_line' id='line_1_77' title="bbox 2105 3230 3661 3309; baseline 0.003 -24"><span class='ocrx_word' id='word_1_544' title='bbox 2105 3248 2217 3285; x_wconf 80' lang='grc' dir='ltr'>κεν.</span> <span class='ocrx_word' id='word_1_545' title='bbox 2250 3232 2324 3285; x_wconf 85' lang='grc' dir='ltr'><strong>Οὐ</strong></span> <span class='ocrx_word' id='word_1_546' title='bbox 2361 3230 2466 3304; x_wconf 80' lang='grc' dir='ltr'><strong>γὰρ</strong></span> <span class='ocrx_word' id='word_1_547' title='bbox 2493 3233 2652 3303; x_wconf 85' lang='grc' dir='ltr'>ἀρκεῖ</span> <span class='ocrx_word' id='word_1_548' title='bbox 2677 3232 2832 3304; x_wconf 88' lang='grc' dir='ltr'>μόνον</span> <span class='ocrx_word' id='word_1_549' title='bbox 2858 3233 2919 3286; x_wconf 81' lang='grc' dir='ltr'>τὸ</span> <span class='ocrx_word' id='word_1_550' title='bbox 2950 3233 3024 3305; x_wconf 78' lang='grc' dir='ltr'>μὴ</span> <span class='ocrx_word' id='word_1_551' title='bbox 3057 3233 3379 3307; x_wconf 86' lang='grc' dir='ltr'>πορεύεσθαι</span> <span class='ocrx_word' id='word_1_552' title='bbox 3412 3238 3470 3289; x_wconf 80' lang='grc' dir='ltr'>ἐν</span> <span class='ocrx_word' id='word_1_553' title='bbox 3498 3236 3661 3309; x_wconf 80' lang='grc' dir='ltr'>βουλῇ</span> 
     </span>
    </p>
   </div>
   <div class='ocr_carea' id='block_1_76' title="bbox 2105 3323 3662 3395">
    <p class='ocr_par' dir='ltr' id='par_1_76' title="bbox 2105 3323 3662 3395">
     <span class='ocr_line' id='line_1_78' title="bbox 2105 3323 3662 3395; baseline 0.003 -19"><span class='ocrx_word' id='word_1_554' title='bbox 2105 3323 2334 3389; x_wconf 88' lang='grc' dir='ltr'>ἀσεϐῶν,</span> <span class='ocrx_word' id='word_1_555' title='bbox 2379 3324 2497 3377; x_wconf 75' lang='grc' dir='ltr'>οὐδὲ</span> <span class='ocrx_word' id='word_1_556' title='bbox 2542 3323 2602 3377; x_wconf 86' lang='grc' dir='ltr'>τὸ</span> <span class='ocrx_word' id='word_1_557' title='bbox 2632 3324 2705 3395; x_wconf 84' lang='grc' dir='ltr'>μὴ</span> <span class='ocrx_word' id='word_1_558' title='bbox 2736 3324 2928 3394; x_wconf 81' lang='grc' dir='ltr'>στῆναι</span> <span class='ocrx_word' id='word_1_559' title='bbox 2962 3326 3021 3378; x_wconf 77' lang='grc' dir='ltr'>ἐν</span> <span class='ocrx_word' id='word_1_560' title='bbox 3045 3323 3149 3395; x_wconf 84' lang='grc' dir='ltr'>ὁδῷ</span> <span class='ocrx_word' id='word_1_561' title='bbox 3192 3324 3533 3395; x_wconf 82' lang='grc' dir='ltr'>ἁμαρτωλῶν</span> <span class='ocrx_word' id='word_1_562' title='bbox 3569 3328 3662 3380; x_wconf 81' lang='grc' dir='ltr'>καὶ</span> 
     </span>
    </p>
   </div>
   <div class='ocr_carea' id='block_1_77' title="bbox 2106 3416 3661 3488">
    <p class='ocr_par' dir='ltr' id='par_1_77' title="bbox 2106 3416 3661 3488">
     <span class='ocr_line' id='line_1_79' title="bbox 2106 3416 3661 3488; baseline 0.002 -21"><span class='ocrx_word' id='word_1_563' title='bbox 2106 3417 2329 3488; x_wconf 85' lang='grc' dir='ltr'>μελετᾷν</span> <span class='ocrx_word' id='word_1_564' title='bbox 2356 3418 2413 3471; x_wconf 82' lang='grc' dir='ltr'>ἐν</span> <span class='ocrx_word' id='word_1_565' title='bbox 2444 3416 2520 3488; x_wconf 83' lang='grc' dir='ltr'>τῷ</span> <span class='ocrx_word' id='word_1_566' title='bbox 2576 3417 2751 3488; x_wconf 76' lang='grc' dir='ltr'>νόμῳο</span> <span class='ocrx_word' id='word_1_567' title='bbox 2781 3416 2914 3469; x_wconf 88' lang='grc' dir='ltr'><strong>ἀλλά</strong></span> <span class='ocrx_word' id='word_1_568' title='bbox 2939 3416 3045 3487; x_wconf 84' lang='grc' dir='ltr'><strong>γὰρ</strong></span> <span class='ocrx_word' id='word_1_569' title='bbox 3093 3416 3156 3485; x_wconf 82' lang='grc' dir='ltr'>δὴ</span> <span class='ocrx_word' id='word_1_570' title='bbox 3189 3416 3279 3469; x_wconf 75' lang='grc' dir='ltr'>καὶ</span> <span class='ocrx_word' id='word_1_571' title='bbox 3312 3417 3386 3487; x_wconf 80' lang='grc' dir='ltr'>μὴ</span> <span class='ocrx_word' id='word_1_572' title='bbox 3413 3417 3661 3488; x_wconf 79' lang='grc' dir='ltr'>διακενῆς</span> 
     </span>
    </p>
   </div>
   <div class='ocr_carea' id='block_1_78' title="bbox 2107 3505 3661 3580">
    <p class='ocr_par' dir='ltr' id='par_1_78' title="bbox 2107 3505 3661 3580">
     <span class='ocr_line' id='line_1_80' title="bbox 2107 3505 3661 3580; baseline 0 -19"><span class='ocrx_word' id='word_1_573' title='bbox 2107 3509 2368 3580; x_wconf 80' lang='grc' dir='ltr'>μελετᾷν,</span> <span class='ocrx_word' id='word_1_574' title='bbox 2405 3508 2539 3562; x_wconf 85' lang='grc' dir='ltr'>ἀλλὰ</span> <span class='ocrx_word' id='word_1_575' title='bbox 2581 3508 2781 3576; x_wconf 88' lang='grc' dir='ltr'>γνῶναι</span> <span class='ocrx_word' id='word_1_576' title='bbox 2822 3506 3052 3578; x_wconf 84' lang='grc' dir='ltr'>Χριστὸν</span> <span class='ocrx_word' id='word_1_577' title='bbox 3092 3505 3149 3572; x_wconf 78' lang='grc' dir='ltr'>ἐξ</span> <span class='ocrx_word' id='word_1_578' title='bbox 3198 3507 3393 3573; x_wconf 83' lang='grc' dir='ltr'>αὐτῶν,</span> <span class='ocrx_word' id='word_1_579' title='bbox 3440 3508 3661 3580; x_wconf 73' lang='grc' dir='ltr'>καὶτῆς</span> 
     </span>
    </p>
   </div>
   <div class='ocr_carea' id='block_1_79' title="bbox 2102 3597 3663 3672">
    <p class='ocr_par' dir='ltr' id='par_1_79' title="bbox 2102 3597 3663 3672">
     <span class='ocr_line' id='line_1_81' title="bbox 2102 3597 3663 3672; baseline 0 -18"><span class='ocrx_word' id='word_1_580' title='bbox 2102 3601 2264 3654; x_wconf 81' lang='grc' dir='ltr'>αὐτοῦ</span> <span class='ocrx_word' id='word_1_581' title='bbox 2296 3601 2544 3668; x_wconf 86' lang='grc' dir='ltr'>γενέσθαι</span> <span class='ocrx_word' id='word_1_582' title='bbox 2577 3600 2790 3672; x_wconf 87' lang='grc' dir='ltr'>μερίδος</span> <span class='ocrx_word' id='word_1_583' title='bbox 2820 3616 2877 3651; x_wconf 90' lang='grc' dir='ltr'><strong>τε</strong></span> <span class='ocrx_word' id='word_1_584' title='bbox 2912 3597 3004 3651; x_wconf 77' lang='grc' dir='ltr'>καὶ</span> <span class='ocrx_word' id='word_1_585' title='bbox 3042 3597 3421 3668; x_wconf 85' lang='grc' dir='ltr'>κληρονομίας,</span> <span class='ocrx_word' id='word_1_586' title='bbox 3450 3600 3542 3652; x_wconf 77' lang='grc' dir='ltr'>καὶ</span> <span class='ocrx_word' id='word_1_587' title='bbox 3573 3600 3663 3654; x_wconf 73' lang='grc' dir='ltr'><strong>διὰ</strong></span> 
     </span>
    </p>
   </div>
   <div class='ocr_carea' id='block_1_80' title="bbox 2102 3687 3661 3762">
    <p class='ocr_par' dir='ltr' id='par_1_80' title="bbox 2102 3687 3661 3762">
     <span class='ocr_line' id='line_1_82' title="bbox 2102 3687 3661 3762; baseline 0.002 -20"><span class='ocrx_word' id='word_1_588' title='bbox 2102 3690 2335 3753; x_wconf 85' lang='grc' dir='ltr'>πίστεως</span> <span class='ocrx_word' id='word_1_589' title='bbox 2365 3691 2458 3744; x_wconf 78' lang='grc' dir='ltr'>καὶ</span> <span class='ocrx_word' id='word_1_590' title='bbox 2507 3690 2680 3762; x_wconf 74' lang='grc' dir='ltr'>ἔργων</span> <span class='ocrx_word' id='word_1_591' title='bbox 2729 3692 2811 3743; x_wconf 82' lang='grc' dir='ltr'><strong>ἐπ’</strong></span> <span class='ocrx_word' id='word_1_592' title='bbox 2859 3687 3004 3758; x_wconf 81' lang='grc' dir='ltr'>αὐτῷ</span> <span class='ocrx_word' id='word_1_593' title='bbox 3050 3688 3379 3742; x_wconf 79' lang='grc' dir='ltr'>πεποιθέναι.</span> <span class='ocrx_word' id='word_1_594' title='bbox 3425 3691 3661 3756; x_wconf 76' lang='grc' dir='ltr'>Εἰκότως</span> 
     </span>
    </p>
   </div>
   <div class='ocr_carea' id='block_1_81' title="bbox 2098 3779 3663 3856">
    <p class='ocr_par' dir='ltr' id='par_1_81' title="bbox 2098 3779 3663 3856">
     <span class='ocr_line' id='line_1_83' title="bbox 2098 3779 3663 3856; baseline 0.002 -21"><span class='ocrx_word' id='word_1_595' title='bbox 2098 3782 2226 3852; x_wconf 84' lang='grc' dir='ltr'>ἄρα,</span> <span class='ocrx_word' id='word_1_596' title='bbox 2291 3783 2421 3852; x_wconf 81' lang='grc' dir='ltr'>μιᾶς</span> <span class='ocrx_word' id='word_1_597' title='bbox 2470 3780 2636 3852; x_wconf 79' lang='grc' dir='ltr'>οὔσης</span> <span class='ocrx_word' id='word_1_598' title='bbox 2668 3781 2766 3851; x_wconf 82' lang='grc' dir='ltr'>τῆς</span> <span class='ocrx_word' id='word_1_599' title='bbox 2818 3779 3084 3844; x_wconf 87' lang='grc' dir='ltr'>διανοίας,</span> <span class='ocrx_word' id='word_1_600' title='bbox 3146 3782 3474 3852; x_wconf 70' lang='grc' dir='ltr'>συνημμένον.</span> <span class='ocrx_word' id='word_1_601' title='bbox 3531 3786 3663 3856; x_wconf 81' lang='grc' dir='ltr'>παρ’</span> 
     </span>
    </p>
   </div>
   <div class='ocr_carea' id='block_1_82' title="bbox 2109 3869 3533 3944">
    <p class='ocr_par' dir='ltr' id='par_1_82' title="bbox 2109 3869 3533 3944">
     <span class='ocr_line' id='line_1_84' title="bbox 2109 3869 3533 3944; baseline -0.001 -18"><span class='ocrx_word' id='word_1_602' title='bbox 2109 3871 2378 3944; x_wconf 84' lang='grc' dir='ltr'>Ἑϐραίοις</span> <span class='ocrx_word' id='word_1_603' title='bbox 2404 3873 2540 3927; x_wconf 73' lang='grc' dir='ltr'>είσὶν</span> <span class='ocrx_word' id='word_1_604' title='bbox 2561 3874 2609 3925; x_wconf 86' lang='grc' dir='ltr'>οἱ</span> <span class='ocrx_word' id='word_1_605' title='bbox 2635 3873 2729 3927; x_wconf 86' lang='grc' dir='ltr'>δύο</span> <span class='ocrx_word' id='word_1_606' title='bbox 2752 3872 2972 3944; x_wconf 76' lang='grc' dir='ltr'>ψαλμοί.</span> <span class='ocrx_word' id='word_1_607' title='bbox 3528 3869 3533 3877; x_wconf 88' lang='grc'><em>’</em></span> 
     </span>
    </p>
   </div>
   <div class='ocr_carea' id='block_1_83' title="bbox 2469 3987 3387 4044">
    <p class='ocr_par' dir='ltr' id='par_1_83' title="bbox 2469 3987 3387 4044">
     <span class='ocr_line' id='line_1_85' title="bbox 2469 3987 3387 4044; baseline 0 0"><span class='ocrx_word' id='word_1_608' title='bbox 2469 3989 2799 4044; x_wconf 81' lang='grc' dir='ltr'><strong>ΕΞΗΓΗΣΙΣ</strong></span> <span class='ocrx_word' id='word_1_609' title='bbox 2829 3990 2965 4044; x_wconf 87' lang='grc' dir='ltr'><strong>ΤΟΥ</strong></span> <span class='ocrx_word' id='word_1_610' title='bbox 2994 3989 3286 4044; x_wconf 79' lang='grc' dir='ltr'><strong>ΨΑΔΜΟΥ</strong></span> <span class='ocrx_word' id='word_1_611' title='bbox 3315 3987 3387 4044; x_wconf 70' lang='grc' dir='ltr'><strong>Γν.</strong></span> 
     </span>
    </p>
   </div>
   <div class='ocr_carea' id='block_1_84' title="bbox 2104 4079 3661 4152">
    <p class='ocr_par' dir='ltr' id='par_1_84' title="bbox 2104 4079 3661 4152">
     <span class='ocr_line' id='line_1_86' title="bbox 2104 4079 3661 4152; baseline -0.003 -15"><span class='ocrx_word' id='word_1_612' title='bbox 2104 4082 2349 4152; x_wconf 69' lang='grc' dir='ltr'>Ψαλμός</span> <span class='ocrx_word' id='word_1_613' title='bbox 2364 4081 2444 4149; x_wconf 81' lang='grc' dir='ltr'>τῷ</span> <span class='ocrx_word' id='word_1_614' title='bbox 2463 4081 2667 4148; x_wconf 82' lang='grc' dir='ltr'>Δαυῒδ,</span> <span class='ocrx_word' id='word_1_615' title='bbox 2690 4084 2871 4152; x_wconf 71' lang='grc' dir='ltr'>ὁπότε</span> <span class='ocrx_word' id='word_1_616' title='bbox 2896 4082 3332 4151; x_wconf 80' lang='grc' dir='ltr'>ἀπεδίδρασκεν</span> <span class='ocrx_word' id='word_1_617' title='bbox 3346 4079 3463 4152; x_wconf 57' lang='grc' dir='ltr'>ἀπὸ</span> <span class='ocrx_word' id='word_1_618' title='bbox 3484 4094 3661 4148; x_wconf 82' lang='grc' dir='ltr'>προσ-</span> 
     </span>
    </p>
   </div>
   <div class='ocr_carea' id='block_1_85' title="bbox 2327 4150 3423 4223">
    <p class='ocr_par' dir='ltr' id='par_1_85' title="bbox 2327 4150 3423 4223">
     <span class='ocr_line' id='line_1_87' title="bbox 2327 4150 3423 4223; baseline -0.003 -18"><span class='ocrx_word' id='word_1_619' title='bbox 2327 4152 2491 4207; x_wconf 82' lang='grc' dir='ltr'>ώπου</span> <span class='ocrx_word' id='word_1_620' title='bbox 2529 4150 2903 4223; x_wconf 70' lang='grc' dir='ltr'>Ἀϐεσσαλὼμ</span> <span class='ocrx_word' id='word_1_621' title='bbox 2926 4153 3029 4207; x_wconf 85' lang='grc' dir='ltr'><strong>τοῦ</strong></span> <span class='ocrx_word' id='word_1_622' title='bbox 3059 4150 3190 4206; x_wconf 84' lang='grc' dir='ltr'>υίοῦ</span> <span class='ocrx_word' id='word_1_623' title='bbox 3218 4150 3423 4205; x_wconf 85' lang='grc' dir='ltr'>αὐτοῦ.</span> 
     </span>
    </p>
   </div>
   <div class='ocr_carea' id='block_1_86' title="bbox 2179 4264 3657 4342">
    <p class='ocr_par' dir='ltr' id='par_1_86' title="bbox 2179 4264 3657 4342">
     <span class='ocr_line' id='line_1_88' title="bbox 2179 4264 3657 4342; baseline -0.006 -18"><span class='ocrx_word' id='word_1_624' title='bbox 2179 4269 2515 4340; x_wconf 83' lang='grc' dir='ltr'>Ἀναγκαίως</span> <span class='ocrx_word' id='word_1_625' title='bbox 2540 4269 2630 4323; x_wconf 81' lang='grc' dir='ltr'>τὸν</span> <span class='ocrx_word' id='word_1_626' title='bbox 2651 4268 2837 4342; x_wconf 81' lang='grc' dir='ltr'>καιρὸν</span> <span class='ocrx_word' id='word_1_627' title='bbox 2856 4267 3288 4340; x_wconf 84' lang='grc' dir='ltr'>ὲπισημειοῦται,</span> <span class='ocrx_word' id='word_1_628' title='bbox 3306 4265 3381 4328; x_wconf 86' lang='grc' dir='ltr'>ὡς</span> <span class='ocrx_word' id='word_1_629' title='bbox 3404 4264 3468 4318; x_wconf 85' lang='grc' dir='ltr'>ἂν</span> <span class='ocrx_word' id='word_1_630' title='bbox 3489 4265 3657 4335; x_wconf 77' lang='grc' dir='ltr'>ἐφαρ-</span> 
     </span>
    </p>
   </div>
   <div class='ocr_carea' id='block_1_87' title="bbox 2099 4351 3658 4434">
    <p class='ocr_par' dir='ltr' id='par_1_87' title="bbox 2099 4351 3658 4434">
     <span class='ocr_line' id='line_1_89' title="bbox 2099 4351 3658 4434; baseline -0.007 -18"><span class='ocrx_word' id='word_1_631' title='bbox 2099 4363 2253 4434; x_wconf 83' lang='grc' dir='ltr'>μόσοι</span> <span class='ocrx_word' id='word_1_632' title='bbox 2298 4361 2396 4432; x_wconf 87' lang='grc' dir='ltr'>μὲν</span> <span class='ocrx_word' id='word_1_633' title='bbox 2454 4364 2567 4424; x_wconf 82' lang='grc' dir='ltr'>τοῖς</span> <span class='ocrx_word' id='word_1_634' title='bbox 2621 4360 2929 4430; x_wconf 79' lang='grc' dir='ltr'>λεγομένοις</span> <span class='ocrx_word' id='word_1_635' title='bbox 2960 4359 3058 4430; x_wconf 83' lang='grc' dir='ltr'>τὴν</span> <span class='ocrx_word' id='word_1_636' title='bbox 3087 4356 3193 4410; x_wconf 85' lang='grc' dir='ltr'>ἀπὸ</span> <span class='ocrx_word' id='word_1_637' title='bbox 3221 4354 3329 4408; x_wconf 89' lang='grc' dir='ltr'><strong>τῶν</strong></span> <span class='ocrx_word' id='word_1_638' title='bbox 3369 4351 3658 4407; x_wconf 76' lang='grc' dir='ltr'>Βασιλειῶν</span> 
     </span>
    </p>
   </div>
   <div class='ocr_carea' id='block_1_88' title="bbox 438 4441 2006 4532">
    <p class='ocr_par' dir='ltr' id='par_1_88' title="bbox 438 4448 1999 4532">
     <span class='ocr_line' id='line_1_90' title="bbox 438 4448 1999 4532; baseline -0.01 -17"><span class='ocrx_word' id='word_1_639' title='bbox 438 4469 561 4532; x_wconf 85' lang='lat' dir='ltr'><strong>post</strong></span> <span class='ocrx_word' id='word_1_640' title='bbox 589 4458 886 4514; x_wconf 88' lang='lat' dir='ltr'><strong>admissum</strong></span> <span class='ocrx_word' id='word_1_641' title='bbox 921 4470 1044 4509; x_wconf 89' lang='lat' dir='ltr'><strong>cum</strong></span> <span class='ocrx_word' id='word_1_642' title='bbox 1079 4466 1252 4507; x_wconf 81' lang='lat' dir='ltr'><strong>uxore</strong></span> <span class='ocrx_word' id='word_1_643' title='bbox 1279 4448 1422 4504; x_wconf 47' lang='lat' dir='ltr'><strong>Uria:</strong></span> <span class='ocrx_word' id='word_1_644' title='bbox 1452 4455 1757 4518; x_wconf 85' lang='lat' dir='ltr'><strong>peccatum,</strong></span> <span class='ocrx_word' id='word_1_645' title='bbox 1791 4454 1999 4501; x_wconf 86' lang='lat' dir='ltr'><strong>tantum</strong></span> 
     </span>
    </p>
   </div>
   <div class='ocr_carea' id='block_1_89' title="bbox 2104 4441 3662 4532">
    <p class='ocr_par' dir='ltr' id='par_1_89' title="bbox 2110 4441 3662 4526">
     <span class='ocr_line' id='line_1_91' title="bbox 2110 4441 3662 4526; baseline -0.01 -17"><span class='ocrx_word' id='word_1_646' title='bbox 2110 4452 2368 4526; x_wconf 80' lang='grc' dir='ltr'>ἱστορίαν,</span> <span class='ocrx_word' id='word_1_647' title='bbox 2404 4452 2497 4506; x_wconf 78' lang='grc' dir='ltr'>καὶ</span> <span class='ocrx_word' id='word_1_648' title='bbox 2521 4451 2595 4515; x_wconf 86' lang='grc' dir='ltr'>ὼς</span> <span class='ocrx_word' id='word_1_649' title='bbox 2629 4450 2695 4513; x_wconf 82' lang='grc' dir='ltr'>ἂν</span> <span class='ocrx_word' id='word_1_650' title='bbox 2730 4449 3014 4521; x_wconf 88' lang='grc' dir='ltr'>μάθοιμεν,</span> <span class='ocrx_word' id='word_1_651' title='bbox 3038 4448 3139 4511; x_wconf 85' lang='grc' dir='ltr'>ὅτι,</span> <span class='ocrx_word' id='word_1_652' title='bbox 3177 4444 3313 4516; x_wconf 86' lang='grc' dir='ltr'><strong>μετά</strong></span> <span class='ocrx_word' id='word_1_653' title='bbox 3343 4444 3403 4497; x_wconf 85' lang='grc' dir='ltr'><strong>τὺ</strong></span> <span class='ocrx_word' id='word_1_654' title='bbox 3421 4441 3662 4514; x_wconf 76' lang='grc' dir='ltr'>ἐξαμαρ-</span> 
     </span>
    </p>
   </div>
   <div class='ocr_carea' id='block_1_90' title="bbox 439 4536 2004 4618">
    <p class='ocr_par' dir='ltr' id='par_1_90' title="bbox 439 4536 2004 4618">
     <span class='ocr_line' id='line_1_92' title="bbox 439 4536 2004 4618; baseline -0.01 -12"><span class='ocrx_word' id='word_1_655' title='bbox 439 4550 690 4606; x_wconf 88' lang='lat' dir='ltr'><strong>retulisse</strong></span> <span class='ocrx_word' id='word_1_656' title='bbox 721 4546 1054 4618; x_wconf 81' lang='lat' dir='ltr'><strong>poenitentia:</strong></span> <span class='ocrx_word' id='word_1_657' title='bbox 1084 4543 1344 4604; x_wconf 73' lang='lat' dir='ltr'><strong>fructum,</strong></span> <span class='ocrx_word' id='word_1_658' title='bbox 1378 4546 1437 4595; x_wconf 92' lang='lat' dir='ltr'><strong>ut</strong></span> <span class='ocrx_word' id='word_1_659' title='bbox 1464 4554 1680 4596; x_wconf 89' lang='lat' dir='ltr'><strong>rursum</strong></span> <span class='ocrx_word' id='word_1_660' title='bbox 1709 4536 1893 4592; x_wconf 84' lang='lat' dir='ltr'><strong>divino</strong></span> <span class='ocrx_word' id='word_1_661' title='bbox 1922 4536 2004 4591; x_wconf 84' lang='lat' dir='ltr'><strong>af—</strong></span> 
     </span>
    </p>
   </div>
   <div class='ocr_carea' id='block_1_91' title="bbox 439 4631 2001 4711">
    <p class='ocr_par' dir='ltr' id='par_1_91' title="bbox 439 4631 2001 4711">
     <span class='ocr_line' id='line_1_93' title="bbox 439 4631 2001 4711; baseline -0.009 -14"><span class='ocrx_word' id='word_1_662' title='bbox 439 4643 598 4697; x_wconf 82' lang='lat' dir='ltr'><strong>ﬂatus</strong></span> <span class='ocrx_word' id='word_1_663' title='bbox 629 4640 832 4711; x_wconf 87' lang='lat' dir='ltr'><strong>Spiritu</strong></span> <span class='ocrx_word' id='word_1_664' title='bbox 860 4638 1134 4709; x_wconf 80' lang='lat' dir='ltr'><strong>psalleret.</strong></span> <span class='ocrx_word' id='word_1_665' title='bbox 1165 4633 1461 4690; x_wconf 80' lang='lat' dir='ltr'><strong>Historiam</strong></span> <span class='ocrx_word' id='word_1_666' title='bbox 1491 4632 1635 4686; x_wconf 90' lang='lat' dir='ltr'><strong>enim</strong></span> <span class='ocrx_word' id='word_1_667' title='bbox 1658 4645 1778 4701; x_wconf 64' lang='lat' dir='ltr'><strong>quae</strong></span> <span class='ocrx_word' id='word_1_668' title='bbox 1804 4644 1917 4685; x_wconf 88' lang='lat' dir='ltr'><strong>rem</strong></span> <span class='ocrx_word' id='word_1_669' title='bbox 1947 4631 2001 4684; x_wconf 92' lang='lat' dir='ltr'><strong>in</strong></span> 
     </span>
    </p>
   </div>
   <div class='ocr_carea' id='block_1_92' title="bbox 442 4721 1999 4803">
    <p class='ocr_par' dir='ltr' id='par_1_92' title="bbox 442 4721 1999 4803">
     <span class='ocr_line' id='line_1_94' title="bbox 442 4721 1999 4803; baseline -0.008 -15"><span class='ocrx_word' id='word_1_670' title='bbox 442 4733 626 4789; x_wconf 87' lang='lat' dir='ltr'><strong>Uriam</strong></span> <span class='ocrx_word' id='word_1_671' title='bbox 655 4738 862 4803; x_wconf 77' lang='lat' dir='ltr'><strong>gestam</strong></span> <span class='ocrx_word' id='word_1_672' title='bbox 906 4728 1152 4799; x_wconf 88' lang='lat' dir='ltr'><strong>respicit,</strong></span> <span class='ocrx_word' id='word_1_673' title='bbox 1181 4724 1535 4794; x_wconf 87' lang='lat' dir='ltr'><strong>consequitur</strong></span> <span class='ocrx_word' id='word_1_674' title='bbox 1572 4721 1796 4777; x_wconf 88' lang='lat' dir='ltr'><strong>rebellio</strong></span> <span class='ocrx_word' id='word_1_675' title='bbox 1823 4721 1999 4776; x_wconf 82' lang='lat' dir='ltr'><strong>Absa-</strong></span> 
     </span>
    </p>
   </div>
   <div class='ocr_carea' id='block_1_93' title="bbox 440 4806 2002 4895">
    <p class='ocr_par' dir='ltr' id='par_1_93' title="bbox 440 4806 2002 4895">
     <span class='ocr_line' id='line_1_95' title="bbox 440 4806 2002 4895; baseline -0.01 -11"><span class='ocrx_word' id='word_1_676' title='bbox 440 4828 582 4884; x_wconf 86' lang='lat' dir='ltr'><strong>Ionis</strong></span> <span class='ocrx_word' id='word_1_677' title='bbox 613 4825 669 4880; x_wconf 90' lang='lat' dir='ltr'><strong>in</strong></span> <span class='ocrx_word' id='word_1_678' title='bbox 700 4834 927 4895; x_wconf 88' lang='lat' dir='ltr'><strong>patrem.</strong></span> <span class='ocrx_word' id='word_1_679' title='bbox 964 4819 1090 4875; x_wconf 85' lang='lat' dir='ltr'><strong>lude</strong></span> <span class='ocrx_word' id='word_1_680' title='bbox 1131 4818 1276 4873; x_wconf 91' lang='lat' dir='ltr'><strong>enim</strong></span> <span class='ocrx_word' id='word_1_681' title='bbox 1306 4816 1376 4870; x_wconf 87' lang='lat' dir='ltr'><strong>ab</strong></span> <span class='ocrx_word' id='word_1_682' title='bbox 1408 4815 1530 4870; x_wconf 89' lang='lat' dir='ltr'><strong>aliis</strong></span> <span class='ocrx_word' id='word_1_683' title='bbox 1568 4806 1871 4883; x_wconf 78' lang='lat' dir='ltr'><strong>exemplum</strong></span> <span class='ocrx_word' id='word_1_684' title='bbox 1907 4829 2002 4869; x_wconf 88' lang='lat' dir='ltr'><strong>su-</strong></span> 
     </span>
    </p>
   </div>
   <div class='ocr_carea' id='block_1_94' title="bbox 440 4905 1999 4985">
    <p class='ocr_par' dir='ltr' id='par_1_94' title="bbox 440 4905 1999 4985">
     <span class='ocr_line' id='line_1_96' title="bbox 440 4905 1999 4985; baseline -0.01 -10"><span class='ocrx_word' id='word_1_685' title='bbox 440 4928 621 4975; x_wconf 88' lang='lat' dir='ltr'><strong>matur</strong></span> <span class='ocrx_word' id='word_1_686' title='bbox 659 4914 1068 4985; x_wconf 68' lang='lat' dir='ltr'><strong>resipiscentiaa,</strong></span> <span class='ocrx_word' id='word_1_687' title='bbox 1101 4919 1265 4981; x_wconf 87' lang='lat' dir='ltr'><strong>atque</strong></span> <span class='ocrx_word' id='word_1_688' title='bbox 1312 4905 1626 4962; x_wconf 85' lang='lat' dir='ltr'><strong>mutationis</strong></span> <span class='ocrx_word' id='word_1_689' title='bbox 1674 4920 1705 4958; x_wconf 89' lang='lat' dir='ltr'><strong>a</strong></span> <span class='ocrx_word' id='word_1_690' title='bbox 1752 4905 1999 4975; x_wconf 85' lang='lat' dir='ltr'><strong>pristinis</strong></span> 
     </span>
    </p>
   </div>
   <div class='ocr_carea' id='block_1_95' title="bbox 441 4996 1999 5074">
    <p class='ocr_par' dir='ltr' id='par_1_95' title="bbox 441 4996 1999 5074">
     <span class='ocr_line' id='line_1_97' title="bbox 441 4996 1999 5074; baseline -0.013 -4"><span class='ocrx_word' id='word_1_691' title='bbox 441 5013 600 5070; x_wconf 89' lang='lat' dir='ltr'><strong>malis</strong></span> <span class='ocrx_word' id='word_1_692' title='bbox 631 5011 685 5066; x_wconf 92' lang='lat' dir='ltr'><strong>iu</strong></span> <span class='ocrx_word' id='word_1_693' title='bbox 714 5008 992 5063; x_wconf 86' lang='lat' dir='ltr'><strong>meliorem</strong></span> <span class='ocrx_word' id='word_1_694' title='bbox 1018 5004 1265 5074; x_wconf 76' lang='lat' dir='ltr'><strong>frugem;</strong></span> <span class='ocrx_word' id='word_1_695' title='bbox 1294 4999 1652 5067; x_wconf 85' lang='lat' dir='ltr'><strong>doctrinaque</strong></span> <span class='ocrx_word' id='word_1_696' title='bbox 1680 4996 1869 5051; x_wconf 68' lang='lat' dir='ltr'><strong>istbaec</strong></span> <span class='ocrx_word' id='word_1_697' title='bbox 1896 4997 1999 5051; x_wconf 88' lang='lat' dir='ltr'><strong>erit</strong></span> 
     </span>
    </p>
   </div>
   <div class='ocr_carea' id='block_1_96' title="bbox 442 5088 2000 5164">
    <p class='ocr_par' dir='ltr' id='par_1_96' title="bbox 442 5088 2000 5164">
     <span class='ocr_line' id='line_1_98' title="bbox 442 5088 2000 5164; baseline -0.013 -1"><span class='ocrx_word' id='word_1_698' title='bbox 442 5109 665 5164; x_wconf 62' lang='lat' dir='ltr'><strong>sincerae</strong></span> <span class='ocrx_word' id='word_1_699' title='bbox 696 5102 763 5157; x_wconf 86' lang='lat' dir='ltr'><strong>ad</strong></span> <span class='ocrx_word' id='word_1_700' title='bbox 795 5101 962 5156; x_wconf 84' lang='lat' dir='ltr'><strong>Deum</strong></span> <span class='ocrx_word' id='word_1_701' title='bbox 998 5094 1396 5153; x_wconf 84' lang='lat' dir='ltr'><strong>conversionis.</strong></span> <span class='ocrx_word' id='word_1_702' title='bbox 1438 5092 1693 5160; x_wconf 87' lang='lat' dir='ltr'><strong>Aliasque</strong></span> <span class='ocrx_word' id='word_1_703' title='bbox 1723 5088 2000 5159; x_wconf 89' lang='lat' dir='ltr'><strong>proprium</strong></span> 
     </span>
    </p>
   </div>
   <div class='ocr_carea' id='block_1_97' title="bbox 436 5179 2005 5269">
    <p class='ocr_par' dir='ltr' id='par_1_97' title="bbox 436 5179 2005 5269">
     <span class='ocr_line' id='line_1_99' title="bbox 436 5179 2005 5269; baseline -0.013 -16"><span class='ocrx_word' id='word_1_704' title='bbox 436 5198 708 5269; x_wconf 84' lang='lat' dir='ltr'><strong>justorum</strong></span> <span class='ocrx_word' id='word_1_705' title='bbox 736 5199 821 5248; x_wconf 90' lang='lat' dir='ltr'><strong>est</strong></span> <span class='ocrx_word' id='word_1_706' title='bbox 848 5188 1108 5246; x_wconf 65' lang='lat' dir='ltr'><strong>aerumnis</strong></span> <span class='ocrx_word' id='word_1_707' title='bbox 1135 5185 1304 5253; x_wconf 74' lang='lat' dir='ltr'><strong>allici;</strong></span> <span class='ocrx_word' id='word_1_708' title='bbox 1328 5182 1679 5255; x_wconf 88' lang='lat' dir='ltr'><strong>quamobrem</strong></span> <span class='ocrx_word' id='word_1_709' title='bbox 1711 5180 1789 5235; x_wconf 91' lang='lat' dir='ltr'><strong>ait</strong></span> <span class='ocrx_word' id='word_1_710' title='bbox 1816 5179 2005 5234; x_wconf 81' lang='lat' dir='ltr'><strong>Salva-</strong></span> 
     </span>
    </p>
   </div>
   <div class='ocr_carea' id='block_1_98' title="bbox 443 5276 2002 5351">
    <p class='ocr_par' dir='ltr' id='par_1_98' title="bbox 443 5276 2002 5351">
     <span class='ocr_line' id='line_1_100' title="bbox 443 5276 2002 5351; baseline -0.012 -5"><span class='ocrx_word' id='word_1_711' title='bbox 443 5299 530 5345; x_wconf 89' lang='lat' dir='ltr'><strong>tor</strong></span> <span class='ocrx_word' id='word_1_712' title='bbox 562 5309 576 5344; x_wconf 89' lang='lat'><strong>:</strong></span> <span class='ocrx_word' id='word_1_713' title='bbox 617 5287 680 5342; x_wconf 83' lang='lat' dir='ltr'><strong>In</strong></span> <span class='ocrx_word' id='word_1_714' title='bbox 715 5283 906 5340; x_wconf 87' lang='lat' dir='ltr'><strong>mundo</strong></span> <span class='ocrx_word' id='word_1_715' title='bbox 953 5296 1255 5351; x_wconf 87' lang='lat' dir='ltr'><strong>pressuram</strong></span> <span class='ocrx_word' id='word_1_716' title='bbox 1301 5276 1559 5332; x_wconf 81' lang='lat' dir='ltr'><strong>habebitis</strong></span> <span class='ocrx_word' id='word_1_717' title='bbox 1580 5276 1656 5336; x_wconf 81' lang='grc'><strong>¹¹;</strong></span> <span class='ocrx_word' id='word_1_718' title='bbox 1689 5283 1738 5329; x_wconf 87' lang='lat' dir='ltr'><strong>et</strong></span> <span class='ocrx_word' id='word_1_719' title='bbox 1778 5284 2002 5346; x_wconf 87' lang='lat' dir='ltr'><strong>angusta</strong></span> 
     </span>
    </p>
   </div>
   <div class='ocr_carea' id='block_1_99' title="bbox 438 5370 1546 5445">
    <p class='ocr_par' dir='ltr' id='par_1_99' title="bbox 438 5370 1546 5445">
     <span class='ocr_line' id='line_1_101' title="bbox 438 5370 1546 5445; baseline -0.017 -6"><span class='ocrx_word' id='word_1_720' title='bbox 438 5392 491 5440; x_wconf 89' lang='lat' dir='ltr'><strong>et</strong></span> <span class='ocrx_word' id='word_1_721' title='bbox 515 5390 663 5437; x_wconf 84' lang='lat' dir='ltr'><strong>arcta</strong></span> <span class='ocrx_word' id='word_1_722' title='bbox 690 5379 774 5434; x_wconf 80' lang='lat' dir='ltr'><strong>via</strong></span> <span class='ocrx_word' id='word_1_723' title='bbox 793 5385 871 5432; x_wconf 87' lang='lat' dir='ltr'><strong>est</strong></span> <span class='ocrx_word' id='word_1_724' title='bbox 897 5391 1011 5445; x_wconf 77' lang='lat' dir='ltr'><strong>qua:</strong></span> <span class='ocrx_word' id='word_1_725' title='bbox 1030 5372 1175 5427; x_wconf 84' lang='lat' dir='ltr'><strong>ducit</strong></span> <span class='ocrx_word' id='word_1_726' title='bbox 1203 5370 1272 5425; x_wconf 91' lang='lat' dir='ltr'><strong>ad</strong></span> <span class='ocrx_word' id='word_1_727' title='bbox 1298 5370 1546 5425; x_wconf 57' lang='lat' dir='ltr'><strong>vitamo”.</strong></span> 
     </span>
    </p>
   </div>
   <div class='ocr_carea' id='block_1_100' title="bbox 513 5456 1998 5534">
    <p class='ocr_par' dir='ltr' id='par_1_100' title="bbox 513 5456 1998 5534">
     <span class='ocr_line' id='line_1_102' title="bbox 513 5456 1998 5534; baseline -0.013 -7"><span class='ocrx_word' id='word_1_728' title='bbox 513 5472 678 5528; x_wconf 71' lang='lat' dir='ltr'><strong>Vens.</strong></span> <span class='ocrx_word' id='word_1_729' title='bbox 731 5468 848 5524; x_wconf 69' lang='grc'><strong>2-6.</strong></span> <span class='ocrx_word' id='word_1_730' title='bbox 888 5465 1131 5529; x_wconf 81' lang='lat' dir='ltr'><strong>Domine,</strong></span> <span class='ocrx_word' id='word_1_731' title='bbox 1177 5461 1301 5534; x_wconf 89' lang='lat' dir='ltr'><strong>quid</strong></span> <span class='ocrx_word' id='word_1_732' title='bbox 1350 5459 1687 5527; x_wconf 84' lang='lat' dir='ltr'><strong>multiplicati</strong></span> <span class='ocrx_word' id='word_1_733' title='bbox 1734 5466 1854 5512; x_wconf 87' lang='lat' dir='ltr'><strong>sunt</strong></span> <span class='ocrx_word' id='word_1_734' title='bbox 1909 5456 1998 5525; x_wconf 89' lang='lat' dir='ltr'><strong>qui</strong></span> 
     </span>
    </p>
   </div>
   <div class='ocr_carea' id='block_1_101' title="bbox 444 5545 1998 5625">
    <p class='ocr_par' dir='ltr' id='par_1_101' title="bbox 444 5545 1998 5625">
     <span class='ocr_line' id='line_1_103' title="bbox 444 5545 1998 5625; baseline -0.012 -7"><span class='ocrx_word' id='word_1_735' title='bbox 444 5562 699 5618; x_wconf 74' lang='lat' dir='ltr'><strong>tribulam</strong></span> <span class='ocrx_word' id='word_1_736' title='bbox 740 5560 861 5615; x_wconf 82' lang='lat' dir='ltr'><strong>me?</strong></span> <span class='ocrx_word' id='word_1_737' title='bbox 893 5557 1046 5611; x_wconf 87' lang='lat' dir='ltr'><strong>multi</strong></span> <span class='ocrx_word' id='word_1_738' title='bbox 1085 5558 1360 5625; x_wconf 84' lang='lat' dir='ltr'><strong>insurgunt</strong></span> <span class='ocrx_word' id='word_1_739' title='bbox 1393 5551 1668 5606; x_wconf 85' lang='lat' dir='ltr'><strong>adversum</strong></span> <span class='ocrx_word' id='word_1_740' title='bbox 1697 5564 1794 5603; x_wconf 86' lang='lat' dir='ltr'><strong>me.</strong></span> <span class='ocrx_word' id='word_1_741' title='bbox 1838 5545 1998 5600; x_wconf 81' lang='lat' dir='ltr'><strong>Multi</strong></span> 
     </span>
    </p>
   </div>
   <div class='ocr_carea' id='block_1_102' title="bbox 515 5746 1589 5824">
    <p class='ocr_par' dir='ltr' id='par_1_102' title="bbox 515 5746 1589 5824">
     <span class='ocr_line' id='line_1_104' title="bbox 515 5746 1589 5824; baseline -0.014 -8"><span class='ocrx_word' id='word_1_742' title='bbox 515 5763 557 5794; x_wconf 74' lang='grc' dir='ltr'>λ’</span> <span class='ocrx_word' id='word_1_743' title='bbox 595 5759 790 5816; x_wconf 76' lang='lat' dir='ltr'><strong>Jerem.</strong></span> <span class='ocrx_word' id='word_1_744' title='bbox 826 5770 990 5824; x_wconf 75' lang='lat' dir='ltr'><strong>xvui,</strong></span> <span class='ocrx_word' id='word_1_745' title='bbox 1021 5754 1073 5810; x_wconf 89' lang='lat'><strong>6.</strong></span> <span class='ocrx_word' id='word_1_746' title='bbox 1152 5752 1197 5784; x_wconf 83' lang='lat'><strong>&#39;°</strong></span> <span class='ocrx_word' id='word_1_747' title='bbox 1237 5747 1395 5807; x_wconf 75' lang='lat' dir='ltr'><strong>Rom.</strong></span> <span class='ocrx_word' id='word_1_748' title='bbox 1430 5762 1501 5813; x_wconf 88' lang='grc' dir='ltr'><strong>ιι,</strong></span> <span class='ocrx_word' id='word_1_749' title='bbox 1538 5746 1589 5802; x_wconf 79' lang='lat'><strong>5.</strong></span> 
     </span>
    </p>
   </div>
   <div class='ocr_carea' id='block_1_103' title="bbox 2103 4534 3658 4616">
    <p class='ocr_par' dir='ltr' id='par_1_103' title="bbox 2103 4534 3658 4616">
     <span class='ocr_line' id='line_1_105' title="bbox 2103 4534 3658 4616; baseline -0.009 -16"><span class='ocrx_word' id='word_1_750' title='bbox 2103 4546 2263 4616; x_wconf 81' lang='grc' dir='ltr'>τῆσαι</span> <span class='ocrx_word' id='word_1_751' title='bbox 2289 4546 2368 4608; x_wconf 78' lang='grc' dir='ltr'>εἰς</span> <span class='ocrx_word' id='word_1_752' title='bbox 2397 4545 2498 4616; x_wconf 83' lang='grc' dir='ltr'>τὴν</span> <span class='ocrx_word' id='word_1_753' title='bbox 2528 4541 2622 4596; x_wconf 89' lang='grc' dir='ltr'><strong>τοῦ</strong></span> <span class='ocrx_word' id='word_1_754' title='bbox 2654 4542 2869 4614; x_wconf 75' lang='grc' dir='ltr'>Οὐρίου,</span> <span class='ocrx_word' id='word_1_755' title='bbox 2892 4538 3136 4593; x_wconf 85' lang='grc' dir='ltr'>τοσοῦτον</span> <span class='ocrx_word' id='word_1_756' title='bbox 3173 4534 3521 4607; x_wconf 86' lang='grc' dir='ltr'>είσηνέγκατο</span> <span class='ocrx_word' id='word_1_757' title='bbox 3561 4553 3658 4606; x_wconf 87' lang='grc' dir='ltr'>με-</span> 
     </span>
    </p>
   </div>
   <div class='ocr_carea' id='block_1_104' title="bbox 2101 4624 3657 4708">
    <p class='ocr_par' dir='ltr' id='par_1_104' title="bbox 2101 4624 3657 4708">
     <span class='ocr_line' id='line_1_106' title="bbox 2101 4624 3657 4708; baseline -0.006 -17"><span class='ocrx_word' id='word_1_758' title='bbox 2101 4637 2318 4700; x_wconf 86' lang='grc' dir='ltr'>τανοίας</span> <span class='ocrx_word' id='word_1_759' title='bbox 2350 4635 2580 4708; x_wconf 82' lang='grc' dir='ltr'>καρπὸν,</span> <span class='ocrx_word' id='word_1_760' title='bbox 2611 4635 2686 4696; x_wconf 88' lang='grc' dir='ltr'>ὼς</span> <span class='ocrx_word' id='word_1_761' title='bbox 2705 4632 2863 4685; x_wconf 82' lang='grc' dir='ltr'>πάλιν</span> <span class='ocrx_word' id='word_1_762' title='bbox 2887 4632 2945 4683; x_wconf 84' lang='grc' dir='ltr'>ὲν</span> <span class='ocrx_word' id='word_1_763' title='bbox 2973 4628 3101 4698; x_wconf 82' lang='grc' dir='ltr'>θείῳ</span> <span class='ocrx_word' id='word_1_764' title='bbox 3120 4625 3392 4697; x_wconf 86' lang='grc' dir='ltr'>Πνεύματι</span> <span class='ocrx_word' id='word_1_765' title='bbox 3416 4624 3657 4696; x_wconf 76' lang='grc' dir='ltr'>ψάλλειν.</span> 
     </span>
    </p>
   </div>
   <div class='ocr_carea' id='block_1_105' title="bbox 2105 4716 3660 4798">
    <p class='ocr_par' dir='ltr' id='par_1_105' title="bbox 2105 4716 3660 4798">
     <span class='ocr_line' id='line_1_107' title="bbox 2105 4716 3660 4798; baseline -0.009 -14"><span class='ocrx_word' id='word_1_766' title='bbox 2105 4730 2334 4783; x_wconf 87' lang='grc' dir='ltr'>’Έπεται</span> <span class='ocrx_word' id='word_1_767' title='bbox 2353 4727 2462 4798; x_wconf 86' lang='grc' dir='ltr'><strong>γὰρ</strong></span> <span class='ocrx_word' id='word_1_768' title='bbox 2488 4730 2554 4798; x_wconf 79' lang='grc' dir='ltr'>τῇ</span> <span class='ocrx_word' id='word_1_769' title='bbox 2575 4724 2715 4779; x_wconf 86' lang='grc' dir='ltr'><strong>κατά</strong></span> <span class='ocrx_word' id='word_1_770' title='bbox 2731 4722 2821 4776; x_wconf 84' lang='grc' dir='ltr'>τὸν</span> <span class='ocrx_word' id='word_1_771' title='bbox 2843 4722 2915 4776; x_wconf 85' lang='grc' dir='ltr'><strong>Οὐ</strong></span> <span class='ocrx_word' id='word_1_772' title='bbox 2925 4720 3039 4793; x_wconf 86' lang='grc' dir='ltr'>ρίαν</span> <span class='ocrx_word' id='word_1_773' title='bbox 3070 4719 3323 4791; x_wconf 75' lang='grc' dir='ltr'>ἱστορίᾳή</span> <span class='ocrx_word' id='word_1_774' title='bbox 3357 4717 3449 4771; x_wconf 89' lang='grc' dir='ltr'><strong>τοῦ</strong></span> <span class='ocrx_word' id='word_1_775' title='bbox 3477 4716 3660 4770; x_wconf 82' lang='grc' dir='ltr'>’Δϐεσ-</span> 
     </span>
    </p>
   </div>
   <div class='ocr_carea' id='block_1_106' title="bbox 2102 4808 3658 4892">
    <p class='ocr_par' dir='ltr' id='par_1_106' title="bbox 2102 4808 3658 4892">
     <span class='ocr_line' id='line_1_108' title="bbox 2102 4808 3658 4892; baseline -0.01 -16"><span class='ocrx_word' id='word_1_776' title='bbox 2102 4820 2295 4892; x_wconf 86' lang='grc' dir='ltr'>σαλὼμ</span> <span class='ocrx_word' id='word_1_777' title='bbox 2326 4818 2466 4873; x_wconf 85' lang='grc' dir='ltr'><strong>κατά</strong></span> <span class='ocrx_word' id='word_1_778' title='bbox 2496 4816 2590 4871; x_wconf 86' lang='grc' dir='ltr'><strong>τοῦ</strong></span> <span class='ocrx_word' id='word_1_779' title='bbox 2624 4814 2830 4885; x_wconf 87' lang='grc' dir='ltr'>πατρὸς</span> <span class='ocrx_word' id='word_1_780' title='bbox 2854 4811 3235 4874; x_wconf 72' lang='grc' dir='ltr'>ἐπανάστασις.</span> <span class='ocrx_word' id='word_1_781' title='bbox 3281 4809 3493 4863; x_wconf 81' lang='grc' dir='ltr'>Γένοιτο</span> <span class='ocrx_word' id='word_1_782' title='bbox 3521 4808 3566 4862; x_wconf 82' lang='grc' dir='ltr'>δ’</span> <span class='ocrx_word' id='word_1_783' title='bbox 3592 4809 3658 4863; x_wconf 84' lang='grc' dir='ltr'>ἂν</span> 
     </span>
    </p>
   </div>
   <div class='ocr_carea' id='block_1_107' title="bbox 2101 4894 3658 4977">
    <p class='ocr_par' dir='ltr' id='par_1_107' title="bbox 2101 4894 3658 4977">
     <span class='ocr_line' id='line_1_109' title="bbox 2101 4894 3658 4977; baseline -0.008 -14"><span class='ocrx_word' id='word_1_784' title='bbox 2101 4912 2165 4963; x_wconf 83' lang='grc' dir='ltr'>ὲκ</span> <span class='ocrx_word' id='word_1_785' title='bbox 2188 4907 2391 4962; x_wconf 85' lang='grc' dir='ltr'>τούτων</span> <span class='ocrx_word' id='word_1_786' title='bbox 2425 4894 2516 4960; x_wconf 56' lang='grc' dir='ltr'>καὶ</span> <span class='ocrx_word' id='word_1_787' title='bbox 2547 4904 2752 4977; x_wconf 80' lang='grc' dir='ltr'>ἑτέροις</span> <span class='ocrx_word' id='word_1_788' title='bbox 2792 4901 2964 4974; x_wconf 87' lang='grc' dir='ltr'>τροπὴ</span> <span class='ocrx_word' id='word_1_789' title='bbox 2991 4901 3087 4973; x_wconf 85' lang='grc' dir='ltr'>τῆς</span> <span class='ocrx_word' id='word_1_790' title='bbox 3113 4898 3220 4953; x_wconf 85' lang='grc' dir='ltr'><strong>ἀπὺ</strong></span> <span class='ocrx_word' id='word_1_791' title='bbox 3253 4898 3529 4971; x_wconf 78' lang='grc' dir='ltr'>προτέρων</span> <span class='ocrx_word' id='word_1_792' title='bbox 3563 4915 3658 4951; x_wconf 84' lang='grc' dir='ltr'>κα-</span> 
     </span>
    </p>
   </div>
   <div class='ocr_carea' id='block_1_108' title="bbox 2100 4988 3658 5068">
    <p class='ocr_par' dir='ltr' id='par_1_108' title="bbox 2100 4988 3658 5068">
     <span class='ocr_line' id='line_1_110' title="bbox 2100 4988 3658 5068; baseline -0.01 -15"><span class='ocrx_word' id='word_1_793' title='bbox 2100 4997 2210 5052; x_wconf 86' lang='grc' dir='ltr'><strong>κῶν</strong></span> <span class='ocrx_word' id='word_1_794' title='bbox 2232 4998 2324 5050; x_wconf 72' lang='grc' dir='ltr'><strong>ὲπὶ</strong></span> <span class='ocrx_word' id='word_1_795' title='bbox 2352 4995 2419 5049; x_wconf 81' lang='grc' dir='ltr'><strong>τὰ</strong></span> <span class='ocrx_word' id='word_1_796' title='bbox 2447 4995 2677 5068; x_wconf 88' lang='grc' dir='ltr'>κρείττω</span> <span class='ocrx_word' id='word_1_797' title='bbox 2708 4990 3037 5064; x_wconf 80' lang='grc' dir='ltr'>μεταϐολῆς,</span> <span class='ocrx_word' id='word_1_798' title='bbox 3076 4988 3390 5043; x_wconf 82' lang='grc' dir='ltr'>διδασκαλία</span> <span class='ocrx_word' id='word_1_799' title='bbox 3418 5005 3477 5041; x_wconf 85' lang='grc' dir='ltr'><strong>τε</strong></span> <span class='ocrx_word' id='word_1_800' title='bbox 3524 5004 3658 5059; x_wconf 80' lang='grc' dir='ltr'>γνη-</span> 
     </span>
    </p>
   </div>
   <div class='ocr_carea' id='block_1_109' title="bbox 2102 5079 3658 5159">
    <p class='ocr_par' dir='ltr' id='par_1_109' title="bbox 2102 5079 3658 5159">
     <span class='ocr_line' id='line_1_111' title="bbox 2102 5079 3658 5159; baseline -0.007 -17"><span class='ocrx_word' id='word_1_801' title='bbox 2102 5089 2220 5152; x_wconf 87' lang='grc' dir='ltr'>σίας</span> <span class='ocrx_word' id='word_1_802' title='bbox 2246 5087 2381 5159; x_wconf 79' lang='grc' dir='ltr'>πρδς</span> <span class='ocrx_word' id='word_1_803' title='bbox 2412 5088 2504 5141; x_wconf 84' lang='grc' dir='ltr'>τὸν</span> <span class='ocrx_word' id='word_1_804' title='bbox 2534 5086 2664 5140; x_wconf 82' lang='grc' dir='ltr'>Θεὸν</span> <span class='ocrx_word' id='word_1_805' title='bbox 2689 5082 3042 5155; x_wconf 79' lang='grc' dir='ltr'>ἐπιστροφῆς.</span> <span class='ocrx_word' id='word_1_806' title='bbox 3088 5083 3197 5135; x_wconf 73' lang='grc' dir='ltr'><strong>Καὶ</strong></span> <span class='ocrx_word' id='word_1_807' title='bbox 3229 5080 3403 5144; x_wconf 80' lang='grc' dir='ltr'>ἄλλως</span> <span class='ocrx_word' id='word_1_808' title='bbox 3434 5079 3489 5133; x_wconf 81' lang='grc' dir='ltr'>δὲ</span> <span class='ocrx_word' id='word_1_809' title='bbox 3527 5079 3658 5132; x_wconf 80' lang='grc' dir='ltr'>ἴδιον</span> 
     </span>
    </p>
   </div>
   <div class='ocr_carea' id='block_1_110' title="bbox 2100 5174 3653 5245">
    <p class='ocr_par' dir='ltr' id='par_1_110' title="bbox 2100 5174 3653 5245">
     <span class='ocr_line' id='line_1_112' title="bbox 2100 5174 3653 5245; baseline -0.006 -12"><span class='ocrx_word' id='word_1_810' title='bbox 2100 5178 2318 5233; x_wconf 83' lang='grc' dir='ltr'>δικαίων</span> <span class='ocrx_word' id='word_1_811' title='bbox 2359 5179 2474 5231; x_wconf 71' lang='grc' dir='ltr'>ἐστὶ</span> <span class='ocrx_word' id='word_1_812' title='bbox 2519 5177 2581 5230; x_wconf 83' lang='grc' dir='ltr'>τὸ</span> <span class='ocrx_word' id='word_1_813' title='bbox 2618 5174 2924 5229; x_wconf 87' lang='grc' dir='ltr'>θλίϐεσθαι·</span> <span class='ocrx_word' id='word_1_814' title='bbox 2956 5174 3036 5228; x_wconf 77' lang='grc' dir='ltr'>διὸ</span> <span class='ocrx_word' id='word_1_815' title='bbox 3065 5175 3159 5228; x_wconf 78' lang='grc' dir='ltr'>καὶ</span> <span class='ocrx_word' id='word_1_816' title='bbox 3179 5174 3207 5227; x_wconf 85' lang='grc' dir='ltr'><strong>ό</strong></span> <span class='ocrx_word' id='word_1_817' title='bbox 3238 5174 3427 5245; x_wconf 84' lang='grc' dir='ltr'>Σωτήρ</span> <span class='ocrx_word' id='word_1_818' title='bbox 3460 5187 3653 5241; x_wconf 82' lang='grc' dir='ltr'>φησιν·</span> 
     </span>
    </p>
   </div>
   <div class='ocr_carea' id='block_1_111' title="bbox 2115 5252 3660 5337">
    <p class='ocr_par' dir='ltr' id='par_1_111' title="bbox 2115 5252 3660 5337">
     <span class='ocr_line' id='line_1_113' title="bbox 2115 5252 3660 5337; baseline -0.008 -13"><span class='ocrx_word' id='word_1_819' title='bbox 2115 5270 2216 5325; x_wconf 85' lang='grc' dir='ltr'>Ἐν</span> <span class='ocrx_word' id='word_1_820' title='bbox 2236 5268 2316 5334; x_wconf 83' lang='grc' dir='ltr'>τῷ</span> <span class='ocrx_word' id='word_1_821' title='bbox 2346 5268 2550 5337; x_wconf 81' lang='grc' dir='ltr'>κόσμῳ</span> <span class='ocrx_word' id='word_1_822' title='bbox 2573 5266 2783 5334; x_wconf 76' lang='grc' dir='ltr'>θλίψιν</span> <span class='ocrx_word' id='word_1_823' title='bbox 2826 5252 3023 5334; x_wconf 57' lang='grc' dir='ltr'>ἔχετε·</span> <span class='ocrx_word' id='word_1_824' title='bbox 3057 5263 3156 5317; x_wconf 81' lang='grc' dir='ltr'>καὶ</span> <span class='ocrx_word' id='word_1_825' title='bbox 3184 5261 3370 5329; x_wconf 81' lang='grc' dir='ltr'>στενὴ</span> <span class='ocrx_word' id='word_1_826' title='bbox 3423 5260 3521 5313; x_wconf 82' lang='grc' dir='ltr'>καὶ</span> <span class='ocrx_word' id='word_1_827' title='bbox 3569 5275 3660 5313; x_wconf 78' lang='grc' dir='ltr'>τε·</span> 
     </span>
    </p>
   </div>
   <div class='ocr_carea' id='block_1_112' title="bbox 2105 5348 3655 5429">
    <p class='ocr_par' dir='ltr' id='par_1_112' title="bbox 2105 5348 3655 5429">
     <span class='ocr_line' id='line_1_114' title="bbox 2105 5348 3655 5429; baseline -0.008 -13"><span class='ocrx_word' id='word_1_828' title='bbox 2105 5358 2394 5429; x_wconf 73' lang='grc' dir='ltr'>θλιμμένη</span> <span class='ocrx_word' id='word_1_829' title='bbox 2421 5357 2592 5411; x_wconf 77' lang='grc' dir='ltr'>ἐστίν</span> <span class='ocrx_word' id='word_1_830' title='bbox 2612 5357 2650 5425; x_wconf 71' lang='grc' dir='ltr'>ἡ</span> <span class='ocrx_word' id='word_1_831' title='bbox 2682 5353 2821 5422; x_wconf 81' lang='grc' dir='ltr'>ὁδὸς</span> <span class='ocrx_word' id='word_1_832' title='bbox 2839 5356 2877 5424; x_wconf 78' lang='grc' dir='ltr'><strong><em>ἡ</em></strong></span> <span class='ocrx_word' id='word_1_833' title='bbox 2900 5353 3219 5424; x_wconf 79' lang='grc' dir='ltr'>ἀπάγουσα</span> <span class='ocrx_word' id='word_1_834' title='bbox 3243 5354 3329 5418; x_wconf 81' lang='grc' dir='ltr'>εις</span> <span class='ocrx_word' id='word_1_835' title='bbox 3350 5349 3460 5418; x_wconf 81' lang='grc' dir='ltr'>τὴν</span> <span class='ocrx_word' id='word_1_836' title='bbox 3485 5348 3655 5416; x_wconf 81' lang='grc' dir='ltr'>ζωήν.</span> 
     </span>
    </p>
   </div>
   <div class='ocr_carea' id='block_1_113' title="bbox 2170 5441 3655 5518">
    <p class='ocr_par' dir='ltr' id='par_1_113' title="bbox 2170 5441 3655 5518">
     <span class='ocr_line' id='line_1_115' title="bbox 2170 5441 3655 5518; baseline -0.008 -13"><span class='ocrx_word' id='word_1_837' title='bbox 2170 5451 2365 5518; x_wconf 83' lang='grc' dir='ltr'>Κύριε,</span> <span class='ocrx_word' id='word_1_838' title='bbox 2393 5448 2448 5501; x_wconf 87' lang='grc' dir='ltr'>τι</span> <span class='ocrx_word' id='word_1_839' title='bbox 2473 5446 2937 5514; x_wconf 74' lang='grc' dir='ltr'>ἐπληθύνθησαν</span> <span class='ocrx_word' id='word_1_840' title='bbox 2964 5448 3018 5499; x_wconf 79' lang='lat' dir='ltr'><strong>oi</strong></span> <span class='ocrx_word' id='word_1_841' title='bbox 3039 5441 3344 5508; x_wconf 73' lang='grc' dir='ltr'>θλίϐοντες</span> <span class='ocrx_word' id='word_1_842' title='bbox 3363 5456 3474 5511; x_wconf 84' lang='grc' dir='ltr'>με;</span> <span class='ocrx_word' id='word_1_843' title='bbox 3502 5443 3655 5494; x_wconf 68' lang='grc' dir='ltr'><strong>Πολ-</strong></span> 
     </span>
    </p>
   </div>
   <div class='ocr_carea' id='block_1_114' title="bbox 2102 5526 3658 5608">
    <p class='ocr_par' dir='ltr' id='par_1_114' title="bbox 2102 5526 3658 5608">
     <span class='ocr_line' id='line_1_116' title="bbox 2102 5526 3658 5608; baseline -0.008 -12"><span class='ocrx_word' id='word_1_844' title='bbox 2102 5542 2199 5597; x_wconf 73' lang='grc' dir='ltr'><strong>λοὶ</strong></span> <span class='ocrx_word' id='word_1_845' title='bbox 2238 5540 2664 5595; x_wconf 78' lang='grc' dir='ltr'>ἐπανίστανται</span> <span class='ocrx_word' id='word_1_846' title='bbox 2710 5537 2802 5591; x_wconf 77' lang='grc' dir='ltr'><strong>ἐπ’</strong></span> <span class='ocrx_word' id='word_1_847' title='bbox 2848 5536 2951 5608; x_wconf 81' lang='grc' dir='ltr'>ἐμέ</span> <span class='ocrx_word' id='word_1_848' title='bbox 2972 5554 2984 5568; x_wconf 87' lang='grc'><strong>·</strong></span> <span class='ocrx_word' id='word_1_849' title='bbox 3039 5526 3538 5602; x_wconf 61' lang='grc' dir='ltr'>πολλοϊλέτουσι</span> <span class='ocrx_word' id='word_1_850' title='bbox 3584 5528 3658 5600; x_wconf 76' lang='grc' dir='ltr'>τῇ</span> 
     </span>
    </p>
   </div>
   <div class='ocr_carea' id='block_1_115' title="bbox 1669 5736 2784 5811">
    <p class='ocr_par' dir='ltr' id='par_1_115' title="bbox 1669 5736 2784 5811">
     <span class='ocr_line' id='line_1_117' title="bbox 1669 5736 2784 5811; baseline -0.008 -11"><span class='ocrx_word' id='word_1_851' title='bbox 1669 5747 1710 5777; x_wconf 74' lang='grc' dir='ltr'><strong><em>ἰ</em></strong></span> <span class='ocrx_word' id='word_1_852' title='bbox 1750 5741 1905 5801; x_wconf 79' lang='lat' dir='ltr'><strong>loan.</strong></span> <span class='ocrx_word' id='word_1_853' title='bbox 1944 5750 2061 5811; x_wconf 70' lang='lat' dir='ltr'><strong>im,</strong></span> <span class='ocrx_word' id='word_1_854' title='bbox 2097 5740 2182 5797; x_wconf 79' lang='grc'><strong>55.</strong></span> <span class='ocrx_word' id='word_1_855' title='bbox 2260 5741 2304 5773; x_wconf 82' lang='grc'>²²</span> <span class='ocrx_word' id='word_1_856' title='bbox 2346 5737 2533 5794; x_wconf 77' lang='lat' dir='ltr'><strong>Matth.</strong></span> <span class='ocrx_word' id='word_1_857' title='bbox 2567 5752 2663 5805; x_wconf 69' lang='grc' dir='ltr'>νη,</span> <span class='ocrx_word' id='word_1_858' title='bbox 2700 5736 2784 5792; x_wconf 79' lang='grc' dir='ltr'><strong>ιι.</strong></span> 
     </span>
    </p>
   </div>
  </div>
