4042 6210
309 337 379 395 93
1441 307 1937 365 COMMEN'I'ARIA
1978 307 2044 363 IN
2080 302 2414 362 PSALMOS.
3470 290 3546 349 at

308 473 482 548 ψυχῇ
517 488 655 545 μου·
707 469 828 523 Οὐκ
865 464 995 520 ἐστι
1036 459 1294 527 σωτηρία
1328 452 1486 519 αὐτῷ
1525 453 1597 506 ἐν
1619 451 1704 548 fdi
1730 444 1863 548 A885)

1985 445 2148 498 licunt
2174 453 2367 493 animae
2393 448 2522 489 mete
2555 448 2573 487 :
2610 433 2732 486 Non
2767 439 2846 485 est
2867 428 3015 484 salus
3048 427 3149 497 ipsi
3182 428 3237 481 in
3257 425 3367 482 Deo
3401 427 3541 498 ejus.

1985 536 2021 548 ..η
2171 544 2182 548 -
2331 529 2539 548 n_,__.-___
2607 534 2870 548 ---_-....-..
2904 540 3046 548 ...--.,.
3081 539 3129 548 --
3167 538 3179 548 .
3217 521 3382 548 ..ΠΛ-ἕ..
3430 539 3541 548 η..--

309 540 629 627 (tegare
668 560 756 623 δὲ,
790 559 983 626 Κύριε,
1009 549 1383 619 ἀντιλήπτωρ
1421 564 1540 617 μου
1587 540 1676 609 εἴ,
1719 540 1870 605 δόξα

306 676 447 730 μου,
484 658 581 710 καὶ
613 648 789 721 ὑψῶν
820 646 933 715 τὴν
975 638 1243 710 κεφαλήν
1283 654 1423 708 μου.
1470 636 1683 697 Πάντας
1739 632 1868 685 διω-

310 723 485 825 γμοὺς
510 746 617 821 χρὴ
640 741 942 816 προσδοκᾷν
964 738 1088 799 τοὺς
1113 731 1255 825 κατὰ
1277 730 1528 825 Θεὸνᾼζῇν
1551 742 1762 825 προῃρη
1773 723 1869 796 μέ-

310 817 458 910 νους.
497 817 650 896 ’ἐπεὶ
679 833 817 891 κατὰ
840 832 931 885 τὸν
958 824 1275 882 Ἀπόστολον
1294 840 1307 853 ⁸
1336 820 1566 887 Πάντες
1594 822 1647 873 oi
1675 817 1876 873 θέλον-

311 908 553 1003 τεςψζῇν
582 925 839 992 εὐσεϐῶς
877 923 948 977 ἐν
988 914 1218 989 Χριστῷ
1270 913 1462 983 Ἰησοῦ
1499 908 1868 1003 διωχθήσον-

311 1002 428 1084 ται.
468 1025 604 1079 Ἀλλ’
632 1024 687 1075 ὲν
714 1020 849 1072 πᾶσι
883 1013 1147 1087 προσήκει
1172 1009 1242 1061 τὰ
1272 1007 1419 1060 δεινὰ
1445 1002 1727 1076 καρτερῶς
1749 1002 1879 1055 ὑπο-

316 1122 499 1195 μένειν
518 1136 531 1149 ·
589 1115 709 1169 ἐπεὶ
750 1109 886 1183 μηδὲ
930 1107 1066 1179 πρὸς
1108 1104 1288 1173 ὀλίγον
1312 1099 1458 1154 ἐστὶν
1483 1099 1613 1170 ἡμῖν
1701 1092 1870 1195 ἀγὼν,

315 1183 450 1288 μηδὲ
479 1210 614 1283 πρὸς
642 1204 897 1279 μικροὺς,
944 1198 1079 1255 ἀλλὰ
1122 1195 1259 1269 πρὸς
1298 1183 1874 1288 πλείονας-καιμεγά-

312 1275 458 1369 λοὺς,
511 1275 572 1355 οὐ
609 1275 765 1372 μόνον
795 1295 920 1358 τοὺς
948 1294 1004 1346 ὲν
1048 1286 1387 1361 ἀνθρώποις,
1438 1279 1573 1336 ἀλλὰ
1609 1275 1875 1372 καιᾲτοὺς

312 1395 578 1470 ἁοράτους
599 1369 844 1462 ἐχθρούς.
869 1383 980 1439 Kal.
1005 1380 1146 1438 κατὰ
1177 1379 1238 1432 τὸ
1268 1377 1427 1449 ρητδν
1457 1374 1546 1438 δὲ,
1579 1369 1740 1424 Δαυῖδ
1759 1408 1773 1433 ,
1808 1369 1874 1470 ὲκ

310 1460 437 1551 νέας
464 1460 678 1559 ἡλικίας
705 1460 810 1535 ὑπὸ
845 1476 940 1532 τοῦ
984 1474 1155 1529 Σαοὺλ
1196 1466 1521 1559 πολεμηθεὶς
1539 1464 1700 1559 ,ῌκιιιὶ⁵
1718 1460 1877 1559 ’μετὰ

310 1550 611 1633 «ﬁdem
640 1570 843 1645 μυρίων
870 1566 1063 1630 ἄλλων,
1094 1563 1189 1617 καὶ¹
1207 1560 1358 1623 τέλος
1378 1557 1483 1611 ὑπὸ
1505 1554 1598 1609 τοῦ
1630 1551 1747 1645 υίού
1780 1550 1877 1645 τῆς

316 1668 590 1742 βασιλείας
624 1642 973 1731 ἐλαυνόμενος
1007 1656 1102 1710 καὶ⁸
1148 1652 1381 1722 φεύγων,
1412 1647 1582 1702 ταῦτα
1622 1642 1763 1699 κατὰ
1786 1643 1878 1696 τὸν

315 1739 503 1835 καιρὸν
527 1758 628 1829 τῆς
662 1755 838 1827 φυγῆς
858 1751 1060 1819 ἔλεγεν.
1099 1746 1338 1819 Ἐχθρῶν
1364 1744 1423 1799 δέ
1452 1746 1567 1797 ἐστι
1610 1739 1672 1793 τὸ
1708 1739 1883 1809 ὑπεμ-

1973 536 2059 592 Τιι
2092 544 2286 597 autent,
2320 529 2561 591 Domine,
2601 534 2870 594 susceptor
2902 540 3046 577 meus
3076 539 3129 577 es
3162 538 3179 575 :
3211 521 3383 593 gloria
3429 539 3546 576 mea

1973 639 2023 682 et
2052 627 2294 683 exultans
2335 631 2493 690 caput
2534 635 2727 674 meum.
2765 616 3183 672 Persecutiones
3225 622 3546 684 exspectare

1972 728 2194 792 oportet
2225 732 2417 773 omnes
2453 714 2547 785 qui
2584 709 2883 767 secundum
2914 700 3082 763 Deum
3124 706 3307 762 vivere
3337 707 3545 761 consti-

1972 814 2200 868 tuerint.
2239 808 2518 879 Siquidem
2553 812 2614 859 ut
2641 804 2718 857 ait
2742 801 3036 872 Apostolus
3066 818 3080 853 :
3122 798 3314 854 Omnes
3342 798 3432 869 qui
3464 799 3546 867 pie

1973 906 2155 959 volunt
2195 905 2357 958 vivere
2398 901 2452 954 in
2493 897 2702 953 Christo
2736 896 2866 948 Iesu
2896 891 3306 962 persecutionem
3342 889 3548 958 patien-

1975 996 2147 1049 tur".
2177 992 2247 1047 At
2277 992 2332 1046 in
2366 989 2621 1046 omnibus
2652 1001 2751 1057 par
2778 994 2863 1040 est
2890 983 3076 1055 gravia
3110 981 3327 1036 fortiter
3359 980 3502 1037 ferre
3528 999 3541 1034 :

1974 1084 2415 1156 quandoquidem
2456 1095 2634 1150 neque
2669 1076 2737 1132 ad
2774 1077 2938 1132 breve
2968 1082 3205 1145 tempus,
3239 1088 3417 1143 neque
3450 1072 3548 1127 ad-

1974 1190 2169 1232 versus
2194 1188 2399 1245 paucos
2426 1177 2701 1226 certamen
2731 1166 2892 1221 nobis
2916 1173 3034 1230 est;
3063 1163 3159 1220 sed
3188 1170 3379 1218 contra
3407 1164 3549 1216 mul—

1975 1276 2064 1324 tos
2091 1284 2155 1323 ac
2185 1266 2377 1327 fortes,
2411 1279 2520 1319 non
2562 1262 2739 1319 solum
2780 1259 3053 1323 homines,
3088 1256 3184 1313 sed
3210 1258 3375 1312 etiam
3409 1256 3550 1310 invi-

1977 1358 2165 1414 sibiles
2194 1356 2467 1411 inimicos.
2498 1352 2565 1406 Et
2596 1362 2654 1406 ut
2680 1349 2747 1405 ad
2769 1364 2884 1403 rem
2910 1348 3242 1419 propositam
3272 1344 3547 1404 veniatur,

1976 1451 2146 1509 David
2184 1467 2217 1506 a
2244 1452 2530 1521 juventute
2564 1461 2661 1501 sua
2695 1460 2792 1516 per
2823 1442 3043 1498 Saulem
3073 1441 3216 1496 bello
3244 1441 3547 1511 impetitus,

1979 1561 2043 1601 ac
2087 1544 2344 1614 deinceps
2390 1556 2420 1594 a
2467 1536 2742 1595 sexcentis
2791 1535 2936 1599 aliis,
2977 1533 3307 1602 demumque
3356 1546 3386 1585 a
3440 1530 3552 1585 ﬁlio

1978 1638 2172 1710 pulsus
2216 1649 2419 1706 regno,
2461 1642 2625 1701 atque
2667 1628 2917 1699 fugatus,
2962 1625 3077 1681 haec
3121 1632 3367 1695 tempore
3411 1622 3553 1694 fugae

1979 1729 2215 1785 dicebat.
2256 1725 2610 1781 lnimicorum
2657 1728 2838 1776 autem
2882 1718 3162 1789 prOprium
3204 1723 3310 1780 est,
3341 1715 3554 1771 irruere

648 1809 1035 1900 ἐπανίστασθαι
1053 1809 1373 1903 «afﬁxa;
1397 1834 1503 1888 τῶν
1523 1832 1589 1886 δι’
1610 1829 1879 1894 ἐναντίας

1985 1831 2146 1893 atque
2177 1821 2463 1890 insurgere
2496 1818 2551 1872 in
2577 1816 2786 1878 hostes,
2807 1813 2937 1868 dum
2972 1811 3028 1865 in
3051 1810 3192 1865 mala
3217 1809 3549 1864 inciderunt.

313 1940 503 2010 διόπερ
531 1938 625 1991 καὶ
643 1934 720 2006 τῷ
745 1931 904 1986 Δαυῒδ
933 1927 1268 2002 ἡμαρτηκότι
1305 1925 1396 1980 ἐπὶ
1426 1924 1524 1995 τῆς
1555 1922 1652 1976 τοῦ
1683 1920 1879 1992 Οὐρίου

318 2030 502 2084 πολλοὶ
519 2027 872 2083 ἐπανίσταντο
895 2020 1358 2093 ὲπιχαιρεσίκακοι
1383 2015 1563 2089 ἐχθροί
1584 2031 1747 2078 τινες.
1769 2011 1881 2067 Πά-

318 2122 409 2176 λαι
432 2121 525 2175 καὶ
544 2122 608 2174 ὲκ
634 2117 843 2191 μακροῦ
867 2118 954 2171 διὰ
975 2115 1167 2187 φθόνου
1196 2110 1422 2181 ὑψοῦται
1447 2106 1656 2177 κεφαλὴ
1669 2105 1763 2159 τοῦ
1790 2122 1883 2158 κα-

319 2213 389 2266 τὰ
412 2211 570 2283 σῶμα
597 2209 1009 2287 μεγεθισμένου,
1039 2203 1190 2277 παρὰ
1215 2201 1316 2266 τὰς
1343 2201 1451 2255 τῶν
1483 2196 1881 2268 ὑποδεεστέρων

318 2302 556 2373 κεφαλὰς
584 2286 734 2356 κάτω
762 2299 1036 2371 κειμένας.
1065 2296 1220 2351 Οὕτω
1259 2291 1618 2362 διαναστάσης
1651 2290 1749 2361 τῆς
1788 2286 1881 2341 τοῦ

322 2392 588 2466 μακαρίου
628 2391 804 2463 ψυχῆς
840 2391 933 2445 καὶ
967 2391 1046 2453 είς
1078 2386 1314 2441 ἐπίδοσιν
1349 2381 1746 2451 ἀναϐεϐηκυίας
1782 2377 1881 2433 τοῦ

315 2485 392 2550 ῶς
436 2488 492 2539 ὲν
541 2484 738 2555 ψυχαῖς
786 2482 1080 2553 μεγέθους,
1131 2481 1165 2550 η
1213 2474 1421 2546 κεφαλὴ
1473 2473 1699 2544 ὑψοῦται
1746 2469 1882 2525 Θεοῦ

320 2575 700 2649 συνεργοῦντος
728 2576 867 2645 αὐτῇ
894 2574 988 2627 καλ⁹
1017 2572 1152 2644 πρὸς
1175 2570 1364 2624 ἑαυτὸν
1389 2569 1467 2633 είς
1500 2566 1723 2636 οὐρανὸν
1754 2564 1885 2618 ἀνά-

316 2686 522 2738 γοντος,
550 2669 641 2723 τὸν
669 2666 1047 2738 ἐμπαρέχοντα
1073 2663 1234 2718 αὑτὸν
1265 2664 1332 2733 τῇ
1367 2660 1503 2732 πρὸς
1531 2658 1593 2711 τὸ
1624 2656 1885 2711 ἀνωτάτω

318 2758 622 2831 ἀκολουθίᾳ.
664 2756 819 2811 Ἐπεὶ
870 2755 927 2809 δὲ
960 2752 1139 2825 πολλῷ
1179 2752 1338 2806 πλέον
1371 2750 1471 2822 τῆς
1518 2746 1887 2820 προαιρέσεως

319 2851 419 2921 τῆς
446 2847 765 2921 τάνθρώπου
799 2846 1097 2917 χαρίζεται,
1130 2842 1292 2899 νικῶν
1327 2844 1385 2897 ὲν
1421 2839 1501 2912 τῷ
1536 2837 1824 2911 δωρεῖσθαι
1855 2839 1886 2892 ὁ

323 2938 610 3010 εὐεργέτης
634 2938 725 2990 τὸν
753 2935 890 2991 κατὰ
912 2935 1136 3007 δύναμιν
1166 2932 1420 2987 ποιοῦντα
1464 2931 1525 2985 τὸ
1566 2929 1746 2984 καλόν·
1791 2927 1888 2983 καὶ⁸

325 3029 413 3083 διὰ
442 3028 599 3082 τοῦτο
629 3026 828 3090 παντὸς
855 3025 1018 3079 καλοῦ
1055 3024 1151 3097 τὴν
1182 3024 1359 3078 αἰτίαν
1394 3022 1424 3074 ὁ
1458 3020 1666 3085 Παῦλος
1696 3021 1884 3075 ἀνατι-

326 3110 440 3181 θεὶς
481 3115 558 3188 τῷ
599 3114 717 3185 Θεῷ
757 3129 937 3186 φησιν’
985 3115 1067 3167 Οὐ
1102 3112 1208 3165 τοῦ
1254 3112 1554 3176 θέλοντος,
1597 3109 1739 3164 οὐδὲ
1777 3108 1882 3163 τοῦ

323 3208 659 3278 τρέχοντος,
685 3205 842 3261 ἀλλὰ
873 3200 978 3259 τοῦ
994 3204 1308 3268 ἐλεοῦντος
1338 3201 1505 3257 Θεοῦ.
1544 3202 1601 3254 Ὀ
1626 3201 1755 3264 Θεὸς
1790 3200 1887 3272 μὲν

322 3294 415 3354 οὖν
447 3298 539 3351 καὶ
576 3299 609 3365 ἡ
638 3294 805 3367 ἁρετὴ
841 3292 1143 3365 μεγεθύνει,
1179 3291 1271 3345 καὶ
1305 3290 1371 3344 δι’
1407 3290 1540 3344 ὅλων
1569 3292 1778 3344 ἐπαινεῖ
1810 3290 1883 3363 (1)

322 3390 421 3463 τὴν
448 3389 540 3443 τοῦ
566 3387 720 3458 ἁγίου
744 3388 938 3459 ψυχήν
976 3384 1139 3439 κακία
1167 3384 1222 3437 δὲ
1251 3382 1344 3437 καὶ
1370 3384 1402 3454 ἡ
1444 3382 1697 3453 συνεργὸς
1718 3381 1886 3453 ταύτῃ

321 3482 490 3554 ἐχθρὰ
528 3483 640 3544 τοῖς
690 3478 993 3551 ἀνθρώποις
1028 3476 1282 3547 δύναμις,
1343 3474 1616 3528 συστέλλει
1667 3473 1761 3528 καὶ
1809 3476 1889 3537 είς

324 3573 506 3628 στενὸν
560 3571 775 3640 συνάγει
822 3571 921 3642 τὴν
980 3568 1054 3641 μὴ
1098 3566 1366 3639 ἑπομένην
1423 3565 1560 3637 Θεῷ,
1611 3567 1703 3620 καὶ
1747 3565 1889 3620 οὕτω

324 3663 552 3735 βραχεῖα
588 3662 791 3730 γίνεται
838 3661 931 3715 καὶ¹
974 3659 1188 3731 κολοϐὴ,
1234 3659 1372 3713 ῶστε
1407 3659 1505 3729 τῆς
1542 3658 1752 3729 χύσεως
1789 3658 1891 3730 τῆς

325 3756 520 3819 κακίας
540 3754 916 3825 ἐπιγινομένης
932 3755 1010 3817 είς
1029 3753 1089 3806 τὸ
1119 3752 1301 3824 μηδὲν,
1323 3751 1418 3823 τὴν
1439 3750 1694 3822 τοιαύτην
1714 3749 1891 3822 ψυχὴν

324 3846 631 3919 λογισθῆναι
659 3846 800 3900 κατὰ
835 3846 925 3899 τὸν
963 3845 1208 3899 Ἡσαΐαν·
1249 3846 1297 3897 οἱ
1343 3843 1448 3915 γὰρ
1489 3843 1891 3915 ἁμαρτάνοντες

324 3944 404 4003 εἰς
435 3940 584 3993 οὐδὲν
619 3936 990 4007 ἐλογίσθησαν.
1024 3934 1133 3988 Καὶ
1172 3933 1356 4007 ὥσπερ
1402 3935 1667 4005 σωμάτων
1713 3931 1892 4002 ἐλάχι-

328 4032 450 4086 στόν
478 4034 621 4086 ἐστιν
645 4030 673 4082 ὁ
701 4028 1035 4100 χοῦς,οὖτως
1067 4029 1122 4080 αἱ
1178 4027 1351 4098 πάντη
1385 4025 1654 4097 μοχθηραὶ
1681 4023 1888 4095 ψυχαὶ,

326 4127 416 4180 ἐπὶ
441 4124 573 4178 πολὺ
596 4121 1024 4195 σμικρυνθεῖσαι,
1050 4120 1183 4173 εἰσὶν
1198 4120 1324 4186 ὠςό
1373 4117 1522 4189 χοῦς
1544 4117 1617 4171 ὃν
1629 4117 1893 4186 expiaret

325 4222 359 4273 ὀ
385 4216 621 4288 ἄνεμος.
648 4212 902 4283 Κεφαλὴν
939 4210 996 4265 δὲ
1033 4212 1128 4283 τῆς
1164 4210 1340 4281 ψυχῆς
1378 4210 1593 4281 νοητὲον
1630 4208 1728 4281 τὴν
1776 4208 1894 4262 δια-

324 4311 577 4383 νοητικὴν
646 4309 891 4378 δύναμιν
940 4303 1142 4375 ταύτης
1193 4304 1297 4374 γὰρ
1355 4303 1712 4375 διαφέρουσαν
1772 4300 1892 4354 οὐδὲ

330 4403 491 4475 μέχρι
520 4402 613 4456 τοῦ
639 4401 917 4472 ἐπινοῆσαι
948 4397 1184 4451 δυνατόν’
1219 4396 1269 4449 εἴ
1295 4413 1358 4465 γε
1392 4395 1487 4449 καὶ
1516 4395 1610 4449 τοῦ
1643 4395 1893 4467 σώματος

327 4497 360 4566 η
395 4492 599 4564 κεφαλὴ
627 4492 943 4563 τιμιωτέρα.
969 4488 1116 4559 Αὕτη
1139 4487 1315 4541 τοίνυν
1336 4489 1369 4559 ἡ
1390 4487 1612 4560 νοητικὴ
1642 4486 1889 4558 δύναμις,

1981 1912 2346 1981 Quamobrem
2369 1918 2491 1980 post
2514 1918 2793 1981 peccatum
2812 1903 3034 1960 Davidis
3053 1918 3178 1958 cum
3199 1917 3367 1957 uxore
3387 1899 3551 1965 Uriar,

1980 2006 2139 2061 multi
2169 2005 2222 2059 in
2251 2018 2399 2070 eum,
2427 2018 2494 2058 ex
2539 2002 2608 2056 iis
2650 2000 2862 2055 scilicet
2897 1998 2992 2068 qui
3023 1996 3215 2052 alienis
3245 1993 3555 2067 gaudebant

1980 2096 2160 2158 malis,
2188 2094 2624 2149 insurrexerunt.
2655 2088 2873 2144 Jamdiu
2897 2088 3042 2144 enim
3065 2094 3119 2143 et
3150 2101 3180 2140 a
3208 2086 3384 2156 longis
3408 2091 3556 2140 retro

1982 2187 2319 2257 temporibus
2352 2200 2449 2256 per
2490 2182 2748 2238 invidiam
2778 2181 3049 2237 exaltatur
3087 2188 3251 2250 caput
3281 2178 3424 2247 ejus,
3459 2176 3556 2247 qui

1982 2279 2279 2335 secundum
2326 2292 2524 2346 corpus
2555 2275 2622 2329 ad
2653 2274 2859 2345 majora
2897 2271 3166 2336 evehitur,
3210 2277 3265 2325 et
3309 2268 3558 2323 imminet
3656 2270 3667 2281 °

1981 2368 2253 2439 capitibus
2304 2366 2647 2432 intimorum,
2706 2379 2827 2435 qua:
2877 2362 3133 2418 deorsum
3192 2361 3555 2416 inclinantur.

1981 2459 2184 2515 Eodem
2222 2456 2383 2512 modo
2406 2457 2534 2511 dum
2566 2455 2711 2511 beati
2763 2454 2866 2508 viri
2914 2454 3094 2507 anima
3150 2453 3372 2517 crescit,
3404 2460 3458 2507 et
3490 2452 3556 2506 ad

1983 2551 2253 2613 altiorem,
2296 2549 2475 2619 qualis
2505 2547 2791 2603 animabus
2832 2546 3114 2616 competit,
3166 2544 3558 2616 magnitudinis

1982 2642 2211 2715 gradum
2242 2642 2510 2709 evehitur,
2544 2639 2654 2697 Deo
2682 2639 2935 2695 videlicet
2981 2640 3209 2709 juvante
3235 2647 3290 2693 et
3317 2637 3384 2691 ad
3410 2654 3469 2694 se
3501 2637 3557 2691 in

1984 2734 2181 2790 coelum
2224 2733 2485 2788 evehente
2517 2747 2640 2788 eum
2690 2731 2783 2801 qui
2814 2743 2936 2785 sese
2970 2722 3177 2799 'prrebet
3222 2727 3287 2781 ad
3321 2742 3560 2797 superna

1983 2825 2312 2881 ducendum.
2372 2822 2638 2891 Quoniam
2710 2836 2859 2886 vero,
2913 2819 3204 2874 munilicus
3279 2833 3403 2872 cum
3463 2818 3558 2882 sit,

1983 2918 2157 2973 multo
2181 2916 2337 2987 plura
2372 2915 2581 2971 homini
2621 2914 2828 2986 praebet
2858 2928 3020 2983 quam
3052 2913 3171 2983 ipse
3199 2910 3284 2966 vel
3316 2921 3440 2966 voto
3470 2926 3561 2964 as-

1984 3017 2262 3079 sequatur,
2286 3014 2613 3078 superatque
2645 3006 2804 3061 donis
2833 3006 2948 3061 suis
2977 3021 3099 3061 eum
3122 3046 3137 3072 ,
3174 3006 3268 3076 qui
3303 3020 3400 3074 pro
3424 3004 3561 3059 viri-

1988 3101 2323 3158 bus-bonum
2342 3107 2634 3170 operatur;
2666 3099 2786 3154 ideo
2823 3097 3004 3155 omnis
3037 3097 3165 3153 boni
3199 3112 3421 3152 causam
3450 3095 3561 3152 Deo
3674 3112 3677 3113 '

1914 3180 1957 3239 (δ
1992 3196 2310 3251 adscribens
2332 3193 2536 3248 Paulus
2573 3192 2650 3246 ait
2681 3210 2694 3246 :
2732 3190 2855 3245 Non
2876 3191 3092 3245 volentis
3112 3230 3127 3255 ,
3161 3206 3321 3262 neque
3348 3205 3565 3243 curren-

1988 3289 2077 3353 tis,
2102 3286 2193 3343 sed
2231 3287 2525 3340 miserantis
2554 3294 2632 3338 est
2657 3282 2754 3337 Dei
2779 3283 2845 3337 “.
2881 3282 3023 3338 Deus
3073 3282 3240 3354 igitur
3269 3293 3431 3352 atque
3451 3280 3566 3335 vir-

1989 3389 2079 3435 tus
2111 3378 2285 3435 sancti
2330 3378 2434 3433 viri
2460 3376 2697 3431 animam
2727 3376 3067 3430 incremento
3098 3374 3326 3438 donant,
3358 3380 3413 3428 et
3445 3387 3565 3426 om-

1988 3473 2121 3528 nino
2147 3471 2215 3527 ad
2248 3472 2442 3525 altiora
2474 3469 2709 3525 evehunt
2739 3484 2753 3521 :
2787 3467 3098 3537 malignitas
3132 3474 3311 3521 autem
3334 3466 3565 3535 ejusque

1989 3565 2229 3634 adjutrix
2263 3563 2483 3617 inimica
2515 3562 2828 3616 hominibus
2879 3569 3121 3630 potestas
3165 3559 3462 3621 contrahit,
3506 3560 3563 3613 iu

1990 3664 2388 3726 angustumque
2435 3654 2632 3723 redigit
2660 3652 2898 3709 animam
2944 3651 3055 3706 Deo
3107 3667 3213 3704 non
3257 3649 3565 3719 obsequen-

1992 3755 2128 3815 tem;
2163 3754 2326 3818 atque
2350 3745 2425 3800 ita
2444 3744 2738 3808 minuitur,
2769 3752 2843 3808 et,
2874 3751 2933 3798 ut
2976 3742 3048 3797 ita
3075 3741 3274 3804 dicam,
3310 3741 3565 3796 decurta-

1992 3846 2109 3905 tur;
2141 3845 2200 3892 ut
2232 3836 2529 3892 inundante
2566 3836 2794 3899 malitia,
2848 3831 3163 3904 huiusmodi
3204 3832 3423 3896 anima,
3477 3845 3565 3886 sc-

1991 3931 2229 3985 cundum
2280 3929 2497 3991 Isaiam,
2534 3943 2632 4000 pro
2664 3927 2834 3983 nihilo
2882 3934 3166 3997 reputetur
3198 3942 3211 3979 :
3246 3933 3565 3996 peccatores

1992 4040 2230 4095 namque
2277 4039 2373 4093 pro
2424 4022 2595 4078 nihilo
2647 4021 2935 4076 habentur.
2976 4020 3055 4075 Ac
3105 4017 3566 4090 quemadmodum

1993 4117 2235 4173 omnium
2264 4128 2552 4185 corporum
2584 4113 2867 4168 minimum
2903 4112 3081 4183 pulvis
3117 4120 3225 4177 est;
3268 4110 3342 4165 ita
3372 4111 3568 4166 animae

1993 4209 2255 4281 improbae
2288 4207 2518 4261 multum
2571 4205 2892 4269 imminutae,
2933 4214 3061 4259 sunt
3112 4213 3366 4274 tanquam
3395 4202 3565 4271 pulvis

1993 4318 2141 4372 quem
2167 4299 2377 4369 proiicit
2396 4307 2593 4352 ventus.
2620 4295 2795 4365 Caput
2817 4304 2993 4349 autem
3018 4293 3214 4348 animae
3246 4291 3567 4346 aestimanda

1993 4400 2077 4449 est
2110 4390 2443 4461 intelligendi
2494 4388 2575 4444 vis
2611 4407 2624 4442 :
2657 4386 2792 4441 nihil
2820 4386 2966 4442 enim
2995 4399 3060 4440 ea
3093 4382 3445 4453 praistantius
3478 4379 3568 4434 vel

1998 4483 2236 4554 cogitare
2258 4482 2417 4547 licet;
2450 4477 2714 4548 siquidem
2745 4484 2797 4531 et
2834 4482 2999 4546 caput
3021 4472 3238 4544 corpori
3270 4469 3564 4525 antecellit.

327 4551 722 4658 τροπίκώτερον
755 4551 960 4655 κεφαλὴ
1004 4551 1256 4653 λεχθεῖσα
1295 4551 1394 4651 τῆς
1664 4574 1747 4643 οἷς
1779 4551 1885 4651 *μὲν

1998 4551 2124 4630 Haic
2174 4574 2338 4640 igitur
2388 4568 2721 4638 intelligendi
2761 4567 2876 4631 vis,
2939 4581 3061 4636 qua:
3113 4571 3272 4634 tropo
3333 4561 3566 4633 quodam

330 4673 538 4744 ὖψωται
568 4674 679 4727 ἄνω
713 4672 1000 4743 βλέπουσα,
1035 4671 1095 4723 οὑ
1141 4669 1296 4741 μόνον
1326 4668 1424 4740 τὴν
1465 4668 1589 4738 γῆν,
1630 4667 1765 4722 ἀλλὰ
1806 4666 1900 4722 καὶ

331 4767 508 4820 πάντα
545 4764 611 4818 τὰ
653 4764 877 4836 σώματα
921 4761 1300 4835 ὑπερκύψασα,
1352 4762 1429 4825 ὡς
1458 4761 1678 4829 φθάνειν
1737 4761 1896 4833 μέχρι

331 4859 485 4914 Θεοῦ.
508 4858 919 4931 Παρατηρητέον
943 4858 1000 4911 δὲ
1025 4857 1225 4930 τριχῶς
1255 4855 1355 4926 τῆς
1388 4855 1619 4925 σχέσεως
1647 4852 1740 4907 τοῦ
1762 4853 1896 4907 Θεοῦ

331 4949 670 5021 ὑμνουμένης
696 4948 798 5000 ύπὸ
820 4947 912 5000 τοῦ
943 4947 1191 5017 λέγοντος
1220 4947 1319 5019 τὴν
1352 4946 1504 5011 τάξιν
1541 4945 1636 4999 τοῦ
1677 4945 1894 5018 πρώτου

330 5040 628 5111 λεχθέντος,
679 5037 769 5092 καὶ
818 5036 909 5092 τοῦ
932 5054 935 5057 ‘
957 5038 1082 5109 ἑξῆς
1132 5038 1225 5092 καὶ
1276 5038 1370 5092 τοῦ
1414 5035 1619 5090 λοιποῦ.
1674 5035 1896 5107 Πρῶτον

332 5133 441 5204 γάρ
471 5148 632 5202 φησιν
658 5125 794 5184 εἶναι
824 5130 913 5183 τὸν
937 5131 1066 5185 Θεὸν
1092 5131 1456 5204 ἁντιλήπτορα
1482 5130 1646 5185 αὐτοῦ
1668 5170 1682 5195 ,
1708 5130 1898 5185 ἔπειτα

331 5225 507 5290 δόξαν,
542 5224 729 5277 ἔπειτα
768 5221 1000 5293 ὑψοῦντα
1033 5223 1129 5293 τὴν
1159 5224 1415 5294 κεφαλήν.
1444 5226 1553 5278 Καὶ
1585 5225 1718 5296 ἡμῖν
1749 5224 1899 5277 ἀντι-

332 5310 575 5381 λήπτωρ,
617 5310 709 5364 καὶ
742 5308 802 5362 τὸ
841 5307 1009 5379 ὄνομα
1045 5309 1194 5379 δηλοῖ
1229 5312 1774 5384 ἀντιλαμϐανόμενον,
1815 5312 1901 5365 ἵνα

333 5398 471 5471 ῥύσῃ
516 5415 575 5451 τε
613 5398 721 5452 ἀπὸ
766 5395 972 5450 πολλῶν
1014 5396 1301 5454 θλιϐόντων
1335 5403 1426 5453 καὶ¹
1460 5404 1902 5474 ἐπανισταμένων

334 5492 427 5545 καὶ
444 5490 924 5560 ἀπογινωσκόντων
938 5488 1036 5560 τὴν
1053 5489 1146 5543 τού
1169 5491 1414 5561 λέγοντος
1422 5494 1592 5550 ταῦτα
1614 5497 1902 5569 σωτηρίαν.

405 5648 451 5680 ’³
492 5646 534 5701 ιι
568 5648 710 5707 Tini.
749 5665 840 5714 ut,
878 5649 962 5706 12.
1040 5650 1088 5685 ιθ
1128 5648 1283 5706 Rom.
1322 5664 1409 5716 Ix,
1450 5649 1530 5704 l6.

413 5804 607 5870 (|)"IO'.
646 5809 876 5879 ἐπαίρῖι.

2000 4674 2163 4738 caput
2183 4665 2378 4720 anima:
2403 4661 2620 4726 dicitur,
2644 4660 2697 4714 in
2724 4658 3049 4730 quibusdam
3075 4671 3292 4713 sursum
3315 4655 3565 4726 erigitur,

1999 4759 2129 4815 dum
2163 4770 2399 4828 superne
2430 4753 2672 4825 respicit,
2704 4760 2867 4822 atque
2887 4766 2996 4805 non
3028 4749 3187 4805 modo
3214 4756 3441 4814 terram,
3473 4746 3568 4803 sed

1999 4849 2177 4906 omnia
2215 4848 2379 4905 etiam
2413 4860 2643 4917 corpora
2681 4843 3053 4909 transcendit,
3085 4842 3159 4896 ita
3197 4848 3255 4896 ut
3302 4855 3475 4911 usque
3502 4837 3570 4893 ad

2001 4942 2168 4998 Deum
2202 4942 2499 5013 perveniat.
2554 4937 2965 4995 Observandum
3014 4942 3195 4990 autem
3247 4941 3370 4998 est,
3402 4931 3569 4987 Deum

2002 5035 2092 5092 hic
2138 5034 2337 5105 triplici
2372 5033 2533 5089 modo
2577 5031 2864 5094 celebrari,
2907 5043 2971 5083 ac
3003 5027 3202 5098 primo,
3240 5025 3438 5080 dehinc
3483 5037 3573 5078 se-

2001 5128 2203 5192 cundo,
2256 5126 2473 5182 demum
2525 5124 2686 5180 tertio
2732 5120 2926 5179 ordine
2979 5117 3230 5189 exprimi.
3277 5117 3367 5170 Ait
3424 5114 3568 5170 enim

2002 5220 2180 5291 primo
2212 5218 2379 5275 Deum
2410 5233 2535 5274 esse
2567 5223 2940 5286 susceptorem
2989 5225 3169 5271 suum.
3221 5207 3419 5266 deinde
3455 5206 3569 5278 glo-

2004 5310 2160 5373 riam,
2188 5308 2424 5381 denique
2463 5309 2787 5365 exaltantem
2820 5312 3001 5377 caput.
3031 5302 3143 5359 Cur
3170 5311 3350 5358 autem
3381 5311 3570 5354 susce-

2006 5413 2130 5476 ptor
2164 5403 2279 5459 sive
2310 5409 2573 5473 patronus
2612 5400 2706 5464 sit,
2738 5398 2823 5454 vel
2874 5397 2993 5468 ipso
3020 5394 3237 5450 nomine
3267 5390 3569 5461 deprehen-

2008 5494 2197 5550 ditur:
2228 5493 2354 5565 quia
2389 5491 2779 5565 patrocinatur,
2820 5496 2878 5542 ut
2920 5486 3108 5541 liberet
3136 5499 3167 5538 a
3206 5478 3387 5536 multis
3428 5478 3569 5531 mala
