4042 6210
499 315 570 370 95
1145 316 1403 375 EUSEBII
1442 309 1917 371 CIESARIENSIS
1942 303 2073 363 OPP

2174 303 2337 360 ’ABS.
2379 302 2469 357 ιιι.
2507 328 2577 341 ι·-
2611 294 3017 353 EXEGETICA.
3651 290 3721 344 95

503 428 898 493 inferentibus,
955 424 1364 497 insurgentibus
1414 429 1468 478 et
1513 420 1581 476 ad
1622 419 2053 492 desperationem

2174 419 2324 491 Ἑξῆς
2373 418 2428 473 δὲ
2466 420 2545 488 τῳ
2623 415 2972 487 άντιλήπτορι
3013 415 3046 484 ἡ
3086 410 3234 475 δόξα
3279 407 3411 462 ἐστί·
3461 405 3721 497 πρότερον

504 520 699 577 salutis
730 518 1115 575 inducentibus
1145 530 1266 570 eum
1299 513 1392 583 qui
1421 513 1547 566 talia
1574 509 1737 567 fatur.
1770 509 2060 581 Postquam

504 620 881 682 susceptorem
911 610 1067 673 dixit,
1098 607 1367 678 sequitur,
1410 605 1582 676 gloria
1615 619 1634 657 :
1663 604 1815 673 prius
1838 604 2066 674 suscipit

504 701 680 764 Deus.
719 703 914 759 deinde
965 700 1132 772 gloria
1175 697 1366 760 allicit,
1408 697 1624 752 dernum
1675 697 1847 767 gloria
1890 694 2065 751 allecti

504 810 668 867 caput
696 797 917 851 exaltat.
960 792 1091 846 Nam
1121 793 1169 848 si
1203 788 1549 846 consurrexit
1601 804 1724 843 cum
1747 788 1986 854 Christo,
2013 795 2068 843 et

504 904 627 959 qua:
677 902 891 943 sursum
938 893 1066 941 sunt
1117 884 1280 953 sapit,
1329 898 1439 936 non
1489 896 1610 952 quae
1658 896 1821 950 super
1844 888 2065 945 terram,

506 980 831 1035 exaltabitur
854 984 1017 1050 caput
1038 976 1161 1047 ejus
1184 991 1214 1029 a
1240 974 1490 1036 Domino,
1514 975 1709 1044 quiest
1736 972 1991 1037 Verbum,
2014 980 2070 1027 et

503 1072 673 1144 gloria
709 1071 829 1140 ejus
875 1071 967 1141 qui
1017 1085 1078 1125 se
1124 1070 1338 1139 recipit,
1388 1082 1550 1137 quam
1578 1081 1608 1120 a
1642 1067 1759 1122 solo
1803 1062 2065 1138 [Christo]

502 1163 724 1234 expetit,
754 1162 1009 1233 quisquis
1045 1161 1275 1232 gloriam
1323 1174 1431 1214 non
1491 1159 1688 1227 accipit
1731 1158 1801 1211 ab
1829 1156 2068 1212 homine.

503 1254 785 1319 Quomodo
810 1262 991 1309 autem
1026 1251 1319 1306 exaltatum
1360 1251 1431 1305 sit
1460 1248 1680 1304 Davidis
1716 1254 1877 1317 caput
1906 1245 2070 1317 probe

503 1347 796 1417 intelliges,
820 1346 864 1401 si
897 1346 1315 1407 animadvertas,
1337 1342 1557 1397 Davidis
1586 1357 1781 1396 nomen
1824 1355 1919 1411 per
1950 1338 2073 1393 uni-

501 1453 722 1492 versum
766 1436 950 1491 orbem
1002 1445 1056 1492 et
1110 1436 1166 1490 in
1228 1435 1487 1491 omnibus
1539 1433 1792 1505 gentibus
1855 1437 2074 1501 propter

502 1531 783 1586 Christum
809 1528 900 1584 Dei
927 1527 1223 1592 Filium,ex
1252 1528 1459 1583 semine
1487 1526 1607 1595 ejus
1636 1523 1933 1581 secundum
1960 1538 2075 1576 car-

442 1622 455 1631 “
503 1639 630 1676 nem
683 1629 898 1686 ortum,
955 1620 1240 1675 celebrari.
1297 1617 1416 1672 Non
1489 1625 1641 1671 tanta
1699 1616 1842 1671 enim
1901 1613 2073 1684 gloria

506 1710 761 1776 allectus,
807 1725 981 1780 neque
1012 1711 1085 1765 ita
1115 1711 1389 1765 exaltatus
1441 1717 1545 1771 est,
1576 1724 1698 1763 cum
1718 1708 1866 1783 inter
1900 1703 2076 1765 homi-

2165 512 2273 584 γὰρ
2318 508 2769 581 ἀντιλαμϐάνεται
2810 510 2839 561 6
2878 506 3027 569 Θεὸς,
3067 500 3183 558 εἶτα
3225 497 3434 564 δοξάζει
3471 497 3565 552 καὶ
3598 494 3723 565 ἑξῆς

2165 603 2289 674 ύψοϊ
2305 602 2397 657 τοῦ
2416 599 2795 672 δεδοξασμένου
2810 599 2907 671 τὴν
2923 596 3182 667 κεφαλήν.
3204 594 3267 647 Ei
3287 593 3395 662 γάρ
3418 586 3725 659 συνηγέρθη

2164 692 2401 768 Χριστῷ,
2441 690 2638 747 καὶτὰ
2681 692 2793 746 άνω
2842 690 3043 761 φρονεῖ,
3095 686 3153 740 οὐ
3204 684 3271 738 τά
3321 684 3412 736 ἐπὶ
3454 681 3551 752 τῆς
3600 680 3722 750 γῆς,

2166 786 2504 859 ὑψωθήσεται
2531 783 2690 839 αὑτοῦ
2716 786 2749 855 ἡ
2783 780 2989 853 κεφαλὴ
3016 778 3121 833 άπὸ
3138 777 3228 831 τοῦ
3251 775 3475 848 Κυρίου,
3495 774 3554 838 ὃς
3580 775 3726 827 ἔστιν

2166 881 2194 933 6
2223 877 2417 946 Λόγος.
2450 875 2577 941 δόξα
2597 873 2673 929 ὢν
2700 871 2793 927 τοῦ
2829 874 3167 944 χωρήσαντος
3192 867 3371 930 αὐτὸν,
3409 867 3474 937 ἦν
3500 867 3607 920 ἀπὸ
3634 866 3732 919 τοῦ·

2171 968 2333 1040 μόνου
2366 965 2623 1038 ἐξῄτησεν
2668 967 2696 1019 ὀ
2730 964 2804 1037 μὴ
2840 962 3126 1033 λαμϐάνων
3159 959 3313 1024 δόξαν
3340 955 3489 1030 παρὰ
3520 955 3730 1028 ἀνθρὼ-

2170 1076 2291 1112 που.
2325 1059 2510 1122 Ὅπως
2540 1057 2597 1111 δὲ
2630 1055 2817 1127 ὑψώθη
2847 1054 2939 1108 τοῦ
2977 1052 3137 1109 Δαυῖδ
3165 1055 3197 1124 ἡ
3234 1050 3475 1122 κεφαλὴ,
3518 1050 3729 1121 νοήσεις

2170 1152 2485 1221 ἐπιστήσας,
2512 1149 2587 1214 ὡς
2607 1148 2722 1203 καθ’
2737 1148 2863 1219 ὅλης
2890 1147 2985 1216 τῆς
3010 1146 3116 1199 τῶν
3149 1142 3447 1217 ἀνθρώπων
3475 1141 3729 1213 οἰκουμέ-

2170 1261 2266 1316 νης
2305 1243 2399 1297 καί
2435 1244 2492 1295 ὲν
2527 1243 2659 1295 πᾶσι
2691 1242 2801 1305 τοῖς
2834 1239 3009 1293 ἔθνεσι
3046 1236 3107 1291 τὸ
3150 1236 3243 1289 τοῦ
3282 1233 3442 1288 Δαυῒδ
3478 1233 3733 1305 βεῦόηται

2169 1337 2357 1407 δνομα,
2379 1334 2464 1388 διὰ
2488 1334 2578 1387 τὸν
2605 1334 2669 1387 ἐκ
2697 1330 3003 1404 σπέρματος
3026 1327 3189 1383 αὑτοῦ
3215 1324 3355 1382 κατὰ
3379 1326 3557 1396 σάρκα
3582 1326 3733 1395 γενό-

2176 1446 2332 1502 μενον
2363 1428 2592 1499 Χριστὸν
2629 1426 2719 1479 τὸν
2750 1425 2844 1478 τοῦ
2872 1422 3005 1477 Θεοῦ
3038 1422 3184 1475 Υἱόν·
3218 1422 3314 1491 οὐχ
3343 1418 3512 1483 οὕτως
3539 1419 3648 1490 γάρ
3676 1421 3737 1474 ἐν

2173 1518 2476 1591 ἀνθρώποις
2528 1517 2621 1583 ὢν,
2671 1518 2764 1572 καὶ
2815 1518 2976 1588 μόνου
3020 1513 3113 1568 τοῦ
3150 1511 3362 1584 Ἰσραὴλ
3418 1509 3731 1582 βασιλεύων,

2171 1611 2447 1677 δεδόξαστο
2470 1611 2563 1664 καὶ
2597 1608 2795 1679 ὖψωτο,
2825 1608 2918 1662 καὶ
2949 1606 3183 1679 μάλιστα
3214 1602 3351 1676 μετὰ
3391 1601 3489 1675 τὴν
3534 1601 3735 1655 ἐπανά-

2176 1722 2360 1759 στασιν
2394 1703 2485 1757 τοῦ
2539 1698 2886 1771 Ἀϐεσσαλὼμ
2910 1698 3011 1770 τὴν
3052 1699 3169 1753 κατ’
3214 1694 3378 1751 αὑτοῦ
3406 1695 3698 1765 γενομένην
3718 1732 3733 1756 ,

506 1818 605 1859 nes
651 1810 985 1867 versaretur,
1041 1809 1096 1857 et
1151 1802 1327 1857 solum
1384 1801 1601 1856 lsraelis
1657 1812 1884 1868 regnum
1930 1795 2071 1851 obti-

2174 1797 2248 1861 ὡς
2270 1795 2362 1849 διὰ
2388 1796 2484 1865 τῆς
2510 1793 2775 1865 σωτηρίου
2797 1790 3112 1860 θεοφανείας
3139 1792 3204 1844 ὲκ
3230 1788 3538 1860 σπέρματος
3571 1784 3732 1839 αὑτοῦ

504 1903 678 1959 neret,
705 1895 1049 1964 maximeque
1084 1903 1210 1965 post
1254 1894 1546 1949 Absalonis
1596 1891 1970 1954 rebellionem,
2008 1888 2074 1941 il-

2172 1885 2540 1959 προελθούσης
2564 1883 2704 1938 κατά
2734 1883 2928 1955 σάρκα.

503 1986 782 2054 latumque
808 1982 1033 2049 bellum,
1065 1990 1269 2054 quanta
1309 1989 1608 2038 exornatus
1654 1987 1741 2036 est
1775 1978 1947 2051 gloria
1989 1992 2085 2047 per
2119 1977 2410 2033 salutarem
2436 1974 2529 2030 Dei
2567 1990 2631 2030 ex
2660 1973 2866 2030 semine
2892 1973 3010 2044 ejus
3035 1972 3334 2028 secundum
3390 1984 3610 2048 carnem
3641 1968 3737 2023 ad-

500 2085 719 2135 ventum
728 2119 742 2133 .

573 2220 737 2278 Vens.
777 2222 832 2278 5.
889 2219 1025 2275 Voce
1082 2236 1200 2274 mea
1256 2217 1324 2272 ad
1372 2217 1655 2272 Dominum
1716 2214 1973 2279 clamavi,
2026 2223 2074 2267 et

498 2314 765 2370 exaudivit
798 2332 879 2369 me
926 2317 991 2368 de
1043 2322 1215 2366 monte
1268 2321 1452 2365 sancto
1492 2310 1627 2379 ejus.
1657 2308 1812 2363 Hunc
1838 2315 2075 2362 montem

500 2413 766 2462 memorat
808 2404 1124 2477 praecedens
1148 2405 1389 2475 psalmus
1435 2419 1558 2458 cum
1593 2403 1668 2457 ait
1698 2421 1711 2457 :
1747 2401 1858 2473 Ego
1900 2410 2076 2455 autem

498 2495 813 2548 constitutus
840 2510 957 2549 sum
986 2509 1078 2548 rex
1116 2492 1180 2546 ab
1230 2510 1289 2547 eo
1327 2508 1483 2562 super
1513 2492 1645 2548 Sion
1675 2502 1901 2547 montem
1949 2508 2073 2545 san-

499 2594 642 2638 etum
667 2585 800 2654 ejus.
833 2584 1084 2640 Christus
1110 2593 1291 2638 autem
1321 2591 1440 2638 erat
1492 2583 1585 2653 qui
1607 2583 1687 2639 sic
1721 2582 2074 2654 loquebatur;

501 2682 558 2731 at
587 2691 731 2732 nunc
756 2676 944 2741 David,
995 2692 1054 2732 se
1087 2691 1118 2730 a
1158 2677 1377 2732 Christo
1407 2675 1476 2731 de
1524 2683 1710 2730 monte
1737 2681 1927 2730 saneto
1954 2673 2075 2743 ejus

498 2766 897 2822 exaudiendum
930 2765 1278 2822 testiﬁcatur.
1312 2764 1481 2831 Quem
1506 2779 1671 2833 porro
1691 2763 2075 2817 exauditurum

502 2871 562 2913 se
613 2857 769 2922 dicit,
824 2856 934 2912 nisi
978 2855 1269 2911 Dominum
1320 2853 1415 2923 qui
1456 2851 1789 2907 constitutus
1838 2859 1922 2906 est
1978 2868 2074 2907 rex

498 2961 653 3015 super
697 2944 826 3000 Sion
864 2953 1091 2998 montem
1139 2952 1379 2998 sanctum
1417 2940 1573 3011 ejus?
1620 2939 1724 2995 Per
1754 2940 1899 2995 hunc
1928 2940 2074 2995 enim

500 3039 677 3093 solum
715 3036 1003 3093 “credebat
1065 3052 1124 3091 se
1186 3036 1562 3091 remissionem
1622 3040 2075 3101 consecuturum;

500 3131 860 3200 eamdemque
888 3143 1006 3184 esse
1038 3127 1264 3199 gloriam
1287 3141 1463 3192 suam,
1486 3134 1541 3180 et
1566 3125 1890 3181 exaltantem
1911 3132 2074 3196 caput
2102 3112 2145 3168 ο

505 3236 689 3277 suum.
720 3218 854 3275 Cum
905 3220 1067 3291 igitur
1120 3220 1324 3275 diserte
1370 3220 1791 3290 praanuntiasset
1819 3233 1878 3273 se
1902 3218 2072 3289 g'loria

503 3311 842 3369 adiciendum
862 3355 877 3378 ,
907 3321 962 3368 et
983 3324 1320 3384 eaputsuum
1345 3312 1689 3369 exaltandum
1717 3327 1869 3379 esse;
1899 3326 2074 3382 quan-

501 3406 699 3462 donam
749 3406 801 3462 id
848 3406 951 3461 sibi
988 3407 1275 3478 contigerit
1307 3407 1418 3477 jam
1465 3405 1707 3460 declarat
1739 3404 1823 3459 his
1852 3405 2069 3460 verbis:

513 3498 644 3554 Voce
676 3515 791 3553 mea
819 3497 889 3553 ad
920 3497 1204 3553 Dominum
1249 3498 1497 3564 clamavi,
1523 3505 1573 3551 et
1601 3495 1867 3550 exaudivit
1904 3512 1985 3549 me
2012 3494 2074 3548 de

501 3599 671 3644 monte
697 3598 878 3644 εαηειο
910 3606 1026 3645 ειιο.

570 3699 736 3756 Vsus.
768 3701 824 3756 6.
854 3699 966 3771 Ego
1006 3700 1227 3755 dormivi
1253 3710 1301 3755 et
1331 3709 1609 3771 separatus
1634 3716 1775 3773 sum,
1802 3700 2073 3754 exsurrexi

500 3792 631 3864 quia
654 3790 910 3846 Dominus
961 3792 1205 3859 suscipiet
1252 3808 1351 3845 me.
1412 3790 1614 3846 Futura
1647 3791 1755 3856 hic,
1812 3800 2072 3861 tanquam

502 3884 774 3953 praeterita
807 3882 1155 3946 vaticinatur;
1185 3883 1328 3938 sicut
1347 3883 1492 3937 enim
1520 3884 1574 3938 in
1606 3885 1847 3940 secundo
1866 3885 2077 3954 psalmo

503 3975 708 4031 dictum
730 3982 817 4031 est
842 3992 856 4029 :
890 3973 1067 4040 Quare
1097 3974 1422 4043 fremuerunt
1451 3984 1654 4045 gentes,
1698 3986 1745 4030 et
1773 3978 1953 4046 populi
1977 3992 2078 4030 me-

503 4066 662 4121 ditati
716 4074 839 4120 sunt
898 4066 1120 4121 inania?
1149 4066 1441 4121 Astiterunt
1493 4077 1542 4119 et
1589 4078 1935 4121 convenerunt
1979 4067 2077 4120 ad-

504 4172 680 4212 versus
713 4155 996 4211 Dominam
1017 4164 1066 4209 et
1099 4152 1349 4209 adversus
1382 4152 1650 4210 Christum
1687 4155 1800 4224 ejus
1828 4171 1847 4209 :
1880 4162 1934 4209 et
1962 4155 2076 4210 haec

504 4258 687 4304 tamen
741 4247 810 4304 de
853 4247 1037 4302 futuro
1087 4246 1570 4315 intelligebantur;
1621 4246 1810 4301 eadem
1865 4246 2076 4302 ratione

500 4343 611 4413 jam
647 4342 783 4398 illud
810 4360 823 4396 :
850 4338 963 4412 Ego
999 4338 1223 4394 dormivi
1250 4348 1299 4393 et
1347 4347 1626 4407 separatus
1655 4354 1793 4402 sum,
1841 4339 2075 4409 prophe-

2246 2199 2418 2268 Φωνῇ
2435 2218 2552 2269 μου
2570 2199 2718 2267 πρὸς
2738 2199 2956 2267 Κύριον
2977 2197 3292 2267 ἐκέκραξα,
3314 2198 3411 2253 καὶ
3432 2198 3740 2266 ἐπήκουσέ

2172 2313 2290 2366 μου
2314 2294 2382 2358 ἐξ
2412 2294 2587 2361 ὅρους
2604 2291 2773 2362 ἁγίου
2799 2291 3005 2345 αὑτοῦ.
3030 2291 3135 2344 Τοῦ
3174 2290 3330 2362 ὅρους
3373 2292 3740 2364 ἐμνημόνευσε

2177 2384 2368 2439 τούτου
2400 2384 2494 2438 καὶ
2523 2386 2551 2436 6
2580 2382 2686 2452 πρὸ
2708 2381 2897 2435 τούτου
2914 2380 3147 2454 ψαλμδς,
3168 2385 3226 2436 ὲν
3253 2377 3334 2447 οἷς
3360 2382 3562 2454 ἔλεγεν·
3597 2385 3742 2456 Ἐγὼ

2177 2479 2246 2533 δὲ
2269 2476 2642 2546 κατεστάθην
2660 2478 2961 2543 ,βασιλεὺς
2987 2478 3087 2532 ὑπ’
3108 2478 3292 2533 αὑτοῦ
3314 2478 3408 2532 ἐπὶ
3437 2478 3589 2534 Σιὼν
3608 2481 3743 2549 ὄρος

2179 2571 2247 2625 τό
2285 2570 2453 2641 ἅγιον
2498 2570 2705 2624 αὐτοῦ.
2747 2564 2854 2622 Ἦν
2902 2569 2958 2623 δὲ
3008 2570 3100 2622 καὶ
3141 2572 3169 2623 6
3204 2569 3376 2639 λέγων
3421 2572 3480 2624 ὲν
3519 2573 3743 2635 ἐκείνοις

2180 2663 2352 2718 ταῦτα
2389 2666 2418 2718 6
2464 2664 2717 2735 Χριστός·
2761 2664 2856 2717 καὶ
2890 2662 2983 2716 νῦν
3021 2662 3307 2735 τοιγαροῦν
3349 2665 3745 2719 ὲπακούσεσθαι

2183 2753 2349 2806 αὑτοῦ
2380 2770 2541 2823 φησιν
2573 2756 2602 2807 6
2637 2751 2799 2806 Δαυῒδ
2830 2750 2888 2817 ὲξ
2918 2752 3074 2823 ὅρους
3106 2753 3259 2821 άγίου
3298 2752 3481 2809 αὑτοῦ.
3518 2755 3649 2808 Τίνα
3685 2755 3744 2808 δὲ

2182 2844 2580 2898 ἐπακούσεσθαι
2629 2843 2817 2906 αὑτοῦ,
2861 2843 2973 2897 ἀλλ’
3017 2844 3050 2916 ἢ
3092 2845 3184 2898 τὸν
3206 2845 3405 2917 Κύριον
3448 2845 3537 2898 τὸν
3578 2862 3745 2899 κατα-

2177 2937 2376 2992 στάντα
2407 2936 2625 3007 βασιλέα
2654 2937 2751 2991 ext
2781 2936 2933 2992 Σιὼν
2957 2937 3093 3007 ὄρος
3118 2937 3185 2992 τὸ
3216 2938 3386 3009 ἄτιον
3403 2938 3623 3004 anteit;
3646 2938 3743 2992 Διά

2177 3028 2369 3084 τούτου
2401 3029 2510 3102 γάρ
2546 3030 2704 3101 μόνου
2745 3030 2992 3101 ἀφέσεως
3029 3030 3309 3097 τεύξεσθαι
3354 3031 3744 3099 πεπίστευκεν,

2178 3125 2337 3178 αὐτὸν
2367 3124 2423 3177 δὲ
2455 3119 2592 3178 εἶναι
2619 3123 2775 3189 δόξαν
2800 3125 2987 3188 αὑτοῦ,
3027 3126 3121 3179 καὶ
3147 3127 3237 3179 τὸν
3258 3125 3494 3196 ύψοῦντα
3521 3127 3618 3197 τὴν
3652 3143 3742 3180 κε·-

2178 3218 2350 3290 φαλὴν
2367 3218 2550 3273 αὐτοῦ.
2584 3218 2798 3290 Σφόδρα
2824 3218 3003 3273 τοίνυν
3034 3219 3308 3291 προειπὼν
3326 3218 3745 3292 δοξασθήσεσθαι

2177 3312 2269 3364 καὶ
2297 3311 2676 3384 ύψωθήσεσθαι
2707 3310 2804 3383 τὴν
2837 3311 3025 3365 ἑαυτοῦ
3055 3311 3316 3383 κεφαλὴν,
3348 3311 3543 3365 ὁπόθεν
3575 3313 3747 3383 ύπῆρ-

2178 3400 2264 3467 ξεν
2308 3400 2457 3472 αὐτῷ
2498 3401 2656 3455 τοῦτο
2695 3401 2930 3456 διδάσκει
2976 3401 3169 3471 λέγων’
3212 3402 3384 3471 Φωνῇ
3433 3420 3553 3472 μου
3600 3404 3746 3473 πρὸς

2175 3495 2395 3561 Κύριον
2440 3492 2753 3562 ἐκέκραξα,
2801 3494 2898 3548 καὶ
2949 3493 3254 3562 ἐπήκουσέ
3288 3513 3407 3565 μου
3445 3496 3515 3561 ἐξ
3569 3496 3747 3564 ὄρους

2177 3586 2348 3653 ἁγίου
2381 3585 2586 3639 αὐτοῦ,

2260 3697 2407 3769 Ἐγὼ
2453 3698 2777 3766 ἐκοιμήθην
2817 3701 2912 3754 καὶ
2964 3700 3245 3764 ὕπνωσα,
3287 3701 3617 3771 ἐξηγέρθην
3658 3701 3747 3757 ὅτι

2177 3790 2390 3858 Κύριος
2428 3788 2823 3857 ἀντιλήψεται
2858 3806 2996 3859 μου.
3029 3789 3109 3843 Τά
3150 3789 3406 3861 μέλλοντα
3448 3794 3506 3844 ὲν
3541 3790 3749 3854 τούτοις

2176 3880 2250 3944 ὡς
2282 3882 2644 3953 παρῳχηκότα
2672 3880 2932 3945 θεσπίζει·
2961 3882 3037 3944 ὼς
3059 3881 3166 3953 γάρ
3196 3883 3253 3934 ὲν
3279 3881 3355 3952 τῷ
3379 3882 3611 3953 δευτέρῳ
3633 3882 3749 3936 ἐλέ-

2176 3988 2328 4041 γετο’
2353 3973 2476 4027 Ἵνα
2494 3973 2547 4026 τί
2569 3971 2874 4041 ἐφρύαξαν
2898 3973 3062 4041 ἔθνη,
3091 3973 3189 4027 καὶ
3219 3974 3354 4028 λαοὶ
3378 3974 3751 4043 ἐμελέτησαν

2177 4064 2355 4128 κεν-ἀί
2392 4064 2793 4133 Παρέστησαν
2843 4066 2939 4120 καὶ
2991 4064 3386 4135 συνέστησαν
3441 4068 3589 4120 κατὰ
3642 4067 3748 4120 τοῦ

2176 4160 2397 4228 Κυρίου
2429 4159 2526 4213 καὶ
2571 4160 2718 4213 κατὰ
2770 4158 2879 4213 τοῦ
2924 4158 3180 4227 Χριστοῦ
3221 4160 3437 4223 αὑτοῦ,
3472 4159 3644 4213 ταῦτά
3688 4177 3747 4212 τε

2177 4252 2377 4304 ὲνοείτο
2418 4248 2781 4321 μελλητικῶς’
2810 4248 2954 4303 οὕτω
2998 4250 3094 4303 καὶ
3126 4249 3220 4304 νῦν
3263 4250 3357 4312 τὸ,
3404 4250 3550 4319 Ἐγὼ
3588 4250 3746 4304 ἐκοι-

2171 4338 2373 4410 μήθην
2398 4340 2495 4393 καὶ
2525 4341 2794 4405 ῦπνωσα,
2830 4340 3179 4412 προφητικῶς
3210 4342 3445 4413 εἴρηται,
3486 4343 3605 4395 ἀντὶ
3632 4341 3746 4402 τοῦ,

502 4437 609 4492 tice
649 4435 855 4491 dictum
885 4440 992 4497 est,
1042 4432 1310 4497 videlicet,
1341 4431 1629 4495 dormiam,
1688 4431 1989 4501 soporabor
2020 4441 2073 4489 et

2178 4432 2621 4503 Κοιμηθήσομαι
2662 4432 2761 4487 καί
2802 4431 3092 4496 ὺπνώσω,
3146 4433 3238 4487 καὶ
3284 4432 3745 4506 ἐξεγερθήσομαν

502 4543 813 4600 exsurgain,
852 4527 1108 4599 quoniam
1161 4532 1241 4589 tu,
1287 4523 1534 4589 Domine,
1581 4532 1869 4594 susceptor
1922 4540 2076 4582 meus

504 4633 587 4682 es,
626 4619 795 4689 gloria
838 4635 978 4682 mea,
1013 4626 1069 4674 et
1089 4618 1337 4673 exaltans
1360 4626 1525 4688 caput
1555 4632 1755 4672 meum.
1806 4616 1904 4673 Hic
1931 4618 2077 4673 enim

507 4718 721 4779 tempus
758 4708 1053 4780 signiﬁcat,
1086 4723 1195 4777 quo
1243 4707 1347 4763 sibi
1406 4708 1521 4763 haec
1552 4708 1848 4763 obventura
1902 4718 2029 4763 sunt
2061 4726 2075 4762 :

509 4810 796 4875 postquam
833 4800 1140 4865 dormierit,
1173 4802 1372 4871 inquit,
1402 4800 1944 4872 exsurget,quoniam
1968 4800 2076 4856 Do-

509 4891 688 4947 minus
712 4890 971 4962 suscipiet
994 4906 1140 4945 eum.
1159 4889 1263 4945 Per
1291 4889 1657 4943 dormitionem
1686 4889 1828 4945 enim
1847 4899 2076 4946 mortem

510 4980 803 5049 signiﬁcat,
837 4980 1135 5036 secundum
1167 4994 1330 5050 quam
1360 4979 1477 5034 haec
1517 4979 1618 5035 sibi
1650 4979 1833 5035 futura
1878 4980 2076 5034 vatici-

508 5073 906 5144 natur:idque
942 5072 1113 5128 refert
1163 5073 1232 5127 ad
1293 5079 1510 5143 tempus
1557 5071 1681 5127 vita:
1741 5069 2073 5137 Salvatoris,

508 5183 616 5241 qua
658 5178 873 5243 peracta
923 5166 1215 5221 terminum
1272 5165 1554 5236 prephetia
1599 5174 1899 5220 consecuta
1952 5174 2075 5234 est;

507 5258 727 5331 quando
756 5257 968 5313 scilicet
1007 5254 1181 5311 Filius
1219 5256 1455 5311 hominis
1494 5255 1749 5313 Christus
1796 5256 1865 5311 ad
1908 5255 2079 5312 infer~

508 5366 637 5407 num
686 5363 861 5419 usque
908 5347 1209 5415 descendit,
1238 5355 1292 5402 et
1346 5346 1703 5416 captivorum,
1736 5350 1830 5417 qui
1869 5347 2076 5401 exitum

507 5443 922 5515 exspectabant,
961 5440 1212 5496 Salvator
1241 5447 1700 5497 commonstratus
1731 5447 1851 5505 est;
1886 5440 1961 5495 ita
2017 5447 2077 5494 ut

509 5534 927 5593 resurrectionis
987 5533 1108 5605 ejus
1171 5549 1237 5587 ex
1302 5532 1531 5587 mortuis
1594 5541 1836 5604 tempore
1906 5534 2077 5587 multa

509 5642 736 5698 corpora
793 5636 1109 5683 sanctorum
1152 5627 1247 5696 qui
1289 5624 1626 5681 dormierant
1656 5640 1765 5679 una
1793 5640 1918 5680 cum
1957 5624 2075 5695 ipso

514 5719 828 5788 revixerint,
864 5721 918 5777 iu
970 5720 1126 5791 queis
1167 5716 1461 5775 verisimile
1509 5725 1592 5774 est
1640 5716 1811 5774 fuisse
1841 5717 2074 5774 animam

2178 4525 2259 4578 ὅτι
2304 4527 2368 4579 σὺ
2402 4524 2606 4596 Κύριος
2656 4524 3000 4596 άντιλήπτωρ
3055 4541 3157 4590 μου
3205 4520 3273 4588 εἷ,
3326 4524 3450 4590 δόξα
3507 4544 3608 4597 μου
3656 4526 3748 4580 καὶ

2156 4616 2330 4699 ⁸ὑψῶν
2360 4616 2459 4688 τὴν
2490 4617 2732 4689 κεφαλήν
2778 4634 2899 4689 μου.
2936 4618 3025 4670 Ἐν
3069 4618 3243 4685 τούτῳ
3287 4618 3397 4691 γὰρ
3423 4619 3513 4672 τὸν
3560 4619 3748 4691 καιρὸν

2178 4708 2599 4779 ἐπισημαίνεται
2635 4707 2755 4761 καθ’
2799 4708 2859 4761 ὃν
2886 4706 3115 4780 ὑπάρξει
3161 4709 3309 4781 αὐτῷ
3355 4709 3545 4764 ταῦτα.
3594 4709 3751 4764 Μετὰ

2178 4799 2287 4872 γὰρ
2316 4800 2375 4852 τὸ
2403 4799 2729 4871 κοιμηθῆναι
2757 4800 2919 4854 αὑτὸν
2971 4801 3409 4875 ἐξεγερθήσεται,
3446 4803 3630 4875 φησιν,
3664 4804 3747 4856 ὅτι

2177 4892 2378 4965 Κύριος
2400 4892 2747 4964 ἀντιλήψεται
2774 4893 2955 4947 αὑτοῦ.
2979 4895 3272 4963 Κοίμησιν
3294 4895 3351 4948 δὲ
3377 4896 3627 4967 σημαίνει
3655 4895 3747 4948 τὸν

2180 4983 2429 5049 θάνατον,
2462 4986 2581 5055 μεθ’
2614 4983 2672 5037 ὃν
2702 4982 2870 5038 ταῦτα
2904 4984 3123 5039 ἔσεσθαι
3154 4987 3279 5058 περὶ
3321 4986 3486 5041 αὑτοῦ
3530 5004 3745 5059 προφη-

2178 5074 2343 5139 τεύει,
2372 5073 2711 5145 ἀναπέμπων
2748 5074 2837 5125 ἐπὶ
2875 5074 2964 5126 τὸν
2993 5075 3181 5146 χρόνον
3220 5076 3318 5147 τῆς
3359 5075 3453 5129 τοῦ
3497 5076 3746 5147 Σωτῆρος

2181 5165 2505 5237 παρουσίας,
2540 5163 2660 5235 μεθ’
2691 5163 2750 5217 ὃν
2780 5164 2965 5227 τέλους
2994 5165 3181 5237 ἔτυχεν
3214 5168 3246 5238 ἡ
3280 5167 3611 5240 προφητεία’
3659 5168 3745 5221 ὅτε

2178 5257 2272 5311 καὶ
2319 5256 2511 5329 μέχρις
2555 5256 2682 5328 ᾅδου
2731 5258 2971 5323 καταϐὰς
3014 5262 3043 5314 6
3089 5261 3217 5325 Υίὸς
3262 5260 3355 5315 τοῦ
3387 5259 3671 5330 ἀνθρώπου
3715 5260 3747 5311 6

2177 5350 2432 5423 Χριστὸς,
2471 5351 2563 5405 καὶ
2596 5350 2703 5404 τῶν
2736 5352 2852 5404 ἐκεῖ
2891 5352 3314 5426 προσδοκώντων
3344 5352 3524 5423 ἄφιξιν
3556 5351 3745 5424 Σωτὴρ

2177 5442 2481 5515 ἐπεδείχθη,
2512 5444 2587 5508 ὡς
2622 5442 2735 5515 ἅμα
2767 5447 2833 5516 τῇ
2876 5445 3041 5499 αὑτοῦ
3093 5447 3157 5498 ὲκ
3201 5445 3407 5518 νεκρῶν
3451 5444 3744 5501 ἀναστάσει

2179 5535 2346 5589 πολλὰ
2378 5535 2603 5607 σώματα
2638 5536 2745 5589 τῶν
2800 5535 2970 5604 ἁγίων
3019 5536 3128 5590 τῶν
3159 5538 3572 5609 κεκοιμημένων
3618 5553 3744 5590 συν-

2178 5627 2471 5699 αναστῆναι
2501 5627 2669 5700 αύτῷ,
2687 5629 2744 5681 ἐν
2774 5624 2855 5692 οἷς
2884 5627 3031 5693 είκδς
3055 5627 3193 5684 εἶναι
3212 5630 3309 5684 καὶ
3338 5629 3436 5699 τὴν
3468 5628 3561 5683 τοῦ
3583 5627 3745 5683 Δαυῒδ

2177 5722 2372 5793 ψυχήν.
2401 5720 2628 5792 Θαρσῶν
2664 5721 2721 5775 δὲ
2749 5725 2814 5793 τῇ
2850 5722 3074 5793 δυνάμει
3116 5721 3214 5792 τῆς
3262 5723 3602 5786 ἀναστάσεως
3650 5719 3740 5774 τοῦ
