4042 6210
341 235 414 291 9'7
721 298 724 301 _
1481 240 1984 299 COMMENTARIA
2026 244 2090 302 IN
2131 246 2466 305 PSALMOS.
3522 267 3592 323 93

338 360 624 432 Σωτῆρος,
662 362 729 415 δι’
776 357 846 435 ἧς
875 362 1073 435 ἤμελλε
1118 362 1212 419 καὶ
1259 364 1419 429 αὐτὸς
1469 366 1754 438 κοιμηθεὶς
1806 369 1921 437 ἐξε-

2022 370 2259 427 Davidis.
2299 370 2498 427 Fidens
2533 381 2713 428 autem
2741 374 2925 430 virtuti
2955 378 3373 439 resurrectionis
3406 379 3590 440 Salva-

338 450 740 523 γερθήσεσθαι,
769 456 938 525 φησιν
957 473 971 486 '

2025 464 2179 530 toris,
2213 479 2310 534 per
2334 479 2501 534 quam
2539 472 2595 519 et
2623 465 2739 535 ipse
2764 452 3042 525 dormiens
3070 471 3420 531 suscitandus
3452 486 3589 544 erat,

2022 555 2099 609 ait
2132 576 2144 609 :

408 634 499 686 Οὐ
530 633 1072 704 φοϐηθήσομαιὼτὸ
1096 636 1399 705 μυριάδων
1418 638 1569 693 λαοῦ
1591 637 1706 693 τῶν
1720 642 1921 709 κύκλῳ

2091 647 2258 705 Vsus.
2289 650 2343 703 7.
2378 646 2502 703 Non
2533 648 2932 729 timebomiltia
2985 654 3166 723 populi
3210 656 3587 716 circumdantis

338 725 892 795 συνεπιτιθεμένων
913 744 1034 796 μοι.
1082 728 1344 802 Προεώρα
1388 734 1496 804 γάρ
1539 733 1623 787 ὅτι
1664 736 1920 807 μυριάδες

2019 754 2120 792 me.
2149 736 2484 792 Praevidehat
2504 737 2649 792 enim
2680 725 2848 792 multa
2878 738 2993 795 fore
3026 740 3460 800 adversariarum
3490 761 3588 816 po-

341 816 740 885 ἀντικειμένων
788 816 1070 889 δυνάμεων
1130 819 1480 893 βουλήσονται
1531 826 1775 894 ἐπισχεῖν
1822 825 1918 897 τὴν

2018 836 2279 885 testatum
2312 829 2501 893 millia,
2553 844 2673 899 quae
2719 838 3033 886 sanctorum
3091 837 3582 904 resurrectionem,

344 905 459 958 τῶν
512 909 679 974 ἁγίων
736 908 1029 963 ἀναϐίωσιν
1055 953 1070 978 ,
1124 913 1576 986 διαφθονούμεναι
1623 920 1688 990 τῇ
1740 919 1917 973 αὐτῶν

2018 939 2206 978 εοιιιιιι
2239 923 2400 979 saluti
2432 922 2755 986 invidentes.
2791 924 3134 994 interpellare
3166 928 3404 984 vellent:
3448 946 3585 1002 quos

350 998 595 1092 σωτηρίᾳ
615 993 736 1092 ’ᾃῶν
778 999 909 1069 ἐγὼ,
940 1003 1129 1074 φησὶν,
1165 1005 1317 1075 λόγον
1370 1007 1565 1061 οὐδένα·
1599 1011 1913 1081 ποιήσομαι,

2016 1032 2137 1087 ego,
2193 1015 2392 1084 inquit,
2439 1015 2597 1069 nihili
2652 1013 2873 1080 faciam,
2908 993 3145 1073 conlisus
3195 993 3584 1092 propugnatori

347 1088 567 1163 θαρρῶν
591 1090 668 1161 τῷ
696 1092 1074 1167 ὐπερασπιστῇ
1107 1114 1230 1167 μου,
1256 1097 1334 1169 τῷ
1369 1099 1463 1153 τοῦ
1502 1099 1731 1154 Θανάτου
1761 1120 1915 1173 νικη-

2017 1122 2157 1171 ιιιεο,
2188 1106 2381 1162 mortis
2406 1106 2636 1173 victori;
2660 1106 2751 1177 qui
2782 1108 3034 1163 contritis
3063 1088 3218 1165 aereis
3248 1088 3458 1170 foribus
3492 1129 3585 1170 ve-

346 1186 414 1254 τῇ
437 1201 451 1213 ο
483 1184 541 1247 ὃς
569 1183 631 1255 δὴ
663 1183 832 1256 θύρας
859 1187 1064 1257 χαλκάς
1090 1191 1380 1262 συντρίψας
1408 1193 1499 1246 καὶ
1528 1193 1754 1264 μοχλοὺς
1770 1196 1915 1267 σιδη-

2022 1197 2313 1267 ctibusque
2372 1196 2564 1253 ferreis
2625 1198 2944 1261 confractis.
2995 1199 3246 1261 occlusas
3291 1218 3322 1258 a
3383 1205 3583 1262 saeculo

347 1273 476 1344 ροῦς
505 1275 818 1341 συνθλάσας,
840 1277 939 1342 τὰς
964 1279 1023 1344 ἐξ
1047 1281 1238 1346 αἰῶνος
1273 1283 1774 1354 ἀποκεκλεισμένας
1820 1287 1913 1340 τοῦ

2013 1297 2200 1358 portas
2222 1287 2415 1343 mortis
2432 1287 2663 1359 aperuit,
2698 1289 2948 1359 uotisque
2977 1290 3094 1346 suis
3129 1291 3203 1346 ibi
3236 1292 3578 1364 degentibus,

341 1366 572 1421 Θανάτου
595 1369 767 1433 πύλας
796 1370 1027 1441 ἀνέῳξεν
1042 1389 1055 1402 ·
1084 1373 1200 1426 ὁδόν
1223 1392 1281 1427 τε
1304 1376 1651 1441 ἀναστάσεως
1672 1379 1912 1450 παρέσχε

341 1464 453 1522 τοῖς
470 1462 657 1515 αὐτόθι
683 1463 978 1522 γνωρίμοις
1007 1465 1190 1522 αὐτοῦ.
1221 1460 1294 1519 ὧν
1316 1462 1396 1522 εἷς
1426 1469 1601 1522 αὐτῶν
1643 1465 1710 1522 ἦν
1751 1473 1780 1522 6
1809 1473 1911 1522 Δα-

2011 1394 2042 1434 ε
2069 1392 2302 1448 quorum
2336 1394 2565 1435 numero
2604 1378 2772 1435 David
2819 1390 2968 1445 erat,
3020 1381 3091 1437 ad
3123 1385 3578 1443 resurrectionem

2010 1473 2154 1522 viam
2207 1473 2437 1522 naravit.
2500 1471 2862 1522 Quamobrem
2917 1475 2969 1522 in
3003 1467 3111 1522 alio
3155 1477 3364 1522 nsalmn
3394 1479 3533 1522 dixit
3562 1500 3575 1513 -

338 1464 453 1525 τοῖς
470 1462 657 1515 αὐτόθι
683 1463 978 1535 γνωρίμοις
1007 1465 1190 1531 αὐτοῦ,
1221 1460 1294 1519 ὧν
1316 1462 1396 1531 εἷς
1426 1469 1601 1522 αὐτῶν
1643 1465 1710 1541 ἦν
1751 1473 1780 1523 6
1809 1473 1911 1525 Δα-

2010 1473 2154 1526 viam
2207 1473 2437 1542 paravit.
2500 1471 2862 1540 Quamobrem
2916 1475 2969 1528 in
3003 1467 3111 1528 alio
3155 1477 3364 1546 psalmo
3394 1479 3576 1537 dixit:

338 1465 453 1525 τοῖς
470 1465 657 1515 αὐτόθι
683 1465 978 1535 γνωρίμοις
1007 1465 1190 1531 αὐτοῦ,
1221 1465 1294 1519 ὧν
1316 1465 1396 1531 εἷς
1426 1469 1601 1522 αὐτῶν
1643 1465 1710 1541 ἦν
1751 1473 1780 1523 6
1809 1473 1911 1525 Δα-

337 1553 443 1605 υῖδ.
498 1555 589 1609 Διὸ
617 1558 674 1608 ἐν
715 1556 887 1627 ἑτέρῳ
913 1555 1113 1628 ψαλμῷ
1143 1558 1357 1627 ἔλεγεν·
1413 1561 1770 1631 Ἐγνώρισάς
1809 1581 1909 1631 μοι

2010 1473 2154 1526 viam
2207 1473 2437 1542 paravit.
2500 1471 2862 1540 Quamobrem
2916 1475 2969 1528 in
3003 1467 3111 1528 alio
3155 1477 3364 1546 psalmo
3394 1479 3577 1537 dixit:

2014 1562 2185 1620 Notas
2216 1567 2345 1620 milii
2366 1567 2538 1635 fecisti
2594 1568 2705 1622 vias
2741 1567 2860 1621 vita
2890 1583 2908 1620 :
2936 1566 3249 1637 adimplebis
3282 1586 3363 1625 me
3392 1571 3578 1627 laetitia

336 1646 520 1713 ὀδοὺς
554 1646 721 1715 ζωῆςο
754 1649 1091 1716 πληρώσεις
1105 1668 1181 1720 με
1198 1655 1576 1722 εὐφροσύνης
1609 1655 1758 1725 μετὰ
1803 1654 1908 1710 τοῦ

336 1738 670 1784 sanandum“
703 1758 831 1784 (rm).

942 1649 1091 1715 baeic
1105 1668 1181 1720 με
1198 1655 1576 1722 εὐφροσύνης
1609 1655 1758 1725 μετὰ
1803 1654 1908 1710 τοῦ
1941 1728 1983 1784 Β
2011 1674 2128 1712 cum
2161 1661 2305 1714 vultu
2335 1670 2425 1714 tuo
2450 1660 2538 1715 ¹⁸⁶.

335 1754 670 1804 προσωπου
703 1758 832 1795 σου.
1942 1754 1983 1784 ⁸³

376 1755 670 1804 ροσωπου
703 1758 832 1795 σου.
1942 1755 1972 1784 ⁸³

429 1830 711 1895 Ἀνάστα,
740 1835 936 1901 Κύριε,
968 1835 1174 1890 σῶσόν
1192 1855 1302 1906 με,
1347 1842 1379 1893 ὀ
1419 1838 1563 1905 Θεός
1598 1857 1738 1908 μου.
1783 1842 1910 1895 Ὀτι

2091 1838 2251 1896 Vens.
2286 1840 2340 1895 8.
2371 1838 2628 1911 Exsurge,
2657 1840 2899 1906 Domine,
2941 1840 3148 1897 salvum
3192 1820 3271 1898 me
3299 1844 3407 1913 fac,
3434 1816 3575 1900 Deus

341 1922 428 1977 σὺ
461 1924 1010 1997 ἐπάταξαςπάντας
1036 1931 1176 1999 τοὺς
1205 1932 1631 2001 ἐχθραίνοντάς
1667 1952 1767 2003 μοι
1793 1954 1906 2005 μα·-

2015 1949 2182 1987 meus.
2254 1932 2515 1999 Quoniam
2560 1944 2615 1987 tu
2666 1934 2971 2003 percussisti
3015 1950 3193 1989 omnes
3240 1931 3573 1991 adversantes

339 2016 542 2082 ταίως·
579 2015 828 2086 ὀδόντας
853 2022 1213 2091 ἁμαρτωλῶν
1238 2024 1626 2094 συνέτριψας.
1668 2028 1777 2082 Τοῦ
1802 2032 1911 2082 Κυ-

2015 2023 2144 2077 mihi
2176 2023 2288 2077 sine
2321 2039 2506 2086 causa,
2539 2023 2718 2077 dentes
2747 2032 3078 2093 peccatorum
3106 2026 3421 2081 contrivisti.
3464 2027 3574 2080 Do-

328 2107 476 2174 ρίου
496 2110 534 2177 ἡ
569 2113 850 2179 σωτηρία,
868 2115 964 2168 καὶ
985 2116 1080 2169 ἐπὶ
1114 2116 1221 2170 τὸν
1260 2117 1414 2171 λαόν
1451 2132 1566 2172 σου
1599 2120 1637 2187 ἡ
1662 2122 1910 2190 εὐλογία

2014 2114 2144 2168 mini
2191 2123 2269 2168 est
2305 2114 2474 2180 salus,
2526 2124 2577 2168 et
2604 2130 2760 2182 super
2795 2114 3045 2185 populum
3088 2126 3237 2171 tuum
3288 2115 3573 2171 benedictio

331 2218 473 2256 σου.
503 2203 804 2270 Πιστεύσας
832 2210 897 2279 τῇ
924 2208 1229 2280 προγνώσει
1252 2210 1350 2282 τῆς
1371 2212 1738 2284 γενησομένης
1761 2215 1909 2287 αὐτῷ

2015 2213 2127 2261 tua.
2166 2204 2307 2261 Cum
2340 2207 2678 2277 prospiceret
2712 2208 2944 2263 salutem
2978 2207 3105 2271 sibi,
3138 2215 3262 2279 post
3291 2208 3571 2264 dormitio—

335 2295 476 2365 μετὰ
517 2295 630 2365 τὴν
662 2299 944 2368 κοίμησιν
977 2301 1222 2355 τουτέστι
1272 2301 1366 2355 τοῦ
1418 2302 1648 2357 θανάτου
1686 2306 1774 2360 διά
1809 2306 1908 2377 τῆς

2014 2317 2129 2355 nem
2175 2301 2290 2356 sive
2335 2300 2567 2363 obitum,
2602 2300 2832 2357 salutari
2875 2301 3049 2371 gratia
3093 2309 3258 2372 atque
3304 2301 3573 2359 beneficio

334 2390 604 2460 σωτηρίου
638 2390 853 2462 χάριτος
880 2393 973 2447 καὶ
1004 2393 1352 2465 εὐεργεσίας’
1393 2395 1475 2448 ὅτι
1512 2411 1570 2448 τε
1600 2395 1699 2449 οὐκ
1731 2396 1905 2460 ἄλλως

2013 2388 2422 2457 conferendam,
2457 2391 2669 2461 ipsique
2706 2390 2865 2446 fidem
2912 2392 3171 2459 haberet;
3204 2400 3388 2448 certus
3426 2393 3570 2448 hanc

330 2479 486 2534 ἔσται
520 2481 553 2553 ἢ
605 2485 701 2536 σὺν
730 2486 795 2555 τῇ
824 2484 986 2538 αὐτοῦ
1007 2484 1101 2539 τοῦ
1130 2486 1379 2558 Σωτῆρος
1419 2486 1735 2551 ἀναστάσει,
1778 2488 1907 2542 ἀκο-

330 2571 350 2591 ﬁ
369 2588 383 2591 Α
408 2572 458 2591 οη
596 2576 618 2591 η
811 2578 823 2591 ι
1010 2577 1033 2589 α
1234 2579 1258 2590 ο
1294 2580 1336 2591 σο
1424 2579 1437 2591 ι
1569 2579 1580 2591 ι
1681 2580 1693 2591 α
1752 2580 1764 2591 ι

2011 2482 2227 2537 nonnisi
2264 2481 2319 2535 in
2362 2482 2763 2538 resurrectione
2816 2480 3118 2540 Salvatoris
3144 2499 3306 2554 posse
3339 2485 3444 2540 sibi
3483 2486 3574 2541 ob-

329 2571 538 2638 λούθως
566 2576 779 2647 εὐχεται
808 2577 1127 2649 ἐπιταχῦναι
1166 2579 1262 2632 τοῦ
1294 2579 1500 2651 Κυρίου
1529 2579 1628 2651 τὴν
1669 2580 1875 2634 ἀνάστα

335 2680 441 2725 σιν,
472 2665 616 2730 ὅπως
654 2668 719 2720 δι’
756 2668 923 2733 αὐτῆς
955 2668 1092 2733 τύχῃ
1131 2672 1224 2723 καὶ
1282 2670 1443 2733 αὐτὸς
1470 2671 1569 2733 τῆς
1594 2672 1864 2733 σωτηρίας
1885 2690 1898 2704 ·

2009 2575 2216 2638 venire,
2255 2580 2658 2641 consequenter
2709 2582 2974 2643 precatur
3014 2575 3306 2630 accelerari
3356 2574 3570 2633 Domini

2009 2663 2488 2726 resurrectionem,
2520 2671 2580 2717 ut
2607 2678 2702 2733 per
2730 2678 2849 2718 eam
2884 2670 2938 2718 et
2965 2664 3081 2733 ipse
3112 2665 3343 2720 salutem
3378 2681 3571 2722 conse-

335 2680 441 2725 σιν,
472 2665 616 2730 ὅπως
654 2668 719 2720 δι’
756 2668 923 2739 αὐτῆς
955 2668 1092 2742 τύχῃ
1131 2672 1224 2723 καὶ
1282 2670 1443 2734 αὐτὸς
1470 2671 1569 2743 τῆς
1594 2672 1864 2743 σωτηρίας
1885 2690 1898 2704 ·
2009 2665 2488 2726 resurrectionem,
2520 2671 2580 2717 ut
2607 2678 2702 2733 per
2730 2678 2849 2718 eam
2884 2670 2938 2718 et
2965 2665 3081 2733 ipse
3112 2665 3343 2720 salutem
3378 2681 3568 2722 conse-

330 2754 416 2807 διό
456 2773 637 2827 φησιν·
683 2756 951 2822 Ἀνάστα,
980 2761 1174 2827 Κύριε,
1196 2758 1404 2813 σῶσόν
1417 2778 1514 2830 με.
1546 2764 1578 2814 ό
1606 2762 1900 2831 Θεόςμου.
2008 2765 2227 2830 quatur.
2262 2756 2627 2824 Quamobrem
2656 2756 2767 2811 ait:
2815 2754 3070 2827 Exsurge,
3095 2755 3335 2821 Domine,
3362 2758 3568 2814 salvum

328 2844 377 2893 Ν
383 2847 578 2917 ικητὴν
603 2846 658 2899 δέ
686 2847 776 2921 τρν
799 2849 1025 2920 Σωτῆρα
1042 2848 1196 2913 εἰδὼς
1230 2850 1444 2903 πάντων
1467 2850 1576 2903 τῶν
1606 2850 1903 2904 ἐπιϐουλῶν

328 2933 419 2986 τοῦ
466 2936 574 2989 τῶν
606 2937 902 2997 ἀνθρώπων
938 2939 1161 2997 γένους.
1204 2941 1472 2997 δαιμόνων
1515 2941 1767 2997 πονηρῶν
1810 2942 1904 2996 καὶ

2009 2866 2091 2904 me
2111 2850 2219 2916 fac,
2244 2847 2385 2904 Deus
2410 2864 2554 2903 meus
2571 2863 2590 2901 :
2627 2862 2940 2919 gnatusque
2970 2846 3211 2903 futurum
3231 2846 3566 2905 Salvatorem

2008 2943 2252 2997 omnium
2306 2942 2521 2997 ueneris
2575 2942 2798 2996 humani
2854 2934 3198 2997 insidiarum.
3261 2943 3565 2997 daemonum

320 2933 419 2986 τοῦ
466 2936 574 2989 τῶν
606 2937 902 3007 ἀνθρώπων
938 2939 1161 3007 γένους,
1204 2941 1472 3007 δαιμόνων
1515 2941 1767 3007 πονηρῶν
1810 2942 1904 2996 καὶ

2008 2943 2252 2999 omnium
2306 2942 2521 3007 generis
2575 2942 2798 2996 humani
2854 2934 3198 3007 insidiarum,
3261 2943 3564 2999 daemonum

325 2942 419 2986 του
466 2942 574 2989 τῶν
606 2942 902 3009 ἀνθρώπων
938 2942 1161 3008 γένους,
1204 2942 1472 3011 δαιμόνων
1515 2942 1767 3013 πονηρῶν
1810 2942 1904 2996 καὶ

325 3025 615 3097 δυνάμεων
656 3030 1038 3100 ἀντικειμένων
1059 3070 1075 3093 ,
1100 3032 1263 3103 φησίν
1281 3049 1295 3062 ·
1344 3034 1461 3085 Ὅτι
1489 3034 1570 3087 σὺ
1599 3032 1903 3102 ἐπάταξας

2008 2943 2252 2999 omnium
2306 2942 2521 3014 generis
2575 2942 2798 2996 humani
2854 2942 3198 3007 insidiarum,
3261 2943 3560 2999 daemonum

1964 3089 1977 3104 _
2009 3034 2135 3091 item
2185 3043 2239 3090 et
2276 3034 2713 3089 adversariarum
2771 3041 3102 3104 potestatum
3133 3034 3418 3100 victorem,
3449 3036 3560 3090 ait:

328 3118 566 3185 πάντας
593 3120 734 3187 τοὺς
757 3078 1179 3190 ἐχθραίνοντᾶ
1203 3140 1305 3191 μοι
1325 3125 1604 3191 ματαίως.
1641 3078 1898 3188 Οὖτωξτδ

1970 3091 1977 3110 ι
2009 3078 2135 3091 ⁸’ν“⁵⁸
2186 3078 2239 3090 ν’
2276 3078 2522 3089 “““⁵’“’““”““
2539 3078 2609 3087 ““’“
2626 3078 2713 3088 "'""
2772 3078 2817 3104 εν
2845 3078 3102 3089 "“"""'"'
3144 3078 3418 3100 “""’"’""
3449 3078 3560 3090 ἠ’

1970 3130 1977 3148 ⁸
2011 3124 2276 3191 Quoniam
2302 3132 2357 3176 tu
2383 3122 2689 3191 percussisti
2721 3137 2897 3178 omnes
2937 3120 3267 3177 adversantes
3297 3122 3424 3176 milii
3455 3121 3566 3177 site

341 3210 629 3281 Ἐὄραῖκὸν
681 3212 756 3283 (l)
799 3214 898 3267 οὐκ
927 3211 1036 3283 ἔχει
1061 3252 1076 3276 ,
1102 3214 1385 3282 ματαίως,
1420 3213 1576 3281 ἀλλά,
1611 3216 1893 3285 σιαγόνα·

2009 3231 2192 3270 causa.
2222 3212 2549 3269 Hebraicum
2597 3213 2873 3282 exemplar
2923 3229 3032 3268 non
3081 3214 3162 3268 sic
3215 3214 3399 3278 habet,
3453 3214 3566 3270 sine

326 3301 380 3353 oi
410 3303 467 3355 δὲ
509 3303 927 3375 Ἑϐδομήκοντα,
953 3307 1235 3374 ματαίως,
1264 3304 1531 3371 ἐξέδωκαν
1551 3345 1566 3368 ,
1606 3305 1639 3376 ἢ
1665 3306 1804 3360 κατά
1831 3308 1899 3361 τὰ

2002 3323 2190 3373 causa,
2222 3307 2341 3369 sed,
2371 3306 2427 3360 in
2473 3305 2795 3369 maxillam;
2829 3303 3179 3377 Septuaginta
3224 3322 3356 3361 vero
3390 3303 3561 3361 Inter—

325 3394 528 3466 ἀρχαῖα
562 3386 867 3467 ἀντίγραφα
898 3396 1098 3468 ἑτέρως
1119 3397 1406 3469 ἐσχηκότα,
1432 3397 1574 3452 καθά
1600 3400 1732 3467 φασί
1757 3417 1898 3464 τινες

2002 3406 2203 3470 pretes,
2241 3398 2352 3452 sine
2378 3412 2563 3459 causa,
2593 3395 2903 3460 ediderunt,
2939 3396 3052 3451 sive
3091 3395 3219 3466 quia
3262 3397 3559 3452 vetustiora

324 3488 434 3541 τῶν
473 3488 768 3560 Ἐϐραίων,
795 3489 827 3559 ἢ
863 3488 964 3559 τῆς
988 3488 1185 3553 λέξεως
1215 3488 1277 3542 τὸ
1314 3488 1525 3552 εὐτελὲς
1554 3489 1894 3559 ἀποφεύγον-

2002 3490 2329 3560 exemplaria
2364 3488 2664 3553 variabant,
2694 3495 2751 3541 ut
2773 3487 2992 3557 quidam
3022 3486 3372 3541 Hebraeorum
3405 3490 3560 3543 testi—

320 3597 436 3645 τες.
470 3580 645 3634 Οίονεὶ
675 3579 731 3633 δὲ
766 3579 1106 3651 κοιμώμενον
1122 3580 1335 3643 δεικνὺς
1361 3578 1451 3632 τὸν
1476 3580 1629 3643 Θεὸν,
1661 3582 1751 3634 ὅτε
1780 3581 1896 3634 πεί-

324 3690 426 3721 ρας
460 3672 619 3721 ἕνεκα
652 3672 962 3721 παρέδωκεν
991 3673 1139 3721 ἡμᾶς
1162 3674 1284 3721 ταῖς
1301 3671 1703 3721 ἀντικειμέναις
1734 3671 1895 3721 δυνά-

2001 3580 2266 3635 ﬁcautur:
2329 3579 2442 3633 sive
2500 3585 2552 3631 ut
2613 3592 2642 3631 a
2710 3576 2862 3631 vocis
2935 3576 3142 3631 vilitate
3196 3575 3553 3634 declinarent.

2000 3669 2167 3721 Deum
2200 3684 2329 3721 vero
2363 3670 2518 3721 auasi
2552 3674 2665 3721 tum
2698 3666 3056 3721 dormientem
3080 3666 3553 3721 adumbrans.cum

1232 3674 1284 3723 ῖς
1301 3671 1703 3723 ἀντικειμέναις
1734 3671 1895 3723 δυνά·
2000 3669 2167 3723 Deum
2200 3684 2329 3723 vero
2363 3670 2518 3723 quasi
2552 3674 2665 3721 tum
2698 3666 2828 3721 dorn

2000 3669 2167 3723 Deum
2200 3684 2329 3723 vero
2363 3670 2518 3723 auasi
2552 3674 2665 3721 tum
2698 3666 3056 3722 dormientem
3080 3666 3556 3723 adumbrans.cuin

322 3690 426 3744 ρας
460 3672 619 3726 ἓνεκα
652 3672 962 3744 παρέδωκεν
991 3673 1139 3744 ἡμᾶς
1162 3674 1284 3734 ταῖς
1301 3671 1703 3742 ἀντικειμέναις
1734 3671 1895 3725 δυνά-

322 3783 452 3829 μεσι
477 3806 491 3829 ,
520 3765 850 3829 διανίστησιν
893 3765 1071 3819 αὐτόν.
1121 3765 1274 3829 Τάχα
1299 3764 1356 3817 δὲ
1400 3764 1493 3817 καὶ
1528 3765 1618 3816 ὅτε
1651 3764 1743 3817 τὸν
1783 3764 1895 3816 Σω-

2000 3669 2167 3725 Deum
2200 3684 2329 3725 vero
2363 3670 2518 3739 quasi
2552 3674 2665 3721 tum
2698 3666 3056 3722 dormientem
3080 3666 3555 3729 adumbrans,cuin

1998 3762 2240 3818 tentandi
2280 3775 2446 3816 causa
2477 3760 2808 3815 adversariis
2836 3774 2937 3814 nos
2980 3759 3343 3829 potestatibus
3386 3760 3555 3814 tradi-

322 3783 452 3836 μεσι
477 3806 491 3831 ,
520 3781 850 3836 οιανιστησιν
893 3781 1071 3819 αὐτον.
1122 3781 1274 3835 ἰαχα
1299 3781 1356 3817 οε
1400 3781 1493 3817 και
1528 3781 1618 3816 οτε
1651 3781 1743 3817 τον
1784 3781 1895 3816 ιω-

322 3859 465 3925 τῆρα
487 3859 628 3925 ὑπὲρ
647 3858 803 3925 ἡμῶν
827 3859 1044 3913 πάντων
1074 3860 1408 3925 παρέδωκεν,
1430 3854 1718 3910 ἐκάθευδεν
1746 3852 1893 3925 αὐτῷ

1998 3781 2240 3818 tentandi
2280 3781 2446 3816 causa
2477 3781 2808 3815 adversariis
2836 3781 2937 3814 nos
2980 3781 3343 3829 puwswuuus
3387 3781 3551 3814 "'30!-

1998 3851 2097 3915 dit,
2156 3852 2335 3920 ipsum
2382 3864 2412 3902 a
2446 3863 2640 3905 somno
2697 3848 2924 3902 excitat.
2975 3845 3042 3900 Et
3092 3845 3343 3902 fortassis
3390 3845 3551 3900 etiam

316 3861 465 3932 τῆρα
487 3861 628 3931 ὑπὲρ
647 3861 803 3930 ἡμῶν
827 3861 1044 3913 πάντων
1074 3861 1408 3931 παρέδωκεν,
1430 3861 1718 3910 ἐκάθευδεν
1746 3861 1893 3925 αὐτῷ

313 3952 343 4001 6
372 3950 568 4012 Πατήρ
586 3966 600 3981 ο
655 3948 959 4002 Ἀνίσταται
988 3948 1047 4002 δὲ
1078 3946 1266 4012 σώζων
1290 3947 1450 4001 αὐτὸν
1478 3945 1770 3999 πατάσσων
1793 3944 1890 3997 αὐ-

1998 3861 2097 3915 ait,
2156 3861 2335 3920 ipsum
2382 3864 2412 3902 a
2446 3863 2640 3905 somno
2697 3861 2924 3902 excitat.
2978 3861 3042 3900 bl
3092 3861 3343 3902 toriass1s
3390 3861 3552 3900 etiam

1995 3949 2129 3996 tunc
2185 3932 2345 3995 Pater
2387 3938 2690 4001 dormierit,
2739 3953 2864 3992 cum
2922 3935 3257 3992 Salvatorem
3304 3942 3553 3991 nostrum

384 3966 527 4020 ιιατη
537 3966 568 4021 ρ
586 3966 600 3981 ο
661 3966 959 4002 Ανισταται
988 3966 1047 4002 οε
1078 3966 1266 4012 σωςων
1290 3966 1450 4001 αυτον
1478 3966 1770 3999 πατασσων
1793 3966 1890 3997 αυ-

384 4042 415 4096 ῦ
448 4045 574 4106 τοὺς
604 4042 849 4111 ἐχθροὺς,
881 4043 913 4111 ἢ
943 4043 1070 4104 τοὺς
1114 4041 1421 4104 Ἰουδαίους,
1453 4040 1486 4111 ἢ
1521 4040 1645 4102 τοὺς
1671 4038 1891 4109 νοητοὺς

1998 3966 2129 3996 ιυΙΙυ
2185 3966 2344 3995 ratur
2387 3966 2690 4001 υυηιιιῠῐιι,
2739 3966 2864 3992 υυΙΙΙ
2923 3966 3257 3992 ιῠιιινᾱιιυιῦιιι
3305 3966 3553 3991 ιιυθιιυιιι

1996 4047 2096 4103 pro
2139 4031 2298 4087 nobis
2340 4029 2597 4086 omnibus
2637 4028 2891 4083 tradidit:
2938 4028 3208 4082 excitatur
3263 4033 3443 4081 autem
3491 4033 3553 4080 ut

309 4043 415 4097 τοῦ
448 4045 574 4106 τοὺς
604 4043 849 4114 ἐχθροὺς,
881 4043 913 4114 ἢ
943 4043 1070 4104 τοὺς
1114 4043 1421 4104 Ἰουδαίους,
1453 4043 1486 4111 ἦ
1521 4043 1645 4102 τοὺς
1671 4043 1891 4109 νοητοὺς

311 4136 531 4204 ἀλόγως
578 4135 975 4207 ἐχθραίνοντας.
1037 4132 1191 4186 Μετά
1226 4132 1334 4204 γάρ
1380 4131 1490 4184 τῶν
1537 4129 1833 4201 μισούντων
1861 4130 1889 4182 6

1996 4047 2096 4103 pro
2139 4043 2298 4087 nonis
2340 4043 2597 4086 omnibus
2637 4043 2891 4083 trauiait:
2938 4043 3208 4082 excitatur
3263 4043 3443 4081 autem
3491 4043 3548 4080 ιιι

1995 4126 2225 4179 salutem
2256 4123 2359 4195 ipsi
2390 4121 2660 4187 conferat,
2710 4121 3090 4191 percutiatque
3126 4120 3381 4175 inimicos
3407 4117 3548 4187 ejus,

313 4230 476 4299 ἀγιός
505 4231 652 4281 ἐστιν
689 4225 978 4299 εἰρηνικὸς,
1012 4223 1237 4293 ἀγαπῶν
1266 4225 1391 4287 τοὺς
1410 4222 1651 4294 ἐχθρούς·
1684 4220 1889 4292 ἀνθρω-
1996 4233 2118 4272 cum
2149 4216 2386 4282 Judazos,
2443 4227 2554 4272 tum
2616 4215 2986 4285 intelligibiles
3034 4213 3241 4280 hostes,
3299 4212 3393 4283 qui
3433 4212 3549 4266 sine

316 4320 598 4373 πινότερον
626 4321 654 4372 6
688 4317 760 4373 μὴ
795 4316 1006 4373 ματαίω
1018 4333 1036 4373 ;
1066 4314 1361 4373 ὲνθραίνων
1397 4300 1699 4373 ἀμύνεσθαι
1724 4311 1880 4365 θέλει·
1995 4328 2160 4368 causa
2189 4313 2365 4373 ipsum
2397 4311 2648 4366 oderunt.
2684 4306 2818 4361 Nam
2844 4307 2928 4362 vel
2960 4322 3083 4362 cum
3117 4306 3186 4360 iis
3217 4305 3310 4373 qui
3344 4319 3403 4360 se
3424 4301 3551 4358 odio

316 4320 598 4392 πινότερον
626 4321 654 4372 ό
687 4317 761 4389 μὴ
794 4316 1006 4388 ματαίω
1017 4333 1036 4378 ς
1066 4314 1361 4386 ὲχθραίνων
1397 4314 1699 4384 ἀμύνεσθαι
1724 4314 1880 4365 θέλει·

318 4409 726 4474 θεοσεϐέστερον
746 4407 803 4461 δὲ
833 4406 923 4460 διά
948 4405 1009 4457 τὸ
1030 4403 1333 4474 ἀληθεύειν.
1366 4404 1509 4474 Ἔφη
1538 4402 1646 4473 γὰρ
1675 4403 1704 4454 ὁ
1736 4400 1883 4454 Παῦ-

1995 4328 2160 4368 causa
2189 4314 2365 4383 ipsum
2397 4314 2648 4366 oderunt.
2684 4314 2818 4361 Nam
2844 4314 2928 4362 vel
2960 4322 3083 4362 cum
3117 4314 3186 4360 iis
3217 4314 3310 4373 qui
3344 4319 3403 4360 se
3424 4314 3545 4358 ooio

1949 4454 1964 4474 ι
1993 4405 2194 4459 habent
2223 4404 2307 4459 vir
2338 4412 2560 4458 sanctus
2592 4401 2855 4471 pacificus
2911 4405 3018 4462 est,
3069 4395 3429 4464 inimicosque
3460 4393 3545 4449 di—

319 4500 412 4562 λος
431 4515 443 4527 ·
483 4461 717 4569 Ἐχθρὺς
734 4499 874 4568 ὑμῖν
902 4446 1131 4568 γέγονα,
1150 4446 1470 4564 ἀληθεύειὶ
1486 4446 1561 4565 ξεί
1594 4446 1734 4564 ύμῖν
1758 4510 1770 4523 ·
1804 4493 1887 4546 '0-

1993 4446 2194 4459 ..-se...
2338 4446 2560 4458 "ne---
2592 4446 2854 4471 μνη---
2914 4446 3018 4462 ---,
3468 4446 3515 4449 ε-

1954 4456 2141 4569 Ἰἰεὶιε
2179 4495 2475 4551 humanius
2524 4505 2706 4549 autem
2744 4491 2909 4547 sentit
2961 4489 3057 4559 qui
3105 4502 3231 4542 cum
3279 4502 3389 4541 non
3425 4486 3550 4543 sine

323 4593 476 4645 ποῖον
493 4591 582 4645 καὶ
612 4594 669 4644 ὲν
697 4592 944 4663 Ψαλμοῖς
969 4591 1051 4655 τὸ,
1091 4589 1236 4659 οὐχί
1266 4588 1406 4654 τοὺς
1431 4587 1760 4657 μισοῦντάς
1787 4600 1882 4652 σε,

1990 4604 2158 4645 causa
2208 4589 2370 4643 alicui
2401 4587 2656 4642 inimicus
2685 4586 2776 4651 sit,
2823 4584 3085 4639 ultionem
3138 4580 3380 4652 expetit.:
3422 4582 3546 4637 reli-

320 4643 518 4749 Κύριε,
534 4643 557 4645 ἡ
573 4643 884 4751 ἐμίσησειὲ⁷
902 4643 1070 4735 7
1088 4643 1656 4748 οὐίὲπιόουλευτικὴν
1688 4643 1779 4747 ἐίο
1787 4643 1884 4745 ραν

1990 4681 2197 4751 giosius
2237 4692 2403 4750 porro
2430 4676 2543 4733 veri
2584 4675 2799 4731 dicendi
2834 4687 3002 4729 causa
3053 4671 3213 4746 [tales
3250 4671 3546 4728 inimicitiae

318 4772 559 4843 νοητέον,
592 4772 725 4827 ἀλλὰ
749 4774 1053 4843 κωλυτικὴν
1072 4812 1086 4837 ,
1114 4771 1373 4843 χεομένης
1414 4769 1610 4830 κακίας
1641 4767 1720 4830 εἰς
1754 4766 1884 4819 πολ-

318 4865 465 4914 λούς.
494 4864 572 4914 Δι’
592 4864 780 4914 ἑαυτοῦ
808 4864 917 4914 γὰρ
939 4866 972 4914 ἦ
995 4865 1089 4914 καὶ
1116 4864 1181 4914 δι’
1205 4863 1364 4914 ἄλλου
1396 4861 1502 4914 vah
1530 4859 1626 4914 τὴν
1655 4857 1885 4914 δυνατὴν

1989 4768 2415 4844 suscipiuntur.)
2476 4768 2567 4823 Ait
2615 4769 2760 4824 enim
2809 4765 3050 4822 Paulus:
3105 4764 3359 4819 Inimicus
3406 4763 3543 4820 nobis

1988 4865 2162 4914 {actus
2187 4879 2304 4914 sum
2327 4877 2504 4914 verum
2524 4858 2701 4913 dicens
2717 4859 2786 4912 ¹⁸ι
2819 4857 2980 4914 uuale
3005 4857 3169 4911 etiam
3220 4855 3275 4909 in
3311 4852 3543 4910 Psalmis

316 4865 465 4929 λούς.
494 4864 572 4917 Δι’
592 4864 780 4918 ἑαυτοῦ
808 4864 917 4938 γὰρ
939 4866 973 4937 ἢ
995 4865 1089 4920 καὶ
1116 4864 1181 4918 δι’
1205 4863 1364 4918 ἄλλου
1396 4861 1503 4933 χρὴ
1530 4859 1626 4931 τὴν
1655 4859 1885 4929 δυνατὴν

319 4958 663 5027 προσάγοντα
719 4956 963 5027 βοήθειαν
1014 4956 1332 5027 θεραπεύειν
1351 4972 1366 4986 °
1410 4956 1444 5027 ἢ
1476 4953 1537 5007 τὺ
1579 4952 1883 5006 τελευταῖον

1985 4865 2162 4935 factus
2187 4879 2304 4917 sum
2327 4877 2504 4916 verum
2524 4859 2701 4913 dicens
2717 4859 2786 4912 ":
2819 4859 2980 4930 quale
3005 4859 3169 4911 etiam
3220 4859 3275 4909 in
3311 4859 3543 4910 Psalmis

1984 4952 2117 5009 illud
2144 4962 2259 5007 est:
2293 4949 2481 5004 Nonne
2507 4948 2599 5018 qui
2626 4945 2844 5000 oderunt
2868 4954 2937 5010 te,
2965 4944 3207 5011 Domine,
3236 4942 3449 4998 oderam
3464 4943 3545 4997 ⁸⁸7

319 4958 663 5030 προσάγοντα
719 4956 963 5028 βοήθειαν
1014 4956 1332 5030 θεραπεύειν
1351 4972 1366 4986 °
1410 4956 1444 5027 ἢ
1476 4956 1537 5007 τὸ
1579 4956 1883 5006 τελευταῖον

319 5050 569 5116 εὔχεσθαι
609 5050 735 5116 περὶ
776 5049 871 5103 τοῦ
922 5049 1250 5116 κολασθῆναι
1275 5048 1374 5116 τὴν
1424 5043 1704 5116 μοχθηράν
1742 5042 1876 5108 ἕξιν,

1984 4956 2117 5009 illud
2144 4962 2259 5007 est:
2293 4956 2481 5004 Nonne
2507 4956 2599 5018 qui
2626 4956 2844 5000 oderunt
2868 4956 2937 5010 te,
2965 4956 3207 5011 nomine,
3236 4956 3449 4998 oderam
3464 4956 3539 4997 ι’]

1984 5043 2054 5097 At
2086 5057 2196 5109 non
2230 5039 2579 5097 insidiantem
2615 5035 2957 5092 inimicitiam
3007 5033 3096 5089 hic
3138 5034 3407 5105 intelligas
3447 5048 3539 5087 ve-

313 5050 569 5122 εὔχεσθαι
609 5050 735 5121 περὶ
776 5050 871 5103 τοῦ
922 5050 1250 5120 κολασθῆναι
1275 5050 1374 5120 τὴν
1424 5050 1704 5118 μοχθηρὰν
1742 5050 1876 5108 ἕξιν,
1984 5050 2054 5097 At
2086 5057 2196 5109 non
2230 5050 2579 5097 insidiantem
2615 5050 2957 5092 inimicitiam
3007 5050 3096 5089 mc
3138 5050 3407 5105 intelligas
3447 5050 3537 5087 ve-

313 5147 482 5199 lEYouv
504 5142 863 5199 ἐκριζωθῆναι
904 5142 1012 5195 ἀπὸ
1046 5142 1139 5196 τοῦ
1190 5142 1431 5199 ἕξοντος·
1475 5131 1535 5194 οὗ
1575 5136 1878 5191 διδακτικόν
1984 5132 2099 5193 lim,
2131 5128 2226 5186 sed
2276 5126 2700 5199 impedientem;
2752 5123 2958 5178 malitia
3002 5122 3212 5178 scilicet
3250 5122 3307 5175 iii
3338 5117 3537 5172 inultos

313 5147 482 5216 ἤγουν
504 5142 863 5215 ἐκριζωθῆναι
904 5142 1012 5195 ἀπὸ
1046 5142 1139 5196 τοῦ
1190 5142 1431 5213 ἔχοντος·
1475 5142 1535 5194 οὒ
1575 5142 1878 5191 διδακτικόν

313 5236 408 5290 καὶ⁹
438 5235 519 5292 τό.
567 5234 984 5292 Προσεύχεσθε
1028 5232 1178 5292 ὑπὲρ
1229 5233 1347 5287 τῶν
1394 5228 1840 5292 ἐπηρεαζόντων
1859 5267 1874 5292 ,

1984 5142 2099 5193 ιιιιι,
2131 5142 2226 5186 seu
2276 5142 2700 5199 impedientem;
2752 5142 2958 5178 mantia
3002 5142 3212 5178 scuicet
3250 5142 3307 5175 ιιι
3338 5142 3536 5172 uiuiius

1980 5223 2196 5279 diﬂ‘usa.
2250 5222 2346 5277 Sui
2380 5235 2618 5292 namque
2650 5219 2733 5276 vel
2783 5218 2945 5272 etiam
2981 5216 3207 5271 alterius
3252 5224 3419 5266 causa
3446 5222 3536 5262 co-

311 5236 408 5290 κα’ς⁹
438 5235 519 5299 τό,
567 5235 984 5303 Προσεύχεσθε
1028 5235 1178 5301 ὑπὲρ
1229 5235 1347 5287 τῶν
1394 5235 1840 5300 ἐπηρεαζόντων
1859 5267 1874 5292 ,

308 5327 408 5380 καὶ
434 5326 530 5389 τὸ,
576 5323 866 5394 Ἀγαπᾶτε
901 5321 1045 5388 τοὺς
1085 5322 1336 5390 ἐχθροὺς
1380 5320 1569 5391 ὑμῶν.
1621 5321 1678 5372 '0
1709 5318 1765 5372 δὲ
1799 5317 1876 5389 μὴ

1980 5235 2196 5279 (11111153.
2250 5235 2346 5277 aut
2380 5235 2618 5292 namque
2650 5235 2733 5276 vel
2783 5235 2945 5272 etiam
2981 5235 3207 5271 alterius
3252 5235 3419 5266 causa
3446 5235 3532 5262 cu-

1980 5315 2171 5371 Iendus
2203 5313 2687 5385 observandusque
2714 5319 2802 5367 est
2853 5310 2945 5382 qui
2974 5309 3233 5364 auxilium
3281 5306 3532 5394 praestat;

310 5365 408 5380 """
445 5365 530 5389 "9
590 5365 863 5394 ηδ’*πυ-*ν
906 5365 1037 5388 νυνὶ
1086 5365 1327 5390 νέκυν-’νδ
1386 5365 1569 5391 νιν-’π’
1642 5365 1673 5372 ν
1713 5365 1764 5372 "
1799 5365 1876 5389 r“:

304 5419 480 5489 ψιλῶς
508 5418 762 5489 ἀγαπῶν,
803 5417 899 5472 καὶ
951 5416 1078 5487 περ)⁸
1115 5415 1175 5467 τὸ
1212 5414 1390 5478 καλῶς
1429 5412 1680 5484 γενέσθαι
1728 5410 1877 5483 αὐτῷ

1981 5410 2097 5466 sive
2132 5408 2349 5464 demum
2379 5365 2715 5479 precandum
2741 5414 2848 5469 est,
2876 5411 2935 5458 ut
2962 5402 3030 5457 de
3063 5397 3309 5477 improbo
3338 5390 3534 5446 aﬂectu

382 5574 447 5605 ιδ·
489 5571 633 5629 Psal.
663 5588 756 5637 xv,
786 5572 873 5628 lo.
950 5568 996 5601 "
1035 5567 1211 5624 Galat.
1248 5582 1332 5628 iv.
1369 5546 1454 5622 l6.
1530 5567 1574 5599 “
1605 5565 1751 5624 Psal.
1787 5561 2180 5631 ειτιιγιιι,ο21.

378 5732 453 5801 (l)
493 5732 551 5787 In
586 5732 848 5791 liebraico
884 5734 1098 5803 legitur,
1139 5712 1232 5794 ’ΠΒ
1258 5728 1402 5792 (ιιιοά
1422 5731 1510 5784 est
1531 5723 1772 5779 maxilla.

1623 5723 1772 5779 milia.
2029 5718 2114 5793 (Ξ)
2151 5717 2314 5775 Forte
2339 5715 2628 5788 legendum
2668 5713 2963 5785 ἀληθεύων.
2999 5706 3155 5761 Eutr.
3203 5779 3219 5798 .
