4066 6218
548 284 622 340 99
1235 284 1499 339 EUSEBII
1539 283 2019 339 CASSARIENSIS
2057 285 2204 339 OPP.
2247 283 2448 341 PARS.
2489 281 2576 338 111.
2609 283 3093 342 -—EXEGETICA.

3696 288 3797 343 iOO

549 404 688 460 ultio
717 413 1004 468 sumatur;
1037 404 1120 458 vel
1156 411 1215 456 ut
1264 403 1529 456 radicitus
1562 403 1787 456 tollatur
1826 403 1894 456 ab
1924 420 1989 458 eo
2029 420 2100 473 qu

2233 405 2496 473 συνεργεῖ,
2533 404 2626 456 καὶ
2659 402 2720 455 τὸ
2747 405 2804 456 ἐν
2828 401 3040 472 ἑϐδόμῳ
3065 401 3121 455 δὲ
3137 401 3334 473 ψαλμῷ
3359 401 3645 472 λεγόμενον
3666 420 3679 433 ·
3729 405 3800 456 El

547 498 632 552 sic
650 496 874 551 allectus
895 504 996 552 cst.
1024 496 1196 562 Quam
1213 509 1323 548 rem
1343 495 1499 547 docet
1514 494 1646 562 illud
1667 513 1680 548 :
1702 494 2000 548 Precamini
2022 511 2116 562 pro

545 591 611 642 iis
649 590 736 659 qui
784 606 872 643 vos
921 589 1159 643 molestia
1207 586 1539 656 aﬁiciunt";
1600 595 1652 641 et
1697 587 1866 642 illud:
1907 588 2117 658 Diligite

549 681 787 734 inimicos
834 691 1032 734 vestros
1064 681 1134 734 ³⁸.
1189 679 1292 745 Qui
1343 693 1508 749 porro
1555 694 1665 733 non
1714 680 1905 734 leviter
1947 691 2114 745 amat,

549 782 808 842 procurat
848 775 1012 829 etiam
1049 780 1108 827 ut
1163 773 1401 829 inimicis
1447 774 1588 830 bene
1626 775 1926 845 contingat.
1960 773 2116 830 Insu-

551 875 755 930 pcrque
795 863 919 917 illud
963 878 1014 914 in
1043 863 1272 932 septimo
1298 866 1506 934 psalmo
1534 868 1738 922 dictum
1769 889 1781 924 ε
1812 870 1870 924 Si
1898 873 2105 925 reddidi

553 951 951 1004 retribuentibus
973 954 1100 1005 mihi
1124 955 1283 1020 mala,
1309 957 1545 1010 decidam
1571 962 1756 1012 merito
1780 961 1844 1014 ab
1871 964 2100 1016 inimicis

545 1041 672 1093 meis
693 1041 862 1093 inanis
889 1043 956 1105 ”,
977 1043 1256 1112 perspicue
1277 1046 1434 1102 docet
1457 1050 1725 1105 neminem
1748 1052 1873 1107 odio
1897 1053 2100 1110 haben-

551 1138 680 1191 dum
703 1154 843 1192 esse.
882 1137 994 1192 Cur
1021 1139 1201 1209 itaque
1225 1141 1432 1195 dictum
1453 1149 1535 1196 est
1556 1159 1569 1195 :
1587 1139 1874 1212 Nonnequi
1894 1143 2115 1196 oderunt

547 1239 616 1292 te,
671 1229 908 1294 Domine,
953 1231 1272 1286 oderam”?
1304 1232 1416 1287 lmo
1449 1234 1631 1304 potius
1665 1235 1788 1304 quis
1826 1235 1962 1290 adeo
2008 1237 2111 1289 im-

546 1321 690 1390 pius,
730 1332 787 1374 ut
824 1338 947 1377 eum
976 1322 1102 1376 odio
1134 1322 1348 1385 haheat,
1395 1338 1553 1392 quem
1581 1321 1748 1378 Deum
1783 1322 2114 1377 arbitratur?

545 1413 648 1479 Qui
685 1415 850 1484 igitur
879 1413 1159 1470 Christum
1205 1415 1332 1470 odio
1384 1415 1586 1469 habent
1636 1430 1698 1469 ac
1749 1415 2108 1477 detestantur,

545 1505 716 1562 Deum
741 1507 977 1562 oderunt
1005 1526 1017 1561 :
1054 1525 1202 1570 nam,
1244 1509 1334 1578 qui
1361 1524 1440 1561 me
1463 1509 1667 1575 recipit,
1699 1507 1896 1578 inquit,
1928 1509 2108 1577 recipit

459 1623 464 1628 ο
543 1615 662 1652 eum
699 1600 786 1668 qui
831 1617 912 1652 me
970 1601 1111 1654 misit
1137 1600 1206 1666 ³¹;
1254 1609 1327 1664 et,
1379 1601 1465 1670 qui
1491 1601 1769 1669 conﬁtetur
1797 1597 2018 1660 Filium,
2061 1606 2111 1652 et

545 1691 764 1745 Patrem
808 1692 960 1747 habet
997 1693 1063 1759 ³³,
1099 1708 1163 1747 ac
1207 1693 1326 1747 vice
1373 1708 1552 1755 versa,
1601 1691 1691 1762 qui
1735 1689 1933 1744 Filium
1975 1691 2105 1757 odit,

2223 493 2611 549 ἀνταπέδωκα
2650 494 2772 559 τοῖς
2802 494 3273 548 ἀνταποδιὸοῦσί
3299 512 3400 564 μοι
3425 495 3582 548 κακὰ
3606 536 3621 561 ,
3653 495 3801 550 ἀπο-

2223 588 2461 658 πέσοιμι
2497 588 2610 656 ἄρα
2649 589 2765 642 ἀπὸ
2796 587 2913 641 τῶν
2941 587 3170 657 ἐχθρῶν
3202 606 3322 658 μου
3365 589 3539 655 κενὸς
3560 628 3574 652 ,
3613 588 3801 659 σαφῶς

2221 678 2460 732 διδάσκει
2487 679 2688 750 μηδένα
2712 682 2908 749 μισεῖν.
2940 681 3062 743 Πῶς
3085 676 3178 734 οῦν
3207 681 3420 752 εἴρηται
3439 697 3452 709 ’
3482 680 3628 750 Οὐχὶ
3659 682 3804 748 τοὺς

2217 769 2547 836 μισοῦντας
2571 786 2664 834 σε,
2689 772 2884 838 Κύριε.
2911 771 3203 840 ἐμίσησα;
3222 771 3441 825 Μᾶλλον
3465 771 3521 825 δὲ
3549 772 3629 836 τίς
3652 775 3802 826 ἐστιν

2221 859 2392 924 οὕτως
2420 861 2596 924 ἄθεος,
2628 862 2704 926 ὡς
2740 865 2915 934 μισεῖν
2944 863 3002 916 ὃν
3035 866 3247 935 ἡγεῖται
3282 863 3448 928 Θεόν;
3493 864 3658 934 Δῆλον
3681 861 3798 929 οῦν,

2219 953 2294 1017 ὼς
2337 957 2385 1008 οἱ
2421 955 2704 1026 μισοῦντες
2746 958 2838 1010 καὶ
2888 956 3408 1028 καταθεματίξοντες
3461 957 3664 1029 Ἰησοῦν
3710 979 3804 1031 μι-

2223 1047 2376 1102 σοῦσι
2408 1050 2500 1103 τὸν
2528 1048 2659 1104 Θεόν
2680 1069 2692 1081 ·
2738 1052 2800 1104 '0
2832 1051 2937 1123 γάρ
2959 1051 3081 1121 ἐμὲ,
3129 1052 3262 1123 φησὶ
3287 1091 3302 1115 ,
3341 1050 3662 1123 δεχόμενος
3701 1055 3800 1111 δέ-

2221 1161 2388 1214 χεται
2426 1142 2532 1195 τὸν
2579 1143 3028 1198 ἀποστείλαντά
3052 1160 3156 1214 με·
3211 1145 3336 1208 καὶ,
3385 1145 3439 1196 Ὁ
3486 1146 3802 1218 ὁμολογῶν

2237 1237 2344 1289 τὸν
2381 1235 2537 1300 Υίὸν,
2567 1235 2666 1288 καὶ
2701 1235 2806 1289 τὸν
2837 1236 3065 1305 Πατέρα
3105 1237 3228 1306 ἔχει
3249 1255 3261 1267 ·
3301 1237 3492 1292 οὐκοῦν
3514 1240 3605 1292 καὶ
3637 1243 3670 1294 ὀ
3709 1260 3802 1310 μι-

2219 1330 2347 1385 σῶν
2363 1327 2466 1382 τὸν
2476 1327 2730 1390 normal
2751 1328 2858 1381 τὸν
2871 1331 3098 1396 Πατέρα
3107 1328 3404 1397 μισεῖ.Καὶ
3419 1331 3524 1393 πᾶς
3537 1329 3594 1383 δὲ
3616 1331 3798 1403 ἁμαρ-

2217 1421 2389 1474 τάνων
2421 1423 2568 1490 μισεῖ
2588 1420 2677 1473 τὸν
2703 1420 2834 1472 Θεόν
2855 1437 2867 1450 ’
2909 1421 3056 1491 μισεῖ
3091 1420 3199 1492 γὰρ
3242 1421 3433 1491 σοφίαν
3467 1423 3559 1476 καὶ
3585 1423 3796 1477 δικαιοο

2220 1509 2408 1581 σύνην,
2441 1511 2580 1582 άπερ
2606 1511 2720 1562 ἐστὶ
2749 1509 3003 1580 Χριστός.
3037 1510 3146 1562 Καὶ
3174 1507 3226 1561 τί
3272 1508 3583 1578 θαυμαστὸν
3604 1551 3620 1575 ,
3655 1510 3791 1562 ὅπου

2218 1601 2407 1654 ἑαυτὸν
2441 1602 2468 1654 ὁ
2496 1599 2820 1672 ἁμαρτάνων
2848 1602 2995 1670 μισεῖ
3017 1615 3031 1664 ;
3054 1598 3209 1652 Κατὰ
3231 1599 3339 1671 γὰρ
3363 1597 3702 1670 Σολομῶντα·
3739 1601 3794 1651 Ὀ

2214 1692 2633 1761 ἀπωθούμενος
2685 1689 2961 1744 παιδείαν
3000 1689 3172 1760 μισεῖ
3230 1689 3466 1745 ἑαυτόν.
3514 1688 3723 1742 Οὐκοῦν
3763 1690 3797 1742 ὁ

545 1781 658 1836 odit
681 1793 727 1836 et
760 1782 976 1837 Patrem
1002 1784 1065 1837 ³⁸.
1094 1783 1353 1852 Quisquis
1379 1799 1506 1839 vero
1530 1789 1737 1854 peccat,
1763 1783 1877 1837 odit
1905 1782 2072 1837 Deum
2097 1803 2100 1835 :

2220 1783 2392 1854 μισῶν
2419 1785 2544 1848 τοὺς
2573 1783 2862 1854 μισοῦντας
2889 1783 2978 1836 τὸν
3007 1783 3139 1836 Θεὸν
3173 1782 3312 1854 πλὴν
3339 1782 3531 1852 λογίων
3563 1781 3671 1836 τῶν
3705 1780 3797 1834 εὑ-

541 1876 653 1930 odit
684 1877 883 1946 quippe
915 1876 1241 1944 sapientiam
1272 1875 1673 1946 justitiamque,
1703 1875 1914 1929 scilicet
1947 1872 2108 1928 Chri-

543 1987 710 2030 smm.
788 1972 996 2044 Ecquid
1054 1972 1305 2027 mirum?
1348 1974 1568 2042 quando
1617 1988 1675 2027 se
1705 1973 1821 2043 ipse
1855 1980 2110 2042 peccator

546 2067 688 2121 odit.
740 2064 902 2129 Nam,
938 2081 1006 2120 ex
1055 2064 1364 2132 Salomone,
1399 2068 1488 2137 qui
1515 2066 1709 2119 deserit
1751 2065 2108 2134 disciplinam,

541 2155 651 2209 odit
687 2155 1005 2224 seipsum“.
1056 2154 1240 2227 Itaque
1268 2156 1363 2226 qui
1396 2155 1513 2210 odit
1540 2171 1634 2211 eos
1653 2155 1747 2225 qui
1776 2154 1946 2210 Deum
1982 2154 2111 2209 ode-

545 2253 697 2310 runt,
733 2262 942 2313 omnes,
978 2249 1220 2318 exceptis
1270 2263 1402 2302 sane
1452 2247 1584 2301 viris
1633 2245 1997 2316 prudentibus
2047 2261 2111 2300 ac

541 2339 838 2408 religiosis,
891 2339 1016 2393 odio
1055 2339 1310 2403 habebit;
1348 2339 1456 2392 imo
1493 2338 1733 2408 seipsum
1767 2345 2104 2406 peccantem.

539 2429 725 2500 Neque
765 2447 894 2486 sane
945 2431 1265 2500 putandum,
1301 2431 1556 2485 animalia
1607 2446 1728 2485 esse
1779 2445 1900 2500 quae
1936 2428 2100 2483 Deum

540 2523 804 2578 oderunt:
866 2523 958 2578 sed
1017 2527 1156 2578 mala
1210 2523 1327 2592 ipsa
1370 2523 1684 2578 hominibus
1732 2519 2099 2582 obvenientia,

538 2616 718 2687 qualis
763 2625 846 2671 est
886 2616 1113 2687 malitia,
1154 2615 1272 2687 [Dei
1319 2617 1502 2671 odium
1547 2614 1817 2687 pariunt.]
1873 2615 2100 2683 ipseque

539 2708 797 2778 injustas,
835 2705 1104 2779 quatenus
1172 2707 1410 2777 iniustus
1467 2718 1570 2770 est,
1629 2707 1794 2762 Deum
1849 2705 1999 2771 odit;
2049 2704 2101 2758 id

2217 1875 2552 1929 σεϐεστάτων
2584 1875 2785 1938 πάντας
2809 1877 3030 1948 μισήσει
3056 1877 3149 1929 καὶ
3172 1875 3359 1929 ἑαυτὸν
3389 1875 3790 1946 ἁμαρτάνοντα.

2217 1967 2376 2020 Ὥστε
2406 1968 2466 2020 οὐ
2505 1965 2619 2032 ζῶα
2652 1966 2932 2037 νομιστέον
2960 1966 3028 2020 τὰ
3055 1967 3316 2037 μισοῦντα
3343 1967 3434 2021 τὸν
3463 1967 3594 2020 Θεὸν
3615 2008 3629 2031 ,
3655 1966 3795 2022 ἀλλὰ

2206 2063 2318 2123 τοῖς
2350 2060 2585 2128 λογικοῖς
2614 2059 2759 2114 κακὰ
2802 2059 3206 2131 συμϐεϐηκότα,
3231 2055 3341 2114 οἷον
3381 2062 3413 2131 ἡ
3447 2059 3627 2114 ἀδικία
3646 2078 3658 2090 °
3693 2062 3792 2115 καὶ

2206 2154 2235 2204 ὁ
2271 2152 2450 2216 ἄδικος
2497 2151 2631 2205 καθὸ
2677 2151 2860 2214 ἄδικος
2917 2156 3064 2223 μισεί
3092 2153 3181 2206 τὸν
3212 2152 3377 2220 Θεὸν,
3408 2153 3507 2224 τῆς
3552 2155 3610 2205 ὲν
3637 2153 3790 2224 αὑτῷ

2207 2245 2420 2306 ἀδικίας
2442 2244 2599 2297 τοῦτο
2633 2243 2909 2316 ποιούσης.
2956 2244 3065 2297 Καὶ
3095 2244 3174 2297 δεῖ
3195 2243 3363 2297 ταῦτα
3393 2247 3569 2314 μισεῖν
3619 2243 3790 2315 ἐχθρὰ

2207 2337 2538 2406 τυγχάνοντα
2588 2337 3011 2407 προηγουμένως
3068 2337 3242 2408 ἡμῶν.
3297 2338 3406 2390 Καὶ
3453 2337 3640 2408 ὥσπερ
3674 2338 3788 2390 ἀπὸ

2205 2428 2540 2500 τελειότητος
2566 2427 2784 2500 ἔρχεται
2805 2428 3114 2500 δικαιοσύνη
3151 2429 3245 2483 καὶ
3280 2429 3620 2501 σωφροσύνη,
3645 2429 3789 2482 οὕτω

2206 2522 2301 2575 καὶ
2331 2520 2391 2573 τὸ
2418 2520 2616 2573 τοιόνδε
2647 2523 2818 2591 μῖσος.
2849 2520 3058 2574 Οὐκοῦν
3082 2522 3190 2584 πᾶς
3215 2521 3510 2593 ἐχθραίνων
3546 2522 3654 2575 τινὶ
3682 2539 3789 2592 μα-

2206 2613 2372 2676 ταίως
2421 2613 2725 2684 ἐχθραίνει⁸
2763 2615 2791 2667 ὃ
2827 2614 2890 2685 δὴ
2941 2613 3234 2686 προῦκειτο
3276 2615 3464 2682 δεῖξαι.
3526 2607 3787 2668 Τοιοῦτόν

2209 2707 2322 2757 ἐστι
2357 2705 2451 2758 καὶ
2477 2705 2556 2767 τὸ,
2600 2703 2932 2774 Ἐμίσησάν
2959 2723 3035 2774 με
3063 2705 3305 2773 δωρεάν.

536 2811 730 2874 egente
765 2804 968 2856 malitia
1008 2817 1128 2872 qua:
1160 2802 1302 2855 inest
1349 2801 1570 2856 eidem:
1607 2811 1769 2869 atque
1834 2798 1948 2852 haec
1977 2798 2128 2858 vitia,
2172 2804 2360 2866 utpote
2424 2797 2666 2862 inimica,
2707 2813 2908 2868 pcrosa
2964 2807 3178 2868 oportet
3222 2816 3344 2857 esse
3390 2802 3570 2872 potius
3619 2815 3782 2869 quam

535 2911 636 2951 nos
670 2897 834 2966 ipsos.
889 2894 1031 2950 Sane
1065 2903 1182 2948 uta
1229 2891 1560 2962 perfectione
1624 2893 1893 2957 prodeunt
1951 2891 2164 2962 justitia
2203 2900 2257 2945 et
2288 2895 2680 2962 temperantia,
2721 2895 2793 2947 ita
2847 2896 3033 2950 odium
3088 2897 3403 2966 hujusmodi
3459 2899 3647 2954 eodem
3705 2913 3776 2952 ex

534 2993 684 3048 fonte
733 2991 998 3060 procedit.
1046 2987 1305 3058 Quisquis
1347 3005 1476 3060 ergo
1505 2988 1629 3042 odio
1661 2987 1894 3056 aliquem
1930 2985 2112 3046 habet,
2156 2992 2359 3039 temere
2421 3000 2486 3038 ac
2517 3001 2652 3041 vane
2692 2987 2840 3042 odit:
2889 2988 3034 3059 quod
3088 2992 3245 3046 nobis
3295 2991 3630 3062 probandum
3696 2993 3785 3046 in-

533 3080 771 3144 cumbit;
812 3078 1125 3148 hujusmodi
1155 3079 1282 3133 item
1318 3079 1450 3134 illud
1493 3086 1598 3140 est,
1633 3076 1752 3132 odio
1801 3077 2087 3132 habuerunt
2119 3094 2198 3130 me
2215 3077 2381 3146 gratis
2404 3076 2467 3130 ³⁸.

602 3171 802 3226 Eorum
836 3186 964 3223 vero
997 3185 1163 3224 causa
1197 3171 1289 3240 qui
1323 3169 1575 3240 superius
1617 3169 1868 3223 dixerant
1903 3171 2099 3222 animm
2129 3186 2170 3242 ο

532 3265 671 3335 ejus,
705 3281 806 3317 non
839 3273 915 3316 est
949 3262 1096 3316 salus
1120 3263 1220 3332 ipsi
1247 3264 1299 3316 in
1333 3262 1438 3318 Deo
1464 3261 1602 3330 ejus,
1638 3277 1784 3316 nunc
1809 3263 1902 3324 ait,
1957 3260 2099 3316 Den-

533 3366 610 3413 tes
665 3367 1004 3424 peccatorum
1064 3355 1380 3417 contrivisti,
1433 3355 1534 3409 hoc
1572 3361 1677 3416 est,
1728 3369 2008 3408 sermones
2046 3362 2099 3407 ct

532 3449 848 3519 blasphema
887 3447 1031 3500 dicta
1062 3447 1350 3502 adversum
1403 3462 1488 3501 me
1530 3447 1743 3516 prolata
1790 3447 2097 3510 abstulisti;

532 3541 643 3595 imo
669 3555 820 3604 vero,
860 3555 954 3594 eos
994 3540 1085 3610 qui
1133 3539 1261 3592 talia
1291 3539 1578 3592 adversum
1612 3554 1698 3592 me
1746 3539 2094 3609 spargebant,

530 3633 726 3703 impios
763 3632 1013 3687 homines
1039 3633 1233 3688 alienis
1272 3632 1431 3686 malis
1465 3632 1784 3702 gaudentes,
1831 3631 2099 3684 contrivi-

533 3725 628 3787 sti,
685 3739 958 3794 vocesque
999 3739 1187 3777 eorum
1251 3723 1570 3778 confudisti.
1620 3723 1807 3793 Neque
1840 3722 1972 3777 mihi
2006 3724 2097 3776 uni

530 3825 656 3888 post
685 3817 893 3870 obitum
924 3855 938 3879 ,
971 3816 1066 3870 sed
1095 3817 1256 3870 etiam
1289 3817 1565 3878 universo,
1598 3819 1692 3886 qui
1724 3826 1850 3872 tuus
1882 3817 2096 3872 futurus

528 3915 667 3969 erat,
699 3907 894 3976 popqu
920 3910 1376 3960 resurrectionem
1416 3907 1640 3975 parasti.
1680 3905 2094 3962 Observandum

527 4004 708 4052 autem
742 4005 847 4060 est,
867 3997 987 4051 loco
1019 3997 1162 4051 illius
1188 3997 1358 4062 Vocis,
1388 3997 1556 4058 salus,
1589 3994 1908 4052 Hebraicam
1933 4013 2098 4052 usur-

529 4097 715 4159 patam
773 4105 896 4145 esse
946 4104 1154 4153 vocem,
1213 4104 1332 4158 quae
1371 4105 1569 4144 nomen
1610 4088 1741 4144 Jesu
1796 4091 2091 4160 exprimit:

527 4189 690 4251 atque
717 4183 888 4236 totius
923 4182 1115 4252 psalmi
1143 4183 1452 4245 terminum,
1486 4183 1595 4237 duo
1622 4183 1798 4252 capita
1835 4183 2096 4236 doctrina:

526 4275 849 4345 complecti;
905 4275 1161 4328 nimirum
1212 4275 1465 4329 virtutem
1528 4274 1741 4329 Domini
1795 4275 2091 4330 salutarem

523 4381 682 4434 esse;
717 4367 1000 4438 ipsumque
1029 4367 1227 4438 populo
1262 4383 1383 4426 suo.
1411 4369 1502 4438 qui
1527 4384 1622 4438 per
1649 4369 1826 4438 ipsum
1862 4367 2093 4421 salutem

527 4467 857 4515 consecutus
903 4467 1008 4524 est,
1051 4459 1480 4516 benedictionem
1515 4461 1940 4531 impertiturum.
1994 4457 2093 4514 Be-

2285 3167 2443 3220 Ἀλλὰ
2467 3169 2560 3220 καὶ
2587 3167 2673 3222 διὰ
2713 3169 2836 3232 τοὺς
2877 3167 3135 3240 ἀνωτέρω
3184 3170 3477 3242 εἰρηκότας
3521 3177 3585 3246 τῇ
3630 3176 3782 3250 ψυχῇ

2202 3260 2390 3325 αὑτοῦ,
2431 3263 2550 3314 Uine
2583 3261 2714 3314 ἐστι
2745 3262 3009 3328 σωτηρία
3033 3261 3194 3326 αὐτῷ
3218 3263 3287 3314 ἐν
3306 3262 3384 3327 τῷ
3414 3263 3534 3329 Θεῷ
3566 3268 3782 3335 αὐτοῦ,

2200 3353 2293 3406 νῦν
2323 3371 2485 3424 φησιν
2508 3370 2520 3382 ο
2571 3352 2840 3418 Ὀδόντας
2859 3348 3219 3421 ἁμαρτωλῶν
3243 3353 3629 3423 συνέτριψας,
3662 3377 3788 3413 του.

2199 3445 2346 3498 τέστι
2361 3446 2486 3507 τοὺς
2504 3444 2693 3512 λόγους
2717 3444 2810 3496 καὶ
2837 3444 2935 3507 τὰς
2956 3445 3075 3497 κατ’
3093 3443 3225 3514 ἐμοῦ
3249 3444 3596 3518 βλασφημίας
3626 3466 3696 3503 πε
3704 3469 3788 3522 ρι-

2198 3540 2368 3601 εῖλαςο
2408 3537 2542 3591 ἀλλὰ
2585 3537 2678 3590 καὶ
2712 3539 2908 3601 αὐτοὺς
2948 3539 3074 3601 τοὺς
3117 3540 3236 3592 κατ’
3271 3539 3404 3610 ἐμοῦ
3443 3540 3510 3595 τὰ
3552 3542 3784 3599 τοιαῦτα

2199 3627 2625 3698 φθεγξαμένους,
2651 3628 2866 3693 ἀσεϐεῖς
2896 3629 3056 3693 ὂντας
3098 3631 3193 3684 καὶ
3240 3632 3779 3705 ὲπιχαιρεσικάκους,

2201 3721 2546 3792 συνέτριψας,
2589 3723 2682 3775 καὶ
2709 3722 2808 3787 τὰς
2832 3721 3015 3792 φωνὰς
3047 3724 3224 3778 αὐτῶν
3251 3723 3614 3798 κατῄσχυνας.
3661 3729 3780 3782 Καὶ

2197 3813 2258 3866 οὐ
2290 3812 2448 3883 μόνον
2478 3829 2541 3881 γε
2571 3814 2691 3883 ἐμοὶ
2722 3815 2858 3884 μετὰ
2891 3816 2952 3868 τὸ
2979 3815 3309 3887 κοιμηθῆναι
3341 3819 3434 3872 καὶ
3473 3819 3776 3890 ἀναστῆναι

2198 3905 2492 3976 παρέσχου,
2518 3905 2652 3958 ἀλλὰ
2685 3909 2778 3959 κα)⁵
2810 3909 2972 3961 παντὶ
2994 3908 3070 3979 τῷ
3117 3910 3362 3980 μέλλοντι
3411 3911 3777 3982 χρηματίζειν

2199 4014 2291 4050 σου
2326 3997 2455 4067 λαῷ.
2507 3997 2784 4069 Τηρητέον
2827 3999 2883 4052 δὲ
2909 4039 2924 4062 ,
2959 4001 3069 4064 ὡς,
3105 4002 3226 4054 ἀντὶ
3258 4001 3352 4054 τοῦ
3386 4003 3679 4070 Σωτηριά,
3735 4005 3773 4075 ὴ

2207 4088 2467 4161 Ἐϐραῖκὴ
2499 4091 2648 4162 φωνὴ
2679 4090 2754 4162 (1)
2781 4091 2842 4144 τὸ
2889 4093 2995 4147 τοῦ
3049 4093 3244 4161 Ἰησοῦ
3287 4093 3458 4164 ὄνομα
3506 4093 3773 4166 παρείλη-

2196 4199 2328 4235 πται
2347 4199 2359 4211 ⁶
2393 4183 2486 4236 καὶ
2519 4182 2582 4254 δὴ
2612 4182 2672 4235 τὸ
2702 4185 3076 4256 συμπέρασμα
3100 4185 3192 4240 τοῦ
3218 4186 3416 4249 παντὸς
3451 4186 3544 4238 δύο
3585 4188 3775 4256 περιέ-

2197 4292 2279 4346 χει
2309 4274 2681 4340 διδασκαλίαςο
2719 4277 2800 4330 ὅτι
2833 4294 2889 4331 τε
2921 4280 2952 4348 ἡ
2986 4278 3080 4330 τοῦ
3113 4280 3316 4349 Κυρίου
3338 4278 3566 4348 δύναμις
3589 4283 3774 4352 σωτή-

2200 4368 2311 4438 ριός
2337 4368 2472 4428 ἐστι,
2505 4369 2597 4420 καὶ
2619 4368 2702 4422 ὅτι
2731 4368 2894 4432 αὐτὸς
2920 4368 2998 4440 τῷ
3025 4369 3190 4422 αὐτοῦ
3222 4368 3352 4438 λαῷ,
3390 4369 3468 4438 τῷ
3498 4369 3566 4422 δι’
3601 4372 3771 4426 αὑτοῦ

2199 4459 2542 4530 σεσωσμένῳ,
2573 4460 2672 4531 τὴν
2696 4460 2944 4528 εὐλογίαν
2975 4459 3220 4530 παρέξει.
3272 4459 3503 4529 Εὑλογία
3548 4462 3604 4515 δὲ
3634 4465 3773 4518 πάν-

526 4552 764 4608 nedictio
836 4562 1015 4609 autem
1063 4553 1364 4624 spiritualis
1422 4568 1647 4625 prorsus
1697 4559 1808 4613 est,
1863 4566 1931 4605 ex
1986 4551 2088 4606 hoc

2206 4568 2300 4614 τως
2344 4552 2688 4622 πνευματικὴ
2725 4551 2866 4605 κατὰ
2898 4551 2985 4604 τὸν
3028 4551 3344 4605 Ἀπόστολον
3371 4555 3590 4608 εἰπόντα
3612 4575 3623 4586 ·
3653 4559 3771 4610 Εὐ-

530 4647 770 4716 Apostoli
807 4647 989 4700 dicto:
1027 4646 1342 4700 Benedictus
1391 4645 1530 4698 Deus
1563 4654 1612 4699 et
1665 4643 1827 4698 Pater
1877 4643 2090 4697 Domini

525 4743 695 4795 nostri
721 4740 850 4795 Jesu
883 4739 1105 4804 Christi,
1128 4743 1218 4808 qui
1244 4740 1510 4793 benedixit
1542 4756 1637 4792 nos
1669 4740 1722 4792 in
1755 4739 1897 4793 omni
1933 4740 2086 4792 bene-

523 4831 749 4884 dictione
773 4830 1040 4900 spirituali
1067 4831 1120 4882 in
1153 4829 1444 4883 cwlestibus
1477 4830 1529 4881 in
1558 4828 1770 4880 Christo
1788 4827 1852 4880 ³⁸.
1886 4825 2052 4879 Proin
2074 4854 2087 4864 -

524 4923 700 4994 deque
726 4924 780 4978 in
813 4923 1015 4979 Christi
1049 4931 1171 4977 ortu
1215 4920 1455 4992 Joscpho
1485 4921 1690 4974 dictum
1739 4902 1839 4972 fuit
1884 4921 1951 4973 ah
1992 4935 2086 4972 an-

526 5016 676 5087 gelo:
717 5015 784 5068 Et
817 5015 1027 5070 vocabis
1059 5031 1245 5082 nomen
1279 5014 1391 5082 ejus
1425 5011 1630 5075 Iesum,
1665 5012 1774 5081 ipse
1807 5013 1945 5065 enim
1975 5011 2088 5064 sal-

524 5125 642 5163 vum
671 5109 829 5177 faciet
847 5109 1095 5178 populum
1125 5124 1278 5162 suum
1296 5107 1362 5171 ³⁷,
1397 5107 1490 5177 qui
1515 5107 1673 5162 etiam
1699 5105 1903 5176 populi,
1938 5104 2080 5158 beati

523 5208 807 5257 vocantur.
843 5199 969 5255 Haec
1011 5200 1398 5270 speculationis
1433 5214 1580 5253 more
1608 5198 1753 5252 dicta
1793 5205 1942 5252 sunt.
1973 5195 2080 5250 Po-

525 5302 632 5348 test
663 5294 825 5348 etiam
859 5292 967 5347 dici
1019 5293 1227 5355 isthaac,
1289 5311 1408 5364 quae
1453 5301 1633 5346 tamen
1686 5290 2002 5361 prophetice
2053 5305 2080 5342 a

526 5384 726 5440 Davide
755 5385 1111 5456 praenuntiata
1161 5385 1396 5452 fuerant,
1444 5384 1510 5438 ad
1570 5384 1805 5436 litteram
1858 5380 2079 5450 impleta

525 5477 691 5533 fuisse
729 5477 820 5532 illo
847 5486 1087 5548 tempore
1116 5493 1180 5532 ac
1211 5493 1393 5533 rerum
1425 5476 1903 5537 conditione,‘cum
1934 5471 2077 5526 illius

591 5592 633 5622 "’
678 5590 807 5646 Luc.
841 5606 928 5650 vi.
961 5590 1050 5646 28.
1126 5591 1172 5624 ’⁸
1213 5590 1399 5645 Matth.
1436 5609 1466 5643 v
1491 5632 1504 5652 ,
1540 5590 1627 5644 44.
1705 5591 1749 5619 ’³
1790 5587 1931 5643 Psal.
1964 5604 2075 5647 vn,
2109 5585 2162 5639 8.
2241 5586 2284 5618 ³ο
2324 5585 2465 5643 Psal.
2503 5605 2785 5653 cxxxvm,
2812 5593 2900 5646 2t.

2196 4643 2449 4712 λογητὸς
2481 4647 2513 4696 ό
2545 4644 2688 4709 Θεὸς
2720 4643 2819 4696 καὶ
2849 4644 3051 4712 Πατὴρ
3075 4645 3181 4697 τοῦ
3204 4647 3426 4713 Κυρίου
3454 4645 3620 4714 ἡμῶν
3664 4649 3770 4715 ’1η⁸

2197 4734 2312 4789 σοῦ
2340 4737 2596 4804 Χριστοῦ
2617 4754 2629 4766 ·
2657 4740 2688 4790 ό
2715 4735 3054 4806 εὐλογήσας
3089 4736 3246 4806 ἡμᾶς
3283 4739 3354 4792 ἐν
3390 4738 3556 4807 πάσῃ
3587 4743 3767 4794 εὐλο-

2195 4828 2292 4896 γίᾳ
2325 4820 2701 4899 πνευματικῇ
2737 4832 2808 4885 ἐν
2850 4833 2974 4898 τοῖς
3011 4831 3387 4901 ἐπουρανίοις
3418 4833 3487 4886 ἐν
3511 4833 3763 4902 Χριστῷ.

2199 4919 2388 4972 Ἔνθεν
2415 4923 2508 4974 ἐπὶ
2538 4923 2637 4992 τῆς
2682 4923 2776 4976 τοῦ
2807 4923 3056 4996 Σωτῆρος
3100 4925 3365 4992 γενέσεως
3402 4925 3647 4979 λέλεκται
3684 4926 3768 4996 τῷ

2208 5012 2401 5084 Ἰωσὴφ
2437 5014 2539 5067 ὑπὸ
2561 5012 2652 5066 τοῦ
2688 5015 2920 5083 ἀγγέλου
2943 5033 2956 5046 ·
3005 5016 3118 5069 Καὶ
3151 5017 3432 5082 καλέσεις
3474 5014 3536 5070 τὸ
3578 5017 3767 5086 ὄνομα

2189 5103 2374 5156 αὑτοῦ
2437 5104 2670 5172 Ἰησοῦν
2691 5123 2705 5134 ·
2750 5106 2934 5174 αὐτὸς
2960 5108 3070 5176 γὰρ
3112 5107 3295 5162 σώσει
3326 5108 3433 5162 τὸν
3461 5106 3614 5161 λαὸν
3659 5113 3766 5162 αὺ-

2191 5194 2315 5250 τοῦ.
2347 5194 2437 5258 οὓς
2468 5197 2561 5249 καὶ
2595 5200 2899 5270 μακαρίους
2927 5203 2955 5254 ὁ
2985 5201 3140 5270 λόγος
3185 5199 3409 5271 ἔφασκε.
3448 5199 3634 5253 Ταῦτα
3666 5202 3764 5271 μὲν

2189 5281 2282 5339 οὖν
2310 5304 2392 5350 τις
2413 5288 2552 5341 κατὰ
2575 5288 2806 5361 θεωρίαν
2833 5292 2940 5346 τῶν
2979 5291 3372 5364 προκειμένων.
3427 5291 3586 5344 Εἴποι
3611 5290 3657 5343 δ’
3699 5292 3764 5344 ἄν

2188 5395 2272 5444 τις
2295 5380 2387 5432 καὶ
2417 5380 2552 5451 πρὸς
2569 5381 2713 5449 λέξιν
2747 5384 3137 5458 πεπληρῶσθαι
3181 5385 3350 5438 αὑτάο
3397 5381 3764 5454 προλεχθέντα

2193 5471 2290 5541 μὲν
2317 5472 2419 5528 ὑπὸ
2451 5473 2545 5528 τοῦ
2563 5474 2724 5529 Δαυῗδ
2754 5477 3104 5549 προφητικῶς
3137 5479 3194 5532 ἐν
3239 5475 3416 5548 καιρῷ
3456 5474 3555 5544 τῆς
3609 5491 3759 5544 περιυ

2981 5593 3023 5624 ³¹
3061 5591 3248 5646 Matth.
3292 5592 3456 5656 L40.
3536 5592 3582 5623 "
3623 5591 3752 5649 ibid.

532 5660 747 5715 a’Joan.
775 5679 863 5721 xv,
895 5663 982 5716 23.
1060 5663 1103 5694 “
1125 5661 1282 5716 Prov.
1307 5679 1391 5725 xv,
1416 5663 1502 5717 52.
1583 5663 1625 5692 ³⁵
1658 5659 1798 5716 Psal.
1843 5675 2022 5722 xxxiv,
2057 5660 2100 5712 i!

2209 5659 2252 5688 ³⁸
2287 5660 2483 5729 Ephcs.
2513 5679 2549 5725 ι,
2696 5673 2736 5702 ³⁷
2776 5668 2958 5724 \latth.
2986 5689 3020 5734 ι,
3055 5673 3142 5736 ΕΗ,

587 5751 665 5810 lll
695 5752 951 5810 llebraica
988 5771 1089 5811 vox
1117 5765 1201 5814 est
1235 5775 1246 5809 :
1281 5764 1474 5820 nunc».
