4066 6218
342 292 440 346 ιοι

1467 287 1973 346 COMMENTARIA
2012 288 2078 343 IN
2117 287 2456 344 PSALMOS.

3489 295 3592 350 10‘:

339 410 606 472 στάσεως,
636 407 877 479 ὁπηνίκα
903 403 933 456 ὁ
957 407 1072 471 υίὸς
1093 407 1312 462 ἐδίωκεν
1339 409 1520 474 αὐτὸν,
1544 411 1636 464 ἐπὶ
1666 412 1838 483 πέρας
1861 412 1904 465 δὲ

2026 416 2444 480 persequeretur
2466 422 2590 464 eum
2615 425 2631 473 ;
2662 407 2758 462 sed
2786 407 2855 463 ad
2888 408 3180 464 terminum
3215 424 3326 464 non
3356 409 3585 464 multum

333 500 554 576 ἠγμένα
596 498 716 571 μετ’
761 500 823 552 οὐ
874 497 1009 553 πολὺ
1032 539 1048 563 ,
1083 499 1170 552 ὅτε
1205 501 1264 553 ὲν
1290 502 1356 572 τῇ
1377 499 1472 553 τοῦ
1515 502 1751 573 πολέμου
1779 519 1917 574 συμ-

333 592 459 663 ϐολῇ
493 590 688 645 πίπτει
724 589 824 661 μὲν
852 592 880 644 ὁ
921 589 1291 662 ’Δὸεσσαλὼμ,
1331 590 1588 645 πίπτουσι
1633 592 1691 645 δὲ
1723 594 1817 647 καὶ
1866 596 1915 647 οἱ

330 685 396 737 τὰ
439 682 581 753 φίλα
628 680 779 752 αὐτῷ
805 680 1160 751 φρονοῦντεςο
1210 684 1404 754 κρατεῖ
1438 682 1497 735 δὲ
1531 684 1575 753 ὁἢ
1607 682 1703 736 τοῦ
1753 677 1915 737 Δαυῖδ

333 776 647 848 πρόρρησις
678 776 711 846 ἡ
747 762 966 846 φήσασα
984 792 998 804 ·
1059 774 1179 827 Ὅτι
1215 773 1297 828 σὺ
1340 773 1641 842 ἐπάταξας
1686 772 1917 842 πάντας

328 868 468 935 τοὺς
492 863 930 937 ἐχθραίνοντάς
946 883 1047 935 μοι
1061 866 1323 936 ματαίως
1343 882 1357 897 ·
1384 865 1633 933 ὀδόντας
1656 868 1918 937 ἁμαρτω-

327 961 451 1016 λῶν
474 959 877 1030 συνέτριψας.
906 958 1016 1014 Τοῦ
1048 960 1267 1029 Κυρίου
1295 961 1334 1029 ἡ
1361 961 1647 1030 σωτηρία.
1681 961 1780 1015 καί
1814 960 1916 1013 ἐπὶ

328 1054 433 1109 τὸν
451 1054 620 1108 λαόν
648 1068 765 1107 σου
798 1054 838 1121 ἠ
874 1053 1119 1122 εὐλογία
1148 1066 1282 1107 σου.
1321 1051 1569 1122 Ἐλέγετσ
1588 1051 1719 1121 γοῦν
1742 1051 1915 1106 ταῦτα

330 1145 710 1218 προφητικῶς,
727 1144 804 1209 ὡς
823 1144 890 1199 ἂν
919 1144 1020 1217 ἥδη
1048 1144 1141 1198 τοῦ
1165 1144 1296 1199 λαοῦ
1319 1144 1681 1218 σεσωσμένον,
1697 1145 1792 1200 καὶ
1811 1136 1931 1199 ὑπο

332 1239 420 1293 τοῦ
446 1237 621 1293 Δαυῒδ
653 1255 788 1309 γενη
797 1237 985 1309 μένου.

742 1350 1077 1405 ΕΞΗΓΗΣΙΣ
1113 1351 1413 1406 ΨᾹΛΜΟΥ
1453 1353 1527 1406 Δ’.

434 1460 511 1531 (I)
540 1463 651 1527 Είς
669 1459 738 1514 τὸ
770 1459 946 1527 τέλος
976 1461 1047 1514 ὲν
1064 1461 1330 1532 ψαλμοῖς
1351 1460 1474 1532 ᾠδὴ
1500 1460 1579 1528 τῷ
1603 1461 1804 1518 Δαυτδ.

436 1578 543 1643 Είς
565 1575 635 1629 τὸ
657 1575 836 1643 τέλος
873 1573 946 1628 ἐν
970 1574 1183 1644 ὕμνοις
1207 1573 1451 1644 ψαλμὸς
1484 1574 1565 1643 τῷ
1604 1576 1802 1631 Δαυΐδ.

408 1669 619 1741 Ὥσπερ
650 1668 831 1739 πάσης
876 1669 1073 1739 τέχνης
1104 1668 1197 1722 καὶ
1234 1669 1540 1740 ἐπιστήμης
1582 1669 1733 1733 τέλος
1767 1668 1913 1724 ἐστὶν

2018 513 2207 575 postea
2252 503 2507 568 deducta,
2552 517 2677 557 cum
2719 502 2777 556 in
2822 518 3123 574 congressu
3170 503 3343 573 praelii
3389 502 3590 558 cecidit
3644 507 3652 511 ‘

2017 596 2271 652 Absalom
2303 636 2319 661 ,
2370 596 2686 652 ceciderunt
2759 596 2964 666 pariter
3015 596 3107 667 qui
3160 596 3280 665 ejus
3340 596 3586 666 partibus

2016 689 2321 745 haerebant:
2368 688 2713 760 obtinuitque
2738 687 3019 758 praedictio
3048 690 3136 743 illa
3162 688 3380 744 Davidis
3409 682 3587 750 :Quo-

2016 782 2162 834 niam
2210 789 2266 833 tu
2311 780 2622 849 percussisti
2670 796 2845 833 omnes
2903 778 3237 835 adversantes
3290 780 3418 834 mihi
3471 782 3585 835 sine

2017 890 2225 928 causa:
2268 872 2449 928 dentes
2502 883 2838 942 peccatorum
2887 874 3202 927 contrivisti.
3256 873 3469 928 Domini
3507 883 3585 927 est

2012 967 2181 1030 salus,
2248 975 2299 1021 et
2363 982 2520 1034 super
2568 966 2820 1043 populum
2883 975 3032 1019 tuum
3100 965 3392 1022 benedictio
3471 975 3582 1020 tua.

2018 1057 2144 1114 [huc
2174 1060 2359 1129 itaque
2407 1059 2724 1130 prophetico
2780 1056 2926 1112 dicta
2977 1067 3126 1123 sunt,
3178 1073 3242 1113 ac
3275 1060 3319 1114 si
3351 1058 3585 1130 populus

2010 1150 2123 1219 jam
2157 1150 2341 1205 salvus
2372 1157 2540 1214 esset,
2573 1156 2628 1205 et
2671 1150 2740 1204 ad
2794 1148 3016 1204 Davidis
3072 1148 3362 1219 imperium
3412 1148 3581 1204 redu-

2014 1250 2157 1298 ctus.

2380 1352 2783 1409 ENARRATIO
2825 1352 3077 1408 PSALMI
3111 1351 3198 1408 IV.

2191 1471 2246 1526 1.
2271 1467 2337 1524 In
2370 1471 2526 1540 ﬁnem
2555 1470 2612 1524 in
2638 1469 3168 1538 psalmis‘cantirum
3206 1466 3399 1522 David.

2262 1579 2330 1634 In
2357 1581 2514 1651 ﬁnem
2545 1580 2598 1634 in
2627 1580 2835 1651 hymnis
2868 1554 3104 1650 psalmus
3127 1577 3319 1633 David.

2086 1673 2239 1728 Sicut
2270 1673 2514 1743 cujusvis
2544 1674 2680 1729 artis
2711 1687 2775 1727 ac
2806 1673 3045 1727 scientiae
3073 1670 3197 1726 ﬁnis
3219 1678 3324 1739 est,
3351 1679 3410 1726 ut
3431 1670 3583 1741 quis-

341 1762 443 1832 (ξ).
473 1801 487 1814 .
512 1803 526 1815 .
546 1800 563 1814 .
591 1802 606 1815 .
637 1802 652 1815 .
681 1801 697 1818 .
723 1801 735 1814 .
763 1802 776 1816 .
814 1761 1147 1833 καταντῆσαι
1179 1760 1269 1815 τόν
1306 1762 1729 1833 μετερχόμενον·
1770 1762 1904 1817 οὕτω

2014 1764 2138 1834 quis
2164 1764 2334 1834 ipsam
2366 1764 2479 1818 adit
2508 1763 2573 1817 ad
2613 1762 2999 1833 perfectionem
3027 1762 3278 1816 deveniat
3307 1779 3322 1823 ;
3354 1762 3427 1817 ita
3458 1777 3579 1817 om-

347 1856 530 1925 πάσης
562 1853 774 1925 λογικῆς
801 1853 1038 1923 φύσεως,
1076 1853 1137 1907 τὸ
1166 1854 1224 1907 ὲν
1255 1852 1475 1925 Χριστῷ
1512 1854 1910 1929 ζωοποιηθῆναι

354 1947 505 2011 τέλος
532 1948 688 2011 ἐστὶν,
709 1947 776 2012 ὡς
796 1947 855 2001 ὲν
886 1949 954 2018 τῇ
989 1946 1178 2019 πρώτῃ
1209 1946 1347 2019 πρὸς
1378 1946 1693 2019 Κορινθίους
1719 1950 1747 2001 ὁ
1764 1947 1912 2001 Παῦο

361 2037 450 2101 λος
470 2055 593 2108 φησι
617 2038 777 2107 λέγων
798 2037 876 2109 τῷ
902 2038 1017 2109 ίδίῳ
1050 2037 1286 2109 τάγματι
1306 2054 1320 2068 ο
1345 2039 1501 2092 Δοκεῖ
1529 2054 1715 2109 μη.....
1852 2051 1911 2093 εν

363 2130 673 2203 ὑπογράφειν
703 2131 975 2195 ἁπάντων,
1004 2130 1078 2194 ὡς
1106 2132 1161 2183 αἱ
1185 2130 1415 2184 ἑκάστου
1446 2127 1909 2201 ζωοποιουμένου

354 2219 479 2292 πρὸς
503 2221 595 2294 τὴν
625 2220 782 2286 ἀξίαν
813 2220 948 2292 μετὰ
972 2220 1252 2292 βασάνους.
1283 2222 1354 2274 Ἦ
1384 2221 1477 2275 καὶ
1511 2218 1712 2275 τούτων
1743 2222 1910 2294 χωρὶς

350 2311 698 2381 ζωοποιήσας
727 2314 787 2368 δὲ
830 2312 1037 2377 πάντας
1081 2314 1313 2385 Χριστὸς
1357 2315 1415 2367 ὲν
1453 2314 1629 2386 ἑαυτῷ
1658 2315 1783 2379 τοὺς
1830 2314 1909 2386 τῷ

360 2404 516 2477 Ἀδὰμ
531 2405 967 2477 ἀποθνήσκοντας
992 2403 1261 2475 βασιλεύει
1277 2405 1395 2461 τῶν
1417 2404 1904 2475 ζωοποιηθέντωνο

348 2501 428 2569 ἐφ’
447 2500 475 2554 ὃ
495 2499 792 2573 παρεκάλει
801 2500 925 2563 τοὺς
951 2499 1226 2563 συνιέντας
1243 2500 1376 2569 ὴείς
1401 2498 1468 2552 τὸ
1491 2499 1663 2566 τέλος
1683 2502 1909 2572 ἐπιγρα-

350 2592 435 2663 φή.
453 2593 616 2646 Παντὶ
627 2592 686 2645 δὲ
702 2590 1086 2663 ἀγωνιζομένῳ
1109 2589 1260 2655 τέλος
1280 2591 1313 2662 ή
1336 2590 1480 2661 νίκη.
1498 2591 1692 2648 Πολλαὶ
1699 2591 1798 2663 μὲν
1814 2574 1917 2646 οὖν’

351 2685 402 2736 αἱ
424 2684 553 2737 κατὰ
587 2684 753 2756 μέρος
772 2684 939 2747 νίκαι,
974 2683 1068 2736 καὶ
1092 2680 1243 2746 τέλος
1273 2682 1306 2755 ἢ
1355 2682 1485 2735 ποτὲ
1534 2682 1630 2754 μὲν
1661 2682 1907 2752 λέγοντος

353 2773 569 2828 Παῦλον·
618 2777 723 2828 Ἐν
764 2775 995 2840 τούτοις
1022 2771 1210 2829 πᾶσιν
1241 2772 1647 2843 ὑπερνικῶμεν
1675 2774 1773 2828 διὰ
1798 2774 1905 2829 τοῦ

356 2864 756 2933 ἀγαπήσαντος
776 2863 966 2935 ἡμᾶς·
999 2863 1128 2917 ποτὲ
1159 2864 1217 2917 δέ
1239 2881 1252 2894 ·
1284 2865 1396 2919 Τὸν
1423 2863 1624 2936 ἀγῶνα
1654 2866 1761 2919 τὸν
1797 2881 1904 2919 κα-

369 2953 465 3007 λὸν
483 2957 820 3027 ἠγώνισμαι,
846 2957 956 3011 τὸν
982 2956 1205 3027 δρόμον
1230 2957 1530 3020 τετέλεκα,
1559 2956 1675 3025 τὴν
1698 2962 1905 3014 πίστιν

370 3046 657 3116 τετήρηκα·
685 3052 904 3104 λοιπὸν
936 3049 1243 3104 ἀπόκειταί
1275 3066 1378 3119 μοι
1404 3052 1437 3104 ό
1468 3047 1575 3118 τῆς
1598 3048 1902 3105 δικαιοσύ-

2015 1859 2101 1913 nis
2131 1857 2416 1912 rationalis
2443 1864 2654 1910 naturae
2685 1855 2808 1911 ﬁnis
2837 1864 2920 1910 est
2970 1863 3031 1907 ut
3079 1855 3132 1907 in
3163 1853 3383 1909 Christo
3412 1854 3579 1909 vitam

2013 1949 2284 2030 accipiat,
2323 1948 2784 2019 quemadmodum
2841 1948 2896 2002 in
2932 1948 3106 2018 prima
3154 1948 3219 2001 ad
3264 1945 3580 2002 Corinthios

2013 2040 2253 2112 Epistola
2273 2043 2349 2095 ait
2376 2040 2578 2096 Paulus
2610 2040 2676 2096 ³⁸.
2721 2079 2737 2094 .
2778 2079 2793 2094 .
2839 2080 2855 2095 .
2898 2081 2912 2096 .
2958 2080 2974 2095 .
3018 2082 3031 2094 .
3074 2078 3088 2093 .
3131 2078 3146 2094 .
3190 2038 3429 2110 Singulis
3458 2047 3581 2110 post

2011 2136 2288 2189 cruciatus
2316 2150 2415 2204 pro
2445 2133 2642 2189 merito
2676 2148 2779 2188 suo
2825 2132 3121 2202 viviﬁcatis.
3158 2130 3453 2202 Postquam
3480 2148 3582 2186 au-

2013 2231 2116 2278 tem
2144 2224 2393 2280 Christus
2421 2240 2613 2280 omnes
2640 2211 2734 2294 qui
2766 2223 2821 2277 in
2850 2222 3061 2277 Adamn
3091 2221 3291 2275 mortui
3329 2227 3506 2287 erant,
3524 2220 3579 2274 iu

2011 2317 2191 2386 seipso
2242 2317 2543 2386 vivi/icavit,
2604 2328 2797 2386 regnat
2829 2314 2882 2368 in
2914 2315 3251 2383 viviﬁcatos:
3302 2312 3369 2365 ad
3414 2326 3577 2382 quam

2009 2424 2123 2463 rem
2150 2409 2395 2464 homines
2412 2408 2767 2479 intelligentia
2787 2407 3043 2478 prreditos
3064 2402 3253 2461 evocat
3268 2404 3574 2474 inscriptio,

2010 2502 2064 2556 in
2090 2489 2266 2571 ﬁnem.
2295 2499 2456 2555 Omni
2508 2508 2691 2555 autem
2737 2499 3006 2569 prailianti
3044 2498 3167 2553 ﬁnis
3197 2498 3426 2551 victoria
3470 2506 3575 2553 est.

2021 2593 2200 2649 Multa:
2219 2607 2385 2664 porro
2410 2600 2538 2647 sunt
2558 2592 2869 2662 singulatim
2900 2598 3136 2660 acceptae
3160 2593 3579 2661 victarumqua-

2007 2702 2128 2741 rum
2144 2686 2302 2741 ﬁnem
2325 2680 2824 2744 describitPaulus,
2845 2680 3007 2736 modo
3030 2680 3251 2737 dicens:
3286 2679 3350 2734 In
3368 2682 3450 2735 his
3467 2697 3581 2735 om-

2007 2778 2162 2834 nibus
2192 2792 2509 2844 superamus
2530 2783 2746 2846 pr0pter
2759 2790 2882 2832 eum
2902 2775 2989 2845 qui
3011 2772 3195 2827 dilexit
3212 2789 3305 2826 nos
3328 2773 3394 2838 ³⁹;
3415 2772 3578 2826 modo

2006 2879 2218 2927 autem:
2240 2870 2444 2924 Bonum
2469 2877 2734 2923 certamen
2751 2866 2966 2929 certavi,
2988 2881 3203 2919 cursum
3218 2863 3598 2925 consummavi,

2005 2967 2162 3035 ﬁdem
2190 2964 2391 3020 servavi
2421 2978 2440 3017 :
2479 2964 2532 3016 in
2584 2962 2785 3030 reliquo
2825 2959 3051 3029 reposita
3103 2967 3179 3012 est
3222 2958 3350 3011 mihi
3379 2973 3576 3011 corona

1994 3056 2249 3127 justitiw,
2263 3071 2421 3126 quant
2439 3054 2616 3108 reddet
2638 3052 2768 3106 mihi
2784 3050 3042 3123 Dominus
3060 3049 3125 3103 ⁸ο.
3145 3047 3346 3103 Psalmi
3366 3048 3570 3119 itaque.

369 3140 777 3209 νηςστέφανος,
807 3141 882 3196 ὃν
916 3140 1214 3196 ἀποδώσει
1245 3158 1347 3211 μοι
1380 3143 1414 3195 ό
1454 3142 1691 3210 Κύριος.
1722 3143 1785 3195 Oi
1811 3138 1904 3197 οὖν

2009 3149 2065 3202 in
2096 3149 2255 3218 ﬁnem
2312 3148 2414 3217 ipsi
2444 3145 2618 3200 David
2675 3145 2948 3214 inscripti,
2983 3145 3141 3197 ﬁnem
3182 3140 3480 3212 praediCunt
3513 3156 3578 3194 ac

362 3232 791 3307 ἐπιγεγραμμένοι
819 3237 907 3301 είς
941 3235 1008 3288 τὸ
1046 3234 1222 3301 τέλος
1249 3232 1330 3300 τῷ
1367 3233 1568 3298 Δαυῒδ,
1622 3234 1773 3299 τέλος
1813 3237 1906 3289 καὶ

352 3323 489 3396 νίκην
507 3326 903 3397 ἀπαγγέλλουσι
930 3328 1024 3382 τοῦ
1040 3327 1275 3400 Χριστοῦ
1301 3327 1591 3398 λεγομένου
1607 3327 1784 3381 Δαυῖδ·
1812 3329 1907 3384 καὶ

342 3418 452 3472 ἀντὶ
476 3420 589 3487 τοῦ,
625 3423 714 3488 είς
747 3421 941 3488 τέλος,
977 3422 1118 3475 κατὰ
1152 3422 1258 3475 τδνι
1286 3420 1538 3485 Ἀκύλαν,
1570 3420 1903 3475 νικοποιοῦ.

344 3505 490 3561 Παντὶ
530 3511 649 3582 γὰρ
694 3511 1029 3583 νενικημένῳ
1075 3511 1485 3582 περιποιήσεται
1536 3511 1712 3583 νίκην.
1771 3512 1905 3566 Ὑπὸ

338 3598 551 3670 Χριστοῦ
585 3603 702 3675 γάρ
745 3621 826 3668 τις
868 3602 1198 3676 νικώμενος,
1242 3602 1339 3675 τὴν
1384 3603 1582 3657 κακίαν
1626 3604 1901 3675 νενίκηκε,

333 3695 515 3766 ταύτην
560 3694 909 3765 ἐξαφανίζων
942 3696 1019 3768 τῷ
1073 3696 1437 3768 ὑποτετάχθαι
1472 3697 1713 3770 Χριστῷ.
1758 3698 1906 3770 Νικᾷ

330 3787 427 3861 γὰρ
453 3790 555 3843 οὐκ
585 3790 847 3855 ἄκοντας,
875 3789 1011 3843 ἀλλὰ
1044 3789 1248 3843 πείθων
1276 3788 1353 3852 ὼς
1378 3788 1536 3858 λόγος
1570 3790 1725 3844 Θεοῦ.
1763 3790 1903 3854 Τοὺς

328 3877 379 3931 δὲ
401 3881 681 3944 τοιούτους
716 3880 918 3951 ὕμνους
946 3881 979 3952 ἢ
1010 3880 1278 3953 ψαλμοὺς,
1312 3883 1399 3947 είς
1443 3881 1510 3935 τὸ
1542 3881 1731 3948 νῖκος,
1769 3881 1901 3935 Θεο-

327 3969 495 4026 δοτίων
535 3973 858 4045 ἐπέγραψε·
909 3974 1205 4046 Σύμμαχος
1230 3974 1311 4041 δὲ,
1353 3974 1700 4040 ἐπινικίους.
1745 3973 1902 4028 Οὕτω

325 4064 377 4123 ἃ
406 4072 544 4127 νοεῖν
592 4066 836 4137 εὔλογον,
862 4067 967 4122 κᾶν
994 4068 1068 4139 μὴ
1093 4066 1171 4139 τῷ
1198 4066 1362 4121 Δαυῒδ
1390 4061 1522 4120 ὦσιν
1555 4068 1900 4139 ἐπιγεγραμ-

327 4163 482 4233 μένοι,
510 4164 642 4219 ἀλλ’
665 4166 752 4230 είς
792 4161 860 4217 τὸ
899 4160 1072 4227 τέλος
1117 4161 1277 4232 τυχὸν
1325 4159 1406 4227 τῷ
1447 4159 1649 4230 Ἀσάφ,
1695 4159 1730 4231 ἦ
1777 4161 1900 4227 τοῖς

322 4258 458 4324 υἱοῖς
482 4255 671 4327 Κορὲ,
701 4254 779 4326 τῷ
805 4255 930 4319 τοὺς
962 4255 1153 4324 ἁγίους
1184 4250 1530 4324 ἀναδεδέχθαι
1568 4253 1775 4316 πάντας
1802 4253 1900 4324 τὴν

322 4351 489 4404 εἰκόνα
519 4347 793 4422 Χριστοῦ.
819 4348 894 4399 Τὸ
923 4346 979 4400 δὲ
1005 4346 1076 4400 ἐν
1104 4345 1371 4416 ψαλμοῖς
1404 4344 1554 4417 παρὰ
1578 4347 1691 4409 τοῖς
1719 4344 1897 4399 Ἑϐδο-

326 4447 559 4514 μὴκοντα
599 4443 695 4496 καὶ
736 4442 984 4507 Ἀκύλας,
1020 4441 1137 4513 (sic)
1172 4440 1502 4512 σαφέστερον
1529 4442 1557 4494 ὁ
1583 4438 1895 4512 Σύμμαχος,

2006 3241 2290 3296 victoriam
2341 3238 2546 3294 Christi
2574 3279 2589 3301 ,
2633 3238 2727 3308 qui
2761 3235 2932 3291 David
2959 3243 3202 3290 vocatur.
3246 3232 3377 3287 Vice
3398 3240 3577 3287 autem

2006 3333 2174 3396 illius,
2204 3332 2258 3385 in
2282 3329 2769 3401 ﬁnem,secundum
2797 3328 3072 3398 Aquilam,
3100 3324 3574 3387 victoris,dicitur.

2004 3422 2055 3480 Is
2105 3424 2248 3479 enim
2298 3421 2522 3477 cuilibet
2549 3422 2694 3475 victo
2709 3419 2989 3491 victoriam
3022 3418 3242 3471 tribuet.
3264 3414 3396 3469 Nam
3421 3412 3576 3483 quis-

2003 3520 2127 3588 quis
2151 3533 2181 3571 a
2211 3516 2432 3571 Christo
2459 3514 2720 3575 vincitur,
2770 3511 3033 3565 malitiam
3065 3509 3254 3570 vincit,
3293 3508 3576 3576 ipsamque

2003 3612 2070 3665 de
2098 3611 2275 3664 medio
2301 3608 2461 3672 tollit,
2494 3607 2621 3678 quia
2650 3603 2939 3673 subjicitur
2960 3600 3201 3656 Christo.
3227 3597 3414 3669 Neque
3427 3598 3574 3652 enim

2004 3699 2206 3755 invitos
2238 3699 2406 3753 vincit
2436 3698 2547 3761 ille,
2574 3694 2672 3751 sed
2694 3693 2975 3755 suasione,
3008 3698 3197 3761 utpote
3213 3688 3438 3744 verbum
3457 3686 3572 3743 Dei.

2002 3792 2329 3863 IIujusmodi
2363 3806 2527 3863 porro
2573 3789 2807 3862 hymnos
2846 3787 2929 3841 vel
2974 3785 3216 3856 psalmos
3249 3781 3573 3846 Theodotio,

2000 3888 2055 3940 in
2077 3885 2378 3949 victoriam,
2404 3880 2686 3952 inscripsit
2716 3898 2731 3947 ;
2770 3877 3153 3950 Symmachus,
3207 3871 3573 3941 triumphales.

2002 3978 2316 4048 Eademque
2377 3977 2591 4032 ratione
2649 3970 3062 4042 intelligendum
3109 3976 3194 4024 est
3225 3966 3576 4025 etiamsinon

2001 4067 2196 4121 Davidi
2222 4065 2476 4136 inscripti
2505 4064 2639 4130 sint,
2677 4062 2774 4118 sed
2803 4061 2940 4115 forte
2962 4060 3018 4113 in
3052 4059 3209 4130 ﬁnem
3244 4057 3443 4126 Asaph,
3478 4064 3574 4109 aut

2001 4162 2130 4232 [iliis
2158 4160 2310 4227 Core,
2342 4160 2470 4230 quia
2518 4157 2692 4213 sancti
2718 4170 2909 4211 omnes
2947 4168 3045 4224 pro
3078 4152 3314 4223 imagine
3367 4149 3571 4205 Christi

2002 4253 2292 4308 habentur.
2350 4250 2487 4305 Illud
2545 4258 2722 4303 autem
2788 4247 2841 4299 in
2870 4245 3091 4313 psalmis
3140 4242 3285 4313 quod
3338 4242 3392 4295 in
3431 4237 3575 4293 LXX

2000 4356 2055 4403 et
2079 4347 2135 4401 in
2158 4344 2351 4415 Aquila
2375 4344 2594 4414 legitur,
2626 4339 2873 4410 apertius
2897 4337 3259 4408 Symmachus
3287 4349 3404 4385 cum
3431 4331 3574 4401 psal-

2003 4436 2146 4491 teriis
2197 4434 2416 4499 edidit;
2464 4433 2730 4500 docetque
2784 4444 2910 4482 cum
2960 4424 3237 4497 psalteriis
3292 4423 3570 4476 canticum

319 4534 405 4590 διὰ
437 4534 802 4605 ψαλτηρίων
824 4533 1053 4599 ἐξέδωκε
1083 4533 1323 4587 διδασκο.
1343 4574 1356 4587 .
1374 4574 1387 4587 .
1407 4573 1421 4586 .
1439 4569 1452 4585 .
1473 4571 1488 4585 .
1505 4572 1518 4585 .
1535 4572 1550 4586 .
1568 4570 1584 4587 .
1616 4532 1716 4604 τὴν
1750 4532 1893 4604 ᾠδὴν

2006 4528 2338 4601 persolutum
2388 4524 2577 4579 fuisse.
2644 4520 2909 4577 Psalteria
2965 4519 3164 4588 quippe
3209 4518 3572 4570 instrumenta

318 4627 589 4699 εἰρῆσθαι.
619 4667 634 4680 .
661 4665 674 4678 .
703 4665 716 4677 .
744 4664 759 4679 .
786 4664 800 4680 .
829 4663 843 4676 .
870 4662 886 4677 .
912 4662 929 4677 .
971 4623 1040 4676 τὰ
1068 4622 1342 4693 ψαλτήρια
1378 4619 1569 4675 πλείω.
1681 4661 1695 4674 .
1876 4660 1890 4674 .

313 4717 514 4790 ὄργανα
538 4720 614 4772 δι’
648 4711 723 4772 ὧν
752 4716 934 4789 ᾅδεται
958 4716 1019 4769 rb
1049 4718 1137 4782 είς
1158 4714 1224 4768 τὸ
1251 4713 1447 4779 τέλος,
1472 4712 1505 4784 ἢ
1530 4714 1562 4766 ό
1582 4712 1891 4777 ἐπινίκιος,

313 4810 344 4881 ἦ
370 4812 450 4878 τῷ
480 4809 793 4877 νικοποιῷ,
821 4807 850 4862 ὃ
881 4806 1073 4881 δηλοῦν
1097 4807 1241 4861 ἔοικε
1272 4808 1366 4860 καὶ
1402 4806 1463 4859 τὸ
1492 4809 1579 4873 εὶς
1624 4806 1792 4871 νῖκος
1824 4807 1895 4859 ἐν

313 4905 521 4976 imm
550 4904 705 4977 παρά
732 4903 808 4974 τις,
840 4901 1171 4955 Θεοδοτίωνι.
1212 4899 1361 4970 Αὕτη
1392 4899 1574 4952 τοίνυν
1619 4899 1652 4969 ὴ
1695 4894 1892 4969 ᾠδὴν’ἢ

310 4998 370 5053 τὸ
396 4997 721 5071 μελῴδημα,
745 4996 779 5068 ἢ
806 4993 1018 5065 ψαλμδς
1037 4993 1136 5065 τὴν
1157 4991 1453 5066 εἰρημένην
1480 4990 1616 5062 ἔχων
1640 4989 1893 5043 ὑπόθεσιν

312 5089 709 5161 ἐπαγγέλλεται
740 5086 944 5157 ταύτην
970 5085 1290 5158 nomineva
1321 5084 1418 5155 μὲν
1450 5085 1507 5137 ὲν
1533 5080 1612 5153 τῷ
1636 5082 1892 5154 προφήτῃ

312 5184 494 5249 Δαυῖδ,
530 5179 937 5256 μυστικώτερον
973 5180 1030 5234 δὲ
1062 5179 1140 5251 τῷ
1180 5177 1431 5251 Χριστῷ,
1482 5176 1543 5231 τὸ
1594 5175 1892 5248 πρόσωπον

2003 4630 2149 4684 sunt,
2190 4618 2391 4689 quibus
2418 4613 2550 4668 illud
2590 4614 2643 4666 in
2668 4612 2825 4682 ﬁnem
2858 4609 3098 4672 canitur,
3128 4607 3244 4663 sive
3269 4623 3367 4669 pro
3413 4617 3572 4676 parta

2000 4713 2239 4774 victoria,
2270 4710 2386 4765 sive
2423 4706 2645 4763 victori:
2677 4703 2823 4775 quod
2857 4703 3035 4773 ipsum
3073 4700 3387 4772 signiﬁcare
3414 4699 3575 4755 vide-

2001 4814 2093 4859 tur
2134 4802 2261 4858 illud
2289 4802 2346 4855 in
2390 4799 2667 4855 victoriam
2696 4797 2751 4849 in
2795 4792 3003 4865 hymnis
3052 4790 3196 4861 apud
3229 4789 3568 4846 Theodotio-

2002 4912 2148 4953 nem.
2178 4893 2294 4949 Hoc
2322 4892 2491 4964 igitur
2520 4890 2822 4954 canticum,
2854 4886 2938 4941 vel
2971 4883 3228 4948 melodia,
3258 4885 3375 4939 sive
3418 4883 3570 4955 psal-

1999 5002 2145 5051 mus,
2191 4990 2552 5040 tnemoratum
2606 4980 2817 5035 habens
2843 4982 3251 5049 argumentum,
3281 4973 3570 5029 victoriam

2000 5077 2307 5151 pollicetur,
2332 5091 2397 5129 ex
2417 5072 2718 5145 vulgatiore
2741 5068 3011 5125 sententia
3034 5065 3245 5131 Davidi,
3267 5063 3570 5121 secundum

2002 5183 2258 5226 arcanam
2291 5182 2419 5223 vero
2454 5162 2937 5238 signiﬁcationem,
2984 5157 3208 5216 Christo
3254 5169 3568 5215 sanctorum

381 5342 433 5377 ³⁸
472 5340 655 5397 lCor.
688 5356 794 5405 xv,
822 5337 915 5394 22.
990 5337 1036 5370 ⁸⁹
1075 5335 1235 5391 Rom.
1269 5350 1399 5400 vtu,
1430 5333 1518 5389 57.
1595 5331 1640 5364 ⁸ο
1675 5329 1721 5386 ll
1751 5328 1893 5385 Tim.
1930 5342 2018 5393 tv,
2051 5325 2108 5385 7,
2140 5320 2193 5378 8.

382 5499 465 5573 (ι)
508 5498 775 5557 Hebraica
818 5496 981 5554 lectio
1027 5504 1145 5561 est;
1173 5502 1365 5553 mi:
1396 5498 1604 5553 num:
1634 5469 1826 5550 nrnnb
1870 5505 1883 5540 :

313 5577 437 5652 ’δὴ
470 5608 596 5662 qua:
630 5591 713 5648 sic
750 5590 822 5645 ab
844 5588 1039 5660 Aquila
1067 5585 1468 5657 exprimuntur,
1508 5579 1587 5652 τῷ
1628 5578 1893 5648 νικοποιῷ

322 5663 628 5715 ἑννιαλιιοῖε
697 5660 992 5715 ιιελώδηιια
1040 5657 1119 5715 τῶ
1173 5654 1415 5711 Δαυΐδ.Α
1445 5651 1769 5715 Symmacho
1799 5662 1891 5702 au-

322 5669 628 5785 ὲνψαλξιοῖς
695 5669 992 5733 μελῷδημα
1040 5669 1119 5729 τῳ
1171 5669 1415 5741 ραυῐο.Λ
1445 5669 1769 5736 Symmacno
1799 5669 1889 5702 au-

319 5744 463 5795 tem,
541 5734 768 5797 πινίκιος
828 5732 914 5785 διὰ
965 5729 1285 5800 ψαλτηρίων
1314 5724 1425 5800 ιρδὴ
1473 5740 1568 5800 τῳ.
1605 5720 1783 5800 devio.
1844 5721 1889 5799 θ

322 5791 713 5868 Theudotiouc,
748 5791 856 5868 ἐίς
892 5803 956 5858 τὸ
982 5791 1161 5865 ’νῖκοξ
1217 5802 1274 5853 ὲν
1315 5791 1502 5867 ὕμνοις
1536 5791 1752 5864 ψαλμδς
1814 5791 1890 5857 τῷ

1994 5500 2177 5557 Δαυϊδ.
2210 5498 2605 5556 Theodotionis
2643 5497 2914 5553 diversam
2963 5492 3122 5549 δῦθι-ι
3182 5484 3563 5543 Theodoretus

1994 5573 2302 5635 lectionem,
2327 5571 2605 5634 nimirum,
2624 5567 2701 5640 τῷ
2719 5564 2978 5636 νικοποιῷ
2993 5567 3050 5617 ὲν
3080 5562 3294 5634 ὕμνοις,
3309 5564 3442 5626 etc.,
3465 5557 3563 5615 sed

1996 5645 2145 5715 prior
2164 5656 2441 5715 germana.

2068 5715 2142 5787 (2)
2168 5708 2274 5783 wSic
2303 5713 2481 5768 lacera
2521 5718 2649 5769 sunt
2682 5708 2798 5766 haec
2838 5709 2892 5766 in
2933 5720 3065 5762 mss.
