4042 6210
507 260 607 314 10⁸5

1220 256 1485 314 ευδΕΒιι
1522 254 1996 314 (ΣΕΒΔΜΕΝΒΙΒ
2017 253 2165 312 OPP.
2201 252 2380 312 PARS
2415 253 2505 313 Ill.
2541 287 2613 299 —
2648 254 3057 316 EXEGETICA.

502 395 792 435 'icrsonam
843 379 1167 444 assumenti,
1200 379 1550 450 ipsorumque
1600 394 1874 435 aerumnas
1903 381 2061 450 quasi

2162 377 2269 431 τῶν
2302 378 2470 447 άγίων
2524 378 2991 450 ἀναλαμϐάνοντι,
3030 379 3131 443 τὰς
3176 376 3235 433 δὲ
3300 374 3509 449 θλίψεις
3558 377 3736 435 αὐτῶν

507 473 780 542 proprias,
806 488 1017 527 necnon
1042 479 1354 527 sanctorum
1385 471 1736 527 dilatationes
1757 472 1862 527 sibi
1892 474 2065 528 ascri-

503 562 649 617 benti
674 581 688 630 ;
712 574 1026 619 sanctorum
1050 564 1247 634 quippe
1272 577 1379 616 vox
1401 563 1490 617 illa
1532 572 1638 629 est,
1674 562 2062 619 tribulationem

502 657 779 725 patientes,
806 655 899 711 sed
930 673 1031 710 non
1054 656 1348 726 angustiati
1375 656 1420 689 “
1447 674 1464 723 ;
1498 656 1838 712 converteuti
1883 663 2063 713 autem

503 761 598 801 eos
629 748 724 816 qui
754 749 903 817 gravi
955 747 1118 801 corde
1148 755 1299 811 sunt,
1336 755 1644 817 quaerentes
1674 748 1971 804 vanitatem
2012 756 2067 804 et

505 838 787 908 loquentes
811 838 1170 894 mendacium.
1204 838 1435 895 Melodia
1469 854 1633 910 porro
1663 849 1859 910 praeter
1888 841 2067 896 canti-

505 946 629 985 cum
659 932 869 986 videtur
910 930 1139 987 innuere
1193 931 1452 1006 mysticis
1475 931 1863 989 modulationis
1894 934 2069 988 artill-

504 1023 646 1077 cium
678 1041 692 1077 :
725 1032 834 1076 tum
862 1023 907 1077 si
932 1024 1001 1078 ad
1032 1032 1237 1077 rectam
1259 1023 1592 1094 intelligendi
1613 1040 1861 1080 normam
1894 1026 2062 1082 dedu-

502 1122 676 1180 catur,
706 1121 787 1167 est
814 1112 938 1167 vita:
966 1113 1277 1166 institutum
1306 1111 1373 1166 ad
1403 1112 1497 1167 Dei
1525 1114 1783 1186 gloriam,
1805 1130 1931 1170 cum
1969 1116 2068 1170 do-

502 1205 676 1259 ctrina
705 1220 840 1260 sana
875 1205 1165 1274 verbisque
1218 1204 1285 1259 ad
1328 1204 1559 1259 aliorum
1604 1206 1900 1260 utilitatum
1930 1221 2066 1261 con-

501 1295 759 1350 ciuitatis.
1340 1283 1348 1291 ’

569 1385 733 1441 Vens.
748 1385 805 1438 2.
824 1384 954 1441 Cum
968 1386 1279 1448 invocarem,
1297 1385 1563 1441 exaudivit
1586 1404 1666 1442 me
1683 1387 1820 1442 Deus
1837 1387 2068 1458 justitite

496 1494 647 1540 meae,
668 1478 723 1530 in
752 1477 1086 1531 tribulatione
1101 1477 1343 1531 dilatasti
1354 1494 1453 1533 me.
1483 1478 1799 1535 Praecedens
1826 1482 2066 1550 psalmus

502 1572 686 1627 dii-tus
725 1577 809 1625 est
837 1586 959 1625 cum
984 1571 1189 1643 fugeret
1221 1570 1388 1626 David
1418 1588 1449 1626 a
1483 1571 1623 1627 facie
1644 1573 1939 1629 Absalonis
1972 1573 2066 1628 lilii

498 1663 583 1715 sui
617 1678 632 1728 ;
685 1676 923 1731 praesens
962 1677 1094 1717 vero
1126 1661 1344 1717 videtur
1391 1670 1514 1733 post
1541 1664 1691 1717 illum
1723 1666 2063 1730 enuntiatus,

2169 466 2556 542 ίδιοποιημένῳ
2609 472 2703 524 κα)⁵
2755 472 2880 534 τοὺς
2924 471 3269 542 πλατυσμοὺς
3317 469 3517 539 ἁγίωνο
3568 468 3738 538 ἁγίων

2165 561 2294 634 γὰρ,
2327 563 2478 633 φωνὴ
2510 562 2591 626 τὸ,
2626 562 2729 615 Ἐν
2756 561 2935 614 παντὶ
2962 563 3315 630 θλιϐόμενοι,
3347 560 3485 615 ἀλλ’
3508 560 3581 613 οὐ
3616 572 3738 612 σιε-

2163 657 2613 727 νοχωρούμενον
2638 655 3015 727 ἐπιστρέφοντι
3044 655 3101 709 δὲ
3130 655 3370 718 καὶτοὺς
3400 654 3516 707 ὅσοι
3531 651 3736 724 τυγχά-

2165 764 2315 801 νουσι
2338 746 2707 819 βαρυκάρδιοι,
2729 746 2854 811 τούς
2886 764 2941 800 τε
2965 746 3294 816 ἀγαπῶντας
3314 744 3385 799 τὰ
3415 744 3617 817 μάταια
3642 743 3736 799 καὶ

2166 838 2459 911 ζητοῦντας
2481 837 2543 891 τὸ
2571 836 2790 907 ψεῦδος.
2810 837 2883 890 Τὸ
2900 838 2958 891 δὲ
2981 837 3187 909 μελῴδη
3195 853 3273 909 μα
3300 835 3451 907 παρὰ
3468 836 3567 907 τὴν
3596 833 3734 906 ᾠδὴν

2165 930 2305 985 ἔοικε
2334 930 2529 1003 δηλοῦν
2558 930 2651 985 καὶ
2686 928 2746 983 τὸ
2784 928 2877 982 τοῦ
2914 928 3175 1001 μυστικοῦ
3221 927 3428 1000 ῥυθμοῦ
3460 924 3730 998 τεχνικὸν·

2166 1022 2309 1077 κατὰ
2336 1022 2392 1076 δὲ
2414 1021 2705 1092 ἀναγωγὴν
2750 1019 2932 1093 ὀρθὴν,
2969 1020 3214 1074 πολιτεία
3244 1020 3380 1093 πρὸς
3414 1017 3570 1083 δόξαν
3601 1015 3735 1075 Θεοῦ

2105 1109 2115 1121 ’
2170 1114 2307 1184 μετὰ
2335 1114 2619 1185 δογμάτων
2654 1111 2822 1182 ὑγιῶν
2857 1113 2952 1168 καὶ
2977 1112 3150 1182 λόγων
3178 1111 3272 1165 καὶ
3301 1109 3508 1182 ἑτέροις
3534 1106 3735 1180 ὠφελί-

2180 1225 2317 1279 μων.

2249 1381 2351 1435 Ἔν
2377 1379 2457 1446 τῷ
2492 1380 2904 1436 ἐπικαλεῖσθαί
2922 1397 3019 1451 με,
3048 1378 3372 1448 εἰσήκουσέ
3392 1396 3509 1449 μου
3540 1379 3575 1433 ὁ
3594 1379 3737 1449 Θεὸς

2167 1470 2276 1539 τῆς
2313 1471 2704 1541 δικαιοσύνης
2736 1493 2870 1544 μου,
2903 1475 2973 1528 ἐν
3009 1474 3209 1541 θλίψει
3261 1468 3603 1539 emititur-de
3634 1488 3733 1542 με.

2179 1556 2237 1610 Ὁ
2264 1558 2361 1629 μὲν
2390 1560 2496 1630 πρὸ
2520 1560 2707 1615 τούτου
2740 1562 2952 1634 ψαλμὸς
2982 1563 3198 1631 ἐλέγετο
3242 1563 3299 1615 ὲν
3337 1560 3414 1633 τῷ
3444 1562 3735 1635 ἀποδιδρά-

2170 1666 2320 1703 σκειν
2342 1650 2505 1704 ΔαυῙό
2556 1652 2661 1706 ἀπὸ
2712 1652 3001 1726 προσώπου
3060 1652 3412 1725 Ἀὁεσσαλὼμ
3469 1653 3562 1709 τοῦ
3618 1653 3734 1709 υίοῦ

500 1761 622 1821 post
651 1761 860 1821 partam
922 1754 1132 1809 scilicet
1179 1754 1245 1809 de
1275 1754 1551 1812 Absalone
1579 1755 1867 1813 victoriam
1903 1776 1915 1811 :
1951 1774 2061 1827 quo

2162 1742 2325 1796 αὐτοῦ
2349 1762 2363 1775 ·
2393 1745 2422 1795 ὁ
2447 1743 2504 1796 δὲ
2531 1744 2719 1817 παρὼν
2745 1747 2917 1800 ἔοικεν
2950 1747 3073 1817 ἑξῆς
3105 1746 3298 1818 ἐκείνῳ
3325 1746 3575 1820 εἰρῆσθαι
3601 1747 3736 1818 μετὰ

495 1852 667 1911 gesto,
726 1845 1111 1914 triumphalem
1149 1844 1409 1916 hymnum
1463 1847 1746 1902 victoriam
1801 1849 2063 1920 praebenti

495 1932 605 1988 Dco
634 1946 940 1999 consecrat,
970 1943 1290 2004 prmsentem
1328 1933 1577 1991 videlicet
1607 1938 1879 2006 psalmum
1912 1956 1928 2005 ;
1954 1957 2064 2011 quo

495 2024 758 2080 suadetur
787 2026 947 2080 nobis
985 2038 1043 2079 ut
1075 2042 1143 2079 ne
1174 2026 1345 2082 simus
1373 2027 1464 2083 Dei
1483 2044 1611 2099 erga
1644 2046 1746 2086 nos
1770 2031 2061 2086 beneﬁcio-

495 2133 614 2172 rum
672 2118 1043 2173 immemores.
1078 2117 1269 2174 Merito
1322 2120 1487 2192 igitur
1512 2123 1566 2177 in
1595 2122 1767 2192 priori
1800 2122 2014 2179 dicebat
2046 2141 2059 2178 :

494 2209 740 2274 Domine,
772 2210 898 2281 quid
926 2210 1268 2279 multiplicati
1300 2223 1423 2268 sunt
1453 2219 1542 2285 qui
1575 2215 1836 2270 tribulant
1864 2233 1945 2271 me
1974 2217 2019 2248 “
2045 2234 2059 2286 ;

497 2301 551 2354 in
576 2301 678 2356 hoc
700 2313 902 2367 autem,
931 2304 984 2356 in
1015 2304 1359 2360 tribulatione
1390 2306 1636 2361 dilatasti
1667 2324 1766 2363 me.
1785 2309 1908 2363 Haec
1932 2325 2063 2366 sane

496 2391 735 2461 loquitur
765 2393 832 2447 de
856 2395 1166 2450 calamitate
1199 2413 1294 2466 per
1314 2398 1641 2454 Absaionem
1673 2399 1985 2476 importata,
2006 2402 2062 2457 in

494 2498 627 2553 qua,
653 2499 775 2539 cum
804 2484 970 2540 Deum
997 2489 1326 2558 invocasset,
1357 2493 1651 2562 propitium
1669 2503 1931 2565 expertus
1956 2503 2059 2561 est,
2104 2546 2116 2559 ,

493 2584 568 2641 et,
605 2594 725 2633 cum
752 2590 973 2651 propter
1007 2584 1261 2653 populum
1285 2592 1338 2639 et
1371 2595 1596 2657 propter
1630 2602 1816 2643 arcam
1847 2587 2062 2644 Domini

496 2671 549 2725 in
577 2676 837 2731 aerumnis
867 2675 1086 2747 degeret
1111 2718 1126 2743 ,
1158 2679 1395 2748 quietem
1427 2695 1490 2734 ac
1518 2679 1911 2748 dilatationem,
1942 2698 2062 2739 ces-

497 2772 654 2820 sante
688 2766 850 2831 bello,
884 2783 949 2822 ac
973 2769 1408 2839 profundissima
1440 2787 1575 2841 pace
1604 2788 1662 2827 se
1695 2784 1858 2843 atque
1887 2790 2061 2845 popu-

495 2857 607 2911 lum
648 2874 866 2915 onmem
894 2863 1234 2931 excipiente,
1284 2874 1482 2919 nactus
1528 2872 1632 2918 est.
1666 2862 1763 2918 Vel
1813 2866 2063 2922 fortassis

496 2950 611 3004 haec
639 2951 773 3005 dicit
803 2952 1096 3007 occasione
1125 2954 1312 3025 lapsus
1345 2971 1469 3009 cum
1503 2972 1670 3012 uxore
1694 2956 1858 3022 Uriae,
1889 2959 2063 3014 rebel-

494 3041 658 3096 lionis
693 3041 808 3115 lilii,
832 3051 885 3097 et
914 3045 1248 3115 reliquarum
1268 3046 1510 3101 omnium
1538 3049 1912 3104 calamitatum
1940 3065 2062 3121 quae.

496 3132 674 3201 ipsum
707 3132 853 3188 domi
883 3150 1169 3206 excepere.
1194 3136 1331 3191 Cum
1355 3139 1499 3193 enim
1546 3149 1767 3212 propter
1790 3142 1904 3198 hac
1937 3159 2056 3198 om-

496 3226 588 3278 nia
618 3240 738 3281 sese
790 3226 1066 3283 alllictioni
1119 3228 1419 3291 dedidisset
1450 3271 1465 3296 ,
1498 3233 1563 3287 ad
1595 3235 1970 3304 pmnilentiam
2003 3245 2057 3293 et

495 3316 894 3373 confessionem
927 3336 1048 3376 sese
1080 3323 1352 3389 vertisset,
1383 3333 1435 3380 et
1456 3327 1617 3396 quasi
1649 3329 1895 3383 certatim
1928 3346 2059 3400 sup-

494 3409 718 3479 plicium
769 3412 824 3466 in
858 3398 917 3467 se
947 3414 1013 3470 de
1039 3423 1264 3485 peccato
1289 3419 1637 3488 sumpsisset,
1665 3420 1895 3491 justitim
1924 3398 2057 3492 ope-

491 3502 643 3558 ribus
685 3503 1063 3578 l‘ructibusque
1114 3519 1259 3564 recte
1307 3509 1572 3565 iactorun
1624 3513 1847 3583 Optimis
1888 3512 2058 3569 Deum

490 3596 834 3666 propitiatus,
870 3590 1072 3655 bonam
1137 3612 1425 3659 assecutus
1475 3605 1920 3674 promissionem,
1952 3621 2057 3676 qua

491 3699 768 3758 permotus
799 3695 853 3745 in
885 3694 1212 3760 praecedenti
1249 3698 1458 3764 psalmo
1521 3698 1837 3769 prophetice
1875 3699 2014 3754 dixit
2042 3719 2055 3754 :

495 3778 571 3833 Tu
600 3793 796 3846 autem,
836 3784 1073 3848 Domine,
1103 3799 1373 3856 susceptor
1408 3806 1553 3845 meus
1590 3809 1667 3857 es,
1719 3795 1893 3864 gloria
1943 3810 2058 3848 mea

479 3881 540 3925 et
568 3878 810 3929 exaltans
859 3889 1013 3945 caput
1053 3895 1225 3932 meum
1252 3881 1318 3949 “,
1354 3896 1417 3936 ac
1446 3893 1640 3938 castera
1665 3924 1681 3949 ,
1716 3902 1837 3956 quae
1888 3887 2057 3957 priori

493 3978 743 4020 sermone
779 3968 941 4021 allata
973 3979 1098 4023 sunt
1133 3988 1147 4038 ;
1189 3982 1587 4043 consequenter
1620 3976 1673 4030 in
1708 3978 1855 4034 hisce
1877 3980 2059 4033 decla-

492 4064 577 4108 rat
611 4075 623 4110 :
662 4057 794 4112 Cum
848 4061 1177 4127 invocarem,
1232 4066 1501 4120 exaudivit
1535 4074 1613 4122 nte
1644 4067 1785 4123 Deus
1826 4071 2060 4140 justitia:

490 4163 639 4212 mere,
671 4148 724 4204 in
777 4151 1116 4209 tribulatione
1139 4157 1383 4212 dilatasti
1417 4176 1516 4214 me.
1550 4160 1805 4218 Miserere
1858 4166 1980 4227 mei,
2008 4175 2058 4219 et

486 4240 680 4294 exaudi
706 4245 997 4298 orationem
1029 4264 1216 4304 meam.
1238 4249 1304 4302 Et
1338 4251 1594 4320 primum,
1626 4255 1914 4309 exauditus
1933 4272 2057 4312 cum

488 4345 762 4388 invocaret
781 4334 1087 4403 Dominum,
1107 4355 1215 4394 non
1231 4342 1456 4413 erigitur
1473 4345 1605 4416 (25;,
1625 4362 1799 4418 neque
1814 4349 1868 4403 in
1888 4354 2059 4422 segni-

508 4422 612 4478 iem
635 4428 780 4481 cadit
814 4447 828 4483 :
860 4429 954 4484 sed
979 4433 1187 4497 statim,
1212 4436 1281 4492 de
1315 4438 1499 4494 futuro
1520 4428 1813 4507 sollicitus,
1857 4463 2053 4517 preca-

511 4529 577 4567 ur
607 4517 826 4583 iterum,
868 4537 1065 4593 rogans
1112 4524 1279 4582 Deum
1335 4540 1595 4601 perpetuo
1623 4536 1729 4590 sibi
1773 4538 1887 4595 fore
1922 4556 2050 4610 pro-
2082 4529 2130 4587 ο

486 4604 699 4675 pitium.
722 4608 1002 4681 Supplicat
1018 4624 1195 4670 autem
1218 4620 1464 4674 exaudiri
1484 4639 1542 4678 se
1563 4640 1626 4679 ex
1648 4604 2048 4694 misericordia,

488 4709 596 4748 non
629 4711 693 4751 ex
741 4699 943 4757 debito.
998 4701 1223 4760 Etiamsi
1274 4712 1419 4766 enim
1473 4713 1577 4783 ipsi
1613 4717 1804 4772 aderat
1853 4721 2053 4791 aliquis

484 4787 712 4858 iustitiae
740 4790 951 4847 fructus
984 4813 998 4861 ;
1036 4805 1091 4849 at
1130 4798 1232 4868 ipsi
1282 4818 1390 4857 non
1424 4808 1700 4865 conlidere
1728 4826 1786 4867 se
1812 4787 2048 4879 dicebat,

488 4879 582 4933 sed
612 4879 703 4935 Dei
737 4883 1128 4943 misericordia:
1148 4898 1202 4945 et
1237 4894 1699 4956 miserationibus.

557 4970 721 5031 Vens.
757 4976 810 5033 5.
841 4976 974 5035 Filii
1004 4979 1291 5053 hominum,
1319 5005 1581 5062 usquequo
1603 4998 1755 5064 gravi
1779 4998 1957 5063 corde,
1994 5012 2051 5057 ut

484 5065 610 5134 quid
628 5067 848 5140 diligitis
878 5075 1161 5130 vanitatem
1195 5089 1245 5133 et
1278 5085 1517 5152 quwritis
1546 5088 1875 5146 mendacium
1895 5097 1922 5151 γ
1943 5094 2051 5154 Eos

485 5161 578 5229 qui
618 5176 907 5235 aggravata
940 5180 1120 5227 mente
1151 5184 1299 5242 sunt,
1342 5180 1592 5253 tardique
1622 5184 1689 5240 ad
1718 5188 1938 5246 verbum
1966 5194 2050 5250 di-

484 5254 671 5309 vinum
706 5258 1054 5327 audiendum,
1096 5281 1291 5336 graves
1323 5273 1489 5329 corde
1516 5281 1750 5347 vocavit,
1792 5282 1908 5341 sive
1950 5301 2047 5344 eos

483 5348 577 5416 qui
605 5352 942 5409 conscientia
981 5356 1241 5428 improbis
1270 5365 1690 5437 cogitationibus
1716 5386 1914 5433 onusta
1957 5396 2047 5437 cs-

483 5448 627 5494 sent.
662 5440 812 5508 Quos
844 5440 1013 5504 verbo
1046 5451 1329 5512 incessens
1357 5459 1432 5513 ait
1457 5478 1473 5514 :
1498 5460 1790 5537 Usquequo
1821 5470 1876 5526 in
1917 5488 2044 5543 pec-

484 5534 622 5589 catis
668 5542 866 5598 vestris
913 5551 1347 5619 perseverabitis,
1389 5570 1512 5611 cum
1560 5534 1933 5622 festinandum
1973 5569 2042 5625 ad

559 5691 601 5724 "
645 5692 688 5748 11
719 5695 845 5751 Cor.
880 5715 959 5768 tv,
997 5702 1049 5757 8.
1125 5706 1169 5740 “
1209 5707 1349 5766 Psal.
1388 5729 1482 5783 ut,
1519 5717 1573 5777 2.
1646 5720 1691 5755 ⁸³
1731 5723 1862 5780 ibid.
1900 5727 1953 5783 4.

2164 1834 2264 1905 τὴν
2293 1833 2435 1887 κατὰ
2458 1834 2552 1889 τοῦ
2578 1836 2927 1906 Ἀὅεσσαλὼμ
2946 1837 3131 1907 νίκην·
3172 1839 3292 1909 μεθ’
3321 1838 3380 1893 ὃν
3421 1835 3586 1907 ὕμνον
3616 1839 3737 1892 ἐπιδ

2165 1926 2335 1978 νίκιον
2362 1926 2439 1997 τῷ
2470 1927 2727 1999 νικοποιῷ
2755 1927 2874 2000 Θεῷ
2901 1928 3183 2000 ἀνατίθησι
3215 1928 3306 1983 τὸν
3340 1930 3582 2001 παρόντα
3602 1928 3734 1998 ψαλ-

2169 2009 2287 2087 μδν,
2312 2016 2379 2069 δι’
2405 2011 2465 2071 οὗ
2494 2018 2588 2071 καὶ
2607 2020 2768 2090 ἡμεῖς
2793 2019 3154 2091 παιδευόμεθα
3177 2021 3250 2093 μὴ
3275 2021 3606 2093 ἀμνημονεῖν
3630 2022 3733 2076 τῶν

2164 2106 2256 2159 τοῦ
2290 2106 2423 2160 Θεοῦ
2456 2109 2533 2171 εὶς
2575 2110 2722 2179 ἡμᾶς
2752 2109 3100 2181 εὐεργεσιῶν.
3139 2113 3376 2175 Εἰκότως
3411 2108 3503 2166 οὐν
3543 2114 3600 2166 ὲν
3637 2112 3734 2183 μὲν

2162 2198 2241 2269 τῷ
2270 2198 2377 2270 πρὸ
2402 2199 2591 2253 τούτου
2620 2199 2805 2268 ἔλεγεν
2824 2218 2836 2232 ·
2869 2203 3066 2271 Κύριε,
3092 2203 3150 2256 τι
3176 2203 3648 2273 ἐπληθύνθησαν
3682 2206 3734 2260 οί

2163 2287 2469 2354 θλίϐοντές
2492 2305 2568 2357 με
2587 2304 2606 2352 ;
2628 2290 2685 2342 ὲν
2707 2289 2763 2342 δὲ
2784 2292 2985 2361 τούτῳ·
3025 2292 3127 2346 Ἐν
3158 2294 3360 2361 θλίψει
3394 2292 3727 2362 ἐπλάτυνάς

2158 2396 2254 2448 με.
2285 2379 2446 2447 Λέγει
2475 2379 2533 2433 δὲ
2570 2380 2741 2434 ταῦτα
2773 2383 2899 2453 περὶ
2944 2384 3039 2455 τῆς
3077 2385 3215 2438 κατὰ
3246 2385 3337 2438 τὸν
3387 2386 3735 2459 Ἀὃεσσαλὼμ

2166 2472 2477 2543 συμφορᾶς·
2509 2471 2629 2525 καθ’
2662 2471 2729 2544 ἢν
2757 2474 2849 2527 τὸν
2880 2474 3012 2530 Θεὸν
3033 2476 3522 2549 ἐπικαλεσάμενος,
3550 2479 3734 2551 ἔτυχεν

2164 2563 2326 2617 αὐτοῦ
2352 2565 2586 2636 ἐπηκόου
2605 2583 2620 2598 ο
2654 2583 2748 2620 και
2777 2566 3066 2638 γενόμενος
3091 2571 3148 2621 ὲν
3176 2569 3351 2639 θλίψει
3369 2569 3457 2624 διὰ
3479 2568 3570 2626 τὸν
3587 2571 3735 2637 λαὸν,

2164 2652 2259 2706 καὶ
2289 2651 2383 2723 τὴν
2419 2652 2649 2708 κιϐωτὸν
2678 2654 2772 2708 τοῦ
2799 2656 2955 2721 Θεοῦ,
2990 2659 3224 2724 ἀνέσεως
3256 2661 3349 2714 καὶ
3377 2662 3735 2732 πλατυσμοῦ

2163 2742 2404 2817 ἠξιώθη,
2441 2747 2793 2817 παυσαμένου
2836 2749 2934 2819 μὲν
2966 2749 3057 2804 τοῦ
3115 2752 3383 2823 πολέμου,
3423 2754 3644 2825 εἰρήνης
3676 2755 3735 2809 δὲ

2166 2837 2471 2911 βαθυτάτης
2523 2843 2883 2917 διαλαόούσης
2929 2848 3090 2901 αὐτόν
3139 2865 3200 2902 τε
3278 2851 3371 2904 καὶ
3417 2853 3592 2905 πάντα
3640 2850 3732 2904 τὸν

2163 2930 2310 2984 λαόν.
2343 2934 2411 2985 Ἣ
2440 2934 2614 3001 ἄλλως
2645 2937 2790 3007 λέγει
2814 2938 2989 2993 ταῦτα
3022 2941 3113 2994 ἐπὶ
3147 2941 3241 2996 τοῦ
3271 2942 3609 3013 πταίσματος
3632 2942 3732 3013 τῆς

2163 3023 2258 3077 τοῦ
2287 3025 2507 3096 Οὐρίου,
2535 3029 2630 3083 καὶ
2658 3030 2691 3100 ὴ
2718 3030 2813 3084 τοῦ
2837 3032 2952 3085 υἱοῦ
2985 3034 3368 3098 ἐπανάστασις,
3404 3036 3503 3089 καὶ
3532 3035 3600 3090 τά
3630 3036 3735 3090 λοι-

2160 3113 2236 3168 πὰ
2262 3115 2437 3171 πάντα
2461 3118 2528 3173 τὰ
2550 3121 2689 3175 κατὰ
2710 3122 2801 3175 τὸν
2819 3119 2963 3178 οἶκον
2981 3124 3127 3178 κακὰ
3148 3124 3184 3179 θ.
3206 3141 3268 3177 συ
3276 3125 3546 3199 μὸἐϐηκεν
3566 3127 3730 3199 αὐτῷ.

2172 3205 2294 3259 Ἐπὶ
2316 3208 2524 3274 τούτοις
2562 3211 2673 3284 γὰρ
2706 3215 2897 3270 ἑαυτὸν
2934 3216 3212 3280 κακώσας,
3246 3220 3503 3291 μετανοίᾳ
3543 3238 3603 3275 τε
3644 3223 3736 3276 καὶ

2159 3296 2538 3372 ἐξομολογήσει
2572 3303 2763 3360 ἑαυτὸν
2812 3309 3123 3381 παραδοὺς,
3180 3311 3277 3365 καὶ
3325 3310 3736 3384 τῷλπταίσματι

2156 3389 2463 3459 ἐφαμίλλως
2492 3394 2682 3450 ἑαυτὸν
2720 3400 3197 3472 τιμωρησάμενος,
3234 3401 3417 3471 ἔργοις
3447 3420 3505 3457 τε
3536 3404 3736 3459 δικαιοί

2163 3480 2327 3552 σύνης
2364 3484 2458 3537 καὶ
2489 3486 2720 3557 καρποῖς
2743 3490 2965 3559 ἀγαθοῖς
2996 3493 3175 3563 πάσης
3205 3492 3453 3558 εὐποιίας
3482 3494 3574 3549 τὸν
3604 3495 3734 3549 Θεὸν

2161 3572 2499 3644 ἱλασάμενος,
2529 3579 2621 3631 καὶ
2651 3578 2827 3652 τυχὼν
2858 3583 3189 3653 ἐπαγγελίας
3213 3584 3445 3656 ἀγαθῆς,
3473 3583 3541 3640 δι’
3566 3587 3632 3657 ἢν
3658 3586 3736 3657 τῷ

2160 3661 2265 3735 πρὸ
2293 3664 2483 3720 τούτου
2515 3667 2713 3742 ψαλμῷ
2743 3675 3093 3744 προφητικῶς
3107 3675 3257 3744 ἔλεγε
3277 3693 3291 3708 ·
3319 3677 3403 3732 Σὺ
3426 3675 3514 3743 δὲ,
3534 3680 3729 3746 Κύριε,

2158 3755 2536 3834 ἀντιλήπτωρ
2578 3778 2693 3831 μου
2718 3763 2792 3831 εἴ,
2825 3764 2975 3830 δόξα
2999 3785 3118 3837 μου
3148 3769 3246 3822 καὶ
3286 3770 3460 3840 ὑψῶν
3484 3769 3598 3839 τὴν
3637 3788 3735 3824 κει

2158 3846 2365 3916 βαλήν
2386 3867 2526 3918 μου,
2550 3854 2642 3906 καὶ
2671 3854 2741 3910 τὰ
2771 3855 2931 3912 λοιπὰ
2962 3859 3064 3914 ὅσα
3087 3862 3325 3933 παρίστη
3357 3864 3386 3917 ὁ
3421 3861 3523 3936 πρὸ
3543 3862 3731 3919 τούτου

2157 3936 2333 4025 λύγος,
2368 3939 2673 4009 ἀκολούθως
2702 3946 2789 4000 διὰ
2830 3947 2937 4003 τῶν
2972 3954 3350 4024 προκειμένων
3386 3955 3583 4025 φησίν·
3632 3957 3734 4011 Ἐν

2157 4023 2237 4094 τῷ
2271 4031 2683 4090 ἐπικαλεῖσθαί
2712 4054 2789 4107 με
2829 4039 3157 4107 είσήκουσέ
3204 4062 3323 4113 μου
3364 4023 3406 4100 ό
3436 4023 3581 4113 Θεὸς
3621 4045 3732 4112 τῆς

2155 4118 2546 4192 δικαιοσύνης
2587 4143 2738 4195 μου,
2780 4129 2850 4183 ἐν
2889 4133 3089 4200 θλίψει
3131 4135 3471 4204 ἐπλάτυνὰς
3500 4154 3596 4208 με.
3639 4140 3725 4193 οι.

2154 4211 2475 4279 κτείρησόν
2526 4232 2604 4281 με
2656 4218 2754 4272 καὶ
2800 4216 3168 4277 εἰσάκουσον
3222 4223 3332 4293 τῆς
3382 4226 3731 4298 προσευχῆς

2147 4320 2287 4370 μου.
2327 4304 2399 4359 Τὸ
2422 4306 2636 4379 πρῶτον
2663 4312 3020 4378 ἐπακουσθεὶς
3049 4316 3107 4368 ἐν
3134 4316 3212 4387 τῷ
3237 4318 3612 4373 ἐπικαλεῖσθαι
3638 4319 3731 4373 τὸν

2155 4392 2377 4466 Κύριον,
2400 4397 2501 4451 οὐκ
2534 4399 2814 4473 ἐπαίρεται
2843 4403 2963 4458 οὐδὲ
2987 4405 3367 4481 ἀπορρᾳθύμεί
3384 4427 3397 4441 ’
3429 4410 3543 4465 ἀλλ’
3569 4411 3729 4476 εὐθὺς

2157 4485 2397 4555 περὶτοῦ
2430 4488 2709 4559 μέλλοντος
2741 4496 2930 4567 χρόνου
2961 4498 3124 4552 πάλιν
3151 4498 3347 4566 δέεται,
3382 4502 3610 4557 πάντοτε
3636 4503 3729 4557 τὸν

2154 4574 2286 4628 Θεὸν
2336 4579 2569 4649 ἐπήκοον
2621 4582 2765 4655 ἔχειν
2810 4589 3172 4661 παρακαλῶν·
3212 4592 3443 4647 ἱκετεύει
3487 4611 3546 4647 τε
3605 4597 3726 4650 κατ’

2151 4661 2330 4720 οἶκτον
2373 4669 2791 4747 ὲπακουσθῆναι,
2824 4679 2885 4732 οὐ
2937 4682 3058 4734 κατ’
3101 4678 3340 4755 ὀφειλὴν.
3385 4686 3447 4738 El
3495 4684 3603 4759 γὰρ
3633 4687 3728 4741 καὶ

2151 4758 2334 4830 παρῆν
2366 4776 2449 4824 τις
2480 4763 2629 4835 αὐτῷ
2675 4769 2885 4840 καρπὸς
2917 4771 3292 4844 δικαιοσύνης,
3329 4774 3443 4829 ἀλλ’
3489 4778 3590 4830 οὐκ
3632 4778 3725 4831 ἐπὶ

2150 4845 2322 4918 τούτῳ
2365 4847 2581 4922 θαρσεῖν
2625 4853 2842 4924 ἔλεγεν⁸
2888 4859 3002 4913 ἀλλ’
3051 4861 3144 4914 ἐπὶ
3173 4860 3249 4932 τῷ
3297 4862 3433 4936 ἐλέῳ
3488 4864 3727 4927 καὶτοῖς

2154 4937 2457 5010 οίκτιρμοῖς
2488 4941 2585 4994 τοῦ
2620 4942 2775 4998 Θεοῦ.

2224 5029 2340 5082 Υἱοὶ
2377 5029 2720 5099 ἀνθρώπων,
2753 5034 2864 5103 ἕως
2901 5040 3047 5094 πότε
3079 5041 3472 5111 βφυκάρδιοι
3492 5059 3512 5109 ;
3533 5044 3633 5098 ἵνα
3669 5041 3725 5097 τί

2155 5118 2419 5186 ἀγαπᾶτε
2454 5125 2847 5195 ματαιότητα,
2888 5132 2986 5186 καὶ
3041 5132 3259 5202 ζητεῖτε
3292 5133 3551 5204 ψεῦδος
3587 5134 3723 5199 Τοὺς

2153 5203 2251 5277 τὴν
2286 5209 2522 5266 διάνοιαν
2555 5221 3032 5290 πεπαχυμμὲνους,
3064 5225 3158 5279 καὶ
3190 5228 3318 5299 περὶ
3341 5226 3438 5299 τὴν
3477 5224 3723 5299 ὑπακοὴν

2151 5300 2246 5353 τοῦ
2273 5300 2417 5355 θείου
2462 5304 2618 5376 λόγου
2662 5308 2895 5382 βραδεῖς,
2927 5314 3324 5391 βαρυκαρδίους
3350 5319 3653 5391 ὠνόμασεν,
3685 5319 3718 5391 ἢ

2151 5393 2276 5485 τοὺς
2310 5393 2714 5470 βεὸαρημένους
2740 5405 2800 5457 τὸ
2841 5408 3078 5474 συνειδὸς
3107 5408 3212 5465 ὑπὸ
3245 5410 3535 5485 μοχθηρῶν
3573 5412 3721 5482 λογι-

2153 5484 2337 5555 σμῶν⁶
2380 5487 2629 5560 πλήττων
2674 5490 2733 5548 δὲ
2771 5497 2994 5564 τούτους
3032 5501 3111 5573 τῷ
3147 5500 3289 5574 λόγῳ
3331 5502 3524 5575 φησίν
3578 5504 3723 5567 Ἕως

2149 5590 2278 5631 ποτε
2324 5583 2443 5648 ταῖς
2484 5585 2688 5641 ἑαυτῶν
2728 5589 3024 5664 ἁμαρτίαις
3062 5595 3438 5669 παραμένετε,
3472 5598 3721 5653 σπεύδειν

3638 260 3740 316 tes
3852 258 3863 267 ‘
