4042 6210
293 356 394 414 105

1410 351 1917 409 COMMENTARIA
1954 355 2025 408 ΙΝ
2053 356 2387 411 PSALMOS.

3406 369 3510 424 1⁸⁸6

285 470 403 525 δέον
433 469 531 524 ἐπὶ
559 467 847 541 μετάνοιαν
877 465 972 521 καὶ
1015 465 1113 539 τὴν
1147 466 1307 538 φίλην
1337 466 1415 538 τῷ
1446 468 1566 540 Θεῷ
1607 469 1832 541 ἐξομολό.

1959 470 2334 542 ρωηίιεηιὶοηι
2365 478 2420 529 et
2459 471 2528 527 ad
2567 470 2818 526 dilectam
2851 470 2962 526 Deo
3003 468 3400 528 confessionem
3436 488 3510 526 es-

287 578 477 633 γησιν;
507 559 648 614 κατά
691 558 750 612 δὲ
801 556 898 630 τὴν
947 557 1206 629 ἱστορίαν,
1246 557 1418 612 ἔοικεν
1449 561 1478 613 6
1506 559 1668 614 Δαυῖδ
1720 560 1857 632 πρὸς

285 653 410 719 τοὺς
453 652 545 705 ἐπὶ
591 653 704 714 τοῖς
742 651 1065 720 πειρασμοῖς
1104 649 1198 703 καὶ⁹
1229 652 1347 713 ταῖς
1373 653 1721 722 περιστάσεσι
1757 670 1855 707 τα·-

289 742 668 813 ραττομένους,
703 742 793 795 καὶ
822 739 1048 813 θορυδου
1056 740 1269 812 μένους,
1303 744 1397 796 καὶ
1437 743 1615 798 πάντα
1656 745 1856 815 μᾶλλον

282 833 620 904 πράττοντας
653 833 684 902 ἢ
722 832 815 884 ἐπὶ
861 831 952 885 τὸν
989 831 1121 886 Θεὸν
1171 834 1647 904 καταφεύγοντας,
1681 839 1855 894 ταῦτα

280 928 481 997 λέγειν.
518 927 581 980 Τί
608 926 711 998 γὰρ
752 926 857 998 χρὴ
889 927 1171 998 ταράττειν
1207 929 1300 981 καὶ
1330 929 1707 1000 ταράττεσθαι,
1752 950 1855 1004 φη-

281 1020 387 1083 σὶν,
423 1020 480 1071 ὲν
526 1020 639 1081 τοῖς
676 1020 1085 1089 περιστατικοῖς
1126 1021 1374 1091 καιροῖς;
1402 1020 1466 1073 Τί
1506 1020 1563 1073 δὲ
1605 1021 1711 1094 χρὴ
1747 1041 1850 1094 μα-

278 1109 519 1178 ταιότητι
563 1108 788 1171 ἑαυτοὺς
839 1108 1131 1173 ἐκδιδόναι,
1165 1102 1210 1162 ὦ
1244 1109 1595 1182 βαρυκάρδιοι
1625 1112 1846 1183 ἀνδρες;

277 1198 343 1250 Τί
374 1197 430 1250 δὲ
470 1197 529 1250 τὸ
552 1196 745 1266 ψεῦδος
786 1198 1050 1268 μετιέναι,
1085 1199 1145 1253 τὸ
1191 1199 1390 1271 ἀληθὲς
1422 1202 1846 1272 καταλιπόντας,

289 1287 445 1340 Ἀλλά
477 1288 585 1359 γὰρ
620 1287 869 1342 ἐντεῦθεν
914 1289 1195 1359 μαθόντες,
1229 1291 1311 1345 ὅτι
1352 1291 1482 1355 Θεὸς
1522 1293 1618 1347 καὶ
1646 1292 1850 1364 Κύριός

274 1380 419 1433 ἐστιν
451 1382 478 1433 6
509 1379 617 1433 τῶν
647 1380 781 1433 ὅλων
805 1380 998 1453 ἔφορος
1035 1382 1130 1435 καὶ
1166 1386 1488 1460 προνοητὴς,
1519 1387 1550 1440 6
1579 1386 1847 1458 μηδέποτε

274 1470 615 1525 καταλείπων
648 1470 826 1525 πάντα
865 1472 1010 1524 ὅσιον
1045 1470 1210 1525 αὑτοῦ
1229 1512 1243 1535 ,
1281 1472 1397 1527 ἀλλ’
1425 1473 1514 1526 ἀεὶ
1561 1472 1846 1545 θαυμαστά

272 1563 359 1617 ἐπ’
385 1562 533 1634 αὐτῷ
559 1562 794 1626 δεικνὺς,
840 1562 1169 1627 σπουδάζετε
1200 1564 1294 1616 καὶ
1330 1562 1484 1616 αὐτοὶ
1521 1563 1656 1617 ὅσιοι
1692 1563 1846 1632 γενέ-

275 1655 420 1719 σθαι,
456 1650 515 1708 εὖ
562 1654 657 1708 καὶ
700 1654 943 1727 ἀκριϐῶς
985 1654 1204 1718 εἰδότες,
1231 1654 1312 1707 ὅτι
1342 1654 1434 1708 καὶ
1472 1653 1624 1725 ὑμῶν
1656 1654 1843 1727 ὥσπερ

270 1744 365 1802 οὖν
395 1748 491 1804 καὶ
540 1746 674 1818 ἐμοῦ
715 1746 883 1800 αὐτοῦ
938 1745 1143 1817 Κύριος
1200 1746 1611 1808 είσακούσεται,
1664 1748 1721 1799 ὲν
1763 1747 1841 1817 τῷ

1959 563 2082 617 set?
2109 563 2264 629 Quod
2299 563 2347 620 si
2378 563 2608 618 historia
2634 569 2930 634 spectetur,
2965 561 3184 618 videtur
3211 560 3381 618 David
3420 578 3514 618 eos

1956 654 2180 724 alloqui,
2216 654 2313 725 qui
2353 654 2409 709 in
2441 653 2832 709 tentationihus
2856 662 2910 708 et
2944 653 3001 707 in
3031 653 3310 710 eventibus
3346 654 3513 711 variis

1954 744 2265 808 turbantur,
2311 744 2602 815 omniaque
2622 742 2801 814 potius
2831 749 3018 814 agunt,
3056 758 3219 812 quam
3250 744 3316 798 ad
3342 742 3511 798 Deum

1953 834 2294 906 confugiant.
2338 834 2479 902 Quid
2531 850 2690 906 opus,
2726 834 2921 904 inquit,
2958 834 3167 889 turbari
3214 848 3277 887 ac
3306 835 3510 889 tumul-

1951 927 2095 980 tuari
2132 941 2231 996 pro
2259 925 2575 981 conditione
2604 925 2946 995 temporum?
2979 923 3119 990 Quid
3147 923 3300 993 juvat
3330 939 3389 981 se
3424 939 3513 978 va-

1952 1017 2110 1073 nitati
2137 1018 2371 1084 tradere,
2402 1033 2436 1074 ο
2466 1017 2618 1089 gravi
2664 1018 2832 1074 corde
2867 1017 3148 1072 homines?
3174 1016 3315 1084 Quid
3358 1034 3511 1073 men-

1948 1106 2165 1161 dacium
2210 1122 2477 1177 quaerere,
2510 1107 2703 1162 relicta
2751 1106 3014 1161 veritate?
3040 1104 3181 1171 Quin
3220 1106 3401 1176 potius
3438 1120 3509 1160 ex

1946 1196 2099 1253 hisce
2125 1196 2325 1261 edocti,
2358 1197 2529 1251 Deum
2572 1212 2637 1252 ac
2665 1195 2953 1250 Dominum
2993 1211 3115 1251 esse
3150 1197 3390 1251 omnium
3421 1197 3509 1250 in-

1948 1299 2253 1361 spectorem
2302 1305 2367 1344 ac
2414 1289 2834 1353 moderatorem,
2872 1289 2965 1359 qui
3008 1289 3214 1342 nullum
3264 1303 3503 1359 unquam

1946 1388 2263 1437 sanctorum
2302 1394 2527 1435 suorum
2572 1379 2797 1446 deserit,
2846 1377 2943 1435 sed
2984 1378 3257 1433 mirabilia
3290 1392 3509 1450 semper

1942 1470 2157 1526 illorum
2190 1486 2356 1527 causa
2383 1470 2560 1536 eilicit,
2590 1480 2777 1527 curate
2812 1486 2911 1528 vos
2934 1471 3037 1540 ipsi
3064 1477 3124 1526 ut
3152 1472 3323 1526 sancti
3358 1472 3501 1538 sitis,

1944 1560 2185 1630 apprime
2204 1561 2381 1631 gnari,
2414 1558 2702 1615 Dominum
2731 1559 2909 1625 vobis,
2938 1560 3161 1630 perinde
3185 1567 3349 1630 atque
3369 1560 3503 1614 mihi

1943 1651 2235 1721 propitium
2266 1650 2403 1715 fore,
2439 1651 2486 1707 si
2512 1650 2730 1721 quando
2761 1650 2827 1705 ad
2872 1650 3049 1721 ipsum
3084 1651 3411 1707 clamabitis.
3443 1649 3502 1706 Si

1944 1748 2124 1795 autem
2156 1756 2254 1797 vos
2287 1739 2548 1796 Dominus
2593 1741 2918 1804 exaudierit,
2954 1741 3104 1795 nulla
3146 1742 3376 1797 ulterius
3403 1757 3502 1798 v0-

271 1837 602 1908 κεκραγέναι
636 1836 771 1906 πρὸς
797 1836 977 1889 αὐτόν.
1014 1836 1442 1901 Ἐπακούσαντος
1471 1837 1529 1890 δὲ
1562 1837 1715 1908 ὑμῶν
1745 1837 1832 1892 τοῦ

1939 1830 2025 1886 bis
2052 1830 2360 1886 sollicitudo
2390 1832 2573 1899 fuerit,
2600 1847 2725 1887 cum
2751 1832 2872 1903 ejus
2897 1834 3160 1888 auxilium
3181 1835 3334 1890 vobis
3359 1835 3502 1891 scia-

271 1929 483 2000 Κυρίου
511 1968 526 1991 ,
585 1927 739 1981 οὐδὲν
774 1927 855 1981 δεῖ
905 1926 1085 1981 λοιπὸν
1148 1930 1450 1999 μεριμνᾷν,
1512 1927 1732 1998 ἔχοντας
1778 1930 1840 1983 τὸ

271 2018 512 2088 ἀσφαλὲς
539 2018 646 2073 ἀπὸ
682 2020 780 2091 τῆς
816 2020 942 2091 παρ’
976 2019 1140 2074 αὐτοῦ
1185 2020 1452 2092 βοηθείας.
1486 2019 1622 2087 Δόξα
1655 2038 1714 2075 τε
1742 2021 1836 2075 τοῦ

273 2108 419 2161 θείου
449 2108 607 2176 λόγου
656 2103 765 2163 εἷεν
791 2107 857 2162 ἂν
888 2110 937 2167 oi
967 2109 1072 2162 uici.
1097 2108 1206 2163 τῶν
1237 2108 1537 2182 ἀνθρώπων
1568 2109 1708 2164 κατά
1748 2110 1839 2165 τὸν

287 2196 514 2251 ’Δκύλαν
543 2197 636 2251 καὶ
656 2197 945 2268 Σύμμαχον
974 2198 1070 2269 (1)⁶
1096 2201 1125 2252 6
1157 2198 1257 2270 μὲν
1276 2202 1382 2272 γὰρ
1417 2200 1662 2264 ’Δκύλας’
1686 2202 1837 2269 Ἕως

270 2289 434 2354 πότε,
461 2293 515 2345 οἱ
539 2289 779 2354 ἔνδοξοί
794 2305 914 2359 μου
929 2306 949 2354 ;
976 2291 1005 2343 6
1024 2289 1080 2344 δὲ
1107 2290 1417 2362 Σύμμαχοςο
1444 2292 1595 2358 Ἕως
1617 2293 1836 2362 ardeam}

268 2378 419 2444 δόξα
438 2398 556 2449 μου
572 2396 591 2444 ;
622 2379 709 2433 διὰ
740 2378 840 2449 τὴν
873 2381 931 2432 ὲν
963 2379 1148 2445 αὐτοῖς
1180 2381 1374 2453 νοεράν
1400 2380 1578 2454 ψυχὴν
1623 2381 1716 2436 καὶ¹
1748 2381 1835 2436 λο-

268 2470 429 2543 γικὴν
465 2470 562 2543 τὴν
607 2473 728 2526 κατ’
757 2473 938 2526 εἰκόνα
979 2473 1073 2527 τοῦ
1109 2470 1244 2527 Θεοῦ
1288 2473 1677 2546 πεποιημένην.
1725 2473 1834 2540 Οὓς

266 2562 363 2615 ἐπὶ
392 2561 453 2615 τὸ
479 2564 657 2635 χεῖρον
685 2564 909 2628 ἑαυτοὺς
932 2564 1351 2637 διαστρέφοντας
1377 2568 1407 2619 6
1445 2564 1601 2636 λόγος
1624 2567 1835 2620 ἐπονει-

265 2652 872 2723 δίζει,βαρυκαρδίους
892 2655 1090 2719 καλῶν,
1106 2656 1202 2710 καὶ
1218 2655 1515 2727 ἀνθρώπων
1532 2655 1698 2720 υίούς·
1716 2654 1833 2710 δέον

266 2740 406 2799 εἶναι
430 2746 578 2809 υἱοὺς
608 2745 765 2813 Θεοῦ,
800 2746 942 2801 κατά
961 2746 1021 2800 τό
1040 2764 1054 2777 ο
1091 2746 1238 2817 Ἐγὼ
1265 2743 1470 2802 sinos"
1508 2748 1641 2803 Θεοί
1668 2746 1829 2814 ἐστε,

268 2833 367 2887 καὶ
401 2833 519 2888 υὶοι
556 2835 839 2903 Ὑψίστου
865 2835 1106 2903 πάντες.

339 2922 450 2975 Kal
475 2920 678 2992 γνῶτε,
708 2923 797 2978 ὅτι
834 2924 1255 2995 ὲθαυμὰστωσε
1272 2925 1488 2994 Κύριος
1519 2926 1626 2982 τὸν
1658 2926 1831 2982 ὅσιον

267 3010 474 3066 αὐτοῦ.
509 3012 567 3064 '0
597 3015 879 3085 προφήτης
907 3016 1031 3086 περὶ
1059 3014 1294 3089 Χριστοῦ
1323 3016 1557 3071 διδάσκει
1582 3018 1749 3090 ἡμᾶς,
1772 3018 1832 3082 ὃς

1941 1923 2011 1978 tis
2055 1924 2391 1980 adiuturum.
2437 1923 2620 1981 Gloria
2672 1935 2851 1983 autem
2902 1927 3072 1982 divini
3121 1929 3501 1988 verhil‘uerint

1940 2012 2035 2068 ﬁlii
2066 2014 2370 2079 hominum,
2400 2015 2556 2085 juxta
2577 2016 2824 2087 Aquilam
2850 2024 2905 2073 et
2932 2015 3314 2089 Symmachum
3336 2036 3351 2085 ;
3372 2034 3501 2073 nam

1936 2102 2132 2173 Aquila
2160 2105 2239 2160 sic
2272 2105 2471 2160 habet:
2501 2104 2795 2176 Usquequo,
2823 2106 3042 2178 gloriosi
3076 2109 3219 2164 mei?
3250 2105 3501 2179 Symma-

1937 2193 2076 2250 chus
2107 2209 2274 2251 vero:
2306 2194 2599 2267 Usqueqtto,
2620 2196 2794 2266 gloria
2826 2198 2986 2253 mea?
3012 2195 3261 2254 videlicet
3282 2206 3501 2269 propter

1937 2282 2174 2338 animam
2217 2284 2554 2356 intelligendi
2585 2286 2636 2340 vi
2670 2284 2951 2355 pmditam
2998 2294 3054 2343 et
3097 2288 3499 2351 rationabilem,

1935 2373 2004 2430 ad
2051 2373 2344 2446 imaginem
2398 2375 2494 2432 Dei
2540 2375 2759 2433 iactam.
2808 2377 3020 2445 Quibus
3066 2379 3158 2435 hic
3209 2381 3501 2450 exprobrat

1932 2460 2240 2526 Psalmista,
2275 2479 2497 2535 eosque,
2548 2473 2734 2536 utpote
2764 2467 2834 2521 ad
2887 2467 3072 2537 pejora
3105 2483 3316 2534 versos,
3346 2469 3497 2539 gravi

1934 2554 2091 2611 corde
2126 2555 2393 2619 homines,
2436 2572 2500 2612 ac
2545 2557 2682 2615 ﬁlios
2714 2558 2998 2615 hominum
3030 2570 3223 2628 vocat;
3264 2576 3401 2630 quos
3434 2562 3491 2616 li.

1931 2646 2035 2701 lios
2081 2660 2203 2702 esse
2244 2645 2339 2702 Dei
2379 2648 2729 2716 oportuisset,
2767 2650 2923 2719 juxta
2969 2649 3102 2705 illud
3134 2668 3148 2704 :
3179 2649 3291 2722 Ego
3331 2650 3447 2705 dixi
3471 2665 3494 2706 :

1931 2736 2024 2793 Dii
2037 2739 2186 2805 estis,
2209 2748 2258 2795 et
2279 2740 2381 2810 ﬁlii
2399 2739 2611 2796 Excelsi
2640 2758 2815 2797 omnes
2836 2741 2902 2796 “.
3270 2733 3274 2736 ⁴

2003 2914 2167 2972 Vens.
2200 2916 2254 2971 4.
2297 2915 2368 2970 Ει
2408 2918 2595 2972 scitote
2634 2919 2883 2988 quoniam
2912 2916 3493 2988 miriﬁcavitBominus

1932 3016 2175 3064 sanctum
2194 3024 2371 3065 suum.
2413 3013 2489 3063 De
2514 3007 2735 3064 Christo
2776 3023 2879 3064 nos
2908 3006 3176 3080 Pr0pheta
3217 3009 3492 3072 admonet.

268 3100 415 3153 ἐστιν
468 3100 672 3172 ἀληθὴς
711 3102 884 3166 ὅσιος,
926 3104 1068 3157 κατά
1119 3105 1179 3158 τὸ
1234 3107 1520 3178 εἰρημένον
1569 3108 1627 3162 ὲν
1658 3108 1736 3180 τῷ
1770 3114 1830 3161 ιε’

1932 3096 2026 3168 qui
2072 3110 2234 3152 verus
2270 3105 2492 3152 sanctus
2538 3103 2645 3161 est,
2693 3103 2755 3150 ut
2794 3097 2849 3152 in
2887 3098 3097 3167 psalmo
3130 3114 3196 3152 xv
3239 3098 3491 3165 habetur,

266 3189 499 3264 ψαλμῷο
531 3166 640 3245 καὶ-
663 3193 710 3245 οἱ
752 3193 1035 3248 ἀπόστολοι
1068 3195 1124 3250 δὲ
1150 3166 1567 3270 ἐμαρτύρησαν,
1600 3198 1676 3262 ὡς
1706 3166 1831 3271 περὶ

1932 3166 2093 3259 quem
2127 3188 2303 3244 locum
2351 3188 2715 3244 testificantur
2764 3166 2994 3260 apostoli
3024 3188 3091 3246 de
3112 3190 3334 3247 Christo
3367 3207 3495 3262 pro-

261 3284 499 3357 Χριστοῦ
530 3287 1007 3358 προφητευομένου
1031 3288 1279 3358 λέγοντες
1314 3290 1563 3363 εἰρῆσθαι
1588 3291 1679 3355 τὸ,
1712 3293 1832 3346 Οὐκ

259 3376 712 3447 ἐγκαταλείψεις
753 3376 869 3447 τὴν
915 3378 1129 3448 ψυχήν
1166 3397 1286 3449 μου
1322 3383 1408 3447 εἰς
1459 3381 1648 3450 ᾅδην,
1690 3381 1831 3437 οὐδέ

258 3466 470 3534 δώσεις
494 3468 601 3522 τὸν
622 3468 794 3523 ὅσιόν
825 3485 943 3524 σου
970 3469 1119 3525 ἰδεῖν
1137 3458 1480 3542 διαφθοράν-ζ
1514 3475 1743 3530 Δυνατὸν
1774 3475 1831 3530 δὲ

260 3559 354 3613 καὶ
387 3561 512 3632 περὶ
540 3560 739 3625 παντὸς
769 3561 916 3615 ὁσίου
946 3562 1293 3617 διδάσκεσθαι
1330 3566 1495 3636 ἡμᾶς.
1532 3568 1606 3621 Οὐ
1631 3567 1828 3622 ταυτὸν

256 3648 314 3702 δέ
341 3651 456 3703 ἐστι
498 3650 818 3715 πιστεῦσαι,
865 3650 954 3705 ὅτι
997 3652 1420 3724 ἐθαυμάστωσε
1472 3659 1682 3726 Κύριος
1720 3656 1829 3712 τὸν

258 3741 431 3795 ὅσιον
460 3741 666 3806 αὐτοῦ,
708 3738 802 3797 καὶ
832 3744 1052 3814 γνῶναι,
1090 3745 1165 3811 ὡς
1197 3747 1318 3801 οὐδὲ
1362 3749 1558 3803 ταυτόν
1609 3752 1725 3804 ἐστι
1757 3754 1823 3821 τῇ

257 3829 482 3902 ἀληθείᾳ
515 3831 835 3898 πιστεῦσαι,
884 3835 976 3887 καὶ
1021 3835 1223 3903 γνῶναι
1256 3837 1354 3909 τὴν
1386 3838 1643 3910 ἀλήθειαν
1663 3880 1678 3904 ,
1734 3840 1827 3894 καὶ

260 3918 543 3973 πιστεῦσαι
573 3918 652 3990 τῷ
671 3919 787 3991 Θεῷ
817 3921 911 3976 καὶ
929 3922 1130 3991 γνῶναι
1156 3924 1246 3978 τὸν
1265 3924 1415 3978 Θεόν.
1445 3927 1510 3980 Οἱ
1538 3926 1825 3981 ἀπόστολοι

258 4004 352 4062 οῦν
380 4011 447 4080 τῇ
477 4009 702 4083 ἀληθείᾳ
731 4012 1012 4066 ἐπίστευον
1030 4032 1042 4042 ·
1079 4014 1191 4068 ἀλλ’
1222 4015 1283 4067 ού
1338 4029 1553 4081 παντως
1583 4018 1673 4071 ὅτε
1705 4018 1823 4072 ἐπί-

259 4117 446 4154 στευον
485 4101 815 4170 ἐγνώκεισαν
845 4104 1034 4175 αὑτήν.
1090 4105 1385 4172 Ἀπόδειξις
1431 4107 1489 4161 δὲ
1530 4108 1637 4162 τῶν
1672 4111 1822 4181 εἰρη-

261 4191 439 4260 μένων
483 4191 543 4245 τὸ
573 4192 922 4262 Εὐαγγέλιον,
963 4193 1089 4249 ἔνθα
1114 4196 1359 4270 εἴρηται·
1404 4198 1547 4253 Ἐὰν
1580 4201 1824 4270 μείνητε

253 4278 325 4334 ἐν
351 4278 430 4345 τῷ
463 4279 583 4350 ἐμῷ
612 4281 790 4351 λόγῳ,
831 4283 1067 4353 ἀληθῶς
1097 4288 1355 4355 μαθηταί
1374 4290 1492 4357 μού
1518 4289 1690 4355 ἐστε,
1725 4291 1822 4347 καὶ

251 4371 558 4444 γνώσεσθε
584 4374 700 4444 τὴν
724 4375 1032 4443 ἀλήθειαν,
1069 4378 1168 4430 καὶ
1211 4380 1249 4447 ἠ
1287 4378 1537 4447 ἀλήθεια
1587 4381 1817 4438 ἐλευθε-

1931 3282 2145 3355 phetice
2192 3281 2627 3351 intelligendum,
2667 3283 2966 3341 videlicet:
3000 3284 3124 3340 Non
3163 3286 3490 3359 derelinques

1932 3374 2165 3428 animum
2199 3388 2368 3426 meam
2398 3373 2451 3425 in
2502 3363 2730 3443 inferno,
2775 3391 2867 3429 nec
2896 3373 3046 3430 dabis
3078 3387 3314 3431 sanctum
3340 3387 3491 3432 tuum

1929 3465 2100 3522 cidere
2126 3466 2505 3534 corruptionem
2522 3466 2590 3522 “.
2616 3465 2759 3522 Fieri
2786 3475 2968 3523 tamen
2989 3475 3165 3538 potest
3186 3478 3242 3524 ut
3269 3468 3337 3523 de
3365 3485 3491 3525 san-

1928 3567 2018 3613 cto
2044 3557 2286 3629 quolibet
2323 3557 2414 3612 hic
2454 3557 2768 3613 doceamur.
2811 3558 2997 3630 Neque
3039 3568 3219 3615 tamen
3251 3560 3487 3630 idipsum

1926 3658 2012 3705 est
2053 3651 2295 3715 credere,
2325 3651 2575 3721 quoniam
2613 3652 2915 3721 miriﬁcavit
2946 3651 3204 3709 Dominus
3245 3664 3487 3710 sanctum

1927 3758 2103 3806 suum,
2153 3757 2218 3797 ac
2249 3757 2576 3813 cognoscere
2630 3758 2739 3798 non
2766 3744 2906 3800 idem
2957 3760 3079 3802 esse
3125 3746 3346 3803 credere
3397 3763 3490 3803 ve—

1924 3834 2094 3901 ritati,
2123 3842 2179 3891 et
2205 3849 2368 3892 nosse
2389 3837 2705 3906 veritatem;
2734 3844 2789 3893 et
2820 3837 3041 3895 credere
3070 3837 3200 3909 Deo,
3233 3855 3298 3895 ac
3325 3856 3489 3898 nosse

1924 3925 2114 3985 Deum.
2145 3927 2389 3998 Apostoli
2423 3936 2574 3986 certe
2612 3929 2829 3986 veritati
2871 3931 3196 4001 credebant;
3227 3933 3322 3990 sed
3353 3934 3484 3990 dum

1924 4020 2228 4087 crederent,
2256 4036 2365 4077 non
2397 4037 2623 4093 prorsus
2651 4024 2952 4079 noscebant
2978 4025 3148 4080 illam.
3179 4024 3310 4092 Quae
3343 4026 3483 4081 dici-

1922 4127 2045 4169 mus
2073 4113 2243 4183 prohe
2261 4122 2759 4169 commonstrantur
2789 4130 2858 4170 ex
2886 4114 2991 4170 hoc
3014 4114 3291 4187 Evangelii
3322 4116 3443 4172 loco
3468 4136 3483 4172 :

1924 4200 1985 4257 Si
2012 4206 2313 4259 manseritis
2340 4207 2393 4260 in
2415 4222 2650 4261 sermone
2672 4223 2805 4271 meo,
2843 4223 2954 4261 vere
2973 4207 3221 4275 discipuli
3250 4209 3352 4263 mei
3379 4209 3486 4263 eri-

1924 4294 2013 4360 tis,
2032 4305 2082 4349 et
2104 4298 2420 4367 cognoscetis
2445 4298 2736 4359 veritatem,
2765 4307 2816 4352 et
2840 4299 3031 4352 veritas
3053 4298 3295 4352 liberabit
3314 4316 3401 4352 vos
3415 4296 3480 4353 “.

1920 4385 2160 4443 Credunt
2187 4389 2354 4457 enim,
2382 4390 2578 4461 inquit,
2615 4390 2855 4455 veritati,
2889 4400 2949 4445 ut
2974 4399 3310 4462 cognoscant
3342 4389 3506 4458 veri,

249 4464 429 4534 ρώσει
462 4466 636 4534 ὑμᾶς.
682 4469 1002 4523 Πιστεύουσι
1027 4469 1134 4542 γὰρ
1169 4473 1234 4542 τῇ
1271 4466 1531 4545 ἀληθείᾳ,
1560 4475 1711 4546 φησὶ,
1756 4475 1815 4528 τὸ

1932 4485 2085 4533 tatem
2129 4494 2327 4543 :nam,
2398 4481 2696 4535 secundum
2753 4481 3099 4557 prophetas,
3152 4480 3484 4536 credendum

252 4556 558 4627 γνώσεσθαι
607 4560 704 4633 τὴν
730 4563 1015 4634 ἀλήθειανο
1049 4566 1190 4619 κατά
1231 4565 1341 4639 γάρ
1387 4567 1509 4629 τοὺς
1537 4568 1818 4639 προφήτας

253 4646 545 4700 πιστεῦσαι
577 4649 657 4702 δεῖ
695 4654 823 4724 πρὶν
867 4655 1101 4708 συνιέναι
1146 4657 1239 4710 καὶ
1290 4657 1543 4729 λαλῆσαι·
1583 4657 1677 4711 τοῦ
1719 4659 1818 4730 μὲν

265 4738 484 4792 Ἦσαῖου
506 4740 791 4810 ’λέγοντος-
845 4747 986 4802 Ἐὰν
1020 4746 1107 4818 μὴ
1151 4752 1544 4819 πιστεύσητε,
1588 4751 1712 4806 οὐδ’
1745 4754 1817 4807 οὺ

248 4826 335 4900 μὴ
377 4827 632 4898 συνῆτε’
679 4834 771 4887 τοῦ
813 4834 868 4888 δὲ
904 4838 1095 4890 Δαυὶτ3’
1146 4840 1529 4907 Ἐπίστευσα,
1554 4841 1645 4895 διὸ
1676 4842 1814 4896 ἐλά-

248 4921 436 4988 λησα.
467 4920 585 4974 Ὅτι
614 4922 671 4975 δὲ
697 4924 759 4976 τὸ
799 4926 1083 4993 γινώσκειν
1114 4930 1205 4983 τὸν
1248 4929 1380 4985 Θεὸν
1410 4930 1503 4985 τοῦ
1545 4930 1815 4986 πιστεύειν

250 5010 402 5082 αὐτῷ
432 5010 698 5086 διαφέρει,
748 5015 805 5068 ἐν
847 5020 959 5081 τοῖς
1007 5019 1253 5090 Ψαλμοῖς
1285 5021 1694 5094 ἀναγέγραπται
1725 5021 1814 5076 διὰ

241 5100 368 5164 τοῦ,
417 5103 770 5172 Σχολάσατε
797 5106 893 5159 καὶ
926 5106 1130 5177 γνῶτε,
1158 5112 1246 5166 ὅτι
1287 5113 1400 5182 ἐγώ
1429 5116 1543 5183 ειμι
1577 5118 1610 5169 ό
1640 5117 1812 5183 Θεός·

245 5193 312 5246 οὐ
336 5194 445 5266 γὰρ
469 5199 580 5261 τοῖς
608 5196 896 5251 ἀπιστοῦσί
921 5215 1050 5269 φησι
1070 5217 1083 5231 ·
1115 5202 1456 5261 Σκρλὰσατε
1484 5206 1581 5259 καί
1610 5205 1811 5274 γνῶτε,

244 5284 337 5337 ὅτι
363 5284 478 5355 ἐγώ
512 5290 630 5358 ειμι
664 5291 698 5343 d
727 5289 892 5355 Θεός.
931 5289 1052 5342 Ἐπὶ
1081 5294 1277 5359 γνῶσιν
1305 5292 1398 5350 οὖν
1426 5298 1571 5368 ἡμᾶς
1599 5299 1628 5351 6
1658 5297 1814 5366 λόγος

245 5376 687 5450 προκαλούμενος
720 5379 1008 5435 ὑποὸάλλει
1048 5385 1142 5437 καὶ
1165 5385 1262 5457 τὴν
1287 5388 1431 5453 τίνος
1456 5386 1655 5458 γνῶσιν
1685 5390 1815 5445 ἀνα-

1921 4569 2073 4639 prius
2115 4577 2200 4625 est
2234 4585 2394 4639 quam
2427 4570 2793 4640 intelligamus
2834 4578 2888 4626 et
2909 4571 3221 4642 loquamur,
3267 4571 3485 4629 dicente

1920 4657 2056 4715 Isaia
2086 4680 2100 4716 :
2158 4660 2222 4717 Si
2263 4677 2367 4715 non
2414 4660 2762 4726 credideritis,
2797 4679 2957 4734 neque
2990 4663 3291 4735 intelligetis
3312 4644 3396 4731 l3";
3428 4673 3485 4722 et

1922 4746 2122 4805 Davide
2151 4769 2164 4804 :
2199 4749 2434 4819 Credidi,
2465 4759 2675 4820 propter
2715 4752 2853 4822 quod
2888 4752 3090 4808 locutus
3109 4770 3227 4807 sum
3242 4753 3308 4811 ⁸⁸.
3325 4753 3481 4821 Quod

1920 4847 2099 4894 antem
2129 4840 2423 4897 discrimen
2454 4843 2526 4899 sit
2560 4842 2700 4898 inter
2726 4841 2895 4898 Deum
2936 4858 3100 4900 nosse
3130 4852 3184 4900 et
3223 4844 3332 4901 Deo
3363 4862 3482 4901 cre-

1919 4930 2066 4995 dere,
2110 4932 2165 4985 in
2198 4933 2421 5004 psalmis
2459 4934 2789 4990 describitur
2829 4935 2916 4990 his
2946 4934 3168 4991 verbis:
3210 4936 3406 4992 Vacate
3428 4944 3480 4992 et

1916 5022 2085 5078 videte
2111 5023 2357 5094 quoniam
2389 5042 2478 5096 ego
2507 5042 2623 5080 sum
2651 5022 2789 5078 Deus
2814 5017 2861 5052 δ’
2890 5045 2903 5080 :
2936 5041 3045 5081 non
3079 5027 3225 5081 enim
3258 5028 3371 5083 haec
3397 5030 3477 5083 lo—

1916 5115 2102 5185 quitur
2130 5132 2242 5173 non
2274 5115 2622 5174 credentibus
2652 5137 2665 5172 :
2703 5115 2897 5172 Vacate
2936 5129 2988 5174 et
3033 5119 3197 5175 videte
3227 5123 3477 5188 quoniam

1913 5222 2005 5277 ego
2032 5223 2149 5263 sum
2193 5206 2356 5263 Deus.
2415 5211 2552 5267 Cum
2603 5211 2789 5281 itaque
2834 5226 2934 5267 nos
2971 5227 3152 5267 sermo
3180 5214 3248 5270 ad
3286 5215 3475 5284 cogni-

1912 5299 2118 5355 tionem
2146 5308 2354 5369 evocat,
2377 5299 2581 5356 indicat
2610 5303 2772 5359 simul
2805 5305 2964 5374 cujus
2998 5306 3074 5360 rei
3100 5307 3346 5360 notitiam
3375 5318 3477 5359 nos

1914 5392 2131 5465 assequi
2159 5401 2400 5466 Oporteat
2421 5411 2437 5461 ;
2462 5392 2714 5450 videlicet
2755 5394 3033 5451 mirabiles
3062 5395 3199 5450 efﬁci
3230 5400 3470 5456 sanctos,

319 5529 526 5589 “Psal.
560 5534 815 5599 r.xxxr,6.
892 5534 1095 5592 “Psal.
1128 5554 1229 5602 xv,
1262 5540 1348 5595 10.
1392 5541 1750 5611 “Joanmn,
1780 5545 1962 5611 5l,52.
2001 5550 2045 5580 "’
2085 5548 2188 5605 lsa.
2220 5565 2319 5617 vn,
2353 5551 2406 5607 9.
2438 5550 2484 5586 ⁸⁸
2512 5549 2658 5606 Psal.
2689 5565 2814 5615 cxv,
2842 5551 2929 5607 l0.
2992 5552 3037 5585 “
3064 5550 3335 5609 Psalmtw.
3379 5547 3468 5603 ﬂ.

314 5734 389 5806 (ι)
425 5735 488 5791 in
527 5735 792 5795 Hebraico
817 5741 1013 5813 legitur
1034 5748 1205 5811 rma,
1244 5743 1297 5800 id
1328 5752 1430 5813 est,
1464 5744 1633 5817 gloria
1662 5763 1796 5817 mea,
1826 5756 1887 5806 ut
1913 5751 2082 5822 probe
2106 5753 2462 5826 Symmachus
2486 5757 2893 5827 interpretatur.

444 5837 716 5898 ΡΑτιιοι.
748 5837 863 5898 Gn.
902 5836 1130 5901 XXIII.

3108 5850 3147 5899 Β
