4042 6210
537 281 643 337 101

1209 278 1474 338 EIISEBII
1507 278 1985 336 CAESARIENSIS
2017 279 2168 340 OPP.
2202 280 2382 336 PARS
2436 280 2524 336 ΙΙΙ.
2566 311 2635 321 -
2674 280 3083 338 EXEGETlCA.

3689 285 3792 338 108

539 401 672 458 d'um
707 414 1032 456 arcanorum
1075 399 1455 470 mysteriorum
1491 414 1885 470 sacrarumque
1917 417 2110 472 specu-

2219 401 2403 456 λαϐεῖν
2427 405 2576 473 ἡμᾶς
2601 403 2725 474 χρὴ,
2754 402 2828 466 ὥς
2845 405 2980 456 εἰσιν
3001 403 3105 456 ὑπὸ
3121 402 3255 457 Θεοῦ
3283 403 3796 475 τεθαυμαστωμένοι

539 492 806 546 latio’num
855 491 1202 546 mirabilibus
1243 487 1606 545 admoventur
1635 508 1646 544 :
1671 499 1834 561 atque
1883 491 1986 560 ipsi
2019 506 2115 560 per

538 584 634 640 Dei
690 585 921 655 gratiam
980 584 1327 654 divinamque
1380 583 1776 653 inspectionem
1836 583 2113 640 mirabiles

536 679 795 735 evadunt.

617 859 786 914 Vsus.
821 860 873 914 5.
918 856 1224 911 Irascimini
1248 863 1297 911 et
1322 855 1483 910 nolite
1509 871 1720 925 peccare
1745 871 1762 909 :
1793 873 1910 926 qua:
1937 856 2113 912 dicitis

538 955 600 1008 in
645 949 886 1007 cordibus
927 952 1135 1016 vestris,
1175 951 1231 1004 in
1273 948 1531 1002 cubilibus
1583 951 1765 1002 vestris
1809 951 2115 1020 compungi-

537 1044 687 1097 mini.
721 1041 924 1096 Suadet
961 1041 1058 1095 irte
1090 1041 1351 1112 impetum
1388 1039 1662 1102 cohibere,
1690 1039 1736 1094 si
1777 1039 1998 1109 quando
2029 1057 2116 1094 ve-

536 1135 775 1190 hementi
827 1132 1196 1188 commotione
1247 1131 1488 1196 feratur,
1537 1142 1831 1202 monetque
1879 1148 1948 1187 ne
1983 1132 2114 1202 quid

534 1226 617 1282 ira
648 1226 963 1297 impellente
981 1233 1175 1296 agatur
1204 1243 1218 1279 :
1250 1240 1424 1295 neque
1454 1225 1767 1296 importune
1793 1225 1922 1279 talia
1948 1225 2108 1278 fatur.

534 1318 671 1373 Nam
714 1319 844 1390 quia
882 1318 921 1372 ii
955 1319 1049 1388 qui
1082 1333 1113 1372 a
1144 1316 1345 1372 Davide
1371 1318 1612 1384 stabant,
1643 1316 1995 1372 rebellionem
2021 1318 2115 1371 ﬁlii

535 1413 593 1468 in
619 1421 852 1480 patrem,
885 1411 962 1466 uti
990 1425 1088 1481 par
1117 1416 1254 1477 erat,
1283 1409 1505 1481 indigne
1532 1409 1791 1474 ferentes,
1826 1409 1882 1462 in
1913 1409 2113 1463 bellum

537 1513 733 1562 contra
783 1504 1111 1561 Absalonem
1170 1503 1252 1557 ira
1299 1503 1538 1572 correpti
1587 1500 2112 1572 proﬁciscebantur;

536 1597 665 1655 ideo
709 1597 790 1653 sic
829 1611 925 1654 eos
970 1596 1299 1668 compellare
1343 1593 1598 1649 videtur:
1627 1592 1737 1648 Vos
1778 1592 2024 1663 quidem,
2082 1608 2116 1648 ο

535 1694 642 1750 viri
701 1692 1143 1754 commilitones,
1194 1687 1288 1758 qui
1341 1701 1471 1742 vere
1522 1685 1743 1757 gloriosi
1787 1685 1893 1741 mei
1943 1685 2112 1748 estis,

2215 497 2264 548 οί
2297 497 2453 559 ὅσιοι,
2491 496 2728 567 θαύμασι
2760 496 3158 567 προσαχθέντες
3184 497 3296 550 τῶν
3330 499 3654 570 ἀπορρήτων
3696 517 3796 569 μυ-

2217 588 2452 659 στηρίων
2481 589 2575 642 καὶ
2613 588 2720 660 τῶν
2771 588 2938 657 ἁγίων
2982 589 3373 660 θεωρημάτων,
3403 591 3497 643 καὶ
3528 591 3680 644 αὐτοὶ
3727 592 3794 644 δι’

2213 681 2381 752 αὐτὴν
2402 679 2496 735 τοῦ
2522 681 2656 734 Θεοῦ
2691 681 2852 754 χάριν
2885 681 2978 734 καὶ
3000 679 3148 734 Θείαν
3171 682 3472 752 ἐπισκοπὴν
3491 681 3795 753 θαυμαστοὶ

2215 773 2516 843 γενόμενοι.

2299 863 2618 935 Ὀργίζεσθε
2675 863 2771 918 καὶ
2811 863 2898 933 μὴ
2945 863 3342 934 ἁμαρτάνετε·
3383 863 3421 918 ᾰ
3470 864 3675 934 λέγετε
3719 865 3789 919 ἐν

2215 957 2344 1024 ταῖς
2375 956 2645 1025 καρδίαις
2665 955 2850 1026 ὑμῶν,
2873 955 2969 1008 ἐπὶ
3004 955 3131 1022 ταῖς
3161 957 3387 1022 κοίταις
3427 957 3590 1026 ὑμῶν
3607 974 3787 1010 κατα-

2215 1053 2454 1123 νύγητε.
2484 1050 2846 1121 Συμόουλεύει
2880 1050 3108 1105 κωλύειν
3148 1049 3210 1103 τὸ
3253 1050 3353 1120 τῆς
3394 1052 3559 1122 ὀργῆς
3599 1050 3790 1116 πάθος,

2217 1144 2270 1197 εί
2296 1160 2424 1196 ποτε
2456 1142 2836 1210 ἀγανακτικῶς
2869 1141 3222 1205 ἀνακινεῖται,
3255 1141 3388 1212 μηδέ
3423 1143 3501 1204 είς
3523 1141 3680 1213 ἔργον
3701 1142 3795 1197 τὸν

2217 1235 2385 1307 θυμὸν
2420 1234 2684 1288 κινεῖσθαι
2735 1234 3032 1306 παραινῶν.
3079 1236 3193 1287 Οὐκ
3241 1233 3482 1305 ἀκαίρως
3521 1233 3578 1286 δὲ
3623 1233 3796 1291 ταῦτά

2217 1342 2412 1400 φησιν’
2456 1325 2570 1379 ἀλλ’
2604 1326 2791 1397 ἐπειδὴ
2831 1326 2972 1380 κατὰ
3002 1327 3095 1380 τοῦ
3133 1325 3483 1397 Ἀὅεσσαλὼμ
3517 1327 3795 1399 ὁρμῶντες

2215 1423 2293 1485 είς
2322 1421 2578 1491 πόλεμον,
2609 1419 2723 1490 μετ’
2749 1419 2922 1490 ὀργῆς
2953 1419 3213 1491 ἐξῄεσαν,
3249 1420 3324 1484 ὡς
3356 1420 3530 1483 είκὸς,
3571 1422 3620 1472 0i
3656 1419 3796 1489 μετά

2215 1513 2308 1569 τοῦ
2340 1512 2520 1575 Δαυῖδ,
2560 1510 2994 1580 ἀγανακτοῦντες
3024 1511 3117 1562 ἐπὶ
3161 1513 3225 1581 τῇ
3263 1509 3355 1563 τοῦ
3384 1509 3500 1562 υἱοῦ
3529 1508 3670 1563 κατὰ
3696 1507 3794 1563 τοῦ

2216 1604 2423 1679 πατρὸς
2481 1602 2874 1656 ἐπαναστάσεγ
2921 1602 3112 1655 τούτου
3168 1601 3326 1674 χάριν
3369 1601 3510 1655 ἔοικε
3566 1601 3798 1658 τοιαῦτά

2217 1715 2336 1751 τινα
2364 1694 2499 1767 πρὸς
2530 1693 2725 1758 αὐτοὺς
2755 1693 2960 1762 λέγειν’
3011 1695 3198 1764 Ὑμεῖς
3229 1695 3348 1765 μὲν,
3372 1688 3418 1747 ὦ
3439 1694 3629 1766 ἄνδρες
3656 1694 3795 1766 σύμ-

535 1793 724 1856 utpote
755 1786 858 1854 ﬁlii
885 1783 1180 1845 hominum,
1226 1780 1376 1851 gravi
1409 1784 1568 1833 corde
1599 1777 1836 1850 prmditi,
1870 1784 1924 1832 et
1963 1792 2110 1831 mor-

2219 1807 2403 1860 μαχοι.
2440 1790 2487 1843 οἳ
2519 1791 2582 1861 δὴ
2622 1789 2715 1844 καὶ
2745 1786 2982 1851 ἔνδοξοί
3039 1803 3173 1857 μου,
3201 1786 3276 1850 ὡς
3313 1787 3427 1840 υἱοί
3470 1785 3796 1855 ἀνθρώπων

534 1879 662 1934 talis
702 1877 870 1947 hujus
912 1876 1036 1932 vita:
1087 1873 1317 1929 vanitati
1361 1874 1655 1940 haerentes,
1690 1871 2115 1942 ignorantesque

529 1973 740 2044 justum
770 1970 866 2026 Dei
895 1977 1087 2025 contra
1120 1967 1318 2037 impios
1342 1966 1634 2038 judicium,
1679 1964 1984 2020 irascimini
2018 1963 2118 2018 ad-

532 2082 729 2123 versus
765 2063 1001 2133 impium
1058 2061 1230 2116 ﬁlium
1261 2078 1276 2114 :
1313 2075 1377 2114 ac
1421 2057 1546 2129 jtire
1573 2057 1791 2129 quidem
1833 2054 2110 2118 commoti,

533 2155 869 2227 indigneque
902 2168 1017 2208 rem
1051 2151 1311 2216 ferentes,
1345 2151 1400 2204 in
1430 2150 1631 2205 bellum
1677 2146 2108 2218 proﬁciscimini.

525 2248 649 2320 ‘Ego
679 2263 809 2303 vero
838 2261 934 2302 vos
973 2261 1166 2300 omnes
1203 2258 1424 2306 moneo,
1458 2242 1564 2296 etsi
1595 2242 1788 2296 merito
1837 2240 1914 2294 ira
1944 2240 2114 2310 perci-

532 2352 644 2405 tos.
687 2357 758 2397 ne
803 2341 925 2397 sitis
965 2336 1267 2394 clementiae
1297 2335 1685 2407 patientiaeque
1736 2335 2110 2401 immemores,

534 2445 640 2490 neu
697 2434 773 2488 ita
827 2430 1220 2497 succenseatis,
1272 2438 1333 2484 ut
1389 2430 1445 2484 in
1497 2435 1783 2500 peccatum
1829 2427 2109 2482 labamini.

535 2527 900 2594 Quamobrem
946 2525 1068 2580 dico
1110 2543 1123 2579 :
1165 2523 1502 2590 Irascimini,
1545 2521 1634 2577 sed
1679 2522 1838 2576 nolite
1877 2537 2110 2590 peccare.

532 2617 762 2674 Etiamsi
798 2631 963 2688 porro
1015 2624 1238 2687 propter
1282 2615 1563 2686 improbos
1608 2613 1900 2668 Absalonis
1943 2627 2111 2668 ausus

534 2712 741 2776 animo,
778 2711 933 2780 juxta
980 2709 1256 2779 Aquilam,
1311 2704 1754 2768 commovemini,
1802 2712 1990 2760 cavete
2028 2712 2112 2758 ta-

533 2823 683 2870 men,
715 2822 784 2860 ne
813 2804 1089 2876 prioribus
1121 2799 1358 2871 peccatis
1408 2813 1610 2852 novum
1644 2795 1934 2866 adjiciatis,
1979 2796 2025 2850 si
2055 2796 2110 2848 in

532 2896 822 2954 iracundia
863 2891 1248 2964 perseveretis.
1283 2886 1671 2958 Deprehendes
1715 2892 1898 2940 autem
1940 2885 1994 2939 in
2027 2883 2112 2937 hi-

535 2992 707 3047 storia
762 2989 944 3060 ipsum
992 2982 1288 3040 admodum
1341 2979 1669 3053 praecepisse
1718 2986 1777 3034 ut
1830 2977 1942 3034 ﬁlio
1986 2994 2112 3051 par-

535 3090 743 3138 cerent.

605 3261 773 3318 Vsus.
793 3259 902 3318 6.7.
915 3258 1225 3328 sacriﬁcate
1255 3255 1580 3326 sacri/icium
1597 3254 1860 3323 justitite,
1891 3254 1956 3307 'et
1995 3270 2111 3322 sre-

531 3367 648 3410 rate
694 3356 749 3409 in
801 3354 1050 3409 Domino.
1089 3350 1313 3406 Etiamsi
1354 3357 1413 3402 ut
1461 3347 1709 3401 homines
1755 3345 2013 3401 mortales
2054 3346 2110 3400 in

527 3450 720 3506 multis
799 3445 1260 3520 cogitationibus,
1331 3442 1415 3497 ira
1476 3440 1744 3512 permoti,
1818 3455 1916 3510 per
1967 3440 2110 3495 diem

529 3542 864 3611 versamini;
918 3547 974 3594 at
1023 3539 1079 3594 in
1137 3536 1408 3592 cubilibus
1460 3534 1645 3604 quiete
1692 3533 1835 3603 apud
1881 3547 1980 3587 vos
2027 3532 2110 3602 ip-

531 3650 626 3690 sos
676 3642 935 3704 agentes,
989 3638 1153 3702 atque
1206 3630 1298 3693 illa
1349 3643 1470 3699 qua:
1523 3626 1582 3681 in
1639 3624 1726 3680 die
1757 3624 2111 3696 perpetrastis

532 3725 814 3779 vobiscum
900 3727 1249 3792 reputantes,
1347 3716 1794 3788 compungimini.
1873 3713 1952 3770 Ne
2018 3715 2113 3785 igi-

535 3823 624 3869 tur
662 3813 922 3870 adversus
967 3826 1063 3865 eos
1116 3811 1208 3880 qui
1257 3824 1354 3863 vos
1403 3807 1740 3876 facinoribus
1787 3805 2114 3878 aggredium-

531 3913 643 3966 tur,
699 3917 877 3974 neque
937 3901 1199 3957 adversus
1269 3901 1439 3954 ﬁlium
1506 3901 1646 3970 patri
1700 3901 1958 3955 rebellem
2029 3899 2111 3952 ira

533 3993 884 4050 concitemini
921 4012 934 4046 :
969 4008 1074 4047 neu
1123 4007 1240 4056 vos,
1283 3991 1681 4046 lacessentibus
1728 3991 1854 4045 licet
1908 3991 2108 4060 impiis,

533 4093 698 4157 atque
746 4085 813 4140 ad
866 4083 1206 4139 iracundiam
1261 4082 1726 4155 provocantibus,
1778 4084 1835 4136 in
1888 4093 2110 4151 peccata

532 4177 826 4243 labamini;
867 4177 977 4231 imo
1027 4177 1233 4248 potius,
1281 4176 1329 4232 si
1374 4174 1592 4245 quidem
1644 4176 1700 4228 in
1749 4180 1867 4228 tuto
1915 4175 2111 4245 degere

531 4272 788 4344 cupiatis,
824 4271 1124 4341 sacriﬁcate
1145 4269 1470 4339 sacriﬁcium
1507 4269 1764 4338 justitite,
1806 4278 1856 4322 et
1903 4277 2111 4336 sperate

523 4352 587 4422 in
629 4359 895 4432 Domino;
942 4381 1120 4436 neque
1173 4364 1601 4428 conturbemiui,
1639 4371 1826 4434 utpote
1869 4362 1963 4434 qui
2013 4379 2109 4433 per

2211 1879 2607 1949 ,βαρυκάρδιοί
2656 1895 2799 1941 τινες
2832 1878 3012 1941 ὄντες,
3046 1878 3138 1930 καὶ
3190 1880 3255 1949 τῇ
3293 1876 3385 1930 τοῦ
3435 1878 3630 1949 θνητοῦ
3675 1879 3792 1950 βίου

2221 1975 2538 2044 ματαιότητι
2593 1971 2977 2043 προσέχοντες,
3005 1971 3106 2022 οὐκ
3136 1970 3337 2034 εἰδότες
3383 1971 3481 2042 τὴν
3517 1970 3610 2024 τοῦ
3655 1971 3793 2026 Θεοῦ

2217 2064 2356 2118 κατὰ
2388 2064 2497 2118 τῶν
2529 2063 2744 2119 ἀσεϐῶν
2774 2060 3188 2132 δικαιοκρισίαν,
3222 2060 3492 2132 θυμοῦσθε
3525 2063 3666 2115 κατά
3697 2063 3793 2116 τοῦ

2215 2155 2445 2220 ἀσεϐοῦς
2487 2155 2601 2208 υἱοῦ
2623 2172 2636 2184 ·
2671 2153 2766 2208 καὶ
2815 2152 3038 2215 δικαίως
3074 2151 3412 2222 κινούμενοι,
3463 2154 3556 2206 καὶ
3587 2154 3799 2222 ἀγανα-

2216 2249 2416 2313 κτικῶς
2446 2245 2807 2319 ὀργιζόμενοι,
2845 2246 2936 2298 ἐπὶ
2988 2245 3078 2297 τὸν
3128 2245 3360 2315 πόλεμον
3407 2244 3648 2316 ὁρμᾶτεσ
3681 2245 3797 2315 ἐγὼ

2214 2342 2271 2395 δέ
2321 2343 2430 2404 τοῖς
2467 2342 2598 2394 πᾶσι
2635 2340 2886 2412 παραινῶ
2910 2380 2924 2404 ,
2965 2338 3013 2390 εί
3054 2339 3147 2392 καὶ
3175 2337 3392 2405 εὔλογος
3420 2339 3452 2407 ἡ
3486 2338 3641 2410 ὀργὴ,
3676 2339 3793 2392 ἀλλ’

2217 2434 2362 2506 ὑμᾶς
2393 2435 2453 2486 ού
2499 2434 2604 2506 χρὴ
2651 2434 2748 2504 τῆς
2791 2431 2996 2494 οἰκείας
3039 2429 3487 2484 ἐπιλανθάνεσθαι
3539 2429 3795 2495 ἀνεξικα-

2215 2526 2358 2591 κίας,
2384 2526 2489 2579 οὐδ’
2512 2526 2604 2579 ἐπὶ
2633 2525 2789 2579 πλέον
2821 2523 3167 2588 ἐξάπτεσθαι,
3193 2523 3268 2586 ὼς
3288 2524 3380 2576 καὶ
3403 2523 3496 2576 ἐπὶ
3518 2524 3794 2595 ἁμαρτίας

2213 2619 2520 2672 ἐκπίπτειν.
2552 2619 2643 2671 Διό
2677 2633 2851 2688 φημιο
2903 2614 3244 2684 Ὀργίζεσθε,
3283 2615 3442 2668 ἀλλὰ
3486 2615 3571 2684 μὴ
3605 2616 3795 2685 ἁμαρ-

2211 2705 2438 2760 τὰνετε.
2469 2708 2531 2760 El
2556 2707 2612 2759 δὲ
2647 2708 2742 2760 καὶ
2769 2705 3066 2769 κλονεῖσθε,
3101 2704 3241 2758 κατά
3270 2705 3360 2757 τὸν
3408 2705 3656 2768 Ἀκύλαν,
3690 2705 3796 2771 τὰς

2211 2798 2387 2870 ψυχὰς
2415 2798 2503 2852 διὰ
2538 2799 2605 2853 τά
2633 2799 2710 2870 τῷ
2746 2795 3102 2868 Ἀϐεσσαλὼμ
3127 2797 3604 2868 προτετολμημένα
3631 2839 3645 2862 ,
3673 2797 3794 2851 ἀλλ’

2211 2889 2374 2961 ὁρᾶτε
2421 2890 2496 2962 μὴ
2525 2891 2619 2944 καὶ
2645 2891 2834 2963 ἑτέραν
2865 2889 2956 2942 ἐπὶ
2986 2891 3105 2952 ταῖς
3139 2889 3434 2960 προτέραις
3468 2890 3798 2961 προσθείητε

2213 2984 2522 3055 ἁμαρτίαν,
2569 2987 2634 3056 τῇ
2679 2987 2814 3057 ὀργῇ
2859 2984 3229 3055 ἐπιμένοντες.
3273 2985 3466 3057 Εὖροις
3505 2985 3550 3039 δ’
3589 2985 3653 3040 ἂν
3695 2988 3799 3041 καὶ

2138 3116 2178 3172 C
2214 3080 2356 3135 κατά
2390 3080 2488 3152 τὴν
2513 3081 2751 3152 ἱστορίαν
2781 3078 2952 3134 πολλὰ
2993 3077 3358 3152 παραινοῦντα
3403 3079 3564 3133 αὐτὸν
3606 3079 3799 3150 φείσα-

2216 3173 2336 3228 σθαι
2368 3173 2462 3227 τοῦ
2488 3173 2698 3237 παιδός.

2286 3267 2519 3320 Θύσατε
2545 3266 2766 3320 θυσίαν
2784 3264 3199 3332 δικαιοσύνης,
3233 3263 3332 3317 καί
3366 3263 3654 3319 ἐλπίσατε
3690 3264 3798 3319 ἐπὶ

2211 3355 2452 3425 Κύριον.
2471 3359 2533 3410 Ei
2558 3359 2652 3411 καὶ
2677 3357 2752 3421 ὡς
2779 3356 3055 3426 ἄνθρωποι
3090 3357 3276 3428 θνητοὶ¹
3305 3356 3470 3410 πολλὰ
3497 3357 3800 3413 διανοεῖσθε

2215 3449 2332 3521 μεθ’
2365 3451 2579 3521 ἡμέραν
2607 3450 2963 3522 ὀργιζόμενον
2993 3450 3106 3503 ἀλλ’
3134 3449 3222 3503 ἐπὶ
3254 3454 3373 3514 ταῖς
3403 3451 3607 3513 κοίταις
3637 3450 3798 3521 ὑμῶν

2212 3541 2298 3610 ἐφ’
2327 3541 2576 3611 ἡσυχίας,
2610 3544 2736 3612 παρ’
2769 3543 2982 3606 ἑαυτοῖς
3004 3543 3306 3613 γενόμενοι,
3337 3543 3696 3615 κατανύγητε,
3723 3543 3799 3599 τὰ
3855 3549 3860 3556 .

2212 3634 2278 3686 δι’
2317 3634 2531 3704 ἡμέρας
2594 3635 2722 3705 ὑμῖν
2782 3635 3145 3706 πεπραγμένα
3195 3633 3639 3706 διαλογιζόμενοι.
3698 3637 3797 3707 Μὴ

2212 3724 2364 3795 γοῦν,
2388 3726 2571 3797 φησὶν,
2601 3725 2885 3798 ὀργίζεσθε
2918 3727 3060 3780 κατά
3103 3727 3209 3780 τῶν
3243 3729 3323 3791 εἰς
3363 3729 3504 3799 ὑμᾶς
3540 3727 3802 3798 πλημμε-

2213 3817 2478 3884 λούντων,
2516 3819 2651 3890 μηδέ
2689 3821 2829 3874 κατά
2878 3820 2972 3874 τοῦ
3025 3822 3428 3884 ἐπαναστάντος
3472 3821 3549 3892 τῷ
3588 3820 3795 3893 πατρί’

2216 3912 2354 3983 μήτε
2409 3911 2562 3964 αὐτοὶ
2614 3911 3059 3983 ἁμαρτάνοντες,
3092 3911 3194 3965 κᾶν
3249 3912 3423 3984 ἐτεροι
3468 3910 3800 3976 ἀσεϐοῦντες

2214 4002 2612 4074 προκαλοῦνται
2645 4004 2789 4074 ὑμᾶς
2842 4005 2922 4068 είς
2971 4003 3140 4076 ὀργῆς
3191 4003 3324 4076 ἔργα
3356 4004 3449 4057 καὶ
3481 4005 3561 4067 είς
3609 4005 3797 4076 ἀμαρ-

2211 4094 2350 4158 τίας,
2382 4094 2496 4147 ἀλλ’
2554 4094 2676 4148 ἀντὶ
2709 4093 2913 4147 τούτων
2960 4095 3190 4166 μᾶλλον,
3242 4094 3398 4164 εἴπερ
3434 4087 3684 4163 βούλεσθε
3727 4092 3797 4147 τὸ

2211 4186 2450 4257 ἀσφαλὲς
2483 4187 2646 4258 ἔχειν,
2696 4188 2918 4241 θύσατε
2951 4187 3171 4240 θυσίαν
3215 4185 3601 4252 δικαιοσύνης
3623 4226 3638 4250 ,
3688 4187 3793 4239 καὶ

2211 4279 2504 4334 ἐλπίσατε
2541 4279 2641 4334 ἐπὶ
2689 4281 2944 4347 Κύριον,
3007 4279 3102 4333 καὶ
3173 4278 3371 4350 μηκέτι
3421 4276 3790 4349 ταράττεσθε,

2211 4373 2579 4436 οίκειωθέντες
2612 4371 2690 4444 τῷ
2717 4372 2906 4443 Κυρίῳ
2941 4369 3028 4424 διὰ
3065 4369 3167 4440 τῆς
3199 4368 3562 4441 δικαιοσύνης.
3611 4369 3796 4420 Ἐπεί-

528 4462 798 4531 justitiam
849 4462 904 4516 in
933 4458 1029 4517 Dei
1081 4460 1342 4515 familiam
1389 4459 1615 4532 ascripti
1659 4459 1812 4514 estis.
1848 4456 2108 4524 Quando-

2214 4479 2318 4533 περ
2355 4465 2476 4518 ἀντὶ
2532 4463 2714 4535 πάσης
2749 4461 2942 4524 θυσίας
2985 4459 3167 4531 χαίρει
3217 4458 3650 4529 δικαιοπραγίαις
3695 4456 3796 4509 καὶ

534 4559 754 4629 quidem
781 4559 872 4615 ille
901 4575 1011 4630 prae
1040 4560 1297 4614 omnibus
1333 4558 1644 4621 sacri-ﬁciis,
1672 4557 1900 4627 justitize
1929 4557 2110 4628 operi-

531 4650 640 4706 bus
664 4661 719 4704 et
748 4659 897 4706 recte
931 4648 1093 4706 factis
1127 4650 1462 4716 delectatur;
1501 4649 1674 4704 multo
1705 4650 1848 4704 enim
1882 4658 2109 4719 praesta-

533 4744 703 4801 bilius
745 4752 829 4800 est
871 4745 947 4798 ita
983 4759 1167 4816 agere,
1200 4759 1366 4815 quam
1398 4745 1563 4800 irasci
1601 4756 1654 4801 et
1697 4746 1961 4801 ultionem
1995 4762 2109 4802 me-

534 4836 729 4904 ditari;
760 4851 879 4891 eam
920 4837 992 4892 ob
1024 4851 1162 4902 rem,
1210 4836 1512 4893 rebellante
1537 4836 1669 4906 ﬁlio,
1701 4853 1765 4894 ea
1817 4838 1952 4894 mihi
2001 4855 2106 4894 una

533 4944 667 4984 cura
699 4928 821 4998 iuit,
848 4937 907 4985 ut
936 4946 1032 5001 per
1054 4929 1325 5000 justitiam
1365 4930 1535 4987 Deum
1564 4932 1835 5002 placarem
1869 4951 1882 4985 :
1913 4946 2103 5002 quare,

533 5037 653 5076 cum
683 5023 977 5078 invocarem
1018 5025 1288 5078 exaudivit
1318 5042 1399 5080 me
1428 5025 1567 5080 Deus
1589 5025 1820 5095 justitite
1849 5001 1998 5088 nitate,
2030 5032 2105 5089 et,

533 5113 588 5166 in
621 5111 960 5168 tribulatione
1003 5115 1247 5168 ditatasti
1290 5115 1442 5179 mihi,
1476 5115 1603 5186 quia
1636 5131 1760 5170 cum
1803 5113 2109 5171 sacriﬁcas-

532 5219 650 5262 sem
683 5206 1012 5262 sacriﬁcium
1037 5208 1284 5278 iustitiae,
1318 5209 1374 5264 in
1403 5210 1524 5280 ipso
1557 5209 1794 5281 speravi.

602 5295 767 5352 Hulti
794 5297 976 5352 dicunt
1007 5315 1025 5353 :
1053 5302 1169 5370 quis
1198 5301 1434 5356 ostendet
1462 5302 1612 5356 nobis
1643 5302 1821 5358 bona?
1855 5301 1963 5356 Alii
1988 5303 2110 5373 qui-

530 5389 656 5446 dem
707 5392 812 5445 alia
858 5392 1186 5462 cogitantes,
1221 5395 1565 5464 maximeque
1608 5395 1701 5466 qui
1747 5396 1899 5466 gravi
1941 5395 2107 5450 corde

529 5489 663 5537 sunt
697 5480 793 5536 ﬁlii
819 5481 1126 5548 hominum,
1151 5484 1244 5555 qui
1285 5485 1579 5539 vanitatem
1608 5485 1730 5540 vitae
1761 5485 2012 5555 diligunt,
2044 5501 2109 5539 ac

531 5575 787 5646 ignorant
814 5591 936 5648 qua:
963 5592 1090 5632 vere
1119 5577 1264 5633 bona
1292 5577 1421 5642 sint,
1445 5585 1499 5632 et
1536 5591 1654 5632 cum
1686 5593 1863 5648 neque
1889 5586 2108 5648 sperent

531 5683 711 5737 neque
745 5671 973 5726 credant
999 5687 1061 5725 ea
1102 5686 1160 5726 se
1200 5671 1417 5725 visuros
1448 5685 1711 5739 unquam,
1744 5669 1898 5723 aiunt
1929 5688 1943 5724 :
1975 5669 2107 5736 Quis

527 5761 770 5816 ostendet
817 5763 965 5819 nobis
1013 5765 1185 5818 bona?
1233 5761 1418 5828 Neque
1460 5763 1602 5818 enim
1644 5777 1710 5818 ea
1743 5761 1947 5826 vident,
1976 5763 2104 5819 auia

2210 4559 2329 4620 ταῖς
2373 4559 2492 4612 κατ’
2531 4556 2730 4628 ἀρετὴν
2769 4554 3021 4625 πράξεσι.
3065 4553 3175 4606 Καὶ
3215 4551 3372 4604 τοῦτο
3418 4550 3550 4605 πολὺ
3583 4549 3795 4620 βέλτιον

2210 4652 2465 4722 πράττειν
2508 4651 2541 4722 ἢ
2579 4649 2890 4723 ὀργίζεσθαι
2925 4649 3019 4703 καὶ
3072 4648 3299 4710 ἑαυτοὺς
3344 4644 3578 4698 ἐκδικεῖν
3616 4659 3795 4695 στρου-

2208 4745 2404 4811 δάζειν.
2459 4744 2549 4799 Διὸ
2596 4745 2660 4817 δὴ
2689 4745 2781 4798 καὶ
2827 4743 3008 4808 αὐτὸς,
3059 4739 3460 4801 ἐπαναστάντος
3493 4736 3586 4790 τοῦ
3639 4735 3792 4798 υἱοῦ,

2211 4838 2338 4910 περὶ
2391 4839 2550 4893 τοῦτο
2599 4837 2757 4908 μόνον
2813 4835 3121 4889 ἐσπούδασα
3173 4834 3262 4888 διὰ
3307 4830 3651 4902 δικαιοσύνης
3696 4831 3797 4885 τὸν

2208 4931 2339 4985 Θεὸν
2383 4931 2758 5000 ἱλασκόμενοςο
2811 4928 2952 4995 ὅθεν,
2993 4929 3096 4982 Ἔν
3133 4926 3213 4992 τῷ
3253 4925 3669 4980 ἐπικαλεῖσθαί
3709 4943 3796 4994 με

2207 5021 2538 5090 εἰσήκουσέ
2564 5041 2683 5092 μου
2707 5025 2740 5076 ὁ
2771 5019 2912 5086 Θεὸς
2953 5018 3060 5089 τῆς
3104 5019 3490 5086 δικαιοσύνης
3512 5035 3650 5087 μου,
3670 5019 3790 5084 καὶ,

2208 5117 2277 5170 ἐν
2313 5115 2517 5184 θλίψει
2553 5111 2898 5179 ὲπλάτυνάς
2935 5128 3069 5182 μοι·
3121 5111 3346 5183 ἐπειδὴ,
3380 5109 3545 5173 θύσας
3594 5107 3789 5162 θυσίαν

2209 5207 2577 5276 δικαιοσύνης,
2605 5207 2692 5258 ἐπ’
2728 5204 2888 5258 αὑτὸν
2920 5205 3145 5277 ἦλπισα.

2278 5298 2819 5367 Πολλοίλέγουσιν’
2857 5299 2953 5365 Τίς
2984 5297 3163 5363 δείξει
3186 5296 3329 5366 ἡμῖν
3351 5293 3577 5366 ἀγαθὼ
3599 5293 3790 5347 Ἄλλοι

2214 5391 2512 5463 μὲν,φησὶν
2533 5431 2546 5454 ,
2573 5390 2747 5454 άλλως
2766 5389 3132 5461 διανοούμενοι
3157 5430 3170 5452 ,
3207 5389 3298 5443 καὶ
3335 5387 3566 5459 μάλιστα
3597 5387 3644 5437 οί
3682 5383 3784 5453 βα-

2214 5484 2488 5556 ρυκάρδιοι
2521 5485 2626 5538 υἱοὶ
2650 5484 2757 5538 τῶν
2799 5482 3101 5554 ἀνθρώπων
3124 5522 3138 5544 ,
3171 5482 3221 5534 οί
3261 5481 3359 5551 τὴν
3392 5477 3484 5532 τοῦ
3531 5476 3646 5547 βίου
3681 5493 3790 5546 μα-

2208 5577 2468 5647 ταιότητα
2504 5575 2845 5644 ἀγαπῶντες.
2879 5575 2979 5628 οὐκ
3023 5573 3222 5635 εἰδότες
3251 5573 3297 5624 τ’
3329 5569 3543 5641 ἀληθῶς
3578 5564 3791 5634 ἀγαθὰ,

2208 5667 2327 5721 οὐδὲ
2362 5666 2700 5732 ἐλπίζοντες,
2752 5665 2871 5717 οὐδὲ
2925 5664 3269 5726 πιστεύοντες
3302 5661 3472 5714 ταῦτα
3513 5655 3734 5728 ὄψεσθαι
3766 5695 3792 5720 ,

2211 5761 2371 5816 φατί-
2407 5762 2502 5826 Τίς
2529 5758 2708 5823 δείξει
2736 5757 2878 5828 ἡμῖν
2906 5756 2980 5810 τὰ
3007 5753 3233 5824 dmod;
3257 5755 3330 5810 Οὐ
3352 5752 3459 5821 γὰο
3484 5747 3796 5804 συνορῶσι-ο
