4042 6210
357 365 457 418 ιυυ

1468 355 1977 412 LOMMENTAIIIA
2015 355 2077 407 ΙΝ
2118 352 2451 409 PSALMOS.

3476 360 3577 412 illi

351 475 508 539 αὐτὰ,
530 472 607 544 τῷ
643 473 716 544 μὴ
749 471 1181 540 καταυγάζεσθαι
1211 470 1289 541 τῷ
1325 470 1462 540 φωτὶ
1498 472 1589 524 τοῦ
1626 468 1908 542 προσώποι

2022 467 2206 522 vultus
2224 467 2303 521 tui
2328 467 2534 523 lumine
2557 483 2667 523 non
2695 469 3042 524 illustrantur
3068 488 3081 524 :
3106 469 3455 540 quamobrem
3479 472 3581 524 rati

354 583 480 621 σου·
521 565 601 618 διὸ
628 564 692 635 δὴ
727 564 862 635 μόνα
892 563 957 617 τὰ
1001 560 1181 631 γεώδη
1214 561 1306 614 καὶ
1347 561 1561 634 φθαρτά
1602 561 1924 631 ὑπολαμϐά-

352 674 533 718 νοντες
559 651 696 708 εἶναι
717 654 916 723 ἀγαθὰ,
942 653 1070 724 περὶ
1095 652 1266 706 ταῦτα
1302 652 1654 723 ἀσχολοῦνται
1674 652 1767 705 καὶ
1793 652 1926 706 ταῦ-

352 765 421 802 τα
449 746 883 817 μεταδιώκουσιν.
917 746 979 798 Εί
1010 744 1065 797 δέ
1101 762 1184 808 τις
1211 744 1394 807 αὐτοῖς
1420 744 1547 817 περὶ
1584 744 1691 798 τῶν
1717 741 1925 798 θειοτέ-

354 857 464 913 ρων
490 840 583 892 καὶ
607 837 939 908 ἐπουρανίων
969 836 1137 904 λέγοι,
1160 838 1370 908 ἐρωτᾷν
1396 836 1647 890 εἰώθασιν
1666 853 1680 865 ο
1711 837 1818 889 Καὶ
1839 836 1926 897 τίς

353 928 465 1002 ἆρά
498 933 641 985 ἐστιν
690 933 719 983 ό
763 929 949 994 δείξων
996 931 1127 1001 ἡμῖν
1168 930 1372 995 ταῦτα;
1415 929 1555 983 Ἀλλ’
1585 932 1781 983 ἐκεῖνοι
1824 929 1924 998 μὲν

351 1023 580 1076 τοιοῦτοί
606 1039 764 1085 τινες.
794 1023 983 1092 Ἡμεῖς
1003 1022 1061 1075 δὲ
1083 1023 1211 1093 παρ’
1232 1016 1313 1085 οἷς
1343 1021 1670 1091 ὲσημειώθη
1702 1019 1767 1073 τὸ
1797 1018 1925 1105 φῶς

351 1112 459 1165 τοῦ
484 1109 803 1179 προσώπου
831 1124 970 1173 σου,
992 1105 1041 1164 ὦ
1067 1111 1263 1178 Κύριε,
1296 1110 1389 1164 καὶ
1422 1108 1512 1162 τὸν
1557 1106 1795 1172 δείξοντα
1827 1107 1923 1161 καὶ

350 1204 446 1256 τὸν
496 1203 734 1258 δώσοντα
780 1204 912 1274 ἡμῖν
957 1204 1095 1258 αὐτά
1144 1201 1483 1273 ἐπιστάμεθα
1531 1200 1635 1254 ὑπὸ
1687 1199 1778 1254 τοῦ
1825 1217 1920 1253 σου

350 1295 527 1363 φωτὸς
570 1296 648 1358 είς
685 1295 782 1366 τὴν
814 1295 1013 1364 γνῶσιν
1044 1296 1223 1349 αὐτῶν
1262 1294 1610 1365 ἐληλυθότες·
1654 1293 1922 1361 Ἔδωκας

349 1388 737 1455 εὐφροσύνην
766 1390 853 1454 εὶς
885 1388 998 1456 τὴν
1023 1388 1273 1456 καρδίαν
1294 1404 1432 1456 μου.

429 1479 564 1533 Ἀπὸ
609 1480 840 1547 καρποῦ
874 1480 982 1535 τοῦ
1024 1481 1197 1533 σίτου
1233 1479 1333 1533 καὶ
1371 1480 1539 1533 οἴνου
1576 1480 1671 1533 καὶ
1712 1480 1921 1533 ἐλαίου

346 1569 546 1625 αὐτῶν
574 1570 1060 1639 ἐπληθύνθησαν.
1096 1570 1250 1624 Ἐπεὶ
1269 1570 1325 1622 δὲ
1359 1570 1626 1641 πολλαχοῦ
1652 1570 1758 1624 τῶν
1781 1571 1921 1641 Γρα-

351 1660 467 1729 φῶν
498 1662 556 1713 ὲν
587 1660 856 1727 εὐλογίαις
890 1663 1033 1723 σῖτος
1061 1661 1156 1713 καὶ
1186 1655 1324 1723 οἶνος
1350 1661 1464 1721 τοῖς
1508 1660 1682 1728 ἁγίοις
1712 1662 1918 1713 κεῖνται

347 1753 407 1805 ὲν
431 1751 750 1822 ἐπαγγελίᾳ,
780 1750 855 1816 ὡς
902 1750 996 1804 τοῦ
1040 1752 1279 1805 ἐναντίου
1342 1754 1452 1816 τοῖς
1505 1751 1846 1822 ἁμαρτωλοῖς
1881 1754 1916 1823 ἠ

2027 561 2142 614 sola
2170 569 2387 615 terrena
2416 571 2471 616 et
2497 562 2872 634 corruptibilia
2905 562 3046 617 bona
3073 577 3214 627 esse,
3243 564 3312 618 iis
3339 562 3578 628 student,

2024 667 2085 707 ea
2132 663 2553 723 persequuntur.
2589 654 2744 721 Quod
2788 655 2837 710 si
2877 656 3003 724 quis
3037 671 3132 711 eos
3172 655 3242 711 de
3281 656 3478 713 divinis
3515 672 3580 713 ac

2024 744 2342 800 caelestibus
2393 746 2721 815 alloquatur,
2768 762 2962 817 rogare
3013 747 3184 803 solent
3220 764 3236 802 :
3272 747 3405 814 Quis
3451 764 3580 819 ergo

2023 843 2107 889 est
2134 836 2227 906 qui
2273 837 2387 891 hare
2428 836 2677 891 ostendet
2726 837 2921 893 nobis?
2950 837 3026 893 Eo
3078 838 3157 892 illi
3203 840 3363 895 modo
3404 839 3579 895 allecti

2024 936 2170 984 sunt.
2207 927 2317 985 Nos
2355 945 2485 985 vero
2515 928 2661 1000 apud
2688 945 2828 1000 quos
2856 932 3122 1002 signatum
3147 939 3224 986 est
3254 932 3425 988 [unum
3465 933 3578 987 val-

2024 1028 2108 1073 tus
2135 1020 2234 1083 tui,
2264 1019 2505 1085 Domine,
2540 1021 2633 1092 qui
2659 1021 2865 1077 lumine
2896 1029 2989 1077 tuo
3021 1022 3275 1078 illustrati
3308 1023 3365 1078 in
3388 1039 3576 1079 eorum

2021 1112 2383 1182 cognitionem
2418 1113 2684 1178 venimus,
2714 1114 2885 1186 probe
2915 1114 3118 1169 scimus
3147 1123 3201 1169 et
3235 1115 3358 1185 quis
3392 1123 3575 1173 osten-

2020 1199 2116 1254 dat
2143 1209 2197 1255 et
2228 1202 2353 1272 quis
2385 1201 2627 1258 conferat
2657 1203 2749 1257 illa
2782 1221 2795 1257 :
2832 1201 3035 1257 Dedisti
3072 1201 3312 1256 lwtitiam
3340 1203 3394 1257 in
3422 1203 3577 1258 corde

2021 1309 2152 1346 ηιεο.

2091 1467 2257 1525 Vens.
2285 1469 2339 1524 8.
2375 1470 2420 1524 Α
2447 1470 2623 1539 fructu
2660 1471 2933 1540 frumenti,
2972 1474 3078 1527 vini
3104 1484 3154 1527 et
3183 1474 3286 1528 olei
3321 1474 3405 1529 sui
3437 1474 3576 1528 mul-

2020 1560 2245 1627 tiplicati
2288 1571 2434 1615 sunt.
2480 1561 2617 1626 Quia
2660 1562 2715 1617 in
2760 1563 2946 1618 multis
2987 1562 3393 1633 Scripturarum
3442 1564 3577 1621 locis

2020 1649 2348 1705 frumentum
2388 1658 2444 1706 et
2480 1651 2666 1706 vinum
2712 1652 2855 1708 inter
2894 1653 3285 1724 promissiones
3319 1669 3384 1710 ac
3414 1654 3579 1710 bene-

2016 1740 2285 1796 dictiones
2328 1748 2623 1811 ponuntur,
2651 1749 2817 1813 atque
2843 1758 2910 1798 ex
2943 1743 3171 1799 adverso
3200 1745 3578 1813 peccatoribus

349 1842 554 1894 τούτων
580 1840 858 1912 στέρησις
887 1840 1035 1907 ἀξιον
1060 1842 1363 1912 ἀποστῆσαι
1387 1842 1484 1911 τῆς
1510 1840 1652 1895 κατὰ
1676 1842 1737 1894 τὸ
1756 1842 1908 1913 ῥητὸν

2019 1832 2334 1887 eorumdem
2365 1832 2595 1901 privatio
2618 1833 2989 1902 denuntiatur;
3007 1834 3118 1903 jam
3142 1850 3318 1906 operae
3341 1836 3576 1905 pretium

348 1931 503 2001 ψιλὸν
540 1930 880 2002 ὑπολήψεως,
915 1931 1043 1996 τούς
1066 1949 1124 1985 τε
1162 1932 1573 2006 ἀκεραιοτέρους
1608 1932 1715 1985 τῶν
1756 1950 1917 1986 πεπι-

350 2023 675 2086 στευκότων,
699 2023 800 2076 καὶ
822 2024 947 2086 τοὺς
991 2024 1077 2082 διὰ
1119 2023 1218 2094 τὴν
1271 2024 1568 2095 μικρότητα
1596 2023 1696 2093 τῆς
1746 2025 1918 2093 ἑπαγ-

350 2114 535 2183 γελίας
562 2113 731 2184 ἑτέρῳ
756 2113 874 2183 Θεῷ
905 2113 1359 2185 ἀναπλαττομένῳ
1395 2114 1485 2167 ὑπ’
1514 2114 1692 2167 αὐτῶν
1729 2114 1915 2185 βουλο-

352 2205 548 2276 μένους
584 2208 903 2277 προσκυνεῖν
922 2221 937 2238 ο
993 2206 1088 2260 καὶ
1137 2205 1512 2276 φιλοτιμητέον
1558 2207 1620 2260 τὸ
1676 2206 1916 2261 ποικίλον

346 2297 454 2350 τῶν
490 2296 816 2367 σωματικῶν
846 2297 1148 2368 βρωμάτων
1184 2298 1479 2367 ἀναγαγεῖν
1505 2300 1598 2352 ἐπὶ
1620 2298 1811 2363 ταῦτα,
1840 2293 1915 2353 ὧν

349 2388 834 2460 μεταλαμϐάνουσα
863 2392 983 2444 κατ’
1026 2390 1183 2455 ἀξίαν
1216 2390 1417 2461 ἑκάστη
1456 2389 1600 2463 ψυχὴ
1632 2392 1915 2461 ἀγιάζεταί

347 2497 405 2533 τε
439 2482 532 2534 καὶ
554 2481 766 2536 εὐεκτεῖ
796 2482 891 2535 καὶ
920 2484 1334 2553 ίσχυροποιεῖται
1375 2483 1511 2555 πρὸς
1541 2484 1603 2537 τὸ
1655 2484 1913 2540 δύνασθαι

345 2566 412 2619 τά
451 2568 805 2624 ἐπιϐάλλοντα
836 2571 971 2642 αὐτῇ
1021 2570 1156 2643 ἔργα
1203 2573 1487 2627 ἐπιτελεῖν·
1514 2574 1655 2643 Ἐγὼ
1686 2576 1742 2629 δὲ
1762 2572 1914 2647 οἶμαι

347 2659 484 2713 αὐτὰ
508 2662 603 2714 xai.
634 2663 714 2725 είς
736 2662 826 2715 τὸν
861 2662 1120 2733 μέλλοντα
1153 2664 1326 2718 αἰῶνα
1351 2665 1665 2733 ἀνάγεσθαι.
1693 2668 1802 2721 Καὶ
1828 2669 1915 2722 ἵνα

349 2752 424 2818 μὴ
456 2751 580 2821 περὶ
626 2751 733 2805 τῶν
774 2752 1105 2824 τηλικούτων
1146 2755 1476 2827 ἀμαρτύρως
1505 2756 1744 2828 δόξωμεν
1780 2759 1914 2812 ἀπο-

346 2840 652 2907 φαίνεσθαι,
690 2843 911 2915 ἀρκέσει
960 2846 1089 2915 ἡμῖν
1144 2844 1351 2909 Παῦλος
1405 2847 1714 2915 σαφέστατα
1758 2847 1913 2901 τοῦτο

345 2929 610 2984 διδάσκων
656 2934 712 2987 ἐν
732 2937 799 3006 τῇ
834 2935 968 3005 πρὸς
992 2934 1380 3008 Φιλιππησίους
1404 2937 1685 3005 Ἐπιστολῇ
1706 2936 1876 3003 οὕτως
1892 2954 1907 2971 ⁸

346 3021 445 3087 Μὴ
475 3018 589 3076 οὖν
617 3040 703 3090 τις
732 3023 887 3093 ὑμᾶς
909 3026 1152 3095 κρινέτω
1187 3026 1258 3081 ἐν
1282 3028 1506 3096 βρώσει
1537 3029 1575 3097 ἢ
1612 3029 1683 3084 ἐν
1714 3031 1906 3097 πόσει,

346 3112 388 3180 ἣ
413 3111 484 3165 ὲν
502 3113 667 3180 μέρει
697 3113 961 3185 ἐορτῆςῆ
988 3120 1313 3187 νουμηνίας
1340 3118 1675 3175 σαϐϐάτωνο
1705 3121 1743 3176 ἄ
1778 3122 1910 3178 ἐστι

345 3204 493 3259 σκιὰ
512 3204 631 3258 τῶν
645 3208 1019 3275 μελλόντων.

426 3386 522 3438 Ἐν
569 3385 775 3457 εἰρήνῃ
826 3387 925 3441 ἐπὶ
984 3388 1051 3442 τὸ
1111 3388 1256 3442 αὐτὸ
1318 3390 1747 3461 κοιμηθήσομαι
1808 3394 1906 3448 καί

341 3475 630 3538 ὑπνώσω.
671 3476 760 3531 ὅτι
791 3477 893 3543 σὺ,
933 3480 1130 3547 Κύριε,
1174 3478 1322 3534 κατὰ
1354 3481 1545 3549 μόνας
1581 3482 1673 3535 ἐπ’
1709 3482 1908 3539 ἐλπίδι

344 3566 681 3635 κατῴκισάς
699 3585 794 3637 με.
826 3570 1009 3623 Ἔοικε
1034 3569 1222 3641 δηλοῦν
1248 3571 1346 3641 τὴν
1375 3571 1581 3643 ἀϐλαϐῆ
1603 3572 1783 3628 ἄνεσιν
1815 3575 1907 3628 καὶ

344 3656 651 3710 ἀνάπαυσιν
678 3655 778 3727 τῆς
806 3657 1005 3729 ψυχῆς,
1037 3657 1339 3730 συμφώνως
1366 3660 1443 3731 τῷ
1461 3661 1586 3733 θείῳ
1617 3662 1759 3734 λόγῳ
1787 3666 1907 3718 ὲσο-

347 3746 514 3818 μένην
559 3747 694 3817 μετά
735 3746 833 3812 τάς
874 3747 1009 3819 πρὸς
1055 3750 1124 3803 τὰ
1166 3748 1423 3803 κάλλιστα
1470 3751 1717 3825 Θεωρίας.
1755 3753 1906 3825 Τάχα

343 3838 451 3911 γάρ
480 3838 539 3893 δν
565 3840 762 3911 τρόπον
805 3840 944 3894 κατά
980 3842 1039 3894 τὸ
1085 3842 1242 3913 σῶμα
1274 3846 1534 3913 φαγόντες
1573 3847 1666 3898 καὶ
1695 3846 1906 3909 πιόντες

344 3929 581 3991 ἀνέσεως
598 3930 824 4003 δεόμεθα
848 3932 947 4002 τῆς
968 3932 1110 3987 κατὰ
1140 3935 1227 3989 τὸν
1252 3936 1443 3991 ῦπνονο
1474 3936 1643 4000 οὕτως
1677 3937 1737 3989 ού
1771 3937 1906 3990 πάν-

342 4036 469 4073 τοτε
503 4019 770 4092 δυναμένη
794 4022 1035 4093 διαρκεῖν
1066 4025 1098 4095 ἡ
1131 4025 1274 4097 ψυχὴ
1313 4027 1447 4097 πρὸς
1475 4026 1536 4079 τὸ
1573 4025 1815 4097 θεωρεῖν,
1846 4029 1903 4079 ἐν

342 4111 520 4184 καιρῷ
546 4112 839 4177 ὲνατενίζει
868 4118 977 4177 τοῖς
1018 4115 1158 4168 κατά
1200 4116 1298 4187 τὴν
1331 4116 1529 4187 ἑαυτῆς
1569 4117 1792 4187 δύναμιν
1824 4118 1902 4188 τῷ

340 4205 627 4277 αὐτάρκειο
655 4201 771 4258 εἶτα
810 4205 1159 4259 διανάπαυσιν
1193 4208 1470 4279 ἡγούμεθα
1504 4208 1788 4278 δηλοῦσθαι
1816 4210 1900 4264 διὰ

338 4295 434 4348 τοῦ
457 4312 471 4325 ’
519 4295 623 4348 Ἔν
663 4292 872 4363 είρήνῃ
906 4294 1004 4348 ἐπὶ
1044 4296 1110 4348 τὸ
1146 4298 1291 4350 αὐτὸ
1330 4299 1759 4369 κοιμηθήσομαι
1801 4301 1898 4355 καὶ

341 4383 614 4440 ὑπνώσω.

424 4557 647 4613 Ἐκεῖνοι
690 4562 807 4632 μὲν,
840 4564 1023 4634 φησὶν,
1057 4565 1106 4616 οἱ
1158 4564 1344 4617 πολλοὶ
1399 4566 1492 4619 ἆτε
1539 4568 1603 4640 δὴ
1641 4569 1895 4624 πλατεῖαν

341 4647 436 4700 καὶ
467 4646 772 4720 εὐρύχωρον
806 4652 1097 4717 ὁδεύοντες,
1131 4654 1196 4706 δι’
1222 4650 1291 4727 ἧς
1316 4657 1364 4708 οἱ
1395 4655 1576 4710 πολλοὶ
1603 4659 1894 4729 βαδίζουσι,

338 4737 439 4791 ούκ
464 4736 675 4802 ἐλπίζον
689 4741 786 4807 ίες,
826 4744 910 4807 τίς
939 4743 1097 4809 δείξει
1128 4746 1311 4809 αὐτοῖς
1346 4746 1412 4800 τὰ
1453 4748 1590 4802 κατά
1644 4750 1896 4821 ἀλήθειαν

339 4827 537 4896 ἀγαθὰ,
570 4831 625 4882 ἐν
653 4831 776 4903 οἴνῳ
804 4836 896 4889 καὶ
928 4836 1089 4908 ἐλαίῳ
1130 4838 1224 4892 καὶ
1254 4838 1386 4911 σίτῳ
1419 4839 1794 4913 πληθύνοντες,
1821 4844 1896 4907 ώς

339 4918 557 4987 ἀγαθῶν
591 4920 789 4978 τούτων
821 4926 1107 4983 ἀπολαύειν
1131 4929 1387 4999 ἡγοῦνται
1407 4947 1421 4962 ο
1450 4933 1572 5002 ἐμοὶ
1611 4932 1667 4985 δὲ
1688 4932 1764 5003 τῷ
1793 4951 1892 4987 κα-

335 5008 657 5083 ταειωμένῳ
698 5013 791 5069 τοῦ
834 5019 1005 5086 φωτὸς
1049 5019 1139 5072 τοῦ
1184 5020 1471 5091 προσώπου
1515 5039 1636 5087 σου,
1687 5022 1889 5094 Κύριε,

336 5097 541 5163 ἔδωκας
576 5102 907 5175 εὐφροσύνην
936 5107 1157 5177 καρδίας
1176 5125 1187 5136 ·
1217 5108 1331 5161 ἀλλ’
1363 5109 1483 5162 οὐδὲ
1516 5109 1731 5181 σαρκῶν
1771 5111 1890 5164 οὐδὲ

337 5192 623 5262 σωμάτων,
656 5194 750 5249 καὶ
782 5195 843 5247 ού
868 5195 965 5267 τὴν
1004 5198 1063 5261 ἐξ
1098 5200 1238 5252 οἴνου
1264 5200 1358 5255 καὶ
1393 5200 1535 5255 σίτου
1577 5202 1670 5255 καὶ
1712 5201 1888 5256 ἐλαίου

246 5314 257 5323 ο
335 5282 548 5355 σώμασι
605 5288 1047 5359 χορηγουμένην,
1090 5289 1203 5343 ἀλλ’
1236 5293 1566 5364 εὐφροσύνην
1609 5294 1709 5365 τὴν
1751 5294 1891 5349 κατά

334 5373 592 5433 διάνοιαν.
632 5376 836 5431 Μαθὼν
880 5378 988 5448 γάρ
1021 5380 1169 5452 παρά
1211 5382 1303 5435 τοῦ
1352 5382 1595 5454 Σωτῆρος
1633 5384 1729 5438 καὶ
1780 5384 1889 5439 τῶν

336 5464 445 5516 σῶν
482 5467 840 5536 ἐπαγγελιῶν,
866 5468 969 5534 ὃτι,
1012 5471 1060 5522 εἰ
1093 5471 1188 5524 καὶ
1218 5472 1285 5525 τά
1333 5474 1563 5542 μάλιστα
1617 5475 1757 5529 κατά
1799 5476 1888 5530 τὸν

330 5548 599 5606 δνεστῶτα
635 5554 748 5624 βίον
783 5554 948 5610 λύπαι
982 5573 1070 5628 μοι
1109 5559 1202 5611 καὶ
1243 5558 1448 5630 θλίψεις
1480 5563 1573 5616 καὶ
1601 5552 1888 5637 πειρασμοὶ

331 5639 427 5692 καὶ
454 5645 799 5710 περιστάσεις
823 5648 883 5700 οὐ
910 5647 1293 5716 διαλείπουσιν,
1326 5651 1439 5705 ἀλλ’
1469 5652 1616 5708 ἔσται
1650 5673 1737 5726 μοι
1767 5674 1884 5712 και-

402 5750 449 5783 ⁵⁶
486 5753 696 5814 Coloss.
731 5773 802 5825 ιι,
837 5760 933 5827 l6,
967 5763 1056 5820 l7.

2016 1928 2121 1986 est,
2151 1930 2209 1976 ut
2237 1923 2572 1978 credentium
2601 1924 2983 1995 simpliciores,
3011 1941 3224 1981 necnon
3249 1941 3344 1983 eos
3374 1928 3466 1998 qui
3503 1928 3577 1983 ob

2016 2012 2397 2081 promissionis
2447 2015 2764 2071 tenuitatem
2810 2015 2972 2071 deum
3019 2016 3217 2083 alium,
3264 2032 3424 2087 quem
3473 2018 3577 2088 ipsi

2017 2102 2119 2158 sibi
2160 2103 2672 2171 comminiscuntur,
2703 2106 2933 2162 adorare
2963 2107 3174 2173 volunt,
3207 2108 3275 2164 ab
3321 2110 3577 2179 opinione

2015 2204 2179 2266 atque
2210 2196 2483 2252 sententia
2512 2197 2848 2267 huiusmodi,
2883 2213 2948 2253 ex
2981 2198 3174 2255 littera:
3204 2199 3411 2255 vilitate
3441 2215 3574 2256 cono

2014 2297 2190 2358 cepta,
2217 2288 2579 2345 retrahamus.
2614 2288 2679 2343 Et
2707 2304 2921 2345 summo
2943 2289 3160 2360 quidem
3186 2305 3348 2362 Opere
3377 2306 3577 2346 curan-

2015 2378 2166 2445 dum,
2197 2387 2258 2433 ut
2286 2380 2467 2436 varios
2496 2382 2619 2436 illos
2650 2383 2961 2451 corporales
2990 2383 3144 2439 cibos
3167 2383 3234 2437 ad
3269 2383 3405 2439 alios
3430 2383 3576 2439 refe.

2013 2485 2221 2535 ramus,
2257 2472 2410 2542 queis
2458 2488 2558 2543 pro
2605 2474 2801 2529 merito
2848 2472 3052 2529 refecta
3099 2475 3282 2535 anima
3325 2491 3572 2546 qumque,

2013 2570 2199 2616 sancta
2231 2562 2483 2628 elIicitur,
2517 2564 2653 2619 bene
2695 2565 2857 2628 valet,
2891 2566 3141 2636 viresque
3182 2567 3379 2637 accipit
3412 2566 3479 2622 ad
3510 2580 3573 2622 ea

2013 2667 2199 2723 opera.
2230 2670 2349 2724 qua:
2394 2656 2479 2711 sui
2530 2656 2690 2710 nllicii
2736 2664 2864 2709 sunt
2908 2658 3272 2726 exsequenda.
3301 2657 3412 2727 Ego
3445 2672 3573 2714 vero

2011 2744 2223 2800 mstimo
2252 2745 2369 2815 ipsa
2398 2746 2558 2800 etiam
2590 2747 2655 2799 acl
2683 2747 2925 2801 futurum
2961 2747 3216 2801 saeculum
3243 2746 3569 2803 reducenda.

2009 2834 2089 2889 Ac
2133 2850 2203 2888 ne
2244 2836 2311 2889 de
2356 2837 2522 2892 tantis
2563 2838 2726 2892 rebus
2766 2839 3047 2894 videamur
3089 2840 3207 2894 sine
3255 2839 3571 2894 testimonio

2011 2926 2332 2980 sententiam
2369 2926 2531 2991 ferre,
2572 2927 2800 2985 sulliciat
2842 2930 2999 2985 nobis
3038 2928 3266 2985 Paulum
3294 2929 3486 2986 aﬂerre
3513 2931 3571 2985 in

2011 3012 2254 3085 Epistola
2306 3017 2371 3073 ad
2422 3018 2802 3091 Pbilippenses
2853 3021 3086 3092 idipsum
3140 3022 3423 3077 docentem
3483 3020 3570 3077 his

2009 3108 2191 3164 verbis
2214 3129 2228 3163 :
2260 3109 2427 3165 Nemo
2452 3128 2539 3166 vos
2559 3113 2762 3181 judicet
2785 3113 2839 3166 in
2865 3113 2999 3178 cibo,
3025 3122 3115 3166 aut
3142 3115 3195 3167 in
3222 3123 3368 3182 potu,
3393 3124 3483 3167 aut
3515 3115 3570 3167 in

2007 3205 2158 3265 parte
2212 3196 2316 3251 diei
2364 3199 2485 3268 {esti
2553 3212 2641 3254 aut
2689 3203 2963 3257 neomenia:
3027 3201 3396 3269 sabbatorum,
3448 3220 3566 3274 qua

2009 3296 2131 3343 sunt
2160 3289 2347 3343 umbra
2373 3291 2671 3358 futurorum
2694 3293 2763 3345 ⁸⁰.

2077 3378 2245 3436 Vens.
2277 3382 2331 3448 9,
2357 3382 2444 3437 10.
2488 3381 2553 3436 1η
2580 3400 2707 3453 ροσε
2745 3386 2803 3438 in
2837 3384 3067 3454 idipsum
3111 3385 3373 3439 dormiam
3403 3393 3452 3438 et
3481 3401 3567 3438 re-

2006 3473 2308 3543 quiescam;
2346 3476 2595 3546 quoniam
2642 3486 2718 3543 tu,
2750 3476 2991 3543 Domine,
3019 3476 3356 3547 singulariter
3392 3477 3446 3529 in
3476 3492 3564 3548 spe

2006 3567 2327 3620 constituisti
2371 3584 2468 3621 me.
2511 3567 2755 3622 lndicare
2785 3567 2999 3623 videtur
3024 3568 3298 3621 innoxiam
3328 3566 3564 3635 quietem

2006 3659 2279 3729 animique
2324 3660 2720 3724 remissionem,
2756 3675 2877 3730 qua:
2919 3669 3042 3730 post
3084 3660 3564 3730 praestantissima-

2005 3766 2124 3805 rum
2152 3766 2332 3806 rerum
2360 3751 2894 3820 contemplationem,
2926 3759 2983 3806 ut
3019 3751 3204 3806 divino
3232 3751 3397 3806 verbo
3424 3766 3559 3806 con-

2004 3844 2171 3909 venit,
2204 3844 2467 3900 sumenda
2488 3854 2591 3901 est.
2620 3844 2873 3900 Fortasse
2901 3844 3046 3900 enim
3069 3844 3210 3900 sicut
3231 3854 3351 3913 post
3378 3844 3561 3899 cibum

2003 3942 2295 4007 potumque
2336 3938 2692 4006 corporalem,
2723 3938 2902 4007 quiete
2939 3937 3032 3991 illa
3074 3952 3294 4006 egemus
3319 3952 3439 4006 quae
3465 3951 3560 4006 per

2003 4039 2252 4080 somnum
2282 4028 2537 4094 sumitur,
2569 4028 2642 4082 ita
2671 4044 2794 4082 cum
2826 4043 2934 4083 non
2973 4029 3151 4084 valeat
3191 4030 3371 4083 anima
3418 4045 3560 4084 sem-

2000 4132 2097 4186 per
2140 4132 2203 4172 ac
2245 4119 2363 4174 sine
2413 4121 2815 4175 intermissione
2862 4119 3306 4190 contemplationi
3343 4134 3558 4183 vacare,

1999 4214 2151 4262 certo
2194 4209 2410 4277 quidem
2458 4217 2700 4278 tempore
2752 4208 3059 4278 spiritualia
3106 4208 3328 4278 respicit
3366 4223 3429 4262 ac
3460 4222 3559 4276 pro

1997 4299 2206 4355 viribus
2253 4301 2602 4370 speculatur;
2638 4299 2832 4355 deinde
2871 4315 3001 4355 vero
3027 4299 3317 4370 requiescit
3347 4315 3360 4352 :
3393 4312 3555 4367 quam

1953 4454 1961 4463 δ
1994 4397 2250 4458 putamus
2274 4392 2518 4462 requiem
2548 4392 2633 4446 bis
2664 4389 2959 4461 signiﬁcari
2983 4410 2997 4445 :
3018 4389 3083 4445 In
3103 4406 3227 4459 pace
3252 4391 3307 4443 in
3329 4388 3554 4457 idipsum

1995 4477 2257 4533 dormiam
2284 4492 2334 4535 et
2364 4482 2701 4552 requiescam.

2066 4571 2146 4625 Illi
2176 4580 2344 4636 certe,
2367 4574 2462 4637 ait,
2491 4572 2583 4642 qui
2616 4571 2769 4625 multi
2798 4586 3024 4627 numero
3050 4578 3197 4636 sunt,
3216 4570 3371 4626 multi
3401 4586 3555 4627 nam-

1997 4680 2103 4737 que
2147 4665 2205 4719 in
2248 4666 2357 4719 lata
2394 4664 2741 4736 spatiosaque
2769 4665 2857 4720 via
2885 4666 3240 4737 gradiuntur;
3288 4681 3398 4721 non
3429 4680 3551 4735 spe-

1995 4764 2181 4813 rantes
2210 4756 2401 4813 adesse
2427 4756 2756 4827 quempiam,
2785 4760 2878 4827 qui
2901 4759 3151 4814 ostendat
3176 4758 3310 4830 ipsis
3339 4773 3404 4814 ea
3430 4772 3551 4829 qua:

1994 4848 2293 4903 secundum
2322 4848 2400 4903 rei
2426 4848 2710 4906 veritatem
2750 4848 2888 4903 bona
2931 4860 3086 4919 sunt;
3119 4852 3265 4916 vino,
3294 4851 3415 4906 oleo
3464 4858 3550 4904 at-

1992 4953 2099 5007 que
2134 4938 2407 4995 frumento
2432 4938 2713 4995 allluentes
2731 4978 2748 5005 ,
2776 4940 2842 4994 iis
2870 4955 2929 4996 se
2954 4950 3210 5011 tanquam
3239 4957 3363 5012 vere
3389 4941 3549 4996 bonis

1987 5029 2101 5088 frui
2143 5024 2501 5088 arbitrantur.
2556 5031 2685 5087 Mihi
2720 5048 2881 5097 vero,
2915 5049 3076 5104 quem
3120 5034 3324 5089 lumine
3364 5035 3548 5089 vultus

1991 5121 2069 5174 tui
2100 5121 2354 5192 dignatus
2385 5137 2478 5187 es,
2516 5121 2775 5189 Domine,
2815 5126 2999 5180 cordis
3034 5125 3272 5180 laetitiam
3305 5124 3499 5181 dedisti
3525 5142 3542 5190 ;

1990 5227 2100 5267 non
2149 5214 2297 5267 illam
2348 5229 2481 5269 sane
2523 5230 2642 5285 quae
2679 5215 2832 5269 carni
2880 5216 3206 5287 corporique
3256 5216 3539 5285 competit,
3622 5266 3623 5269 η

1991 5319 2169 5374 neque
2200 5304 2348 5359 illam
2380 5322 2502 5377 quin
2530 5305 2839 5372 frumento,
2869 5309 2997 5362 vino
3063 5316 3117 5363 et
3148 5309 3267 5364 oleo
3296 5308 3536 5368 aﬂertur,

1988 5395 2085 5452 sed
2137 5395 2376 5451 laetitiam
2422 5412 2544 5467 quae
2584 5406 2765 5454 mente
2806 5399 3124 5470 percipitur.
3168 5399 3301 5454 Cum
3329 5396 3469 5452 enim
3503 5408 3536 5447 a

1989 5485 2273 5543 Salvatore
2296 5503 2474 5559 exque
2501 5490 2787 5559 promissis
2814 5488 2924 5544 tuis
2949 5488 3259 5544 edidicerim
3277 5525 3294 5550 ,
3324 5485 3537 5540 etiamsi

1985 5579 2121 5633 mihi
2173 5579 2421 5648 dolores,
2470 5596 2757 5651 aerumna,
2798 5583 3152 5644 tentationes,
3202 5575 3536 5632 calamitates

1986 5669 2045 5725 in
2105 5673 2358 5742 praesenti
2404 5674 2513 5731 vita
2560 5689 2673 5731 non
2722 5673 3012 5740 deﬁciant,
3062 5670 3304 5726 futurum
3353 5676 3535 5724 tamen
