4042 6210
345 259 444 314 ΗΞ

1466 255 1970 315 COMMENTARIA
2008 254 2073 310 IN
2114 255 2450 311 PSALMOS.

3475 252 3575 309 HL

337 372 499 436 αὐτὸς
519 370 668 442 αὐτῷ
693 371 1032 442 προσήνεγκε
1061 372 1190 426 δέκα
1212 371 1414 434 κοίτας,
1437 371 1522 424 ἵνα
1545 371 1617 441 μὴ
1645 372 1908 442 χαμευνῇ,

2021 371 2142 425 tulit
2173 372 2274 442 ipsi
2303 370 2490 426 decem
2518 371 2688 426 lectos
2723 386 2790 426 ne
2815 370 2965 426 humi
2997 370 3254 434 cubaret,
3281 382 3334 426 et
3367 371 3577 442 amphi-

338 465 434 520 καὶ
461 463 875 536 ἀμφιτάπητας,
911 465 1036 528 τοὺς
1083 463 1446 534 καλουμένους
1480 461 1577 515 νῦν
1602 462 1910 534 τυλοτάπη-

337 575 456 620 τας,
488 557 582 610 καὶ
605 554 750 610 οῐνου
785 555 1024 629 κεράμια
1075 556 1168 608 καὶ
1209 557 1414 627 πυροὺς
1450 557 1543 610 καὶ
1583 556 1777 628 κριθὰς
1817 557 1910 610 καὶ

339 649 568 720 ἄλευρον
596 648 690 701 καὶ
713 647 920 719 κύαμον
935 649 1027 700 καὶ
1055 647 1242 715 φακὸν,
1261 648 1354 700 καὶ
1379 647 1497 719 μέλι
1523 649 1616 702 καὶ
1633 647 1908 720 βούτυρον,

339 741 433 795 καὶ
463 739 728 812 πρόϐατα,
786 740 877 793 καὶ
914 737 1192 809 γαλαθηνὰ
1238 740 1525 811 μοσχάριαο
1562 739 1912 810 Εὑχαριστῶν

336 828 431 885 οὖν
458 833 549 884 ἐπὶ
571 831 776 893 τούτοις
801 830 992 902 φησίν·
1040 831 1144 885 Ἐν
1183 832 1380 899 θλίψει
1409 831 1756 898 ἐπλάτυνάς
1789 850 1908 901 μοι.

411 921 478 974 Τί
509 921 586 986 δὲ,
637 920 806 988 λέγων
850 921 1229 991 είσηκούσθην,
1263 922 1337 993 μὴ
1386 922 1591 992 μακρὸν
1625 921 1912 987 κατέτονας

337 1012 494 1081 λόγον
518 1028 533 1076 ;
563 1011 652 1082 Μὴ
681 1011 887 1065 πλατὺν
916 1011 1196 1082 ὀνομάτων
1225 1012 1318 1066 καὶ
1353 1010 1612 1083 ῥημάτων
1643 1012 1912 1084 κατέγρα-

336 1107 445 1176 ψας
464 1105 694 1170 πίνακα;
721 1103 1006 1175 Οὐδαμῶς,
1041 1105 1204 1175 φησὶν
1229 1107 1258 1158 6
1283 1105 1441 1158 Δαυϊδ
1460 1122 1473 1136 ο
1508 1107 1566 1158 ού
1597 1105 1705 1178 γὰρ
1725 1105 1915 1178 χρῄζει

339 1197 656 1261 πολυλογίας
688 1199 716 1250 ὁ
747 1195 899 1261 Θεὸς,
943 1197 972 1248 6
1009 1197 1101 1250 καὶ
1133 1197 1276 1268 μόνῳ
1312 1198 1598 1269 στεναγμῷ
1640 1199 1911 1270 ἀρχούμε-

339 1309 445 1355 νος.
479 1289 646 1344 Τοῦτο
673 1291 832 1361 μόνον
865 1289 1050 1359 ἔλεγον
1086 1291 1523 1362 προσευχόμενος
1547 1309 1560 1322 ο
1619 1279 1913 1360 Οὶκτεῖρη-

335 1398 469 1447 σον,
506 1383 604 1435 καὶ
646 1381 1018 1437 είσάκουσον
1054 1382 1166 1452 τῆς
1197 1383 1542 1452 προσευχῆς
1579 1402 1717 1454 μου.
1758 1383 1914 1437 Είποι

333 1473 390 1526 δὲ
418 1473 590 1527 ταῦτα
621 1473 715 1526 καὶ
747 1475 776 1526 6
806 1473 1007 1545 λῃστὴς
1051 1476 1108 1526 ὲν
1142 1458 1230 1544 τῷ
1264 1472 1480 1545 σταυρῷ
1513 1474 1646 1544 πρὸς
1673 1474 1764 1528 τὸν
1801 1475 1914 1527 Κύ-

339 1584 480 1638 ριονο
512 1565 679 1620 εἰπὼν
725 1567 834 1640 γὰρ
883 1568 978 1620 καὶ
1031 1566 1494 1638 ἐπικαλεσάμενος
1539 1569 1596 1620 έν
1643 1571 1706 1638 τῇ
1751 1567 1914 1620 αὑτοῦ

335 1658 546 1729 θλίψει·
608 1657 927 1727 Μνήσθητι
951 1676 1093 1727 μου,
1139 1659 1330 1727 Κύριε,
1368 1659 1512 1713 ὅταν
1540 1659 1724 1729 ἔλθῃς
1744 1661 1814 1714 ἐν
1843 1659 1916 1728 τῇ

2016 463 2216 532 tapetia
2249 478 2374 531 quae
2401 463 2513 532 jam
2565 462 2887 534 tylotapetia
2937 453 3248 526 vocantur,
3284 459 3395 515 vini
3449 475 3578 516 vasa

2017 557 2222 628 ﬁglina,
2259 555 2614 619 frumentum,
2662 554 2968 618 hordeum,
3016 553 3270 620 farinam,
3318 551 3473 609 fabas
3527 559 3582 608 et

2014 651 2212 714 lentes,
2247 649 2352 704 mel
2373 659 2428 704 et
2458 650 2734 720 butyrum,
2798 664 2926 704 oves
2947 657 2999 704 et
3024 649 3230 703 lacteos
3250 647 3469 702 vitulos.
3506 645 3578 702 De

2013 743 2100 799 his
2135 745 2318 813 itaque
2340 742 2543 812 gratias
2570 757 2734 814 agens
2754 741 2850 808 ait,
2879 743 2930 794 in
2949 741 3284 795 tribulatione
3339 739 3579 795 dilatasti

2017 834 2164 889 mihi.

2085 928 2199 983 Cur
2229 936 2410 982 autem
2439 942 2562 980 cum
2591 933 2642 980 te
2671 924 2984 979 exauditum
3019 925 3121 990 ais,
3155 940 3260 978 non
3311 923 3579 994 prolixum

2017 1032 2330 1072 sermonem
2387 1013 2766 1071 contexuisti?
2811 1013 2991 1080 Quare
3019 1030 3127 1068 non
3168 1014 3380 1084 longam
3409 1013 3582 1067 nomi-

2018 1126 2146 1162 num
2178 1108 2578 1178 verborumque
2610 1107 2862 1177 paginam
2906 1107 3188 1162 exarasti?
3239 1105 3580 1170 Nullatenus,

2020 1202 2196 1272 inquit
2234 1200 2400 1256 David
2435 1245 2450 1267 ,
2477 1217 2654 1270 neque
2678 1201 2850 1255 multo
2879 1216 3128 1256 sermone
3167 1214 3305 1270 opus
3339 1198 3448 1254 Deo
3477 1205 3583 1264 est,

2016 1296 2107 1350 cui
2158 1295 2241 1349 vel
2288 1294 2441 1350 solus
2473 1295 2704 1360 gemitus
2752 1293 2823 1348 sit
2855 1293 3060 1359 satis:
3109 1292 3240 1346 illud
3289 1299 3497 1346 tantum
3530 1294 3584 1346 in

2019 1387 2270 1441 oratione
2284 1385 2418 1450 dixi,
2441 1381 2686 1440 Miserere
2719 1386 2840 1451 mei,
2872 1394 2919 1438 et
2946 1382 3141 1438 exaudi
3169 1382 3455 1436 orationem
3474 1399 3584 1436 me-

2018 1496 2126 1532 am.
2171 1477 2307 1533 lllod
2343 1479 2506 1532 etiam
2538 1477 2765 1532 Domino
2811 1477 3014 1533 dixerit
3043 1476 3098 1530 in
3133 1491 3298 1531 cruce
3345 1475 3586 1546 pendens

2022 1573 2184 1638 latro,
2219 1573 2313 1642 qui
2342 1573 2396 1626 in
2431 1572 2677 1626 cruciatu
2709 1571 2887 1642 ipsum
2929 1570 3199 1625 invocavit
3243 1570 3331 1626 his
3357 1571 3539 1624 verbis
3571 1586 3584 1620 ε

2023 1667 2286 1721 Memento
2301 1666 2421 1729 mei,
2444 1665 2682 1729 Domine,
2700 1681 2817 1718 cum
2832 1666 3029 1719 veneris
3046 1665 3101 1718 in
3123 1681 3333 1735 regnum
3358 1673 3502 1718 tuum
3521 1665 3586 1720 “.

330 1749 623 1816 βασιηῖείᾳ
671 1763 809 1813 σου,
865 1746 1214 1817 εἰσηκούσθη,
1260 1749 1354 1802 καὶ
1403 1748 1522 1802 ἀντὶ
1553 1749 1786 1820 σταυροῦ
1826 1749 1917 1804 τὸν

2020 1759 2070 1814 Is
2103 1759 2232 1814 item
2293 1757 2581 1814 exauditus
2611 1764 2731 1822 est,
2764 1771 2827 1811 ac
2859 1756 3039 1812 crucis
3092 1757 3212 1811 loco
3272 1756 3588 1826 paradisum

340 1841 670 1913 παράδεισον
701 1838 905 1911 ᾤκησε,
938 1840 1030 1894 καὶ
1062 1839 1282 1910 πολίτης
1311 1841 1500 1909 γέγονε
1539 1840 1632 1895 τοῦ
1661 1840 1912 1912 ούρανοῦ.

340 1935 514 1996 Αὐτὸς
542 1933 638 1986 καὶ
670 1931 806 2003 πρὸς
850 1932 975 1995 τοὺς
1027 1931 1308 1994 Ἰουδαίους
1332 1931 1585 2003 βοήσεται
1605 1949 1617 1962 ·
1666 1933 1784 1985 Υἱοὶ
1810 1933 1915 1986 ἀν-

341 2025 608 2093 θρώπων,
628 2023 736 2089 ἕως
752 2025 895 2078 πότε
903 2021 1289 2092 βαρυκάρδιοι
1308 2039 1326 2087 ;
1351 2022 1618 2076 θεάσασθε
1631 2023 1728 2093 τὴν
1742 2023 1916 2076 κτίσιν

338 2120 418 2190 τῷ
437 2120 628 2190 κτίστῃ
658 2136 722 2172 συ
731 2119 1102 2190 μπάσχουσαν.
1125 2118 1208 2180 Εἰ,
1231 2117 1322 2169 τὸν
1340 2115 1590 2188 Λάζαρον
1617 2118 1814 2188 τετραή
1825 2133 1918 2188 με-

343 2231 434 2282 ρον
453 2212 559 2266 ἀπὸ
575 2211 668 2266 τοῦ
689 2213 861 2280 τάφου
883 2211 1144 2282 τρέχοντα
1166 2209 1382 2274 ίδόντες,
1414 2209 1514 2262 οὐκ
1540 2208 1915 2274 ἐπιστεύσατε,

338 2301 434 2356 νῦν
466 2301 595 2372 γοῦν
626 2301 1042 2373 προσκυνήσατε
1075 2298 1168 2352 τοῦ
1201 2298 1613 2371 Σταυρωθέντος
1635 2298 1731 2372 τὴν
1755 2298 1916 2354 δύνα-

341 2411 472 2465 μιν·
507 2393 732 2466 νεκροὺς
782 2392 812 2443 ό
865 2392 1086 2462 σεισμὸς
1136 2390 1453 2462 ἀνέστησεν,
1499 2390 1595 2444 καὶ
1641 2391 1800 2462 ὑμεῖς
1849 2394 1916 2464 τῇ

336 2487 565 2558 ἀπιστία
593 2485 904 2541 καθεύδετε.
964 2484 1064 2538 Διά
1104 2485 1162 2537 τί·
1195 2484 1576 2557 βαρυκάρδιοι;
1612 2484 1783 2540 Τοῦτο
1819 2486 1919 2558 μὲν

333 2579 421 2633 διὰ
444 2580 504 2634 τὸ
527 2579 600 2652 μὴ
626 2579 992 2649 κατανυγῆναι
1018 2580 1130 2642 τοῖς
1157 2577 1449 2648 θαύμασιν,
1486 2558 1720 2632 τοῦτοδὲ
1737 2578 1825 2632 διὰ
1856 2579 1918 2633 τὸ

336 2669 396 2736 ἐξ
427 2671 738 2742 ἀφροσύνης
782 2670 990 2742 βαρέως
1041 2671 1182 2726 κατά
1209 2672 1302 2725 τοῦ
1336 2672 1573 2745 Χριστοῦ
1612 2673 1914 2744 ὀργίζεσθε.

338 2767 562 2837 Μάρτυς
595 2768 626 2836 ή
652 2766 842 2838 Γραφὴ
863 2765 1090 2821 εἰποῦσα
1112 2782 1125 2796 ·
1162 2764 1323 2834 Βαρὺ
1355 2767 1525 2832 λίθος
1555 2764 1655 2819 καὶ
1694 2764 1918 2819 δυσϐά-

339 2873 599 2923 στακτος
643 2857 860 2927 ἅμμος·
897 2857 1042 2927 ὀργὴ
1069 2856 1137 2910 δὲ
1172 2857 1432 2927 ἄφρονος
1468 2857 1802 2927 βαρυτέρα’
1837 2857 1918 2911 ὅτι

341 2947 464 3000 οὔτε
512 2948 762 3020 νουθεσίᾳ
817 2949 1086 3018 θέλγεται,
1114 2950 1206 3002 καὶ
1250 2948 1502 3020 θαύματα
1526 2948 1739 3020 βλέπων
1767 2945 1919 3019 ὀργί-

339 3037 514 3102 ζεται.

2021 1850 2232 1915 incolit,
2266 1856 2429 1919 atque
2461 1849 2608 1903 inter
2638 1849 2783 1904 cives
2811 1849 2937 1903 caeli
2979 1847 3273 1917 ascriptus,
3309 1849 3390 1904 sic
3410 1847 3590 1902 Judae-

2020 1956 2082 1996 os
2115 1940 2363 1995 clamans
2413 1938 2759 2008 compellabit
2789 1957 2801 1993 :
2845 1936 2977 1991 Filii
3005 1937 3294 2003 hominum,
3326 1951 3588 2006 usquequo

2021 2033 2169 2103 gravi
2195 2030 2372 2095 corde,
2399 2046 2488 2086 res
2513 2037 2730 2086 creatas
2757 2029 3076 2100 conspicitis
3106 2027 3354 2084 Creatori
3383 2027 3588 2082 condo-

2020 2122 2232 2179 lentes?
2261 2122 2318 2177 Si
2348 2122 2776 2194 quatriduanum
2813 2120 3078 2175 Lazarum
3113 2134 3144 2176 e
3185 2120 3436 2190 sepulcro
3461 2133 3589 2172 cur—

2016 2224 2225 2269 rentem
2249 2228 2373 2267 cum
2395 2212 2673 2278 videretis,
2704 2228 2811 2268 non
2841 2210 3172 2276 credidistis,
3211 2219 3266 2264 at
3305 2226 3450 2265 nunc
3479 2210 3587 2264 sal-

2019 2311 2128 2358 tem
2163 2304 2421 2360 Crucitixi
2457 2310 2778 2376 potestatem
2834 2302 3058 2358 adoi'ate
3087 2322 3100 2358 :
3129 2310 3374 2358 mortuos
3429 2309 3589 2356 terrae

2019 2402 2202 2450 motus
2237 2395 2515 2460 excitavit,
2551 2401 2604 2450 et
2627 2409 2724 2450 vos
2756 2394 2809 2448 in
2843 2394 3159 2449 inﬁdelitate
3187 2402 3367 2448 vestra
3381 2391 3589 2447 dormi-

2021 2488 2115 2542 tis.
2141 2487 2321 2554 Quare
2338 2487 2490 2558 gravi
2518 2487 2683 2542 corde
2705 2487 2918 2558 praediti
2947 2489 2970 2541 ?
3002 2487 3226 2542 Scilicet
3248 2486 3373 2557 quia
3403 2487 3470 2540 ob
3485 2487 3588 2541 mi-

2018 2579 2215 2635 rabilia
2259 2587 2412 2650 gesta
2441 2595 2552 2633 non
2586 2580 3016 2649 compungimini
3055 2597 3070 2646 ;
3118 2579 3232 2634 sive
3257 2595 3320 2633 ex
3356 2578 3588 2633 stultitia

2016 2671 2255 2742 graviter
2277 2668 2498 2726 Christo
2519 2669 2879 2726 succensetis.
2907 2668 3147 2739 Hujusce
3195 2669 3273 2722 rei
3316 2669 3472 2723 ῑοειίε
3504 2675 3590 2724 est

2020 2762 2304 2835 Scriptura
2339 2778 2460 2834 qua:
2493 2764 2573 2819 sic
2606 2762 2766 2818 habet
2796 2781 2808 2816 :
2845 2760 3012 2816 Grave
3044 2771 3120 2815 est
3149 2776 3360 2826 saxum,
3387 2771 3435 2815 et
3465 2779 3590 2816 one-

2017 2874 2143 2913 rosa
2190 2873 2355 2912 arena
2385 2875 2402 2912 :
2428 2855 2518 2912 sed
2556 2857 2640 2911 ira
2668 2856 2820 2912 stulti
2851 2855 3065 2922 gravior
3107 2854 3197 2921 ";
3239 2853 3366 2924 quia
3413 2870 3588 2924 neque

2020 2950 2244 3006 monitis
2274 2951 2532 3016 allicitur,
2560 2958 2614 3008 et
2644 2951 2913 3005 miracula
2939 2965 3063 3004 cum
3091 2946 3255 3010 videt,
3289 2947 3424 3002 iram
3455 2964 3587 3002 cou-

1969 3077 1976 3082 ο
2021 3041 2172 3111 cipit.

414 3155 539 3208 Ἵνα
572 3155 629 3207 τι
671 3151 936 3224 ἀγαπᾶτε
961 3155 1342 3223 ματαιότητα,
1377 3155 1468 3208 τὸν
1494 3153 1786 3227 Βαραϐϐἀν
1819 3153 1912 3209 τοῦ

2095 3153 2162 3209 Ut
2179 3156 2304 3227 quid
2323 3155 2545 3227 diligitis
2579 3157 2864 3210 vanitatem
2889 3157 3018 3226 ;qui
3050 3156 3348 3213 Barabbam
3370 3157 3588 3214 Christo

339 3247 579 3318 Χριστοῦ
626 3247 1084 3318 προτιμήσαντες,
1132 3248 1222 3301 τὸν
1268 3248 1434 3317 φονέα
1485 3249 1626 3320 ὑπὲρ
1665 3247 1755 3302 τὸν
1783 3246 1915 3312 ζωο-

2020 3247 2352 3318 ρηειυΙὶειίε,
2371 3247 2698 3303 homicidam
2718 3250 2840 3302 vita:
2855 3249 3086 3313 auctori,
3113 3265 3338 3320 regnum
3360 3249 3591 3305 Caesaris

337 3340 492 3392 ποιὸν
519 3378 532 3402 ,
561 3338 658 3410 τὴν
687 3338 964 3410 βασιλείαν
1016 3339 1108 3394 τοῦ
1150 3339 1429 3410 Καίσαρος
1471 3340 1611 3411 ὑπὲρ
1641 3339 1740 3411 τὴν
1764 3338 1917 3410 βασιο

337 3431 489 3485 λείαν
521 3431 626 3484 τῶν
655 3413 921 3504 οὐρανῶν,
955 3433 1055 3504 τὴν
1098 3433 1370 3503 ἁμαρτίαν
1401 3432 1501 3506 τὴν
1528 3432 1714 3504 ἄμμου
1742 3450 1917 3504 παρα-

339 3522 458 3585 λίας
489 3522 795 3594 βαρυτέραν
826 3523 965 3596 ὑπὲρ
983 3523 1082 3595 τὴν
1115 3523 1482 3594 δικαιοσύνην,
1519 3526 1586 3579 τὰ
1609 3525 1920 3597 πρόσκαιρα.

339 3615 481 3686 ὑπὲρ
508 3615 579 3668 τὰ
626 3613 840 3678 αἰώνια,
887 3615 986 3688 τὴν
1022 3615 1228 3687 φθορὰν
1275 3615 1416 3688 ὑπὲρ
1447 3617 1544 3687 τὴν
1579 3615 1915 3686 ἀφθαρσίαν;

349 3708 512 3762 Ἀλλά
535 3709 669 3780 πρὸς
681 3709 890 3773 τούτοις
913 3711 1006 3764 καὶ
1039 3707 1298 3780 ζητεῖσθδ
1323 3707 1573 3779 ψεῦδος,
1610 3707 1920 3779 ψευδομάρ-

339 3819 508 3874 τνρας
562 3801 913 3874 ἐξωνούμενοι
970 3802 1113 3858 κατὰ
1181 3802 1282 3874 τῆς
1329 3801 1579 3874 ἀληθείας
1630 3799 1916 3868 λέγοντας·

347 3895 566 3948 Τοῦτον
589 3893 840 3962 εὕρομεν
885 3893 1319 3963 διαστρέφοντα
1361 3891 1428 3947 τὸ
1459 3893 1656 3958 ἔθνος,
1688 3891 1783 3945 καὶ
1806 3907 1919 3944 κω-

338 3987 565 4040 λύοντα
589 3983 667 4050 τῷ
693 3986 945 4053 Καίσαρι
973 3987 1162 4055 φόρον
1198 3985 1446 4040 διδόναι.
1497 3984 1782 4038 Ἀνασείει
1816 3982 1923 4036 τὸν

339 4077 492 4129 λαὸν
525 4074 847 4130 διδάσκων.
879 4079 948 4130 El
973 4075 1059 4145 μὴ
1097 4071 1177 4146 ἦν
1208 4071 1385 4142 οὗτος
1428 4073 1768 4139 κακοποιὸς,
1809 4074 1920 4127 οὐκ

341 4167 419 4220 ἄν
449 4182 548 4222 σοι
574 4166 998 4237 παρεδώκαμεν
1029 4169 1232 4221 αὐτόν.
1259 4168 1369 4220 Καὶ
1406 4167 1458 4220 τί
1491 4164 1920 4236 έκακοποίησεν;

341 4260 422 4313 ὅτι
444 4257 732 4323 νοσοῦντας
778 4259 988 4325 ἰάσατο,
1019 4261 1099 4313 ὅτι
1143 4260 1404 4332 δαίμονας
1429 4260 1814 4330 ἐφυγάδευσεν,
1841 4259 1922 4312 ὅτι

341 4352 569 4423 νεκροὺς
628 4352 846 4422 ἤγειρεν
872 4392 887 4416 ,
931 4352 1012 4405 ὅτι
1053 4353 1118 4406 ὲκ
1175 4352 1336 4406 πέντε
1379 4351 1560 4422 ἀρτων
1605 4349 1925 4422 ἰσαρίθμους

345 4444 586 4514 χιλιάδας
623 4445 680 4497 ὲν
703 4445 896 4516 ἐρήμῳ
920 4443 1030 4498 διέθ
1040 4443 1167 4516 ρεψε
1203 4441 1370 4515 χωρὶς
1391 4443 1664 4512 γυναικῶν
1685 4443 1777 4496 καὶ
1798 4441 1923 4495 παί-
1955 4485 1997 4539 D

344 4536 481 4601 δων;
509 4537 680 4609 Ἐτιή
705 4537 879 4610 τροφὴ
924 4539 982 4590 ὲν
1032 4536 1110 4608 τῷ
1154 4537 1388 4609 λάρυγγι
1433 4535 1528 4590 καὶ
1555 4535 1616 4588 τὸ
1641 4533 1836 4604 ψεῦδος
1864 4534 1922 4587 ὲν

346 4626 424 4698 τῷ
447 4627 688 4698 στόματι.
730 4631 840 4684 Καὶ
881 4632 996 4694 τοῖς
1035 4629 1114 4699 τῷ
1153 4628 1509 4700 Ἀϐεσσαλὼμ
1550 4626 1922 4692 συναποξενω-

347 4723 519 4776 θεῖσιν
548 4722 728 4791 ἔλεγεν
763 4725 792 4776 6
822 4724 1014 4777 Δαυῒδο
1051 4723 1114 4776 Τί
1145 4721 1222 4793 τῷ
1246 4721 1466 4792 ἀτάκτῳ
1506 4720 1654 4774 παιδὶ
1683 4719 1920 4790 συναπή-

347 4815 549 4887 χθητε;
596 4814 660 4867 Τί
701 4815 792 4868 τὸν
838 4817 964 4870 Υἱὸν
999 4816 1141 4884 κατὰ
1173 4813 1379 4886 πατρὸς
1419 4813 1701 4882 ἀλείφετε;
1740 4812 1804 4865 Τί
1850 4813 1916 4884 τῇ

349 4907 554 4981 ματαίᾳ
593 4906 750 4980 βουλῇ
785 4908 880 4962 τοῦ
946 4909 1224 4980 ’Δχιτόφελ
1268 4906 1702 4978 ὴκολουθήσατε;
1767 4905 1830 4957 Εἰ
1889 4906 1918 4958 6

349 4998 664 5068 κακολογῶν
698 5000 908 5070 πατέρα
935 5000 969 5072 ἢ
999 4999 1213 5072 μητέρα
1261 4999 1490 5054 θανάτου
1522 4997 1690 5062 ἄξιος,
1719 4997 1748 5050 6
1776 4995 1915 5050 κατά

347 5091 552 5162 πατρὸς
578 5091 788 5146 ἀκονῶν
827 5090 977 5161 ξίφος
1009 5093 1123 5158 υἱὸς
1166 5091 1396 5156 ποσάκις
1429 5090 1578 5143 ἐστὶν
1604 5087 1752 5152 ἄξιος
1785 5087 1921 5140 ἀπο-

343 5185 562 5250 θανεῖνς
617 5186 741 5240 Ἵνα
781 5185 840 5238 τι
887 5179 978 5238 οὖν
1014 5182 1280 5254 ἀγαπᾶτε
1301 5185 1667 5255 ματαιότητα
1693 5179 1790 5234 καὶ
1832 5178 1921 5247 ζη-

345 5275 496 5330 τεῖτε
555 5275 818 5352 ψεῦδος;
873 5275 1084 5339 Ψεῦδος
1140 5277 1288 5346 λέγει
1365 5274 1459 5329 νῦν
1520 5276 1628 5327 πᾶν
1687 5274 1919 5344 πρᾶγμα

351 5366 600 5437 μάταιον,
647 5368 871 5438 ταχεῖαν
921 5367 1022 5436 τὴν
1066 5366 1272 5420 πτῶσιν
1315 5368 1408 5420 καὶ
1443 5363 1744 5438 μεταϐολὴν
1776 5362 1917 5434 έχον.

346 5457 522 5526 Πλὴν
535 5459 772 5528 μάταιοι
803 5461 857 5513 οἱ
887 5458 1006 5512 υίοὶ
1045 5457 1163 5512 τῶν
1193 5458 1534 5526 ἀνθρώπων,
1580 5456 1826 5526 ψευδεῖς
1864 5458 1919 5510 οἱ

347 5550 463 5605 υἱοὶ
495 5551 614 5604 τῶν
649 5550 980 5620 ἀνθρώπων
1002 5551 1072 5604 ἑν
1093 5549 1308 5620 ζυγοῖς,
1337 5550 1443 5604 τοῦ
1491 5549 1794 5619 ἀδικῆσαι.

2018 3355 2185 3410 regno
2198 3340 2484 3402 cmlorum,
2507 3349 2788 3409 peccatum
2807 3355 2969 3395 arena
2988 3341 3156 3396 maris
3185 3340 3407 3412 gravius
3437 3339 3594 3410 justi-

2019 3430 2126 3492 tite,
2179 3435 2526 3498 temporanea
2573 3427 2814 3490 a3ternis,
2851 3428 3257 3495 corruptionem
3308 3426 3596 3494 incorrup-

2017 3519 2181 3592 tioni?
2191 3517 2296 3574 Sed
2310 3528 2362 3575 et
2373 3520 2592 3589 insuper
2604 3519 2840 3589 quwritis
2857 3517 3209 3579 mendacium,
3226 3515 3498 3587 falsosque
3513 3521 3593 3570 te-

2019 3621 2130 3668 stes
2151 3620 2342 3666 contra
2359 3612 2642 3665 veritatem
2680 3609 2984 3666 conducitis
3003 3609 3117 3663 haec
3133 3608 3376 3663 dicentes
3402 3627 3414 3660 :
3437 3606 3594 3661 Hunc

2019 3701 2308 3756 invenimus
2370 3698 2747 3753 subvertentem
2805 3697 3079 3767 populum,
3137 3704 3186 3750 et
3237 3693 3592 3764 prohibentem

2021 3793 2219 3846 tributa
2242 3792 2371 3845 dare
2402 3787 2629 3845 Cwsari.
2686 3787 2986 3844 Commovet
3029 3787 3277 3858 populum
3306 3785 3494 3841 docens
3523 3786 3590 3840 “.

2022 3885 2147 3940 Nisi
2180 3892 2315 3939 esset
2343 3884 2424 3937 hic
2450 3881 2784 3952 malefactor,
2811 3898 2915 3934 non
2934 3879 3027 3933 tibi
3051 3878 3458 3933 lradidissemus
3475 3891 3592 3931 eum

2020 3980 2087 4035 ⁵⁷.
2118 3978 2260 4048 Quid
2291 3986 2472 4032 autem
2513 3975 2651 4030 mali
2682 3973 2809 4029 fecit
2837 3975 2860 4027 ?
2888 3989 2956 4026 an
2998 3974 3127 4043 quia
3157 3986 3333 4042 aegros
3356 3970 3591 4033 curavit,

2021 4069 2303 4124 daemones
2332 4066 2557 4138 fugavit,
2603 4073 2851 4119 mortuos
2888 4062 3178 4118 suscitavit
3209 4062 3234 4114 ?
3263 4077 3330 4114 an
3365 4060 3491 4131 quia
3525 4075 3593 4113 ex

2027 4161 2272 4233 quinque
2299 4159 2532 4230 panibus
2560 4155 2787 4211 totidem
2824 4156 2993 4210 millia
3014 4153 3296 4208 hominum
3331 4152 3384 4206 in
3413 4168 3594 4207 eremo

2025 4254 2245 4310 satiavit
2273 4252 2516 4323 exceptis
2537 4250 2858 4304 mulieribus
2878 4255 2932 4305 et
2956 4247 3239 4319 parvulis?
3256 4245 3447 4300 Adhuc
3467 4259 3594 4300 esca

2023 4348 2079 4401 in
2114 4353 2334 4418 gutture
2381 4345 2626 4414 ipsorum
2657 4351 2794 4406 erat,
2835 4341 2965 4395 dum
3005 4339 3350 4395 mendacium
3387 4337 3442 4391 in
3477 4350 3591 4390 ore.

2024 4439 2203 4509 Atque
2233 4438 2300 4493 iis
2327 4438 2420 4508 qui
2449 4436 2517 4490 ad
2549 4435 2879 4490 Absalonem
2906 4431 3248 4488 desciverant
3283 4428 3462 4482 aiebat
3491 4425 3594 4479 Da-

2025 4531 2117 4585 vid
2150 4551 2163 4587 :
2191 4530 2303 4586 Cur
2331 4545 2456 4586 eum
2479 4527 2731 4599 improbo
2775 4525 2886 4578 ﬁlio
2918 4520 3244 4578 defecistis?
3275 4519 3387 4575 Cur
3422 4518 3594 4574 ﬁlium

2025 4624 2290 4680 adversus
2320 4629 2536 4692 patrem
2567 4615 2902 4673 concitatis?
2957 4613 3140 4682 Quare
3184 4611 3341 4667 vanis
3369 4611 3594 4669 Achito-

2029 4715 2203 4788 phelis
2235 4711 2482 4770 consiliis
2539 4727 2744 4766 morem
2778 4710 2971 4782 geritis
3000 4711 3022 4764 ?
3053 4707 3110 4764 Si
3149 4708 3196 4764 is
3239 4708 3331 4778 qui
3369 4707 3576 4762 maledi-

2029 4807 2168 4863 xerit
2193 4805 2331 4876 patri
2361 4804 2445 4859 vel
2475 4803 2637 4857 matri
2687 4815 2862 4858 morte
2883 4803 3083 4874 dignus
3110 4811 3194 4857 est
3227 4840 3243 4867 ,
3279 4799 3372 4872 qui
3402 4808 3592 4854 contra

2027 4911 2234 4973 patrem
2268 4899 2505 4971 gladium
2546 4897 2694 4950 acuit
2752 4904 2886 4968 quot
2916 4895 3186 4950 mortibus
3219 4909 3284 4949 ac
3314 4893 3594 4964 suppliciis

2024 4996 2276 5067 dignus?
2327 4992 2394 5047 Ut
2420 4992 2544 5064 quid
2588 4991 2752 5063 igitur
2782 4989 3003 5060 diligitis
3033 4990 3318 5043 vanitatem
3363 4999 3414 5042 et
3452 5003 3601 5058 quae.

2026 5088 2144 5142 ritis
2200 5084 2590 5140 mendacium?
2650 5083 2990 5137 Mendacium
3021 5089 3179 5136 vocat
3228 5080 3592 5152 quodcunque

2029 5192 2226 5230 vanum
2249 5192 2408 5246 Opus,
2427 5175 2587 5245 cujus
2612 5181 2860 5244 prompta
2891 5172 3073 5235 ruina,
3108 5173 3390 5243 repentina
3414 5176 3591 5223 muta-

2027 5270 2122 5324 tio.
2171 5268 2534 5322 Verumtamen
2564 5268 2684 5322 vani
2716 5267 2818 5338 ﬁlii
2851 5267 3143 5337 hominum,
3175 5265 3446 5320 mendaces
3488 5258 3590 5329 ﬁlii

2025 5363 2294 5418 hominum
2328 5364 2380 5416 in
2405 5363 2640 5429 stateris,
2678 5371 2734 5416 ut
2758 5362 2950 5432 injuste
2977 5372 3140 5433 agant
3169 5361 3232 5416 ⁸⁸.

424 5733 472 5766 ⁸⁸
511 5730 646 5788 Luc.
680 5750 846 5796 mn,
895 5735 974 5789 i2.
1053 5736 1094 5762 ⁵⁵
1139 5732 1308 5786 Prov-
1335 5749 1510 5798 sum,
1543 5732 1595 5786 '5.
1672 5735 1717 5767 "
1761 5733 1886 5789 Luc.
1921 5747 2092 5796 “tu,
2125 5730 2179 5786 9.
2260 5731 2304 5763 ⁵⁷
2346 5728 2502 5784 Joan.
2540 5742 2652 5784 xvu
2678 5765 2692 5790 ,
2722 5726 2809 5782 50.
2885 5725 2930 5755 ⁸⁵
2970 5719 3114 5777 Paul.
3145 5731 3274 5784 ut,
3309 5715 3397 5775 Ιοο
