4042 6210
524 236 633 294 “5

514 346 519 351 ”
839 352 1395 413 ΙΝΤΕΒΡΒΕΤΔΤΙΟ
1432 356 1681 414 PSALMI
1718 358 1783 415 ν.

524 479 581 538 5.
598 480 666 538 In
692 482 849 554 ﬁnem
874 499 972 553 pro
993 501 1057 540 ea
1084 502 1200 556 qua:
1215 486 1576 562 hereditatem
1596 492 1934 562 consequitur
1954 492 2091 560 psal-

1141 573 1255 611 mus
1284 557 1477 616 David.

593 663 651 721 In
676 666 837 724 linem
864 668 1100 741 hymnus
1126 670 1430 741 gratiarum
1469 673 1704 728 actionis
1734 674 1952 729 canitur
1989 690 2090 746 pro

523 758 705 814 anima
731 761 847 817 sive
878 777 977 833 pro
996 761 1264 827 Ecclesia,
1290 778 1413 833 quae
1446 763 1502 818 in
1522 764 1763 819 divinam
1803 765 2090 821 haeredita-

524 860 633 905 tem
670 848 763 905 Dei
796 849 1012 908 famulis
1064 862 1428 923 praeparatam
1486 853 1727 910 ducitur.
1760 852 1857 911 Est
1886 856 2088 926 quippe

522 943 812 999 haereditas
834 942 1006 999 Deum
1025 945 1357 1001 .colentibus
1388 956 1608 1016 parata,
1642 956 1697 1004 et
1724 948 1840 1004 haec
1870 948 2086 1019 quidem

519 1050 631 1090 non
656 1036 1054 1107 corruptibilis,
1085 1052 1266 1108 neque
1294 1038 1347 1091 in
1380 1039 1592 1096 divitiis
1623 1055 1843 1096 sensum
1873 1056 2089 1098 moven-

517 1126 667 1182 tibus
695 1127 970 1184 consistit.
1003 1127 1219 1183 Dicitur
1246 1130 1397 1184 enim
1449 1129 1792 1188 inducendos
1842 1132 2087 1189 heredes

516 1217 692 1288 ipsius
708 1233 853 1285 esse,
883 1220 938 1273 in
952 1218 1317 1275 hereditatem
1342 1222 1818 1291 incorruptibilem,
1843 1226 2087 1279 inconta-

516 1313 801 1376 minatam,
828 1312 1342 1377 immarcescibilem,
1378 1324 1744 1369 conservatam
1772 1316 1827 1370 in
1854 1316 1997 1371 caelis
2014 1317 2082 1371 ”.

514 1401 574 1456 in
605 1403 756 1457 illam
793 1417 890 1459 eos
929 1402 1024 1473 qui
1057 1402 1207 1475 digni
1261 1412 1391 1460 sunt
1431 1421 1668 1461 evocans
1699 1405 1949 1462 Salvator
1969 1407 2080 1461 ait:

523 1495 707 1551 Venite
737 1497 829 1567 qui
860 1513 893 1550 a
915 1495 1116 1552 dextris
1144 1499 1272 1553 meis
1297 1500 1448 1564 estis,
1482 1499 1736 1554 benedicti
1766 1500 2081 1565 Patrismei,

513 1586 776 1657 possidete
792 1597 1040 1658 paratum
1068 1589 1212 1643 vobis
1247 1606 1467 1660 regnum
1492 1591 1560 1661 °°..
1591 1589 1770 1659 Hujus
1789 1605 1973 1647 amore
1992 1605 2084 1645 ca-

1192 238 1460 297 EUSEBll
1500 241 1980 299 CESARIENSIS
2015 243 2166 301 OPP.
2206 244 2387 302 PARS
2424 243 2510 301 lll.
2544 273 2617 286 —
2650 240 3058 298 EXEGETICA.

3650 239 3757 296 “6

2576 360 2933 416 ΕΡΜΙΙΝΕῘΛ
2957 358 3258 414 ΨΑΛΜΟΥ
3287 360 3363 414 E’.

2191 495 2296 564 Εἰς
2329 497 2394 551 τὸ
2427 496 2603 564 τέλος
2642 493 2796 566 ὑπὲρ
2808 491 3475 618 τὲῆὲἔέἔὲρονομούσης
3514 490 3756 561 ψαλμὸς

2808 583 2887 631 τῳ
2931 582 3129 618 Δαυιο.

2257 680 2353 744 Είς
2384 678 2450 733 τὸ
2495 677 2648 742 τέλος
2699 679 3051 751 χαριστήριος
3078 676 3244 749 ὕμνος
3273 675 3456 747 ᾄδεται
3496 674 3634 746 ὑπὲρ
3652 673 3755 745 τῆς

2187 770 2459 842 ἀγομένης
2487 770 2685 841 ψυχῆς,
2719 771 2839 842 ἦτοι
2886 769 3228 840 Ἐκκλησίας,
3261 771 3341 832 είς
3375 765 3522 820 θείαν
3555 765 3752 837 κληρο-

2185 863 2373 934 νομίαν
2392 864 2801 935 ἡτοιμασμένην
2821 866 2933 927 τοῖς
2945 862 3038 917 τοῦ
3052 861 3186 916 Θεοῦ
3202 861 3577 933 θεραπευταῖς.
3605 861 3753 916 Ἐστι

2185 954 2293 1028 γὰρ
2324 955 2655 1027 κληρονομία
2707 958 2818 1019 τοῖς
2869 953 3227 1026 θεραπεύουσι
3251 953 3481 1026 Κύριον*
3516 953 3752 1006 Ἔστιδέ

2186 1047 2322 1120 αὕτη
2344 1048 2405 1101 ού
2437 1048 2648 1120 φθαρτὴ
2667 1048 2760 1102 καὶ
2785 1050 2843 1102 ἐν
2868 1046 3107 1118 αίσθητῷ
3126 1045 3338 1117 πλούτῳ
3366 1044 3562 1115 ἔχουσα
3589 1040 3748 1099 εἶναι.

2184 1139 2412 1212 Εἴρηται
2447 1140 2554 1213 γάρ
2605 1140 2916 1209 εἰσάγεσθαι
2964 1140 3091 1203 τοὺς
3129 1138 3329 1208 ταύτης
3387 1137 3753 1209 κληρονόμους

2183 1233 2271 1297 είς
2285 1232 2691 1301 κληρονομίαν
2716 1231 3018 1300 ἄφθαρτον
3043 1229 3142 1284 καί
3161 1230 3449 1299 ἀμίαντον
3479 1227 3577 1281 καὶ
3607 1227 3755 1298 ἁμά-

2175 1341 2422 1392 ραντον,
2443 1324 2846 1397 τετηρημένην
2860 1324 2932 1377 ἐν
2948 1323 3245 1392 οὐρανοῖς.
3277 1322 3369 1386 Είς
3399 1321 3602 1393 ταύτην
3627 1322 3754 1387 τοὺς

2184 1416 2366 1481 ἀξίους
2389 1415 2568 1470 καλῶν
2599 1418 2627 1469 ὁ
2649 1416 2799 1485 Σωτή
2807 1432 2838 1486 ρ
2856 1429 2869 1445 ·
2898 1412 3074 1467 Δεῦτε
3101 1413 3168 1465 ἐκ
3191 1409 3404 1476 δεξιῶν
3418 1428 3557 1480 μου,
3590 1406 3755 1479 εἴπερ

2184 1510 2301 1580 (sic)
2340 1513 2393 1564 οἱ
2437 1507 2830 1578 εὐλογημένοι
2874 1504 2978 1561 τοῦ
3029 1505 3258 1573 Πατρός
3292 1521 3432 1574 μου,
3469 1506 3756 1569 κληρονο-

2175 1602 2410 1671 μήσατε
2430 1601 2545 1668 τὴν
2560 1599 3005 1669 ἡτοιμασμένην
3019 1597 3162 1667 ὑμῖν
3176 1596 3522 1661 βασιλείαν.
3536 1593 3754 1667 Ταύτης

514 1687 644 1751 ptus
699 1681 792 1750 qui
857 1689 1178 1750 praesentem
1235 1681 1504 1751 psalmum
1571 1683 1783 1746 recitat,
1833 1682 1942 1738 Deo
1988 1682 2074 1753 qui

2183 1691 2359 1763 ἔρωτα
2391 1690 2568 1744 λαϐὼν
2587 1693 2616 1744 ὁ
2642 1690 2731 1743 τὸν
2757 1690 3071 1759 ἐγκείμενον
3108 1686 3322 1759 ψαλμὸν
3361 1686 3555 1755 λέγων,
3590 1687 3752 1757 εὐχὴν

514 1773 691 1844 ipsam
714 1775 1036 1845 praeparavit
1062 1773 1366 1828 orationem
1382 1774 1599 1840 emittit,
1618 1784 1677 1830 ut
1694 1776 1889 1847 dignus
1922 1773 2074 1833 habe-

2182 1785 2494 1855 ἀναπέμπει
2536 1783 2612 1855 τῷ
2657 1783 3032 1855 εύτρεπίσαντι
3058 1783 3228 1855 αὐτὴν
3263 1781 3402 1853 Θεῷ,
3434 1783 3521 1836 ἵνα
3547 1780 3749 1853 ἀξιωθῇ

512 1874 634 1920 atur
660 1866 753 1936 qui
781 1880 904 1921 eam
932 1867 1234 1922 secundum
1283 1875 1669 1923 testamentum
1703 1884 1905 1923 novum
1946 1884 2079 1925 con-

510 1966 797 2027 sequatur,
827 1957 902 2011 ita
930 1966 990 2011 ut
1013 1957 1372 2029 inscriptione
1404 1958 1518 2023 illa,
1548 1975 1644 2029 pro
1681 1976 1743 2013 ea
1772 1976 1889 2030 qua!
1913 1960 2079 2015 luere-

510 2047 733 2103 ditatem
781 2049 1138 2118 consequitur,
1167 2063 1324 2105 suam
1378 2049 1554 2120 ipsam
1604 2051 1843 2105 animam
1902 2052 2076 2122 signi-

510 2138 660 2193 licet.

581 2231 752 2289 Vens.
774 2233 832 2290 2.
868 2232 1038 2288 Verba
1065 2250 1181 2289 mea
1209 2233 1428 2288 auribus
1465 2236 1688 2305 percipe,
1720 2234 1957 2302 Domine,
1991 2238 2075 2292 in-

511 2327 685 2399 tellige
715 2328 997 2392 clamorem
1030 2344 1220 2382 meum.
1256 2326 1399 2383 Sane
1423 2328 1590 2383 verba
1616 2344 1713 2383 ore
1743 2329 1952 2398 prolata
1978 2346 2078 2384 au~

507 2415 666 2471 ribus
713 2416 1091 2487 percipiuntur
1120 2424 1175 2472 et
1204 2416 1503 2471 audiuntur
1553 2436 1567 2472 :
1623 2418 1829 2473 clamor
1871 2427 2073 2485 autem,

506 2522 618 2563 non
650 2506 871 2576 quidem
899 2506 1103 2572 verbis,
1156 2507 1369 2563 etiamsi
1403 2508 1507 2578 ipsi
1539 2508 1738 2565 dican't
1755 2508 1924 2566 Deum
1957 2512 2077 2567 uni-

505 2615 786 2656 versorum
821 2615 881 2656 se
909 2614 1259 2671 cognoscere,
1284 2616 1346 2655 ac
1376 2600 1535 2657 labiis
1563 2602 1850 2668 conﬁteri;
1889 2603 1986 2659 sed
2020 2604 2077 2658 in

504 2690 690 2754 corde,
739 2689 853 2745 sive
899 2690 954 2744 in
981 2697 1163 2746 mente
1207 2706 1396 2746 eorum
1430 2691 1645 2747 exsistit
1685 2710 1701 2747 :
1754 2707 1817 2746 ac
1854 2708 1922 2747 ne
1968 2709 2075 2748 una

502 2782 721 2852 quidem
749 2797 877 2838 vera
909 2782 977 2838 de
1000 2780 1109 2837 Deo
1140 2781 1402 2852 cogitatio
1425 2789 1563 2836 erat.
1595 2780 1918 2851 Huiusmodi
1950 2799 2077 2853 pro-

501 2873 642 2930 fecto
664 2882 784 2929 erat
815 2880 941 2928 ante
958 2872 1256 2928 Salvatoris
1272 2873 1564 2946 adventum
1590 2880 1763 2928 totum
1795 2874 2075 2930 hominum

502 2981 694 3035 genus.
722 2963 992 3034 lnsipiens
1033 2971 1212 3017 autem
1253 2962 1544 3018 admodum
1569 2978 1698 3018 vere
1726 2978 1790 3018 ac
1819 2979 2075 3035 germane

2181 1873 2515 1946 κληρονόμος
2576 1874 2744 1944 αὐτῆς
2800 1873 2939 1927 κατὰ
2966 1872 3063 1944 τὴν
3097 1873 3286 1944 καινὴν
3326 1871 3587 1944 διαθήκην
3618 1871 3750 1924 ἀνα-

2178 1966 2452 2037 δειχθῆναι
2476 1983 2490 1996 ·
2521 1966 2597 2029 ὡς
2635 1966 2728 2019 καὶ
2795 1967 2925 2037 περὶ
2970 1965 3069 2035 τῆς
3095 1964 3259 2018 αὑτοῦ
3296 1963 3470 2035 ψυχῆς
3499 1962 3749 2035 σημαίνει

2178 2058 2277 2131 τὴν
2308 2058 2615 2130 ἐπιγραφὴν
2645 2057 2743 2130 τὴν
2768 2055 2921 2125 ὑπὲρ
2949 2055 3060 2124 τῆς
3097 2057 3613 2126 κληρονομούσης.

2252 2236 2329 2291 Τὰ
2373 2235 2611 2305 ῥήματά
2660 2253 2779 2304 μου
2836 2234 3135 2296 ἐνωτίσαι,
3181 2234 3391 2303 Κύριε,
3438 2234 3621 2299 σύνες
3670 2231 3747 2301 τῇ

2164 2307 2407 2397 ⁴κραυγῇ
2454 2345 2595 2398 μου.
2641 2326 2721 2380 Τὰ
2776 2326 2876 2398 μὲν
2926 2320 3018 2379 οὖν
3077 2326 3293 2397 ῥήματα
3345 2323 3433 2379 διὰ
3483 2323 3750 2394 στόματος

2176 2416 2616 2487 ἐπαγγελλόμενα
2650 2416 2783 2469 ὠσὶν
2828 2414 3080 2468 ἀκούεται
3128 2416 3218 2469 καὶ
3244 2413 3554 2479 ἐνωτίζεται
3574 2431 3587 2445 ·
3620 2416 3653 2483 ἠ
3687 2413 3749 2469 δέ

2177 2506 2389 2579 κραυγὴ
2436 2508 2496 2561 ού
2549 2506 2635 2561 διὰ
2666 2506 2773 2560 τῶν
2823 2504 3015 2576 λόγων,
3060 2504 3161 2560 κᾶν
3208 2506 3361 2559 αὐτοὶ
3408 2497 3745 2559 εἰδέναιὲκαὶ

2175 2600 2452 2670 ὁμολογεῖν
2478 2599 2567 2653 τὸν
2588 2600 2681 2652 ἐπὶ
2712 2599 2927 2654 πάντων
2944 2599 3077 2654 Θεὸν
3097 2600 3208 2662 τοῖς
3225 2597 3424 2669 χείλεσι
3452 2597 3740 2668 φάσκοιεν·

2175 2693 2287 2747 ἀλλ’
2310 2695 2365 2746 ἐν
2395 2695 2459 2765 τῇ
2494 2691 2691 2763 καρδίᾳ
2746 2690 2975 2755 ἑαυτῶν,
3011 2689 3288 2745 τουτέστιν
3322 2690 3380 2742 ἐν
3408 2691 3472 2759 τῇ
3497 2686 3706 2761 διανοίᾳ
3724 2701 3743 2719 ⁸

2174 2784 2293 2838 οὐδὲ
2350 2783 2446 2856 μία
2497 2801 2579 2848 τις
2633 2783 2838 2855 ἀληθὴς
2893 2782 3023 2855 περὶ
3072 2781 3208 2835 Θεοῦ
3255 2780 3499 2852 ὑπῆρχεν
3545 2778 3740 2832 ἔννοια.

2175 2876 2423 2941 Τοιοῦτος
2456 2877 2553 2947 μὲν
2592 2871 2684 2930 οὖν
2738 2875 3031 2947 ἐτύγχανεν
3054 2877 3159 2940 πᾶς
3193 2874 3221 2926 ὁ
3244 2873 3348 2944 πρὸ
3378 2872 3476 2942 τῆς
3504 2871 3597 2925 τοῦ
3633 2872 3745 2925 Σω-

2172 2966 2333 3039 τῆρος
2358 2965 2511 3037 ἡμῶν
2533 2966 2829 3038 παρουσίας
2852 2965 2983 3035 βίος.
3005 2965 3078 3034 (ί)
3098 2962 3383 3035 ’Ἄφρωνδέ
3408 2960 3744 3034 ἀληθέστατα

502 3059 705 3114 dicitur
733 3057 826 3127 qui
856 3063 1018 3127 negat
1061 3045 1251 3111 Deum.
1277 3055 1416 3110 Nam
1469 3056 1517 3110 si
1554 3056 1765 3109 initium
1805 3057 2074 3125 sapientia:

2176 3058 2268 3110 καὶ
2321 3056 2671 3127 φυσικώτατα
2713 3059 2741 3111 ὁ
2785 3056 3102 3129 ἀρνησίθεος
3151 3055 3481 3125 ὠνόμασται.
3531 3055 3594 3107 Et
3634 3053 3744 3125 γάρ

507 3153 664 3206 timor
686 3151 987 3213 Domini“,
1020 3149 1301 3218 despectio
1334 3164 1397 3204 ac
1442 3156 1787 3222 contemptus
1816 3150 1930 3216 Dei,
1976 3166 2073 3223 op-

503 3244 715 3315 positus
747 3241 1023 3314 sapientia:
1048 3240 1229 3296 fuerit.

574 3331 737 3391 Vens.
767 3334 822 3390 4.
860 3333 1125 3401 Quoniam
1156 3331 1226 3385 ad
1281 3341 1330 3386 te
1377 3330 1560 3398 orabo,
1604 3332 1861 3396 Domine,
1922 3349 2074 3387 mane

500 3426 747 3483 exaudies
774 3442 945 3481 vocem
979 3442 1149 3480 meam
1173 3443 1193 3479 :
1221 3443 1373 3481 mane
1405 3425 1627 3481 adstabo
1657 3425 1750 3479 tibi
1780 3435 1830 3481 et
1878 3426 2071 3481 videbis

499 3534 599 3573 me.
627 3516 723 3573 His
777 3516 1007 3572 docetur
1037 3516 1217 3570 anima
1249 3531 1373 3587 qua)
1428 3516 1802 3572 hereditatem
1851 3518 2069 3589 accipit,

499 3611 821 3667 diurnorum
875 3625 1103 3680 operum
1155 3609 1429 3679 primitias
1477 3609 1663 3667 divino
1724 3627 1846 3667 esse
1895 3614 2066 3666 cultui

498 3700 904 3759 consecrandas
937 3719 951 3754 :
985 3699 1127 3769 quod
1162 3700 1350 3769 utique
1395 3715 1505 3753 non
1536 3699 1761 3765 faceret,
1797 3701 1844 3755 si
1874 3700 1930 3754 in
1953 3700 2073 3771 ipso

498 3793 667 3848 cubili
706 3793 762 3847 in
793 3791 912 3861 ejus
945 3790 1271 3845 oblivionem
1304 3792 1531 3846 veniret.

569 3882 738 3938 Vens.
770 3882 824 3945 5,
853 3880 907 3936 6.
936 3880 1199 3947 Quoniam
1230 3897 1333 3935 non
1356 3879 1500 3934 Deus
1528 3882 1699 3937 volens
1744 3883 2073 3954 iniquitatem

500 3984 557 4029 tu
584 3990 639 4029 es
669 3990 689 4028 :
718 3988 879 4043 neque
906 3971 1163 4026 habitabit
1180 3972 1342 4042 juxta
1381 3980 1430 4027 te
1454 3973 1740 4043 malignus,
1771 3991 1931 4046 neque
1957 3992 2074 4045 per-

497 4065 781 4120 manebunt
801 4064 985 4134 injusti
1013 4073 1133 4119 ante
1159 4064 1335 4118 oculos
1368 4073 1507 4118 tuos.
1545 4063 1738 4135 Utpote
1766 4047 1897 4135 quae.
1912 4066 2074 4138 digna

498 4156 683 4213 habita
735 4155 807 4212 sit
840 4169 961 4225 qua:
992 4154 1384 4225 promissorum
1413 4155 1679 4209 bonorum
1704 4156 2072 4211 haereditatem

497 4250 790 4321 acciperet,
823 4247 1043 4318 iniquos
1078 4246 1183 4302 sibi
1237 4246 1412 4301 oculis
1450 4247 1687 4316 subjicit.
1721 4247 1899 4317 Iniqui
1927 4248 2071 4304 enim

494 4342 711 4400 etiamsi
736 4347 1028 4427 antequam
1078 4338 1568 4412 praevaricarentur
1593 4339 1750 4409 juxta
1779 4346 1831 4394 te
1861 4338 2073 4395 habita-

2173 3151 2392 3221 σοφίας
2420 3150 2576 3221 ἀρχὴ
2596 3152 2777 3220 φόϐος
2802 3148 2970 3214 Θεοῦ,
2997 3147 3195 3218 ἀφοῦία
3220 3145 3312 3200 καὶ
3343 3145 3596 3217 ἀθέτησις
3622 3145 3744 3198 τού-

2172 3243 2379 3297 ναντίον
2402 3243 2467 3297 ἂν
2503 3243 2709 3313 γένοιτο
2738 3242 2836 3313 τῆς
2867 3241 3075 3310 σοφίας.
3138 3225 3146 3235 ’

2245 3337 2362 3389 ’Ὁτι
2388 3335 2535 3405 πρὸς
2562 3334 2636 3388 σὲ
2673 3333 3096 3403 προσεύξομαι,
3116 3333 3311 3402 Κύριε,
3352 3330 3415 3385 τὸ
3443 3329 3592 3409 etme
3621 3329 3745 3385 είσ·

2172 3429 2404 3497 ακούσῃ
2468 3428 2579 3496 τῆς
2624 3425 2828 3496 φωνῆς
2842 3442 2989 3496 μου’
3017 3424 3083 3479 τὸ
3110 3425 3258 3494 πρωῒ
3287 3420 3747 3497 παραστήσομαι

2172 3538 2271 3575 σοι
2299 3521 2396 3574 καὶ
2425 3519 2624 3589 ἐπόψοῃ
2645 3537 2741 3589 με.
2776 3520 3098 3574 Παιδεύεται
3136 3519 3223 3572 διὰ
3251 3519 3452 3572 τούτων
3486 3519 3518 3589 ἡ
3548 3518 3746 3593 κληρο-

2172 3609 2411 3680 νομοῦσα
2452 3610 2550 3679 τὴν
2592 3608 2844 3680 ἀπαρχὴν
2893 3606 3000 3661 τῶν
3056 3605 3331 3680 ἡμερινῶν
3375 3603 3628 3679 πράξεων
3683 3605 3742 3673 τῇ

2174 3701 2308 3773 πρὸς
2332 3685 2463 3754 Θέὺν
2492 3701 2795 3754 ἀνατιθέναι
2813 3698 3038 3772 λατρεία
3055 3716 3069 3729 ο
3091 3699 3227 3770 ὅπερ
3248 3698 3345 3751 οὐκ
3366 3695 3431 3750 ἂν
3464 3695 3635 3749 ἐποίει
3666 3693 3742 3766 μὴ

2174 3792 2267 3844 καὶ
2297 3790 2405 3844 ἀπὸ
2434 3791 2620 3861 κοίτης
2654 3789 2849 3861 ξχουσα
2877 3787 2975 3859 τὴν
3006 3787 3297 3857 ἀγνωσίαν.

2247 3884 2372 3938 Ὅτι
2404 3883 2537 3952 οὐχὶ
2564 3882 2703 3949 Θεὸς
2739 3881 2929 3937 θέλων
2946 3878 3200 3950 ἀνομίαν
3219 3879 3300 3934 σὺ
3330 3874 3403 3933 εἴ·
3442 3880 3514 3931 οὐ
3547 3894 3743 3946 παροι-

2174 3975 2348 4043 κήσει
2369 3992 2468 4030 σοι
2495 3977 2992 4046 ποννηρευόμενος,
3027 3973 3169 4028 οὐδὲ
3188 3971 3533 4042 διαμενοῦσι
3556 3968 3743 4039 παρά-

2173 4085 2340 4137 νομοι
2364 4067 2677 4121 κατέναντι
2697 4066 2815 4120 τῶν
2842 4066 3165 4135 ὀφθαλμῶν
3191 4081 3327 4119 σου.
3380 4063 3467 4126 Ὠς
3499 4061 3563 4115 ἂν
3586 4060 3740 4132 ἠξιω-

2178 4159 2310 4230 μένη
2347 4157 2453 4212 τῶν
2506 4158 2927 4229 ἐπηγγελμένων
2968 4156 3184 4226 ἀγαθῶν
3229 4157 3263 4226 ἡ
3307 4153 3735 4227 κληρονομοῦσα,

2171 4252 2298 4315 τοὺς
2326 4251 2559 4321 ἀνόμους
2588 4250 2948 4304 ἐπιδείκνυσιν
2979 4251 3165 4321 ἐαυτῇ.
3187 4249 3249 4301 Oi
3272 4247 3379 4319 γάρ
3414 4247 3735 4318 παράνομοι,

2175 4344 2223 4396 εἰ
2252 4344 2345 4397 καὶ
2369 4344 2475 4416 πρὸ
2520 4343 2614 4396 τοῦ
2664 4342 3045 4415 παρανομῆσαι
3087 4339 3422 4411 παρῴκησάν
3465 4338 3547 4391 σοί
3585 4353 3734 4398 ποτε,

496 4439 690 4504 verint,
738 4433 1197 4508 quemadmodum
1251 4431 1291 4486 ii
1338 4430 1430 4501 qui
1462 4429 1664 4503 Moysis
1698 4431 1869 4503 legem
1910 4447 2066 4489 acce-

2175 4434 2421 4507 καθάπερ
2472 4436 2520 4488 οί
2553 4434 2643 4488 τὸν
2691 4435 2967 4497 Μωῦσέως
3022 4432 3300 4504 δεξάμενοι
3350 4430 3546 4501 νόμον,
3602 4428 3736 4494 ἀλλὰ

494 4546 653 4603 pere;
684 4536 739 4584 at
763 4536 1051 4600 postquam
1103 4525 1442 4599 praevaricati
1472 4532 1620 4591 sunt,
1662 4525 1974 4583 nullatenus
2006 4526 2060 4581 in

495 4622 730 4694 pristino
748 4621 870 4675 loco
890 4626 1116 4674 manent
1152 4635 1167 4672 :
1200 4624 1259 4671 tu
1296 4633 1426 4674 vero
1447 4616 1629 4672 oderis
1652 4633 1747 4673 eos
1774 4617 1869 4688 qui
1899 4632 1931 4672 a
1967 4616 2063 4673 Dei

496 4711 647 4768 cultu
674 4724 952 4765 recessere
970 4748 987 4774 ,
1017 4715 1225 4779 quanto
1253 4716 1495 4779 tempore
1523 4708 1561 4763 ii
1589 4707 1714 4765 odio
1747 4709 1908 4780 digna
1936 4724 2062 4780 per-

496 4810 737 4949 “$22;
770 4893 823 4958 7,
857 4892 911 4948 8.
943 4890 1140 4957 Odisti,
1181 4890 1423 4957 Domine,
1458 4907 1635 4946 omnes
1667 4889 1759 4961 qui
1785 4900 2065 4961 operantur

496 4987 847 5057 iniquitatem,
872 4985 1052 5055 perdes
1075 5000 1248 5039 omnes
1284 4984 1375 5055 qui
1402 4983 1687 5055 loquuntur
1713 4983 2063 5038 mendacium.

505 5076 691 5133 Virum
714 5078 1029 5149 sanguinum
1057 5088 1108 5132 et
1143 5076 1385 5133 dolosum
1420 5077 1759 5132 abominetur
1785 5076 2063 5131 Dominus.

497 5170 616 5226 Non
648 5169 824 5225 solum
879 5184 974 5226 eos
1027 5167 1121 5239 qui
1159 5169 1311 5234 olim,
1347 5168 1443 5224 sed
1476 5169 1639 5224 etiam
1683 5183 1779 5223 eos
1812 5168 1905 5239 qui
1951 5167 2065 5237 jam

496 5268 794 5332 operantur
818 5260 1178 5331 iniquitatem,
1224 5260 1271 5315 si
1302 5261 1516 5330 quidem
1546 5261 1603 5315 in
1634 5260 1843 5315 malitia
1876 5276 2058 5332 perse-

497 5360 707 5418 vercut,
743 5352 858 5409 odit
889 5352 1031 5409 Deus
1060 5371 1075 5408 :
1111 5368 1175 5408 ae
1195 5368 1307 5423 prae
1326 5352 1583 5409 omnibus
1613 5352 1872 5423 perniciei
1899 5352 2063 5408 tradit

2169 4525 2481 4597 παραϐάται
2504 4524 2786 4594 γεγονότες
2805 4525 2868 4577 ού
2897 4524 3163 4596 μένουσιν.
3185 4524 3379 4584 Μισεῖς
3415 4520 3472 4575 δὲ
3496 4521 3591 4573 καὶ
3611 4519 3734 4582 τοὺς

2170 4615 2275 4682 ἔξω
2299 4617 2398 4689 τῆς
2428 4617 2735 4681 θεοσεϐείας
2774 4619 2833 4672 ἐν
2860 4618 2968 4688 ὅσῳ
3014 4616 3206 4688 μίσους
3234 4614 3358 4682 ἄξια
3386 4615 3730 4686 πράττουσιν.

2248 4896 2597 4966 Ἔμίσησας,
2641 4895 2838 4963 Κύριε,
2870 4893 3099 4960 πάντας
3130 4891 3272 4960 τοὺς
3309 4890 3733 4962 ἐργαζομένους

2163 4989 2279 5058 τὴν
2304 4991 2579 5061 ἀνομίαν,
2609 4988 2853 5054 ἀπολεῖς
2872 4987 3099 5054 πάντας
3128 4987 3270 5053 τοὺς
3297 4984 3634 5050 λαλοῦντας
3662 4983 3731 5036 τὸ

2164 5083 2411 5153 ψεῦδος.
2447 5080 2663 5150 Ἄνδρα
2689 5079 2950 5150 αἱμάτων
2974 5080 3073 5134 καὶ
3099 5079 3305 5134 δόλιον
3323 5078 3735 5144 ,βδελύσσεται

2165 5175 2398 5242 Κύριος.
2426 5174 2501 5227 Οὔ
2524 5172 2648 5236 τούς
2690 5189 2821 5226 ποτε
2866 5170 3290 5243 ἐργασαμένους,
3313 5169 3447 5224 ἀλλά
3483 5167 3577 5222 καὶ
3608 5168 3734 5231 τοὺς

2167 5260 2247 5315 ἔτι
2306 5261 2400 5315 καὶ⁵
2448 5260 2542 5315 νῦν
2580 5259 2992 5333 ἐργαζομένους,
3036 5262 3111 5325 ὡς
3153 5260 3219 5315 ἂν
3265 5259 3619 5331 ἐπιμένοντας
3660 5257 3728 5327 τῇ

2169 5351 2360 5424 κακίᾳ,
2401 5352 2601 5423 μισεῖὸ
2634 5352 2784 5418 Θεὸς.
2838 5352 2997 5425 Παρὰ
3022 5354 3230 5419 πάντας
3252 5351 3309 5406 δὲ
3340 5349 3560 5415 τούτους
3581 5349 3733 5403 ἀπυ-

566 5510 615 5543 ⁸’
654 5508 675 5564 l
703 5508 849 5565 Petr.
883 5526 940 5575 ι,
970 5509 1024 5564 4.
1102 5508 1148 5540 ⁸⁸
1190 5507 1379 5564 Matth.
1406 5525 1551 5576 xxv,
1584 5508 1673 5568 ἰδέ.
1752 5508 1795 5541 “
1834 5506 1980 5565 Psal.
2013 5523 2082 5562 cx
2104 5547 2121 5573 ,
2161 5507 2249 5564 10.

572 5693 647 5766 (1)
684 5691 820 5754 Vide
847 5704 1034 5755 notam
1064 5693 1118 5749 in
1145 5690 1283 5767 psal.
1312 5705 1444 5748 xvu.
