  <div class='ocr_page' id='page_1' title='image "/cluster/home/n/w/nwhite01/storage/ocr_20150623/23/hvd.32044073501116/064.png"; bbox 0 0 4042 6210; ppageno 0'>
   <div class='ocr_carea' id='block_1_1' title="bbox 374 141 478 200">
    <p class='ocr_par' dir='ltr' id='par_1_1' title="bbox 374 141 478 200">
     <span class='ocr_line' id='line_1_1' title="bbox 374 141 478 200; baseline -0.019 0"><span class='ocrx_word' id='word_1_1' title='bbox 374 141 478 200; x_wconf 78' lang='grc'><strong>117</strong></span> 
     </span>
    </p>
   </div>
   <div class='ocr_carea' id='block_1_2' title="bbox 1508 137 2484 198">
    <p class='ocr_par' dir='ltr' id='par_1_2' title="bbox 1508 137 2484 198">
     <span class='ocr_line' id='line_1_2' title="bbox 1508 137 2484 198; baseline -0.008 -1"><span class='ocrx_word' id='word_1_2' title='bbox 1508 139 2008 198; x_wconf 75' lang='lat' dir='ltr'><strong>COMMENTARIA</strong></span> <span class='ocrx_word' id='word_1_3' title='bbox 2039 138 2108 194; x_wconf 78' lang='lat' dir='ltr'><strong>IN</strong></span> <span class='ocrx_word' id='word_1_4' title='bbox 2149 137 2484 194; x_wconf 82' lang='lat' dir='ltr'><strong>PSALMOS.</strong></span> 
     </span>
    </p>
   </div>
   <div class='ocr_carea' id='block_1_3' title="bbox 3519 133 3622 189">
    <p class='ocr_par' dir='ltr' id='par_1_3' title="bbox 3519 133 3622 189">
     <span class='ocr_line' id='line_1_3' title="bbox 3519 133 3622 189; baseline 0.019 -2"><span class='ocrx_word' id='word_1_5' title='bbox 3519 133 3622 189; x_wconf 78' lang='grc'><strong>118</strong></span> 
     </span>
    </p>
   </div>
   <div class='ocr_carea' id='block_1_4' title="bbox 368 254 1933 339">
    <p class='ocr_par' dir='ltr' id='par_1_4' title="bbox 368 258 1933 339">
     <span class='ocr_line' id='line_1_4' title="bbox 368 258 1933 339; baseline -0.001 -22"><span class='ocrx_word' id='word_1_6' title='bbox 368 263 489 336; x_wconf 66' lang='grc' dir='ltr'>λείᾳ,</span> <span class='ocrx_word' id='word_1_7' title='bbox 547 265 880 339; x_wconf 78' lang='grc' dir='ltr'>παραδίδωσι</span> <span class='ocrx_word' id='word_1_8' title='bbox 914 266 1037 329; x_wconf 75' lang='grc' dir='ltr'>τοὺς</span> <span class='ocrx_word' id='word_1_9' title='bbox 1086 263 1160 338; x_wconf 84' lang='grc' dir='ltr'>μὴ</span> <span class='ocrx_word' id='word_1_10' title='bbox 1192 258 1348 337; x_wconf 85' lang='grc' dir='ltr'>μόνον</span> <span class='ocrx_word' id='word_1_11' title='bbox 1390 264 1527 319; x_wconf 72' lang='grc' dir='ltr'>κατὰ</span> <span class='ocrx_word' id='word_1_12' title='bbox 1559 265 1773 334; x_wconf 78' lang='grc' dir='ltr'><strong>ἀπάτην</strong></span> <span class='ocrx_word' id='word_1_13' title='bbox 1797 264 1933 333; x_wconf 83' lang='grc' dir='ltr'>λογι-</span> 
     </span>
    </p>
   </div>
   <div class='ocr_carea' id='block_1_5' title="bbox 2034 254 3625 339">
    <p class='ocr_par' dir='ltr' id='par_1_5' title="bbox 2047 254 3625 330">
     <span class='ocr_line' id='line_1_5' title="bbox 2047 254 3625 330; baseline -0.004 -13"><span class='ocrx_word' id='word_1_14' title='bbox 2047 277 2163 326; x_wconf 89' lang='lat' dir='ltr'><strong>eos,</strong></span> <span class='ocrx_word' id='word_1_15' title='bbox 2196 262 2288 330; x_wconf 88' lang='lat' dir='ltr'><strong>qui</strong></span> <span class='ocrx_word' id='word_1_16' title='bbox 2337 275 2446 314; x_wconf 87' lang='lat' dir='ltr'><strong>non</strong></span> <span class='ocrx_word' id='word_1_17' title='bbox 2501 257 2662 312; x_wconf 90' lang='lat' dir='ltr'><strong>modo</strong></span> <span class='ocrx_word' id='word_1_18' title='bbox 2690 271 2788 328; x_wconf 89' lang='lat' dir='ltr'><strong>per</strong></span> <span class='ocrx_word' id='word_1_19' title='bbox 2842 255 3108 310; x_wconf 78' lang='lat' dir='ltr'><strong>fallaciam</strong></span> <span class='ocrx_word' id='word_1_20' title='bbox 3157 254 3438 312; x_wconf 87' lang='lat' dir='ltr'><strong>mendacia</strong></span> <span class='ocrx_word' id='word_1_21' title='bbox 3469 256 3625 327; x_wconf 78' lang='lat' dir='ltr'><strong>cogi-</strong></span> 
     </span>
    </p>
   </div>
   <div class='ocr_carea' id='block_1_6' title="bbox 368 357 1945 430">
    <p class='ocr_par' dir='ltr' id='par_1_6' title="bbox 368 357 1945 430">
     <span class='ocr_line' id='line_1_6' title="bbox 368 357 1945 430; baseline -0.002 -17"><span class='ocrx_word' id='word_1_22' title='bbox 368 357 626 430; x_wconf 78' lang='grc' dir='ltr'>ξομένους</span> <span class='ocrx_word' id='word_1_23' title='bbox 669 358 738 412; x_wconf 71' lang='grc' dir='ltr'>τὰ</span> <span class='ocrx_word' id='word_1_24' title='bbox 759 358 956 429; x_wconf 76' lang='grc' dir='ltr'>ψευδῆ,</span> <span class='ocrx_word' id='word_1_25' title='bbox 983 358 1117 412; x_wconf 70' lang='grc' dir='ltr'>ἀλλὰ</span> <span class='ocrx_word' id='word_1_26' title='bbox 1158 360 1254 412; x_wconf 81' lang='grc' dir='ltr'>καὶ</span> <span class='ocrx_word' id='word_1_27' title='bbox 1290 357 1579 422; x_wconf 75' lang='grc' dir='ltr'><strong>λαλοῦντας</strong></span> <span class='ocrx_word' id='word_1_28' title='bbox 1640 357 1799 422; x_wconf 74' lang='grc' dir='ltr'>αὐτὰ,</span> <span class='ocrx_word' id='word_1_29' title='bbox 1851 359 1945 411; x_wconf 74' lang='grc' dir='ltr'><strong>καὶ</strong></span> 
     </span>
    </p>
   </div>
   <div class='ocr_carea' id='block_1_7' title="bbox 369 449 1942 522">
    <p class='ocr_par' dir='ltr' id='par_1_7' title="bbox 369 449 1942 522">
     <span class='ocr_line' id='line_1_7' title="bbox 369 449 1942 522; baseline -0.001 -18"><span class='ocrx_word' id='word_1_30' title='bbox 369 451 575 522; x_wconf 79' lang='grc' dir='ltr'>ἑτέροις</span> <span class='ocrx_word' id='word_1_31' title='bbox 600 451 1068 522; x_wconf 61' lang='grc' dir='ltr'><strong>διακονουμένους,</strong></span> <span class='ocrx_word' id='word_1_32' title='bbox 1095 451 1270 504; x_wconf 79' lang='grc' dir='ltr'>ὁποῖοι</span> <span class='ocrx_word' id='word_1_33' title='bbox 1317 452 1674 521; x_wconf 79' lang='grc' dir='ltr'><strong>τυγχάνουσιν</strong></span> <span class='ocrx_word' id='word_1_34' title='bbox 1697 451 1746 503; x_wconf 90' lang='grc' dir='ltr'>οἱ</span> <span class='ocrx_word' id='word_1_35' title='bbox 1775 449 1942 513; x_wconf 82' lang='grc' dir='ltr'>ἄθεοι,</span> 
     </span>
    </p>
   </div>
   <div class='ocr_carea' id='block_1_8' title="bbox 367 543 1944 615">
    <p class='ocr_par' dir='ltr' id='par_1_8' title="bbox 367 543 1944 615">
     <span class='ocr_line' id='line_1_8' title="bbox 367 543 1944 615; baseline -0.001 -17"><span class='ocrx_word' id='word_1_36' title='bbox 367 543 706 615; x_wconf 65' lang='grc' dir='ltr'>αἰρεσιῶται.</span> <span class='ocrx_word' id='word_1_37' title='bbox 738 545 846 597; x_wconf 82' lang='grc' dir='ltr'><strong>Καὶ</strong></span> <span class='ocrx_word' id='word_1_38' title='bbox 872 545 970 596; x_wconf 71' lang='grc' dir='ltr'><strong>ἐπὶ</strong></span> <span class='ocrx_word' id='word_1_39' title='bbox 985 544 1124 596; x_wconf 75' lang='grc' dir='ltr'>πᾶσι</span> <span class='ocrx_word' id='word_1_40' title='bbox 1134 544 1342 608; x_wconf 86' lang='grc' dir='ltr'>τούτοις</span> <span class='ocrx_word' id='word_1_41' title='bbox 1361 545 1466 598; x_wconf 83' lang='grc' dir='ltr'><strong>τὸν</strong></span> <span class='ocrx_word' id='word_1_42' title='bbox 1485 544 1673 612; x_wconf 73' lang='grc' dir='ltr'>ἄνδρα</span> <span class='ocrx_word' id='word_1_43' title='bbox 1686 543 1944 614; x_wconf 69' lang='grc' dir='ltr'>αἱμάτων</span> 
     </span>
    </p>
   </div>
   <div class='ocr_carea' id='block_1_9' title="bbox 371 627 1945 707">
    <p class='ocr_par' dir='ltr' id='par_1_9' title="bbox 371 627 1945 707">
     <span class='ocr_line' id='line_1_9' title="bbox 371 627 1945 707; baseline 0.004 -27"><span class='ocrx_word' id='word_1_44' title='bbox 371 627 769 698; x_wconf 75' lang='grc' dir='ltr'>βδελύσσεται</span> <span class='ocrx_word' id='word_1_45' title='bbox 784 628 1017 695; x_wconf 84' lang='grc' dir='ltr'>Κύριος,</span> <span class='ocrx_word' id='word_1_46' title='bbox 1044 633 1136 687; x_wconf 73' lang='grc' dir='ltr'><strong>καὶ</strong></span> <span class='ocrx_word' id='word_1_47' title='bbox 1165 635 1222 688; x_wconf 90' lang='grc' dir='ltr'><strong>ἐν</strong></span> <span class='ocrx_word' id='word_1_48' title='bbox 1252 639 1317 707; x_wconf 82' lang='grc' dir='ltr'>τῇ</span> <span class='ocrx_word' id='word_1_49' title='bbox 1352 633 1442 706; x_wconf 74' lang='grc' dir='ltr'>ἴσῃ</span> <span class='ocrx_word' id='word_1_50' title='bbox 1483 635 1656 706; x_wconf 85' lang='grc' dir='ltr'>τούτῳ</span> <span class='ocrx_word' id='word_1_51' title='bbox 1703 635 1945 705; x_wconf 76' lang='grc' dir='ltr'><strong>τιμωρίᾳ</strong></span> 
     </span>
    </p>
   </div>
   <div class='ocr_carea' id='block_1_10' title="bbox 357 710 1945 801">
    <p class='ocr_par' dir='ltr' id='par_1_10' title="bbox 357 710 1945 801">
     <span class='ocr_line' id='line_1_10' title="bbox 357 710 1945 801; baseline 0.004 -26"><span class='ocrx_word' id='word_1_52' title='bbox 357 710 465 776; x_wconf 60' lang='grc' dir='ltr'>’καὶ</span> <span class='ocrx_word' id='word_1_53' title='bbox 510 724 607 776; x_wconf 81' lang='grc' dir='ltr'>τὸν</span> <span class='ocrx_word' id='word_1_54' title='bbox 650 724 822 778; x_wconf 83' lang='grc' dir='ltr'>δόλιον</span> <span class='ocrx_word' id='word_1_55' title='bbox 867 723 1097 795; x_wconf 81' lang='grc' dir='ltr'>τίθησιν.</span> <span class='ocrx_word' id='word_1_56' title='bbox 1147 727 1206 780; x_wconf 85' lang='lat'><strong>&#39;0</strong></span> <span class='ocrx_word' id='word_1_57' title='bbox 1250 727 1306 780; x_wconf 87' lang='grc' dir='ltr'>δὲ</span> <span class='ocrx_word' id='word_1_58' title='bbox 1347 727 1640 798; x_wconf 81' lang='grc' dir='ltr'>βδελυγμὸς</span> <span class='ocrx_word' id='word_1_59' title='bbox 1674 727 1945 801; x_wconf 74' lang='grc' dir='ltr'>ὑπερϐάλ-</span> 
     </span>
    </p>
   </div>
   <div class='ocr_carea' id='block_1_11' title="bbox 368 812 1942 891">
    <p class='ocr_par' dir='ltr' id='par_1_11' title="bbox 368 812 1942 891">
     <span class='ocr_line' id='line_1_11' title="bbox 368 812 1942 891; baseline 0.004 -26"><span class='ocrx_word' id='word_1_60' title='bbox 368 812 565 866; x_wconf 86' lang='grc' dir='ltr'>λουσαν</span> <span class='ocrx_word' id='word_1_61' title='bbox 618 814 984 887; x_wconf 77' lang='grc' dir='ltr'>ἀποστροφὴν,</span> <span class='ocrx_word' id='word_1_62' title='bbox 1033 817 1110 881; x_wconf 84' lang='grc' dir='ltr'>ὼς</span> <span class='ocrx_word' id='word_1_63' title='bbox 1154 818 1247 871; x_wconf 74' lang='grc' dir='ltr'><strong>ἐπὶ</strong></span> <span class='ocrx_word' id='word_1_64' title='bbox 1287 818 1506 890; x_wconf 83' lang='grc' dir='ltr'>μεγάλῳ</span> <span class='ocrx_word' id='word_1_65' title='bbox 1546 818 1828 891; x_wconf 86' lang='grc' dir='ltr'>βιάσματι,</span> <span class='ocrx_word' id='word_1_66' title='bbox 1847 817 1942 872; x_wconf 89' lang='grc' dir='ltr'><strong>τοῦ</strong></span> 
     </span>
    </p>
   </div>
   <div class='ocr_carea' id='block_1_12' title="bbox 371 903 1737 982">
    <p class='ocr_par' dir='ltr' id='par_1_12' title="bbox 371 903 1737 982">
     <span class='ocr_line' id='line_1_12' title="bbox 371 903 1737 982; baseline 0.004 -25"><span class='ocrx_word' id='word_1_67' title='bbox 371 903 786 977; x_wconf 85' lang='grc' dir='ltr'>βδελυσσομένου</span> <span class='ocrx_word' id='word_1_68' title='bbox 821 907 956 979; x_wconf 81' lang='grc' dir='ltr'>πρὸς</span> <span class='ocrx_word' id='word_1_69' title='bbox 971 908 1062 961; x_wconf 84' lang='grc' dir='ltr'><strong>τὸν</strong></span> <span class='ocrx_word' id='word_1_70' title='bbox 1098 909 1383 980; x_wconf 83' lang='grc' dir='ltr'>βδελυκτὸν</span> <span class='ocrx_word' id='word_1_71' title='bbox 1418 910 1737 982; x_wconf 78' lang='grc' dir='ltr'>παρίστησι.</span> 
     </span>
    </p>
   </div>
   <div class='ocr_carea' id='block_1_13' title="bbox 439 997 1944 1071">
    <p class='ocr_par' dir='ltr' id='par_1_13' title="bbox 439 997 1944 1071">
     <span class='ocr_line' id='line_1_13' title="bbox 439 997 1944 1071; baseline 0.003 -19"><span class='ocrx_word' id='word_1_72' title='bbox 439 1000 632 1066; x_wconf 85' lang='grc' dir='ltr'>Κύριε,</span> <span class='ocrx_word' id='word_1_73' title='bbox 651 997 959 1068; x_wconf 82' lang='grc' dir='ltr'>ὀδήγησόν</span> <span class='ocrx_word' id='word_1_74' title='bbox 964 1018 1041 1069; x_wconf 82' lang='grc' dir='ltr'>με</span> <span class='ocrx_word' id='word_1_75' title='bbox 1055 1000 1209 1069; x_wconf 77' lang='grc' dir='ltr'>ἐντῆ</span> <span class='ocrx_word' id='word_1_76' title='bbox 1227 1001 1582 1071; x_wconf 81' lang='grc' dir='ltr'>δικαιοσύνῃ</span> <span class='ocrx_word' id='word_1_77' title='bbox 1603 1017 1718 1056; x_wconf 87' lang='grc' dir='ltr'><strong>σου</strong></span> <span class='ocrx_word' id='word_1_78' title='bbox 1733 1020 1745 1033; x_wconf 90' lang='grc'>·</span> <span class='ocrx_word' id='word_1_79' title='bbox 1765 1003 1944 1057; x_wconf 79' lang='grc' dir='ltr'>ἕνεκα</span> 
     </span>
    </p>
   </div>
   <div class='ocr_carea' id='block_1_14' title="bbox 366 1089 1944 1164">
    <p class='ocr_par' dir='ltr' id='par_1_14' title="bbox 366 1089 1944 1164">
     <span class='ocr_line' id='line_1_14' title="bbox 366 1089 1944 1164; baseline 0.004 -22"><span class='ocrx_word' id='word_1_80' title='bbox 366 1089 486 1143; x_wconf 89' lang='grc' dir='ltr'><strong>τῶν</strong></span> <span class='ocrx_word' id='word_1_81' title='bbox 535 1090 760 1158; x_wconf 80' lang='grc' dir='ltr'><strong>ἐχθρῶν</strong></span> <span class='ocrx_word' id='word_1_82' title='bbox 799 1109 920 1160; x_wconf 83' lang='grc' dir='ltr'><strong>μου</strong></span> <span class='ocrx_word' id='word_1_83' title='bbox 973 1094 1342 1147; x_wconf 86' lang='grc' dir='ltr'>κατεύθυνον</span> <span class='ocrx_word' id='word_1_84' title='bbox 1382 1093 1640 1148; x_wconf 82' lang='grc' dir='ltr'>ἐνώπιόν</span> <span class='ocrx_word' id='word_1_85' title='bbox 1682 1112 1797 1149; x_wconf 89' lang='grc' dir='ltr'><strong>σου</strong></span> <span class='ocrx_word' id='word_1_86' title='bbox 1829 1095 1944 1164; x_wconf 79' lang='grc' dir='ltr'>τὴν</span> 
     </span>
    </p>
   </div>
   <div class='ocr_carea' id='block_1_15' title="bbox 366 1181 1944 1256">
    <p class='ocr_par' dir='ltr' id='par_1_15' title="bbox 366 1181 1944 1256">
     <span class='ocr_line' id='line_1_15' title="bbox 366 1181 1944 1256; baseline 0.003 -22"><span class='ocrx_word' id='word_1_87' title='bbox 366 1181 672 1249; x_wconf 69' lang='grc' dir='ltr'>ὀδόν-μου.</span> <span class='ocrx_word' id='word_1_88' title='bbox 706 1183 940 1254; x_wconf 87' lang='grc' dir='ltr'>Χριστὸς</span> <span class='ocrx_word' id='word_1_89' title='bbox 959 1183 1016 1236; x_wconf 83' lang='grc' dir='ltr'>δὲ</span> <span class='ocrx_word' id='word_1_90' title='bbox 1042 1187 1074 1254; x_wconf 87' lang='grc' dir='ltr'>ἡ</span> <span class='ocrx_word' id='word_1_91' title='bbox 1109 1183 1423 1255; x_wconf 83' lang='grc' dir='ltr'>δικαιοσύνη</span> <span class='ocrx_word' id='word_1_92' title='bbox 1444 1201 1457 1214; x_wconf 87' lang='grc'><strong>·</strong></span> <span class='ocrx_word' id='word_1_93' title='bbox 1498 1185 1663 1248; x_wconf 79' lang='grc' dir='ltr'>αὐτὸς</span> <span class='ocrx_word' id='word_1_94' title='bbox 1689 1186 1796 1256; x_wconf 87' lang='grc' dir='ltr'>γὰρ</span> <span class='ocrx_word' id='word_1_95' title='bbox 1824 1186 1944 1254; x_wconf 83' lang='grc' dir='ltr'>ἐγε-</span> 
     </span>
    </p>
   </div>
   <div class='ocr_carea' id='block_1_16' title="bbox 364 1274 1941 1351">
    <p class='ocr_par' dir='ltr' id='par_1_16' title="bbox 364 1274 1941 1351">
     <span class='ocr_line' id='line_1_16' title="bbox 364 1274 1941 1351; baseline 0.004 -25"><span class='ocrx_word' id='word_1_96' title='bbox 364 1274 498 1346; x_wconf 81' lang='grc' dir='ltr'>νήθη</span> <span class='ocrx_word' id='word_1_97' title='bbox 531 1275 693 1345; x_wconf 65' lang='grc' dir='ltr'>σοφία</span> <span class='ocrx_word' id='word_1_98' title='bbox 724 1278 855 1348; x_wconf 79' lang='grc' dir='ltr'>ἡμῖν</span> <span class='ocrx_word' id='word_1_99' title='bbox 907 1277 1016 1332; x_wconf 84' lang='grc' dir='ltr'><strong>ἀπὸ</strong></span> <span class='ocrx_word' id='word_1_100' title='bbox 1055 1277 1211 1344; x_wconf 89' lang='grc' dir='ltr'>Θεοῦ,</span> <span class='ocrx_word' id='word_1_101' title='bbox 1242 1278 1554 1351; x_wconf 80' lang='grc' dir='ltr'>δικαιοσύνη</span> <span class='ocrx_word' id='word_1_102' title='bbox 1581 1295 1639 1332; x_wconf 89' lang='grc' dir='ltr'><strong>τε</strong></span> <span class='ocrx_word' id='word_1_103' title='bbox 1665 1280 1760 1332; x_wconf 75' lang='grc' dir='ltr'>καὶ</span> <span class='ocrx_word' id='word_1_104' title='bbox 1785 1279 1941 1348; x_wconf 86' lang='grc' dir='ltr'>ἁγια-</span> 
     </span>
    </p>
   </div>
   <div class='ocr_carea' id='block_1_17' title="bbox 363 1366 1036 1443">
    <p class='ocr_par' dir='ltr' id='par_1_17' title="bbox 363 1366 1036 1443">
     <span class='ocr_line' id='line_1_17' title="bbox 363 1366 1036 1443; baseline 0.009 -24"><span class='ocrx_word' id='word_1_105' title='bbox 363 1366 504 1437; x_wconf 65' lang='grc' dir='ltr'>σμὸς</span> <span class='ocrx_word' id='word_1_106' title='bbox 521 1370 615 1422; x_wconf 81' lang='grc' dir='ltr'><strong>καὶ</strong></span> <span class='ocrx_word' id='word_1_107' title='bbox 640 1369 1036 1443; x_wconf 88' lang='grc' dir='ltr'>ἀπολύτρωσις.</span> 
     </span>
    </p>
   </div>
   <div class='ocr_carea' id='block_1_18' title="bbox 431 1457 1936 1534">
    <p class='ocr_par' dir='ltr' id='par_1_18' title="bbox 431 1457 1936 1534">
     <span class='ocr_line' id='line_1_18' title="bbox 431 1457 1936 1534; baseline 0.003 -21"><span class='ocrx_word' id='word_1_108' title='bbox 431 1457 563 1514; x_wconf 83' lang='grc' dir='ltr'>Ὀτι</span> <span class='ocrx_word' id='word_1_109' title='bbox 596 1464 705 1516; x_wconf 82' lang='grc' dir='ltr'><strong>οὐκ</strong></span> <span class='ocrx_word' id='word_1_110' title='bbox 749 1463 921 1517; x_wconf 77' lang='grc' dir='ltr'>ἐστιν</span> <span class='ocrx_word' id='word_1_111' title='bbox 956 1464 1026 1517; x_wconf 89' lang='grc' dir='ltr'><strong>ἐν</strong></span> <span class='ocrx_word' id='word_1_112' title='bbox 1063 1464 1144 1528; x_wconf 83' lang='grc' dir='ltr'>τῷ</span> <span class='ocrx_word' id='word_1_113' title='bbox 1173 1466 1425 1534; x_wconf 82' lang='grc' dir='ltr'>στόματι</span> <span class='ocrx_word' id='word_1_114' title='bbox 1451 1465 1649 1519; x_wconf 84' lang='grc' dir='ltr'>αὐτῶν</span> <span class='ocrx_word' id='word_1_115' title='bbox 1670 1464 1936 1532; x_wconf 82' lang='grc' dir='ltr'>ἀλήθεια,</span> 
     </span>
    </p>
   </div>
   <div class='ocr_carea' id='block_1_19' title="bbox 360 1552 1937 1626">
    <p class='ocr_par' dir='ltr' id='par_1_19' title="bbox 360 1552 1937 1626">
     <span class='ocr_line' id='line_1_19' title="bbox 360 1552 1937 1626; baseline 0.004 -22"><span class='ocrx_word' id='word_1_116' title='bbox 360 1552 400 1618; x_wconf 78' lang='grc' dir='ltr'><strong><em>ἠ</em></strong></span> <span class='ocrx_word' id='word_1_117' title='bbox 431 1553 646 1620; x_wconf 79' lang='grc' dir='ltr'><strong>καρδία</strong></span> <span class='ocrx_word' id='word_1_118' title='bbox 702 1555 902 1609; x_wconf 85' lang='grc' dir='ltr'>αὐτῶν</span> <span class='ocrx_word' id='word_1_119' title='bbox 941 1558 1180 1626; x_wconf 78' lang='grc' dir='ltr'>ματαία.</span> <span class='ocrx_word' id='word_1_120' title='bbox 1214 1558 1430 1611; x_wconf 82' lang='grc' dir='ltr'>Ματαία</span> <span class='ocrx_word' id='word_1_121' title='bbox 1469 1558 1524 1610; x_wconf 86' lang='grc' dir='ltr'>δὲ</span> <span class='ocrx_word' id='word_1_122' title='bbox 1566 1559 1660 1612; x_wconf 80' lang='grc' dir='ltr'>καὶ</span> <span class='ocrx_word' id='word_1_123' title='bbox 1698 1557 1806 1612; x_wconf 83' lang='grc' dir='ltr'><strong>τῶν</strong></span> <span class='ocrx_word' id='word_1_124' title='bbox 1833 1558 1937 1625; x_wconf 80' lang='grc' dir='ltr'><strong>ἔξω</strong></span> 
     </span>
    </p>
   </div>
   <div class='ocr_carea' id='block_1_20' title="bbox 359 1627 2010 1722">
    <p class='ocr_par' dir='ltr' id='par_1_20' title="bbox 359 1627 2010 1722">
     <span class='ocr_line' id='line_1_20' title="bbox 359 1627 2010 1722; baseline 0.006 -25"><span class='ocrx_word' id='word_1_125' title='bbox 359 1645 596 1717; x_wconf 71' lang='grc' dir='ltr'>οοφῶνὴ</span> <span class='ocrx_word' id='word_1_126' title='bbox 631 1647 829 1718; x_wconf 85' lang='grc' dir='ltr'>καρδία</span> <span class='ocrx_word' id='word_1_127' title='bbox 861 1651 988 1720; x_wconf 81' lang='grc' dir='ltr'>περὶ</span> <span class='ocrx_word' id='word_1_128' title='bbox 1038 1643 1113 1704; x_wconf 86' lang='grc' dir='ltr'>ὧν</span> <span class='ocrx_word' id='word_1_129' title='bbox 1149 1650 1394 1722; x_wconf 75' lang='grc' dir='ltr'>εἴρηται·</span> <span class='ocrx_word' id='word_1_130' title='bbox 1420 1652 1633 1718; x_wconf 80' lang='grc' dir='ltr'>Κύριος</span> <span class='ocrx_word' id='word_1_131' title='bbox 1663 1650 1938 1720; x_wconf 73' lang='grc' dir='ltr'><strong>γινώσκει</strong></span> <span class='ocrx_word' id='word_1_132' title='bbox 1970 1627 2010 1681; x_wconf 81' lang='grc' dir='ltr'>Β</span> 
     </span>
    </p>
   </div>
   <div class='ocr_carea' id='block_1_21' title="bbox 358 1735 1934 1812">
    <p class='ocr_par' dir='ltr' id='par_1_21' title="bbox 358 1735 1934 1812">
     <span class='ocr_line' id='line_1_21' title="bbox 358 1735 1934 1812; baseline 0.006 -25"><span class='ocrx_word' id='word_1_133' title='bbox 358 1736 501 1801; x_wconf 81' lang='grc' dir='ltr'>τοὺς</span> <span class='ocrx_word' id='word_1_134' title='bbox 539 1735 971 1808; x_wconf 77' lang='grc' dir='ltr'>διαλογισμοὺς</span> <span class='ocrx_word' id='word_1_135' title='bbox 1009 1741 1125 1795; x_wconf 87' lang='grc' dir='ltr'><strong>τῶν</strong></span> <span class='ocrx_word' id='word_1_136' title='bbox 1164 1741 1388 1810; x_wconf 57' lang='grc' dir='ltr'>σοφῶν,</span> <span class='ocrx_word' id='word_1_137' title='bbox 1415 1742 1502 1794; x_wconf 83' lang='grc' dir='ltr'>ὅτι</span> <span class='ocrx_word' id='word_1_138' title='bbox 1524 1743 1643 1796; x_wconf 75' lang='grc' dir='ltr'>εἰσὶ</span> <span class='ocrx_word' id='word_1_139' title='bbox 1660 1743 1897 1812; x_wconf 82' lang='grc' dir='ltr'>μάταιοι</span> <span class='ocrx_word' id='word_1_140' title='bbox 1921 1761 1934 1774; x_wconf 85' lang='lat'><strong><em>°</em></strong></span> 
     </span>
    </p>
   </div>
   <div class='ocr_carea' id='block_1_22' title="bbox 356 1823 1938 1902">
    <p class='ocr_par' dir='ltr' id='par_1_22' title="bbox 356 1823 1938 1902">
     <span class='ocr_line' id='line_1_22' title="bbox 356 1823 1938 1902; baseline 0.003 -20"><span class='ocrx_word' id='word_1_141' title='bbox 356 1823 432 1883; x_wconf 81' lang='grc' dir='ltr'>ὧν</span> <span class='ocrx_word' id='word_1_142' title='bbox 465 1833 492 1882; x_wconf 89' lang='grc' dir='ltr'>ὁ</span> <span class='ocrx_word' id='word_1_143' title='bbox 526 1829 731 1900; x_wconf 81' lang='grc' dir='ltr'>λάρυγξ</span> <span class='ocrx_word' id='word_1_144' title='bbox 772 1832 1001 1884; x_wconf 77' lang='grc' dir='ltr'>ἀπέπνει</span> <span class='ocrx_word' id='word_1_145' title='bbox 1046 1832 1213 1902; x_wconf 86' lang='grc' dir='ltr'>νεκρά</span> <span class='ocrx_word' id='word_1_146' title='bbox 1251 1832 1516 1902; x_wconf 81' lang='grc' dir='ltr'>δόγματα,</span> <span class='ocrx_word' id='word_1_147' title='bbox 1550 1833 1640 1885; x_wconf 77' lang='grc' dir='ltr'><strong>τὸν</strong></span> <span class='ocrx_word' id='word_1_148' title='bbox 1677 1831 1938 1895; x_wconf 80' lang='grc' dir='ltr'>ζωοποιὺν</span> 
     </span>
    </p>
   </div>
   <div class='ocr_carea' id='block_1_23' title="bbox 359 1920 1938 1995">
    <p class='ocr_par' dir='ltr' id='par_1_23' title="bbox 359 1920 1938 1995">
     <span class='ocr_line' id='line_1_23' title="bbox 359 1920 1938 1995; baseline 0.003 -23"><span class='ocrx_word' id='word_1_149' title='bbox 359 1920 453 1973; x_wconf 86' lang='grc' dir='ltr'><strong>τοῦ</strong></span> <span class='ocrx_word' id='word_1_150' title='bbox 478 1921 612 1974; x_wconf 86' lang='grc' dir='ltr'>Θεοῦ</span> <span class='ocrx_word' id='word_1_151' title='bbox 641 1921 796 1990; x_wconf 88' lang='grc' dir='ltr'>λόγον</span> <span class='ocrx_word' id='word_1_152' title='bbox 823 1922 894 1993; x_wconf 78' lang='grc' dir='ltr'>μὴ</span> <span class='ocrx_word' id='word_1_153' title='bbox 921 1923 1294 1988; x_wconf 77' lang='grc' dir='ltr'>διδασκόντων,</span> <span class='ocrx_word' id='word_1_154' title='bbox 1329 1924 1420 1976; x_wconf 83' lang='grc' dir='ltr'><strong>τὸν</strong></span> <span class='ocrx_word' id='word_1_155' title='bbox 1453 1924 1508 1976; x_wconf 79' lang='grc' dir='ltr'>δὲ</span> <span class='ocrx_word' id='word_1_156' title='bbox 1540 1923 1704 1995; x_wconf 72' lang='grc' dir='ltr'>ψευδῆ</span> <span class='ocrx_word' id='word_1_157' title='bbox 1730 1925 1825 1976; x_wconf 74' lang='grc' dir='ltr'><strong>καὶ</strong></span> <span class='ocrx_word' id='word_1_158' title='bbox 1847 1942 1938 1978; x_wconf 64' lang='grc' dir='ltr'><strong>νεα</strong></span> 
     </span>
    </p>
   </div>
   <div class='ocr_carea' id='block_1_24' title="bbox 362 2010 1938 2083">
    <p class='ocr_par' dir='ltr' id='par_1_24' title="bbox 362 2010 1938 2083">
     <span class='ocr_line' id='line_1_24' title="bbox 362 2010 1938 2083; baseline 0.003 -19"><span class='ocrx_word' id='word_1_159' title='bbox 362 2013 493 2083; x_wconf 84' lang='grc' dir='ltr'>κρόν</span> <span class='ocrx_word' id='word_1_160' title='bbox 511 2027 524 2040; x_wconf 84' lang='grc'><strong>·</strong></span> <span class='ocrx_word' id='word_1_161' title='bbox 552 2010 770 2080; x_wconf 87' lang='grc' dir='ltr'>Κρῖνον</span> <span class='ocrx_word' id='word_1_162' title='bbox 819 2013 1060 2079; x_wconf 85' lang='grc' dir='ltr'>αὐτοὺς.</span> <span class='ocrx_word' id='word_1_163' title='bbox 1089 2017 1122 2067; x_wconf 81' lang='grc' dir='ltr'><em>ὁ</em></span> <span class='ocrx_word' id='word_1_164' title='bbox 1149 2017 1315 2078; x_wconf 83' lang='grc' dir='ltr'><strong>Θεὸς,</strong></span> <span class='ocrx_word' id='word_1_165' title='bbox 1343 2013 1470 2076; x_wconf 72' lang='grc' dir='ltr'>τοὺς</span> <span class='ocrx_word' id='word_1_166' title='bbox 1494 2013 1938 2078; x_wconf 78' lang='grc' dir='ltr'>ἐπιϐουλεύοντάς</span> 
     </span>
    </p>
   </div>
   <div class='ocr_carea' id='block_1_25' title="bbox 363 2100 1936 2179">
    <p class='ocr_par' dir='ltr' id='par_1_25' title="bbox 363 2100 1936 2179">
     <span class='ocr_line' id='line_1_25' title="bbox 363 2100 1936 2179; baseline 0.003 -23"><span class='ocrx_word' id='word_1_167' title='bbox 363 2121 464 2174; x_wconf 89' lang='grc' dir='ltr'><strong>μου</strong></span> <span class='ocrx_word' id='word_1_168' title='bbox 483 2107 602 2168; x_wconf 84' lang='grc' dir='ltr'>ταῖς</span> <span class='ocrx_word' id='word_1_169' title='bbox 631 2107 755 2175; x_wconf 79' lang='grc' dir='ltr'>περὶ</span> <span class='ocrx_word' id='word_1_170' title='bbox 787 2105 885 2176; x_wconf 80' lang='grc' dir='ltr'>τῆς</span> <span class='ocrx_word' id='word_1_171' title='bbox 907 2105 1266 2177; x_wconf 86' lang='grc' dir='ltr'>κληρονομίας</span> <span class='ocrx_word' id='word_1_172' title='bbox 1296 2105 1507 2158; x_wconf 79' lang='grc' dir='ltr'>ἐλπίσιν</span> <span class='ocrx_word' id='word_1_173' title='bbox 1526 2123 1540 2135; x_wconf 86' lang='grc'><strong>·</strong></span> <span class='ocrx_word' id='word_1_174' title='bbox 1575 2100 1720 2160; x_wconf 78' lang='grc' dir='ltr'>οῦτοι</span> <span class='ocrx_word' id='word_1_175' title='bbox 1748 2107 1854 2179; x_wconf 84' lang='grc' dir='ltr'><strong>γάρ</strong></span> <span class='ocrx_word' id='word_1_176' title='bbox 1877 2125 1936 2161; x_wconf 86' lang='grc' dir='ltr'><strong>σε</strong></span> 
     </span>
    </p>
   </div>
   <div class='ocr_carea' id='block_1_26' title="bbox 358 2196 1941 2269">
    <p class='ocr_par' dir='ltr' id='par_1_26' title="bbox 358 2196 1941 2269">
     <span class='ocr_line' id='line_1_26' title="bbox 358 2196 1941 2269; baseline 0.004 -21"><span class='ocrx_word' id='word_1_177' title='bbox 358 2197 878 2269; x_wconf 80' lang='grc' dir='ltr'>παραπικραινοῦσι.</span> <span class='ocrx_word' id='word_1_178' title='bbox 905 2197 1159 2266; x_wconf 73' lang='grc' dir='ltr'>Κρῖνονο</span> <span class='ocrx_word' id='word_1_179' title='bbox 1216 2197 1311 2251; x_wconf 82' lang='grc' dir='ltr'><strong>σοῦ</strong></span> <span class='ocrx_word' id='word_1_180' title='bbox 1335 2198 1444 2267; x_wconf 81' lang='grc' dir='ltr'>γὰρ</span> <span class='ocrx_word' id='word_1_181' title='bbox 1476 2196 1668 2263; x_wconf 76' lang='grc' dir='ltr'>σώζειν</span> <span class='ocrx_word' id='word_1_182' title='bbox 1718 2200 1941 2267; x_wconf 78' lang='grc' dir='ltr'>σπουδά-</span> 
     </span>
    </p>
   </div>
   <div class='ocr_carea' id='block_1_27' title="bbox 357 2287 1937 2362">
    <p class='ocr_par' dir='ltr' id='par_1_27' title="bbox 357 2287 1937 2362">
     <span class='ocr_line' id='line_1_27' title="bbox 357 2287 1937 2362; baseline 0.003 -21"><span class='ocrx_word' id='word_1_183' title='bbox 357 2287 560 2353; x_wconf 80' lang='grc' dir='ltr'>ζοντος,</span> <span class='ocrx_word' id='word_1_184' title='bbox 589 2291 916 2362; x_wconf 75' lang='grc' dir='ltr'>πολεμοῦσιν</span> <span class='ocrx_word' id='word_1_185' title='bbox 958 2291 1420 2356; x_wconf 79' lang='grc' dir='ltr'>ἐπιϐουλεύοντες.</span> <span class='ocrx_word' id='word_1_186' title='bbox 1468 2291 1725 2346; x_wconf 84' lang='grc' dir='ltr'>Βούλεται</span> <span class='ocrx_word' id='word_1_187' title='bbox 1757 2292 1814 2346; x_wconf 86' lang='grc' dir='ltr'><strong>δέ</strong></span> <span class='ocrx_word' id='word_1_188' title='bbox 1843 2293 1937 2347; x_wconf 74' lang='grc' dir='ltr'>καὶ</span> 
     </span>
    </p>
   </div>
   <div class='ocr_carea' id='block_1_28' title="bbox 355 2383 1934 2459">
    <p class='ocr_par' dir='ltr' id='par_1_28' title="bbox 355 2383 1934 2459">
     <span class='ocr_line' id='line_1_28' title="bbox 355 2383 1934 2459; baseline 0.003 -22"><span class='ocrx_word' id='word_1_189' title='bbox 355 2383 552 2448; x_wconf 75' lang='grc' dir='ltr'>αὐτοὺς</span> <span class='ocrx_word' id='word_1_190' title='bbox 602 2384 850 2459; x_wconf 72' lang='grc' dir='ltr'>ἐντεῦθεν</span> <span class='ocrx_word' id='word_1_191' title='bbox 911 2385 1011 2457; x_wconf 68' lang='grc' dir='ltr'>ἤδη</span> <span class='ocrx_word' id='word_1_192' title='bbox 1070 2385 1381 2454; x_wconf 76' lang='grc' dir='ltr'><strong>κριθέντας</strong></span> <span class='ocrx_word' id='word_1_193' title='bbox 1433 2386 1799 2459; x_wconf 80' lang='grc' dir='ltr'>ὠφεληθῆναι,</span> <span class='ocrx_word' id='word_1_194' title='bbox 1840 2386 1934 2442; x_wconf 88' lang='grc' dir='ltr'><strong>τοῦ</strong></span> 
     </span>
    </p>
   </div>
   <div class='ocr_carea' id='block_1_29' title="bbox 355 2453 1690 2552">
    <p class='ocr_par' dir='ltr' id='par_1_29' title="bbox 355 2453 1690 2552">
     <span class='ocr_line' id='line_1_29' title="bbox 355 2453 1690 2552; baseline 0.004 -25"><span class='ocrx_word' id='word_1_195' title='bbox 355 2474 590 2547; x_wconf 81' lang='grc' dir='ltr'>πλήθους</span> <span class='ocrx_word' id='word_1_196' title='bbox 605 2453 718 2530; x_wconf 66' lang='grc' dir='ltr'><strong>τῶν</strong></span> <span class='ocrx_word' id='word_1_197' title='bbox 751 2453 1116 2549; x_wconf 70' lang='grc' dir='ltr'>ἀσεϐημάτων</span> <span class='ocrx_word' id='word_1_198' title='bbox 1140 2477 1245 2543; x_wconf 76' lang='grc' dir='ltr'>ἔξω</span> <span class='ocrx_word' id='word_1_199' title='bbox 1272 2453 1690 2552; x_wconf 66' lang='grc' dir='ltr'>γεγενημένους.</span> 
     </span>
    </p>
   </div>
   <div class='ocr_carea' id='block_1_30' title="bbox 423 2653 1934 2725">
    <p class='ocr_par' dir='ltr' id='par_1_30' title="bbox 423 2653 1934 2725">
     <span class='ocr_line' id='line_1_30' title="bbox 423 2653 1934 2725; baseline 0.005 -20"><span class='ocrx_word' id='word_1_200' title='bbox 423 2653 534 2706; x_wconf 76' lang='grc' dir='ltr'><strong>Καὶ</strong></span> <span class='ocrx_word' id='word_1_201' title='bbox 557 2654 1067 2724; x_wconf 73' lang='grc' dir='ltr'>εὐφρανθήτωσαν</span> <span class='ocrx_word' id='word_1_202' title='bbox 1096 2655 1320 2724; x_wconf 84' lang='grc' dir='ltr'>πάντες</span> <span class='ocrx_word' id='word_1_203' title='bbox 1371 2658 1426 2711; x_wconf 90' lang='lat' dir='ltr'><strong>ol</strong></span> <span class='ocrx_word' id='word_1_204' title='bbox 1457 2655 1803 2725; x_wconf 79' lang='grc' dir='ltr'>ἐλπίζοντες</span> <span class='ocrx_word' id='word_1_205' title='bbox 1835 2658 1934 2714; x_wconf 78' lang='grc' dir='ltr'>ἐπὶ</span> 
     </span>
    </p>
   </div>
   <div class='ocr_carea' id='block_1_31' title="bbox 353 2742 1936 2816">
    <p class='ocr_par' dir='ltr' id='par_1_31' title="bbox 353 2742 1936 2816">
     <span class='ocr_line' id='line_1_31' title="bbox 353 2742 1936 2816; baseline 0.004 -20"><span class='ocrx_word' id='word_1_206' title='bbox 353 2742 449 2807; x_wconf 83' lang='grc' dir='ltr'>σὲ,</span> <span class='ocrx_word' id='word_1_207' title='bbox 483 2746 571 2810; x_wconf 82' lang='grc' dir='ltr'><strong>είς</strong></span> <span class='ocrx_word' id='word_1_208' title='bbox 607 2744 793 2798; x_wconf 83' lang='grc' dir='ltr'>αὶῶνα</span> <span class='ocrx_word' id='word_1_209' title='bbox 823 2745 1297 2814; x_wconf 71' lang='grc' dir='ltr'>ἀγαλλιάσονται</span> <span class='ocrx_word' id='word_1_210' title='bbox 1321 2747 1420 2802; x_wconf 78' lang='grc' dir='ltr'><strong>καί</strong></span> <span class='ocrx_word' id='word_1_211' title='bbox 1446 2747 1936 2816; x_wconf 78' lang='grc' dir='ltr'>κατασκηνώσεις</span> 
     </span>
    </p>
   </div>
   <div class='ocr_carea' id='block_1_32' title="bbox 355 2833 1934 2910">
    <p class='ocr_par' dir='ltr' id='par_1_32' title="bbox 355 2833 1934 2910">
     <span class='ocr_line' id='line_1_32' title="bbox 355 2833 1934 2910; baseline 0.004 -25"><span class='ocrx_word' id='word_1_212' title='bbox 355 2833 427 2886; x_wconf 83' lang='grc' dir='ltr'>ἐν</span> <span class='ocrx_word' id='word_1_213' title='bbox 453 2834 674 2900; x_wconf 81' lang='grc' dir='ltr'>αὐτοῖς.</span> <span class='ocrx_word' id='word_1_214' title='bbox 708 2834 864 2888; x_wconf 84' lang='grc' dir='ltr'>Ἀλλὰ</span> <span class='ocrx_word' id='word_1_215' title='bbox 889 2838 984 2889; x_wconf 72' lang='grc' dir='ltr'><strong>καὶ</strong></span> <span class='ocrx_word' id='word_1_216' title='bbox 1010 2836 1102 2890; x_wconf 72' lang='grc' dir='ltr'><strong>ἐπὶ</strong></span> <span class='ocrx_word' id='word_1_217' title='bbox 1121 2838 1219 2908; x_wconf 83' lang='grc' dir='ltr'>τῆς</span> <span class='ocrx_word' id='word_1_218' title='bbox 1246 2836 1342 2890; x_wconf 91' lang='grc' dir='ltr'><strong>τοῦ</strong></span> <span class='ocrx_word' id='word_1_219' title='bbox 1362 2837 1616 2910; x_wconf 84' lang='grc' dir='ltr'><strong>Σωτῆρος</strong></span> <span class='ocrx_word' id='word_1_220' title='bbox 1643 2835 1934 2908; x_wconf 80' lang='grc' dir='ltr'>ἐπιδημίας</span> 
     </span>
    </p>
   </div>
   <div class='ocr_carea' id='block_1_33' title="bbox 359 2925 1936 3004">
    <p class='ocr_par' dir='ltr' id='par_1_33' title="bbox 359 2925 1936 3004">
     <span class='ocr_line' id='line_1_33' title="bbox 359 2925 1936 3004; baseline 0.007 -30"><span class='ocrx_word' id='word_1_221' title='bbox 359 2925 747 2997; x_wconf 78' lang='grc' dir='ltr'>ηὐφράνθησαν</span> <span class='ocrx_word' id='word_1_222' title='bbox 779 2927 826 2978; x_wconf 84' lang='grc' dir='ltr'>οἱ</span> <span class='ocrx_word' id='word_1_223' title='bbox 851 2927 949 2996; x_wconf 82' lang='grc' dir='ltr'>τὴν</span> <span class='ocrx_word' id='word_1_224' title='bbox 973 2928 1136 2982; x_wconf 84' lang='grc' dir='ltr'>αὑτοῦ</span> <span class='ocrx_word' id='word_1_225' title='bbox 1165 2930 1641 3003; x_wconf 86' lang='grc' dir='ltr'>καραδοκήσαντες</span> <span class='ocrx_word' id='word_1_226' title='bbox 1662 2931 1936 3004; x_wconf 79' lang='grc' dir='ltr'>ἐνανθρώ-</span> 
     </span>
    </p>
   </div>
   <div class='ocr_carea' id='block_1_34' title="bbox 359 3019 1936 3094">
    <p class='ocr_par' dir='ltr' id='par_1_34' title="bbox 359 3019 1936 3094">
     <span class='ocr_line' id='line_1_34' title="bbox 359 3019 1936 3094; baseline 0.008 -25"><span class='ocrx_word' id='word_1_227' title='bbox 359 3035 525 3090; x_wconf 85' lang='grc' dir='ltr'>πησιν</span> <span class='ocrx_word' id='word_1_228' title='bbox 546 3035 558 3048; x_wconf 71' lang='grc' dir='ltr'><strong>ο</strong></span> <span class='ocrx_word' id='word_1_229' title='bbox 582 3019 704 3088; x_wconf 77' lang='grc' dir='ltr'>ἥτις</span> <span class='ocrx_word' id='word_1_230' title='bbox 747 3022 862 3084; x_wconf 82' lang='grc' dir='ltr'>τοῖς</span> <span class='ocrx_word' id='word_1_231' title='bbox 908 3024 1212 3094; x_wconf 81' lang='grc' dir='ltr'>προφήταις</span> <span class='ocrx_word' id='word_1_232' title='bbox 1245 3025 1341 3079; x_wconf 75' lang='grc' dir='ltr'><strong>καὶ</strong></span> <span class='ocrx_word' id='word_1_233' title='bbox 1369 3029 1481 3090; x_wconf 83' lang='grc' dir='ltr'>τοῖς</span> <span class='ocrx_word' id='word_1_234' title='bbox 1504 3025 1684 3081; x_wconf 84' lang='grc' dir='ltr'>νοοῦσι</span> <span class='ocrx_word' id='word_1_235' title='bbox 1708 3028 1778 3083; x_wconf 79' lang='grc' dir='ltr'>τὰ</span> <span class='ocrx_word' id='word_1_236' title='bbox 1809 3027 1936 3082; x_wconf 89' lang='grc' dir='ltr'>τού-</span> 
     </span>
    </p>
   </div>
   <div class='ocr_carea' id='block_1_35' title="bbox 355 3110 1935 3193">
    <p class='ocr_par' dir='ltr' id='par_1_35' title="bbox 355 3110 1935 3193">
     <span class='ocr_line' id='line_1_35' title="bbox 355 3110 1935 3193; baseline 0.007 -29"><span class='ocrx_word' id='word_1_237' title='bbox 355 3128 465 3164; x_wconf 89' lang='grc' dir='ltr'><strong>των</strong></span> <span class='ocrx_word' id='word_1_238' title='bbox 492 3110 770 3180; x_wconf 80' lang='grc' dir='ltr'>ἠλπίζετο.</span> <span class='ocrx_word' id='word_1_239' title='bbox 827 3113 1170 3186; x_wconf 81' lang='grc' dir='ltr'>Ἐπεδήμησε</span> <span class='ocrx_word' id='word_1_240' title='bbox 1198 3115 1307 3190; x_wconf 84' lang='grc' dir='ltr'>γὰρ</span> <span class='ocrx_word' id='word_1_241' title='bbox 1338 3119 1367 3170; x_wconf 89' lang='grc' dir='ltr'><strong>ὸ</strong></span> <span class='ocrx_word' id='word_1_242' title='bbox 1401 3118 1534 3182; x_wconf 83' lang='grc' dir='ltr'>Θεὸς</span> <span class='ocrx_word' id='word_1_243' title='bbox 1585 3120 1756 3188; x_wconf 82' lang='grc' dir='ltr'>Λόγος</span> <span class='ocrx_word' id='word_1_244' title='bbox 1798 3120 1935 3193; x_wconf 79' lang='grc' dir='ltr'>σὰρξ</span> 
     </span>
    </p>
   </div>
   <div class='ocr_carea' id='block_1_36' title="bbox 355 3202 1936 3281">
    <p class='ocr_par' dir='ltr' id='par_1_36' title="bbox 355 3202 1936 3281">
     <span class='ocr_line' id='line_1_36' title="bbox 355 3202 1936 3281; baseline 0.007 -27"><span class='ocrx_word' id='word_1_245' title='bbox 355 3202 613 3270; x_wconf 80' lang='grc' dir='ltr'>γεγονὼς,</span> <span class='ocrx_word' id='word_1_246' title='bbox 642 3203 941 3275; x_wconf 78' lang='grc' dir='ltr'>προσλήψει</span> <span class='ocrx_word' id='word_1_247' title='bbox 984 3207 1203 3278; x_wconf 85' lang='grc' dir='ltr'>σαρκὸς,</span> <span class='ocrx_word' id='word_1_248' title='bbox 1223 3209 1311 3261; x_wconf 79' lang='grc' dir='ltr'><strong>ἵνα</strong></span> <span class='ocrx_word' id='word_1_249' title='bbox 1347 3208 1598 3281; x_wconf 81' lang='grc' dir='ltr'>σκηνώσῃ</span> <span class='ocrx_word' id='word_1_250' title='bbox 1629 3213 1686 3263; x_wconf 90' lang='grc' dir='ltr'><strong>ἐν</strong></span> <span class='ocrx_word' id='word_1_251' title='bbox 1709 3214 1820 3276; x_wconf 85' lang='grc' dir='ltr'>τοῖς</span> <span class='ocrx_word' id='word_1_252' title='bbox 1845 3228 1936 3265; x_wconf 82' lang='grc' dir='ltr'>πε-</span> 
     </span>
    </p>
   </div>
   <div class='ocr_carea' id='block_1_37' title="bbox 354 3295 1934 3372">
    <p class='ocr_par' dir='ltr' id='par_1_37' title="bbox 354 3295 1934 3372">
     <span class='ocr_line' id='line_1_37' title="bbox 354 3295 1934 3372; baseline 0.008 -26"><span class='ocrx_word' id='word_1_253' title='bbox 354 3295 704 3349; x_wconf 86' lang='grc' dir='ltr'>πιστευκόσιν</span> <span class='ocrx_word' id='word_1_254' title='bbox 729 3295 898 3367; x_wconf 79' lang='grc' dir='ltr'>αὐτῷ,</span> <span class='ocrx_word' id='word_1_255' title='bbox 929 3297 1071 3351; x_wconf 82' lang='grc' dir='ltr'>κατὰ</span> <span class='ocrx_word' id='word_1_256' title='bbox 1091 3298 1170 3362; x_wconf 87' lang='grc' dir='ltr'><strong>τὸ,</strong></span> <span class='ocrx_word' id='word_1_257' title='bbox 1210 3300 1265 3352; x_wconf 89' lang='grc' dir='ltr'><strong><em>Ὁ</em></strong></span> <span class='ocrx_word' id='word_1_258' title='bbox 1300 3302 1492 3370; x_wconf 87' lang='grc' dir='ltr'>Λόγος</span> <span class='ocrx_word' id='word_1_259' title='bbox 1516 3301 1671 3370; x_wconf 62' lang='grc' dir='ltr'><strong>σὰρξ⁹</strong></span> <span class='ocrx_word' id='word_1_260' title='bbox 1697 3303 1934 3372; x_wconf 83' lang='grc' dir='ltr'>ἐγένετο</span> 
     </span>
    </p>
   </div>
   <div class='ocr_carea' id='block_1_38' title="bbox 352 3383 1934 3463">
    <p class='ocr_par' dir='ltr' id='par_1_38' title="bbox 352 3383 1934 3463">
     <span class='ocr_line' id='line_1_38' title="bbox 352 3383 1934 3463; baseline 0.006 -22"><span class='ocrx_word' id='word_1_261' title='bbox 352 3387 453 3442; x_wconf 79' lang='grc' dir='ltr'>καὶ</span> <span class='ocrx_word' id='word_1_262' title='bbox 495 3387 850 3454; x_wconf 81' lang='grc' dir='ltr'>ἐσκήνωσεν</span> <span class='ocrx_word' id='word_1_263' title='bbox 876 3390 947 3443; x_wconf 84' lang='grc' dir='ltr'>ἐν</span> <span class='ocrx_word' id='word_1_264' title='bbox 965 3391 1111 3460; x_wconf 75' lang='grc' dir='ltr'>ἡμῖν</span> <span class='ocrx_word' id='word_1_265' title='bbox 1140 3409 1153 3422; x_wconf 88' lang='grc'><strong>·</strong></span> <span class='ocrx_word' id='word_1_266' title='bbox 1187 3393 1236 3447; x_wconf 81' lang='grc' dir='ltr'>οἳ</span> <span class='ocrx_word' id='word_1_267' title='bbox 1261 3394 1354 3447; x_wconf 79' lang='grc' dir='ltr'><strong>καὶ</strong></span> <span class='ocrx_word' id='word_1_268' title='bbox 1379 3395 1459 3457; x_wconf 83' lang='grc' dir='ltr'><strong>είς</strong></span> <span class='ocrx_word' id='word_1_269' title='bbox 1484 3383 1656 3449; x_wconf 68' lang='grc' dir='ltr'>αἰῶνα</span> <span class='ocrx_word' id='word_1_270' title='bbox 1675 3396 1934 3463; x_wconf 82' lang='grc' dir='ltr'>ἀγαλλιά-</span> 
     </span>
    </p>
   </div>
   <div class='ocr_carea' id='block_1_39' title="bbox 354 3481 1928 3556">
    <p class='ocr_par' dir='ltr' id='par_1_39' title="bbox 354 3481 1928 3556">
     <span class='ocr_line' id='line_1_39' title="bbox 354 3481 1928 3556; baseline 0.006 -23"><span class='ocrx_word' id='word_1_271' title='bbox 354 3495 556 3548; x_wconf 87' lang='grc' dir='ltr'>σονται,</span> <span class='ocrx_word' id='word_1_272' title='bbox 591 3481 826 3553; x_wconf 85' lang='grc' dir='ltr'>ὁρῶντες</span> <span class='ocrx_word' id='word_1_273' title='bbox 853 3482 948 3537; x_wconf 88' lang='grc' dir='ltr'><strong>τοῦ</strong></span> <span class='ocrx_word' id='word_1_274' title='bbox 974 3485 1348 3556; x_wconf 85' lang='grc' dir='ltr'>σαρκωθέντος</span> <span class='ocrx_word' id='word_1_275' title='bbox 1372 3486 1544 3554; x_wconf 82' lang='grc' dir='ltr'>Λόγου</span> <span class='ocrx_word' id='word_1_276' title='bbox 1583 3487 1695 3556; x_wconf 82' lang='grc' dir='ltr'>τὴν</span> <span class='ocrx_word' id='word_1_277' title='bbox 1719 3487 1928 3554; x_wconf 79' lang='grc' dir='ltr'>δόξαν,</span> 
     </span>
    </p>
   </div>
   <div class='ocr_carea' id='block_1_40' title="bbox 350 3572 1933 3652">
    <p class='ocr_par' dir='ltr' id='par_1_40' title="bbox 350 3572 1933 3652">
     <span class='ocr_line' id='line_1_40' title="bbox 350 3572 1933 3652; baseline 0.006 -28"><span class='ocrx_word' id='word_1_278' title='bbox 350 3572 432 3637; x_wconf 85' lang='grc' dir='ltr'>ὡς</span> <span class='ocrx_word' id='word_1_279' title='bbox 475 3575 859 3644; x_wconf 81' lang='grc' dir='ltr'>Μονογενοῦς</span> <span class='ocrx_word' id='word_1_280' title='bbox 914 3577 1076 3644; x_wconf 83' lang='grc' dir='ltr'>παρὰ</span> <span class='ocrx_word' id='word_1_281' title='bbox 1131 3578 1383 3645; x_wconf 85' lang='grc' dir='ltr'>Πατρός,</span> <span class='ocrx_word' id='word_1_282' title='bbox 1423 3581 1660 3652; x_wconf 78' lang='grc' dir='ltr'>πλήρης</span> <span class='ocrx_word' id='word_1_283' title='bbox 1691 3581 1933 3652; x_wconf 87' lang='grc' dir='ltr'>χάριτος</span> 
     </span>
    </p>
   </div>
   <div class='ocr_carea' id='block_1_41' title="bbox 352 3666 1930 3742">
    <p class='ocr_par' dir='ltr' id='par_1_41' title="bbox 352 3666 1930 3742">
     <span class='ocr_line' id='line_1_41' title="bbox 352 3666 1930 3742; baseline 0.006 -24"><span class='ocrx_word' id='word_1_284' title='bbox 352 3666 449 3718; x_wconf 82' lang='grc' dir='ltr'>καὶ</span> <span class='ocrx_word' id='word_1_285' title='bbox 469 3666 752 3734; x_wconf 74' lang='grc' dir='ltr'>ἀληθείας</span> <span class='ocrx_word' id='word_1_286' title='bbox 804 3666 855 3720; x_wconf 78' lang='grc' dir='ltr'>οἵ</span> <span class='ocrx_word' id='word_1_287' title='bbox 883 3668 977 3720; x_wconf 85' lang='grc' dir='ltr'><strong>καί</strong></span> <span class='ocrx_word' id='word_1_288' title='bbox 996 3684 1158 3738; x_wconf 84' lang='grc' dir='ltr'>φασιν</span> <span class='ocrx_word' id='word_1_289' title='bbox 1183 3687 1195 3699; x_wconf 75' lang='grc'><strong>”</strong></span> <span class='ocrx_word' id='word_1_290' title='bbox 1215 3672 1285 3724; x_wconf 86' lang='lat' dir='ltr'><strong>El</strong></span> <span class='ocrx_word' id='word_1_291' title='bbox 1306 3670 1404 3725; x_wconf 78' lang='grc' dir='ltr'>καὶ</span> <span class='ocrx_word' id='word_1_292' title='bbox 1421 3671 1767 3742; x_wconf 75' lang='grc' dir='ltr'>ἐγνώκαμεν</span> <span class='ocrx_word' id='word_1_293' title='bbox 1778 3672 1930 3728; x_wconf 83' lang='grc' dir='ltr'>κατὰ</span> 
     </span>
    </p>
   </div>
   <div class='ocr_carea' id='block_1_42' title="bbox 350 3755 1932 3837">
    <p class='ocr_par' dir='ltr' id='par_1_42' title="bbox 350 3755 1932 3837">
     <span class='ocr_line' id='line_1_42' title="bbox 350 3755 1932 3837; baseline 0.006 -26"><span class='ocrx_word' id='word_1_294' title='bbox 350 3755 554 3825; x_wconf 82' lang='grc' dir='ltr'>σάρκα</span> <span class='ocrx_word' id='word_1_295' title='bbox 600 3759 877 3828; x_wconf 86' lang='grc' dir='ltr'>Χριστὸν,</span> <span class='ocrx_word' id='word_1_296' title='bbox 935 3760 1094 3814; x_wconf 82' lang='grc' dir='ltr'>ἀλλὰ</span> <span class='ocrx_word' id='word_1_297' title='bbox 1135 3761 1254 3816; x_wconf 82' lang='grc' dir='ltr'><strong>νῦν</strong></span> <span class='ocrx_word' id='word_1_298' title='bbox 1283 3763 1483 3818; x_wconf 85' lang='grc' dir='ltr'>οὐκέτι</span> <span class='ocrx_word' id='word_1_299' title='bbox 1532 3765 1932 3837; x_wconf 79' lang='grc' dir='ltr'>γινώσκομεν,</span> 
     </span>
    </p>
   </div>
   <div class='ocr_carea' id='block_1_43' title="bbox 352 3849 1931 3932">
    <p class='ocr_par' dir='ltr' id='par_1_43' title="bbox 352 3849 1931 3932">
     <span class='ocr_line' id='line_1_43' title="bbox 352 3849 1931 3932; baseline 0.008 -30"><span class='ocrx_word' id='word_1_300' title='bbox 352 3849 566 3920; x_wconf 82' lang='grc' dir='ltr'>ἔχοντες</span> <span class='ocrx_word' id='word_1_301' title='bbox 592 3850 823 3922; x_wconf 83' lang='grc' dir='ltr'>θεωρίαν</span> <span class='ocrx_word' id='word_1_302' title='bbox 853 3853 950 3924; x_wconf 84' lang='grc' dir='ltr'><strong>τῆς</strong></span> <span class='ocrx_word' id='word_1_303' title='bbox 979 3851 1136 3925; x_wconf 82' lang='grc' dir='ltr'>δόξης</span> <span class='ocrx_word' id='word_1_304' title='bbox 1150 3855 1336 3920; x_wconf 81' lang='grc' dir='ltr'>αὐτοῦ,</span> <span class='ocrx_word' id='word_1_305' title='bbox 1370 3856 1490 3910; x_wconf 88' lang='grc' dir='ltr'>καθ’</span> <span class='ocrx_word' id='word_1_306' title='bbox 1527 3859 1593 3929; x_wconf 78' lang='grc' dir='ltr'>ἢν</span> <span class='ocrx_word' id='word_1_307' title='bbox 1619 3859 1931 3932; x_wconf 83' lang='grc' dir='ltr'>Μονογενὴς</span> 
     </span>
    </p>
   </div>
   <div class='ocr_carea' id='block_1_44' title="bbox 350 3941 946 4013">
    <p class='ocr_par' dir='ltr' id='par_1_44' title="bbox 350 3941 946 4013">
     <span class='ocr_line' id='line_1_44' title="bbox 350 3941 946 4013; baseline 0.005 -19"><span class='ocrx_word' id='word_1_308' title='bbox 350 3941 503 4013; x_wconf 69' lang='grc' dir='ltr'>παρὰ</span> <span class='ocrx_word' id='word_1_309' title='bbox 537 3943 749 4013; x_wconf 87' lang='grc' dir='ltr'>Πατρός</span> <span class='ocrx_word' id='word_1_310' title='bbox 777 3944 946 3998; x_wconf 85' lang='grc' dir='ltr'>ἐστιν.</span> 
     </span>
    </p>
   </div>
   <div class='ocr_carea' id='block_1_45' title="bbox 420 4032 1929 4112">
    <p class='ocr_par' dir='ltr' id='par_1_45' title="bbox 420 4032 1929 4112">
     <span class='ocr_line' id='line_1_45' title="bbox 420 4032 1929 4112; baseline 0.009 -27"><span class='ocrx_word' id='word_1_311' title='bbox 420 4032 530 4093; x_wconf 79' lang='grc' dir='ltr'><strong>Καὶ</strong></span> <span class='ocrx_word' id='word_1_312' title='bbox 561 4032 970 4101; x_wconf 84' lang='grc' dir='ltr'>καυχήσονται</span> <span class='ocrx_word' id='word_1_313' title='bbox 993 4036 1063 4089; x_wconf 84' lang='grc' dir='ltr'><strong>ἐν</strong></span> <span class='ocrx_word' id='word_1_314' title='bbox 1086 4037 1256 4091; x_wconf 77' lang='grc' dir='ltr'>σοίόὶ</span> <span class='ocrx_word' id='word_1_315' title='bbox 1278 4037 1626 4108; x_wconf 76' lang='grc' dir='ltr'>ἀγαπῶντες</span> <span class='ocrx_word' id='word_1_316' title='bbox 1651 4041 1714 4095; x_wconf 89' lang='grc' dir='ltr'><strong>τὸ</strong></span> <span class='ocrx_word' id='word_1_317' title='bbox 1743 4042 1929 4112; x_wconf 79' lang='grc' dir='ltr'>ὄνομά</span> 
     </span>
    </p>
   </div>
   <div class='ocr_carea' id='block_1_46' title="bbox 345 4123 1921 4204">
    <p class='ocr_par' dir='ltr' id='par_1_46' title="bbox 345 4123 1921 4204">
     <span class='ocr_line' id='line_1_46' title="bbox 345 4123 1921 4204; baseline 0.006 -26"><span class='ocrx_word' id='word_1_318' title='bbox 345 4138 485 4186; x_wconf 89' lang='grc' dir='ltr'>σου,</span> <span class='ocrx_word' id='word_1_319' title='bbox 508 4123 594 4177; x_wconf 82' lang='grc' dir='ltr'>ὅτι</span> <span class='ocrx_word' id='word_1_320' title='bbox 609 4125 690 4176; x_wconf 87' lang='grc' dir='ltr'>σὺ</span> <span class='ocrx_word' id='word_1_321' title='bbox 711 4125 1069 4194; x_wconf 71' lang='grc' dir='ltr'>εὐλογήσας</span> <span class='ocrx_word' id='word_1_322' title='bbox 1094 4127 1327 4184; x_wconf 85' lang='grc' dir='ltr'>δίκαιον</span> <span class='ocrx_word' id='word_1_323' title='bbox 1347 4171 1360 4183; x_wconf 96' lang='grc'><strong>.</strong></span> <span class='ocrx_word' id='word_1_324' title='bbox 1395 4130 1575 4204; x_wconf 78' lang='grc' dir='ltr'>Οὔσης</span> <span class='ocrx_word' id='word_1_325' title='bbox 1603 4133 1762 4202; x_wconf 88' lang='grc' dir='ltr'>λόγου</span> <span class='ocrx_word' id='word_1_326' title='bbox 1782 4150 1921 4188; x_wconf 86' lang='grc' dir='ltr'>καυ-</span> 
     </span>
    </p>
   </div>
   <div class='ocr_carea' id='block_1_47' title="bbox 329 4208 1922 4290">
    <p class='ocr_par' dir='ltr' id='par_1_47' title="bbox 329 4208 1922 4290">
     <span class='ocr_line' id='line_1_47' title="bbox 329 4208 1922 4290; baseline 0.006 -24"><span class='ocrx_word' id='word_1_327' title='bbox 329 4213 728 4285; x_wconf 72' lang='grc' dir='ltr'>χήσεως,περὶ</span> <span class='ocrx_word' id='word_1_328' title='bbox 750 4208 818 4286; x_wconf 84' lang='grc' dir='ltr'>ἦς</span> <span class='ocrx_word' id='word_1_329' title='bbox 843 4216 871 4267; x_wconf 88' lang='grc' dir='ltr'>ὁ</span> <span class='ocrx_word' id='word_1_330' title='bbox 895 4214 1104 4280; x_wconf 87' lang='grc' dir='ltr'>Παῦλός</span> <span class='ocrx_word' id='word_1_331' title='bbox 1131 4235 1294 4290; x_wconf 84' lang='grc' dir='ltr'>φησιν</span> <span class='ocrx_word' id='word_1_332' title='bbox 1317 4236 1330 4249; x_wconf 82' lang='grc'>⁶</span> <span class='ocrx_word' id='word_1_333' title='bbox 1360 4220 1580 4289; x_wconf 81' lang='grc' dir='ltr'>Μηδεὶς</span> <span class='ocrx_word' id='word_1_334' title='bbox 1602 4221 1922 4290; x_wconf 83' lang='grc' dir='ltr'>καυχάσθω</span> 
     </span>
    </p>
   </div>
   <div class='ocr_carea' id='block_1_48' title="bbox 2045 347 3623 420">
    <p class='ocr_par' dir='ltr' id='par_1_48' title="bbox 2045 347 3623 420">
     <span class='ocr_line' id='line_1_48' title="bbox 2045 347 3623 420; baseline -0.002 -14"><span class='ocrx_word' id='word_1_335' title='bbox 2045 361 2194 418; x_wconf 87' lang='lat' dir='ltr'><strong>tant;</strong></span> <span class='ocrx_word' id='word_1_336' title='bbox 2221 353 2314 407; x_wconf 89' lang='lat' dir='ltr'><strong>sed</strong></span> <span class='ocrx_word' id='word_1_337' title='bbox 2338 352 2502 406; x_wconf 91' lang='lat' dir='ltr'><strong>etiam</strong></span> <span class='ocrx_word' id='word_1_338' title='bbox 2532 351 2623 404; x_wconf 85' lang='lat' dir='ltr'><strong>illa</strong></span> <span class='ocrx_word' id='word_1_339' title='bbox 2653 348 2957 420; x_wconf 78' lang='lat' dir='ltr'><strong>proferunt,</strong></span> <span class='ocrx_word' id='word_1_340' title='bbox 2992 347 3220 417; x_wconf 83' lang='lat' dir='ltr'><strong>aliisque</strong></span> <span class='ocrx_word' id='word_1_341' title='bbox 3248 363 3310 403; x_wconf 86' lang='lat' dir='ltr'><strong>ea</strong></span> <span class='ocrx_word' id='word_1_342' title='bbox 3346 349 3399 402; x_wconf 91' lang='lat' dir='ltr'><strong>in</strong></span> <span class='ocrx_word' id='word_1_343' title='bbox 3431 363 3491 402; x_wconf 92' lang='lat' dir='ltr'><strong>re</strong></span> <span class='ocrx_word' id='word_1_344' title='bbox 3520 348 3623 403; x_wconf 81' lang='lat' dir='ltr'><strong>ad-</strong></span> 
     </span>
    </p>
   </div>
   <div class='ocr_carea' id='block_1_49' title="bbox 2045 441 3618 513">
    <p class='ocr_par' dir='ltr' id='par_1_49' title="bbox 2045 441 3618 513">
     <span class='ocr_line' id='line_1_49' title="bbox 2045 441 3618 513; baseline -0.002 -13"><span class='ocrx_word' id='word_1_345' title='bbox 2045 446 2283 501; x_wconf 80' lang='lat' dir='ltr'><strong>ministri</strong></span> <span class='ocrx_word' id='word_1_346' title='bbox 2335 452 2463 502; x_wconf 89' lang='lat' dir='ltr'><strong>sunt</strong></span> <span class='ocrx_word' id='word_1_347' title='bbox 2496 464 2508 499; x_wconf 92' lang='lat'>:</span> <span class='ocrx_word' id='word_1_348' title='bbox 2546 441 2855 513; x_wconf 90' lang='lat' dir='ltr'><strong>cujusmodi</strong></span> <span class='ocrx_word' id='word_1_349' title='bbox 2906 449 3034 496; x_wconf 86' lang='lat' dir='ltr'><strong>sunt</strong></span> <span class='ocrx_word' id='word_1_350' title='bbox 3081 441 3224 496; x_wconf 88' lang='lat' dir='ltr'><strong>athei</strong></span> <span class='ocrx_word' id='word_1_351' title='bbox 3265 451 3318 496; x_wconf 90' lang='lat' dir='ltr'><strong>et</strong></span> <span class='ocrx_word' id='word_1_352' title='bbox 3357 441 3618 497; x_wconf 75' lang='lat' dir='ltr'><strong>haeretici.</strong></span> 
     </span>
    </p>
   </div>
   <div class='ocr_carea' id='block_1_50' title="bbox 2047 535 3624 611">
    <p class='ocr_par' dir='ltr' id='par_1_50' title="bbox 2047 535 3624 611">
     <span class='ocr_line' id='line_1_50' title="bbox 2047 535 3624 611; baseline -0.004 -18"><span class='ocrx_word' id='word_1_353' title='bbox 2047 539 2150 594; x_wconf 90' lang='lat' dir='ltr'><strong>Sed</strong></span> <span class='ocrx_word' id='word_1_354' title='bbox 2187 540 2307 611; x_wconf 84' lang='lat' dir='ltr'><strong>plus</strong></span> <span class='ocrx_word' id='word_1_355' title='bbox 2333 553 2496 608; x_wconf 88' lang='lat' dir='ltr'><strong>quam</strong></span> <span class='ocrx_word' id='word_1_356' title='bbox 2545 553 2640 592; x_wconf 87' lang='lat' dir='ltr'><strong>eos</strong></span> <span class='ocrx_word' id='word_1_357' title='bbox 2669 551 2880 598; x_wconf 82' lang='lat' dir='ltr'><strong>omnes,</strong></span> <span class='ocrx_word' id='word_1_358' title='bbox 2930 536 3097 589; x_wconf 81' lang='lat' dir='ltr'><strong>virum</strong></span> <span class='ocrx_word' id='word_1_359' title='bbox 3143 535 3459 605; x_wconf 87' lang='lat' dir='ltr'><strong>sanguinum</strong></span> <span class='ocrx_word' id='word_1_360' title='bbox 3491 535 3624 587; x_wconf 81' lang='lat' dir='ltr'><strong>abo-</strong></span> 
     </span>
    </p>
   </div>
   <div class='ocr_carea' id='block_1_51' title="bbox 2046 626 3626 698">
    <p class='ocr_par' dir='ltr' id='par_1_51' title="bbox 2046 626 3626 698">
     <span class='ocr_line' id='line_1_51' title="bbox 2046 626 3626 698; baseline -0.003 -13"><span class='ocrx_word' id='word_1_361' title='bbox 2046 633 2280 685; x_wconf 88' lang='lat' dir='ltr'><strong>minatur</strong></span> <span class='ocrx_word' id='word_1_362' title='bbox 2313 629 2586 694; x_wconf 81' lang='lat' dir='ltr'><strong>Dominus,</strong></span> <span class='ocrx_word' id='word_1_363' title='bbox 2653 643 2716 681; x_wconf 86' lang='lat' dir='ltr'><strong>ac</strong></span> <span class='ocrx_word' id='word_1_364' title='bbox 2742 627 2859 682; x_wconf 82' lang='lat' dir='ltr'><strong>viro</strong></span> <span class='ocrx_word' id='word_1_365' title='bbox 2899 627 3026 682; x_wconf 89' lang='lat' dir='ltr'><strong>item</strong></span> <span class='ocrx_word' id='word_1_366' title='bbox 3052 627 3241 683; x_wconf 89' lang='lat' dir='ltr'><strong>doloso</strong></span> <span class='ocrx_word' id='word_1_367' title='bbox 3280 643 3376 697; x_wconf 90' lang='lat' dir='ltr'><strong>par</strong></span> <span class='ocrx_word' id='word_1_368' title='bbox 3415 626 3626 698; x_wconf 77' lang='lat' dir='ltr'><strong>suppli-</strong></span> 
     </span>
    </p>
   </div>
   <div class='ocr_carea' id='block_1_52' title="bbox 2045 721 3620 780">
    <p class='ocr_par' dir='ltr' id='par_1_52' title="bbox 2045 721 3620 780">
     <span class='ocr_line' id='line_1_52' title="bbox 2045 721 3620 780; baseline -0.002 -2"><span class='ocrx_word' id='word_1_369' title='bbox 2045 727 2187 780; x_wconf 74' lang='lat' dir='ltr'><strong>rium</strong></span> <span class='ocrx_word' id='word_1_370' title='bbox 2217 723 2473 779; x_wconf 81' lang='lat' dir='ltr'><strong>destinat.</strong></span> <span class='ocrx_word' id='word_1_371' title='bbox 2494 721 2838 776; x_wconf 78' lang='lat' dir='ltr'><strong>Abominatio</strong></span> <span class='ocrx_word' id='word_1_372' title='bbox 2872 729 3051 775; x_wconf 87' lang='lat' dir='ltr'><strong>autem</strong></span> <span class='ocrx_word' id='word_1_373' title='bbox 3087 730 3382 777; x_wconf 81' lang='lat' dir='ltr'><strong>extremam</strong></span> <span class='ocrx_word' id='word_1_374' title='bbox 3417 721 3620 777; x_wconf 69' lang='lat' dir='ltr'><strong>abomi~</strong></span> 
     </span>
    </p>
   </div>
   <div class='ocr_carea' id='block_1_53' title="bbox 2043 814 3622 886">
    <p class='ocr_par' dir='ltr' id='par_1_53' title="bbox 2043 814 3622 886">
     <span class='ocr_line' id='line_1_53' title="bbox 2043 814 3622 886; baseline 0 -14"><span class='ocrx_word' id='word_1_375' title='bbox 2043 818 2224 872; x_wconf 81' lang='lat' dir='ltr'><strong>nantis</strong></span> <span class='ocrx_word' id='word_1_376' title='bbox 2262 817 2314 870; x_wconf 91' lang='lat' dir='ltr'><strong>in</strong></span> <span class='ocrx_word' id='word_1_377' title='bbox 2344 816 2712 870; x_wconf 88' lang='lat' dir='ltr'><strong>abominatum</strong></span> <span class='ocrx_word' id='word_1_378' title='bbox 2742 814 3102 882; x_wconf 78' lang='lat' dir='ltr'><strong>aversionem,</strong></span> <span class='ocrx_word' id='word_1_379' title='bbox 3133 822 3318 886; x_wconf 89' lang='lat' dir='ltr'><strong>utpote</strong></span> <span class='ocrx_word' id='word_1_380' title='bbox 3343 815 3397 870; x_wconf 91' lang='lat' dir='ltr'><strong>in</strong></span> <span class='ocrx_word' id='word_1_381' title='bbox 3432 814 3622 872; x_wconf 62' lang='lat' dir='ltr'><strong>foedis-</strong></span> 
     </span>
    </p>
   </div>
   <div class='ocr_carea' id='block_1_54' title="bbox 2044 905 2763 976">
    <p class='ocr_par' dir='ltr' id='par_1_54' title="bbox 2044 905 2763 976">
     <span class='ocr_line' id='line_1_54' title="bbox 2044 905 2763 976; baseline -0.006 -14"><span class='ocrx_word' id='word_1_382' title='bbox 2044 907 2183 962; x_wconf 90' lang='lat' dir='ltr'><strong>simo</strong></span> <span class='ocrx_word' id='word_1_383' title='bbox 2215 906 2439 968; x_wconf 86' lang='lat' dir='ltr'><strong>scelere,</strong></span> <span class='ocrx_word' id='word_1_384' title='bbox 2475 905 2763 976; x_wconf 81' lang='lat' dir='ltr'><strong>signiﬁcat.</strong></span> 
     </span>
    </p>
   </div>
   <div class='ocr_carea' id='block_1_55' title="bbox 2116 997 3619 1064">
    <p class='ocr_par' dir='ltr' id='par_1_55' title="bbox 2116 997 3619 1064">
     <span class='ocr_line' id='line_1_55' title="bbox 2116 997 3619 1064; baseline 0.003 -13"><span class='ocrx_word' id='word_1_385' title='bbox 2116 999 2283 1053; x_wconf 72' lang='lat' dir='ltr'><strong>Vens.</strong></span> <span class='ocrx_word' id='word_1_386' title='bbox 2357 997 2414 1052; x_wconf 90' lang='lat'><strong>9.</strong></span> <span class='ocrx_word' id='word_1_387' title='bbox 2454 997 2714 1061; x_wconf 79' lang='lat' dir='ltr'><strong>Domine,</strong></span> <span class='ocrx_word' id='word_1_388' title='bbox 2768 997 2934 1053; x_wconf 82' lang='lat' dir='ltr'><strong>deduc</strong></span> <span class='ocrx_word' id='word_1_389' title='bbox 2964 1015 3043 1053; x_wconf 89' lang='lat' dir='ltr'><strong>me</strong></span> <span class='ocrx_word' id='word_1_390' title='bbox 3095 1000 3151 1053; x_wconf 90' lang='lat' dir='ltr'><strong>in</strong></span> <span class='ocrx_word' id='word_1_391' title='bbox 3207 999 3414 1064; x_wconf 79' lang='lat' dir='ltr'><strong>iustitia</strong></span> <span class='ocrx_word' id='word_1_392' title='bbox 3471 1009 3563 1055; x_wconf 86' lang='lat' dir='ltr'><strong>tua</strong></span> <span class='ocrx_word' id='word_1_393' title='bbox 3599 1016 3619 1056; x_wconf 87' lang='lat'><strong><em>:</em></strong></span> 
     </span>
    </p>
   </div>
   <div class='ocr_carea' id='block_1_56' title="bbox 2039 1090 3620 1162">
    <p class='ocr_par' dir='ltr' id='par_1_56' title="bbox 2039 1090 3620 1162">
     <span class='ocr_line' id='line_1_56' title="bbox 2039 1090 3620 1162; baseline 0.002 -18"><span class='ocrx_word' id='word_1_394' title='bbox 2039 1101 2249 1160; x_wconf 84' lang='lat' dir='ltr'><strong>propter</strong></span> <span class='ocrx_word' id='word_1_395' title='bbox 2287 1092 2528 1148; x_wconf 82' lang='lat' dir='ltr'><strong>inimicos</strong></span> <span class='ocrx_word' id='word_1_396' title='bbox 2559 1107 2698 1145; x_wconf 87' lang='lat' dir='ltr'><strong>meos</strong></span> <span class='ocrx_word' id='word_1_397' title='bbox 2728 1090 2896 1161; x_wconf 81' lang='lat' dir='ltr'><strong>dirige</strong></span> <span class='ocrx_word' id='word_1_398' title='bbox 2931 1093 2986 1145; x_wconf 93' lang='lat' dir='ltr'><strong>in</strong></span> <span class='ocrx_word' id='word_1_399' title='bbox 3029 1102 3304 1162; x_wconf 86' lang='lat' dir='ltr'><strong>conspectu</strong></span> <span class='ocrx_word' id='word_1_400' title='bbox 3350 1103 3438 1147; x_wconf 87' lang='lat' dir='ltr'><strong>tuo</strong></span> <span class='ocrx_word' id='word_1_401' title='bbox 3479 1099 3620 1148; x_wconf 83' lang='lat' dir='ltr'><strong>viam</strong></span> 
     </span>
    </p>
   </div>
   <div class='ocr_carea' id='block_1_57' title="bbox 2043 1184 3620 1257">
    <p class='ocr_par' dir='ltr' id='par_1_57' title="bbox 2043 1184 3620 1257">
     <span class='ocr_line' id='line_1_57' title="bbox 2043 1184 3620 1257; baseline 0.002 -20"><span class='ocrx_word' id='word_1_402' title='bbox 2043 1203 2232 1239; x_wconf 86' lang='lat' dir='ltr'><strong>meam.</strong></span> <span class='ocrx_word' id='word_1_403' title='bbox 2267 1185 2523 1240; x_wconf 84' lang='lat' dir='ltr'><strong>Christus</strong></span> <span class='ocrx_word' id='word_1_404' title='bbox 2554 1199 2686 1238; x_wconf 88' lang='lat' dir='ltr'><strong>sane</strong></span> <span class='ocrx_word' id='word_1_405' title='bbox 2711 1184 2924 1253; x_wconf 88' lang='lat' dir='ltr'><strong>justitia</strong></span> <span class='ocrx_word' id='word_1_406' title='bbox 2950 1195 3066 1249; x_wconf 91' lang='lat' dir='ltr'><strong>est;</strong></span> <span class='ocrx_word' id='word_1_407' title='bbox 3109 1185 3224 1255; x_wconf 91' lang='lat' dir='ltr'><strong>ipse</strong></span> <span class='ocrx_word' id='word_1_408' title='bbox 3254 1201 3488 1257; x_wconf 84' lang='lat' dir='ltr'><strong>namque</strong></span> <span class='ocrx_word' id='word_1_409' title='bbox 3521 1205 3620 1240; x_wconf 85' lang='lat' dir='ltr'><strong>no-</strong></span> 
     </span>
    </p>
   </div>
   <div class='ocr_carea' id='block_1_58' title="bbox 2043 1277 3620 1350">
    <p class='ocr_par' dir='ltr' id='par_1_58' title="bbox 2043 1277 3620 1350">
     <span class='ocr_line' id='line_1_58' title="bbox 2043 1277 3620 1350; baseline 0.003 -18"><span class='ocrx_word' id='word_1_410' title='bbox 2043 1278 2125 1333; x_wconf 81' lang='lat' dir='ltr'><strong>bis</strong></span> <span class='ocrx_word' id='word_1_411' title='bbox 2153 1293 2181 1330; x_wconf 87' lang='lat' dir='ltr'><strong>a</strong></span> <span class='ocrx_word' id='word_1_412' title='bbox 2205 1277 2314 1333; x_wconf 88' lang='lat' dir='ltr'><strong>Deo</strong></span> <span class='ocrx_word' id='word_1_413' title='bbox 2344 1278 2521 1332; x_wconf 82' lang='lat' dir='ltr'><strong>factus</strong></span> <span class='ocrx_word' id='word_1_414' title='bbox 2549 1287 2634 1333; x_wconf 89' lang='lat' dir='ltr'><strong>est</strong></span> <span class='ocrx_word' id='word_1_415' title='bbox 2665 1278 2953 1350; x_wconf 86' lang='lat' dir='ltr'><strong>sapientia,</strong></span> <span class='ocrx_word' id='word_1_416' title='bbox 2981 1278 3193 1347; x_wconf 88' lang='lat' dir='ltr'><strong>justitia</strong></span> <span class='ocrx_word' id='word_1_417' title='bbox 3228 1279 3378 1346; x_wconf 88' lang='lat' dir='ltr'><strong>item,</strong></span> <span class='ocrx_word' id='word_1_418' title='bbox 3411 1283 3620 1336; x_wconf 90' lang='lat' dir='ltr'><strong>sancti-</strong></span> 
     </span>
    </p>
   </div>
   <div class='ocr_carea' id='block_1_59' title="bbox 2043 1368 2657 1439">
    <p class='ocr_par' dir='ltr' id='par_1_59' title="bbox 2043 1368 2657 1439">
     <span class='ocr_line' id='line_1_59' title="bbox 2043 1368 2657 1439; baseline 0.003 -17"><span class='ocrx_word' id='word_1_419' title='bbox 2043 1368 2221 1423; x_wconf 83' lang='lat' dir='ltr'><strong>ﬁcatio</strong></span> <span class='ocrx_word' id='word_1_420' title='bbox 2254 1378 2306 1424; x_wconf 90' lang='lat' dir='ltr'><strong>et</strong></span> <span class='ocrx_word' id='word_1_421' title='bbox 2339 1369 2657 1439; x_wconf 84' lang='lat' dir='ltr'><strong>redemptio.</strong></span> 
     </span>
    </p>
   </div>
   <div class='ocr_carea' id='block_1_60' title="bbox 2110 1461 3618 1528">
    <p class='ocr_par' dir='ltr' id='par_1_60' title="bbox 2110 1461 3618 1528">
     <span class='ocr_line' id='line_1_60' title="bbox 2110 1461 3618 1528; baseline 0.004 -14"><span class='ocrx_word' id='word_1_422' title='bbox 2110 1461 2273 1516; x_wconf 74' lang='lat' dir='ltr'><strong>Vens.</strong></span> <span class='ocrx_word' id='word_1_423' title='bbox 2337 1461 2426 1526; x_wconf 87' lang='grc'><strong>10,</strong></span> <span class='ocrx_word' id='word_1_424' title='bbox 2486 1463 2571 1518; x_wconf 90' lang='grc'><strong>11.</strong></span> <span class='ocrx_word' id='word_1_425' title='bbox 2638 1461 2898 1528; x_wconf 84' lang='lat' dir='ltr'><strong>Quoniam</strong></span> <span class='ocrx_word' id='word_1_426' title='bbox 2961 1480 3065 1518; x_wconf 88' lang='lat' dir='ltr'><strong>non</strong></span> <span class='ocrx_word' id='word_1_427' title='bbox 3121 1465 3279 1518; x_wconf 81' lang='lat' dir='ltr'><strong>estin</strong></span> <span class='ocrx_word' id='word_1_428' title='bbox 3315 1482 3400 1519; x_wconf 89' lang='lat' dir='ltr'><strong>ore</strong></span> <span class='ocrx_word' id='word_1_429' title='bbox 3435 1483 3618 1520; x_wconf 87' lang='lat' dir='ltr'><strong>eorum</strong></span> 
     </span>
    </p>
   </div>
   <div class='ocr_carea' id='block_1_61' title="bbox 2042 1549 3620 1622">
    <p class='ocr_par' dir='ltr' id='par_1_61' title="bbox 2042 1549 3620 1622">
     <span class='ocr_line' id='line_1_61' title="bbox 2042 1549 3620 1622; baseline 0.001 -18"><span class='ocrx_word' id='word_1_430' title='bbox 2042 1551 2250 1616; x_wconf 66' lang='lat' dir='ltr'><strong>veritas,</strong></span> <span class='ocrx_word' id='word_1_431' title='bbox 2270 1568 2361 1604; x_wconf 86' lang='lat' dir='ltr'><strong>cor</strong></span> <span class='ocrx_word' id='word_1_432' title='bbox 2389 1567 2570 1605; x_wconf 90' lang='lat' dir='ltr'><strong>eorum</strong></span> <span class='ocrx_word' id='word_1_433' title='bbox 2605 1568 2792 1604; x_wconf 89' lang='lat' dir='ltr'><strong>vanum</strong></span> <span class='ocrx_word' id='word_1_434' title='bbox 2813 1563 2912 1609; x_wconf 88' lang='lat' dir='ltr'><strong>est.</strong></span> <span class='ocrx_word' id='word_1_435' title='bbox 2931 1549 3146 1605; x_wconf 89' lang='lat' dir='ltr'><strong>Vanum</strong></span> <span class='ocrx_word' id='word_1_436' title='bbox 3176 1567 3392 1622; x_wconf 89' lang='lat' dir='ltr'><strong>quoque</strong></span> <span class='ocrx_word' id='word_1_437' title='bbox 3420 1560 3504 1608; x_wconf 88' lang='lat' dir='ltr'><strong>est</strong></span> <span class='ocrx_word' id='word_1_438' title='bbox 3525 1568 3620 1607; x_wconf 93' lang='lat' dir='ltr'><strong>cor</strong></span> 
     </span>
    </p>
   </div>
   <div class='ocr_carea' id='block_1_62' title="bbox 2040 1643 3619 1715">
    <p class='ocr_par' dir='ltr' id='par_1_62' title="bbox 2040 1643 3619 1715">
     <span class='ocr_line' id='line_1_62' title="bbox 2040 1643 3619 1715; baseline 0.001 -17"><span class='ocrx_word' id='word_1_439' title='bbox 2040 1644 2374 1699; x_wconf 82' lang='lat' dir='ltr'><strong>exoticorum</strong></span> <span class='ocrx_word' id='word_1_440' title='bbox 2404 1643 2873 1714; x_wconf 84' lang='lat' dir='ltr'><strong>philosophorum,</strong></span> <span class='ocrx_word' id='word_1_441' title='bbox 2901 1643 2967 1698; x_wconf 91' lang='lat' dir='ltr'><strong>de</strong></span> <span class='ocrx_word' id='word_1_442' title='bbox 2985 1644 3421 1715; x_wconf 82' lang='lat' dir='ltr'><strong>quibusdicitur</strong></span> <span class='ocrx_word' id='word_1_443' title='bbox 3456 1665 3470 1699; x_wconf 85' lang='lat'><strong>:</strong></span> <span class='ocrx_word' id='word_1_444' title='bbox 3508 1645 3619 1699; x_wconf 85' lang='lat' dir='ltr'><strong>Do-</strong></span> 
     </span>
    </p>
   </div>
   <div class='ocr_carea' id='block_1_63' title="bbox 2040 1736 3619 1808">
    <p class='ocr_par' dir='ltr' id='par_1_63' title="bbox 2040 1736 3619 1808">
     <span class='ocr_line' id='line_1_63' title="bbox 2040 1736 3619 1808; baseline 0.003 -20"><span class='ocrx_word' id='word_1_445' title='bbox 2040 1737 2210 1789; x_wconf 82' lang='lat' dir='ltr'><strong>minus</strong></span> <span class='ocrx_word' id='word_1_446' title='bbox 2263 1736 2404 1790; x_wconf 83' lang='lat' dir='ltr'><strong>nouit</strong></span> <span class='ocrx_word' id='word_1_447' title='bbox 2457 1737 2798 1806; x_wconf 80' lang='lat' dir='ltr'><strong>cogitationes</strong></span> <span class='ocrx_word' id='word_1_448' title='bbox 2831 1737 3148 1805; x_wconf 81' lang='lat' dir='ltr'><strong>sapientum,</strong></span> <span class='ocrx_word' id='word_1_449' title='bbox 3195 1739 3443 1808; x_wconf 84' lang='lat' dir='ltr'><strong>quoniam</strong></span> <span class='ocrx_word' id='word_1_450' title='bbox 3472 1755 3619 1794; x_wconf 71' lang='lat' dir='ltr'><strong>vanae</strong></span> 
     </span>
    </p>
   </div>
   <div class='ocr_carea' id='block_1_64' title="bbox 2041 1828 3615 1900">
    <p class='ocr_par' dir='ltr' id='par_1_64' title="bbox 2041 1828 3615 1900">
     <span class='ocr_line' id='line_1_64' title="bbox 2041 1828 3615 1900; baseline 0.003 -20"><span class='ocrx_word' id='word_1_451' title='bbox 2041 1837 2160 1881; x_wconf 88' lang='lat' dir='ltr'><strong>sunt</strong></span> <span class='ocrx_word' id='word_1_452' title='bbox 2189 1828 2236 1860; x_wconf 81' lang='lat'><strong>&quot;</strong></span> <span class='ocrx_word' id='word_1_453' title='bbox 2262 1847 2275 1881; x_wconf 90' lang='lat'><strong>:</strong></span> <span class='ocrx_word' id='word_1_454' title='bbox 2318 1843 2550 1899; x_wconf 89' lang='lat' dir='ltr'><strong>quorum</strong></span> <span class='ocrx_word' id='word_1_455' title='bbox 2581 1836 2766 1898; x_wconf 78' lang='lat' dir='ltr'><strong>guttur</strong></span> <span class='ocrx_word' id='word_1_456' title='bbox 2796 1828 3074 1884; x_wconf 83' lang='lat' dir='ltr'><strong>mortifera</strong></span> <span class='ocrx_word' id='word_1_457' title='bbox 3095 1830 3313 1886; x_wconf 79' lang='lat' dir='ltr'><strong>exhalat</strong></span> <span class='ocrx_word' id='word_1_458' title='bbox 3340 1829 3615 1900; x_wconf 83' lang='lat' dir='ltr'><strong>dogmata,</strong></span> 
     </span>
    </p>
   </div>
   <div class='ocr_carea' id='block_1_65' title="bbox 2039 1918 3617 1984">
    <p class='ocr_par' dir='ltr' id='par_1_65' title="bbox 2039 1918 3617 1984">
     <span class='ocr_line' id='line_1_65' title="bbox 2039 1918 3617 1984; baseline 0.004 -12"><span class='ocrx_word' id='word_1_459' title='bbox 2039 1933 2162 1972; x_wconf 90' lang='lat' dir='ltr'><strong>cum</strong></span> <span class='ocrx_word' id='word_1_460' title='bbox 2211 1933 2320 1972; x_wconf 92' lang='lat' dir='ltr'><strong>non</strong></span> <span class='ocrx_word' id='word_1_461' title='bbox 2362 1918 2633 1974; x_wconf 84' lang='lat' dir='ltr'><strong>viviticum</strong></span> <span class='ocrx_word' id='word_1_462' title='bbox 2666 1918 2762 1974; x_wconf 86' lang='lat' dir='ltr'><strong>Dei</strong></span> <span class='ocrx_word' id='word_1_463' title='bbox 2811 1921 3036 1975; x_wconf 80' lang='lat' dir='ltr'><strong>verbum</strong></span> <span class='ocrx_word' id='word_1_464' title='bbox 3068 1920 3296 1984; x_wconf 87' lang='lat' dir='ltr'><strong>doceat,</strong></span> <span class='ocrx_word' id='word_1_465' title='bbox 3329 1922 3421 1977; x_wconf 89' lang='lat' dir='ltr'><strong>sed</strong></span> <span class='ocrx_word' id='word_1_466' title='bbox 3463 1938 3617 1978; x_wconf 88' lang='lat' dir='ltr'><strong>men-</strong></span> 
     </span>
    </p>
   </div>
   <div class='ocr_carea' id='block_1_66' title="bbox 2039 2011 3610 2082">
    <p class='ocr_par' dir='ltr' id='par_1_66' title="bbox 2039 2011 3610 2082">
     <span class='ocr_line' id='line_1_66' title="bbox 2039 2011 3610 2082; baseline 0.002 -17"><span class='ocrx_word' id='word_1_467' title='bbox 2039 2011 2193 2066; x_wconf 89' lang='lat' dir='ltr'><strong>dacia</strong></span> <span class='ocrx_word' id='word_1_468' title='bbox 2221 2018 2274 2066; x_wconf 89' lang='lat' dir='ltr'><strong>et</strong></span> <span class='ocrx_word' id='word_1_469' title='bbox 2307 2019 2522 2067; x_wconf 87' lang='lat' dir='ltr'><strong>mortua</strong></span> <span class='ocrx_word' id='word_1_470' title='bbox 2550 2011 2794 2082; x_wconf 78' lang='lat' dir='ltr'><strong>proferat</strong></span> <span class='ocrx_word' id='word_1_471' title='bbox 2822 2013 3010 2068; x_wconf 80' lang='lat' dir='ltr'><strong>verba.</strong></span> <span class='ocrx_word' id='word_1_472' title='bbox 3047 2012 3243 2068; x_wconf 84' lang='lat' dir='ltr'><strong>Judica</strong></span> <span class='ocrx_word' id='word_1_473' title='bbox 3277 2014 3421 2077; x_wconf 87' lang='lat' dir='ltr'><strong>illos,</strong></span> <span class='ocrx_word' id='word_1_474' title='bbox 3453 2013 3610 2077; x_wconf 90' lang='lat' dir='ltr'><strong>Deus,</strong></span> 
     </span>
    </p>
   </div>
   <div class='ocr_carea' id='block_1_67' title="bbox 2038 2105 3613 2179">
    <p class='ocr_par' dir='ltr' id='par_1_67' title="bbox 2038 2105 3613 2179">
     <span class='ocr_line' id='line_1_67' title="bbox 2038 2105 3613 2179; baseline 0.003 -21"><span class='ocrx_word' id='word_1_475' title='bbox 2038 2105 2132 2174; x_wconf 88' lang='lat' dir='ltr'><strong>qui</strong></span> <span class='ocrx_word' id='word_1_476' title='bbox 2184 2121 2317 2160; x_wconf 69' lang='lat' dir='ltr'><strong>mea:</strong></span> <span class='ocrx_word' id='word_1_477' title='bbox 2345 2105 2412 2161; x_wconf 91' lang='lat' dir='ltr'><strong>de</strong></span> <span class='ocrx_word' id='word_1_478' title='bbox 2453 2105 2638 2160; x_wconf 80' lang='lat' dir='ltr'><strong>futura</strong></span> <span class='ocrx_word' id='word_1_479' title='bbox 2691 2106 3008 2163; x_wconf 71' lang='lat' dir='ltr'><strong>haereditate</strong></span> <span class='ocrx_word' id='word_1_480' title='bbox 3069 2107 3183 2179; x_wconf 88' lang='lat' dir='ltr'><strong>spei</strong></span> <span class='ocrx_word' id='word_1_481' title='bbox 3233 2108 3613 2163; x_wconf 87' lang='lat' dir='ltr'><strong>insidiantur:</strong></span> 
     </span>
    </p>
   </div>
   <div class='ocr_carea' id='block_1_68' title="bbox 2039 2198 3617 2272">
    <p class='ocr_par' dir='ltr' id='par_1_68' title="bbox 2039 2198 3617 2272">
     <span class='ocr_line' id='line_1_68' title="bbox 2039 2198 3617 2272; baseline 0.003 -21"><span class='ocrx_word' id='word_1_482' title='bbox 2039 2212 2165 2252; x_wconf 89' lang='lat' dir='ltr'><strong>nam</strong></span> <span class='ocrx_word' id='word_1_483' title='bbox 2200 2198 2234 2252; x_wconf 93' lang='lat' dir='ltr'><strong>ii</strong></span> <span class='ocrx_word' id='word_1_484' title='bbox 2267 2205 2318 2255; x_wconf 88' lang='lat' dir='ltr'><strong>te</strong></span> <span class='ocrx_word' id='word_1_485' title='bbox 2343 2215 2555 2256; x_wconf 88' lang='lat' dir='ltr'><strong>summe</strong></span> <span class='ocrx_word' id='word_1_486' title='bbox 2581 2200 2818 2255; x_wconf 85' lang='lat' dir='ltr'><strong>irritant.</strong></span> <span class='ocrx_word' id='word_1_487' title='bbox 2847 2199 3069 2266; x_wconf 84' lang='lat' dir='ltr'><strong>Judica,</strong></span> <span class='ocrx_word' id='word_1_488' title='bbox 3112 2209 3164 2256; x_wconf 89' lang='lat' dir='ltr'><strong>te</strong></span> <span class='ocrx_word' id='word_1_489' title='bbox 3202 2217 3440 2272; x_wconf 90' lang='lat' dir='ltr'><strong>namque</strong></span> <span class='ocrx_word' id='word_1_490' title='bbox 3469 2202 3617 2257; x_wconf 58' lang='lat' dir='ltr'><strong>salu-</strong></span> 
     </span>
    </p>
   </div>
   <div class='ocr_carea' id='block_1_69' title="bbox 2039 2296 3615 2368">
    <p class='ocr_par' dir='ltr' id='par_1_69' title="bbox 2039 2296 3615 2368">
     <span class='ocr_line' id='line_1_69' title="bbox 2039 2296 3615 2368; baseline 0.005 -23"><span class='ocrx_word' id='word_1_491' title='bbox 2039 2297 2146 2346; x_wconf 89' lang='lat' dir='ltr'><strong>tem</strong></span> <span class='ocrx_word' id='word_1_492' title='bbox 2176 2301 2419 2349; x_wconf 89' lang='lat' dir='ltr'><strong>nostram</strong></span> <span class='ocrx_word' id='word_1_493' title='bbox 2450 2304 2800 2365; x_wconf 83' lang='lat' dir='ltr'><strong>procurante,</strong></span> <span class='ocrx_word' id='word_1_494' title='bbox 2827 2296 3148 2352; x_wconf 91' lang='lat' dir='ltr'><strong>insidiosum</strong></span> <span class='ocrx_word' id='word_1_495' title='bbox 3171 2297 3248 2352; x_wconf 92' lang='lat' dir='ltr'><strong>illi</strong></span> <span class='ocrx_word' id='word_1_496' title='bbox 3280 2297 3480 2352; x_wconf 90' lang='lat' dir='ltr'><strong>bellum</strong></span> <span class='ocrx_word' id='word_1_497' title='bbox 3517 2316 3615 2368; x_wconf 78' lang='lat' dir='ltr'><strong>pa-</strong></span> 
     </span>
    </p>
   </div>
   <div class='ocr_carea' id='block_1_70' title="bbox 2037 2383 3617 2458">
    <p class='ocr_par' dir='ltr' id='par_1_70' title="bbox 2037 2383 3617 2458">
     <span class='ocr_line' id='line_1_70' title="bbox 2037 2383 3617 2458; baseline 0.004 -21"><span class='ocrx_word' id='word_1_498' title='bbox 2037 2394 2180 2439; x_wconf 89' lang='lat' dir='ltr'><strong>rant.</strong></span> <span class='ocrx_word' id='word_1_499' title='bbox 2205 2383 2459 2455; x_wconf 87' lang='lat' dir='ltr'><strong>Peroptat</strong></span> <span class='ocrx_word' id='word_1_500' title='bbox 2494 2387 2660 2441; x_wconf 89' lang='lat' dir='ltr'><strong>etiam</strong></span> <span class='ocrx_word' id='word_1_501' title='bbox 2693 2386 2959 2442; x_wconf 85' lang='lat' dir='ltr'><strong>Dominus</strong></span> <span class='ocrx_word' id='word_1_502' title='bbox 2997 2388 3144 2458; x_wconf 90' lang='lat' dir='ltr'><strong>ipsos</strong></span> <span class='ocrx_word' id='word_1_503' title='bbox 3169 2389 3253 2446; x_wconf 75' lang='lat' dir='ltr'><strong>vel</strong></span> <span class='ocrx_word' id='word_1_504' title='bbox 3273 2388 3384 2452; x_wconf 84' lang='lat' dir='ltr'><strong>jam</strong></span> <span class='ocrx_word' id='word_1_505' title='bbox 3402 2389 3617 2457; x_wconf 83' lang='lat' dir='ltr'><strong>judica-</strong></span> 
     </span>
    </p>
   </div>
   <div class='ocr_carea' id='block_1_71' title="bbox 2039 2475 3615 2552">
    <p class='ocr_par' dir='ltr' id='par_1_71' title="bbox 2039 2475 3615 2552">
     <span class='ocr_line' id='line_1_71' title="bbox 2039 2475 3615 2552; baseline 0.004 -22"><span class='ocrx_word' id='word_1_506' title='bbox 2039 2485 2119 2531; x_wconf 91' lang='lat' dir='ltr'><strong>tos</strong></span> <span class='ocrx_word' id='word_1_507' title='bbox 2149 2475 2276 2532; x_wconf 87' lang='lat' dir='ltr'><strong>inde</strong></span> <span class='ocrx_word' id='word_1_508' title='bbox 2299 2477 2500 2547; x_wconf 86' lang='lat' dir='ltr'><strong>juvari,</strong></span> <span class='ocrx_word' id='word_1_509' title='bbox 2522 2479 2569 2532; x_wconf 90' lang='lat' dir='ltr'><strong>si</strong></span> <span class='ocrx_word' id='word_1_510' title='bbox 2594 2479 2812 2548; x_wconf 88' lang='lat' dir='ltr'><strong>quidem</strong></span> <span class='ocrx_word' id='word_1_511' title='bbox 2843 2494 2874 2534; x_wconf 87' lang='lat' dir='ltr'><strong>a</strong></span> <span class='ocrx_word' id='word_1_512' title='bbox 2898 2480 3246 2537; x_wconf 87' lang='lat' dir='ltr'><strong>multitudine</strong></span> <span class='ocrx_word' id='word_1_513' title='bbox 3278 2482 3615 2552; x_wconf 89' lang='lat' dir='ltr'><strong>impietatum</strong></span> 
     </span>
    </p>
   </div>
   <div class='ocr_carea' id='block_1_72' title="bbox 2037 2566 2355 2624">
    <p class='ocr_par' dir='ltr' id='par_1_72' title="bbox 2037 2566 2355 2624">
     <span class='ocr_line' id='line_1_72' title="bbox 2037 2566 2355 2624; baseline 0.009 -4"><span class='ocrx_word' id='word_1_514' title='bbox 2037 2566 2355 2624; x_wconf 85' lang='lat' dir='ltr'><strong>abscedant.</strong></span> 
     </span>
    </p>
   </div>
   <div class='ocr_carea' id='block_1_73' title="bbox 2108 2657 3615 2732">
    <p class='ocr_par' dir='ltr' id='par_1_73' title="bbox 2108 2657 3615 2732">
     <span class='ocr_line' id='line_1_73' title="bbox 2108 2657 3615 2732; baseline 0.005 -20"><span class='ocrx_word' id='word_1_515' title='bbox 2108 2657 2274 2715; x_wconf 74' lang='lat' dir='ltr'><strong>Vens.</strong></span> <span class='ocrx_word' id='word_1_516' title='bbox 2310 2659 2409 2715; x_wconf 76' lang='grc'><strong>12.</strong></span> <span class='ocrx_word' id='word_1_517' title='bbox 2437 2659 2503 2714; x_wconf 85' lang='lat' dir='ltr'><strong>Et</strong></span> <span class='ocrx_word' id='word_1_518' title='bbox 2528 2660 2773 2715; x_wconf 62' lang='lat' dir='ltr'><strong>laetentur</strong></span> <span class='ocrx_word' id='word_1_519' title='bbox 2805 2677 2984 2716; x_wconf 84' lang='lat' dir='ltr'><strong>omnes</strong></span> <span class='ocrx_word' id='word_1_520' title='bbox 3013 2663 3104 2732; x_wconf 86' lang='lat' dir='ltr'><strong>qui</strong></span> <span class='ocrx_word' id='word_1_521' title='bbox 3137 2672 3350 2732; x_wconf 84' lang='lat' dir='ltr'><strong>sperant</strong></span> <span class='ocrx_word' id='word_1_522' title='bbox 3371 2662 3425 2717; x_wconf 89' lang='lat' dir='ltr'><strong>in</strong></span> <span class='ocrx_word' id='word_1_523' title='bbox 3460 2675 3528 2726; x_wconf 86' lang='lat' dir='ltr'><strong>te.</strong></span> <span class='ocrx_word' id='word_1_524' title='bbox 3559 2666 3615 2719; x_wconf 88' lang='lat' dir='ltr'><strong>in</strong></span> 
     </span>
    </p>
   </div>
   <div class='ocr_carea' id='block_1_74' title="bbox 2036 2752 3612 2825">
    <p class='ocr_par' dir='ltr' id='par_1_74' title="bbox 2036 2752 3612 2825">
     <span class='ocr_line' id='line_1_74' title="bbox 2036 2752 3612 2825; baseline 0.001 -17"><span class='ocrx_word' id='word_1_525' title='bbox 2036 2761 2286 2808; x_wconf 72' lang='lat' dir='ltr'><strong>cternum</strong></span> <span class='ocrx_word' id='word_1_526' title='bbox 2308 2752 2648 2807; x_wconf 75' lang='lat' dir='ltr'><strong>exsultabant</strong></span> <span class='ocrx_word' id='word_1_527' title='bbox 2675 2760 2728 2807; x_wconf 88' lang='lat' dir='ltr'><strong>et</strong></span> <span class='ocrx_word' id='word_1_528' title='bbox 2761 2752 3029 2808; x_wconf 85' lang='lat' dir='ltr'><strong>habitabis</strong></span> <span class='ocrx_word' id='word_1_529' title='bbox 3063 2754 3118 2807; x_wconf 88' lang='lat' dir='ltr'><strong>in</strong></span> <span class='ocrx_word' id='word_1_530' title='bbox 3140 2754 3236 2810; x_wconf 88' lang='lat' dir='ltr'><strong>eis.</strong></span> <span class='ocrx_word' id='word_1_531' title='bbox 3262 2755 3320 2808; x_wconf 90' lang='lat' dir='ltr'><strong>ln</strong></span> <span class='ocrx_word' id='word_1_532' title='bbox 3346 2754 3463 2825; x_wconf 89' lang='lat' dir='ltr'><strong>ipso</strong></span> <span class='ocrx_word' id='word_1_533' title='bbox 3489 2755 3612 2809; x_wconf 86' lang='lat' dir='ltr'><strong>Sal-</strong></span> 
     </span>
    </p>
   </div>
   <div class='ocr_carea' id='block_1_75' title="bbox 2035 2843 3614 2919">
    <p class='ocr_par' dir='ltr' id='par_1_75' title="bbox 2035 2843 3614 2919">
     <span class='ocr_line' id='line_1_75' title="bbox 2035 2843 3614 2919; baseline 0.003 -23"><span class='ocrx_word' id='word_1_534' title='bbox 2035 2843 2238 2898; x_wconf 80' lang='lat' dir='ltr'><strong>vatoris</strong></span> <span class='ocrx_word' id='word_1_535' title='bbox 2265 2843 2501 2898; x_wconf 84' lang='lat' dir='ltr'><strong>adventu</strong></span> <span class='ocrx_word' id='word_1_536' title='bbox 2532 2843 2699 2899; x_wconf 73' lang='lat' dir='ltr'><strong>laetati</strong></span> <span class='ocrx_word' id='word_1_537' title='bbox 2729 2844 2927 2919; x_wconf 85' lang='lat' dir='ltr'><strong>suntii</strong></span> <span class='ocrx_word' id='word_1_538' title='bbox 2977 2844 3071 2914; x_wconf 88' lang='lat' dir='ltr'><strong>qui</strong></span> <span class='ocrx_word' id='word_1_539' title='bbox 3110 2844 3231 2914; x_wconf 90' lang='lat' dir='ltr'><strong>ejus</strong></span> <span class='ocrx_word' id='word_1_540' title='bbox 3281 2846 3614 2901; x_wconf 88' lang='lat' dir='ltr'><strong>incarnatio-</strong></span> 
     </span>
    </p>
   </div>
   <div class='ocr_carea' id='block_1_76' title="bbox 2037 2933 3616 3007">
    <p class='ocr_par' dir='ltr' id='par_1_76' title="bbox 2037 2933 3616 3007">
     <span class='ocr_line' id='line_1_76' title="bbox 2037 2933 3616 3007; baseline 0.004 -23"><span class='ocrx_word' id='word_1_541' title='bbox 2037 2947 2157 2986; x_wconf 92' lang='lat' dir='ltr'><strong>nem</strong></span> <span class='ocrx_word' id='word_1_542' title='bbox 2190 2933 2580 3002; x_wconf 82' lang='lat' dir='ltr'><strong>exspectabant</strong></span> <span class='ocrx_word' id='word_1_543' title='bbox 2614 2952 2627 2988; x_wconf 92' lang='lat'>:</span> <span class='ocrx_word' id='word_1_544' title='bbox 2657 2948 2780 3004; x_wconf 67' lang='lat' dir='ltr'><strong>qua:</strong></span> <span class='ocrx_word' id='word_1_545' title='bbox 2809 2933 3029 3005; x_wconf 89' lang='lat' dir='ltr'><strong>quidem</strong></span> <span class='ocrx_word' id='word_1_546' title='bbox 3083 2951 3210 3006; x_wconf 88' lang='lat' dir='ltr'><strong>spes</strong></span> <span class='ocrx_word' id='word_1_547' title='bbox 3254 2935 3533 3007; x_wconf 85' lang='lat' dir='ltr'><strong>prophetis</strong></span> <span class='ocrx_word' id='word_1_548' title='bbox 3559 2944 3616 2991; x_wconf 89' lang='lat' dir='ltr'><strong>et</strong></span> 
     </span>
    </p>
   </div>
   <div class='ocr_carea' id='block_1_77' title="bbox 2041 3022 3614 3099">
    <p class='ocr_par' dir='ltr' id='par_1_77' title="bbox 2041 3022 3614 3099">
     <span class='ocr_line' id='line_1_77' title="bbox 2041 3022 3614 3099; baseline 0.006 -23"><span class='ocrx_word' id='word_1_549' title='bbox 2041 3022 2110 3077; x_wconf 89' lang='lat' dir='ltr'><strong>iis</strong></span> <span class='ocrx_word' id='word_1_550' title='bbox 2138 3024 2230 3094; x_wconf 91' lang='lat' dir='ltr'><strong>qui</strong></span> <span class='ocrx_word' id='word_1_551' title='bbox 2262 3025 2414 3094; x_wconf 90' lang='lat' dir='ltr'><strong>paria</strong></span> <span class='ocrx_word' id='word_1_552' title='bbox 2472 3025 2781 3082; x_wconf 86' lang='lat' dir='ltr'><strong>sentiebant</strong></span> <span class='ocrx_word' id='word_1_553' title='bbox 2840 3026 3036 3082; x_wconf 88' lang='lat' dir='ltr'><strong>inerat.</strong></span> <span class='ocrx_word' id='word_1_554' title='bbox 3087 3026 3322 3082; x_wconf 82' lang='lat' dir='ltr'><strong>Advenit</strong></span> <span class='ocrx_word' id='word_1_555' title='bbox 3378 3044 3614 3099; x_wconf 87' lang='lat' dir='ltr'><strong>namque</strong></span> 
     </span>
    </p>
   </div>
   <div class='ocr_carea' id='block_1_78' title="bbox 2037 3112 3613 3191">
    <p class='ocr_par' dir='ltr' id='par_1_78' title="bbox 2037 3112 3613 3191">
     <span class='ocr_line' id='line_1_78' title="bbox 2037 3112 3613 3191; baseline 0.007 -24"><span class='ocrx_word' id='word_1_556' title='bbox 2037 3113 2181 3170; x_wconf 89' lang='lat' dir='ltr'><strong>Deus</strong></span> <span class='ocrx_word' id='word_1_557' title='bbox 2209 3112 2446 3170; x_wconf 79' lang='lat' dir='ltr'><strong>Verbum</strong></span> <span class='ocrx_word' id='word_1_558' title='bbox 2469 3131 2593 3171; x_wconf 87' lang='lat' dir='ltr'><strong>cum</strong></span> <span class='ocrx_word' id='word_1_559' title='bbox 2620 3133 2751 3173; x_wconf 90' lang='lat' dir='ltr'><strong>caro</strong></span> <span class='ocrx_word' id='word_1_560' title='bbox 2780 3117 2980 3173; x_wconf 84' lang='lat' dir='ltr'><strong>factum</strong></span> <span class='ocrx_word' id='word_1_561' title='bbox 3007 3127 3112 3186; x_wconf 91' lang='lat' dir='ltr'><strong>est,</strong></span> <span class='ocrx_word' id='word_1_562' title='bbox 3135 3128 3414 3191; x_wconf 88' lang='lat' dir='ltr'><strong>assumpta</strong></span> <span class='ocrx_word' id='word_1_563' title='bbox 3447 3136 3613 3178; x_wconf 89' lang='lat' dir='ltr'><strong>carne</strong></span> 
     </span>
    </p>
   </div>
   <div class='ocr_carea' id='block_1_79' title="bbox 2034 3206 3613 3292">
    <p class='ocr_par' dir='ltr' id='par_1_79' title="bbox 2034 3206 3613 3292">
     <span class='ocr_line' id='line_1_79' title="bbox 2034 3206 3613 3292; baseline 0.005 -32"><span class='ocrx_word' id='word_1_564' title='bbox 2034 3212 2094 3260; x_wconf 90' lang='lat' dir='ltr'><strong>ut</strong></span> <span class='ocrx_word' id='word_1_565' title='bbox 2111 3221 2237 3261; x_wconf 86' lang='lat' dir='ltr'><strong>cum</strong></span> <span class='ocrx_word' id='word_1_566' title='bbox 2266 3206 2516 3264; x_wconf 84' lang='lat' dir='ltr'><strong>ﬁdelibus</strong></span> <span class='ocrx_word' id='word_1_567' title='bbox 2539 3210 2655 3264; x_wconf 91' lang='lat' dir='ltr'><strong>suis</strong></span> <span class='ocrx_word' id='word_1_568' title='bbox 2679 3209 2971 3292; x_wconf 79' lang='lat' dir='ltr'><strong>habitaret,</strong></span> <span class='ocrx_word' id='word_1_569' title='bbox 2986 3210 3142 3292; x_wconf 55' lang='lat' dir='ltr'><strong>justa</strong></span> <span class='ocrx_word' id='word_1_570' title='bbox 3175 3211 3308 3267; x_wconf 90' lang='lat' dir='ltr'><strong>illud</strong></span> <span class='ocrx_word' id='word_1_571' title='bbox 3334 3232 3347 3268; x_wconf 94' lang='lat'>:</span> <span class='ocrx_word' id='word_1_572' title='bbox 3388 3212 3613 3268; x_wconf 84' lang='lat' dir='ltr'><strong>Verbum</strong></span> 
     </span>
    </p>
   </div>
   <div class='ocr_carea' id='block_1_80' title="bbox 2033 3287 3612 3369">
    <p class='ocr_par' dir='ltr' id='par_1_80' title="bbox 2033 3287 3612 3369">
     <span class='ocr_line' id='line_1_80' title="bbox 2033 3287 3612 3369; baseline 0.005 -18"><span class='ocrx_word' id='word_1_573' title='bbox 2033 3314 2156 3352; x_wconf 81' lang='lat' dir='ltr'><strong>caro</strong></span> <span class='ocrx_word' id='word_1_574' title='bbox 2181 3299 2381 3369; x_wconf 80' lang='lat' dir='ltr'><strong>factum</strong></span> <span class='ocrx_word' id='word_1_575' title='bbox 2413 3310 2491 3354; x_wconf 87' lang='lat' dir='ltr'><strong>est</strong></span> <span class='ocrx_word' id='word_1_576' title='bbox 2521 3311 2572 3355; x_wconf 88' lang='lat' dir='ltr'><strong>et</strong></span> <span class='ocrx_word' id='word_1_577' title='bbox 2599 3301 2856 3356; x_wconf 86' lang='lat' dir='ltr'><strong>habitavit</strong></span> <span class='ocrx_word' id='word_1_578' title='bbox 2902 3287 3134 3358; x_wconf 54' lang='lat' dir='ltr'><strong>innatis</strong></span> <span class='ocrx_word' id='word_1_579' title='bbox 3171 3304 3236 3358; x_wconf 79' lang='lat'><strong>&quot;.</strong></span> <span class='ocrx_word' id='word_1_580' title='bbox 3266 3305 3307 3358; x_wconf 90' lang='lat' dir='ltr'><strong>li</strong></span> <span class='ocrx_word' id='word_1_581' title='bbox 3341 3312 3519 3360; x_wconf 87' lang='lat' dir='ltr'><strong>autem</strong></span> <span class='ocrx_word' id='word_1_582' title='bbox 3557 3306 3612 3359; x_wconf 92' lang='lat' dir='ltr'><strong>in</strong></span> 
     </span>
    </p>
   </div>
   <div class='ocr_carea' id='block_1_81' title="bbox 2032 3393 3610 3457">
    <p class='ocr_par' dir='ltr' id='par_1_81' title="bbox 2032 3393 3610 3457">
     <span class='ocr_line' id='line_1_81' title="bbox 2032 3393 3610 3457; baseline 0.003 -12"><span class='ocrx_word' id='word_1_583' title='bbox 2032 3399 2294 3447; x_wconf 63' lang='lat' dir='ltr'><strong>aeternum</strong></span> <span class='ocrx_word' id='word_1_584' title='bbox 2347 3393 2740 3457; x_wconf 81' lang='lat' dir='ltr'><strong>exsultabunt,</strong></span> <span class='ocrx_word' id='word_1_585' title='bbox 2795 3394 3044 3449; x_wconf 87' lang='lat' dir='ltr'><strong>videntes</strong></span> <span class='ocrx_word' id='word_1_586' title='bbox 3110 3394 3377 3448; x_wconf 88' lang='lat' dir='ltr'><strong>incarnati</strong></span> <span class='ocrx_word' id='word_1_587' title='bbox 3446 3394 3610 3450; x_wconf 83' lang='lat' dir='ltr'><strong>Verbi</strong></span> 
     </span>
    </p>
   </div>
   <div class='ocr_carea' id='block_1_82' title="bbox 2031 3483 3611 3556">
    <p class='ocr_par' dir='ltr' id='par_1_82' title="bbox 2031 3483 3611 3556">
     <span class='ocr_line' id='line_1_82' title="bbox 2031 3483 3611 3556; baseline 0.004 -20"><span class='ocrx_word' id='word_1_588' title='bbox 2031 3483 2257 3554; x_wconf 77' lang='lat' dir='ltr'><strong>gloriam</strong></span> <span class='ocrx_word' id='word_1_589' title='bbox 2297 3487 2452 3555; x_wconf 87' lang='lat' dir='ltr'><strong>quasi</strong></span> <span class='ocrx_word' id='word_1_590' title='bbox 2491 3484 2756 3556; x_wconf 79' lang='lat' dir='ltr'><strong>Unig&#39;eniti</strong></span> <span class='ocrx_word' id='word_1_591' title='bbox 2789 3503 2820 3538; x_wconf 90' lang='lat' dir='ltr'><strong>a</strong></span> <span class='ocrx_word' id='word_1_592' title='bbox 2855 3484 3040 3549; x_wconf 88' lang='lat' dir='ltr'><strong>Patre,</strong></span> <span class='ocrx_word' id='word_1_593' title='bbox 3094 3487 3303 3554; x_wconf 86' lang='lat' dir='ltr'><strong>plenum</strong></span> <span class='ocrx_word' id='word_1_594' title='bbox 3345 3488 3534 3556; x_wconf 72' lang='lat' dir='ltr'><strong>gratim</strong></span> <span class='ocrx_word' id='word_1_595' title='bbox 3561 3497 3611 3543; x_wconf 92' lang='lat' dir='ltr'><strong>et</strong></span> 
     </span>
    </p>
   </div>
   <div class='ocr_carea' id='block_1_83' title="bbox 2033 3567 3625 3648">
    <p class='ocr_par' dir='ltr' id='par_1_83' title="bbox 2033 3567 3625 3648">
     <span class='ocr_line' id='line_1_83' title="bbox 2033 3567 3625 3648; baseline -0.003 -18"><span class='ocrx_word' id='word_1_596' title='bbox 2033 3578 2265 3632; x_wconf 84' lang='lat' dir='ltr'><strong>veritatis</strong></span> <span class='ocrx_word' id='word_1_597' title='bbox 2296 3578 2362 3632; x_wconf 65' lang='grc'><strong>⁸⁵.</strong></span> <span class='ocrx_word' id='word_1_598' title='bbox 2403 3577 2509 3644; x_wconf 86' lang='lat' dir='ltr'><strong>Qui</strong></span> <span class='ocrx_word' id='word_1_599' title='bbox 2561 3577 2749 3632; x_wconf 85' lang='lat' dir='ltr'><strong>dicunt</strong></span> <span class='ocrx_word' id='word_1_600' title='bbox 2794 3567 2958 3633; x_wconf 81' lang='lat' dir='ltr'><strong>etiam</strong></span> <span class='ocrx_word' id='word_1_601' title='bbox 2991 3568 3017 3632; x_wconf 60' lang='grc' dir='ltr'><strong>ι</strong></span> <span class='ocrx_word' id='word_1_602' title='bbox 3053 3577 3172 3631; x_wconf 83' lang='lat' dir='ltr'><strong>Etsi</strong></span> <span class='ocrx_word' id='word_1_603' title='bbox 3218 3579 3625 3648; x_wconf 67' lang='lat' dir='ltr'><strong>cognoverimus.</strong></span> 
     </span>
    </p>
   </div>
   <div class='ocr_carea' id='block_1_84' title="bbox 2033 3664 3609 3736">
    <p class='ocr_par' dir='ltr' id='par_1_84' title="bbox 2033 3664 3609 3736">
     <span class='ocr_line' id='line_1_84' title="bbox 2033 3664 3609 3736; baseline 0 -15"><span class='ocrx_word' id='word_1_604' title='bbox 2033 3664 2300 3721; x_wconf 84' lang='lat' dir='ltr'><strong>Christum</strong></span> <span class='ocrx_word' id='word_1_605' title='bbox 2324 3665 2607 3720; x_wconf 84' lang='lat' dir='ltr'><strong>secundant</strong></span> <span class='ocrx_word' id='word_1_606' title='bbox 2635 3677 2873 3729; x_wconf 81' lang='lat' dir='ltr'><strong>carnem,</strong></span> <span class='ocrx_word' id='word_1_607' title='bbox 2906 3682 3024 3736; x_wconf 65' lang='lat' dir='ltr'><strong>jam</strong></span> <span class='ocrx_word' id='word_1_608' title='bbox 3054 3682 3157 3720; x_wconf 87' lang='lat' dir='ltr'><strong>non</strong></span> <span class='ocrx_word' id='word_1_609' title='bbox 3188 3665 3333 3718; x_wconf 86' lang='lat' dir='ltr'><strong>ultra</strong></span> <span class='ocrx_word' id='word_1_610' title='bbox 3373 3665 3609 3721; x_wconf 77' lang='lat' dir='ltr'><strong>novimus</strong></span> 
     </span>
    </p>
   </div>
   <div class='ocr_carea' id='block_1_85' title="bbox 2030 3759 3608 3831">
    <p class='ocr_par' dir='ltr' id='par_1_85' title="bbox 2030 3759 3608 3831">
     <span class='ocr_line' id='line_1_85' title="bbox 2030 3759 3608 3831; baseline 0.001 -17"><span class='ocrx_word' id='word_1_611' title='bbox 2030 3776 2149 3814; x_wconf 91' lang='lat' dir='ltr'><strong>eum</strong></span> <span class='ocrx_word' id='word_1_612' title='bbox 2178 3760 2248 3825; x_wconf 82' lang='lat'><strong>“,</strong></span> <span class='ocrx_word' id='word_1_613' title='bbox 2281 3760 2545 3816; x_wconf 87' lang='lat' dir='ltr'><strong>habentes</strong></span> <span class='ocrx_word' id='word_1_614' title='bbox 2573 3760 3084 3831; x_wconf 88' lang='lat' dir='ltr'><strong>contemplationem</strong></span> <span class='ocrx_word' id='word_1_615' title='bbox 3117 3759 3302 3831; x_wconf 71' lang='lat' dir='ltr'><strong>gloria:</strong></span> <span class='ocrx_word' id='word_1_616' title='bbox 3339 3759 3480 3829; x_wconf 85' lang='lat' dir='ltr'><strong>ejus,</strong></span> <span class='ocrx_word' id='word_1_617' title='bbox 3522 3774 3608 3815; x_wconf 35' lang='lat' dir='ltr'><strong>se;</strong></span> 
     </span>
    </p>
   </div>
   <div class='ocr_carea' id='block_1_86' title="bbox 2030 3850 3186 3924">
    <p class='ocr_par' dir='ltr' id='par_1_86' title="bbox 2030 3850 3186 3924">
     <span class='ocr_line' id='line_1_86' title="bbox 2030 3850 3186 3924; baseline 0.002 -18"><span class='ocrx_word' id='word_1_618' title='bbox 2030 3851 2269 3906; x_wconf 88' lang='lat' dir='ltr'><strong>cundum</strong></span> <span class='ocrx_word' id='word_1_619' title='bbox 2295 3867 2456 3923; x_wconf 89' lang='lat' dir='ltr'><strong>quam</strong></span> <span class='ocrx_word' id='word_1_620' title='bbox 2489 3861 2574 3908; x_wconf 87' lang='lat' dir='ltr'><strong>est</strong></span> <span class='ocrx_word' id='word_1_621' title='bbox 2599 3850 2923 3924; x_wconf 83' lang='lat' dir='ltr'><strong>Unigenitus</strong></span> <span class='ocrx_word' id='word_1_622' title='bbox 2947 3868 2977 3907; x_wconf 89' lang='lat' dir='ltr'><strong>a</strong></span> <span class='ocrx_word' id='word_1_623' title='bbox 3005 3851 3186 3908; x_wconf 90' lang='lat' dir='ltr'><strong>Patre.</strong></span> 
     </span>
    </p>
   </div>
   <div class='ocr_carea' id='block_1_87' title="bbox 2101 4022 3602 4104">
    <p class='ocr_par' dir='ltr' id='par_1_87' title="bbox 2101 4022 3602 4104">
     <span class='ocr_line' id='line_1_87' title="bbox 2101 4022 3602 4104; baseline 0.005 -24"><span class='ocrx_word' id='word_1_624' title='bbox 2101 4025 2266 4084; x_wconf 75' lang='lat' dir='ltr'><strong>Vens.</strong></span> <span class='ocrx_word' id='word_1_625' title='bbox 2308 4029 2392 4083; x_wconf 71' lang='grc'><strong>15.</strong></span> <span class='ocrx_word' id='word_1_626' title='bbox 2426 4028 2496 4083; x_wconf 86' lang='lat' dir='ltr'><strong>Et</strong></span> <span class='ocrx_word' id='word_1_627' title='bbox 2542 4027 2915 4100; x_wconf 85' lang='lat' dir='ltr'><strong>gloriabuntur</strong></span> <span class='ocrx_word' id='word_1_628' title='bbox 2957 4033 3012 4096; x_wconf 84' lang='lat' dir='ltr'><strong>in</strong></span> <span class='ocrx_word' id='word_1_629' title='bbox 3053 4040 3099 4087; x_wconf 91' lang='lat' dir='ltr'><strong>te</strong></span> <span class='ocrx_word' id='word_1_630' title='bbox 3130 4033 3220 4104; x_wconf 89' lang='lat' dir='ltr'><strong>qui</strong></span> <span class='ocrx_word' id='word_1_631' title='bbox 3245 4022 3480 4104; x_wconf 85' lang='lat' dir='ltr'><strong>diligunt</strong></span> <span class='ocrx_word' id='word_1_632' title='bbox 3513 4049 3602 4087; x_wconf 81' lang='lat' dir='ltr'><strong>no-</strong></span> 
     </span>
    </p>
   </div>
   <div class='ocr_carea' id='block_1_88' title="bbox 2030 4122 3596 4193">
    <p class='ocr_par' dir='ltr' id='par_1_88' title="bbox 2030 4122 3596 4193">
     <span class='ocr_line' id='line_1_88' title="bbox 2030 4122 3596 4193; baseline 0.002 -21"><span class='ocrx_word' id='word_1_633' title='bbox 2030 4135 2143 4173; x_wconf 88' lang='lat' dir='ltr'><strong>men</strong></span> <span class='ocrx_word' id='word_1_634' title='bbox 2197 4130 2367 4183; x_wconf 86' lang='lat' dir='ltr'><strong>tuum,</strong></span> <span class='ocrx_word' id='word_1_635' title='bbox 2398 4123 2646 4193; x_wconf 88' lang='lat' dir='ltr'><strong>quoniam</strong></span> <span class='ocrx_word' id='word_1_636' title='bbox 2700 4131 2754 4175; x_wconf 92' lang='lat' dir='ltr'><strong>tu</strong></span> <span class='ocrx_word' id='word_1_637' title='bbox 2797 4122 3062 4177; x_wconf 83' lang='lat' dir='ltr'><strong>benedices</strong></span> <span class='ocrx_word' id='word_1_638' title='bbox 3093 4124 3265 4192; x_wconf 89' lang='lat' dir='ltr'><strong>justo.</strong></span> <span class='ocrx_word' id='word_1_639' title='bbox 3295 4122 3432 4178; x_wconf 88' lang='lat' dir='ltr'><strong>Cum</strong></span> <span class='ocrx_word' id='word_1_640' title='bbox 3492 4123 3596 4193; x_wconf 65' lang='lat' dir='ltr'><strong>gloo</strong></span> 
     </span>
    </p>
   </div>
   <div class='ocr_carea' id='block_1_89' title="bbox 2029 4211 3602 4284">
    <p class='ocr_par' dir='ltr' id='par_1_89' title="bbox 2029 4211 3602 4284">
     <span class='ocr_line' id='line_1_89' title="bbox 2029 4211 3602 4284; baseline 0.005 -23"><span class='ocrx_word' id='word_1_641' title='bbox 2029 4211 2272 4264; x_wconf 86' lang='lat' dir='ltr'><strong>riationis</strong></span> <span class='ocrx_word' id='word_1_642' title='bbox 2302 4212 2529 4267; x_wconf 86' lang='lat' dir='ltr'><strong>verbum</strong></span> <span class='ocrx_word' id='word_1_643' title='bbox 2565 4213 2673 4281; x_wconf 89' lang='lat' dir='ltr'><strong>sit,</strong></span> <span class='ocrx_word' id='word_1_644' title='bbox 2719 4214 2788 4269; x_wconf 92' lang='lat' dir='ltr'><strong>de</strong></span> <span class='ocrx_word' id='word_1_645' title='bbox 2828 4229 2938 4284; x_wconf 91' lang='lat' dir='ltr'><strong>quo</strong></span> <span class='ocrx_word' id='word_1_646' title='bbox 2975 4215 3184 4270; x_wconf 89' lang='lat' dir='ltr'><strong>Paulus</strong></span> <span class='ocrx_word' id='word_1_647' title='bbox 3221 4214 3295 4268; x_wconf 89' lang='lat' dir='ltr'><strong>ait</strong></span> <span class='ocrx_word' id='word_1_648' title='bbox 3334 4233 3348 4269; x_wconf 89' lang='lat'>:</span> <span class='ocrx_word' id='word_1_649' title='bbox 3406 4212 3602 4269; x_wconf 87' lang='lat' dir='ltr'><strong>Nullus</strong></span> 
     </span>
    </p>
   </div>
   <div class='ocr_carea' id='block_1_90' title="bbox 347 4299 1933 4394">
    <p class='ocr_par' dir='ltr' id='par_1_90' title="bbox 347 4301 1920 4394">
     <span class='ocr_line' id='line_1_90' title="bbox 347 4301 1920 4394; baseline 0.009 -41"><span class='ocrx_word' id='word_1_650' title='bbox 347 4301 416 4353; x_wconf 84' lang='grc' dir='ltr'>ὲν</span> <span class='ocrx_word' id='word_1_651' title='bbox 451 4303 801 4394; x_wconf 56' lang='grc' dir='ltr'>ἀνθρώποις,</span> <span class='ocrx_word' id='word_1_652' title='bbox 844 4307 938 4360; x_wconf 79' lang='grc' dir='ltr'><strong>καὶ</strong></span> <span class='ocrx_word' id='word_1_653' title='bbox 981 4307 1010 4360; x_wconf 89' lang='grc' dir='ltr'><strong>ό</strong></span> <span class='ocrx_word' id='word_1_654' title='bbox 1042 4310 1325 4381; x_wconf 82' lang='grc' dir='ltr'>προφήτης</span> <span class='ocrx_word' id='word_1_655' title='bbox 1346 4327 1360 4340; x_wconf 87' lang='grc'><strong>·</strong></span> <span class='ocrx_word' id='word_1_656' title='bbox 1406 4311 1502 4379; x_wconf 81' lang='grc' dir='ltr'><strong>Μὴ</strong></span> <span class='ocrx_word' id='word_1_657' title='bbox 1540 4313 1861 4382; x_wconf 83' lang='grc' dir='ltr'>καυχάσθω</span> <span class='ocrx_word' id='word_1_658' title='bbox 1887 4316 1920 4367; x_wconf 83' lang='grc' dir='ltr'><em>ὁ</em></span> 
     </span>
    </p>
   </div>
   <div class='ocr_carea' id='block_1_91' title="bbox 2034 4299 3600 4394">
    <p class='ocr_par' dir='ltr' id='par_1_91' title="bbox 2034 4299 3600 4376">
     <span class='ocr_line' id='line_1_91' title="bbox 2034 4299 3600 4376; baseline 0.003 -24"><span class='ocrx_word' id='word_1_659' title='bbox 2034 4299 2279 4370; x_wconf 73' lang='lat' dir='ltr'><strong>glorietur</strong></span> <span class='ocrx_word' id='word_1_660' title='bbox 2307 4303 2361 4356; x_wconf 87' lang='lat' dir='ltr'><strong>in</strong></span> <span class='ocrx_word' id='word_1_661' title='bbox 2382 4303 2680 4358; x_wconf 84' lang='lat' dir='ltr'><strong>hominibus</strong></span> <span class='ocrx_word' id='word_1_662' title='bbox 2717 4305 2791 4371; x_wconf 78' lang='grc'><strong>⁸⁶;</strong></span> <span class='ocrx_word' id='word_1_663' title='bbox 2821 4313 2875 4360; x_wconf 90' lang='lat' dir='ltr'><strong>et</strong></span> <span class='ocrx_word' id='word_1_664' title='bbox 2903 4307 3164 4376; x_wconf 88' lang='lat' dir='ltr'><strong>propheta</strong></span> <span class='ocrx_word' id='word_1_665' title='bbox 3190 4324 3204 4360; x_wconf 88' lang='lat'><strong>:</strong></span> <span class='ocrx_word' id='word_1_666' title='bbox 3245 4303 3328 4359; x_wconf 87' lang='lat' dir='ltr'><strong>Ne</strong></span> <span class='ocrx_word' id='word_1_667' title='bbox 3348 4305 3600 4376; x_wconf 81' lang='lat' dir='ltr'><strong>glorietur</strong></span> 
     </span>
    </p>
   </div>
   <div class='ocr_carea' id='block_1_92' title="bbox 349 4377 1919 4474">
    <p class='ocr_par' dir='ltr' id='par_1_92' title="bbox 349 4377 1919 4474">
     <span class='ocr_line' id='line_1_92' title="bbox 349 4377 1919 4474; baseline 0.008 -32"><span class='ocrx_word' id='word_1_668' title='bbox 349 4389 540 4457; x_wconf 67' lang='grc' dir='ltr'>σοφὸς</span> <span class='ocrx_word' id='word_1_669' title='bbox 566 4377 738 4462; x_wconf 69' lang='grc' dir='ltr'>ἐν’τῇ</span> <span class='ocrx_word' id='word_1_670' title='bbox 762 4394 949 4462; x_wconf 65' lang='grc' dir='ltr'>σοφίᾳ</span> <span class='ocrx_word' id='word_1_671' title='bbox 976 4395 1181 4461; x_wconf 88' lang='grc' dir='ltr'>αὐτοῦ,</span> <span class='ocrx_word' id='word_1_672' title='bbox 1212 4377 1310 4450; x_wconf 64' lang='lat' dir='ltr'><strong>uati.</strong></span> <span class='ocrx_word' id='word_1_673' title='bbox 1332 4395 1400 4451; x_wconf 81' lang='grc' dir='ltr'>τὰ</span> <span class='ocrx_word' id='word_1_674' title='bbox 1424 4377 1550 4469; x_wconf 70' lang='grc' dir='ltr'>ἑξῆς</span> <span class='ocrx_word' id='word_1_675' title='bbox 1569 4417 1582 4430; x_wconf 76' lang='grc' dir='ltr'><strong>ο</strong></span> <span class='ocrx_word' id='word_1_676' title='bbox 1609 4377 1919 4474; x_wconf 31' lang='grc' dir='ltr'>οῦντοιαύτη</span> 
     </span>
    </p>
   </div>
   <div class='ocr_carea' id='block_1_93' title="bbox 348 4483 1922 4563">
    <p class='ocr_par' dir='ltr' id='par_1_93' title="bbox 348 4483 1922 4563">
     <span class='ocr_line' id='line_1_93' title="bbox 348 4483 1922 4563; baseline 0.011 -30"><span class='ocrx_word' id='word_1_677' title='bbox 348 4483 602 4552; x_wconf 84' lang='grc' dir='ltr'>τυγχάνει</span> <span class='ocrx_word' id='word_1_678' title='bbox 629 4486 665 4556; x_wconf 77' lang='grc' dir='ltr'><strong>ἡ</strong></span> <span class='ocrx_word' id='word_1_679' title='bbox 686 4485 780 4540; x_wconf 89' lang='grc' dir='ltr'><strong>τοῦ</strong></span> <span class='ocrx_word' id='word_1_680' title='bbox 809 4486 1060 4556; x_wconf 60' lang='grc' dir='ltr'>λέςγοντος</span> <span class='ocrx_word' id='word_1_681' title='bbox 1078 4506 1091 4518; x_wconf 73' lang='grc' dir='ltr'><strong>ο</strong></span> <span class='ocrx_word' id='word_1_682' title='bbox 1132 4489 1293 4558; x_wconf 78' lang='grc' dir='ltr'><strong>Ἐμοὶ</strong></span> <span class='ocrx_word' id='word_1_683' title='bbox 1311 4489 1379 4543; x_wconf 84' lang='grc' dir='ltr'>δὲ</span> <span class='ocrx_word' id='word_1_684' title='bbox 1403 4491 1483 4561; x_wconf 81' lang='grc' dir='ltr'>μὴ</span> <span class='ocrx_word' id='word_1_685' title='bbox 1515 4492 1748 4563; x_wconf 81' lang='grc' dir='ltr'>γένοιτο</span> <span class='ocrx_word' id='word_1_686' title='bbox 1780 4513 1922 4550; x_wconf 85' lang='grc' dir='ltr'>καυ-</span> 
     </span>
    </p>
   </div>
   <div class='ocr_carea' id='block_1_94' title="bbox 348 4572 1923 4656">
    <p class='ocr_par' dir='ltr' id='par_1_94' title="bbox 348 4572 1923 4656">
     <span class='ocr_line' id='line_1_94' title="bbox 348 4572 1923 4656; baseline 0.008 -28"><span class='ocrx_word' id='word_1_687' title='bbox 348 4572 570 4643; x_wconf 83' lang='grc' dir='ltr'>χᾶσθαι</span> <span class='ocrx_word' id='word_1_688' title='bbox 609 4580 658 4629; x_wconf 83' lang='grc' dir='ltr'><strong>ει</strong></span> <span class='ocrx_word' id='word_1_689' title='bbox 703 4577 790 4646; x_wconf 81' lang='grc' dir='ltr'>μὴ</span> <span class='ocrx_word' id='word_1_690' title='bbox 835 4581 905 4633; x_wconf 85' lang='grc' dir='ltr'>ὲν</span> <span class='ocrx_word' id='word_1_691' title='bbox 937 4579 1017 4647; x_wconf 85' lang='grc' dir='ltr'>τῷ</span> <span class='ocrx_word' id='word_1_692' title='bbox 1059 4581 1298 4650; x_wconf 84' lang='grc' dir='ltr'>σταυρῷ</span> <span class='ocrx_word' id='word_1_693' title='bbox 1342 4583 1448 4637; x_wconf 86' lang='grc' dir='ltr'><strong>τοῦ</strong></span> <span class='ocrx_word' id='word_1_694' title='bbox 1491 4585 1712 4653; x_wconf 83' lang='grc' dir='ltr'>Κυρίου</span> <span class='ocrx_word' id='word_1_695' title='bbox 1753 4585 1923 4656; x_wconf 78' lang='grc' dir='ltr'>ἡμῶν</span> 
     </span>
    </p>
   </div>
   <div class='ocr_carea' id='block_1_95' title="bbox 362 4665 1922 4746">
    <p class='ocr_par' dir='ltr' id='par_1_95' title="bbox 362 4665 1922 4746">
     <span class='ocr_line' id='line_1_95' title="bbox 362 4665 1922 4746; baseline 0.011 -30"><span class='ocrx_word' id='word_1_696' title='bbox 362 4665 566 4731; x_wconf 86' lang='grc' dir='ltr'>Ἰησοῦ</span> <span class='ocrx_word' id='word_1_697' title='bbox 588 4669 875 4736; x_wconf 76' lang='grc' dir='ltr'>Χριστοῦ·</span> <span class='ocrx_word' id='word_1_698' title='bbox 923 4673 1055 4737; x_wconf 62' lang='grc' dir='ltr'>οιαὶ,</span> <span class='ocrx_word' id='word_1_699' title='bbox 1098 4673 1152 4726; x_wconf 90' lang='lat'><strong>&#39;0</strong></span> <span class='ocrx_word' id='word_1_700' title='bbox 1192 4673 1595 4746; x_wconf 66' lang='grc' dir='ltr'>καυχώμενος,</span> <span class='ocrx_word' id='word_1_701' title='bbox 1625 4675 1695 4729; x_wconf 86' lang='grc' dir='ltr'>ἐν</span> <span class='ocrx_word' id='word_1_702' title='bbox 1724 4677 1922 4746; x_wconf 81' lang='grc' dir='ltr'>Κυρίῳ</span> 
     </span>
    </p>
   </div>
   <div class='ocr_carea' id='block_1_96' title="bbox 348 4744 1920 4838">
    <p class='ocr_par' dir='ltr' id='par_1_96' title="bbox 348 4744 1920 4838">
     <span class='ocr_line' id='line_1_96' title="bbox 348 4744 1920 4838; baseline 0.008 -29"><span class='ocrx_word' id='word_1_703' title='bbox 348 4755 688 4826; x_wconf 84' lang='grc' dir='ltr'>καυχάσθω.</span> <span class='ocrx_word' id='word_1_704' title='bbox 723 4761 962 4816; x_wconf 89' lang='grc' dir='ltr'>Τοιοῦτοι</span> <span class='ocrx_word' id='word_1_705' title='bbox 1014 4765 1142 4836; x_wconf 77' lang='grc' dir='ltr'>περὶ</span> <span class='ocrx_word' id='word_1_706' title='bbox 1192 4759 1266 4819; x_wconf 81' lang='grc' dir='ltr'><strong>ὧν</strong></span> <span class='ocrx_word' id='word_1_707' title='bbox 1292 4767 1322 4819; x_wconf 88' lang='grc' dir='ltr'><strong>ό</strong></span> <span class='ocrx_word' id='word_1_708' title='bbox 1351 4744 1529 4834; x_wconf 47' lang='grc' dir='ltr'>λόγος,</span> <span class='ocrx_word' id='word_1_709' title='bbox 1557 4744 1920 4838; x_wconf 75' lang='grc' dir='ltr'>ὴγαπηκότων</span> 
     </span>
    </p>
   </div>
   <div class='ocr_carea' id='block_1_97' title="bbox 345 4849 1920 4931">
    <p class='ocr_par' dir='ltr' id='par_1_97' title="bbox 345 4849 1920 4931">
     <span class='ocr_line' id='line_1_97' title="bbox 345 4849 1920 4931; baseline 0.007 -30"><span class='ocrx_word' id='word_1_710' title='bbox 345 4849 511 4912; x_wconf 70' lang='grc' dir='ltr'>αὐτοῦ</span> <span class='ocrx_word' id='word_1_711' title='bbox 556 4850 617 4903; x_wconf 83' lang='grc' dir='ltr'><strong>τὸ</strong></span> <span class='ocrx_word' id='word_1_712' title='bbox 667 4851 854 4922; x_wconf 79' lang='grc' dir='ltr'>ὅνομα.</span> <span class='ocrx_word' id='word_1_713' title='bbox 903 4855 1225 4928; x_wconf 87' lang='grc' dir='ltr'>Προαιρέσει</span> <span class='ocrx_word' id='word_1_714' title='bbox 1264 4858 1393 4927; x_wconf 86' lang='grc' dir='ltr'>γὰρ,</span> <span class='ocrx_word' id='word_1_715' title='bbox 1418 4858 1478 4911; x_wconf 86' lang='grc' dir='ltr'><strong>ού</strong></span> <span class='ocrx_word' id='word_1_716' title='bbox 1503 4858 1920 4931; x_wconf 78' lang='grc' dir='ltr'>φόδῳ,τετιμη-</span> 
     </span>
    </p>
   </div>
   <div class='ocr_carea' id='block_1_98' title="bbox 345 4941 1917 5019">
    <p class='ocr_par' dir='ltr' id='par_1_98' title="bbox 345 4941 1917 5019">
     <span class='ocr_line' id='line_1_98' title="bbox 345 4941 1917 5019; baseline 0.007 -26"><span class='ocrx_word' id='word_1_717' title='bbox 345 4941 504 5004; x_wconf 85' lang='grc' dir='ltr'>κότες</span> <span class='ocrx_word' id='word_1_718' title='bbox 563 4943 888 5012; x_wconf 84' lang='grc' dir='ltr'>ἐκαυχῶντο.</span> <span class='ocrx_word' id='word_1_719' title='bbox 919 4947 1098 5002; x_wconf 79' lang='grc' dir='ltr'>Αἴτιον</span> <span class='ocrx_word' id='word_1_720' title='bbox 1121 4949 1175 5002; x_wconf 85' lang='grc' dir='ltr'><strong>δὲ</strong></span> <span class='ocrx_word' id='word_1_721' title='bbox 1209 4948 1318 5018; x_wconf 83' lang='grc' dir='ltr'>τῆς</span> <span class='ocrx_word' id='word_1_722' title='bbox 1343 4947 1698 5019; x_wconf 84' lang='grc' dir='ltr'>καυχήσεως</span> <span class='ocrx_word' id='word_1_723' title='bbox 1721 4950 1781 5004; x_wconf 83' lang='grc' dir='ltr'><strong>τὸ</strong></span> <span class='ocrx_word' id='word_1_724' title='bbox 1807 4951 1917 5005; x_wconf 84' lang='grc' dir='ltr'><strong>τῶν</strong></span> 
     </span>
    </p>
   </div>
   <div class='ocr_carea' id='block_1_99' title="bbox 345 5033 1919 5115">
    <p class='ocr_par' dir='ltr' id='par_1_99' title="bbox 345 5033 1919 5115">
     <span class='ocr_line' id='line_1_99' title="bbox 345 5033 1919 5115; baseline 0.01 -31"><span class='ocrx_word' id='word_1_725' title='bbox 345 5033 680 5103; x_wconf 77' lang='grc' dir='ltr'>ἐπουρανίων</span> <span class='ocrx_word' id='word_1_726' title='bbox 727 5038 1012 5106; x_wconf 82' lang='grc' dir='ltr'>τυγχάνειν</span> <span class='ocrx_word' id='word_1_727' title='bbox 1060 5040 1316 5111; x_wconf 84' lang='grc' dir='ltr'>εὑλογιῶν</span> <span class='ocrx_word' id='word_1_728' title='bbox 1342 5059 1355 5073; x_wconf 75' lang='grc' dir='ltr'><strong>ο</strong></span> <span class='ocrx_word' id='word_1_729' title='bbox 1400 5044 1529 5115; x_wconf 74' lang='grc' dir='ltr'>περὶ</span> <span class='ocrx_word' id='word_1_730' title='bbox 1576 5035 1652 5097; x_wconf 83' lang='grc' dir='ltr'>ὧν</span> <span class='ocrx_word' id='word_1_731' title='bbox 1691 5060 1854 5115; x_wconf 79' lang='grc' dir='ltr'>φησιν</span> <span class='ocrx_word' id='word_1_732' title='bbox 1890 5048 1919 5099; x_wconf 89' lang='grc' dir='ltr'>ὁ</span> 
     </span>
    </p>
   </div>
   <div class='ocr_carea' id='block_1_100' title="bbox 357 5126 1918 5205">
    <p class='ocr_par' dir='ltr' id='par_1_100' title="bbox 357 5126 1918 5205">
     <span class='ocr_line' id='line_1_100' title="bbox 357 5126 1918 5205; baseline 0.008 -26"><span class='ocrx_word' id='word_1_733' title='bbox 357 5126 677 5190; x_wconf 80' lang='grc' dir='ltr'>Ἀπόστολος</span> <span class='ocrx_word' id='word_1_734' title='bbox 695 5144 707 5156; x_wconf 93' lang='grc'><strong>·</strong></span> <span class='ocrx_word' id='word_1_735' title='bbox 728 5130 1068 5197; x_wconf 81' lang='grc' dir='ltr'>Εὐλογητὸς</span> <span class='ocrx_word' id='word_1_736' title='bbox 1100 5136 1133 5186; x_wconf 85' lang='grc' dir='ltr'><strong>ό</strong></span> <span class='ocrx_word' id='word_1_737' title='bbox 1159 5133 1304 5200; x_wconf 82' lang='grc' dir='ltr'>Θεὸς</span> <span class='ocrx_word' id='word_1_738' title='bbox 1334 5138 1366 5188; x_wconf 86' lang='grc' dir='ltr'><strong>ό</strong></span> <span class='ocrx_word' id='word_1_739' title='bbox 1395 5133 1738 5204; x_wconf 75' lang='grc' dir='ltr'>εὐλογήσας</span> <span class='ocrx_word' id='word_1_740' title='bbox 1763 5134 1918 5205; x_wconf 78' lang='grc' dir='ltr'>ἡμᾶς</span> 
     </span>
    </p>
   </div>
   <div class='ocr_carea' id='block_1_101' title="bbox 341 5215 1912 5297">
    <p class='ocr_par' dir='ltr' id='par_1_101' title="bbox 341 5215 1912 5297">
     <span class='ocr_line' id='line_1_101' title="bbox 341 5215 1912 5297; baseline 0.007 -25"><span class='ocrx_word' id='word_1_741' title='bbox 341 5215 412 5272; x_wconf 80' lang='grc' dir='ltr'>ἐν</span> <span class='ocrx_word' id='word_1_742' title='bbox 436 5217 604 5286; x_wconf 81' lang='grc' dir='ltr'>πάσῃ</span> <span class='ocrx_word' id='word_1_743' title='bbox 625 5220 869 5288; x_wconf 81' lang='grc' dir='ltr'>εὐλογίᾳ</span> <span class='ocrx_word' id='word_1_744' title='bbox 893 5225 1262 5294; x_wconf 78' lang='grc' dir='ltr'>πνευματικῇ</span> <span class='ocrx_word' id='word_1_745' title='bbox 1282 5227 1350 5280; x_wconf 83' lang='grc' dir='ltr'>ἐν</span> <span class='ocrx_word' id='word_1_746' title='bbox 1374 5228 1499 5295; x_wconf 83' lang='grc' dir='ltr'>τοῖς</span> <span class='ocrx_word' id='word_1_747' title='bbox 1516 5228 1912 5297; x_wconf 77' lang='grc' dir='ltr'>ἐπουρανίοις.</span> 
     </span>
    </p>
   </div>
   <div class='ocr_carea' id='block_1_102' title="bbox 342 5309 1916 5394">
    <p class='ocr_par' dir='ltr' id='par_1_102' title="bbox 342 5309 1916 5394">
     <span class='ocr_line' id='line_1_102' title="bbox 342 5309 1916 5394; baseline 0.005 -29"><span class='ocrx_word' id='word_1_748' title='bbox 342 5310 454 5365; x_wconf 74' lang='grc' dir='ltr'><strong>Καὶ</strong></span> <span class='ocrx_word' id='word_1_749' title='bbox 486 5309 639 5374; x_wconf 87' lang='grc' dir='ltr'>τέλος</span> <span class='ocrx_word' id='word_1_750' title='bbox 680 5310 735 5364; x_wconf 85' lang='grc' dir='ltr'>δὲ</span> <span class='ocrx_word' id='word_1_751' title='bbox 779 5311 997 5379; x_wconf 82' lang='grc' dir='ltr'>ἀγαθῶν</span> <span class='ocrx_word' id='word_1_752' title='bbox 1035 5314 1136 5385; x_wconf 81' lang='grc' dir='ltr'>τῆς</span> <span class='ocrx_word' id='word_1_753' title='bbox 1171 5316 1527 5393; x_wconf 77' lang='grc' dir='ltr'>ἐλπιζομένης</span> <span class='ocrx_word' id='word_1_754' title='bbox 1553 5319 1916 5394; x_wconf 84' lang='grc' dir='ltr'>κληρονομίας</span> 
     </span>
    </p>
   </div>
   <div class='ocr_carea' id='block_1_103' title="bbox 414 5489 1933 5569">
    <p class='ocr_par' dir='ltr' id='par_1_103' title="bbox 414 5489 1913 5569">
     <span class='ocr_line' id='line_1_103' title="bbox 414 5489 1913 5569; baseline 0.01 -26"><span class='ocrx_word' id='word_1_755' title='bbox 414 5489 646 5569; x_wconf 57' lang='lat' dir='ltr'><strong>“J’sal.</strong></span> <span class='ocrx_word' id='word_1_756' title='bbox 686 5505 859 5569; x_wconf 50' lang='lat' dir='ltr'><strong>scut,</strong></span> <span class='ocrx_word' id='word_1_757' title='bbox 888 5492 1004 5569; x_wconf 33' lang='lat' dir='ltr'><strong>ll.“</strong></span> <span class='ocrx_word' id='word_1_758' title='bbox 1050 5491 1286 5569; x_wconf 62' lang='grc' dir='ltr'>ξ’)οοη.</span> <span class='ocrx_word' id='word_1_759' title='bbox 1325 5497 1498 5569; x_wconf 40' lang='grc' dir='ltr'>ιρι.</span> <span class='ocrx_word' id='word_1_760' title='bbox 1577 5501 1622 5533; x_wconf 81' lang='grc'><strong>⁶¹⁸</strong></span> <span class='ocrx_word' id='word_1_761' title='bbox 1659 5501 1789 5559; x_wconf 85' lang='lat' dir='ltr'><strong>ibid.</strong></span> <span class='ocrx_word' id='word_1_762' title='bbox 1869 5500 1913 5534; x_wconf 86' lang='grc'><strong>⁶⁵</strong></span> 
     </span>
    </p>
   </div>
   <div class='ocr_carea' id='block_1_104' title="bbox 2034 5489 2988 5569">
    <p class='ocr_par' dir='ltr' id='par_1_104' title="bbox 2034 5501 2988 5569">
     <span class='ocr_line' id='line_1_104' title="bbox 2034 5501 2988 5569; baseline 0.002 -10"><span class='ocrx_word' id='word_1_763' title='bbox 2034 5501 2154 5559; x_wconf 77' lang='lat' dir='ltr'><strong>Cor.</strong></span> <span class='ocrx_word' id='word_1_764' title='bbox 2194 5519 2223 5558; x_wconf 73' lang='grc' dir='ltr'><strong>ιι</strong></span> <span class='ocrx_word' id='word_1_765' title='bbox 2251 5543 2265 5569; x_wconf 93' lang='grc'><strong>,</strong></span> <span class='ocrx_word' id='word_1_766' title='bbox 2308 5503 2390 5559; x_wconf 87' lang='grc'><strong>16.</strong></span> <span class='ocrx_word' id='word_1_767' title='bbox 2470 5505 2515 5537; x_wconf 73' lang='grc'><strong>⁸⁸</strong></span> <span class='ocrx_word' id='word_1_768' title='bbox 2553 5505 2571 5559; x_wconf 95' lang='lat' dir='ltr'><strong>l</strong></span> <span class='ocrx_word' id='word_1_769' title='bbox 2607 5507 2734 5561; x_wconf 84' lang='lat' dir='ltr'><strong>Cor.</strong></span> <span class='ocrx_word' id='word_1_770' title='bbox 2773 5521 2863 5567; x_wconf 81' lang='grc' dir='ltr'>ιιι,</span> <span class='ocrx_word' id='word_1_771' title='bbox 2898 5506 2988 5561; x_wconf 73' lang='lat' dir='ltr'><strong>2i.</strong></span> 
     </span>
    </p>
   </div>
   <div class='ocr_carea' id='block_1_105' title="bbox 349 5559 1448 5632">
    <p class='ocr_par' dir='ltr' id='par_1_105' title="bbox 349 5559 1448 5632">
     <span class='ocr_line' id='line_1_105' title="bbox 349 5559 1448 5632; baseline 0.005 -18"><span class='ocrx_word' id='word_1_772' title='bbox 349 5559 419 5592; x_wconf 82' lang='grc'><strong>⁶¹⁶</strong></span> <span class='ocrx_word' id='word_1_773' title='bbox 458 5561 634 5618; x_wconf 85' lang='lat' dir='ltr'><strong>Galat.</strong></span> <span class='ocrx_word' id='word_1_774' title='bbox 669 5579 758 5627; x_wconf 71' lang='grc' dir='ltr'>γι,</span> <span class='ocrx_word' id='word_1_775' title='bbox 801 5562 888 5619; x_wconf 70' lang='grc'><strong>14.</strong></span> <span class='ocrx_word' id='word_1_776' title='bbox 965 5563 1008 5595; x_wconf 72' lang='grc'><strong>⁸⁸</strong></span> <span class='ocrx_word' id='word_1_777' title='bbox 1050 5565 1069 5619; x_wconf 96' lang='grc'><strong>1</strong></span> <span class='ocrx_word' id='word_1_778' title='bbox 1104 5565 1232 5620; x_wconf 87' lang='lat' dir='ltr'><strong>Cor.</strong></span> <span class='ocrx_word' id='word_1_779' title='bbox 1273 5583 1326 5632; x_wconf 82' lang='grc' dir='ltr'><strong>ι,</strong></span> <span class='ocrx_word' id='word_1_780' title='bbox 1359 5567 1448 5621; x_wconf 79' lang='grc'><strong>⁸51.</strong></span> 
     </span>
    </p>
   </div>
   <div class='ocr_carea' id='block_1_106' title="bbox 2027 4394 3598 4468">
    <p class='ocr_par' dir='ltr' id='par_1_106' title="bbox 2027 4394 3598 4468">
     <span class='ocr_line' id='line_1_106' title="bbox 2027 4394 3598 4468; baseline 0.004 -23"><span class='ocrx_word' id='word_1_781' title='bbox 2027 4394 2234 4460; x_wconf 85' lang='lat' dir='ltr'><strong>sapiens</strong></span> <span class='ocrx_word' id='word_1_782' title='bbox 2271 4395 2325 4447; x_wconf 89' lang='lat' dir='ltr'><strong>in</strong></span> <span class='ocrx_word' id='word_1_783' title='bbox 2377 4396 2640 4464; x_wconf 86' lang='lat' dir='ltr'><strong>sapientia</strong></span> <span class='ocrx_word' id='word_1_784' title='bbox 2670 4412 2770 4449; x_wconf 86' lang='lat' dir='ltr'><strong>sua</strong></span> <span class='ocrx_word' id='word_1_785' title='bbox 2801 4397 2879 4461; x_wconf 77' lang='grc'><strong>⁵⁷,</strong></span> <span class='ocrx_word' id='word_1_786' title='bbox 2913 4407 2967 4451; x_wconf 89' lang='lat' dir='ltr'><strong>et</strong></span> <span class='ocrx_word' id='word_1_787' title='bbox 3001 4397 3240 4466; x_wconf 89' lang='lat' dir='ltr'><strong>reliqua;</strong></span> <span class='ocrx_word' id='word_1_788' title='bbox 3265 4413 3373 4458; x_wconf 88' lang='lat' dir='ltr'><strong>non</strong></span> <span class='ocrx_word' id='word_1_789' title='bbox 3411 4397 3598 4468; x_wconf 46' lang='lat' dir='ltr'><strong>hujus.</strong></span> 
     </span>
    </p>
   </div>
   <div class='ocr_carea' id='block_1_107' title="bbox 2027 4485 3600 4558">
    <p class='ocr_par' dir='ltr' id='par_1_107' title="bbox 2027 4485 3600 4558">
     <span class='ocr_line' id='line_1_107' title="bbox 2027 4485 3600 4558; baseline 0.006 -20"><span class='ocrx_word' id='word_1_790' title='bbox 2027 4485 2172 4540; x_wconf 90' lang='lat' dir='ltr'><strong>modi</strong></span> <span class='ocrx_word' id='word_1_791' title='bbox 2200 4501 2333 4541; x_wconf 90' lang='lat' dir='ltr'><strong>sane</strong></span> <span class='ocrx_word' id='word_1_792' title='bbox 2354 4487 2528 4556; x_wconf 79' lang='lat' dir='ltr'><strong>gloria</strong></span> <span class='ocrx_word' id='word_1_793' title='bbox 2572 4487 2693 4556; x_wconf 88' lang='lat' dir='ltr'><strong>ejus</strong></span> <span class='ocrx_word' id='word_1_794' title='bbox 2739 4494 2843 4552; x_wconf 89' lang='lat' dir='ltr'><strong>est,</strong></span> <span class='ocrx_word' id='word_1_795' title='bbox 2866 4488 2959 4558; x_wconf 92' lang='lat' dir='ltr'><strong>qui</strong></span> <span class='ocrx_word' id='word_1_796' title='bbox 2998 4489 3079 4547; x_wconf 91' lang='lat' dir='ltr'><strong>sic</strong></span> <span class='ocrx_word' id='word_1_797' title='bbox 3109 4489 3184 4542; x_wconf 85' lang='lat' dir='ltr'><strong>ait</strong></span> <span class='ocrx_word' id='word_1_798' title='bbox 3222 4488 3395 4543; x_wconf 76' lang='lat' dir='ltr'><strong>:Miln&#39;</strong></span> <span class='ocrx_word' id='word_1_799' title='bbox 3428 4502 3600 4548; x_wconf 87' lang='lat' dir='ltr'><strong>autem</strong></span> 
     </span>
    </p>
   </div>
   <div class='ocr_carea' id='block_1_108' title="bbox 2025 4575 3599 4648">
    <p class='ocr_par' dir='ltr' id='par_1_108' title="bbox 2025 4575 3599 4648">
     <span class='ocr_line' id='line_1_108' title="bbox 2025 4575 3599 4648; baseline 0.006 -20"><span class='ocrx_word' id='word_1_800' title='bbox 2025 4575 2164 4629; x_wconf 83' lang='lat' dir='ltr'><strong>absit</strong></span> <span class='ocrx_word' id='word_1_801' title='bbox 2212 4577 2469 4648; x_wconf 89' lang='lat' dir='ltr'><strong>gloriari,</strong></span> <span class='ocrx_word' id='word_1_802' title='bbox 2511 4579 2616 4632; x_wconf 86' lang='lat' dir='ltr'><strong>nisi</strong></span> <span class='ocrx_word' id='word_1_803' title='bbox 2656 4579 2710 4631; x_wconf 89' lang='lat' dir='ltr'><strong>in</strong></span> <span class='ocrx_word' id='word_1_804' title='bbox 2770 4595 2920 4633; x_wconf 88' lang='lat' dir='ltr'><strong>cruce</strong></span> <span class='ocrx_word' id='word_1_805' title='bbox 2973 4579 3184 4634; x_wconf 86' lang='lat' dir='ltr'><strong>Domini</strong></span> <span class='ocrx_word' id='word_1_806' title='bbox 3241 4582 3410 4636; x_wconf 89' lang='lat' dir='ltr'><strong>nostri</strong></span> <span class='ocrx_word' id='word_1_807' title='bbox 3471 4581 3599 4637; x_wconf 76' lang='lat' dir='ltr'><strong>J‘esu</strong></span> 
     </span>
    </p>
   </div>
   <div class='ocr_carea' id='block_1_109' title="bbox 2026 4667 3598 4747">
    <p class='ocr_par' dir='ltr' id='par_1_109' title="bbox 2026 4667 3598 4747">
     <span class='ocr_line' id='line_1_109' title="bbox 2026 4667 3598 4747; baseline 0.004 -24"><span class='ocrx_word' id='word_1_808' title='bbox 2026 4667 2224 4724; x_wconf 84' lang='lat' dir='ltr'><strong>Christi</strong></span> <span class='ocrx_word' id='word_1_809' title='bbox 2255 4669 2345 4737; x_wconf 70' lang='lat'><strong>‘7&#39;;</strong></span> <span class='ocrx_word' id='word_1_810' title='bbox 2369 4677 2424 4725; x_wconf 87' lang='lat' dir='ltr'><strong>et</strong></span> <span class='ocrx_word' id='word_1_811' title='bbox 2453 4689 2467 4725; x_wconf 91' lang='lat'><strong>:</strong></span> <span class='ocrx_word' id='word_1_812' title='bbox 2495 4670 2600 4737; x_wconf 82' lang='lat' dir='ltr'><strong>Qui</strong></span> <span class='ocrx_word' id='word_1_813' title='bbox 2634 4672 2895 4743; x_wconf 74' lang='lat' dir='ltr'><strong>gloriatur</strong></span> <span class='ocrx_word' id='word_1_814' title='bbox 2914 4674 2971 4727; x_wconf 88' lang='lat' dir='ltr'><strong>in</strong></span> <span class='ocrx_word' id='word_1_815' title='bbox 3001 4673 3228 4730; x_wconf 74' lang='lat' dir='ltr'><strong>Domina</strong></span> <span class='ocrx_word' id='word_1_816' title='bbox 3263 4674 3517 4747; x_wconf 85' lang='lat' dir='ltr'><strong>glorietur</strong></span> <span class='ocrx_word' id='word_1_817' title='bbox 3534 4677 3598 4730; x_wconf 80' lang='grc'><strong>⁸⁸.</strong></span> 
     </span>
    </p>
   </div>
   <div class='ocr_carea' id='block_1_110' title="bbox 2026 4762 3597 4839">
    <p class='ocr_par' dir='ltr' id='par_1_110' title="bbox 2026 4762 3597 4839">
     <span class='ocr_line' id='line_1_110' title="bbox 2026 4762 3597 4839; baseline 0.004 -22"><span class='ocrx_word' id='word_1_818' title='bbox 2026 4762 2187 4820; x_wconf 90' lang='lat' dir='ltr'><strong>Tales</strong></span> <span class='ocrx_word' id='word_1_819' title='bbox 2215 4764 2251 4819; x_wconf 91' lang='lat' dir='ltr'><strong>ii</strong></span> <span class='ocrx_word' id='word_1_820' title='bbox 2284 4774 2411 4821; x_wconf 92' lang='lat' dir='ltr'><strong>sunt</strong></span> <span class='ocrx_word' id='word_1_821' title='bbox 2450 4766 2517 4821; x_wconf 92' lang='lat' dir='ltr'><strong>de</strong></span> <span class='ocrx_word' id='word_1_822' title='bbox 2545 4766 2744 4836; x_wconf 89' lang='lat' dir='ltr'><strong>quibus</strong></span> <span class='ocrx_word' id='word_1_823' title='bbox 2760 4765 2872 4836; x_wconf 91' lang='lat' dir='ltr'><strong>jam</strong></span> <span class='ocrx_word' id='word_1_824' title='bbox 2909 4783 3089 4823; x_wconf 89' lang='lat' dir='ltr'><strong>sermo</strong></span> <span class='ocrx_word' id='word_1_825' title='bbox 3123 4776 3226 4832; x_wconf 89' lang='lat' dir='ltr'><strong>est,</strong></span> <span class='ocrx_word' id='word_1_826' title='bbox 3253 4767 3348 4839; x_wconf 88' lang='lat' dir='ltr'><strong>qui</strong></span> <span class='ocrx_word' id='word_1_827' title='bbox 3391 4770 3597 4826; x_wconf 85' lang='lat' dir='ltr'><strong>scilicet</strong></span> 
     </span>
    </p>
   </div>
   <div class='ocr_carea' id='block_1_111' title="bbox 2024 4857 3597 4930">
    <p class='ocr_par' dir='ltr' id='par_1_111' title="bbox 2024 4857 3597 4930">
     <span class='ocr_line' id='line_1_111' title="bbox 2024 4857 3597 4930; baseline 0.004 -19"><span class='ocrx_word' id='word_1_828' title='bbox 2024 4857 2334 4915; x_wconf 74' lang='lat' dir='ltr'><strong>dilexerunt</strong></span> <span class='ocrx_word' id='word_1_829' title='bbox 2371 4874 2567 4915; x_wconf 89' lang='lat' dir='ltr'><strong>nomen</strong></span> <span class='ocrx_word' id='word_1_830' title='bbox 2621 4858 2764 4928; x_wconf 83' lang='lat' dir='ltr'><strong>ejus.</strong></span> <span class='ocrx_word' id='word_1_831' title='bbox 2824 4858 3053 4930; x_wconf 80' lang='lat' dir='ltr'><strong>PrOprio</strong></span> <span class='ocrx_word' id='word_1_832' title='bbox 3104 4861 3249 4916; x_wconf 91' lang='lat' dir='ltr'><strong>enim</strong></span> <span class='ocrx_word' id='word_1_833' title='bbox 3302 4861 3597 4919; x_wconf 80' lang='lat' dir='ltr'><strong>voluntatis</strong></span> 
     </span>
    </p>
   </div>
   <div class='ocr_carea' id='block_1_112' title="bbox 2021 4949 3594 5025">
    <p class='ocr_par' dir='ltr' id='par_1_112' title="bbox 2021 4949 3594 5025">
     <span class='ocr_line' id='line_1_112' title="bbox 2021 4949 3594 5025; baseline 0.003 -21"><span class='ocrx_word' id='word_1_834' title='bbox 2021 4949 2257 5016; x_wconf 90' lang='lat' dir='ltr'><strong>delectu,</strong></span> <span class='ocrx_word' id='word_1_835' title='bbox 2294 4968 2404 5007; x_wconf 92' lang='lat' dir='ltr'><strong>non</strong></span> <span class='ocrx_word' id='word_1_836' title='bbox 2431 4962 2609 5006; x_wconf 88' lang='lat' dir='ltr'><strong>autem</strong></span> <span class='ocrx_word' id='word_1_837' title='bbox 2646 4953 2864 5020; x_wconf 90' lang='lat' dir='ltr'><strong>timore,</strong></span> <span class='ocrx_word' id='word_1_838' title='bbox 2901 4952 3068 5007; x_wconf 85' lang='lat' dir='ltr'><strong>Deum</strong></span> <span class='ocrx_word' id='word_1_839' title='bbox 3121 4954 3363 5010; x_wconf 88' lang='lat' dir='ltr'><strong>colentes</strong></span> <span class='ocrx_word' id='word_1_840' title='bbox 3397 4954 3594 5025; x_wconf 79' lang='lat' dir='ltr'><strong>gloria-</strong></span> 
     </span>
    </p>
   </div>
   <div class='ocr_carea' id='block_1_113' title="bbox 2021 5042 3588 5116">
    <p class='ocr_par' dir='ltr' id='par_1_113' title="bbox 2021 5042 3588 5116">
     <span class='ocr_line' id='line_1_113' title="bbox 2021 5042 3588 5116; baseline 0.003 -20"><span class='ocrx_word' id='word_1_841' title='bbox 2021 5042 2239 5097; x_wconf 87' lang='lat' dir='ltr'><strong>bantur.</strong></span> <span class='ocrx_word' id='word_1_842' title='bbox 2277 5042 2448 5098; x_wconf 88' lang='lat' dir='ltr'><strong>Porro</strong></span> <span class='ocrx_word' id='word_1_843' title='bbox 2475 5043 2808 5113; x_wconf 84' lang='lat' dir='ltr'><strong>gloriationis</strong></span> <span class='ocrx_word' id='word_1_844' title='bbox 2832 5045 3146 5116; x_wconf 89' lang='lat' dir='ltr'><strong>hujusmodi</strong></span> <span class='ocrx_word' id='word_1_845' title='bbox 3181 5059 3346 5102; x_wconf 88' lang='lat' dir='ltr'><strong>causa</strong></span> <span class='ocrx_word' id='word_1_846' title='bbox 3373 5061 3404 5100; x_wconf 88' lang='lat' dir='ltr'><strong>a</strong></span> <span class='ocrx_word' id='word_1_847' title='bbox 3429 5046 3588 5102; x_wconf 66' lang='lat' dir='ltr'><strong>cccle-</strong></span> 
     </span>
    </p>
   </div>
   <div class='ocr_carea' id='block_1_114' title="bbox 2020 5137 3590 5210">
    <p class='ocr_par' dir='ltr' id='par_1_114' title="bbox 2020 5137 3590 5210">
     <span class='ocr_line' id='line_1_114' title="bbox 2020 5137 3590 5210; baseline -0.001 -17"><span class='ocrx_word' id='word_1_848' title='bbox 2020 5137 2194 5193; x_wconf 88' lang='lat' dir='ltr'><strong>stibus</strong></span> <span class='ocrx_word' id='word_1_849' title='bbox 2233 5137 2706 5194; x_wconf 89' lang='lat' dir='ltr'><strong>benedictionibus</strong></span> <span class='ocrx_word' id='word_1_850' title='bbox 2740 5142 3258 5210; x_wconf 86' lang='lat' dir='ltr'><strong>quasconsecuturi</strong></span> <span class='ocrx_word' id='word_1_851' title='bbox 3301 5148 3428 5194; x_wconf 89' lang='lat' dir='ltr'><strong>sunt</strong></span> <span class='ocrx_word' id='word_1_852' title='bbox 3460 5139 3590 5208; x_wconf 86' lang='lat' dir='ltr'><strong>peti-</strong></span> 
     </span>
    </p>
   </div>
   <div class='ocr_carea' id='block_1_115' title="bbox 2019 5231 3590 5303">
    <p class='ocr_par' dir='ltr' id='par_1_115' title="bbox 2019 5231 3590 5303">
     <span class='ocr_line' id='line_1_115' title="bbox 2019 5231 3590 5303; baseline -0.001 -20"><span class='ocrx_word' id='word_1_853' title='bbox 2019 5237 2142 5297; x_wconf 88' lang='lat' dir='ltr'><strong>tur;</strong></span> <span class='ocrx_word' id='word_1_854' title='bbox 2175 5231 2470 5302; x_wconf 82' lang='lat' dir='ltr'><strong>de-quibus</strong></span> <span class='ocrx_word' id='word_1_855' title='bbox 2497 5231 2573 5284; x_wconf 84' lang='lat' dir='ltr'><strong>ait</strong></span> <span class='ocrx_word' id='word_1_856' title='bbox 2599 5231 2894 5303; x_wconf 86' lang='lat' dir='ltr'><strong>Apostolus</strong></span> <span class='ocrx_word' id='word_1_857' title='bbox 2926 5253 2940 5286; x_wconf 73' lang='grc' dir='ltr'><strong>ι</strong></span> <span class='ocrx_word' id='word_1_858' title='bbox 2976 5232 3289 5288; x_wconf 82' lang='lat' dir='ltr'><strong>Benedictus</strong></span> <span class='ocrx_word' id='word_1_859' title='bbox 3316 5231 3590 5292; x_wconf 79' lang='lat' dir='ltr'><strong>Dominus,</strong></span> 
     </span>
    </p>
   </div>
   <div class='ocr_carea' id='block_1_116' title="bbox 2018 5322 3589 5396">
    <p class='ocr_par' dir='ltr' id='par_1_116' title="bbox 2018 5322 3589 5396">
     <span class='ocr_line' id='line_1_116' title="bbox 2018 5322 3589 5396; baseline -0.003 -15"><span class='ocrx_word' id='word_1_860' title='bbox 2018 5324 2105 5395; x_wconf 83' lang='lat' dir='ltr'><strong>qui</strong></span> <span class='ocrx_word' id='word_1_861' title='bbox 2131 5322 2392 5380; x_wconf 73' lang='lat' dir='ltr'><strong>benedixit</strong></span> <span class='ocrx_word' id='word_1_862' title='bbox 2425 5344 2518 5381; x_wconf 85' lang='lat' dir='ltr'><strong>nos</strong></span> <span class='ocrx_word' id='word_1_863' title='bbox 2559 5328 2804 5385; x_wconf 84' lang='lat' dir='ltr'><strong>inomni</strong></span> <span class='ocrx_word' id='word_1_864' title='bbox 2854 5327 3206 5383; x_wconf 81' lang='lat' dir='ltr'><strong>benedictione</strong></span> <span class='ocrx_word' id='word_1_865' title='bbox 3231 5324 3497 5396; x_wconf 85' lang='lat' dir='ltr'><strong>spirituali</strong></span> <span class='ocrx_word' id='word_1_866' title='bbox 3540 5326 3589 5378; x_wconf 82' lang='lat' dir='ltr'><strong>in</strong></span> 
     </span>
    </p>
   </div>
   <div class='ocr_carea' id='block_1_117' title="bbox 3089 5498 3600 5564">
    <p class='ocr_par' dir='ltr' id='par_1_117' title="bbox 3089 5498 3600 5564">
     <span class='ocr_line' id='line_1_117' title="bbox 3089 5498 3600 5564; baseline 0.006 -8"><span class='ocrx_word' id='word_1_867' title='bbox 3089 5504 3131 5536; x_wconf 81' lang='grc'><strong>⁸⁷</strong></span> <span class='ocrx_word' id='word_1_868' title='bbox 3155 5500 3352 5558; x_wconf 73' lang='lat' dir='ltr'><strong>Jerem.</strong></span> <span class='ocrx_word' id='word_1_869' title='bbox 3388 5514 3464 5564; x_wconf 76' lang='lat' dir='ltr'><strong>rx,</strong></span> <span class='ocrx_word' id='word_1_870' title='bbox 3496 5498 3600 5559; x_wconf 60' lang='grc'><strong>23.-</strong></span> 
     </span>
    </p>
   </div>
  </div>
