4042 6210
1187 220 1457 278 EUSEBII
1492 220 1976 279 CAESARIENSIS
2013 218 2365 278 OPP.PARS
2401 219 2490 278 lll.
2529 251 2603 264 —
2635 219 3042 277 EXEGETICA.

3638 221 3745 279 120

484 333 779 390 cmlestibus
809 335 875 389 ".
935 332 1087 391 Finis
1149 347 1326 391 autem
1374 337 1639 392 bonorum
1692 335 1747 390 in
1803 351 1869 390 ea
1905 349 2046 406 quan

2175 336 2204 388 ὀ
2230 335 2331 407 τῆς
2376 335 2721 407 δικαιοσύνης
2766 335 3048 405 στέφανος,
3087 328 3148 392 οὗ
3193 337 3472 404 τεύξονται
3514 342 3563 394 oi
3603 342 3746 397 κατά

483 440 772 496 speramus
822 425 1171 495 haereditate,
1210 424 1293 483 est
1337 443 1542 484 corona
1599 427 1853 497 iustitiae,
1901 443 2061 498 quam

484 526 887 574 consecuturus
913 527 997 574 est
1028 519 1278 590 quisquis
1306 535 1428 575 cum
1457 521 1629 577 Paulo
1652 521 1835 577 dicere
1866 523 2013 577 valet
2048 542 2063 578 :

484 606 555 663 In
585 610 784 680 reliquo
816 612 1048 681 reposita
1078 621 1155 665 est
1188 612 1317 665 mihi
1345 629 1541 667 corona
1563 612 1793 683 justitia:
1818 613 1866 645 ⁷⁸
1906 631 1922 667 :
1957 627 2066 684 quo

482 716 683 771 genere
714 717 993 758 armorum
1016 702 1092 757 uti
1116 701 1261 759 Deus
1293 704 1487 771 voluit,
1522 715 1581 760 ut
1619 721 1751 762 suos
1770 719 1799 760 a
1826 703 2068 777 quolibet

480 791 670 848 hostili
708 793 1051 849 inimicorum
1082 794 1306 851 incursu
1335 795 1671 853 defenderet.

967 903 1297 963 PSALMUS
1329 905 1541 961 υΑγιι)
1574 908 1658 964 Ἣ.

772 1016 823 1070 1.
856 1015 925 1072 In
948 1017 1109 1088 ﬁnem
1137 1019 1195 1075 in
1227 1019 1457 1091 hymnis,
1487 1037 1584 1091 pro
1611 1034 1815 1081 octava.

547 1152 752 1211 Octava
784 1162 870 1212 est
898 1156 1158 1213 salutaris
1184 1161 1606 1219 resurrectionis
1635 1163 1844 1222 Christi
1876 1164 2066 1223 Domi-

476 1246 599 1301 nica
628 1246 768 1313 dies,
802 1249 861 1302 in
890 1264 999 1320 qua
1032 1258 1382 1320 peccatorum
1414 1255 1656 1310 omnium
1688 1258 2063 1329 purgationem

475 1354 599 1395 esse
630 1339 943 1410 credimus;
970 1343 1026 1397 in
1057 1358 1166 1415 qua
1188 1345 1488 1418 symbolice
1517 1349 1739 1419 quidem
1774 1354 2063 1415 circumci-

476 1427 746 1486 dehantur
764 1446 957 1488 omnes
988 1431 1246 1499 infantes,
1281 1434 1381 1490 sed
1412 1451 1601 1492 revera
1634 1452 1732 1508 per
1768 1454 2061 1511 regenera-

472 1521 682 1580 tionem
734 1530 1003 1595 purgatur
1057 1525 1239 1581 anima
1295 1528 1554 1598 quaelibet
1608 1529 1665 1584 in
1708 1528 1820 1586 Deo
1855 1532 2058 1603 genita.

472 1614 665 1687 Usque
689 1617 823 1672 adeo
865 1626 1047 1672 autem
1098 1619 1452 1689 praestantior
1483 1629 1568 1676 est
1596 1621 1685 1678 die
1716 1623 1966 1693 septima,
2002 1630 2062 1678 ut

474 1706 531 1762 in
578 1724 641 1764 ea
688 1711 935 1766 solvatur
960 1712 1043 1771 lex
1084 1711 1334 1777 Sabbati,
1370 1712 1417 1768 si
1446 1727 1571 1767 cum
1612 1722 1807 1768 octava
1831 1712 2059 1770 infantis

472 1800 562 1856 die
588 1801 793 1858 incidat
821 1803 1050 1859 Sabbati
1082 1803 1201 1860 dies
1233 1823 1247 1859 :
1284 1805 1450 1861 homo
1478 1804 1679 1876 quippe
1714 1807 1801 1862 vel
1830 1809 1884 1861 In
1920 1804 2060 1863 Sab-

472 1895 598 1952 ἓτειο
635 1896 1069 1952 circumciditur.
1514 1950 1519 1955 ,

544 1983 710 2042 Vens.
777 1985 899 2041 2-4.
962 1985 1200 2051 Domine,
1277 2002 1341 2040 ne
1396 1986 1454 2040 in
1487 1985 1667 2056 furore
1721 1996 1810 2043 tuo
1861 2004 2057 2060 arguas

469 2089 572 2141 me,
595 2092 755 2147 neque
776 2075 830 2130 in
859 2077 944 2130 ira
975 2084 1066 2130 tua
1087 2076 1345 2148 corripias
1376 2093 1479 2132 me.
1514 2076 1766 2133 Miserere
1789 2080 1912 2147 mei,
1941 2080 2054 2136 Do-

470 2170 630 2235 mine,
687 2171 938 2241 quoniam
975 2171 1217 2242 inﬁrmus
1276 2187 1433 2240 sum;
1492 2187 1625 2226 sana
1681 2189 1784 2238 me,
1811 2172 2051 2242 Domine,

469 2262 719 2333 quoniam
748 2263 1066 2318 conturbata
1099 2271 1223 2318 sunt
1256 2280 1378 2319 ossa
1423 2279 1563 2318 mea.
1592 2262 1729 2319 Nam
1772 2280 1933 2323 omne
1958 2266 2054 2326 de‘

469 2356 659 2412 lictum
688 2373 754 2413 ex
790 2357 1106 2413 infirmitate
1135 2356 1334 2424 oritur,
1371 2357 1500 2429 quia
1524 2358 1708 2413 anima
1751 2357 1819 2413 ad
1854 2375 2052 2432 pravos

471 2463 686 2519 semper
706 2447 932 2505 allectus
953 2450 1250 2506 inclinatur
1281 2466 1294 2503 :
1328 2458 1663 2520 quapropter
1698 2448 1764 2503 ad
1798 2448 2054 2507 Servato-

468 2553 582 2593 rem
606 2546 659 2594 et
682 2539 973 2609 medicum,
1007 2540 1106 2597 Dei
1133 2541 1341 2598 scilicet
1374 2538 1597 2608 Filium,
1628 2540 1892 2613 confugit.
1915 2542 2051 2598 Nam

466 2643 591 2684 cum
634 2631 690 2685 iu
723 2632 962 2686 animam
1011 2633 1389 2689 rationabilem
1439 2634 1678 2699 advenit,
1710 2642 1896 2706 utpote
1929 2651 2048 2691 ver-

463 2719 591 2776 bum
643 2730 696 2777 et
726 2723 867 2780 ratio
896 2723 1014 2790 Dei,
1062 2725 1185 2795 ejus
1215 2726 1623 2782 irrationabiles
1653 2735 1837 2782 motus
1873 2728 2052 2783 elimi.

461 2820 595 2882 nat;
630 2823 688 2869 ut
718 2816 1007 2886 sapientia,
1043 2817 1112 2871 ab
1142 2817 1465 2887 insipientia
1500 2818 1674 2888 ipsam
1720 2817 1934 2883 liberat,
1993 2826 2051 2874 ut

461 2904 672 2975 iustitia
701 2906 770 2960 ab
802 2906 1100 2977 iniustitia,
1153 2914 1214 2960 ut
1253 2908 1456 2961 veritas
1498 2922 1526 2961 a
1574 2907 1882 2963 mendacio.
1940 2907 2050 2965 Bo-

458 3001 651 3058 bustas
696 3014 864 3072 porro
891 2999 1062 3055 animi
1110 3000 1256 3055 vires
1285 2999 1621 3063 subindicat,
1667 3015 1790 3054 cum
1816 3002 1892 3055 ait
1916 3017 2049 3057 con-

2173 428 2386 483 Παῦλον
2417 428 2595 499 λέγειν
2629 429 2944 501 δυνάμενον
2977 428 3203 485 Λοιπὸν
3232 432 3540 487 ἀπόκειται
3567 451 3668 504 μοι
3710 437 3748 491 ὁ

2168 519 2279 589 τῆς
2298 521 2686 590 δικαιοσύνης
2703 520 3002 593 στέφανος
3019 540 3033 555 ο
3063 516 3217 597 ᾧπερ
3240 524 3534 597 ηὐδόκησεν
3562 528 3591 580 ὁ
3610 526 3746 595 Θεὸς

2166 611 2321 682 ὅπλῳ
2348 611 2655 683 χρήσασθαι
2689 613 3002 685 φυλακτικῷ
3029 612 3209 685 πάσης
3253 613 3443 684 ἐφόδου
3473 614 3745 689 πολεμίων

2175 700 2440 773 ἐπιούσης
2464 701 2608 755 κατά
2631 701 2740 756 τῶν
2761 704 2975 757 οἰκείων
3001 701 3188 758 αὑτοῦ.

2552 905 2850 959 ΨΑΛΜΟΣ
2892 905 2980 959 Ta
3027 906 3225 960 ΔΑΥιΑ
3260 908 3352 975 εῖν.

2271 1020 2377 1085 Εἰς
2413 1017 2480 1073 τὸ
2513 1016 2689 1086 τέλος
2714 1018 2785 1072 ἐν
2827 1018 3039 1089 ὕμνοις
3070 1018 3222 1090 ὑπὲρ
3247 1019 3360 1090 τῆς
3396 1021 3631 1092 ὀγδόης.

2249 1150 2437 1223 Ὀγδόη
2457 1152 2875 1223 ἡάναστάσιμος
2887 1152 2983 1206 τοῦ
3009 1153 3261 1226 Σωτῆρος
3285 1155 3469 1229 ἡμέρα
3501 1160 3740 1232 κυριακὴ

2167 1246 2465 1317 σωτήριος,
2488 1247 2545 1300 ἐν
2625 1246 2843 1301 πάντων
2863 1250 3276 1322 ἁμαρτημάτων
3290 1248 3582 1321 καθάρσιον
3604 1248 3741 1307 εἶναι

2164 1339 2493 1411 πιστεύομεν
2511 1357 2526 1371 ·
2553 1343 2610 1395 ἐν
2638 1334 2673 1415 ᾖ
2695 1341 3037 1413 συμϐολικῶς
3063 1342 3162 1414 μὲν
3182 1343 3327 1397 ἅπαν
3357 1345 3740 1416 περιετέμνετο

2161 1430 2386 1504 βρέφος,
2420 1431 2562 1486 κατά
2589 1431 2647 1485 δέ
2671 1432 2734 1486 τὸ
2756 1433 2955 1505 ἀληθὲς
2997 1434 3319 1507 καθαίρεται
3348 1435 3416 1491 δι’
3449 1438 3739 1510 ἀναγεννή-

2163 1539 2303 1589 σεως
2332 1526 2484 1580 πᾶσα
2532 1526 2593 1580 ἐν
2646 1524 2767 1597 Θεῷ
2800 1526 2947 1598 ψυχὴ
2999 1528 3333 1599 γεννωμένη.
3377 1528 3641 1583 Τοσοῦτον
3682 1528 3739 1583 δὲ

2162 1618 2413 1686 κρεῖττον
2464 1616 2604 1687 αὐτὴ
2636 1616 2735 1687 τῆς
2758 1616 3012 1689 ἑϐδόμης,
3033 1617 3109 1681 ὡς
3129 1619 3189 1671 ἐν
3214 1618 3349 1690 αὐτῇ
3399 1616 3619 1673 λύεσθαι
3639 1617 3739 1689 τὴν

2162 1706 2292 1777 περὶ
2339 1705 2434 1761 τοῦ
2496 1706 2765 1762 σαϐϐάτου
2817 1706 3157 1780 νομοθεσίαν,
3205 1709 3253 1761 εί
3289 1706 3583 1763 καταλάϐοι
3616 1709 3738 1761 κατ’

2087 1769 2132 1826 Β
2161 1769 2329 1870 αὐτὴν
2355 1798 2498 1871 ήτοῦ
2524 1798 2755 1870 βρέφους
2777 1769 2936 1871 ὁγδύη
2953 1816 2966 1830 ⁸
2996 1769 3382 1873 περιτέμνεται
3401 1798 3510 1871 γάρ
3531 1798 3739 1872 ἀνθρω-

2159 1907 2259 1954 reo;
2283 1891 2341 1946 ἐν
2372 1890 2644 1963 σαϐϐάτῳ.

2229 1984 2427 2051 Κύριε,
2464 1984 2552 2054 μὴ
2602 1982 2685 2049 τῷ
2712 1982 2878 2053 θυμῷ
2922 1999 3040 2038 σου
3061 1982 3317 2053 ἐλέγξῃς
3350 2001 3448 2053 με,
3471 1982 3627 2053 μηδέ
3658 1979 3736 2052 τῇ

2157 2075 2305 2148 ὀργῇ
2334 2092 2452 2132 σου
2472 2076 2806 2146 παιδεύσῃς
2819 2093 2918 2146 με.
2972 2076 3265 2145 Ἐλέησόν
3287 2093 3385 2146 με,
3418 2076 3614 2144 Κύριε,
3643 2073 3734 2128 ὅτι

2155 2168 2423 2237 ἀσθενής
2467 2173 2617 2240 ειμι·
2653 2169 2823 2224 ἴασαι
2858 2187 2956 2240 με,
2982 2169 3182 2237 Κύριε,
3218 2167 3308 2222 ὅτι
3332 2166 3628 2248 ἐταράχθη
3659 2166 3733 2222 τὰ

2156 2259 2308 2320 ὀστᾶ
2321 2279 2461 2331 μου.
2506 2260 2595 2328 Ἐξ
2627 2261 2909 2326 ἀσθενείας
2942 2259 3052 2332 γάρ
3080 2259 3226 2314 ἂπαν
3251 2261 3557 2331 ἁμάρτημα
3582 2259 3731 2328 γίνε-

2153 2368 2266 2419 ται,
2306 2354 2445 2425 πρὸς
2488 2352 2550 2407 τὸ
2578 2353 2749 2419 πάθος
2778 2353 2868 2408 ἀεὶ
2915 2354 3015 2424 τῆς
3046 2353 3223 2424 ψυχῆς
3266 2351 3605 2423 ἐνδιδούσης·
3650 2350 3733 2405 διὸ

2153 2444 2489 2516 καταφεύγει
2514 2446 2651 2517 πρὸς
2693 2447 2785 2501 τὸν
2818 2446 3048 2518 Σωτῆρα
3102 2447 3195 2501 καὶ
3222 2444 3425 2517 ίατρὸν,
3466 2444 3560 2499 τὸν
3604 2443 3732 2496 Υἱὸν

2153 2538 2247 2594 τοῦ
2277 2538 2434 2594 Θεοῦ.
2475 2539 2862 2610 Ἐγγενόμενος
2883 2538 2994 2611 γὰρ
3016 2538 3162 2610 ψυχῇ
3197 2541 3263 2610 τῇ
3288 2524 3500 2609 λογικῇ,
3528 2536 3602 2601 ὡς
3630 2535 3730 2607 μὲν

2150 2631 2305 2701 λόγος
2330 2631 2465 2687 Θεοῦ
2499 2631 2598 2704 τὴν
2625 2631 2849 2702 ἀλογίαν
2875 2631 3043 2703 αὐτῆς
3063 2633 3409 2702 ἀφαιρεῖταιο
3445 2629 3521 2693 ὡς
3554 2628 3608 2681 δὲ
3641 2645 3730 2681 σο-

2152 2726 2250 2797 φία
2274 2727 2375 2798 τῆς
2402 2725 2711 2798 ἀφροσύνης
2732 2726 2903 2797 αὐτὴν
2929 2723 3279 2789 ἀπαλλάττει,
3307 2722 3402 2776 καὶ
3430 2720 3505 2786 ὡς
3531 2721 3730 2775 δικαιο-

2152 2817 2286 2890 σύνη
2316 2818 2415 2889 τῆς
2441 2817 2674 2884 ἀδικίας,
2697 2818 2792 2871 καὶ
2832 2817 2908 2881 ὡς
2949 2816 3175 2888 ἀλήθεια
3200 2815 3293 2871 τοῦ
3325 2814 3554 2885 ψεύδους
3580 2816 3730 2870 ἐλευ-

2150 2913 2318 2988 θεροῖ.
2348 2914 2459 2979 Τὰς
2492 2915 2748 2980 νεανικὰς
2782 2915 2838 2968 δέ
2879 2915 2981 2984 τῆς
3016 2914 3194 2986 ψυχῆς
3242 2915 3529 2984 ὑποφαίνει
3571 2915 3729 2971 δυνά-

2152 3023 2296 3079 μεις,
2316 3006 2646 3079 τεταράχθαι
2670 3006 2848 3077 φήσας
2880 3006 3043 3060 αὑτοῦ
3068 3006 3139 3059 τὰ
3161 3006 3315 3070 ὀστᾶ,
3344 3007 3411 3059 δι’
3435 3000 3509 3060 ὧν
3538 3006 3727 3061 εἴωθεν

458 3093 680 3147 turbata
720 3106 843 3147 esse
894 3105 1023 3147 ossa
1074 3106 1211 3155 sua,
1261 3091 1463 3162 quibus
1507 3092 1739 3148 viriliter
1792 3090 2046 3148 violentis

2149 3096 2478 3152 ἀντιϐαίνειν
2506 3100 2619 3162 τοῖς
2647 3096 2876 3152 πάθεσιν
2919 3096 3189 3168 ἀνδρικῶς
3214 3113 3228 3129 °
3264 3098 3293 3151 δ
3323 3097 3388 3168 δὴ
3414 3097 3727 3169 σαφηνίζων

461 3185 627 3238 animi
652 3183 893 3238 motibus
919 3183 1190 3239 obsistere
1234 3183 1482 3252 solebat;
1512 3184 1658 3254 quod
1707 3184 1762 3239 in
1814 3200 2050 3257 sequen-

460 3276 608 3331 tibus
638 3275 880 3330 declarat
935 3275 1022 3332 bis
1048 3276 1228 3332 verbis
1263 3295 1277 3332 :
1329 3274 1401 3329 Et
1440 3278 1620 3335 anima
1678 3294 1792 3332 mea
1835 3277 2048 3333 turbate

458 3382 535 3426 est
565 3369 737 3427 valde.
775 3360 984 3428 Medela
1016 3378 1199 3428 autem
1238 3387 1339 3443 pro
1365 3371 1682 3430 infirmitate
1714 3376 1932 3442 animae,
1965 3390 2048 3433 est

458 3478 488 3517 a
521 3462 632 3519 Deo
662 3463 862 3519 collata
906 3463 1115 3528 virtus,
1146 3479 1313 3535 quam
1365 3467 1623 3537 quisquis
1671 3467 1883 3524 obtinet
1911 3468 1987 3523 ait
2028 3488 2043 3525 :

458 3555 661 3614 Omnia'
683 3572 899 3627 possum
937 3559 994 3613 in
1022 3556 1234 3615 Christo
1263 3560 1353 3630 qui
1390 3575 1472 3614 me
1502 3559 1769 3630 confortat
1790 3562 1857 3616 ⁷³.
1886 3560 2044 3629 Quod

454 3656 634 3705 autem
659 3664 768 3705 non
794 3650 862 3706 de
889 3650 1265 3737 sensibilibus‘
1293 3652 1517 3708 ossibus
1556 3652 1832 3723 loquatur,
1862 3654 2043 3725 palam

454 3739 584 3794 facit
610 3741 742 3796 illud
773 3760 787 3796 :
819 3740 1013 3796 Omnia
1062 3759 1185 3797 ossa
1236 3760 1352 3797 mea
1392 3744 1568 3798 dicent
1598 3761 1616 3799 :
1648 3744 1892 3813 Domine,
1926 3747 2042 3816 quis

452 3830 646 3885 similis
675 3831 772 3884 tibi
800 3831 886 3884 7'?
915 3837 969 3886 et
998 3831 1131 3886 illud
1173 3848 1392 3904 quoque
1417 3851 1430 3886 :
1457 3832 1731 3903 Dissipata
1763 3846 1886 3890 sunt
1920 3853 2043 3891 ossa

453 3929 639 3974 nostra
676 3937 824 3975 secus
855 3921 1121 3990 infernum
1143 3925 1210 3975 ⁷³.

526 4010 595 4064 Et
635 4021 712 4075 tu,
779 4012 1025 4080 Domine,
1061 4018 1369 4086 usquequo?
1401 4014 1725 4071 Diuturnum
1772 4018 2044 4089 pmniten-

453 4102 542 4156 tiae
584 4117 697 4158 sua:
734 4111 949 4174 tempus
975 4106 1248 4161 enuntiat.
1297 4105 1510 4161 Etenim
1551 4108 1768 4177 sapiens
1804 4109 1895 4162 ille
1923 4107 2043 4162 ani-

449 4209 666 4249 marum
707 4196 977 4262 medicus,
1034 4213 1143 4252 non
1194 4200 1401 4262 statim,
1452 4215 1628 4270 neque
1688 4198 1758 4254 ad
1809 4198 2040 4269 primam

430 4287 888 4360 'elllagitationem
921 4291 1321 4362 supplicantem
1350 4293 1589 4355 exaudit,
1613 4301 1673 4347 ut
1700 4292 1756 4347 in
1780 4292 1873 4346 illo
1899 4292 2039 4363 aequi

448 4381 687 4453 bonique
730 4381 928 4439 all‘ectu
973 4383 1183 4440 diutius
1214 4393 1554 4455 permaneat,
1586 4400 1651 4439 ac
1680 4385 1892 4439 lirmam
1923 4395 2037 4440 sta-

2150 3190 2396 3262 ἐπήγαγε
2416 3206 2429 3221 ·
2464 3190 2574 3245 Καὶ
2598 3192 2639 3259 ἠ
2673 3189 2845 3260 ψυχή
2876 3207 2997 3260 μου
3018 3188 3312 3258 ἐταράχθη
3330 3189 3582 3259 σφόδρα.
3613 3191 3727 3242 Ἴα-

2152 3302 2236 3349 σις
2264 3285 2323 3339 δὲ
2348 3285 2631 3348 ἀσθενείας
2653 3284 2832 3356 ψυχῆς
2852 3286 2886 3356 ἠ
2921 3285 2987 3337 ἐκ
3020 3284 3156 3338 Θεοῦ
3191 3283 3418 3355 δύναμις
3436 3301 3450 3315 '
3482 3280 3550 3356 ἦς
3578 3285 3608 3337 ὁ
3629 3299 3725 3339 τυ-

2149 3375 2257 3447 χών
2282 3394 2445 3449 φησιο
2482 3376 2686 3430 Πάντα
2729 3376 2920 3446 ἰσχύω
2948 3375 3021 3429 ἐν
3047 3374 3126 3441 τῷ
3160 3374 3599 3446 ἐνδυναμοῦντί
3646 3391 3727 3444 με

2146 3467 2395 3540 Χριστῷ.
2432 3469 2551 3523 Ὅτι
2586 3467 2644 3522 δὲ
2671 3469 2746 3539 μὴ
2783 3468 3002 3532 πάντως
3025 3460 3259 3540 αίσθήτά
3293 3467 3364 3521 τά
3396 3469 3550 3533 ὀστᾶ,
3575 3467 3727 3539 δηλοῐ

2144 3562 2230 3628 τὸ,
2257 3561 2463 3616 Πάντα
2475 3560 2547 3614 τὰ
2563 3558 2716 3615 ὀστᾶ
2734 3577 2853 3630 μου
2882 3560 3156 3630 ἐροῦσιν·
3189 3562 3387 3629 Κύριε,
3414 3561 3505 3628 τις
3524 3561 3725 3631 ὅμοιός

2144 3669 2282 3719 σοι;
2340 3654 2453 3708 Καὶ
2484 3653 2567 3718 τὸ,
2595 3654 3032 3724 Διεσκορπίσθη
3053 3652 3128 3709 τὰ
3152 3651 3305 3711 ὀστᾶ
3341 3653 3514 3726 ἡμῶν
3562 3652 3725 3723 παρὰ

2143 3746 2251 3800 τὸν
2278 3745 2452 3814 ᾅδην.

2108 4028 2111 4029 ⁷
2213 4014 2324 4070 Καὶ
2377 4013 2482 4078 σὺ,
2529 4016 2746 4083 Κύριε,
2809 4012 2918 4077 ἕως
2985 4012 3162 4079 adre;
3221 4014 3333 4084 Τὴν
3383 4013 3474 4067 ἐπὶ
3523 4009 3722 4084 μακρῷ

2141 4106 2325 4179 χρόνῳ
2357 4108 2663 4180 παράτασιν
2716 4106 2816 4177 τῆς
2861 4106 3055 4161 ἑαυτοῦ
3113 4106 3403 4179 μετανοίας
3440 4103 3716 4176 ἐμφαίνει.

2153 4201 2210 4255 '0
2236 4201 2345 4271 γάρ
2368 4216 2451 4252 τοι
2497 4199 2660 4269 σοφὸς
2691 4197 2800 4253 τῶν
2842 4199 3028 4271 ψυχῶν
3070 4200 3252 4272 ἰατρὸς
3284 4200 3344 4253 οὐ
3379 4198 3717 4270 παραχρῆμα

2137 4293 2280 4349 κατὰ
2305 4291 2401 4365 τὴν
2432 4290 2655 4364 πρώτην
2677 4292 3010 4364 ἐπιστροφὴν
3037 4292 3296 4346 ἐπακούει
3315 4293 3409 4345 τοῦ
3437 4292 3712 4362 δεομένου,

2138 4385 2214 4450 ὡς
2235 4386 2292 4438 ἐν
2321 4384 2437 4450 ἔξει
2464 4386 2771 4458 παραμόνῳ
2815 4385 3039 4457 γένηται
3068 4384 3328 4454 τάγαθοῦ,
3359 4385 3580 4456 βεϐαίαν
3604 4384 3716 4438 δεί-

449 4472 721 4545 bilemque
736 4475 990 4531 exhibeat
1020 4475 1430 4548 paenitentiam;
1462 4477 1556 4533 sed
1575 4487 1699 4547 post
1725 4492 2032 4547 congruen-

2145 4480 2232 4547 ’ξας
2260 4481 2547 4551 μετάνοιαν
2571 4495 2586 4509 ·
2645 4480 2740 4532 καὶ
2770 4479 2907 4551 μετά
2946 4478 3043 4548 τὴν
3086 4479 3274 4550 ἱκανὴν
3300 4480 3596 4551 καρτερίαν
3617 4478 3717 4550 τὴν

447 4574 556 4621 tem
608 4568 661 4623 in
709 4569 1018 4627 confitendo
1068 4574 1532 4643 perseverantiam
1589 4592 1600 4627 :
1672 4571 1776 4637 Me,
1833 4574 2027 4646 inquit,

448 4659 707 4722 exorasti,
732 4668 962 4730 tempore
986 4673 1196 4733 accepto
1221 4662 1470 4717 exaudiui
1499 4671 1547 4718 te
1570 4662 1638 4718 ⁷⁸.
1668 4662 1805 4718 Nam
1834 4665 1902 4721 iis
1934 4665 2029 4736 qui

445 4762 555 4803 non
582 4747 635 4802 in
661 4757 886 4819 peccato
917 4752 1097 4820 ipsum
1130 4752 1390 4808 invocant
1418 4753 1564 4819 dicet
1597 4773 1610 4808 :
1651 4754 1843 4811 Adhuc
1871 4766 1924 4812 te
1953 4756 2029 4811 lo.-

444 4847 668 4907 quente,
700 4838 835 4896 Ecce
863 4840 1052 4896 adsum
1075 4842 1143 4897 ⁷⁸.

515 4930 686 4988 Vens.
733 4934 851 4991 5-9.
893 4934 1161 5002 Quoniam
1210 4953 1314 4991 non
1377 4947 1455 4993 est
1496 4940 1553 4993 in
1593 4950 1761 4995 morte
1792 4942 1883 5013 qui
1917 4959 2025 4998 me-

445 5042 562 5080 mor
587 5027 657 5081 sit
696 5029 775 5081 tui
791 5043 810 5092 ;
840 5029 896 5083 in
918 5028 1126 5098 inferno
1165 5040 1341 5087 autem
1373 5034 1492 5103 quis
1522 5035 1859 5104 conﬁtebitur
1888 5035 2024 5093 tibi?

439 5116 705 5175 Laboravi
746 5122 799 5176 in
831 5123 1029 5194 gemitu
1061 5140 1196 5189 meo,
1235 5124 1419 5180 lavabo
1450 5143 1541 5196 per
1574 5127 1815 5199 singulas
1846 5138 2021 5184 noctes

441 5212 628 5267 lectum
676 5230 848 5268 meum
867 5256 883 5280 ,
925 5216 1175 5288 Iacrymis
1202 5219 1329 5273 meis
1351 5229 1580 5273 stratum
1619 5237 1791 5275 meum
1816 5220 2019 5292 rigabo.

441 5301 671 5375 Sapiens
697 5322 824 5362 cum
854 5316 1001 5366 esset
1030 5307 1218 5375 David,
1272 5326 1381 5367 non
1413 5313 1704 5384 ignorabat
1736 5314 2022 5384 praesentis

436 5400 561 5454 vitae
588 5407 822 5472 tempus,
859 5402 1077 5458 medela)
1100 5419 1224 5460 esse
1244 5413 1653 5475 opportunum;
1684 5422 1795 5476 quo
1833 5406 2022 5476 elapso

435 5503 596 5547 nemo
658 5505 806 5550 recte
834 5509 996 5567 agere
1046 5496 1215 5553 valet.
1272 5495 1529 5569 Nihilque
1580 5512 1693 5553 non
1712 5498 1823 5566 agit
1842 5503 1903 5550 ut
1927 5510 2010 5551 sa-

511 5601 562 5679 εξ
591 5600 787 5680 Ephes.
827 5625 875 5671 ι.
910 5604 963 5680 ξ.
1040 5606 1088 5642 ⁷ο
1128 5608 1175 5662 ιι
1204 5607 1349 5680 Tim.
1384 5625 1458 5677 tv,
1493 5606 1545 5665 8.
1627 5610 1670 5641 ⁷¹
1710 5607 1949 5680 Philipp.
1983 5622 2070 5675 tv,
2109 5606 2197 5663 15.

438 5670 568 5728 Cor.
601 5670 654 5729 vi
673 5717 689 5743 ,
716 5676 771 5735 2.
847 5670 893 5714 ⁷⁸
934 5678 1040 5738 lsa.
1072 5695 1241 5744 ινιιι,
1272 5679 1327 5734 9.

2136 4573 2194 4625 ἐν
2239 4570 2653 4644 ἐξομολογήσει’
2706 4572 2873 4643 φησὶν
2931 4571 3246 4635 ὲνέπεισας·
3294 4570 3485 4639 καιρῷ,
3529 4568 3714 4636 δεκτῷ

2132 4660 2449 4729 ἐπήκουσά
2495 4677 2633 4718 σου.
2694 4663 2819 4727 Τοῖς
2864 4661 2974 4734 γὰρ
3026 4662 3101 4733 μὴ
3135 4660 3195 4726 ἐξ
3237 4662 3507 4733 ἁμαρτίας
3553 4661 3715 4716 αὐτὸν

2132 4752 2584 4825 ἐπικαλουμένοις
2653 4754 2799 4826 ἐρεῖ·
2868 4755 2989 4807 Ἔτι
3052 4752 3339 4816 λαλοῦντός
3391 4771 3484 4807 σου
3504 4793 3518 4818 ,
3565 4749 3711 4808 Ἰδοὺ

2129 4845 2390 4916 πάρειμι.

2205 4938 2328 4992 Ὅτι
2364 4939 2477 4993 οὐκ
2526 4936 2699 4992 ἐστιν
2752 4937 2823 4990 ὲν
2858 4936 2939 5003 τῷ
2971 4936 3205 5005 θανάτῳ
3249 4940 3284 4992 ὁ
3318 4938 3713 5008 μνημονεύων

2129 5046 2268 5095 σου,
2292 5032 2363 5085 ἐν
2387 5029 2456 5084 δὲ
2482 5030 2563 5096 τῷ
2584 5029 2700 5099 ᾄδῃ
2734 5029 2826 5096 τίς
2848 5029 3358 5101 ἐξομολογήσεται
3388 5047 3517 5095 σοι;
3552 5032 3710 5084 Ἑκο-

2128 5124 2323 5178 πίασα
2374 5122 2445 5177 ὲν
2491 5122 2805 5193 στεναγμῷ
2857 5141 2997 5193 μου,
3028 5125 3234 5179 λούσω
3273 5125 3403 5179 καθ’
3441 5123 3710 5191 ἑκάστην

2129 5216 2321 5270 νύκτα
2344 5212 2461 5282 τὴν
2486 5214 2708 5281 κλίνην
2729 5231 2871 5284 μου,
2902 5215 3239 5284 ἐνδάκρυσί
3254 5233 3373 5285 μου
3392 5214 3508 5283 τὴν
3524 5230 3708 5284 στρω-

2121 5306 2288 5378 μνήν
2311 5324 2433 5377 μου
2459 5306 2676 5374 βρέξω.
2714 5307 2883 5378 Σοφὸς
2914 5307 2987 5364 ὣν
3010 5310 3039 5361 ὁ
3064 5306 3228 5363 Δαυῖδ
3266 5309 3365 5362 οὐκ
3392 5308 3577 5378 ἠγνόει
3609 5305 3703 5377 τὴν

2128 5398 2411 5470 παροῦσαν
2439 5397 2585 5470 ζωὴν
2625 5397 2919 5471 θεραπείας
2955 5397 3095 5454 εἶναι
3129 5401 3342 5473 καιρὸν,
3377 5399 3494 5471 μεθ’
3526 5398 3586 5451 ὃν
3615 5399 3678 5452 οὐ

2114 5492 2227 5553 Bel;
2257 5489 2543 5561 κατορθοῖ·
2575 5490 2668 5544 καὶ
2690 5492 2869 5546 πάντα
2896 5493 3126 5562 πράττει
3148 5491 3549 5565 θεραπευθῆναι
3583 5492 3698 5561 βουιι

2297 5606 2343 5638 ⁷³
2381 5604 2527 5663 Psal.
2569 5622 2769 5674 xutv,
2808 5607 2894 5664 l0.
2974 5608 3018 5639 ⁷³
3057 5606 3201 5664 Psal.
3236 5622 3374 5675 cst,
3413 5605 3463 5662 7.
3576 5608 3621 5637 ⁷³
3659 5603 3700 5660 ll
