4042 6210
319 304 415 359 HI

1446 291 1951 351 COMMENTARIA
1989 291 2056 349 IN
2095 292 2433 351 PSALMOS.

3461 294 3569 356 {22

315 424 561 496 λάμινος,
618 418 749 491 πρὶν
796 415 902 470 ὑπὸ
952 414 1046 469 τοῦ
1106 420 1284 474 κοινοῦ
1327 411 1751 484 καταληφθῆναι.
1797 413 1864 463 Δις

1995 408 2220 464 nitatem
2268 410 2544 475 obtineat,
2589 411 2909 481 priusquam
2986 423 3017 464 a
3071 404 3350 466 communi
3383 403 3570 468 debito

316 534 481 591 φησιν
502 534 516 548 ·
585 512 733 565 Ἀντὶ
781 513 909 583 μιᾶς
939 509 1128 573 νυκτὸς
1164 508 1283 562 καθ’
1318 507 1385 579 ῆν
1414 507 1678 582 ἥμαρτον,
1708 505 1889 570 πάσας

315 606 745 680 ἐξομολογοῦμαι
806 603 906 668 τὰς
951 606 1171 667 νύκτας,
1197 599 1505 655 ἀποπλῦναι
1552 598 1890 672 πειρώμενος

316 702 575 774 ἐμαυτὸν.
598 700 693 754 καὶ
720 698 816 771 τὴν
843 698 928 767 ἐφ’
950 698 1017 769 ἣν
1042 696 1286 768 ἥμαρτον
1319 694 1505 765 κλίνην
1537 693 1765 766 δᾶκρυσι
1791 710 1888 763 με-

315 796 555 860 τανοίας.
599 789 727 849 Οἶδα
776 791 882 865 γὰρ
914 790 973 844 δὲ
1010 787 1114 843 κᾶν
1149 787 1291 860 τύχῃ
1316 787 1414 860 τῆς
1437 785 1685 856 ἀφέσεως
1721 786 1890 855 ἐπαγ-

316 889 595 960 γέλληται,
624 888 870 960 δακρύων
900 889 1071 962 πέρας
1099 891 1196 961 οὐχ
1224 891 1384 955 ἕξειν.
1418 891 1491 943 Τὸ
1515 889 1592 956 δὲ,
1644 888 1743 954 Τίς
1782 884 1883 951 ἐξ-

320 980 751 1052 ομολογήσεται
795 998 926 1044 om;
975 982 1097 1035 ἀντὶ
1132 982 1250 1049 τοῦ,
1277 982 1497 1049 οὐδείς,
1529 982 1736 1035 κεῖται’
1784 977 1881 1034 νῦν

319 1073 428 1147 γὰρ
460 1074 519 1127 ού
553 1072 803 1145 σημαίνει
828 1074 891 1127 τὸ
916 1075 1155 1131 σπάνιον.

390 1328 709 1400 Ἑταράχθη
761 1327 883 1384 ἀπὸ
932 1329 1124 1400 θυμοῦ
1153 1332 1187 1385 ό
1230 1330 1539 1400 ὀφθαλμός
1564 1346 1707 1399 μου,
1737 1329 1882 1384 ἐπα-

305 1419 568 1491 λαιιὶιθην
611 1421 682 1476 ἐν
737 1421 890 1478 πᾶσι
923 1420 1048 1489 τοῖς
1099 1422 1334 1494 ἐχθροῖς
1366 1440 1508 1493 μου.
1550 1422 1617 1477 Ἦ
1666 1424 1879 1495 μνήμη,

303 1514 457 1586 φησὶ,
477 1514 573 1569 τοῦ
599 1513 771 1585 θυμοῦ
788 1532 880 1569 σου
914 1516 1009 1569 καὶ
1038 1516 1138 1588 τῆς
1181 1515 1351 1588 ὀργῆς
1379 1516 1470 1569 τὸν
1495 1515 1627 1587 ἐμὸν
1650 1515 1879 1589 ἐτάραξε

302 1607 426 1662 νοῦν
441 1624 454 1638 ⁸
484 1607 590 1681 ὃδὴ
614 1608 884 1663 διδάσκων
911 1610 940 1663 ὁ
956 1610 1148 1681 Σωτὴρ
1170 1609 1355 1679 ἔλεγεν
1374 1627 1388 1641 ο
1425 1602 1490 1658 '0
1513 1612 1745 1681 λύχνος
1772 1610 1878 1665 τοῦ

297 1700 574 1772 σώματος
619 1702 792 1757 ἐστὶν
835 1705 869 1757 ό
912 1703 1237 1773 ὀφθαλμός.
1274 1703 1347 1757 Ού
1375 1703 1483 1776 γὰρ
1526 1703 1761 1776 ἐγχωρεῖ
1782 1704 1877 1758 ἕνα

294 1793 405 1846 τῶν
434 1793 580 1848 δυεῖν
612 1793 906 1865 ὀφθαλμῶν
930 1793 1021 1849 τοῦ
1050 1793 1297 1866 σώματος
1333 1795 1524 1867 λύχνον
1553 1791 1687 1850 εἶναι
1716 1813 1730 1828 σ
1759 1795 1873 1850 ἀλλ’

293 1884 415 1939 οὐδὲ
448 1887 758 1957 σωματικὺς
782 1886 1056 1959 ὀφθαλμὸς
1081 1887 1187 1941 ὑπὸ
1215 1886 1385 1959 θυμοῦ
1418 1890 1751 1961 ταράσσεται
1778 1888 1871 1943 τοῦ

296 1977 455 2034 Θεοῦ.
521 1980 667 2033 ’Δντὶ
712 1979 1131 2052 κατορθώματος
1192 1981 1250 2035 δὲ
1298 1980 1718 2054 καταριθμεῖται
1773 1982 1873 2047 τὰς

300 2070 440 2133 ιδίας
489 2072 857 2137 κακοπαθείας
877 2090 892 2105 ⁶
928 2075 986 2127 ἐν
1018 2069 1107 2138 αἶς
1136 2075 1231 2129 καὶ
1277 2075 1377 2146 τὴν
1407 2075 1649 2130 κάκωσιν
1680 2094 1742 2130 τε
1777 2077 1874 2131 καὶ

295 2162 644 2229 ταπείνωσιν,
666 2165 734 2236 ῆν
755 2166 847 2219 ἐπὶ
866 2164 1114 2220 πλεῖστον
1128 2165 1318 2239 χρόνον
1345 2169 1402 2221 ἐν
1430 2167 1616 2239 μέσοις
1639 2170 1874 2225 ἐποιεῖτο

295 2260 409 2321 τοῖς
437 2256 588 2322 ίδίοις
618 2258 851 2330 ἐχθροῖς.

371 2349 691 2419 Ἀπόστητε
714 2350 816 2405 ἀπ’
842 2350 1012 2421 ἐμοῦ,
1037 2351 1261 2418 πάντες
1275 2354 1330 2407 oi
1358 2351 1732 2423 ἐργαζόμενοι
1756 2350 1872 2421 τὴν

286 2441 563 2511 ἀνομίαν,
609 2442 698 2497 ὅτι
758 2441 1090 2510 είσήκουσε
1129 2448 1344 2515 Κύριος
1378 2443 1488 2515 τῆς
1515 2444 1723 2515 φωνῆς
1760 2446 1869 2501 τοῦ

289 2534 599 2603 κλαυθμοῦ
632 2551 773 2604 μου.
819 2533 1165 2602 Εισήκουσε
1194 2537 1410 2605 Κύριος
1435 2536 1544 2606 τῆς
1604 2536 1870 2605 δεήσεως

283 2644 425 2695 μου,
472 2628 690 2696 Κύριος
749 2626 867 2697 τὴν
895 2627 1252 2698 προσευχήν
1281 2647 1402 2699 μου
1440 2630 1864 2699 προσεδέξατο.

288 2722 777 2791 Αἰσχυνθείησαν
843 2722 946 2777 καί
1008 2722 1458 2791 ταραχθείησαν
1524 2722 1747 2792 πάντες
1812 2728 1868 2781 οἱ

286 2813 488 2883 ἐχθροί
509 2831 653 2883 μου,
698 2815 1217 2886 ἐπιστραφείησαν
1256 2818 1357 2872 καὶ
1388 2818 1869 2887 αἰσχυνθείησαν

287 2904 523 2973 σφόδρα
575 2904 673 2960 διὰ
717 2904 960 2975 τάχους.
1026 2908 1296 2982 Ἐπηκόου
1346 2910 1525 2981 τυχὼν
1564 2909 1660 2965 τοῦ
1706 2910 1864 2978 Θεοῦ,

291 2995 607 3067 ἐπιστρέφει
654 2997 817 3050 πάλιν
843 2997 981 3070 πρὸς
1017 2999 1179 3054 αὑτὸν
1202 3000 1301 3072 τὴν
1330 3002 1515 3073 εὐχὴν,
1548 3002 1643 3057 καὶ
1682 3019 1863 3075 παρα-

1992 501 2509 572 comprebendatur.
2528 500 2892 569 Quamobrem
2911 500 2987 557 ait
3006 520 3019 556 :
3037 500 3146 557 Pro
3162 516 3268 557 una
3286 508 3445 558 nocte
3460 518 3569 574 qua

1989 602 2271 665 peccatum
2302 595 2517 660 admisi,
2559 610 2655 667 per
2692 594 2937 666 singulas
2969 602 3159 651 noctes
3194 593 3478 662 conﬁteor,
3513 596 3569 652 id

1988 695 2243 757 satagens
2274 695 2332 741 ut
2375 687 2642 757 meipsum
2691 694 2746 743 et
2800 687 2999 743 lectum
3050 687 3107 742 in
3157 703 3264 758 quo
3320 688 3565 758 peccavi,

1987 778 2324 850 paenitentia:
2376 778 2631 851 lacrymis
2682 779 2921 835 abluam.
2972 776 3150 835 Probe
3204 778 3321 835 scio
3378 779 3563 845 enim,

1985 872 2201 929 etiamsi
2259 871 2639 927 remissionem
2688 871 3035 943 polliceatur,
3072 887 3159 927 me
3227 871 3566 944 lacrymandi

1984 973 2169 1023 tamen
2228 964 2388 1021 linem
2451 964 2732 1036 nunquam
2796 963 3091 1020 facturum.
3133 962 3273 1019 ιιιυά
3324 952 3560 1021 autem:

1985 1056 2117 1125 Quis
2150 1056 2482 1126 conﬁtebitur
2524 1055 2662 1111 tibi?
2708 1056 2829 1111 loco
2858 1055 3032 1124 verbi,
3072 1056 3273 1121 nullus,
3326 1057 3567 1126 positum

1982 1157 2089 1216 est,
2119 1165 2297 1222 neque
2331 1150 2479 1207 enim
2512 1149 2844 1222 paucitatem
2874 1147 3251 1205 conﬁtentium
3294 1165 3444 1205 nunc
3488 1150 3566 1207 si—

1981 1241 2222 1315 gniﬁcat.

2052 1332 2219 1391 Vens.
2253 1334 2308 1390 8.
2347 1333 2611 1390 Turbatus
2636 1342 2717 1389 est
2745 1350 2778 1388 a
2811 1333 2992 1404 furore
3024 1332 3207 1389 oculus
3255 1351 3400 1391 meus
3438 1350 3458 1390 :
3490 1336 3566 1391 in-

1981 1428 2207 1481 veteravi
2237 1428 2376 1481 inter
2425 1442 2603 1481 omnes
2651 1426 2895 1482 inimicos
2948 1443 3109 1483 meos.
3148 1427 3426 1494 Memoria,
3477 1432 3565 1486 in-

1980 1521 2119 1591 quit,
2152 1520 2354 1577 furoris
2400 1521 2601 1591 iraeque
2629 1529 2735 1575 tute
2767 1529 3005 1576 mentem
3050 1535 3225 1576 meam
3273 1523 3511 1578 turbavit
3543 1544 3557 1580 :

1979 1612 2126 1683 quod
2153 1612 2333 1682 ipsum
2386 1610 2640 1668 Salvator
2685 1611 2774 1667 bis
2815 1612 2999 1668 verbis
3048 1613 3237 1669 docuit
3271 1631 3287 1671 :
3317 1613 3560 1687 Lucerna

1979 1707 2215 1774 corporis
2267 1707 2343 1759 tui
2402 1713 2482 1760 est
2531 1704 2713 1759 oculus
2748 1714 2870 1759 tuus
2910 1705 2981 1783 τέ.
3016 1704 3205 1778 Neque
3244 1708 3389 1764 enim
3439 1706 3558 1764 ﬁeri

1976 1805 2177 1867 potest,
2206 1807 2267 1852 ut
2300 1815 2442 1855 unus
2477 1806 2689 1853 tantum
2718 1814 2785 1853 ex
2810 1797 3027 1855 duobus
3052 1799 3229 1856 oculis
3261 1802 3332 1856 sit
3361 1815 3560 1873 corpo-

1975 1894 2053 1949 ris
2102 1892 2325 1947 lucerna
2357 1910 2371 1946 :
2408 1898 2463 1944 at
2495 1905 2674 1960 neque
2715 1905 3017 1962 corporeus
3072 1892 3269 1948 oculus
3301 1908 3331 1947 a
3370 1892 3559 1950 furore

1973 1983 2070 2039 Dei
2092 1982 2368 2037 turbatur.
2406 1979 2554 2036 Inter
2585 1986 2736 2036 recte
2765 1979 2910 2035 facta
2956 1996 3089 2037 vero
3132 1981 3473 2038 calamitates
3500 1987 3557 2036 et

1970 2090 2245 2133 aerumnas
2271 2090 2403 2130 suas
2430 2081 2751 2152 enumerat;
2793 2073 2851 2127 in
2879 2073 3082 2144 quibus
3111 2073 3443 2130 recensenda
3471 2078 3557 2133 est

1972 2168 2194 2223 amictio
2220 2166 2311 2222 illa
2346 2173 2399 2220 et
2429 2164 2687 2236 abjectio,
2721 2180 2884 2237 quam
2911 2163 3176 2221 diuturno
3207 2174 3449 2236 tempore
3470 2164 3558 2218 ιιι·-

1972 2268 2053 2315 ter
2084 2258 2295 2315 medios
2324 2256 2579 2313 inimicos
2605 2272 2903 2327 perpessus
2922 2263 3028 2312 est.

2040 2350 2207 2408 Vens.
2267 2351 2425 2406 9-H.
2485 2348 2749 2405 Discedite
2802 2366 2838 2403 a
2890 2365 2992 2414 me,
3040 2365 3218 2403 omnes
3255 2348 3345 2418 qui
3369 2362 3558 2417 opera-

1969 2444 2100 2498 mini
2128 2433 2479 2515 iniquitatem,
2518 2442 2767 2515 quoniam
2794 2442 3061 2496 exaudivit
3095 2439 3353 2495 Dominus
3381 2455 3554 2494 uocem

1966 2536 2123 2606 ﬂetus
2156 2535 2279 2589 mei.
2314 2532 2601 2587 Exaudivit
2628 2532 2884 2588 Dominus
2916 2532 3333 2602 deprecationem
3358 2548 3552 2599 meam,

1970 2627 2227 2681 Dominus
2279 2626 2571 2681 orationem
2606 2641 2776 2679 meam
2817 2625 3066 2693 suscepit.
3133 2622 3463 2677 Erubescant
3502 2633 3555 2679 et

1968 2716 2341 2773 conturbentur
2404 2734 2582 2772 omnes
2632 2717 2836 2771 inimici
2896 2716 3020 2778 mei,
3073 2715 3471 2785 confundantur
3500 2727 3554 2772 ct

1965 2810 2272 2867 erubescant
2305 2808 2457 2865 valde
2488 2808 2749 2864 velociter.
2801 2807 2941 2864 Cum
2993 2807 3164 2863 Deum
3224 2806 3328 2861 sibi
3365 2807 3552 2878 propi-

1966 2909 2103 2964 tium
2132 2915 2329 2963 nactus
2355 2907 2447 2972 sit,
2483 2905 2552 2961 ad
2595 2905 2773 2976 ipsum
2827 2901 3009 2957 denuo
3057 2899 3361 2956 orationem
3392 2915 3550 2955 suam

1965 3002 2271 3068 convertit;
2331 3005 2596 3071 rogatque
2629 3004 2690 3052 ut
2735 2994 2996 3051 recedant
3036 2998 3092 3048 et
3142 2991 3550 3048 confundantur

291 3084 447 3139 καλεῖ
495 3086 633 3157 πρὸς
664 3086 725 3140 τὸ
778 3089 1126 3162 ἀναχωρῆσαι
1157 3092 1253 3146 καὶ
1292 3093 1647 3165 αἰσχυνθῆναι
1693 3092 1858 3148 αὑτοῦ

1967 3095 2171 3173 inimici
2196 3094 2302 3156 sui,
2339 3099 2625 3164 postquam
2650 3088 2863 3147 insidiae
2883 3089 3149 3160 ipsorum,
3179 3083 3290 3141 Deo
3321 3084 3423 3142 sibi
3451 3100 3549 3157 per

285 3180 414 3243 τοὺς
437 3178 686 3250 ἐχθροὺς,
737 3180 1106 3250 ἀποτυχόντας
1138 3184 1196 3236 ἐν
1232 3177 1313 3246 οἷς
1343 3183 1758 3249 ἐπεϐούλευσαν,
1794 3184 1862 3239 δι’

283 3265 361 3327 ὧν
388 3271 539 3343 αύτῷ
560 3272 691 3338 Θεὸς
712 3272 811 3345 τὴν
844 3272 1119 3346 σωτηρίαν
1146 3275 1467 3347 παρέσχετο.
1508 3274 1673 3342 Ἀξιοῐ
1694 3276 1749 3331 δὲ
1770 3279 1864 3333 καὶ

283 3365 404 3419 Αίαν
456 3364 656 3430 αὐτοὺς
684 3365 1055 3439 ταραχθῆναι·
1086 3366 1115 3420 ὃ
1147 3365 1213 3439 δὴ
1244 3368 1461 3433 πάντως
1492 3368 1687 3435 αὐτοὺς
1723 3370 1865 3426 κατὰ

280 3458 372 3513 τὸν
406 3458 595 3531 καιρὸν
640 3458 741 3531 τῆς
788 3458 883 3513 τοῦ
925 3458 1059 3513 Θεοῦ
1122 3460 1518 3533 δικαιοκρισίας
1564 3461 1859 3527 ἐκδέξεται.

699 3577 992 3632 ΨΑΛΜΟΣ
1018 3578 1106 3631 ΤΩ
1136 3578 1336 3631 ΔΑΥΙΔ
1369 3579 1443 3632 Ζ’.

287 3688 390 3742 ὀν
415 3681 533 3760 ᾖσε
556 3685 640 3755 τῷ
688 3689 886 3758 Κυρίῳ
933 3688 1089 3816 131mg
1127 3690 1248 3772 τῷν
1283 3692 1484 3762 λόγων
1503 3692 1693 3747 Χουσὶ
1722 3691 1861 3747 υίοῦ

985 3778 1201 3816 εαενει.
1588 3773 1599 3788 ‘

985 3778 1201 3831 εμενει.
1588 3773 1599 3788 ‘

352 3873 527 3942 Κύριε
548 3876 583 3929 ὀ
616 3876 761 3942 Θεός
781 3893 923 3946 μου,
957 3875 1057 3930 ἐπὶ
1086 3877 1187 3932 σοὶ
1222 3876 1459 3947 ἤλπισα
1482 3893 1496 3907 ·
1543 3874 1752 3931 σῶσόν
1778 3894 1860 3947 με

277 3963 348 4020 ἐκ
374 3965 614 4022 πάντων
650 3970 773 4025 τῶν
809 3968 1143 4023 διωκόντων
1159 3987 1255 4039 με,
1293 3968 1392 4024 καί
1410 3968 1602 4038 ῥῦσαί
1609 3987 1708 4040 με,
1737 3969 1856 4039 μή·

277 4072 423 4112 ποτε
449 4059 691 4130 ἁρπάσῃ
724 4060 805 4126 ὡς
835 4058 992 4115 λέων
1018 4059 1132 4129 τὴν
1165 4060 1376 4131 ψυχήν
1399 4080 1539 4131 μου,
1566 4061 1653 4132 μὴ
1680 4061 1856 4129 ὄντος

274 4151 709 4224 λυτρουμένου,
734 4151 890 4222 μηδὲ
920 4151 1230 4220 σώζοντος.
1262 4154 1377 4208 Οὐκ
1404 4156 1491 4208 ἐπ’
1523 4153 1851 4227 ἀνθρώποις,

274 4245 394 4301 οὐδὲ
427 4245 757 4317 συμϐουλαῖς
807 4245 1138 4319 ἀνθρώπων,
1178 4246 1211 4317 ἢ
1268 4246 1498 4319 στρατοῦ
1526 4246 1721 4319 πλήθει
1753 4248 1854 4315 τὰς

271 4338 413 4409 ἐμὰς
452 4339 673 4403 ἐλπίδας
726 4340 1061 4412 ἀπήρτησαο
1103 4339 1194 4393 Διό
1247 4357 1314 4411 με
1367 4340 1526 4412 ῥῦσαι
1575 4341 1852 4413 πολεμίων

1964 3202 2058 3244 eas
2099 3188 2329 3244 salutem
2380 3184 2716 3251 conferente,
2746 3183 2887 3239 male
2915 3188 3223 3238 cesserunt.
3284 3177 3547 3235 Precatu:

1964 3286 2165 3345 autem,
2202 3285 2264 3333 ut
2317 3275 2667 3334 vehementer
2717 3273 3158 3330 conturbenlur:
3214 3271 3363 3341 quod
3413 3269 3548 3341 ipsis

1962 3372 2247 3445 sane'justi
2273 3370 2370 3429 Dei
2394 3369 2590 3443 judicii
2623 3377 2870 3439 tempore
2909 3375 3231 3422 eventurum
3261 3371 3371 3419 est.

2358 3565 2682 3623 PSALMUS
2720 3562 2932 3620 DAVID
2971 3561 3086 3617 VII.

1960 3685 2013 3740 Ι.
2073 3683 2239 3750 Quem
2292 3683 2525 3737 cantavit
2570 3680 2797 3804 Daytino
2836 3692 2939 3760 .pro
2991 3676 3164 3732 verbis
3219 3674 3386 3732 Chusi
3442 3675 3544 3745 ﬁlii

2686 3765 2867 3804 emtnt.

2686 3765 2867 3806 ειηιηι.

2024 3868 2191 3925 Vnus.
2220 3867 2277 3935 2,
2306 3868 2360 3923 5.
2395 3866 2617 3921 Domine
2662 3865 2805 3920 Deus
2861 3880 3032 3931 meus,
3079 3864 3138 3918 in
3192 3872 3240 3918 te
3271 3862 3480 3933 speravi
3509 3882 3531 3918 :

1953 3966 2158 4018 salvum
2224 3978 2305 4017 me
2364 3961 2452 4031 [ac
2509 3976 2574 4015 ea:
2633 3958 2875 4015 omnibus
2927 3956 3357 4030 persequentibus
3420 3973 3538 4022 me,

1951 4068 2003 4111 et
2036 4054 2200 4109 libera
2230 4069 2331 4108 me.
2356 4051 2651 4124 Nequando
2682 4052 2859 4121 rapiat
2886 4059 2945 4104 ut
2973 4049 3054 4106 leo
3084 4051 3318 4105 animant
3346 4065 3537 4114 meant,

1952 4148 2079 4202 dum
2123 4164 2225 4202 non
2272 4154 2350 4201 est
2376 4146 2466 4216 qui
2520 4144 2769 4207 redimat,
2800 4158 2963 4210 neque
2989 4142 3080 4214 qui
3118 4140 3323 4197 Salvum
3347 4140 3534 4209 faciat.

1950 4239 2305 4312 Nequaquam
2338 4240 2391 4294 in
2425 4237 2777 4302 hominibus,
2813 4249 2991 4305 neque
3022 4235 3077 4289 in
3129 4232 3379 4290 consiliis
3432 4231 3535 4285 ho-

1955 4333 2184 4401 minum,
2215 4345 2391 4401 neque
2422 4330 2476 4384 in
2505 4329 2782 4384 exercitus
2831 4326 3005 4396 copiis
3038 4338 3189 4394 spem
3219 4336 3395 4377 meam
3446 4336 3537 4376 re-

278 4446 367 4499 μοι
388 4429 655 4484 τοσούτων
701 4430 1066 4502 ἐπικειμένων
1095 4431 1183 4486 διὰ
1210 4433 1430 4497 παντός.
1453 4434 1528 4487 Ob
1565 4434 1725 4505 μόνον
1756 4433 1852 4488 νῦν

1967 4424 2113 4493 posui
2151 4442 2164 4476 :
2197 4428 2529 4493 quapropter
2560 4434 2590 4471 a
2613 4424 2694 4471 tot
2728 4431 2945 4487 semper
2974 4414 3310 4470 instantibus
3350 4412 3535 4468 inimi-

286 4519 659 4593 Ἀδεσσαλὼμ,
716 4525 809 4577 καὶ
853 4524 1153 4595 Ἀχιτόφελ,
1187 4526 1281 4579 καὶ
1321 4524 1430 4578 τῶν
1480 4526 1579 4580 σὺν
1622 4526 1844 4591 αὐτοῖς’

271 4611 411 4667 ἀλλὰ
441 4612 535 4665 καὶ
551 4612 717 4668 πάλαι
746 4614 851 4685 νέῳ
877 4615 991 4669 ὄντι
1023 4616 1196 4670 Σαούλ
1233 4633 1293 4669 τε
1324 4615 1416 4669 καὶ
1445 4616 1711 4670 πλείστων
1738 4616 1847 4671 τῶν

270 4722 331 4759 τε
352 4704 421 4757 δι’
446 4703 623 4759 αὐτῶν
646 4707 865 4776 ἀφανῶς
901 4726 990 4780 μοι
1021 4708 1400 4781 πολεμούντων
1431 4708 1702 4780 δαιμόνων
1725 4727 1739 4740 ·
1770 4704 1847 4764 ὧν

272 4797 402 4869 περὶ
427 4796 520 4850 τοῦ
550 4797 803 4869 ἄρχοντος
824 4802 1036 4874 εῐρηται
1055 4820 1068 4833 ·
1116 4803 1169 4856 '0
1195 4803 1498 4869 ἀντίδικος
1535 4800 1704 4872 ὑμῶν
1722 4800 1849 4856 διά-

273 4893 453 4957 ϐολος
497 4895 586 4955 ὡς
633 4888 790 4945 λέων
839 4891 1175 4963 ὠρυόμενος
1230 4895 1597 4965 περιέρχεται
1659 4891 1848 4964 ζητῶν

272 4983 408 5038 τίνα
459 4985 720 5054 καταπίῃ
744 5004 760 5018 ο
793 4987 852 5055 ἐξ
873 4983 933 5043 οὗ
959 4990 1195 5061 μάλιστα
1226 4990 1489 5064 ρυσθῆναι
1520 4992 1842 5065 παρακαλῶ.

342 5259 515 5328 Κύριε
542 5261 576 5314 ὁ
602 5259 745 5326 Θεός
779 5276 920 5329 μου,
953 5262 1004 5314 ει
1045 5261 1302 5329 ἐποίησα
1348 5263 1543 5324 τοῦτο,
1584 5264 1637 5317 el
1675 5262 1848 5318 ἐστιν

269 5353 472 5409 ἀδικία
501 5355 573 5406 ἐν
602 5353 776 5424 χερσί
800 5370 942 5423 μου,
980 5357 1033 5408 εὶ
1072 5355 1458 5410 ἁνταπέδωκα
1502 5355 1626 5423 τοῖς
1662 5356 1844 5410 ἀντα-

270 5443 589 5500 ποδιδοῦσί
628 5463 729 5516 μοι
777 5444 936 5500 κακὰ
954 5486 969 5511 ,
1008 5446 1366 5517 ἀποπέσοιμι
1407 5446 1521 5516 ἄρα
1566 5447 1685 5502 ἀπὸ
1727 5445 1846 5502 τῶν

270 5535 500 5606 ἐχθρῶν
519 5555 638 5608 μου
666 5540 1042 5612 κενός.⁹⁹οσην
1062 5538 1185 5608 ἄγει
1206 5540 1514 5613 παρρησίαν
1534 5542 1626 5595 ἐπὶ
1656 5540 1734 5614 τῷ
1764 5540 1839 5613 μὴ

274 5634 653 5701 μνησικακεῖνῑ
703 5633 1008 5706 Ἐξαίρετον
1047 5635 1156 5704 γὰρ
1193 5631 1353 5687 τοῦτο
1388 5633 1715 5707 κατόρθωμα
1744 5633 1839 5689 τοῦ

340 5793 384 5825 ⁷⁸
426 5792 615 5848 Ilattn.
646 5809 725 5865 vr,
766 5791 856 5848 92.
936 5793 979 5825 ⁷⁸
1022 5791 1039 5847 1
1073 5789 1218 5845 Pctr.
1255 5806 1286 5841 ν
1310 5828 1325 5844 .
1357 5789 1410 5844 8.

1954 4518 2037 4571 eis
2067 4515 2218 4584 eripe
2269 4527 2374 4568 me.
2409 4509 2596 4579 Neque
2650 4508 2827 4563 solum
2855 4506 3001 4560 enim
3053 4504 3122 4559 ab
3161 4504 3436 4561 Absalone
3477 4514 3535 4561 et

1954 4606 2307 4677 Achitophele
2362 4617 2661 4671 eorumque
2716 4595 3047 4669 sequacibus
3111 4597 3206 4667 qui
3263 4610 3351 4652 me
3384 4612 3532 4653 nunc

1954 4701 2314 4764 adoriuntur;
2351 4694 2449 4750 sed
2490 4693 2606 4765 jam
2643 4692 2777 4748 olim
2823 4687 3043 4759 juvenis
3071 4701 3200 4743 cum
3237 4701 3440 4753 essem,
3496 4703 3529 4744 a

1956 4795 2141 4855 Saule,
2177 4801 2232 4848 et
2255 4808 2285 4846 a
2313 4788 2499 4845 multis
2527 4788 2620 4859 qui
2653 4800 2739 4842 me
2772 4784 2947 4855 ipsius
2972 4796 3138 4855 Opera
3170 4781 3312 4837 clam
3351 4779 3529 4852 impu-

1951 4887 2193 4960 gnabant
2241 4881 2601 4943 daemonibus,
2646 4879 2716 4935 de
2764 4891 2999 4948 quorum
3028 4873 3275 4945 principe
3319 4872 3526 4929 dictum

1911 4981 1926 4995 '
1952 4975 2446 5035 est-.Adversarius
2495 4981 2662 5027 vester
2708 4966 2976 5030 diabolus,
3015 4974 3266 5034 tanquam
3321 4962 3401 5018 leo
3434 4978 3529 5016 rue

1950 5076 2094 5142 giens
2114 5070 2301 5124 circuit
2319 5082 2558 5138 quwrens
2580 5080 2730 5135 quem
2764 5061 2973 5116 devoret
2997 5060 3064 5113 ".
3094 5058 3141 5112 A
3161 5073 3272 5129 quo
3292 5071 3526 5130 praeser-

1951 5166 2044 5219 tim
2068 5180 2155 5219 me
2176 5164 2374 5217 liberes
2398 5176 2551 5230 rogo.
3459 5156 3469 5165 '

2002 5257 2171 5311 Vsus.
2204 5257 2259 5318 4,
2284 5255 2338 5309 5.
2369 5252 2590 5308 Domine
2616 5249 2750 5305 Deus
2784 5265 2949 5309 meus,
2966 5247 3015 5302 si
3042 5247 3142 5317 feci
3170 5246 3336 5310 istud,
3371 5245 3418 5298 si
3440 5250 3519 5297 est

1949 5351 2204 5421 iniquitas
2249 5348 2303 5402 in
2337 5346 2580 5400 manibus
2624 5344 2753 5398 meis
2786 5356 2805 5396 :
2840 5343 2889 5397 si
2925 5339 3132 5396 reddidi
3177 5332 3516 5393 retribuenti—

1949 5447 2044 5501 bus
2083 5444 2212 5499 mihi
2261 5441 2429 5505 mala,
2460 5437 2704 5495 decidam
2757 5435 2944 5490 merito
2984 5434 3051 5489 ab
3105 5429 3335 5486 inimicis
3382 5438 3514 5481 mea

1947 5538 2143 5594 inanis.
2193 5533 2465 5602 Quantam
2490 5546 2558 5586 ex
2594 5528 2871 5585 oblivione
2914 5524 3236 5595 iniuriarum
3285 5531 3350 5572 ac
3375 5513 3513 5572 tole-

1946 5631 2121 5687 rantia
2152 5625 2402 5685 fiduciam
2436 5620 2606 5679 David
2635 5618 2886 5677 exhibet!
2922 5615 3047 5672 Haec
3075 5624 3207 5668 sane
3235 5604 3510 5679 praecipua
