4066 6218
466 228 596 297 ’125

1133 238 1407 297 EUSEBII
1438 238 1919 297 CIESARIENSLS
1955 240 2106 297 OPP.
2146 241 2328 297 PARS
2363 240 2449 296 Ill.
2490 268 2561 279 —
2592 238 3000 321 EXEGETICA.

3630 230 3733 286 ιει

491 362 614 432 ejus
644 362 821 419 virtus
843 369 958 428 est,
988 367 1051 417 ut
1097 359 1301 432 Moysis
1341 360 1733 416 mansuetudo:
1765 360 1897 416 Erat
1926 362 2064 416 enim

2169 361 2355 415 Δαυῖδ’
2397 363 2473 425 ὡς
2499 361 2593 415 τοῦ
2626 362 2723 433 μὲν
2749 361 3026 425 Μωῦσέως
3063 358 3126 414 τδ
3167 361 3364 432 πρᾶονο
3398 356 3593 427 Πρᾶος
3622 356 3733 426 γὰρ

492 453 801 509 mitissimus
833 470 988 523 super
1022 470 1197 510 omnes
1246 452 1477 507 homines
1515 455 1605 523 qui
1635 452 1981 507 morabantur
2005 455 2059 508 in

517 556 658 601 terra
675 546 754 611 "",
777 544 1071 601 Abrahami
1104 545 1271 600 fides:
1302 543 1538 599 Credidit
1566 546 1713 601 enim
1748 545 1879 611 Deo,
1910 556 1959 600 et
1978 564 2060 601 re-

493 649 736 711 putatum
768 648 846 694 est
876 641 924 694 ei
947 640 999 693 in
1019 638 1387 708 justitiam";
1418 636 1540 694 Jobi
1573 638 1856 709 patientia.
1904 636 2061 694 Jose~

494 731 587 802 pbi
634 731 989 794 continentia,
1038 728 1347 785 Salomonis
1389 731 1678 801 sapientia.
1722 728 1883 786 Certe
1932 746 2061 786 san-

494 829 710 875 ctorum
739 823 956 893 egregia
1002 821 1205 886 virtus,
1251 837 1362 877 non
1393 822 1450 876 in
1478 822 1644 878 rebus
1683 821 1874 877 iisdem
1903 824 2060 878 testi-

494 913 737 967 monium
790 913 1039 984 accepit;
1088 913 1181 969 sed
1234 913 1291 967 in
1341 927 1448 983 quo
1499 914 1823 969 certaminis
1865 930 2062 985 genere

494 1005 855 1076 praecellebat.
892 1003 1062 1060 David
1105 1004 1272 1076 igitur
1316 1005 1412 1076 qui
1453 1021 1672 1077 semper
1714 1008 2060 1063 tolerantiam

494 1096 929 1167 oblivionemque
973 1095 1299 1166 injuriarum
1333 1098 1557 1166 expetiit
1579 1137 1594 1160 ,
1625 1098 1675 1152 id
1708 1098 1849 1167 apud
1892 1097 2059 1154 Deum

494 1187 775 1242 contendit
803 1196 861 1242 ut
885 1189 1037 1258 paria
1062 1197 1451 1259 consequatur.
1497 1188 1631 1244 Nam
1667 1205 1698 1244 a
1740 1188 1943 1261 Spiritu
1977 1192 2062 1246 di-

493 1279 621 1334 vino
658 1280 955 1336 edidicerat
978 1280 1219 1335 futuram
1242 1282 1390 1335 illam
1422 1280 1721 1338 Salvatoris
1747 1274 2065 1353 promissio-

498 1388 661 1427 nem:
713 1372 772 1427 Si
804 1374 1117 1427 dimiseritis
1147 1373 1447 1427 hominibus
1494 1382 1709 1443 peccata
1740 1392 1940 1440 eorum,
1974 1377 2061 1430 di-

496 1467 666 1519 mittet
692 1475 740 1520 et
771 1465 910 1519 vobis
941 1465 1107 1520 Pater
1132 1474 1298 1521 vester
1327 1467 1551 1522 cmlestis
1575 1467 1767 1521 delicta
1796 1478 1967 1522 vestra
1989 1469 2058 1524 '°.

497 1552 678 1617 Quare
725 1569 847 1607 cum
908 1564 1300 1624 congruentem
1349 1556 1612 1614 edidisset
1661 1558 2059 1628 pmnitentiam,

495 1645 707 1699 veniam
735 1654 1066 1701 consecutus
1096 1655 1202 1703 est.

2164 448 2243 522 ἦν
2269 453 2429 521 παρὰ
2454 453 2682 519 πάντας
2705 452 2847 519 τοὺς
2875 451 3222 522 ἀνθρώπους
3247 451 3386 517 τοὺς
3419 449 3594 513 ὄντας
3633 445 3735 500 ἐπὶ

2166 544 2274 613 τῆς
2310 544 2451 615 γῆς·
2501 543 2595 597 τοῦ
2642 543 2892 618 Ἀϐραὰμ
2938 543 2993 597 δὲ
3036 546 3069 616 ἡ
3118 544 3329 606 πίστις·
3378 541 3737 595 Ἐπίστευσα

2164 637 2271 709 γὰρ
2310 636 2389 703 τῷ
2421 635 2561 701 Θεῷ,
2590 636 2683 689 καί
2708 636 2993 705 ἐλογίσθη
3016 634 3176 701 αὑτῷ
3194 636 3281 700 εις
3306 632 3698 698 δικαιοσύνην
3716 645 3733 661 ο

2166 730 2262 783 καὶ
2302 727 2394 782 τοῦ
2434 727 2554 782 Ἰὼϐ
2586 730 2619 799 ἡ
2655 728 2936 800 καρτερία,
2966 728 3060 781 καῖ
3100 727 3296 798 Ἰωσὴφ
3325 728 3356 795 ἡ
3392 723 3735 795 σωφροσύνη,

2167 820 2261 874 καὶ
2296 822 2329 892 ὴ
2382 821 2541 890 σοφία
2588 819 2682 873 τοῦ
2735 819 3102 890 Σαλομῶντος.
3140 819 3251 872 Καὶ
3276 817 3337 870 τὸ
3375 814 3597 887 στερρὸν
3628 813 3739 867 τῶν

2168 912 2337 981 ἁγίων
2365 913 2463 965 ούκ
2496 911 2588 965 ἐπὶ
2614 914 2727 975 τοῖς
2759 913 2940 974 αὐτοῖς
2973 911 3419 983 μεμαρτύρηται·
3457 904 3570 961 ἀλλ’
3604 907 3659 957 ὲν
3692 899 3740 973 ᾧ

2167 1009 2361 1077 κρατεῖ
2380 1005 2663 1077 παραδόξῳ
2684 1005 3041 1077 παλαίσματι.
3065 1003 3225 1057 Δαυτδ
3244 1002 3423 1056 τοίνυν
3444 1002 3473 1052 ὁ
3493 999 3580 1053 διὰ
3605 1015 3743 1050 πανε

2166 1099 2257 1162 τὸς
2286 1097 2658 1169 ἀμνησίκακον
2692 1097 2878 1168 ᾔτησε,
2915 1095 3183 1167 προτείνει
3211 1094 3281 1146 Θε
3294 1086 3338 1158 ᾦ
3383 1091 3491 1144 τῶν
3519 1089 3647 1142 ἰσων
3679 1086 3744 1153 ἐξ

2168 1191 2332 1246 αὐτοῦ
2376 1193 2557 1261 τυχεῖν
2605 1187 3167 1260 ὲξαιτούμενος.ᾜδει
3195 1184 3302 1257 γὰρ
3346 1186 3410 1237 ὲκ
3455 1181 3549 1234 τοῦ
3593 1181 3742 1234 Gelon

2168 1283 2481 1353 Πνεύματος
2521 1282 2617 1353 τὴν
2665 1280 2959 1352 μίλλουσαν
2999 1279 3093 1332 τοῦ
3132 1278 3389 1348 Σωτῆρος
3412 1272 3743 1343 ἐπαγγελίαν

2166 1378 2286 1450 τὴν,
2305 1376 2445 1431 Ἐὰν
2469 1374 2659 1445 ἀφῆτε
2692 1375 2815 1441 τοῖς
2844 1371 3173 1441 ἀνθρώποις
3204 1368 3275 1422 τὰ
3303 1365 3745 1435 παραπτώματα

2167 1469 2384 1537 αὐτῶν,
2409 1468 2630 1539 ἀφήσει
2658 1466 2754 1522 καὶ
2779 1465 2920 1535 ὑμῖν
2946 1467 2978 1518 ὀ
3003 1461 3205 1528 Πατὴρ
3230 1458 3441 1529 ῠμῶνό
3465 1456 3746 1525 οἰφάνιος

2169 1561 2241 1615 τὰ
2271 1557 2710 1628 παραπτώματα
2743 1555 2926 1625 ὑμῶν.
2950 1550 3040 1605 Διὸ
3068 1548 3207 1623 μετά
3229 1548 3326 1619 τὴν
3356 1546 3543 1617 ἱκανὴν
3572 1543 3744 1616 μετά-

2169 1668 2319 1705 νοιαν
2354 1651 2511 1721 ἔτυχε
2545 1649 2645 1720 τῆς
2682 1648 2951 1717 ἀφέσεως.

570 1735 738 1790 Vens.
769 1738 823 1791 6.
864 1737 1223 1808 Persequalur
1261 1740 1506 1793 inimicus
1536 1742 1772 1795 animam
1801 1759 1991 1804 meam,
2015 1754 2062 1795 et

2235 1742 2595 1807 Καταδιώξαι
2636 1742 2748 1810 ἄρα
2773 1744 2804 1794 ό
2831 1738 3043 1809 ἐχθρός
3079 1736 3192 1804 τὴν
3223 1736 3434 1804 ⁴ψυχήν
3454 1749 3592 1801 μου,
3641 1729 3745 1783 καὶ

495 1828 921 1896 comprehendat,
953 1839 1000 1883 et
1031 1830 1304 1885 conculcet
1337 1834 1390 1885 in
1424 1841 1569 1886 terra
1599 1835 1761 1887 vitam
1788 1852 1979 1900 meam,
2013 1845 2063 1887 et

496 1923 723 1993 gloriam
777 1939 947 1975 meam
991 1923 1045 1975 in
1076 1923 1337 1991 pulverem
1385 1924 1635 1979 deducat.
1686 1926 1943 1982 Pluribus
1989 1929 2065 1981 ita

496 2012 680 2067 verbis
709 2012 972 2068 insistens
1002 2014 1110 2067 ait:
1151 2013 1206 2067 Si
1232 2030 1351 2069 eam
1377 2031 1491 2070 rem
1528 2034 1637 2073 non
1665 2019 1836 2088 probe
1857 2021 2062 2090 egerim

496 2096 568 2159 ne
595 2121 624 2156 a
655 2112 878 2174 peccato
929 2112 1055 2160 ante
1103 2106 1316 2160 obitum
1361 2108 1580 2177 eripiar,
1628 2126 1805 2181 neque
1836 2112 2064 2181 gloriam

497 2210 673 2250 meam
713 2196 1004 2265 recipiam;
1036 2196 1131 2252 sed
1164 2198 1217 2251 in
1251 2198 1387 2267 ipsis
1404 2198 1613 2255 delictis
1629 2203 2077 2275 comprehendar,

497 2294 559 2341 ut
589 2286 847 2342 inimicus
882 2303 1058 2353 meus,
1106 2290 1334 2359 perinde
1377 2301 1540 2361 atque
1572 2292 1626 2346 in
1655 2298 1776 2362 ipso
1804 2295 2064 2364 peccandi

495 2387 761 2447 tempore,
791 2379 1029 2433 animam
1079 2396 1253 2435 meam
1293 2397 1510 2453 semper
1541 2384 1845 2457 conculcet,
1891 2386 2066 2440 donec

495 2482 561 2522 ea
595 2468 649 2521 in
682 2468 957 2539 pulverem
983 2471 1179 2544 mortis
1212 2481 1537 2527 revertatur.
1566 2473 1664 2529 Sin
1692 2485 1882 2530 contra
1901 2478 2067 2547 probe

496 2572 585 2613 me
609 2559 891 2628 gesserim,
927 2560 1241 2631 redemptus
1264 2578 1326 2617 ea
1356 2579 1477 2632 qua:
1494 2579 1589 2634 par
1617 2573 1703 2621 est
1732 2580 2064 2637 consequar,

497 2665 675 2719 neque
705 2650 759 2704 in
791 2651 1069 2721 pulverem
1111 2655 1320 2723 peccati
1353 2656 1612 2720 carnalis,
1644 2658 1697 2711 in
1728 2674 1887 2728 quem
1919 2658 2068 2713 dela-

497 2754 633 2813 psus
658 2758 801 2807 sum,
833 2758 1199 2813 permaneam.
1239 2742 1362 2799 Vita
1386 2746 1507 2815 ejus
1533 2748 1628 2816 qui
1656 2748 1858 2802 terreni
1893 2748 2069 2802 homi-

501 2834 589 2889 nis
620 2835 908 2905 imaginem
940 2836 1096 2906 gerit,
1128 2835 1196 2889 al)
1231 2836 1455 2891 inimico
1490 2838 1546 2891 in
1577 2847 1721 2892 terra
1748 2841 2066 2893 conculcata

500 2933 601 2980 est.
670 2924 1032 2991 Quamobrem
1080 2925 1190 2991 ille,
1224 2927 1437 2980 etiamsi
1484 2927 1731 2981 videatur
1777 2929 2069 2998 aliquando

501 3017 673 3087 gloria
701 3016 859 3080 allici,
905 3025 1143 3071 attamen
1185 3018 1356 3088 gloria
1376 3018 1497 3088 ejus
1527 3020 1583 3073 in
1628 3020 1849 3089 pulvere
1881 3020 2063 3089 jacet;

499 3108 691 3176 quales
724 3117 852 3162 sunt
898 3108 990 3177 qui
1033 3109 1218 3179 gloriae
1253 3125 1421 3164 causa
1464 3119 1651 3181 agunt,
1685 3110 1874 3167 laudes
1903 3129 2067 3183 espe-

500 3204 644 3258 tunt,
691 3197 773 3251 vel
806 3198 1108 3252 mercedem
1142 3198 1210 3253 ab
1238 3198 1554 3256 hominibus
1596 3211 1959 3273 aucupantur.

573 3284 739 3342 Vens.
762 3288 813 3352 7,
842 3288 893 3343 8.
927 3287 1186 3360 Exsurge,
1212 3290 1456 3357 Domine,
1470 3294 1523 3345 in
1540 3293 1621 3346 ira
1636 3294 1729 3347 tua
1758 3303 1806 3348 et
1836 3297 2072 3351 exaltare

498 3377 557 3432 in
597 3379 791 3446 ﬁnibus
847 3381 1180 3435 inimicorum
1254 3393 1482 3438 tuorum.
1543 3384 1801 3457 Exsurge,
1852 3387 2073 3443 Domine

504 3471 641 3525 Deus
675 3487 840 3535 meus,
873 3473 924 3525 in
957 3484 1214 3542 prterepto
1246 3476 1383 3545 quod
1410 3477 1700 3543 mandasti,
1732 3489 1780 3532 et
1806 3497 2073 3552 synagoga

503 3561 819 3632 populorum
866 3563 1213 3617 circumdabit
1268 3576 1335 3619 te.
1378 3564 1669 3621 Dominum
1698 3568 1969 3633 hortatur,
2012 3579 2071 3625 ut

502 3654 672 3710 veluti
704 3655 813 3707 dux
858 3656 1132 3712 exercitus
1176 3672 1300 3711 cum
1361 3657 1734 3729 indignatione
1771 3669 2071 3731 consurgat

502 3745 768 3801 adversus
794 3746 1092 3815 principem
1123 3747 1395 3803 exercitus
1429 3749 1783 3806 invisibilium
1822 3753 2069 3807 inimico-

502 3850 649 3897 rum,
676 3835 755 3887 slc
794 3848 919 3887 eum
952 3835 1324 3903 compellans:
1370 3834 1453 3890 Tu
1489 3838 1626 3906 ipse,
1653 3841 1745 3909 qui
1782 3840 1944 3897 nobis
1973 3841 2072 3895 lto-

503 3924 744 3980 minibus
791 3923 1098 3993 praecepisti
1152 3932 1213 3978 ut
1249 3935 1652 3993 concertemus,
1701 3929 1939 4000 idipsum
1987 3930 2071 3985 fa-

504 4018 632 4072 cito.
689 4014 761 4070 lis
788 4015 931 4069 enim
965 4014 1063 4069 abs
1092 4023 1143 4069 te
1174 4014 1376 4085 fugatis
1401 4031 1465 4071 ac
1498 4018 1714 4085 deletis,
1747 4036 1849 4091 ego
1884 4024 2076 4079 salvus

503 4123 639 4173 ero;
671 4121 848 4177 neque
876 4107 1051 4170 solus,
1098 4108 1196 4170 sed
1225 4109 1387 4163 etiam
1428 4109 1669 4166 Ecclesia
1708 4128 1776 4168 ex
1815 4116 2071 4185 gentibus

502 4196 865 4253 circumdabit
899 4204 974 4261 te,
1017 4196 1297 4252 eliminata
1325 4198 1534 4255 scilicet
1561 4202 1710 4255 omni
1756 4202 2067 4260 daemonum

502 4303 708 4345 errore.
765 4286 822 4341 lu
862 4288 953 4341 illa
983 4302 1115 4342 sane
1141 4290 1292 4344 velut
1336 4289 1393 4343 in
1422 4290 1595 4345 choro
1636 4290 1849 4349 medius
1876 4297 2066 4351 consi-

2165 1832 2484 1887 καταλάϐοι
2530 1833 2628 1885 καὶ
2681 1828 3096 1895 καταπατῆσαι
3138 1829 3224 1891 εις
3260 1824 3376 1895 γῆν
3421 1823 3535 1891 τὴν
3590 1820 3747 1888 ζωήν

2159 1943 2298 1995 μου,
2333 1925 2428 1979 καὶ
2469 1924 2582 1991 τὴν
2610 1923 2795 1987 δόξαν
2818 1939 2936 1991 μου
2965 1922 3052 1985 εἰς
3078 1918 3229 1988 χοῦν
3257 1911 3743 1980 κατασκηνώσαι.

2164 2016 2567 2085 Διατεινόμενος
2593 2012 2649 2066 δέ
2678 2029 2839 2083 φησιν
2860 2028 2873 2042 ’
2902 2012 2963 2063 Εἰ
2994 2011 3068 2081 μὴ
3102 2006 3438 2078 κατώρθωσα
3466 2004 3641 2066 τοῦτο,
3668 2002 3745 2073 μὴ

2166 2104 2586 2176 ὲλευθερωθείην
2617 2103 2723 2175 πρὸ
2743 2102 2837 2156 τοῦ
2868 2102 3098 2155 θανάτου
3131 2100 3232 2169 τῆς
3268 2096 3565 2168 ἁμαρτίας,
3602 2093 3744 2165 μηδὲ

2163 2196 2261 2267 τὴν
2294 2197 2431 2268 ὲμὴν
2453 2196 2775 2267 ἀπολάϐοιμι
2792 2195 2965 2259 δόξαν,
2993 2194 3267 2255 ὲν.αύταῖς
3296 2190 3352 2243 δέ
3385 2206 3483 2261 μου
3508 2186 3749 2256 καταλη-

2167 2290 2358 2361 φθείῃν
2383 2292 2504 2352 ταῖς
2535 2288 2849 2360 ἁμαρτίαις,
2886 2286 2953 2340 ἶν’
2989 2287 3064 2350 ὡς
3096 2288 3184 2340 ὅτε
3210 2286 3452 2355 ἥμαρτον
3478 2281 3620 2334 οὕτω
3650 2281 3747 2351 μέὲ

2165 2400 2255 2455 χρι
2290 2381 2484 2444 παντὸς
2513 2380 2609 2451 τὴν
2644 2380 2781 2451 ἐμὴν
2808 2382 2836 2432 ό
2865 2377 3132 2449 δυσμενὴς
3163 2376 3520 2445 καταπατήσῃ
3543 2372 3744 2445 ψυχὴν,

2171 2473 2330 2544 μέχρι
2381 2471 2476 2525 τοῦ
2523 2473 2602 2535 είς
2650 2470 2778 2541 χοῦν
2805 2468 3143 2540 ὑποστρέψαι
3177 2467 3425 2521 θανάτου.
3461 2466 3524 2517 El
3557 2464 3614 2517 δὲ
3644 2480 3747 2516 κα-

2167 2563 2449 2636 τώρθωσα,
2478 2563 2694 2634 τύχοιμι
2735 2562 2845 2614 τῶν
2876 2561 3004 2615 ἴσων
3030 2559 3409 2633 λυτρούμενος,
3441 2558 3533 2611 καὶ
3567 2556 3642 2627 μὴ
3667 2557 3748 2620 είς

2167 2655 2227 2707 ὃν
2260 2654 2319 2721 ἐξ
2358 2655 2632 2726 ἁμαρτίας
2657 2654 2937 2707 κατέπεσα
2971 2652 3100 2723 χοῦν
3128 2649 3399 2721 ἐπιμένων
3427 2648 3529 2718 τῆς
3563 2663 3751 2719 σαρκι-

2168 2747 2271 2817 κῆς
2316 2749 2609 2819 ἁμαρτίας.
2627 2748 2690 2800 Ἠ
2719 2746 2830 2818 ζωὴ
2860 2745 2954 2798 τοῦ
2981 2745 3059 2798 ἔτι
3089 2745 3186 2813 τὴν
3226 2742 3407 2796 εἰκόνα
3438 2739 3529 2793 τοῦ
3560 2738 3749 2811 χοϊκοῦ

2169 2836 2460 2907 φοροῦντος
2512 2837 2967 2907 καταπεπάτηται
3013 2834 3117 2887 ὑπὸ
3146 2833 3239 2886 τοῦ
3276 2831 3468 2904 ἐχθροῦ
3495 2833 3575 2895 είς
3603 2830 3710 2901 γῆν
3728 2846 3744 2861 ο

2168 2924 2317 2990 οὗτος
2344 2927 2420 2992 δὲ,
2451 2926 2553 2981 κᾶν
2597 2926 2912 2995 δοξάζεσθαι
2966 2926 3097 2979 ποτὲ
3147 2925 3297 2995 δοκῇ,
3334 2924 3753 2994 κατεσκήνωσεν

2172 3020 2335 3074 αὐτοῦ
2368 3024 2400 3093 ἡ
2428 3021 2555 3088 δόξα
2589 3023 2669 3085 εἰς
2697 3020 2845 3092 χοῦν,
2873 3021 2949 3084 ὡς
2976 3019 3084 3073 τῶν
3112 3017 3405 3071 ποιούντων
3442 3016 3531 3070 διὰ
3566 3014 3745 3080 δόξαν,

2173 3117 2267 3170 καὶ
2295 3117 2385 3170 τδν
2415 3114 2543 3188 παρ’
2575 3113 2751 3168 αὐτῶν
2782 3114 3020 3177 ἔπαινον,
3057 3112 3089 3184 ἢ
3119 3112 3217 3182 τὴν
3244 3111 3372 3182 παρ’
3402 3110 3582 3172 αὐτοῖς
3607 3110 3748 3163 ἀπο-

2172 3209 2351 3281 δοχήν.

2256 3304 2584 3371 Ἀνάστηθι,
2619 3303 2813 3370 Κύριε,
2840 3300 2910 3355 ἐν
2940 3299 3017 3368 τῇ
3050 3297 3195 3369 ὀργῇ
3223 3314 3359 3360 σου,
3383 3296 3649 3367 ὐψώθητι
3675 3295 3760 3349 ἐν

2172 3394 2295 3459 τοῖς
2322 3393 2534 3462 πέρασι
2555 3392 2675 3446 τῶν
2700 3392 2929 3462 ἐχθρῶν
2952 3408 3088 3446 σου.
3107 3390 3494 3460 Ἐξεγέρθητι,
3516 3390 3690 3456 Κύριε
3714 3389 3755 3441 ὁ

2176 3486 2319 3550 Θεός
2343 3502 2482 3553 μου,
2522 3485 2593 3537 ὲν
2624 3481 3029 3553 προστάγματι
3053 3474 3102 3549 ᾧ
3137 3482 3431 3543 ἐνετείλω,
3464 3480 3561 3534 καὶ
3599 3494 3750 3533 συνο

2172 3576 2371 3648 arceri;
2403 3575 2568 3630 λαῶν
2596 3574 2896 3629 κυκλώσει
2923 3589 3015 3629 σε.
3048 3569 3151 3627 Οἷα
3191 3574 3256 3646 δὴ
3297 3573 3597 3645 στρατηγὸν
3625 3572 3747 3627 δια-

2172 3670 2434 3739 ναστῆναι
2484 3669 2580 3721 σὺν
2631 3667 3000 3737 ἀγανακτήσει
3030 3664 3298 3719 κατὰτοῦ
3342 3664 3465 3718 τῶν
3499 3665 3748 3736 ἀοράτων

2174 3760 2446 3831 πολεμίων
2471 3759 2728 3828 ἄρχοντος
2763 3757 3148 3827 στρατοπέδου,
3183 3757 3357 3825 λέγων
3379 3774 3394 3787 ·
3430 3757 3495 3810 Ὀ
3515 3759 3626 3819 τοῖς
3651 3757 3749 3809 ἀν-

2174 3853 2412 3928 θρώποις
2467 3853 2597 3923 ἡμῖν
2649 3848 2988 3921 προσέταξας
3036 3848 3409 3917 ἀγωνίζεσθαι.
3444 3849 3584 3903 κατὰ.
3636 3847 3746 3902 τῶν

2174 3947 2416 4019 ἀοράτων
2440 3943 2741 4012 δυνάμεων,
2769 3941 2927 3995 τοῦτο
2957 3941 3153 4012 δράσον
3185 3942 3365 4006 αὐτὸς.
3394 3942 3609 3994 Τούτων
3635 3939 3748 4011 γὰρ

2174 4040 2278 4094 ὑπὸ
2317 4036 2411 4091 σοῦ
2445 4034 2860 4108 καθῃρημένων,
2893 4033 3053 4101 κάγὼ
3095 4033 3429 4103 σωθήσομαι,
3458 4032 3519 4085 ού
3562 4033 3744 4103 μόνος,

2173 4129 2441 4186 ἀλλὰκαὶ
2488 4130 2522 4199 ὴ
2550 4126 2657 4180 τῶν
2692 4124 2859 4178 ἐθνῶν
2898 4125 3191 4195 Ἐκκλησία
3226 4124 3494 4178 κυκλώσει
3528 4141 3606 4187 σε,
3641 4124 3751 4177 πά-

2174 4241 2273 4296 σης
2296 4221 2563 4293 δαιμόνων
2588 4219 2795 4289 πλάνης
2820 4216 3235 4287 ἀπελασθείσης.
3265 4216 3480 4287 Ταύτης
3502 4216 3558 4268 δὲ
3578 4216 3750 4270 καθά-

2174 4332 2280 4388 περ
2303 4312 2463 4387 χοροῦ
2500 4313 2661 4384 μέσος
2687 4311 2976 4380 γενόμενος
3003 4309 3169 4378 ὕμνον
3215 4309 3556 4378 ἀναπέμψεις
3607 4311 3759 4380 πρέ-ς

505 4394 655 4440 ειειιε
696 4382 957 4454 hymnum
1006 4383 1224 4438 emittes
1252 4382 1400 4439 Patri
1452 4391 1569 4449 tuo,
1600 4388 2065 4456 quemadmodum

2170 4382 2337 4462 ποντα
2471 4382 2643 4477 Πατρὶ
2672 4404 2921 4475 καθάπερ
2952 4402 3087 4472 ἔφης
3106 4418 3122 4432 σ
3170 4398 3498 4470 Ἀπαγγελῶ
3521 4400 3585 4454 τὸ
3611 4402 3746 4458 ὄνο-

502 4477 726 4532 dixisti:
777 4474 1028 4530 Narrabo
1087 4492 1274 4531 nomen
1323 4485 1470 4530 tuum
1519 4477 1778 4547 fratribus
1827 4482 1977 4549 meis,
2013 4485 2065 4539 in

2169 4499 2254 4569 μά
2289 4474 2427 4553 σου-
2446 4497 2571 4563 τοῖς
2593 4474 2890 4565 *ἀδελφοῖς
2913 4513 3055 4565 μου,
3085 4494 3155 4546 ἐν
3178 4492 3346 4561 μέσῳ
3387 4493 3747 4563 Ἐκκλησίας

505 4569 675 4623 medio
704 4568 956 4623 Ecclesia:
987 4568 1222 4623 laudabo
1254 4568 1385 4622 te“.

2170 4568 2423 4661 ὖμνήσω
2453 4607 2545 4647 σε.

578 4678 745 4734 Vens.
770 4679 823 4732 9.
861 4678 927 4731 Et
948 4689 1161 4748 propter
1191 4679 1324 4733 hanc
1353 4681 1407 4733 in
1440 4679 1604 4736 altum
1629 4682 1914 4750 regredere,
1960 4685 2065 4740 Do-

2243 4681 2352 4735 Kal
2372 4680 2523 4748 ὐπὲρ
2551 4682 2771 4748 ταύτης
2798 4682 2885 4747 εἷς
2909 4680 3067 4748 ὕψος
3107 4680 3489 4749 ἐπίστρεφον,
3525 4681 3750 4747 Κύριος⁸

507 4775 682 4828 minus
721 4772 986 4840 judicabit
1023 4772 1262 4840 populos.
1303 4772 1502 4827 Indica
1551 4792 1651 4839 me,
1693 4776 1938 4843 Domine,
1986 4796 2065 4834 se-

2171 4772 2363 4841 κρινεῖ
2380 4774 2586 4839 λαούς.
2614 4771 2832 4840 Κρῒνόν
2858 4789 2955 4841 με,
2979 4774 3173 4840 Κύριε,
3208 4771 3356 4825 κατὰ
3387 4770 3501 4839 τὴν
3525 4771 3744 4825 δικαιο-

510 4864 737 4921 cundum
773 4863 1042 4933 justitiam
1090 4874 1256 4927 tuam,
1289 4874 1339 4918 et
1376 4865 1662 4919 secundum
1710 4869 2065 4927 innocentiam

2172 4866 2371 4933 σύνην
2409 4880 2545 4926 σου,
2569 4862 2667 4916 καὶ
2706 4863 2855 4917 κατὰ
2894 4862 3010 4931 τὴν
3050 4864 3306 4917 ἀκακίαν
3343 4881 3461 4933 μου
3501 4862 3737 4931 ἐπ’ἑμέ.

509 4970 678 5010 meam
702 4971 856 5024 super
888 4970 989 5008 me.
1026 4953 1292 5020 Quoniam
1338 4970 1526 5010 omnes
1572 4965 1856 5016 creaturas
1899 4962 2071 5019 addu-

510 5056 597 5104 cet
637 5047 778 5102 Deus
821 5048 874 5101 in
904 5047 1191 5116 judicium,
1240 5057 1566 5118 oportetque
1611 5050 1897 5110 universos
1943 5065 2070 5112 ante

510 5136 712 5193 Christi
741 5137 979 5191 tribunal
1015 5138 1163 5201 sisti,
1214 5152 1337 5194 cum
1380 5139 1665 5197 didicisset
1696 5140 1865 5197 David
1917 5144 2066 5201 futu-

512 5245 630 5284 rum
662 5243 783 5284 esse
817 5237 875 5281 ut
912 5230 1176 5283 mundum
1208 5230 1413 5299 judice!
1456 5232 1510 5287 in
1538 5233 1773 5303 justitia,
1805 5244 1857 5290 et
1895 5254 2069 5307 popu-

514 5320 595 5374 los
626 5319 681 5372 in
716 5318 989 5387 mquitate,
1022 5318 1144 5386 iure
1181 5320 1293 5373 ait:
1337 5318 1440 5373 Mei
1478 5336 1693 5390 quoque
1721 5321 1885 5389 judex
1922 5333 2064 5388 esto,

513 5411 762 5474 Domine,
798 5424 905 5464 non
935 5410 1232 5465 secundum
1268 5412 1505 5481 reliquas
1529 5416 1872 5483 operationes
1896 5429 2065 5479 meas,

513 5503 611 5560 sed
639 5502 937 5560 secundum
962 5500 1365 5573 simplicitatem
1391 5514 1445 5559 et
1479 5502 1749 5572 justitiam
1777 5518 1993 5571 meam.;

2180 4956 2394 5027 Ἐπειδὴ
2443 4957 2548 5008 πᾶν
2595 4955 2655 5008 τὸ
2698 4955 2905 5025 ποίημα
2939 4954 3055 5020 ἄξει
3087 4957 3116 5008 ό
3142 4955 3271 5019 Θεὸς
3304 4957 3382 5019 εἰς
3412 4955 3609 5024 κρίσιν,
3644 4955 3742 5009 καὶ

2165 5049 2291 5109 τοὺς
2320 5047 2525 5109 πάντας
2548 5046 2625 5098 δεῖ
2651 5047 2993 5117 παραστῆναι
3023 5046 3102 5116 τῷ
3132 5046 3334 5118 βήματι
3359 5046 3453 5100 τοῦ
3480 5047 3739 5119 Χριστοῦ,

2168 5139 2389 5200 εἰκότως
2412 5136 2599 5207 μαθὼν
2625 5140 2653 5189 ὁ
2685 5136 2866 5201 Δαυτδ,
2897 5139 2976 5191 ὅτι
3006 5140 3186 5209 μέλλει
3209 5141 3413 5211 κρίνειν
3441 5139 3537 5210 τὴν
3562 5142 3743 5192 οἰκου-

2172 5230 2336 5299 μένην
2369 5230 2425 5280 ὲν
2458 5227 2770 5301 δικαιοσύνῃ
2818 5230 2912 5282 καὶ
2959 5229 3120 5294 λαοὺς
3150 5232 3207 5283 ὲν
3233 5230 3482 5300 εύθύτητι
3502 5246 3515 5259 ·
3552 5229 3736 5293 Γενοῦ,

2172 5320 2323 5390 φησί,
2358 5319 2537 5389 κάμοῦ
2567 5319 2778 5391 κριτὴς,
2807 5313 2852 5372 ὦ
2897 5320 3088 5391 Κύριε,
3125 5320 3198 5393 μὴ
3248 5322 3387 5375 κατὰ
3419 5320 3515 5384 τὰς
3547 5320 3740 5385 λοιπάς
3792 5338 3795 5339 ⁷

2173 5427 2271 5481 μου
2297 5410 2543 5482 πράξεις,
2562 5411 2696 5465 ἀλλὰ
2717 5411 2861 5467 κατὰ
2880 5412 2979 5484 τὴν
2999 5413 3279 5485 ἁπλότητά
3305 5430 3407 5484 μου
3427 5414 3520 5468 καὶ
3544 5412 3747 5468 δικαιο-

2171 5519 2352 5574 συνην.

614 5704 662 5737 ⁷⁸
700 5701 862 5761 Num.
896 5718 1009 5773 xu,
1042 5701 1095 5758 5.
1169 5702 1212 5735 ⁷⁸
1250 5697 1382 5759 Gen.
1420 5717 1521 5768 xv,
1559 5702 1610 5757 6.
1690 5702 1734 5735 ⁸ο
1776 5699 1960 5755 Matth.
1998 5716 2048 5756 νι

2169 5703 2207 5758 ι.
2287 5701 2331 5734 ⁸¹
2374 5700 2516 5760 Psal.
2550 5717 2672 5767 ut,
2707 5702 2796 5759 25.
