4042 6210
282 299 394 358 ((ὶὸ

1405 287 1912 348 COMMENTARIA
1952 285 2020 342 IN
2052 286 2397 344 PSALMOS.

3427 291 3531 349 126

359 409 822 477 Συντελεσθὴτω
847 408 923 478 δὴ
952 408 1207 477 πονηρία
1239 405 1591 476 ἁμαρτωλῶν
1627 404 1726 459 καὶ
1764 420 1868 458 κα-

2046 400 2212 458 νειιε.
2248 402 2340 468 10,
2378 401 2467 457 II.
2496 360 2854 457 consumatur
2875 402 3107 472 nequitia
3129 410 3459 458 meatorum
3484 412 3536 457 et

288 504 592 572 τευθυνεῖς
631 502 885 567 δίκαιον,
906 500 1120 561 ὲτάζων
1143 499 1388 568 καρδίας
1415 498 1513 553 καὶ
1542 497 1799 568 νεφροὺς
1829 500 1863 551 ό

293 594 923 665 Θεός.Ἐπιστημονικδν
962 593 1057 646 καὶ
1101 592 1241 663 μέγα
1275 589 1336 643 τὺ
1378 590 1553 662 πέρας
1595 589 1863 644 αἰτεῖσθαι

291 686 544 759 γενέσθαι
580 686 798 749 κακίας,
836 682 1160 756 κυϐέρνησιν
1201 683 1260 736 δὲ
1299 681 1378 753 τῷ
1410 682 1602 753 δικαίῳ
1634 682 1770 753 πρὸς
1804 681 1867 734 τὸ

296 780 496 852 μηκέτι
548 776 917 850 χειμάζεσθαι.
946 776 1079 847 Περὶ
1129 776 1526 847 δικαιοκρισίας
1571 773 1740 829 εἰπὼν
1769 772 1865 826 τοῦ

293 870 452 930 Θεοῦ,
482 868 637 941 μόνον
675 867 878 921 δίκαιον
909 864 1199 934 ἀποφαίνει
1239 865 1452 935 κριτὴν,
1476 863 1550 927 ὡς
1580 862 1867 933 καὶομόνον

293 964 505 1037 ὁρῶντα
529 960 748 1033 καρδίας
766 977 779 990 ·
810 960 971 1023 αὐτὸς
1001 957 1111 1030 γὰρ
1142 956 1462 1011 ἀποδίδωσιν
1488 955 1702 1026 ἑκάστῳ
1724 952 1866 1008 κατὰ

296 1057 365 1111 τὰ
401 1056 535 1128 ἔργα
564 1051 1103 1119 αύτοῦ.⁹Ανθρωπος
1136 1049 1235 1119 μὲν
1267 1048 1375 1119 γὰρ
1419 1049 1507 1113 είς
1554 1047 1699 1115 ὄψιν
1720 1043 1861 1116 δρᾷς

295 1149 457 1211 αὐτὸς
480 1147 534 1200 δὲ
561 1143 804 1217 κριτικός
828 1144 975 1196 ἐστιν
1002 1140 1352 1212 ἐνθυμήσεων
1374 1139 1469 1192 καὶ¹
1489 1138 1705 1191 ἐννοιῶν
1731 1155 1868 1210 καρ-

293 1238 443 1303 δίας·
478 1239 575 1291 οὐκ
603 1236 717 1290 ἔστι
751 1236 932 1306 κρίσις
961 1232 1171 1302 ἀφανὴς
1198 1230 1428 1284 ἐνώπιον
1459 1229 1647 1284 αὐτοῦ.
1676 1228 1867 1282 Τοιοῦ-

293 1347 383 1383 τον
406 1328 580 1393 δείξας
607 1327 697 1381 τὸν
724 1328 877 1391 Θεὸν,
906 1322 1447 1397 πεπαρρησιασμένῳ
1476 1322 1735 1375 συνειδόσι
1763 1339 1867 1392 φη-

296 1420 375 1474 σίν
393 1438 406 1451 ⁸
450 1422 511 1475 Ἡ
531 1419 783 1486 βοήθειὰ
808 1437 927 1489 μου
958 1416 1116 1486 παρὰ
1144 1414 1251 1470 τοῦ
1282 1414 1430 1469 Θεοῦ
1454 1414 1560 1469 τοῦ
1580 1413 1870 1480 σώζοντος

291 1513 434 1581 τσὺς
470 1512 665 1578 εὺθεῖς
689 1511 763 1581 τῇ
788 1510 1017 1579 καρδίᾳ.
1040 1509 1268 1581 Χρηστὰ
1297 1507 1406 1580 γὰρ
1435 1505 1643 1571 ἐλπίζει
1667 1508 1754 1562 διὰ
1779 1508 1870 1562 τὸν

292 1599 552 1663 ἐτάζοντα
583 1599 810 1671 καρδίας
848 1601 943 1653 καὶ
976 1600 1229 1669 νεφροὺς,
1275 1597 1351 1661 ὡς
1385 1597 1448 1669 δὴ
1491 1598 1701 1651 σκολιὸν
1732 1598 1870 1669 ἔχων

292 1692 443 1747 οὐδὲν
472 1695 529 1746 ἐν
558 1692 771 1765 καρδίᾳ.

378 1784 520 1842 Ἐὰν
564 1783 649 1854 μὴ
695 1779 1121 1854 ἐπιστραφῆτε,
1173 1786 1288 1854 τὴν
1326 1783 1632 1853 ῥομφαίαν
1679 1781 1869 1835 αὐτοῦ

294 1875 617 1931 στιλϐὡσει
641 1894 654 1906 ·
705 1876 773 1930 τὸ
813 1877 995 1942 τόξον
1014 1877 1198 1931 αὑτοῦ
1221 1876 1477 1930 ἐνέτεινε
1502 1875 1599 1927 καὶ
1625 1874 1869 1942 ἡτοίμα-

296 1983 411 2021 σεν
452 1969 618 2022 αὑτό.
653 1970 875 2040 Μήποτε
923 1968 1502 2040 παρασεσιωπημένως
1541 1964 1711 2020 ταῦτα
1743 1965 1871 2036 περὶ

297 2060 392 2114 τοῦ
441 2060 686 2115 διαϐόλου
728 2062 975 2130 λέγεται·
1007 2055 1159 2125 οὗτος
1201 2060 1308 2132 γὰρ
1355 2060 1493 2132 πρὸς
1530 2059 1752 2121 τούτους
1780 2057 1872 2111 καὶ⁵

295 2154 560 2225 ὡδίνησεν
588 2154 821 2218 ἀδικίαν,
858 2156 952 2208 καὶ
975 2153 1043 2208 τὰ
1075 2153 1221 2224 ἑξῆς.

381 2245 526 2300 Ἰδοὺ
561 2245 858 2313 ὠδίνησεν
894 2246 1150 2311 ἀδικίαν,
1195 2246 1495 2301 συνέλαϐε
1532 2248 1741 2310 πόνον,
1775 2245 1872 2298 καί,

296 2336 501 2391 ἔτεκεν
547 2335 821 2404 ἀνομίαν.
854 2334 1093 2389 Λάκκον
1143 2335 1334 2403 ὤρυξε
1384 2335 1482 2389 καί
1524 2333 1874 2403 ἀνέσκαψεν

295 2427 502 2491 αὐτὸν,
537 2427 1001 2497 καίηὲμπεσεῖται
1038 2429 1127 2493 εἰς
1150 2427 1383 2496 βόθρον
1424 2426 1498 2481 ὃν
1536 2425 1871 2497 εἰργάσατο.

309 2520 680 2588 Ἐπιστρέψει
712 2522 745 2573 ό
774 2520 960 2585 πόνος
989 2519 1176 2573 αὐτοῦ
1219 2522 1307 2586 εὶς
1347 2518 1623 2589 κεφαλὴν
1666 2518 1872 2583 αὑτοῦ,

296 2612 393 2665 καὶ
426 2612 525 2665 ἐπὶ
566 2611 839 2681 κορυφὴν
865 2612 1051 2665 αὑτοῦ
1087 2613 1125 2681 ή
1155 2611 1358 2666 ἀδικία
1387 2613 1575 2667 αὑτοῦ
1618 2611 1876 2677 καταϐή-

295 2719 486 2759 σεται.
528 2703 711 2757 Ταῢτα
780 2704 957 2775 ῥητῶς
1020 2703 1107 2757 ἐπ’
1152 2698 1435 2775 Ἀχίτόςρελ
1500 2704 1873 2775 πεπλήρωται.

297 2796 797 2869 Παρευδοκιμηθεὶς
839 2798 947 2868 γὰρ
989 2797 1095 2850 ὑπὸ
1139 2797 1233 2850 τοῦ
1264 2796 1458 2860 Χουσὶ,
1488 2798 1581 2850 καὶ
1621 2795 1691 2848 τὰ
1733 2794 1876 2865 πρά-

300 2907 485 2960 γματα
515 2889 609 2942 τοῦ
648 2889 1020 2961 Ἀὅεσσαλὼμ,
1050 2889 1125 2954 ὡς
1153 2891 1217 2963 δὴ
1251 2890 1433 2960 σοφὸς,
1468 2888 1759 2958 ἀπογνοὺς,
1783 2887 1878 2940 καὶ

304 2980 400 3051 τὴν
454 2981 748 3051 μέλλουσαν
796 2983 862 3033 ἐκ
907 2979 999 3033 τοῦ
1035 2979 1194 3033 Δαυῒδ
1225 2979 1556 3051 φοϐούμενος
1594 2978 1769 3049 δίκην,
1797 2975 1878 3029 oi-

1964 494 2156 565 diriges
2169 492 2401 564 justum,
2424 503 2668 548 scrutaris
2696 492 2857 547 corda
2874 503 2924 548 et
2940 511 3107 560 renes,
3133 494 3289 550 Deus.
3324 492 3541 550 Scitum

1965 604 2338 661 magnumque
2363 594 2449 643 est
2486 587 2768 657 postulare
2801 594 2862 641 ut
2890 587 3017 643 ﬁnis
3050 588 3123 643 sit
3160 588 3413 654 malitiae;
3449 594 3546 641 ut-

1965 697 2070 752 que
2088 682 2274 751 justus
2300 681 2377 736 ita
2405 678 2695 750 dirigatur,
2729 686 2791 734 ut
2819 694 3097 750 nunquam
3120 678 3268 734 ultro
3289 678 3534 734 ﬂuctuet.

1966 774 2103 830 Cum
2138 783 2317 829 autem
2343 773 2411 828 de
2454 772 2716 827 tribunali
2749 772 2842 827 Dei
2884 771 3151 842 loquitur,
3196 773 3372 828 solum
3410 786 3537 827 eum

1967 882 2090 922 esse
2122 865 2334 935 justum
2383 864 2622 935 judicem
2651 865 2993 935 pronuntiat,
3022 872 3211 931 utpote
3259 864 3352 935 qui
3385 865 3537 920 solus

1967 961 2135 1018 corda
2162 961 2365 1017 videat.
2414 960 2537 1030 Ipse
2563 975 2800 1031 namque
2839 962 3020 1016 reddit
3048 962 3347 1032 unicuique
3380 960 3540 1032 juxta

1968 1069 2135 1125 opera
2161 1068 2281 1110 sua.
2328 1053 2503 1108 Homo
2523 1054 2729 1125 quippe
2756 1053 2894 1108 uidet
2920 1055 2972 1107 in
2996 1054 3134 1124 facie
3152 1054 3198 1085 ⁸³
3226 1071 3240 1120 ;
3275 1054 3392 1125 ipse
3410 1068 3540 1108 vero

1964 1147 2133 1217 judex
2165 1146 2564 1218 cogitationum
2592 1155 2677 1202 est
2704 1152 2758 1201 et
2787 1146 2955 1200 animi
2986 1148 3284 1203 sensuum':
3328 1146 3539 1201 nullum

1963 1238 2236 1310 judicium
2265 1238 2540 1292 occultum
2576 1236 2681 1305 ipsi
2714 1245 2817 1292 est.
2858 1234 2994 1290 Cum
3023 1237 3187 1291 talem
3224 1250 3346 1291 esse
3369 1233 3539 1290 Deum

1968 1330 2326 1394 declarasset,
2370 1328 2653 1384 conﬁdens
2686 1344 2751 1383 ac
2787 1329 3127 1384 conscientia
3160 1343 3260 1383 sua
3308 1342 3540 1384 securus

1969 1422 2135 1477 dicit:
2170 1421 2510 1491 Adjutorium
2540 1436 2710 1474 meum
2736 1437 2771 1473 a
2806 1419 2938 1486 Deo,
2972 1421 3064 1491 qui
3094 1410 3267 1474 salvos
3296 1420 3426 1489 facit
3458 1435 3542 1474 re-

1970 1524 2079 1569 ctos
2111 1514 2286 1569 corde.
2329 1512 2477 1566 Bona
2515 1512 2715 1566 etenim
2749 1519 2932 1581 sperat
2970 1511 3038 1566 ab
3057 1525 3124 1566 eo
3146 1510 3238 1581 qui
3264 1518 3543 1566 scrutatur

1969 1607 2134 1663 corda
2158 1614 2212 1663 et
2238 1622 2417 1671 renes,
2461 1604 2608 1675 quod
2643 1604 2781 1658 nihil
2810 1611 3122 1660 tortuosum
3163 1603 3218 1656 in
3244 1602 3410 1657 corde
3442 1602 3543 1657 ba-

1971 1700 2118 1755 beat.

2040 1789 2209 1846 Vsus.
2253 1790 2341 1843 15.
2388 1787 2516 1842 Nisi
2568 1788 2801 1842 conversi
2846 1786 3074 1856 fueritis,
3106 1786 3343 1857 gladium
3388 1801 3544 1839 suum

1971 1882 2232 1936 vibrabit:
2285 1897 2468 1935 arcum
2537 1896 2690 1934 suum
2745 1877 2963 1933 tetendit
3009 1887 3057 1930 et
3106 1879 3311 1946 paravit
3364 1878 3541 1933 illum.

1970 1972 2111 2028 Num
2143 1974 2258 2028 haec
2301 1974 2464 2028 tacite
2518 1980 2575 2027 et
2608 1972 2845 2026 obscure
2878 1969 2947 2025 de
2989 1968 3206 2023 diabolo
3249 1968 3539 2026 dicuntur:

1972 2082 2099 2121 nam
2166 2067 2214 2121 i‘s
2278 2065 2543 2122 adversus
2593 2063 3146 2134 bominestparturiit
3194 2062 3542 2132 injustitiam,

1972 2167 2027 2214 et
2049 2168 2266 2214 caetera.
3242 2173 3246 2177 ·

2044 2250 2212 2307 Vsus.
2247 2252 2317 2305 I5
2342 2282 2369 2292 -
2396 2251 2485 2308 l7.
2545 2249 2674 2304 Ecce
2713 2249 2968 2318 parturiit
3018 2249 3360 2318 injustitiam,
3415 2264 3545 2302 con-

1975 2344 2106 2411 cepit
2136 2342 2371 2396 dolorem
2396 2352 2446 2396 et
2472 2343 2667 2412 peperit
2707 2341 3059 2411 iniquitatem.
3108 2338 3309 2393 Lacum
3341 2340 3546 2408 aperuit

1975 2445 2024 2490 et
2045 2434 2227 2504 e/j’odit
2246 2451 2387 2498 eum,
2414 2444 2463 2488 et
2486 2433 2682 2488 incidet
2706 2435 2764 2487 in
2798 2433 3002 2503 foveam
3028 2449 3187 2504 quam
3216 2433 3361 2502 fecit.
3402 2431 3545 2488 Cone

1976 2536 2206 2584 vertetur
2250 2527 2405 2580 dolor
2449 2526 2564 2596 ejus
2610 2527 2665 2579 in
2708 2535 2865 2595 caput
2915 2524 3051 2595 ejus,
3095 2536 3145 2579 et
3197 2526 3251 2579 in
3304 2525 3547 2579 verticem

1977 2623 2142 2688 ipsius
2180 2622 2431 2690 iniquitas
2473 2620 2586 2689 ejus
2635 2618 2928 2674 descendet.
2977 2618 3101 2673 Haec
3130 2619 3200 2672 ad
3232 2620 3459 2673 verbum
3489 2618 3550 2674 in

1977 2712 2332 2783 Acbitophele
2376 2714 2646 2782 completa
2709 2721 2858 2767 sunt.
2928 2710 3064 2766 Nam
3099 2727 3129 2765 a
3167 2712 3339 2767 Chusi
3384 2727 3551 2782 supe-

1982 2812 2161 2869 ratus,
2188 2819 2313 2860 cum
2348 2804 2416 2859 de
2440 2804 2609 2859 rebus
2632 2803 2945 2869 Absalonis,
2969 2810 3157 2874 utpote
3179 2804 3263 2857 vir
3282 2802 3544 2873 prudens,

1980 2897 2317 2968 desperaret,
2376 2896 2729 2966 futuramque
2777 2894 2998 2951 Davidis
3033 2894 3331 2950 vindictam
3379 2895 3549 2964 perti-

1980 2999 2267 3055 mesceret,
2300 2990 2355 3045 in
2384 2990 2604 3045 domum
2649 2990 2913 3045 secedens
2941 3004 3062 3044 sese
3092 2989 3287 3059 laqueo
3316 3004 3549 3059 suspen-

306 3073 437 3126 καδε
487 3074 846 3144 ἀναχωρήσας
892 3072 1191 3146 ἀπήγξατο,
1235 3072 1423 3127 παθὼν
1467 3073 1610 3144 ἅπερ
1650 3069 1877 3123 ἐπεϐού-

1985 3079 2085 3143 dit,
2116 3094 2179 3134 ea
2208 3094 2525 3150 perpessus,
2552 3095 2674 3150 qua:
2712 3079 3174 3134 machinamentis
3212 3078 3327 3133 suis
3358 3077 3549 3133 Davidi

306 3165 425 3219 λευε
478 3166 670 3221 παθεῖν
708 3167 796 3221 τὸν
835 3168 1014 3231 Δαυῖδ,
1045 3168 1138 3221 καὶ
1182 3167 1281 3238 τὴν
1325 3165 1444 3219 κατ’
1478 3160 1642 3217 αὐτοῦ
1686 3164 1877 3216 κακίαν

1985 3175 2295 3242 paraverat,
2341 3186 2607 3241 suamque
2665 3171 2929 3225 adversus
2969 3184 3093 3223 eum
3140 3168 3441 3238 nequitiam
3492 3168 3551 3223 in

305 3258 398 3311 ἐπὶ
434 3258 533 3330 τὴν
567 3259 735 3313 αὑτοῦ
767 3260 1008 3331 κεφαλὴν
1043 3257 1381 3329 ἀπεμάξατο.
1430 3255 1540 3310 Καὶ
1570 3255 1795 3309 καθόλου
1827 3255 1884 3308 δὲ

305 3350 414 3413 πᾶς
446 3350 511 3402 δι’
540 3344 615 3403 ὧν
642 3350 931 3423 εἰργάσατο
962 3350 1146 3405 κακῶν
1183 3350 1300 3404 καθ’
1330 3347 1521 3402 ἑαυτοῦ
1563 3347 1661 3418 τὴν
1700 3345 1884 3418 ψῆφον

305 3440 362 3495 ἐν
394 3440 575 3521 ᾑμέρᾳ
609 3441 843 3511 κρίσεως
873 3442 1047 3514 φέρει.

390 3529 933 3599 Ἑξομολογήσομαι
966 3530 1047 3596 τῷ
1086 3531 1282 3598 Κυρίῳ
1314 3528 1464 3585 κατὰ
1507 3527 1621 3596 τὴν
1665 3526 1889 3581 δικαιο-

305 3622 505 3689 σύνην
531 3621 740 3685 αὐτοῦ,
775 3619 950 3690 ψαλῶ
978 3621 1057 3687 τῷ
1086 3622 1327 3690 ὀνόματι
1354 3622 1576 3689 Κυρίου
1603 3621 1708 3674 τοῦ
1731 3620 1885 3688 Ὑψί-

306 3729 479 3767 στου.
497 3713 582 3775 Ὠς
607 3712 664 3766 δὲ
699 3712 883 3784 μηδενὶ
908 3713 1067 3777 αὐτὸς
1094 3713 1501 3777 ἐπιϐουλεύσας,
1529 3713 1663 3785 μηδὲ
1684 3712 1886 3766 λάκκον

306 3805 525 3876 ὀρύξας,
568 3805 820 3878 παρορῶν
868 3806 925 3859 δὲ
971 3807 1097 3871 τοὺς
1144 3805 1464 3870 ἀδικοῦντας
1514 3805 1622 3859 τῶν
1674 3804 1885 3859 ἀσεϐῶν

308 3898 692 3969 ἀπολλυμένων
742 3899 799 3951 ὲν
851 3898 1068 3969 κρίσει,
1102 3896 1683 3967 Ἐξομολογήσομαι,
1729 3897 1882 3967 φησὶ,

308 3991 390 4057 τῷ
411 3992 603 4060 Κυρίῳ
624 3992 774 4045 κατὰ
799 3990 912 4060 τὴν
930 3991 1325 4058 δικαιοσύνην
1347 3991 1537 4045 αὐτοῦ
1561 4008 1574 4021 ο
1603 3991 1684 4044 Τὰ
1712 3992 1886 4061 ἐμαυ-

309 4080 402 4135 τοῦ
432 4081 611 4135 δίκαια
650 4080 897 4152 καθάπερ
928 4084 986 4135 ὲν
1007 4082 1341 4154 δικαστηρίῳ
1370 4081 1592 4155 προθείς
1613 4098 1626 4110 ·
1660 4080 1758 4136 καὶ
1780 4082 1887 4148 ψα-

308 4169 397 4227 λῶ
440 4171 508 4225 δὲ
546 4172 625 4238 τῷ
651 4174 891 4242 ὀνόματι
917 4175 1137 4242 Κυρίου
1159 4173 1266 4227 τοῦ
1290 4176 1585 4243 ὑψίστου·
1618 4171 1886 4225 πιστεύων

310 4264 811 4338 καταξιωθήσεσθαι
837 4264 929 4318 τοῦ
957 4264 1117 4337 χοροῦ
1145 4264 1251 4319 τῶν
1284 4267 1411 4336 παρ’
1445 4260 1611 4319 αὐτοῦ
1644 4260 1885 4332 σωζομέ-

309 4374 436 4412 νων.

708 4469 1002 4524 ΨΑΛΜΟΣ
1039 4470 1125 4523 ΤΩ
1162 4470 1359 4523 ΔΑΥΙΔ
1397 4471 1480 4527 H'.

598 4586 701 4651 Είς
738 4586 802 4639 τὸ
833 4586 1008 4653 τέλος
1045 4586 1199 4655 ὑπὲρ
1233 4585 1350 4641 τῶν
1378 4585 1604 4658 ληνῶν.

384 4699 465 4753 Τὰ
494 4698 586 4752 ἐπὶ
622 4704 689 4772 τῇ
723 4701 1000 4774 συντελείᾳ
1031 4702 1126 4756 νῦν
1162 4704 1270 4756 τῶν
1301 4701 1510 4757 αἰώνων
1557 4705 1889 4775 προφητευό-

318 4810 453 4865 μενα
483 4792 580 4864 τὴν
606 4796 931 4867 ἐπιγραφὴν,
965 4798 1053 4861 εὶς
1093 4795 1159 4848 τὸ
1203 4797 1392 4862 τέλος,
1424 4794 1888 4867 ὲποίησεν.Ὑπὲρ

313 4886 372 4940 δὲ
397 4884 514 4939 τῶν
539 4885 742 4953 ληνῶν
767 4887 852 4941 διὰ
882 4888 981 4952 τὰς
1014 4889 1071 4941 ὲν
1104 4888 1250 4959 πάσῃ
1270 4891 1336 4960 τῇ
1361 4892 1431 4959 γῇ
1460 4890 1729 4953 συστάσας
1769 4890 1889 4943 Ἐκ-

315 4976 566 5048 κλησίας,
615 4976 939 5050 ἀλληγορίας
990 4980 1138 5049 νόμῳ
1187 4979 1484 5050 λεγομένας
1539 4980 1888 5051 ληνούςεὍτε

320 5069 417 5139 μὲν
449 5063 527 5133 εἷς
555 5064 623 5139 ἦν
652 5069 777 5132 λαός
796 5086 810 5098 ⁸
843 5066 910 5140 ἦν
935 5072 993 5123 δὲ
1020 5066 1173 5135 οὗτος
1216 5072 1453 5143 Ἰσραὴλ.
1487 5065 1531 5141 ᾧ
1556 5072 1889 5145 ἐχρημάτιζε

316 5159 409 5211 καὶ
438 5158 645 5230 πύργος
674 5161 701 5213 ὁ
743 5160 890 5231 παρὰ
915 5162 1124 5225 τούτοις
1163 5161 1317 5228 νεὼς,
1346 5165 1439 5217 καὶ
1472 5164 1805 5232 προλήνιον
1830 5164 1893 5218 τὸ

317 5248 425 5319 πρὸ
450 5250 544 5302 τοῦ
577 5250 706 5303 ναοῦ
733 5250 1115 5323 θυσιαστήριον
1142 5254 1284 5308 κατὰ
1309 5255 1407 5328 τὴν
1438 5256 1659 5309 Ἡσαΐου
1686 5259 1888 5329 φωνήν.

316 5337 390 5389 Τὸ
412 5337 469 5390 δὲ
506 5338 706 5409 πλῆθος
748 5342 867 5394 νυνί
914 5340 1022 5395 τῶν
1064 5342 1239 5412 ληνῶν
1277 5344 1345 5397 τὰ
1380 5345 1549 5399 πολλὰ
1584 5346 1777 5418 μηνύει
1809 5347 1895 5401 θυ-

318 5431 630 5501 σιαστήρια,
658 5433 780 5495 ταῖς
821 5431 966 5486 κατὰ
1010 5433 1175 5504 μέρος
1218 5436 1531 5507 ἐκκλησίαις
1560 5437 1894 5507 συνδιαιρού-

321 5538 476 5593 μενα.
508 5525 596 5577 Διὸ
643 5526 739 5578 καὶ
778 5527 837 5578 ὲν
878 5532 967 5594 πγ*
994 5526 1195 5599 ψαλμῷ
1234 5530 1325 5583 τὸν
1352 5529 1513 5583 αὐτὸν
1539 5530 1896 5601 ὲπιγραφέντι

388 5703 436 5735 ⁸¹
476 5703 493 5758 1
529 5703 660 5778 Reg.
699 5723 822 5773 xw,
857 5706 913 5762 7.

1912 4446 1960 4501 Ι)

1986 3271 2142 3331 caput
2180 3261 2296 3331 ipse
2332 3278 2491 3319 suum
2524 3262 2813 3332 expressit.
2858 3259 2921 3314 Et
2952 3276 3082 3314 vero
3110 3276 3300 3315 omnes
3324 3275 3554 3331 prorsus

1988 3353 2259 3418 homines,
2302 3368 2366 3407 ex
2404 3353 2567 3407 editis
2609 3351 2889 3422 Operibus,
2922 3365 3075 3405 suam
3126 3350 3183 3403 in
3225 3350 3315 3405 die
3357 3349 3551 3420 judicii

1990 3443 2177 3500 ferunt
2212 3443 2562 3499 sententiam.

2057 3534 2224 3589 Vens.
2252 3534 2338 3588 18.
2374 3531 2674 3602 Conﬁtebor
2701 3532 2927 3585 Domino
2966 3531 3251 3585 secundum
3281 3530 3551 3599 justitiam

1986 3626 2123 3695 ejus,
2150 3625 2383 3694 psallam
2419 3625 2619 3678 nomini
2654 3623 2937 3678 Altissimi.
2986 3622 3184 3691 Utpote
3221 3622 3314 3691 qui
3347 3620 3549 3675 nemini

1985 3717 2219 3772 insidias
2244 3716 2526 3780 struxerit,
2561 3717 2763 3772 nemini
2800 3717 2977 3771 lacum
3018 3715 3299 3782 elloderit;
3334 3715 3552 3785 iniquos

1988 3825 2113 3865 cum
2145 3809 2474 3879 despiceret,
2508 3823 2713 3880 gnarus
2742 3806 2911 3863 futuri
2941 3808 2998 3862 in
3024 3808 3233 3879 judicio
3260 3807 3552 3877 impiorum

1987 3902 2138 3959 exitii
2164 3920 2179 3957 :
2207 3900 2507 3971 Conﬁtebor
2529 3940 2543 3966 ,
2582 3901 2783 3971 inquit,
2807 3899 3035 3954 Domino
3067 3898 3353 3953 secundum
3388 3897 3554 3967 justi-

1990 3997 2120 4048 tiam
2143 3994 2295 4063 ejus;
2338 3993 2503 4063 justis
2546 3994 2683 4048 meis
2735 3992 2996 4063 operibus
3022 3993 3169 4046 velut
3199 3991 3254 4045 in
3292 3988 3554 4043 tribunali

1986 4086 2301 4158 productis;
2334 4095 2382 4158 et
2403 4086 2634 4155 psallam
2664 4086 2863 4139 nomini
2882 4085 3098 4140 Domini
3146 4083 3426 4146 altissimi,
3453 4080 3556 4136 fre-

1989 4192 2078 4238 tus
2106 4198 2204 4254 spe
2230 4198 2317 4237 me
2341 4155 2395 4237 in
2432 4182 2603 4236 choro
2633 4195 2821 4236 eorum
2852 4180 2945 4250 qui
2973 4194 3071 4250 per
3102 4178 3280 4247 ipsum
3323 4177 3554 4232 salutem

1989 4282 2420 4345 consequentur,
2463 4272 2585 4343 ejus
2618 4272 2935 4343 dignatione
2979 4268 3359 4340 recipiendum
3405 4282 3547 4323 esse.

2389 4472 2710 4530 PSALMUS
2750 4469 2957 4524 DAVID
3009 4467 3138 4522 VIII.

2338 4592 2391 4645 1.
2430 4587 2498 4643 In
2530 4588 2686 4659 ﬁnem
2709 4601 2803 4655 pro
2834 4581 3204 4638 torcularibus.

2058 4701 2190 4769 Quae
2229 4701 2320 4756 hic
2354 4701 2423 4757 de
2463 4698 2938 4756 consummatione
2967 4696 3292 4754 saeculorum
3320 4696 3559 4766 prophe-

1986 4792 2096 4847 tice
2132 4791 2507 4856 enuntiantur,
2556 4792 2614 4844 in
2660 4804 2827 4845 causa
2869 4788 3021 4843 luere
3073 4786 3215 4858 quod
3249 4786 3557 4856 inscriptio,

1988 4885 2043 4936 in
2069 4883 2248 4953 ﬁnem,
2284 4889 2671 4953 apponeretur.
2717 4881 2827 4935 Pro
2860 4878 3214 4935 torcularibus
3252 4888 3434 4934 autem
3475 4877 3559 4933 di-

1989 4975 2134 5029 citur
2186 4974 2554 5029 Ecclesiarum
2602 4974 2800 5044 gratia,
2840 4988 2963 5043 quae
2994 4988 3091 5043 per
3120 4972 3431 5026 universam
3457 4978 3560 5025 ter-

1990 5080 2108 5118 ram
2149 5065 2444 5126 exsistunt,
2471 5072 2527 5119 et
2570 5063 2859 5134 allegorice
2921 5063 3217 5118 toreularia
3267 5070 3555 5117 vocantur.

1992 5157 2226 5223 Quando
2256 5158 2402 5212 enim
2456 5172 2600 5211 unus
2627 5164 2744 5211 erat
2776 5157 3034 5226 populus,
3076 5156 3288 5211 scilicet
3317 5155 3555 5217 lsraelis,

1992 5250 2120 5304 huic
2160 5256 2279 5305 erat
2314 5248 2508 5313 turris,
2534 5250 2796 5319 templum
2840 5249 2984 5319 apud
3023 5249 3175 5319 ipsos
3215 5252 3556 5316 nuncupata:

1992 5347 2047 5394 et
2088 5339 2445 5405 protorcular,
2499 5340 2710 5395 scilicet
2757 5339 2929 5395 altare
2984 5354 3082 5408 pro
3131 5339 3316 5408 templi
3371 5334 3559 5390 limine

1990 5430 2146 5500 juxta
2195 5429 2346 5487 Isaia:
2370 5446 2579 5487 vocem.
2614 5428 2733 5484 Jam
2779 5446 2909 5485 vero
2939 5429 3338 5484 multitudinem
3370 5434 3557 5481 torcu-

1998 5522 2194 5580 larium
2225 5524 2393 5580 multa
2417 5523 2702 5580 declarant
2735 5522 2929 5578 altaria
2988 5523 3045 5577 in
3075 5519 3308 5577 diversis
3336 5535 3432 5590 per
3469 5534 3562 5576 ora
