4042 6210
555 255 661 314 ιτι

1252 255 1522 313 EUSEBII
1556 255 2038 316 CESARIENSIS
2071 258 2221 316 OPP.
2260 258 2440 314 PARS
2478 256 2566 314 Ill.
2606 288 2674 299 -ο
2711 254 3118 314 EXEGETICA.

3691 254 3806 311 ηε

554 376 679 433 beru
713 374 965 434 ecclesiis
988 375 1207 434 dissita.
1247 376 1426 444 Quare
1452 377 1509 431 in
1542 378 1754 448 psalmo
1784 395 1998 437 unm
2036 397 2107 452 qu

2230 382 2428 455 τρόπον
2460 380 2628 435 πολλά
2656 380 3013 454 θυσιαστήρια
3043 380 3138 434 καὶ
3163 376 3493 451 σκηνώματα
3516 376 3809 444 θεσπῐζον-

551 489 742 545 parem
774 486 899 527 cum
927 471 1181 541 presenti
1209 470 1312 526 fert
1341 472 1778 543 inscriptionem,
1814 475 1988 531 multa
2035 476 2118 530 al-

554 564 713 629 taria,
740 562 1114 625 tabernacula,
1137 560 1272 615 atria
1296 560 1354 616 in
1382 563 1643 619 vaticinio
1661 564 1937 631 feruntur,
1960 569 2120 635 juxta

552 656 717 713 illud:
755 655 931 723 Quam
951 654 1142 709 dilecta
1163 652 1504 710 tabernacula
1536 665 1648 725 tua,
1681 656 1927 713 Domine.
1952 661 2122 714 virtu-

552 747 707 802 tum!
738 746 1060 816 concupiscit
1098 753 1149 798 et
1192 742 1373 815 deﬁcit
1404 748 1586 802 anima
1616 765 1730 803 mea
1759 750 1814 804 in
1845 750 1985 804 atria
2011 750 2124 805 Do-

552 841 682 894 mini
701 840 786 906 ”;
814 837 1009 896 deinde
1037 851 1165 894 vero
1195 838 1318 909 subj
1328 838 1484 911 ungit
1502 879 1519 905 ,
1550 840 1764 895 Altaria
1793 851 1906 909 tua,
1935 841 2122 897 Domi-

552 950 615 987 ne
638 933 889 986 virtutum
907 929 972 987 “.

621 1024 782 1081 Vens.
818 1024 871 1087 2,
900 1023 954 1079 3.
987 1021 1212 1079 Domine
1238 1024 1499 1079 Dominus
1532 1034 1726 1090 noster,
1756 1042 1915 1096 quam
1947 1024 2123 1079 admi-

546 1118 711 1172 rabile
741 1128 820 1173 est
850 1134 1040 1174 nomen
1072 1127 1223 1172 tuum
1256 1120 1312 1174 in
1338 1120 1583 1174 universa
1625 1120 1813 1175 terra!
1852 1119 2120 1187 Quoniam

543 1213 744 1266 elevata
780 1219 861 1266 est
905 1212 1305 1283 magniﬁcentia
1346 1220 1440 1265 tua
1478 1228 1640 1281 super
1675 1211 1854 1266 caelos.
1907 1209 1992 1264 Ea:
2031 1228 2121 1267 ore

541 1302 834 1373 infantium
880 1311 927 1356 et
979 1302 1289 1355 laetantium
1328 1301 1598 1371 perfecisti
1647 1300 1860 1356 laudem
1908 1310 2120 1370 propter

544 1393 783 1447 inimicos
829 1379 969 1457 tuos,
1017 1402 1075 1447 ut
1114 1390 1357 1446 destruas
1403 1392 1683 1445 inimicum
1714 1401 1764 1446 et
1800 1390 2042 1445 ultorem.
2071 1391 2120 1423 ⁸³

543 1481 663 1536 Νοη
695 1482 827 1537 olim
867 1480 1188 1536 admirabile
1235 1480 1335 1537 fuit
1378 1482 1436 1537 in
1484 1482 1742 1537 universa
1795 1490 1978 1547 terra;
2021 1480 2119 1538 sed

544 1579 667 1643 post
721 1569 1023 1628 Salvatoris
1080 1572 1378 1628 adventum
1442 1571 1694 1627 mirabile
1750 1569 1952 1625 factum
2009 1579 2115 1638 est,

543 1667 762 1739 quando
825 1664 1108 1738 Synagoga
1162 1667 1491 1738 populorum
1549 1666 1909 1723 circumdedit
1956 1682 2111 1736 eum;

2228 491 2318 529 ται
2343 476 2433 530 καὶ
2461 475 2642 537 αὐλαὶ,
2670 474 2812 529 κατά
2833 473 3021 540 τὸ,”ος
3042 470 3316 543 ἀγαπητὰ
3342 469 3414 525 τὰ
3437 468 3812 541 σκηνώματά

2226 585 2364 634 σου,
2395 571 2572 637 Κύριε
2604 567 2722 623 τῶν
2760 565 3103 637 δυνάμεων]
3129 563 3399 620 ἐπιποθεῖ
3447 563 3546 618 καὶ
3596 562 3809 623 ἐκλεί-

2224 676 2320 715 πει
2362 662 2401 730 ἠ
2439 660 2608 729 ψυχή
2635 678 2754 730 μου
2781 662 2870 725 είς
2893 659 2998 725 τὰς
3024 658 3216 724 αὐλὰς
3252 655 3358 710 τοῦ
3388 657 3634 725 Κυρίου·
3674 655 3810 727 μεθ’

2224 754 2260 811 ἃ
2288 753 2511 821 ὲπάγεν
2547 752 2623 807 Τὰ
2649 749 3045 820 θυσιαστήριά
3068 766 3205 817 σου,
3236 751 3415 820 Κύριε
3456 748 3575 805 τῶν
3608 750 3809 806 δυνά-

2218 862 2400 915 μεων.

2290 1022 2468 1090 Κύριε
2502 1024 2535 1075 ό
2556 1022 2771 1090 Κύριος
2805 1019 2995 1090 ἡμῶν,
3020 1021 3102 1089 ὡς
3135 1020 3481 1091 θαυμαστὸν
3508 1019 3575 1076 τὸ
3606 1021 3812 1093 ὄνομά

2222 1129 2338 1168 σου
2366 1114 2437 1167 ἐν
2470 1112 2639 1183 πάσῃ
2669 1112 2743 1183 τῇ
2774 1112 2851 1185 τῇ
2868 1114 2889 1167 !
2922 1115 3039 1168 Ὅτι
3082 1111 3310 1183 ἐπήρθη
3353 1115 3392 1184 ἡ
3426 1117 3806 1186 μεγαλοπρέ-

2222 1205 2358 1260 πειὰ
2378 1220 2494 1260 σου
2514 1204 2789 1273 ὑπεράνω
2811 1206 2929 1259 τῶν
2949 1204 3239 1274 οὐρανῶν.
3259 1206 3359 1260 Ἐκ
3381 1206 3677 1275 στόματος
3698 1223 3809 1274 νη-

2219 1298 2374 1351 πίων
2397 1298 2493 1352 καί
2527 1296 2903 1365 θηλαζόντων
2923 1297 3259 1366 κατηρτίσω
3286 1292 3460 1351 αἶνον
3477 1296 3654 1351 ἕνεκα
3673 1296 3805 1351 τῶν

2218 1387 2447 1458 ἐχθρῶν
2464 1404 2599 1454 σου,
2611 1387 2718 1444 τοῦ
2732 1388 3067 1444 καταλῦσαι
3080 1388 3297 1458 ἐχθρὸν
3319 1388 3416 1441 καὶ
3438 1387 3796 1455 ἐκδικητὴν.

2220 1479 2295 1533 Οὐ
2324 1479 2491 1533 πάλαι
2514 1478 2826 1551 Θαυμαστὸν
2848 1481 2905 1536 ὲν
2931 1481 3077 1555 πάσῃ
3102 1484 3168 1553 τῇ
3190 1484 3259 1553 γῇ
3281 1498 3294 1511 ·
3332 1479 3470 1554 μετά
3497 1480 3554 1535 δὲ
3575 1481 3675 1552 τὴν
3698 1481 3799 1534 τοῦ

2220 1572 2471 1643 Σωτῆρος
2504 1572 2806 1644 παρουσίαν
2834 1573 3068 1641 ἐγένετο,
3094 1574 3183 1626 ὅτε
3215 1574 3309 1627 καὶ
3333 1573 3619 1644 συναγωγὴ
3644 1572 3802 1627 λαῶν

2221 1661 2529 1716 ὲκύκλωσεν
2562 1661 2756 1716 αὐτόν’
2791 1662 3092 1733 συμφώνως
3137 1662 3215 1734 τῷ
3256 1662 3351 1716 νῦν
3389 1662 3638 1735 ῥηθέντι·
3688 1664 3798 1718 Ἐκ

540 1759 684 1830 quod
712 1774 844 1815 sane
878 1774 1182 1816 consonum
1217 1760 1345 1814 huic
1393 1759 1592 1830 psalmi
1638 1761 1923 1829 praesentis
1968 1760 2109 1816 dicto

2214 1755 2509 1823 στόματος
2558 1754 2809 1823 νηπίων.
2835 1755 2928 1808 καὶ
2962 1754 3029 1809 τά
3062 1754 3206 1827 ἑξῆς.
3240 1754 3350 1826 Τὴν
3393 1753 3502 1826 γάρ
3529 1753 3654 1808 νέαν
3694 1756 3798 1808 καὶ

537 1866 603 1904 ατ
649 1865 736 1903 ore
786 1848 1072 1918 infantium
1119 1856 1169 1903 et
1203 1848 1512 1903 iactentium
1562 1848 1830 1919 perfeciin
1877 1849 2109 1917 laudem,

534 1950 588 1997 et
614 1948 831 1997 caetera.
856 1939 1064 1993 Novam
1092 1941 1238 1996 enim
1264 1956 1594 2012 synagogam
1626 1953 1751 2012 post
1778 1942 2114 2013 assumptio-

536 2047 658 2087 nem
692 2030 812 2101 ejus
846 2030 901 2084 iu
932 2030 1101 2085 altum
1135 2046 1201 2085 ex
1229 2030 1521 2086 animabus
1557 2031 1611 2086 in
1644 2030 1879 2086 infantia
1910 2031 2113 2103 degen-

536 2122 687 2178 tibus
715 2122 1033 2178 constitisse
1063 2121 1242 2188 docet,
1271 2134 1494 2193 propter
1526 2125 2003 2194 regenerationem
2054 2125 2111 2180 in

535 2214 760 2271 Christo
788 2224 903 2270 tum
934 2215 1156 2287 ubique,
1191 2225 1315 2286 post
1356 2216 1478 2286 ejus
1526 2217 1739 2272 scilicet
1773 2219 2106 2288 assumptio-

537 2323 684 2373 nem,
731 2325 828 2379 per
876 2310 1067 2365 orbem
1116 2318 1457 2381 usurpatam.
1504 2308 1872 2377 Quamobrem
1926 2312 2109 2366 accla-

535 2400 814 2456 mantibus
844 2400 946 2472 ipsi
987 2400 1193 2472 pueris,
1228 2400 1486 2457 Hosanna
1519 2402 1574 2455 in
1618 2402 1861 2468 excelsis,
1897 2401 2110 2457 benedr

532 2495 650 2541 ctus
682 2488 772 2558 qui
803 2489 940 2542 venit
1001 2489 1057 2542 in
1090 2489 1300 2544 nomine
1331 2488 1568 2554 Domini,
1606 2490 1826 2562 indigne
1873 2492 2108 2549 ferentes

531 2579 745 2647 aliquos
782 2580 863 2635 sic
899 2580 1233 2652 alloquitur:
1278 2578 1570 2653 Nunquam
1619 2582 1841 2653 legistis,
1874 2583 1999 2653 quia
2026 2581 2107 2635 Ea:

529 2687 621 2727 ore
676 2673 966 2742 infantium
1013 2681 1066 2727 et
1114 2671 1423 2726 laetantium
1470 2672 1738 2741 perfecisti
1790 2672 2001 2728 laudem
2024 2673 2109 2727 ⁸⁶ἳ

527 2779 880 2835 umquamne
935 2764 1111 2821 illud:
1190 2764 1418 2834 Propter
1489 2765 1731 2818 inimicos
1788 2768 1948 2821 tuos.’
1980 2764 2106 2821 Haec

527 2873 657 2913 vero
706 2865 928 2928 promer
989 2856 1339 2913 sacerdotum
1413 2856 1715 2926 principes,
1773 2863 1827 2911 et
1887 2865 2107 2928 propter

526 2947 833 3005 Pbarisaaos
885 2949 1092 3019 scripta
1129 2955 1300 3002 sunt:
1356 2946 1425 3003 de
1473 2949 1543 3003 iis
1590 2963 1825 3020 namque
1878 2948 2101 3012 dicitur,

526 3039 791 3105 inimicus,
822 3038 986 3102 ultor,
1021 3047 1075 3093 et
1105 3038 1158 3092 in
1187 3039 1512 3108 praecedenti
1549 3041 1778 3109 psalmo,
1816 3040 1915 3095 leo.
1947 3040 2104 3107 Quod

2215 1846 2405 1917 καινὴν
2435 1846 2752 1917 συναγωγὴν
2780 1845 2916 1917 μετά
2948 1846 3044 1918 τὴν
3069 1849 3149 1909 είς
3175 1845 3304 1916 ὕψος
3329 1845 3592 1917 ἀνάληψιν
3621 1846 3789 1902 αὐτοῦ

2213 1938 2279 1991 ἐκ
2323 1938 2529 2008 νηπίων
2570 1937 2811 1992 διδάσκει
2850 1938 3170 1992 συνεστάναι
3196 1937 3382 2009 ψυχῶν
3412 1937 3501 1991 διά
3531 1938 3629 2010 τὴν
3654 1939 3792 1992 ἀνα-

2212 2030 2461 2101 γέννησιν
2491 2030 2590 2102 τὴν
2620 2033 2678 2084 ὲν
2719 2029 2797 2101 τῷ
2829 2029 3048 2102 Χριστῷ
3080 2029 3353 2100 πανταχοῦ
3381 2031 3651 2084 συστᾶσαν
3687 2030 3790 2102 τῆς

2210 2123 2534 2194 οἰκουμένης
2589 2121 2728 2193 μετά
2772 2122 2869 2194 τὴν
2915 2121 3182 2194 ἀνάληψιν
3232 2121 3330 2193 τὴν
3359 2120 3546 2178 αὑτοῦ.
3577 2121 3665 2174 Διὸ
3691 2122 3790 2175 καὶ

2212 2214 2459 2288 βοώντων
2507 2213 2657 2286 αὐτῷ
2701 2213 2813 2268 τῶν
2852 2214 3079 2281 παίδων,
3095 2213 3353 2268 Ὡσαννὰ
3380 2214 3451 2267 ἐν
3483 2212 3605 2279 τοῖς
3640 2214 3791 2282 ὑψίε

2209 2323 2399 2374 στοις,
2438 2306 2848 2377 εὐλογημένος
2879 2309 2911 2360 ό
2937 2306 3259 2375 ἐρχόμενος
3288 2305 3360 2360 ἐν
3391 2305 3633 2376 ὀνόματι
3663 2307 3788 2359 Κυ-

2201 2400 2361 2467 ρίου,
2392 2396 2757 2466 ἀγανακτοῦσί
2802 2412 2988 2467 φησιν’
3023 2395 3322 2450 Οὐδέποτε
3352 2395 3669 2467 ἀνέγνωτε,
3697 2395 3790 2451 ὅτι

2222 2489 2317 2541 Ἐκ
2346 2490 2645 2559 στόματος
2658 2488 2891 2556 νηπίων
2928 2488 3025 2541 καὶ
3043 2484 3422 2556 θηλαζόντων
3450 2488 3790 2556 κατηρτίσω

2208 2577 2415 2644 air-or;
2446 2580 2540 2634 καὶ
2587 2580 2797 2651 μήποτε
2847 2579 2939 2634 τό’
2971 2579 3185 2633 Ἕνεκα
3221 2578 3339 2632 τῶν
3372 2577 3601 2649 ἐχθρῶν
3643 2593 3792 2638 σου.

2207 2675 2320 2728 Καὶ
2369 2672 2458 2727 διὰ
2512 2672 2638 2737 τοὺς
2688 2673 2964 2744 ἀρχιερεῖς
3011 2671 3227 2740 λέγεται
3279 2672 3373 2726 καὶ
3418 2671 3781 2744 Φαρισαίουςο

2207 2764 2418 2834 ἐχθρύς
2447 2766 2540 2819 καὶ
2570 2762 2895 2832 ἐκδικητὴς
2927 2765 2956 2817 ὀ
2991 2762 3127 2817 λέων
3156 2764 3447 2836 εἰρημένος
3479 2766 3537 2818 ὲν
3568 2764 3646 2835 τῷ
3676 2764 3783 2837 πρὸ

2206 2854 2394 2909 τούτου
2436 2853 2652 2925 ψαλμῷ.
2688 2855 2762 2908 Τὸ
2787 2849 2881 2907 οὖν
2917 2854 3173 2925 μέγιστον
3203 2853 3406 2926 θαῦμα,
3433 2856 3513 2909 ὃτι
3542 2858 3571 2910 ὁ
3596 2856 3787 2911 τοσοῦ-

2206 2965 2318 3012 τος,
2352 2947 2543 3019 ἐχθρός
2570 2964 2629 3000 τε
2661 2947 2756 3000 καὶ
2789 2946 2949 3009 λέων,
2975 2947 3004 2998 ὁ
3035 2945 3216 3019 ἄρχων
3238 2946 3333 3001 τοῦ
3362 2948 3555 3012 αἰῶνος
3568 2948 3782 3011 τούτου,

2205 3037 2295 3093 διὰ
2323 3037 2531 3109 νηπίων
2565 3038 2657 3092 καὶ
2696 3036 3033 3109 θηλαζόντων
3065 3037 3370 3111 καθῄρηται
3393 3057 3406 3070 ·
3440 3039 3557 3111 μεθ’
3588 3039 3618 3092 δ
3648 3054 3788 3093 παν-

529 3138 711 3183 autem
753 3128 990 3183 maxime
1022 3129 1332 3183 mirandum
1362 3138 1445 3184 est
1491 3130 1654 3184 talem
1705 3131 1987 3185 inimicum
2035 3138 2093 3187 et

2214 3100 2386 3201 ταχοῦ,
2412 3129 2545 3194 Θεὸς
2576 3130 2635 3183 έν
2664 3100 2796 3185 πᾶσι
2827 3100 3422 3205 (inpediamini-1‘3;pr
3440 3100 3513 3187 ’δὲ
3550 3132 3624 3187 ὢν
3669 3136 3788 3187 ἐνε-

531 3217 760 3283 leonem,
798 3218 1097 3289 principem
1131 3219 1295 3289 hujus
1341 3220 1550 3285 seculi,
1612 3236 1709 3291 per
1741 3221 1981 3278 infantes
2012 3229 2097 3276 at-

527 3327 636 3383 que
676 3313 939 3369 lactentes
970 3311 1039 3368 de
1077 3313 1259 3370 medio
1288 3313 1562 3369 sublatum
1592 3329 1756 3371 esse:
1789 3330 1897 3386 quo
1932 3331 2095 3387 pera-

2200 3222 2382 3294 δρεύει
2424 3222 2562 3295 πρὸς
2594 3222 2869 3295 ἁμαρτίαν
2900 3224 3290 3291 ὑποσκελίζων,
3319 3226 3414 3279 καὶ
3444 3228 3570 3290 τοὺς
3595 3228 3786 3299 ἡμαρ-

2201 3315 2439 3388 τηκότας
2472 3316 2608 3388 μετὰ
2638 3316 2813 3371 ταῦτα
2846 3316 3083 3382 κολάζει.

526 3416 616 3461 cto
677 3404 820 3461 Deus
865 3406 1068 3476 ubique
1115 3414 1385 3463 terrarum
1433 3407 1575 3476 apud
1624 3421 1817 3462 omnes
1874 3406 2141 3464 mirabilis
2179 3406 2533 3479 praedicatur,
2600 3410 2695 3479 qui
2740 3409 2997 3480 princeps
3039 3410 3205 3481 hujus
3264 3410 3479 3474 saeculi,
3527 3410 3786 3468 inimicus

523 3514 650 3555 cum
672 3499 763 3563 sit,
782 3498 1011 3554 insidias
1040 3506 1192 3568 parat
1226 3506 1286 3552 ut
1310 3499 1627 3569 supplantet
1650 3506 1704 3553 et
1733 3498 1786 3552 in
1810 3508 2093 3569 peccatum
2133 3498 2395 3571 dejiciat;
2430 3508 2546 3555 tum
2579 3510 2896 3569 peccatores
2925 3490 3194 3573 supplicio
3228 3502 3409 3557 allicit.

593 3590 710 3659 Qua
739 3594 953 3648 ratione
996 3601 1177 3647 autem
1206 3608 1404 3648 nomen
1440 3591 1678 3658 Domini,
1718 3592 1850 3646 olim
1895 3592 2101 3649 nemini

524 3698 734 3750 notum,
786 3686 1107 3743 admirabile
1144 3687 1406 3747 evaserit,
1435 3686 1679 3743 declarat
1722 3688 1778 3742 in
1812 3687 2095 3758 sequenti-

529 3776 629 3831 bus
673 3777 761 3831 bis
805 3776 1010 3841 verbis,
1061 3778 1312 3847 quoniam
1348 3777 1550 3833 elevata
1596 3788 1674 3834 est
1706 3778 2101 3850 magniﬁcentia

529 3879 622 3920 tua
653 3883 805 3936 super
835 3868 1023 3923 σιτίοις
1044 3876 1208 3938 atque
1234 3868 1457 3923 tertium
1492 3870 1627 3926 illud
1653 3870 2096 3942 superadditum,

525 3975 590 4013 ex
621 3976 708 4014 ore
750 3959 1037 4029 infantium
1083 3968 1133 4012 et
1182 3959 1490 4013 lactentium
1533 3962 1803 4031 perfecisti
1850 3962 2099 4027 laudem,

527 4052 771 4122 aliquam
802 4066 935 4106 sane
965 4051 1130 4105 habet
1158 4051 1476 4106 alIinitatem
1508 4067 1630 4108 cum
1682 4053 1801 4116 illo,
1832 4069 2101 4123 synagoga

524 4143 836 4219 populorum
866 4142 1216 4199 circumdabit
1248 4155 1315 4201 te.
1362 4143 1528 4199 Docet
1581 4136 1727 4200 eniin
1775 4159 1970 4198 novam
2010 4160 2101 4216 sy-

524 4254 815 4311 nagogam,
857 4252 977 4308 quae
1034 4235 1202 4291 Deum
1253 4236 1630 4292 circumdabat
1704 4243 1830 4307 post
1881 4236 2000 4305 ejus
2042 4237 2100 4291 in

522 4336 692 4389 altum
720 4330 1173 4400 assumptionem,
1210 4343 1276 4384 ex
1307 4327 1633 4392 infantibus,
1675 4326 1860 4382 animo
1889 4328 2098 4383 scilicet

2277 3592 2388 3647 Καὶ
2418 3593 2533 3657 πῶς
2560 3594 2619 3647 ὲν
2657 3594 2804 3666 πάσῃ
2833 3597 2899 3667 τῇ
2927 3599 2996 3668 γῇ
3031 3596 3092 3648 τὸ
3122 3596 3286 3650 πάλαι
3310 3597 3497 3668 μηδενὶ
3522 3598 3776 3666 γινωσκό-

2209 3703 2368 3758 μενον
2393 3686 2562 3757 ὃνομα
2584 3686 2678 3740 τοῦ
2701 3688 2906 3760 Κυρίου
2938 3690 3032 3743 καὶ
3058 3689 3365 3761 θαυμαστὸν
3387 3690 3645 3762 κατέστη,
3666 3691 3757 3745 δια

2207 3779 2369 3846 σαφεῖ
2400 3776 2570 3847 λέγων
2611 3778 2770 3850 έξῆςο
2807 3780 2927 3834 Ὅτι
2958 3781 3183 3851 ἐπήρθη
3224 3784 3262 3851 ἡ
3300 3773 3786 3853 μεγαλοπρέπειά

2204 3884 2321 3923 σου
2352 3869 2626 3938 ὑπεράνω
2655 3870 2772 3925 τῶν
2799 3872 3103 3941 οὐρανῶν·
3145 3874 3237 3927 καὶ
3287 3874 3348 3927 τὸ
3397 3874 3783 3946 ἐπιλεγόμενοι

2202 3959 2260 4014 δὲ
2288 3959 2468 4032 τρίτον
2497 3963 2556 4015 ὲν
2591 3960 2691 4032 τῷ,
2712 3963 2811 4017 Ἐκ
2838 3964 3136 4033 στόματος
3164 3965 3400 4032 νηπίων
3441 3965 3539 4019 καί
3590 3969 3778 4034 θηλα-

2203 4051 2420 4114 ζόντων
2456 4056 2794 4123 κατηρτίσω
2820 4052 3013 4121 αἶνον,
3048 4056 3160 4129 ἔχοι
3194 4056 3259 4111 ἂν
3293 4060 3608 4128 συμφωνίαν
3642 4059 3779 4132 πρὸς

2200 4146 2293 4199 τό·
2323 4147 2649 4218 Συναγωγὴ
2709 4144 2860 4207 ιιῶν
2905 4149 3203 4204 κυκλώσει
3240 4167 3332 4208 σε.
3373 4152 3446 4205 Τὸ
3486 4152 3594 4223 γὰρ
3652 4151 3783 4208 νέαν

2200 4239 2293 4292 καὶ
2317 4240 2509 4312 καινὴν
2543 4240 2860 4311 συναγωγὴν
2890 4240 2996 4294 τῶν
3034 4239 3373 4295 κυκλούντων
3399 4241 3492 4295 τὸν
3520 4242 3653 4296 Θεὸν
3680 4260 3782 4315 με·

2198 4328 2266 4383 τὰ
2296 4328 2391 4401 τὴν
2418 4332 2496 4393 είς
2525 4329 2658 4401 ὕψος
2677 4330 2943 4401 ἀνάληψιν
2964 4331 3131 4385 αὐτοῦ
3159 4335 3224 4386 ὲκ
3251 4332 3459 4405 νηπίων
3481 4333 3657 4406 ψυχῆς
3680 4337 3780 4390 καὶ

522 4435 576 4482 et
609 4422 959 4485 lactentibus,
991 4420 1312 4475 collectam:
1350 4426 1512 4489 atque
1540 4418 1614 4473 ita
1661 4424 1821 4472 vocat
1861 4419 2097 4489 pupulas

2214 4421 2539 4493 θηλαζόντων
2588 4425 2907 4478 συνεστάναι
2947 4425 3212 4481 διδάσκειο
3243 4427 3385 4482 οὕτω
3429 4426 3608 4481 καλῶν
3649 4430 3781 4495 τοὺς

523 4517 579 4570 iu
633 4516 853 4571 Christo
896 4518 1276 4584 regeneratos.
1314 4508 1450 4563 Nam
1491 4519 1783 4581 postquam
1836 4509 1891 4562 in
1921 4510 2091 4564 altum

2214 4514 2670 4585 ιναγεννωμένους
2693 4517 2751 4568 ὲν
2772 4515 2993 4588 Χριστῷ
3020 4517 3201 4582 λαούς.
3218 4519 3313 4583 Εἰς
3342 4519 3474 4590 ὕψος
3500 4518 3611 4591 γὰρ
3640 4520 3776 4575 ἀνα-

524 4607 788 4669 ascendit,
814 4615 937 4677 post
956 4604 1267 4675 ingressum
1289 4617 1448 4657 suum
1478 4603 1532 4656 in
1551 4602 1774 4668 caelum,
1802 4600 2090 4670 Dominus,

2214 4603 2297 4669 se;
2332 4605 2468 4677 μετὰ
2497 4606 2595 4680 τὴν
2626 4610 2708 4672 είς
2736 4609 2959 4681 οὐρανὸν
2984 4610 3059 4681 (1)
3086 4609 3334 4674 κάθοδον,
3369 4614 3398 4665 ὁ
3421 4609 3511 4664 διὰ
3533 4611 3632 4682 τῆς
3644 4628 3780 4684 προ-

523 4699 617 4768 qui
650 4713 745 4768 per
768 4696 1103 4767 praphetiam
1133 4695 1477 4759 enuntiatur,
1507 4692 1742 4749 adscivit
1781 4692 1882 4748 sibi
1917 4709 2090 4765 popu-

2214 4699 2420 4769 ρητείας
2436 4699 2847 4772 παριστῶμενος
2875 4701 3078 4773 Κύριος
3093 4719 3231 4775 κατη
3240 4704 3459 4774 ρτίσατο
3488 4703 3665 4772 ἑαυτῷ
3682 4705 3779 4758 ἐπὶ

524 4790 700 4845 lorum
729 4799 1081 4860 synagogam,
1110 4786 1167 4840 in
1197 4792 1343 4841 terra
1376 4802 1444 4841 ex
1473 4785 1781 4841 infantibus
1801 4793 1855 4841 et
1881 4789 2093 4842 lacte".

2214 4788 2299 4859 τῆς
2317 4792 2420 4860 γῆς
2438 4790 2534 4861 τὴν
2560 4790 2667 4844 τῶν
2694 4791 2841 4845 λαῶν
2865 4794 3205 4865 συναγωγὴν,
3227 4795 3293 4847 ὲκ
3323 4794 3532 4866 νηπίων
3562 4795 3658 4849 καὶ
3684 4794 3780 4868 Θη-

523 4882 673 4937 tibus
701 4888 946 4953 paratam
962 4928 975 4941 ,

2214 4881 2467 4945 λαζόντων
2495 4883 2664 4956 αὐτὴν
2698 4886 3123 4955 συστησάμενος.

592 4973 759 5030 Vens.
794 4974 850 5039 4,
884 4973 939 5029 5.
972 4972 1237 5040 Quoniam
1263 4971 1444 5028 videbo
1473 4973 1651 5037 caelos,
1682 4987 1840 5041 opera
1890 4971 2088 5043 digito-

2270 4973 2391 5026 ’Ότι
2420 4973 2641 5045 ὄψομαι
2673 4976 2816 5043 τοὺς
2835 4978 3128 5046 οὐρανοὺς
3153 4978 3298 5051 ἔργα
3315 4980 3437 5035 τῶν
3456 4979 3778 5033 δακτύλων

524 5085 641 5123 rum
676 5077 903 5130 tuorum,
926 5067 1104 5122 lunam
1133 5078 1185 5122 et
1212 5067 1397 5123 stellas
1420 5083 1541 5139 quae
1571 5076 1627 5120 tu
1651 5064 1915 5136 fundasti.
1945 5064 2085 5131 Quid

2214 5079 2333 5129 rov,
2364 5065 2637 5135 σελήνην
2672 5069 2770 5122 καὶ
2802 5070 3061 5139 ἀστέρας
3089 5070 3128 5124 d
3152 5071 3234 5126 σὺ
3262 5071 3679 5142 ἐθεμελίωσας.
3709 5073 3779 5126 Τί

521 5175 598 5220 est
618 5163 773 5217 homo
805 5164 942 5235 quod
994 5180 1193 5219 memor
1241 5181 1295 5218 es
1338 5165 1473 5234 ejus,
1520 5171 1613 5217 aut
1663 5162 1811 5233 ﬁlius
1862 5162 2089 5218 hominis

2214 5159 2363 5212 ἔστιν
2400 5159 2728 5227 ἄνθρωπος,
2752 5160 2842 5214 ὅτι
2861 5163 3173 5233 μιμνήσκῃ
3195 5164 3418 5229 αὐτοῦ;
3449 5164 3487 5234 ἢ
3512 5162 3643 5230 υίὸς
3667 5163 3778 5217 ἀν-

519 5256 772 5331 quoniam
813 5256 999 5310 visita;
1041 5260 1197 5313 eum?
1258 5255 1505 5321 Etiamsi,
1554 5257 1757 5327 inquit,
1808 5255 2085 5311 mirabilia

2214 5248 2447 5317 ζρώπου,
2473 5249 2563 5304 ὅτι
2600 5251 2933 5323 ἐπισκέπτῃ
2971 5256 3194 5320 αὐτόν;
3238 5256 3303 5309 ΕΙ
3345 5257 3439 5310 καὶ
3484 5255 3780 5326 Θαυμαστὰ

521 5355 650 5406 sunt
670 5347 883 5419 opillcia
911 5357 1027 5412 tua,
1057 5347 1257 5403 coelum
1284 5354 1339 5402 et
1366 5361 1485 5417 quae
1508 5346 1561 5401 in
1586 5362 1652 5402 eo
1691 5356 1842 5412 sunt,
1872 5361 1993 5417 qua:
2021 5353 2083 5400 tu

2214 5358 2307 5407 ron,
2344 5342 2497 5414 φησὶ,
2539 5342 2993 5419 δημιουργήματα
3029 5348 3253 5422 οὐρανὸς
3287 5350 3381 5404 καὶ
3410 5349 3482 5403 τὰ
3525 5350 3581 5402 ἐν
3617 5347 3776 5419 αὐτῷ

521 5442 759 5499 fundasti
784 5447 845 5496 ut
874 5456 969 5512 per
1003 5456 1165 5495 omne
1210 5440 1471 5496 saeculum
1511 5440 1921 5505 consisterent;
1955 5450 2081 5490 nam

2214 5450 2329 5507 ιπερ
2359 5435 2604 5508 ἦδρασας
2639 5438 2706 5493 δι’
2735 5440 2858 5494 ὅλου
2885 5439 2983 5494 τοῦ
3010 5440 3211 5506 αἰῶνος
3241 5441 3467 5497 ἑστάναι
3489 5458 3503 5472 ·
3531 5439 3768 5508 ἔστησε

587 5587 632 5618 ⁸³
667 5582 809 5641 Psal.
847 5593 1085 5643 unm,
1113 5575 1242 5648 2,5.
1279 5576 1327 5611 “
1364 5575 1497 5632 ibid.
1531 5576 1592 5638 ι,
1662 5576 1710 5608 ⁸⁸
1750 5573 1939 5630 Matth.
1971 5588 2098 5642 XXI,

2272 5575 2320 5607 ⁸⁸
2359 5576 2489 5634 ibid.
2531 5579 2615 5635 16.

592 5703 665 5775 (l)
694 5700 855 5758 Forte
881 5698 1033 5772 ᾅδην.
