4042 6210
311 347 415 402 129

1446 330 1945 391 COMMENTARIA
1983 329 2046 384 IN
2085 326 2426 383 PSALMOS.

3453 325 3556 379 150

311 459 420 532 γὰρ
449 456 605 515 αὐτὰ
645 457 732 521 είς
774 455 882 508 τὸν
922 453 1126 520 αἰῶνα,
1159 453 1301 508 καθά
1351 471 1513 528 φησιν
1558 454 1614 506 ὲν
1660 452 1884 522 ἑτέροις,

1992 445 2180 500 statuit
2209 462 2270 499 ea
2317 445 2370 498 in
2396 452 2670 506 wternum,
2702 449 2762 498 ut
2791 443 2899 497 alio
2940 443 3060 497 loco
3097 441 3310 506 dicit”,
3360 461 3556 514 ρι-ηνεε-

313 551 416 605 καὶ
461 549 814 616 πρόσταγμα
852 548 1040 608 ἔθετο,
1073 548 1170 600 καὶ
1215 548 1285 601 οὐ
1325 547 1789 616 παρελεύσεται·
1823 546 1885 598 οὑ

319 644 427 715 μήν
457 657 542 693 σοι
573 639 779 710 μεγάλα
821 641 956 711 πρὸς
985 640 1234 711 ὕπαρξιν,
1262 638 1396 692 ἀλλὰ
1427 638 1683 711 βραχείας
1729 638 1886 692 δυνά-

319 751 469 807 μεως
496 731 776 794 δακτύλοις
803 731 1191 803 ἀναλογούσηςο
1223 731 1366 784 οὕτω
1402 731 1510 803 γὰρ
1546 731 1645 795 τὰς
1687 731 1888 804 μικρὰς

313 828 577 898 δυνάμεις
607 825 826 879 ἐκάλεσε
857 824 949 878 τοῦ
979 825 1136 880 Θεοῦ.
1161 827 1271 879 Καὶ
1297 825 1468 879 ταῦτα
1492 827 1590 894 μὲν
1619 826 1889 898 ἡδρασμέ-

314 936 385 972 να
423 917 611 988 μένει·
648 915 926 987 ἄνθρωπον
968 916 1026 969 δὲ
1069 916 1158 970 τὸν
1203 917 1324 970 καθ’
1353 917 1448 971 ἕνα
1479 918 1886 990 παρερχόμενον

322 1003 704 1074 ἐκπέπληγμαι
751 1002 989 1076 θεωρῶν,
1027 1006 1174 1068 ὅπως
1219 1007 1313 1060 καὶ
1367 1006 1636 1078 μέμνησαι
1671 1010 1882 1072 τούτου,

323 1097 417 1148 καὶ
447 1097 639 1166 προνοῇ
667 1113 679 1125 ⁸
724 1095 860 1168 ὅπερ
905 1114 1004 1150 ουκ
1035 1097 1100 1151 ἂν
1131 1097 1370 1169 ὑπῆρξεν
1411 1100 1458 1151 εί
1492 1097 1682 1171 μικρόν
1710 1118 1761 1152 τι
1792 1100 1887 1154 καὶ

322 1189 552 1259 φθαρτὸν
579 1187 838 1259 ἐτύγχανε
868 1189 1004 1252 ζῶον
1021 1206 1034 1220 ·
1057 1190 1198 1245 οὑτω
1225 1191 1279 1244 δὲ
1299 1193 1476 1262 τίμιον
1504 1193 1579 1256 ὡς
1600 1195 1663 1245 ὲκ
1690 1193 1889 1262 στόμα-

317 1298 408 1345 τος
430 1281 636 1349 νηπίων
668 1282 760 1335 καὶ
786 1282 1124 1354 θηλαζόντων
1154 1285 1320 1356 ὕμνον
1338 1285 1486 1357 αὑτῷ
1507 1285 1882 1357 κατηρτίσθαι.

316 1371 379 1423 Ei
407 1372 500 1425 καὶ
529 1373 760 1444 σμικρὸς
786 1375 966 1428 τοίνυν
989 1377 1131 1431 κατὰ
1155 1377 1217 1431 τὸ
1251 1377 1406 1448 σῶμα
1423 1394 1436 1406 ·
1463 1377 1598 1432 ἀλλὰ
1623 1377 1763 1430 κατὰ
1787 1378 1888 1447 ψυ-

313 1461 414 1530 χὴν
431 1460 530 1532 τὴν
553 1465 674 1516 κατ’
703 1464 885 1518 εἰκόνα
906 1466 1193 1538 τετίμηται
1213 1484 1227 1498 ο
1268 1467 1408 1521 ὥστε
1437 1467 1526 1520 διὰ
1544 1468 1732 1521 τούτου
1754 1469 1884 1522 θαυ-

314 1551 522 1618 μαστόν
554 1570 649 1606 σου
683 1555 1018 1627 καταστῆναι
1047 1559 1108 1610 τὸ
1135 1558 1305 1629 ὄνομα
1330 1561 1387 1613 ὲν
1419 1558 1565 1630 πάσῃ
1597 1561 1662 1630 τῇ
1696 1563 1787 1631 γῇ.

392 1727 798 1800 Ἀποθαυμάζει
853 1730 913 1784 τὸ
957 1729 1098 1784 θεῖον
1142 1730 1363 1802 Πνεῦμα
1398 1732 1491 1784 καὶ
1532 1730 1746 1802 εὔχεται
1792 1732 1884 1786 τοῦ

1989 548 2133 608 ptum
2169 537 2343 606 posuit
2377 546 2426 589 et
2483 552 2583 588 non
2624 535 2954 600 praeteribit:
2998 551 3112 589 non
3149 545 3332 590 tamen
3363 554 3555 607 magna

1989 629 2086 682 tibi
2124 634 2470 697 reputantur,
2504 625 2598 680 sed
2628 642 2727 680 ceu
2759 627 2950 696 exigua
2987 626 3187 682 virtute
3210 627 3393 696 digitis
3425 643 3557 682 con-

1989 721 2229 779 cinnata,
2266 717 2535 772 sic‘enim
2571 716 2811 771 minores
2841 716 2934 772 Dei
2977 717 3206 773 virtutes
3257 730 3553 788 nuncupat.

1993 815 2054 871 Et
2086 816 2201 869 haec
2250 814 2470 886 quidem
2521 812 2749 867 fundata
2797 828 2860 867 ac
2903 811 3056 866 lirma
3096 825 3452 884 permanent;
3499 823 3556 868 at

1991 907 2292 968 hominem,
2321 905 2641 977 singulatim
2677 906 2859 959 omnia
2904 919 3252 975 percurrens,
3297 921 3406 960 non
3439 906 3557 960 sine

1990 1011 2215 1070 stupore
2259 999 2600 1069 contemplor
2628 1036 2642 1061 ,
2674 1013 2784 1068 quo
2833 1006 2994 1067 pacto
3031 999 3238 1052 scilicet
3266 998 3411 1055 illius
3441 1014 3556 1054 me-

1988 1091 2235 1155 mineris,
2291 1100 2452 1161 atque
2498 1090 2671 1160 ipsius
2719 1104 2904 1143 curam
2930 1089 3155 1155 habeas,
3180 1089 3557 1160 qttod‘utique

1989 1197 2096 1234 non
2133 1181 2364 1244 faceres,
2406 1181 2450 1235 si
2483 1195 2709 1249 parvum
2757 1187 2812 1234 et
2838 1180 3194 1250 corruptibile
3235 1181 3435 1233 animal
3466 1195 3554 1235 εει

1989 1280 2108 1338 set;
2149 1272 2243 1328 sed
2277 1281 2430 1327 tanto
2461 1274 2669 1328 honore
2695 1271 2897 1342 dignus
2925 1283 3030 1335 est,
3063 1279 3123 1325 ut
3147 1287 3210 1326 ex
3241 1287 3337 1327 ore
3374 1271 3556 1325 inlau—

1989 1366 2124 1419 tium
2157 1373 2212 1419 et
2241 1365 2560 1421 lactentium
2590 1366 2808 1436 hymnis
2836 1365 3155 1420 celebretur.
3202 1364 3428 1420 Etiamsi
3455 1365 3558 1435 igi-

1987 1463 2079 1510 tur
2111 1471 2344 1526 corpore
2377 1471 2581 1528 parvus
2623 1456 2716 1519 sit,
2764 1455 3068 1510 secundum
3101 1455 3336 1509 animam
3373 1455 3441 1508 ad
3477 1456 3556 1511 si-

1987 1547 2350 1603 militudinem
2376 1548 2466 1603 Dei
2491 1546 2691 1602 factam
2724 1548 3043 1612 honoratur,
3068 1546 3142 1600 ita
3171 1557 3231 1601 ut
3252 1563 3346 1617 per
3377 1547 3554 1616 ipsum

1986 1638 2305 1695 admirabile
2333 1641 2404 1696 sit
2434 1655 2630 1695 nomen
2657 1647 2808 1693 tuum
2843 1641 2897 1694 in
2931 1641 3182 1696 universa
3211 1649 3375 1696 terra.

2058 1729 2378 1786 Admiratur
2411 1732 2649 1803 Spiritus
2683 1732 2922 1799 divinus,
2953 1739 3006 1787 et
3053 1733 3109 1787 in
3151 1733 3270 1803 ipsa
3316 1733 3552 1788 admira-

309 1817 642 1888 θαυμασμοῦ
674 1817 877 1886 λέγων’
908 1820 1178 1893 Οὑρανοὺς
1211 1821 1309 1891 μὲν
1337 1821 1447 1892 ὁρῶ
1483 1823 1608 1885 τοὺς
1634 1822 1724 1875 τὸν
1753 1822 1884 1893 σύμ-

1989 1823 2135 1880 tione
2177 1825 2464 1895 gloriatur,
2512 1825 2738 1880 dicens:
2787 1825 2972 1880 leos
3011 1825 3232 1896 quidem
3276 1825 3432 1881 video
3460 1825 3554 1895 qui

310 1925 495 1962 παντα
520 1909 723 1978 κόσμον
750 1909 1127 1980 περιέχονταςο
1163 1912 1272 1982 όρῶ
1303 1911 1359 1964 δὲ
1397 1912 1491 1965 καὶ
1530 1911 1759 1983 σελήνην
1793 1913 1885 1966 καὶ

311 1999 514 2069 ἄστρα,
546 1999 640 2052 καὶ
670 1997 839 2052 ταῦτα
866 2001 1040 2055 πάντα
1071 2002 1320 2074 γνωρίζω
1346 2007 1412 2076 τῇ
1452 2005 1610 2074 φύσει
1633 2006 1760 2059 ὄντα
1791 2023 1884 2077 με-

313 2088 459 2157 γάλα
491 2090 582 2142 καὶ
609 2088 891 2158 θαυμαστά
919 2091 1016 2162 τῆς
1037 2091 1164 2164 ὅλης
1183 2093 1536 2165 δημιουργίας
1568 2095 1707 2166 μέρη
1725 2112 1739 2126 ⁸
1770 2097 1883 2150 ἀλλ’

310 2182 485 2251 ὅμως,
516 2183 717 2254 καίπερ
740 2184 866 2238 ὄντα
892 2184 1138 2248 τοιαῦτα,
1169 2181 1306 2250 οἶδα,
1327 2193 1414 2247 ὅτι
1447 2187 1756 2258 βραχύτατα
1779 2189 1886 2242 τῶν

309 2273 420 2326 σῶν
456 2273 634 2346 ἔργων
658 2276 1120 2347 τυγχάνει.Ἔργα
1148 2276 1279 2345 γοῦν
1312 2279 1428 2332 ἐστι
1449 2280 1620 2332 ταῦτα
1641 2279 1750 2332 τῶν
1778 2279 1886 2333 σῶν

304 2365 615 2420 δακτύλων·
656 2369 776 2438 οὐχὶ
801 2367 857 2420 δὲ
883 2368 1102 2437 χειρῶν,
1129 2369 1248 2422 οὐδὲ
1277 2371 1516 2443 μεγάλης
1552 2371 1695 2436 τινὸς
1732 2373 1887 2426 δυνά-

309 2475 490 2528 μεωςο
530 2458 665 2523 ἀλλ’,
694 2460 770 2522 ὡς
801 2460 868 2512 ἂν
899 2459 1044 2514 εἴποι
1073 2478 1177 2524 τις,
1215 2461 1398 2532 ἄκρων
1426 2461 1722 2529 δακτύλων,
1759 2482 1884 2536 τρο-

306 2550 492 2614 πικῶς
519 2549 688 2614 οὕτως
711 2552 817 2606 τῶν
849 2551 1128 2624 δυνάμεων
1157 2553 1572 2626 ὀνομαζομένων
1603 2555 1696 2610 τοῦ
1725 2556 1882 2622 Θεοῦ,

305 2641 374 2695 δι’
405 2637 482 2696 ὧν
506 2642 574 2698 τὰ
599 2643 830 2714 αἰσθητὰ
860 2646 954 2699 καὶ
981 2645 1232 2718 ὁρώμενα
1265 2647 1718 2720 δημιουργήματα
1758 2667 1884 2704 συν-

306 2735 441 2804 εστή
451 2752 596 2790 σατο.

394 2825 768 2895 Ἠλάττωσας
831 2831 1014 2885 αὐτὸν
1052 2831 1253 2901 βραχύ
1294 2849 1350 2886 τι
1401 2834 1540 2901 παρ’
1571 2832 1882 2903 ἀγγέλους,

309 2915 461 2984 δόξῃ
503 2920 602 2972 καὶ
639 2919 777 2991 τιμῇ
809 2921 1234 2991 ἐστεφάνωσας
1265 2926 1468 2979 αὐτόν.
1499 2927 1608 2980 Καὶ
1639 2926 1745 2998 μὴν
1771 2925 1887 2980 ἑτέ-

315 3023 428 3080 ρως
478 3010 607 3084 δόξῃ
654 3014 748 3067 καὶ
795 3019 930 3086 τιμῇ
972 3015 1060 3069 τὸν
1117 3016 1400 3089 ἄνθρωπον
1455 3018 1827 3088 ἐστεφάνωσεν
1856 3020 1885 3073 ὁ

310 3098 470 3166 ὃεὸς,
496 3103 589 3156 ἐπὶ
634 3103 792 3174 μόνου
831 3105 922 3159 τοῦ
957 3107 1243 3178 ἀνθρώπου
1286 3111 1460 3181 φήσας
1482 3127 1495 3140 ο
1537 3109 1885 3180 Ποιήσωμεν

308 3191 632 3262 ἄνθρωπον
663 3198 788 3250 κατ’
819 3199 1022 3253 εἰκόνα
1059 3200 1350 3269 ἡμετέραν
1381 3202 1476 3256 καὶ
1510 3203 1637 3257 καθ’
1677 3205 1882 3272 όμοίω-
1911 3187 1954 3244 C

307 3302 441 3351 σιν,
479 3289 569 3341 καὶ
603 3289 872 3360 διαφόρως
895 3295 1006 3356 τοῖς
1047 3292 1223 3362 ἁγίοις
1251 3293 1554 3366 ἀνθρώποις
1583 3297 1880 3365 ἐπιφανεὶς,

305 3380 408 3432 καὶ
442 3379 755 3451 Πνεύματος
795 3383 973 3451 ἁγίου,
1006 3385 1099 3439 καὶ
1137 3385 1416 3457 δυνάμεως
1443 3389 1693 3459 οὐρανίου
1724 3406 1887 3459 μετα-

303 3468 456 3533 δοὺς,
487 3470 563 3534 ὡς
591 3470 654 3523 τὸ
688 3471 880 3543 μέλλον
910 3475 1130 3540 ειδέναι,
1167 3477 1259 3530 καὶ
1281 3477 1468 3542 νόσους
1493 3477 1754 3544 ἐλαύνειν,
1790 3479 1885 3534 καὶ

304 3564 539 3633 νεκροὺς
571 3563 823 3636 ἁνιστᾷν·
862 3568 955 3621 καὶ
987 3568 1048 3620 τὺ
1090 3569 1344 3639 μέγιστον
1372 3571 1646 3637 ἁπάντων,
1681 3573 1745 3644 τῇ
1789 3570 1884 3625 τοῦ

299 3654 651 3722 Μονογενοῦς
678 3659 914 3728 τιμήσας
947 3659 1110 3712 αὑτὸν
1143 3662 1438 3735 παρουσίᾳ.

372 3746 535 3816 Δόξῃ
582 3749 680 3801 καὶ
713 3749 848 3818 τιμῇ
878 3750 1306 3820 ἐστεφάνωσας
1345 3755 1551 3820 αὐτὸν,
1588 3757 1690 3809 καὶ
1743 3773 1883 3809 κατ-

295 3836 579 3905 έστησας
631 3839 817 3893 αὐτὸν
863 3840 960 3894 ἐπὶ
1012 3843 1084 3895 τὰ
1133 3843 1279 3913 ἔργα
1332 3844 1450 3898 τῶν
1495 3845 1710 3915 χειρῶν
1742 3862 1879 3901 σου.

294 3930 517 3984 Πάντα
571 3930 872 3999 ὑπέταξας
927 3935 1206 3990 ὑποκάτω
1253 3934 1373 3990 τῶν
1423 3936 1626 3992 ποδῶν
1675 3939 1881 4004 αὐτοῦ,

296 4024 574 4091 πρόϐατα
622 4024 721 4078 καὶ
773 4026 929 4091 ,βόας
972 4026 1197 4094 πάσας,
1229 4027 1318 4081 ἔτι
1349 4027 1418 4082 δὲ
1460 4029 1558 4082 καὶ
1588 4030 1661 4084 τὰ
1692 4031 1881 4098 κτήνη

295 4117 412 4170 τοῦ
469 4116 698 4182 πεδίου,
735 4117 808 4171 τὰ
853 4120 1092 4174 πετεινὰ
1123 4119 1229 4175 τοῦ
1274 4122 1552 4190 οὐρανοῦ,
1599 4123 1699 4177 καὶ
1743 4124 1885 4192 τοὺς

298 4212 523 4282 ἰχθύας
554 4209 661 4278 τῆς
694 4214 1031 4281 θαλάσσης,
1061 4214 1133 4268 τὰ
1155 4215 1624 4286 διαπορευόμενα
1647 4218 1885 4286 τρίϐους

297 4303 661 4362 θαλασσῶν.
697 4305 775 4376 Τῇ
822 4304 928 4376 γὰρ
981 4304 1168 4378 λογικῇ
1221 4307 1398 4376 φύσει,
1439 4308 1515 4372 ὼς
1561 4309 1627 4363 ἂν
1672 4310 1886 4380 ὡμοιω-

305 4397 454 4468 μένῃ
504 4396 640 4467 Θεῷ,
687 4398 785 4468 τὴν
837 4398 977 4452 κατὰ
1031 4398 1248 4452 πάντων
1295 4401 1469 4471 ἀρχὴν
1516 4403 1608 4456 καὶ
1656 4402 1884 4474 δύναμιν

305 4489 641 4558 ἐδωρήσατο.
683 4491 743 4544 '0
772 4490 1076 4563 ἄνθρωπος,
1106 4493 1205 4564 τῆς
1230 4492 1417 4563 θεῖκῆς
1447 4495 1652 4558 είκόνος
1677 4495 1878 4561 λαϐὼν,

302 4580 390 4642 ὼς
441 4579 690 4648 βασιλεὺς
735 4584 985 4638 ἁπάντων
1019 4586 1165 4638 ἐστὶν
1206 4588 1234 4639 ὁ
1276 4585 1425 4650 Θεὸς,
1474 4585 1644 4650 οὕτως
1697 4587 1879 4659 ἄρχων

303 4672 549 4744 κατέστη
582 4675 688 4727 τῶν
721 4677 811 4729 ἐπὶ
833 4676 952 4746 γῆς.
985 4678 1048 4729 Et
1075 4677 1130 4730 δὲ
1159 4677 1460 4740 καθολικῶς
1491 4678 1737 4749 εἴρηται·
1768 4680 1878 4732 Καὶ

303 4763 689 4832 κατέστησας
733 4767 918 4822 αὑτὸν
947 4769 1044 4822 ἐπὶ
1072 4769 1143 4822 τὰ
1169 4770 1310 4838 ἔργα
1341 4768 1456 4822 τῶν
1490 4769 1702 4841 χειρῶν
1725 4787 1840 4824 σου
1862 4788 1875 4800 ο

304 4858 458 4926 λέγει
490 4855 546 4909 δὲ
592 4857 818 4928 ἀλλαχοῦ
838 4876 850 4889 ο
888 4860 998 4913 Καὶ
1038 4860 1112 4914 τὰ
1155 4861 1297 4930 ἔργα
1345 4860 1465 4914 τῶν
1511 4860 1722 4929 χειρῶν
1764 4877 1878 4916 σου

302 4951 473 5006 εισὶν
498 4953 552 5004 ol
593 4951 851 5018 οὐρανοὶ,
886 4954 1041 5026 δῆλον
1081 4955 1156 5018 ὠς
1199 4955 1292 5008 καὶ
1332 4955 1424 5007 ἐπὶ
1463 4957 1588 5018 τοὺς
1620 4955 1879 5026 οὐρανοὺς

306 5046 647 5117 κατέστησεν
695 5045 876 5100 αὐτόν.
915 5049 1025 5101 Καὶ
1073 5049 1278 5120 μήποτε
1326 5048 1651 5120 ἁπορρήτως
1691 5047 1790 5118 τὴν
1828 5050 1885 5102 ὲν

303 5137 523 5211 οὐρανῷ
549 5135 829 5208 διατριϐὴν
854 5139 1124 5210 σημαίνει,
1150 5141 1257 5193 τῶν
1283 5140 1391 5193 ἀπὸ
1410 5141 1514 5210 γῆς
1545 5141 1721 5192 ἐκεῖσε
1755 5139 1884 5211 μεθ-

306 5231 635 5301 ισταμένων,
668 5231 754 5284 ὅτε
805 5229 1056 5301 μέλλουσι
1091 5231 1364 5301 βασιλείαν
1411 5231 1762 5302 κληρονομεῖν
1791 5231 1883 5283 οὐ-

306 5322 490 5396 ρανῶν
523 5323 600 5385 ὼς
644 5322 998 5394 ἐπήγγελται.
1030 5323 1188 5391 Λέγει
1221 5323 1276 5377 δὲ
1322 5326 1350 5378 ὁ
1381 5323 1589 5388 Παῦλος
1610 5339 1623 5354 ·
1658 5326 1886 5390 Κληρο-

302 5416 479 5484 νόμοι
537 5415 654 5484 μὲν
709 5415 891 5479 Θεοῦ,
946 5418 1422 5486 συγκληρονόμοι
1478 5416 1547 5471 δὲ
1600 5415 1875 5485 Χριστοῦ.

303 5505 467 5560 Οὕτω
505 5507 600 5561 καὶ
634 5507 714 5572 τὸ,
750 5507 934 5561 Πάντα
970 5506 1234 5572 ὑπέταξεν
1267 5507 1520 5560 ὑποκάτω
1558 5506 1667 5561 τῶν
1700 5505 1877 5559 ποδῶν

306 5597 498 5664 αὑτοῦ,
533 5599 750 5671 νοητέον
783 5598 878 5654 νῦν
913 5599 1012 5671 μὲν
1045 5599 1113 5652 τὰ
1141 5597 1286 5663 ζῶαο
1323 5598 1505 5670 ἐπειδὴ
1538 5599 1596 5653 δὲ
1637 5600 1730 5652 καὶ
1760 5597 1877 5668 βίος

1911 4537 1959 4594 D

1989 1924 2163 1970 totum
2194 1915 2456 1970 mundum
2505 1917 3063 1987 circumplectuntur;
3110 1919 3267 1974 video
3305 1918 3431 1974 item
3470 1919 3554 1972 lu-

1986 2025 2114 2064 nam
2140 2017 2194 2064 et
2223 2011 2435 2068 stellas.
2473 2019 2527 2065 et
2555 2011 2714 2080 plane
2744 2026 2916 2066 nosco
2953 2011 3068 2065 haec
3100 2012 3281 2066 omnia
3326 2027 3553 2083 magnas

1985 2101 2373 2172 mirabilesque
2397 2101 2634 2156 universi
2663 2101 2866 2173 opilicii
2899 2111 3080 2173 partes
3108 2117 3231 2158 esse
3257 2122 3270 2158 :
3315 2111 3554 2158 attamen

1987 2191 2089 2246 etsi
2138 2193 2265 2246 talia
2318 2200 2460 2259 sunt,
2515 2194 2641 2247 novi
2681 2208 2745 2248 ea
2776 2194 3014 2248 minima
3063 2211 3288 2266 operum
3336 2205 3555 2251 tuorum

1985 2301 2125 2341 esse.
2165 2285 2290 2340 llaec
2337 2288 2518 2358 itaque
2563 2296 2692 2344 sunt
2737 2275 3034 2359 digitorum
3081 2299 3298 2345 tuorum
3349 2306 3552 2363 opera;

1985 2391 2094 2432 non
2125 2393 2254 2432 vero
2288 2395 2568 2442 manuum,
2603 2396 2781 2450 neque
2811 2397 3020 2454 magna:
3047 2383 3333 2452 cujusdam
3365 2390 3555 2454 poten-

1988 2471 2076 2526 tias
2102 2480 2239 2538 tuac;
2295 2472 2411 2536 sed,
2451 2482 2512 2526 ut
2569 2473 2642 2527 ita
2697 2474 2899 2540 dicam,
2951 2485 3317 2530 extremorum
3355 2475 3548 2547 digito-

1985 2578 2136 2618 rum:
2173 2564 2246 2618 ita
2293 2562 2543 2618 videlicet
2592 2566 2800 2634 tropice
2837 2575 3104 2622 vocantur
3151 2568 3379 2623 virtutes
3433 2568 3550 2634 Dei,

1985 2657 2185 2727 quibus
2218 2657 2501 2712 sensibilia
2531 2657 2874 2728 visibiliaque
2909 2674 3073 2728 opera
3104 2661 3409 2715 constituit.

2058 2831 2226 2888 Vens.
2258 2833 2312 2888 6.
2348 2831 2594 2888 Minuisti
2634 2849 2751 2886 eum
2792 2833 2952 2902 paulo
2986 2833 3159 2886 minus
3211 2833 3274 2886 ab
3330 2834 3553 2904 angelis,

1985 2923 2157 2992 gloria
2180 2934 2228 2978 et
2260 2924 2454 2978 honore
2483 2924 2752 2977 coronasti
2783 2941 2924 2978 eum.
2960 2924 3024 2978 Et
3052 2939 3183 2980 sane
3211 2927 3315 2980 alia
3344 2928 3554 2983 ratione

1986 3015 2262 3073 hominem
2297 3017 2466 3088 gloria
2500 3027 2553 3071 et
2583 3016 2790 3071 honore
2824 3018 3107 3071 coronavit
3137 3016 3318 3084 Deus;
3350 3019 3416 3073 de
3437 3021 3556 3074 solo

1985 3111 2187 3182 quippe
2216 3111 2434 3166 homine
2464 3111 2635 3165 dixit:
2690 3109 2980 3165 Faciamus
3020 3111 3280 3164 hominem
3319 3110 3388 3165 ad
3419 3113 3556 3167 ima-

1986 3203 2158 3274 ginem
2182 3212 2230 3256 et
2256 3202 2657 3256 similitudinem
2683 3204 2994 3257 nostram”.
3035 3202 3367 3275 Diversoque
3393 3205 3557 3261 modo

1985 3293 2798 3364 sanctisbominibusapparuit,
2821 3293 3191 3365 Spiritumque
3209 3307 3454 3352 sanctum
3491 3315 3557 3354 ac

1985 3385 2268 3441 cmlestem
2302 3393 2629 3455 potestatein
2667 3386 2882 3452 indidit,
2935 3394 2994 3440 ut
3038 3387 3219 3442 futura
3249 3405 3554 3458 praenosce-

1986 3485 2130 3542 rent,
2185 3479 2406 3534 morbos
2457 3479 2741 3548 pellerent,
2790 3488 3036 3535 mortuos
3081 3481 3450 3535 suscitarent:
3499 3492 3554 3537 et

1986 3571 2133 3642 quod
2185 3572 2428 3628 omnium
2461 3571 2999 3642 praestantissimum,
3044 3572 3321 3627 hominem
3355 3572 3548 3645 Unige—

1986 3663 2086 3718 niti
2113 3663 2197 3718 sui
2229 3663 2461 3718 adventu
2495 3663 2804 3718 honoravit.

2058 3752 2226 3809 Vens.
2265 3752 2377 3807 7-9.
2415 3752 2599 3807 Gloria
2651 3763 2702 3808 et
2766 3754 2959 3809 honore
3020 3757 3287 3811 coronasti
3315 3775 3453 3825 eum,
3501 3773 3552 3814 et

1985 3847 2311 3900 constituisti
2344 3863 2462 3900 eum
2507 3863 2662 3916 super
2688 3863 2845 3915 opera
2879 3865 3128 3903 manuum
3155 3859 3386 3906 tuarum.
3424 3852 3552 3908 0m-

1983 3939 2077 3994 nia
2103 3938 2372 4008 subjecisti
2401 3938 2496 3992 sub
2523 3938 2741 4009 pedibus
2771 3939 2908 4009 ejus,
2933 3956 3048 3995 oves
3078 3951 3125 3996 et
3171 3942 3317 3998 boves
3348 3946 3552 3999 univer-

1985 4049 2096 4096 sas,
2131 4033 2345 4101 insuper
2369 4041 2418 4086 et
2446 4048 2636 4101 pecora
2659 4035 2853 4103 campi,
2877 4033 3109 4089 volucres
3143 4037 3260 4089 ειείί
3295 4046 3342 4090 et
3385 4042 3550 4105 pisces

1985 4126 2174 4189 maris,
2204 4126 2294 4195 qui
2333 4125 2700 4194 perambulant
2735 4128 2950 4182 semitas
2998 4130 3182 4182 maris.
3220 4127 3550 4184 Ratiouabili

1983 4218 2130 4272 enim
2162 4225 2389 4282 naturae,
2427 4226 2615 4290 utpote
2656 4218 2724 4272 ad
2776 4218 3189 4274 similitudinem
3226 4220 3320 4276 Dei
3369 4222 3545 4287 facta},

1983 4309 2322 4365 dominatum
2367 4318 2799 4380 potestatemque
2829 4311 2882 4365 in
2918 4312 3100 4366 omnia
3131 4314 3338 4368 tribuit.
3377 4312 3551 4368 Homo

1984 4420 2115 4462 sane
2146 4405 2238 4460 Dei
2269 4406 2556 4474 imaginem
2592 4407 2819 4477 accepit,
2853 4421 2916 4460 ac
2941 4414 3001 4461 ut
3031 4422 3126 4462 rex
3141 4408 3383 4462 omnium
3405 4407 3550 4464 Deus

1985 4509 2090 4562 est,
2132 4498 2213 4554 sic
2257 4498 2372 4568 ipse
2431 4500 2687 4570 princeps
2717 4506 3062 4555 terrenarum
3096 4501 3336 4554 omnium
3366 4515 3550 4555 rerum

1984 4590 2315 4645 constitutus
2345 4598 2448 4646 est.
2486 4589 2640 4656 Quod
2673 4592 2719 4646 si
2744 4592 3041 4662 generatim
3072 4591 3184 4646 haec
3207 4594 3380 4662 posita
3398 4602 3547 4652 sunt.

1985 4681 2053 4736 Et
2084 4682 2405 4737 constituisti
2449 4699 2566 4737 eum
2609 4699 2763 4751 super
2799 4700 2958 4754 opera
3000 4700 3250 4738 manuum
3285 4692 3496 4738 tuarum
3527 4699 3551 4739 .°

1984 4791 2118 4830 cum,
2155 4775 2292 4829 alibi
2338 4775 2574 4843 dicatur,
2609 4775 2678 4830 Et
2710 4793 2868 4844 opera
2899 4795 3153 4832 manuum
3184 4787 3394 4832 tuarum
3426 4791 3548 4838 sunt

1985 4867 2100 4922 caeli
2127 4866 2194 4932 ⁸⁸,
2247 4867 2374 4923 hinc
2406 4869 2781 4938 consequitur,
2813 4870 2974 4925 etiam
3027 4886 3190 4942 super
3219 4871 3386 4927 caelos
3416 4886 3548 4925 con-

1967 4959 2235 5018 stitutum
2260 4973 2290 5014 a
2322 4958 2433 5015 Deo
2465 4959 2655 5016 fuisse.
2705 4962 2778 5017 Ac
2809 4977 3088 5033 nunquam
3119 4979 3304 5018 eorum
3350 4964 3443 5033 qui
3480 4963 3546 5018 ad

1985 5065 2250 5121 supernas
2281 5050 2442 5106 sedes
2469 5050 2884 5119 transferentur,
2915 5055 3305 5111 habitationem
3329 5057 3380 5109 in
3408 5053 3546 5109 coelo

1983 5141 2223 5196 futuram
2253 5142 2468 5197 occulte
2495 5151 2909 5210 commemorat,
2952 5146 3042 5200 ubi
3073 5146 3400 5216 promissum
3439 5144 3542 5198 sibi

1983 5231 2248 5286 ccelorum
2297 5245 2526 5302 regnum
2561 5234 2870 5302 possessuri
2917 5243 3082 5303 sunt;
3119 5237 3193 5292 ait
3221 5238 3364 5291 enim
3401 5233 3544 5286 Pau-

1982 5321 2070 5375 lus
2107 5338 2121 5375 :
2163 5318 2410 5375 "(eredas
2455 5322 2663 5390 quidem
2701 5323 2818 5390 Dei,
2862 5326 3153 5381 cohwredes
3183 5335 3355 5380 autem
3389 5323 3541 5377 Chri-

1981 5411 2132 5466 διὶ⁹⁰-
2161 5411 2250 5466 Sic
2279 5413 2434 5478 illud.
2468 5419 2664 5476 Omnia
2719 5417 2953 5487 subjecit
2984 5418 3086 5474 sub
3112 5419 3336 5488 pedibus
3399 5409 3543 5478 eius.

1978 5503 2091 5573 jam
2123 5503 2531 5573 intelligendum
2555 5509 2622 5563 de
2651 5509 2980 5564 animalibus
3018 5528 3031 5562 :
3074 5517 3129 5561 at
3154 5509 3279 5576 quia
3313 5503 3546 5558 homini-

1982 5597 2086 5653 bus
2113 5597 2166 5650 in
2200 5598 2340 5653 ccelo
2373 5613 2470 5669 par
2496 5601 2750 5672 angelica:
2781 5602 2885 5657 vita
2916 5601 3151 5674 reposita
3185 5606 3288 5663 est,
3319 5609 3446 5651 cum
3475 5595 3546 5654 il-

378 5779 421 5812 "
462 5778 611 5836 Psal.
646 5796 771 5846 VIII,
812 5781 902 5838 45.
978 5780 1022 5814 ⁸⁸
1061 5779 1256 5837 Genes.
1293 5795 1348 5845 ι,
1383 5777 1472 5833 26.
1551 5777 1595 5812 ⁸⁹
1632 5776 1871 5847 Pal-Cl.

1985 5820 1998 5835 .
2074 5779 2120 5812 '°
2160 5777 2320 5837 Rom.
2357 5785 2446 5836 viu
2471 5823 2485 5850 ,
2521 5783 2608 5840 47.
