4066 6218
524 310 621 363 Nil

1218 307 1481 364 EUSEBil
1520 296 1995 364 CIESARIENSIS
2026 310 2177 367 OPP.
2216 310 2396 367 PARS
2431 311 2521 368 ill.
2552 308 3048 368 —EXEGETICA.

3646 310 3753 365 132

526 427 598 482 lic
624 426 953 483 constitutus
983 425 1147 480 fuerit
1189 441 1355 496 super
1403 441 1567 495 opera
1624 441 1885 483 manuum
1937 428 2079 499 ejus,

2194 430 2467 500 Ξσάγγελος
2499 431 2786 484 ἀπόκειται
2819 434 2932 494 τοῖς
2964 427 3272 501 ἀνθρώποις
3296 428 3352 481 ὲν
3377 427 3613 501 οὐρανῷ,
3636 413 3759 481 ἐκεῖ

525 517 696 573 ccelos
723 524 779 572 et
825 517 1007 570 omnia
1037 531 1159 585 quae
1189 516 1243 569 in
1290 515 1371 569 eis
1416 523 1546 571 sunt
1605 517 2079 589 contemplabitur.

527 609 725 663 Beatus
752 618 930 662 autem
960 607 1159 661 Paulus
1192 605 1295 665 hoc
1324 606 1391 661 de
1427 605 1711 664 Salvatore
1742 612 1973 679 accepit,
2006 620 2089 665 ut-

527 706 653 768 pote
694 697 839 768 quod
892 696 994 766 ipsi
1042 695 1098 748 in
1146 694 1329 748 futuro
1371 696 1570 751 saeculo
1601 696 1964 752 obventurum
1993 699 2085 756 sit.

525 788 866 860 Quapropter
896 788 970 840 ait
1001 786 1079 840 illi
1105 784 1267 840 Pater
1295 803 1309 840 :
1341 784 1476 841 Sede
1504 803 1539 841 a
1582 786 1784 842 dextris
1821 790 1972 854 meis,
2000 790 2093 843 do-

524 893 616 929 nec
643 891 832 944 ponam
855 875 1091 930 inimicos
1113 884 1230 928 tuos
1255 874 1542 929 scabellum
1563 876 1754 945 pedum
1782 887 1994 934 tuorum
2019 880 2086 937 θί.

953 1065 1273 1123 PSALMUS
1309 1065 1516 1121 DAVID
1552 1067 1645 1123 IX.

837 1160 885 1213 Ι.
913 1159 980 1214 In
1007 1161 1163 1229 ﬁnem
1199 1175 1294 1230 pro
1325 1159 1543 1214 occultis
1566 1159 1720 1215 Filii.

596 1250 762 1305 Multa
796 1262 952 1311 erant
977 1267 1101 1321 quae
1132 1253 1248 1322 ipse
1274 1252 1489 1307 occulte
1529 1260 1834 1322 peregerat,
1866 1268 2092 1323 genera-

525 1346 602 1399 tio
637 1345 844 1400 scilicet
877 1360 942 1399 ex
976 1343 1197 1414 Virgine
1228 1342 1528 1399 secundum
1561 1358 1782 1400 carnem
1829 1361 1927 1415 per
1970 1345 2096 1418 Spi-

527 1436 690 1489 ritum
720 1442 989 1499 sanctum,
1014 1434 1293 1504 stupendae
1322 1434 1426 1488 illa:
1452 1433 1678 1490 virtutes
1707 1436 1905 1504 quibus
1928 1437 2096 1491 mira-

526 1526 655 1580 bilia
686 1526 898 1592 edebat,
929 1542 1078 1582 mors
1120 1527 1240 1596 ejus
1269 1535 1324 1580 et
1369 1524 1670 1583 descensus
1699 1528 1755 1582 in
1798 1527 2093 1594 infernum,

526 1631 590 1671 ac
621 1617 951 1671 resurrectio
978 1632 1044 1672 ex
1076 1618 1325 1674 mortuis.
1357 1617 1503 1685 Haec,
1534 1620 1778 1690 inquam,
1810 1619 1994 1675 omnia
2016 1621 2097 1675 la-

524 1716 703 1764 tenter
744 1710 812 1764 ab
860 1710 978 1780 ipso
1026 1719 1355 1781 perpetrata.
1400 1711 1535 1767 Nam
1587 1712 1703 1767 bazc
1756 1712 2097 1783 principibus

2186 522 2459 586 καταστὰς
2491 524 2584 576 ἐπὶ
2626 522 2695 577 τὰ
2742 522 2880 594 ἔργα
2918 521 3025 575 τῶν
3071 521 3267 592 χειρῶν
3317 518 3503 584 αὐτοῦ,
3553 518 3760 590 θεωρὸς

2186 614 2427 686 οὐρανῶν
2458 615 2609 670 ἔσται
2646 616 2741 669 καὶ
2787 615 2894 669 τῶν
2936 616 2994 668 ὲν
3040 615 3242 678 αὐτοῖς.
3289 613 3346 668 '0
3383 612 3443 665 δὲ
3488 612 3760 684 μακάριος

2187 707 2398 771 Παῦλος
2440 709 2533 763 καὶ
2579 709 2738 762 τοῦτο
2784 709 2911 780 περὶ
2954 707 3048 761 τοῦ
3089 707 3339 778 Σωτῆρος
3377 704 3647 772 ἐξέλαϐεν,
3695 706 3760 758 ὲν

2188 797 2343 850 αἰῶνι
2372 794 2450 868 τῷ
2483 798 2727 869 μέλλοντι
2759 798 3141 871 γενησόμενον.
3181 797 3273 851 Διό
3312 814 3445 868 φησι
3485 796 3621 869 πρὸς
3653 798 3760 851 αὐ-

2188 889 2280 943 τὸν
2311 891 2341 943 6
2383 890 2574 962 Πατήρ
2592 907 2606 920 ’
2642 890 2840 947 Κάθου
2879 891 2948 944 ἐκ
2992 889 3205 955 δεξιῶν
3227 908 3367 960 μου,
3410 890 3520 955 ἕως
3560 888 3636 943 ἂν
3676 886 3763 943 θῶ

2188 982 2331 1050 τοὺς
2360 983 2612 1053 ἐχθρούς
2640 999 2756 1039 σου
2783 983 3117 1039 ὑποπόδιον
3140 980 3260 1036 τῶν
3285 981 3487 1037 ποδῶν
3512 997 3647 1037 σου.

2600 1076 2890 1129 ΨΔΛΜΟΣ
2920 1075 3010 1128 ΤΩ
3038 1074 3235 1128 ΔΔΥΙΔ
3261 1074 3342 1130 8'.

2296 1171 2401 1234 Εἰς
2434 1166 2502 1221 τὸ
2534 1166 2709 1233 τέλος
2738 1166 2890 1235 ὑπὲρ
2913 1164 3031 1219 τῶν
3057 1165 3324 1234 κρυφίων
3349 1165 3458 1219 τοῦ
3495 1165 3653 1221 Υἱοῦ.

2262 1260 2440 1315 Πολλὰ
2480 1259 2537 1312 δὲ
2575 1255 2643 1331 ἦν
2672 1256 2822 1328 αὐτῷ
2853 1258 2923 1312 τὰ
2955 1257 3200 1330 κρυφίως
3231 1257 3598 1328 πεπραγμένα
3630 1258 3666 1329 ἦ
3702 1274 3767 1312 τε

2193 1354 2259 1407 ὲκ
2290 1351 2569 1426 Παρθένου
2609 1350 2697 1404 διὰ
2728 1350 3041 1421 Πνεύματος
3072 1349 3227 1418 ἁγίου
3250 1348 3390 1403 κατὰ
3422 1350 3601 1422 σάρκα
3636 1351 3767 1419 γένο-

2193 1460 2368 1516 νησις,
2397 1442 2454 1496 αἳ
2489 1458 2549 1495 τε
2594 1440 2880 1512 παράδοξοι
2912 1440 3005 1494 καὶ
3041 1437 3443 1510 θαυματουργοὶ
3482 1439 3764 1511 δυνάμεις,

2194 1533 2222 1586 ὃ
2250 1550 2308 1585 τε
2337 1532 2562 1596 θάνατος
2598 1531 2761 1594 αὐτὸς
2789 1531 2883 1583 καὶ
2909 1532 2943 1600 ή
2978 1531 3058 1593 είς
3089 1528 3220 1600 ᾅδου
3255 1528 3478 1591 κάθοδος
3509 1529 3604 1582 καὶ
3632 1531 3667 1600 ἠ
3698 1530 3768 1581 ὲκ

2195 1624 2401 1696 νεκρῶν
2434 1623 2747 1687 ἀναϐίωσις.
2778 1620 2963 1676 Ταῦτα
2989 1620 3099 1693 γὰρ
3131 1619 3279 1692 αὐτῷ
3311 1619 3489 1674 πάντα
3520 1618 3769 1690 κρυφίως

2197 1717 2531 1790 πέπρακται.
2574 1713 2886 1786 Ἀπέκρυψε
2919 1713 3029 1785 γὰρ
3059 1712 3199 1766 αὐτὰ
3228 1712 3322 1767 καὶ
3350 1712 3473 1775 τοὺς
3502 1712 3770 1783 ἄρχοντας

525 1802 690 1871 hujus
739 1804 926 1858 mundi
961 1803 1281 1859 abscondita
1323 1804 1516 1861 voluit.
1573 1803 1649 1862 De
1681 1805 1768 1862 bis
1803 1820 1969 1877 porro
1999 1820 2092 1861 oc-

2194 1809 2287 1863 τοῦ
2329 1809 2534 1879 κόσμου
2564 1806 2771 1861 τούτου.
2809 1806 2981 1877 ’Υπὲρ
3006 1804 3071 1876 δὴ
3104 1803 3307 1858 τούτων
3332 1803 3439 1857 τῶν
3467 1803 3712 1874 κρυφίων
3739 1804 3771 1857 6

525 1896 689 1950 cultis
723 1895 798 1949 ait
826 1894 1096 1965 Propheta
1124 1914 1139 1950 :

601 1985 765 2043 Vens.
796 1986 850 2040 2,
896 1986 1198 2057 Conﬁtebor
1239 1988 1356 2054 tibi,
1414 1987 1659 2054 Domine,
1704 1990 1759 2044 in
1792 1998 1901 2046 toto
1935 1989 2091 2045 corde

528 2094 661 2142 meo,
694 2078 922 2133 narrabo
950 2081 1128 2133 omnia
1160 2080 1429 2155 mirabilia
1460 2090 1573 2136 tua.
1617 2080 1830 2137 Similia
1860 2082 1979 2153 ipse
2014 2080 2091 2135 ait

527 2170 583 2223 in
614 2169 925 2240 Evangeliis
954 2173 999 2204 θ’
1022 2191 1034 2226 :
1062 2171 1364 2241 Conﬁtebor
1386 2173 1502 2239 tibi,
1524 2172 1707 2240 Pater,
1729 2173 1949 2227 Domine
1975 2172 2091 2227 caeli

522 2272 573 2316 et
604 2270 775 2326 teme,
805 2263 930 2331 quia
976 2263 1300 2319 abscondisti
1326 2265 1437 2321 haec
1473 2285 1507 2321 a
1537 2267 1858 2337 sapientibus
1887 2276 1937 2320 et
1963 2282 2090 2338 pru-

523 2351 786 2417 dentibus,
817 2363 867 2407 et
896 2355 1138 2409 revelasti
1170 2372 1235 2409 ea
1254 2358 1510 2427 parvulis.
1541 2356 1599 2412 in
1634 2358 1844 2428 psalmo
1874 2372 2092 2428 quoque

524 2444 592 2499 de
617 2446 848 2503 occultis
872 2448 1076 2518 gratias
1106 2449 1238 2520 agit,
1294 2461 1348 2506 et
1393 2458 1518 2521 post
1566 2450 1863 2522 gratiarum
1913 2453 2087 2505 actio-

523 2550 672 2601 nem,
701 2552 861 2607 quam
894 2554 994 2609 pro
1021 2539 1196 2595 salute
1234 2548 1426 2596 nostra
1452 2541 1646 2608 edidit,
1677 2557 1780 2597 nos
1811 2541 1879 2597 de
1924 2542 2091 2596 mira-

524 2627 725 2683 bilibus
755 2626 934 2685 Patris
964 2631 1047 2685 sui
1075 2630 1398 2687 edoctururn
1427 2648 1506 2698 se,
1532 2633 1600 2689 de
1617 2633 1735 2703 ipsa
1758 2632 1938 2689 Patris
1967 2649 2093 2689 con-

522 2721 875 2790 templatione
903 2724 1208 2787 exsultans,
1256 2725 1564 2795 pollicetur.
1602 2724 1746 2781 Sane
1784 2735 1973 2797 utpote
2001 2725 2091 2782 Fi-

524 2811 598 2866 lio
629 2812 806 2867 inerat
836 2814 936 2883 ipsi
962 2817 1203 2886 cognitio
1232 2817 1469 2872 nominis
1502 2818 1649 2887 quod
1687 2817 1877 2872 deitati
1910 2817 2092 2874 Patris

523 2904 632 2969 sui,
664 2906 812 2959 nulla
837 2921 970 2961 voce
1003 2908 1260 2978 nulloque
1300 2908 1523 2963 nomine
1559 2904 1912 2978 explicandae,
1944 2924 2093 2964 com-

523 2996 763 3066 petebat.
813 2993 939 3049 Huic
1003 2997 1259 3062 maxime,
1312 2996 1510 3065 inquit,
1564 2995 1761 3052 faciam
1798 3006 2090 3068 postquam

521 3086 800 3143 inimicam
852 3088 977 3143 vitae
1028 3096 1255 3144 mortem
1293 3090 1497 3152 vicero,
1544 3088 1613 3144 de
1659 3105 1766 3159 qua
1820 3089 2021 3144 dicitur
2072 3107 2089 3145 :

2196 1902 2486 1974 Προφήτης
2509 1899 2688 1968 λέγει·

2279 1988 2828 2061 Ἐξομολογήσομαι
2875 2001 2997 2054 σοι,
3045 1988 3241 2057 Κύριε,
3281 1986 3351 2040 ὲν
3390 1985 3503 2057 ὅλῃ
3551 1983 3770 2054 καρδίᾳ

2189 2099 2333 2152 μου,
2363 2081 2722 2152 διηγήσομαι
2770 2078 2968 2134 πάντα
3004 2080 3076 2135 τὰ
3115 2077 3417 2149 θαυμάσια
3461 2092 3596 2132 σου.
3641 2078 3771 2131 Τοι-

2195 2172 2333 2226 αῦτα
2361 2171 2453 2226 καὶ
2480 2171 2641 2235 αὐτὸς
2663 2171 2722 2225 ἐν
2739 2168 3086 2239 Εὐαγγελίοις
3112 2170 3274 2241 φησίν
3290 2185 3305 2198 ·
3343 2167 3771 2239 Ἐξομολογοῦ-

2190 2262 2302 2332 μαί
2327 2277 2447 2326 σοι,
2486 2258 2698 2328 Πάτερ,
2728 2260 2909 2327 Κύριε
2940 2259 3046 2313 τοῦ
3070 2257 3329 2327 οὐρανοῦ
3368 2256 3467 2312 καὶ
3493 2257 3604 2326 τῆς
3631 2256 3768 2327 γῆς,

2195 2354 2286 2410 ὅτι
2332 2354 2687 2424 ἀπέκρυψας
2725 2352 2911 2407 ταῦτα
2945 2351 3064 2406 ἀπὸ
3095 2351 3302 2421 σοφῶν
3347 2353 3443 2405 καὶ
3475 2350 3770 2415 συνετῶν,

2194 2446 2295 2501 καί
2318 2444 2717 2514 ἀπεκάλυψας
2741 2444 2927 2499 ταῦτα
2956 2444 3215 2513 νηπίοις.
3241 2445 3350 2500 Καὶ
3377 2447 3435 2499 ὲν
3465 2445 3543 2516 τῷ
3569 2444 3772 2516 ψαλμῷ

2195 2539 2304 2612 γὰρ
2336 2540 2464 2612 περὶ
2501 2538 2608 2595 τῶν
2643 2538 2889 2610 κρυφίων
2919 2538 3244 2610 εὐχαριστεῖ.
3281 2538 3433 2593 Μετὰ
3463 2538 3519 2591 δὲ
3560 2538 3658 2608 τὴν
3689 2540 3771 2591 εὐ-

2195 2630 2500 2703 χαριστίαν,
2536 2631 2596 2703 ἦν
2627 2630 2766 2702 ὑπὲρ
2802 2630 2902 2701 τῆς
2940 2630 3216 2702 ἡμετέρας
3261 2631 3554 2703 ἐποιήσατο
3597 2647 3770 2702 σωτης

2198 2724 2338 2797 ρίας,
2370 2723 2497 2795 περὶ
2519 2721 2627 2776 τῶν
2660 2720 2978 2792 θαυμασίων
3004 2722 3099 2776 τοῦ
3123 2723 3336 2794 Πατρός
3360 2722 3594 2788 διδάξειν
3622 2725 3771 2794 ἡμᾶς

2195 2815 2590 2885 ἐπαγγέλλεται
2613 2818 2679 2887 τῇ
2718 2814 2811 2867 τοῦ
2841 2815 3054 2887 Πατρὸς
3079 2816 3504 2887 ὲναγαλλόμενος
3529 2815 3646 2888 θέᾳ.
3683 2816 3769 2880 Ὠς
3834 2812 3844 2819 ’

2194 2907 2251 2962 δὲ
2283 2908 2400 2979 Υίῷ
2427 2909 2520 2961 καὶ
2547 2909 2580 2980 ἡ
2610 2907 2807 2977 γνῶσις
2839 2908 3020 2980 παρῆν
3048 2907 3144 2961 τοῦ
3177 2908 3436 2979 ὀνόματος
3461 2908 3560 2979 τῆς
3585 2907 3770 2979 θεότη-

2196 3019 2286 3066 τος
2312 2998 2405 3055 τοῦ
2438 3001 2678 3075 ἀρρήτου
2709 3003 2803 3055 καὶ
2832 3001 3274 3072 ἀκατονομάστου
3306 3002 3536 3073 Πατρός.
3585 3000 3771 3055 Ταῦτα

2195 3094 2254 3148 δὲ
2307 3094 2558 3165 μάλιστα,
2601 3095 2754 3165 φησὶ,
2807 3095 3014 3167 ποιήσω
3062 3093 3156 3146 τὸν
3205 3094 3302 3164 τῆς
3355 3093 3501 3164 ζωῆς
3541 3094 3771 3163 νικήσας

524 3180 830 3236 Novissima
862 3181 1080 3235 inimica
1117 3179 1417 3237 destruetur
1446 3198 1585 3237 mors
1610 3182 1679 3235 ”.
1714 3181 1849 3236 Nam
1882 3193 2091 3238 retror-

2194 3186 2385 3260 ἐχθρὸν
2413 3188 2660 3254 θάνατον,
2692 3189 2820 3261 περὶ
2850 3183 2911 3243 οὗ
2932 3187 3176 3242 λέλεκται
3196 3204 3209 3219 ·
3243 3190 3535 3258 Ἕσχατος
3560 3187 3771 3255 ἐχθρὸς

524 3288 647 3328 sum
675 3278 1047 3337 convertetur,
1078 3273 1129 3328 id
1163 3283 1268 3337 est,
1302 3274 1357 3329 in
1390 3274 1679 3344 pristinam
1713 3290 1871 3343 suam
1902 3276 2094 3332 condi-

524 3366 748 3429 tionem,
780 3381 887 3436 qua
930 3381 1038 3421 non
1068 3366 1368 3421 exsistebat
1410 3386 1426 3421 :
1480 3366 1623 3421 Deus
1671 3369 1816 3423 enim
1873 3379 2094 3426 mortem

524 3474 628 3511 non
662 3457 784 3527 fecit
828 3458 896 3525 “,
944 3458 1040 3514 sed
1089 3457 1289 3512 invidia
1341 3458 1545 3513 diaboli
1592 3476 1733 3513 mors
1785 3461 2004 3517 intravit
2036 3463 2093 3516 in

525 3550 779 3604 mundum
801 3551 868 3605 ’⁸.
900 3550 1031 3617 Quae
1061 3567 1184 3606 cum
1212 3551 1516 3616 evenerint,
1550 3552 1745 3623 reliqui
1786 3554 1948 3608 etiam
1978 3569 2095 3609 om-

524 3657 622 3697 nes
655 3643 805 3698 verbi
836 3643 914 3698 tui
955 3644 1182 3711 inimici,
1214 3642 1413 3698 inﬁrmi
1460 3643 1692 3699 evadent
1722 3660 1787 3700 ac
1824 3646 1880 3700 in
1910 3644 2093 3717 perni-

528 3732 663 3789 ciem
699 3734 873 3789 ibunt.

512 3960 517 3964 .
601 3906 764 3962 Vens.
795 3907 849 3961 9.
897 3905 963 3960 Et
1003 3906 1111 3975 ipse
1146 3905 1410 3975 judicabit
1450 3907 1627 3962 orbem
1657 3917 1810 3964 terra:
1842 3911 1896 3964 in
1926 3916 2094 3985 jam.

534 4000 631 4069 tia,
667 3998 933 4069 judicabit
954 3998 1171 4069 populos
1194 4000 1249 4054 in
1271 4000 1607 4073 wquitate.Si
1630 4002 1667 4056 ii
1695 4003 1789 4072 qui
1810 4003 1865 4056 in
1893 4003 2094 4058 mundo

524 4098 834 4150 versantur.
868 4105 975 4143 non
1010 4090 1210 4145 similia
1255 4106 1422 4160 opera
1477 4093 1797 4158 edidissent,
1828 4094 2095 4163 judicium

527 4179 620 4235 Dei
656 4182 867 4250 justum
897 4197 1006 4237 non
1040 4189 1224 4249 esset;
1259 4182 1352 4252 qui
1385 4185 1502 4252 pari
1535 4184 1745 4239 ratione
1780 4194 2095 4255 peccatores

527 4274 817 4346 supplicio,
846 4273 1024 4341 justos
1058 4274 1229 4344 gloria
1252 4273 1432 4329 allicit.
1465 4273 1741 4329 Judicabit
1783 4278 2004 4346 populos
2038 4280 2095 4332 in

527 4370 792 4440 arquitate.
823 4365 1019 4423 Orbem
1047 4374 1203 4424 terra:
1238 4377 1394 4423 vocat
1425 4367 1744 4435 Ecclesiam,
1787 4386 1908 4440 quae
1938 4371 2095 4425 inha-

527 4463 732 4517 bitatur
760 4477 791 4516 a
820 4460 1001 4529 Patre,
1060 4460 1201 4517 Filio
1242 4470 1295 4518 et
1337 4459 1545 4532 Spiritu
1580 4471 1793 4525 sancto,
1840 4462 1996 4532 juxta
2031 4465 2096 4518 il-

2194 3281 2628 3351 καταργήσεται
2652 3285 2685 3337 ό
2711 3280 2986 3350 θάνατος.
3025 3282 3525 3353 Ἀποστραιρήσεται
3551 3279 3660 3351 γὰρ
3691 3282 3772 3343 εἰς

2192 3371 2262 3425 τὰ
2301 3373 2496 3439 ὀπίσω,
2529 3374 2777 3427 τουτέστι
2806 3373 2904 3446 τὴν
2948 3373 3171 3447 πρώτην
3220 3373 3384 3427 αὐτοῦ
3418 3373 3771 3436 κατάστασιν,

2193 3466 2280 3519 ὅτε
2310 3466 2384 3537 μὴ
2408 3467 2721 3538 ὑφεστήκει.
2760 3468 2822 3520 '0
2845 3467 2954 3540 γὰρ
2993 3468 3136 3533 Θεὸς
3167 3465 3425 3523 θάνατον
3445 3468 3556 3521 οὐκ
3579 3467 3771 3533 ἐποίη-

2193 3574 2331 3612 σεν·
2377 3563 2576 3629 φθόνῳ
2626 3560 2683 3617 δὲ
2729 3561 3010 3616 διαϐόλου
3055 3563 3311 3629 θάνατος
3359 3562 3645 3631 εἰσῆλθεν
3682 3565 3772 3630 εὶς

2194 3649 2300 3703 τὸν
2329 3652 2561 3720 κόσμον
2582 3668 2595 3682 ι
2627 3644 2689 3705 οὗ
2731 3652 2794 3725 δὴ
2824 3653 3105 3722 γεγονότος
3144 3656 3239 3707 καὶ
3268 3653 3529 3732 οί”λοιποὶ
3570 3656 3772 3719 πάντες

2194 3739 2378 3811 ἐχθροὶ
2425 3740 2517 3793 τοῦ
2571 3740 2729 3810 λόγου
2784 3757 2877 3794 σου
2928 3743 3022 3794 καὶ
3076 3741 3324 3813 πολέμιοι
3375 3742 3771 3814 ἀσθενήσαντες

2196 3829 2536 3884 ἀπολοῦνται.

2264 3922 2374 3977 Καὶ
2431 3923 2612 3989 αὐτὸς
2658 3924 2848 3993 κρινεῖ
2886 3924 3002 3994 τὴν
3048 3927 3405 3997 οἰκουμένην
3439 3928 3508 3980 ἐν
3550 3926 3771 3981 δικαιο-

2195 4014 2374 4082 σύνῃ,
2405 4014 2596 4083 κρινεῖ
2637 4015 2826 4081 λαοὺς
2860 4016 2929 4070 ἐν
2959 4018 3254 4087 εὐθύτητι.
3304 4018 3366 4071 Ei
3410 4021 3457 4072 oi
3491 4019 3548 4070 ἐν
3588 4021 3656 4089 τῇ
3690 4020 3772 4073 oi-

2196 4122 2290 4159 κου
2299 4105 2432 4177 μένῃ
2466 4107 2564 4160 οὐκ
2587 4109 2644 4161 ὲν
2666 4109 2870 4179 ὁμοίοις
2885 4110 3020 4162 εἰσὶν
3048 4108 3248 4181 ἔργοις,
3268 4111 3369 4163 οὐκ
3387 4110 3451 4163 ἂν
3468 4105 3576 4162 εἷεν
3594 4110 3670 4181 (1)
3693 4108 3774 4163 δι-

2197 4198 2452 4270 καιοσύνη
2494 4200 2528 4270 ἡ
2565 4201 2746 4272 κρίσις
2777 4202 2872 4255 τοῦ
2918 4201 3087 4255 Θεοῦ’
3124 4202 3324 4272 ὁμοίως
3356 4203 3482 4265 τοὺς
3520 4202 3775 4273 ἁμαρτά-

2195 4305 2382 4351 νοντας
2431 4289 2669 4356 κολάζει,
2720 4291 2752 4363 ἢ
2802 4294 2927 4357 τοὺς
2982 4293 3222 4356 δικαίους
3276 4292 3504 4357 δοξάζει.
3566 4295 3777 4361 Κρινεῖ

2196 4382 2385 4447 λαοὺς
2406 4382 2476 4435 ἐν
2494 4386 2787 4452 εὐθύτητι.
2817 4386 3152 4457 Οἰκουμένην
3179 4387 3276 4457 μὲν
3297 4386 3396 4456 τὴν
3421 4384 3770 4456 Ἐκκλησίαν,

2196 4472 2317 4542 ἥτις
2347 4474 2571 4526 οἰκεῖται
2600 4475 2704 4527 ὑπὸ
2738 4475 2831 4528 τοῦ
2858 4454 3068 4547 Πατρός
3099 4454 3193 4529 και
3212 4454 3335 4529 ⁸’τοῦ
3356 4454 3519 4540 Υἱοῢ,
3552 4454 3645 4530 καὶ
3671 4479 3769 4532 τοῦ

527 4553 620 4606 iud
648 4572 662 4608 :
700 4553 812 4623 Ego
833 4562 888 4608 et
913 4553 1075 4609 Pater
1107 4553 1175 4608 ad
1205 4571 1324 4609 eum
1366 4555 1651 4619 veniemus,
1689 4563 1737 4609 et
1768 4557 2092 4611 mansionem

2201 4540 2355 4632 άγίου
2390 4566 2721 4638 Πνεύματος,
2753 4569 2894 4622 κατὰ
2923 4540 3016 4621 τόο
3053 4568 3194 4636 Ἐγὼ
3218 4569 3311 4623 καὶ
3342 4570 3370 4621 6
3395 4571 3584 4643 Πατὴρ
3608 4571 3773 4627 ἐλευ-

529 4644 668 4713 apud
687 4661 805 4700 eum
834 4645 1087 4715 faciemus
1110 4646 1177 4701 ".
1201 4646 1438 4718 Populos
1460 4656 1640 4704 autem
1668 4649 1904 4719 appellat
1932 4657 2097 4705 caete-

527 4751 621 4792 ros
652 4753 843 4793 omnes
876 4740 968 4807 qui
1012 4744 1167 4793 extra
1196 4737 1496 4795 Ecclesiam
1528 4749 1843 4806 versantur,
1880 4748 1974 4795 aut
2000 4742 2093 4812 qui

528 4842 598 4883 ex
631 4827 1051 4884 circumcisione
1080 4836 1230 4883 sunt.
1269 4828 1534 4900 Quotquot
1563 4831 1701 4884 enim
1734 4831 1792 4884 in
1830 4832 1937 4903 lege
1974 4848 2095 4903 pec-

529 4930 801 4987 caverunt,
824 4936 916 4991 per
945 4922 1106 4994 legem
1127 4921 1550 4993 judicabuntur;
1574 4925 1669 4995 qui
1699 4940 1816 4979 vero
1847 4926 1959 4980 sine
1985 4926 2095 5000 lege

531 5016 847 5084 transgressi
869 5024 1011 5080 sunt,
1042 5016 1158 5070 sine
1192 5015 1300 5085 lege
1328 5015 1569 5085 peribunt
1605 5016 1676 5076 ’⁷.

601 5106 768 5163 Vens.
813 5107 903 5172 Μ),
934 5108 1020 5163 ll.
1066 5106 1136 5161 Et
1185 5108 1360 5177 [actus
1399 5119 1476 5164 est
1524 5109 1782 5165 Dominus
1831 5110 2093 5182 refugium

529 5200 765 5269 pauperi,
796 5199 1011 5268 adjutor
1033 5200 1091 5253 in
1121 5202 1623 5271 opportunitatibus,
1648 5204 1704 5258 in
1729 5202 2092 5260 tribulatione.

531 5293 602 5348 Et
630 5302 834 5363 sperent
862 5295 915 5347 in
952 5305 1000 5349 te
1029 5297 1119 5365 qui
1148 5303 1399 5348 noverunt
1428 5311 1613 5351 nomen
1646 5305 1816 5362 tuum,
1843 5298 2093 5366 quoniam

532 5402 636 5440 non
673 5385 997 5456 dereliquisti
1024 5395 1312 5456 querentes
1362 5395 1430 5450 te,
1460 5385 1703 5442 Domine.
1735 5386 1837 5443 Cui
1868 5388 2090 5458 pauperi

528 5479 695 5548 judex
725 5478 993 5549 refugium
1017 5477 1191 5534 factus
1213 5486 1320 5537 est.
1347 5479 1455 5534 nisi
1478 5480 1533 5534 in
1562 5480 1739 5551 primo
1768 5480 1891 5536 vitae
1910 5480 2091 5535 curri-

2200 4657 2425 4726 σόμεθα
2451 4659 2599 4727 πρὸς
2642 4660 2846 4726 αὑτὸν,
2891 4659 2989 4713 καὶ
3016 4659 3216 4729 μονὴν
3260 4665 3396 4730 παρ’
3420 4663 3581 4729 αὐτῷ
3609 4681 3772 4733 ποιη-

2199 4750 2424 4818 σόμεθα
2447 4766 2459 4779 ’
2501 4750 2663 4815 λαοὺς
2697 4750 2754 4803 δὲ
2791 4751 2916 4815 τοὺς
2944 4751 3163 4817 λοιποὺς
3204 4753 3355 4826 παρὰ
3395 4754 3494 4827 τὴν
3537 4754 3769 4827 Ἐκκλη-

2215 4833 2368 4899 σίαν,
2415 4833 2449 4903 ἢ
2495 4834 2621 4898 τοὺς
2663 4835 2728 4886 ὲκ
2771 4836 3084 4907 περιτομῆς.
3134 4837 3299 4891 Ὅσοι
3340 4840 3452 4908 γὰρ
3497 4839 3567 4893 ἐν
3611 4839 3779 4908 νόμῳ

2215 4923 2511 4993 ἥμαρτον,
2550 4925 2647 4980 διὰ
2681 4928 2869 4996 νόμου
2917 4927 3330 4995 κριθήσονται,
3378 4929 3496 4983 τῶν
3539 4928 3779 5000 ἀνόμως

2212 5015 2670 5087 ἁμαρτανόντων
2694 5018 2924 5088 ἀνόμως
2955 5020 3407 5090 ἀπολλυμένων.

2264 5115 2375 5169 Καὶ
2396 5114 2630 5185 ἐγένετο
2653 5117 2867 5185 Κύριος
2896 5118 3207 5190 καταφυγὴ
3250 5118 3331 5184 τῷ
3362 5118 3588 5185 πένητι,
3610 5118 3767 5187 βοη-

2196 5206 2300 5274 θὸς
2337 5208 2409 5262 ὲν
2451 5209 2798 5277 εὐκαιρίαις,
2829 5210 2899 5264 ἐν
2942 5212 3164 5281 θλίψει.
3213 5212 3322 5266 Καὶ
3366 5209 3766 5271 ἐλπιζέτωσαν

2195 5298 2295 5352 ἐπὶ
2332 5298 2407 5353 σὲ
2454 5303 2509 5353 ot
2552 5300 2947 5371 γινώσκοντες
2989 5302 3056 5357 τὸ
3110 5302 3298 5373 ὄνομα
3338 5319 3476 5366 σου,
3520 5300 3613 5356 ὅτι
3648 5303 3764 5357 οὐκ

2196 5387 2579 5458 ἐγκατέλιπες
2611 5391 2753 5458 τοὺς
2793 5390 3190 5462 ἐκζητοῦντάς
3225 5408 3319 5456 σε,
3370 5392 3566 5458 Κύριε.
3616 5389 3765 5460 Ποίῳ

2195 5482 2253 5536 δὲ
2301 5480 2494 5554 πένητι
2540 5485 2828 5558 καταφυγὴ
2872 5486 3090 5566 γέγονεν
3127 5487 3156 5538 ό
3198 5485 3411 5555 κριτὴς,
3450 5482 3565 5538 ἀλλ’
3597 5481 3631 5554 ἢ
3684 5480 3764 5553 τῷ

600 5598 642 5629 ’³
683 5595 828 5677 Petri.
860 5613 948 5653 crx
972 5636 986 5654 .
1018 5597 1192 5677 Lm"
1233 5586 1532 5653 Matth.“
1563 5597 1654 5654 25.
1729 5597 1778 5630 ”
1816 5596 1836 5652 l
1865 5597 1994 5655 Cor.
2027 5616 2092 5656 xv

2194 5601 2248 5659 6.
2324 5602 2370 5637 “
2409 5602 2538 5677 Sap.
2571 5619 2612 5672 ι,
2649 5603 2735 5659 15.
2812 5603 2859 5638 ⁵⁵
2932 5613 3060 5674 δερ.
3096 5617 3169 5670 ιι,
3203 5600 3294 5657 ει.
3367 5599 3415 5634 ⁸⁸
3450 5596 3609 5656 Joan.
3648 5613 3763 5665 3m,

531 5667 619 5722 23.
694 5670 743 5752 ’ξ
778 5667 935 5723 Rom.
971 5682 1045 5733 ll,
1080 5665 1165 5721 i2.

607 5758 847 5828 (Ι)Εἵεν.
875 5759 1038 5819 Forte
1061 5760 1174 5817 εῖν.
1201 5760 1360 5818 Εοιτ.
