4042 6210
368 337 466 392 155

1488 316 1987 381 COMMENTARIA
2023 314 2088 369 IN
2126 310 2465 369 PSALMOS.

3490 312 3592 374 Ιδι

363 448 505 502 κατά
560 446 653 501 τὸν
708 445 922 518 πρῶτον
971 444 1079 515 βίον
1137 446 1234 514 τὴν
1282 442 1469 514 στενὴν
1519 441 1776 495 ὡδευκότι
1837 435 1931 491 καὶ

2043 431 2179 493 culo,
2228 430 2282 484 in
2311 437 2541 501 angusta
2590 436 2643 485 et
2676 439 2825 485 arcta
2869 431 2955 485 via
3006 431 3327 500 incesserit;
3381 447 3592 489 necnon

362 537 746 609 τεθλιμμένην,
777 538 869 589 καὶ
896 535 972 606 τῷ
1002 535 1418 606 μακαριζομένῳ
1447 533 1662 603 πτωχῷ,
1690 533 1928 603 δηλονότι

364 627 443 699 τῷ
476 625 744 697 πνεύματι
770 644 783 693 ;
812 626 981 679 Τοῦτο
1003 625 1058 678 δὲ
1096 611 1356 695 μαθόντες
1392 625 1441 677 οἱ
1481 623 1835 693 γινώσκοντες
1870 623 1931 678 τὸ

365 717 537 786 δνομά
573 731 688 781 σου,
730 716 821 769 καὶ
857 716 935 767 ὅτι
978 715 1037 766 ὲν
1076 714 1153 785 τῷ
1190 715 1286 785 τῆς
1318 712 1712 784 δικαιοκρισίας
1757 711 1932 783 καιρῷ

368 812 495 872 τοὺς
520 808 873 880 ὲκζητοῦντάς
901 824 959 860 σε
988 807 1081 861 νῦν
1102 808 1203 859 οὐκ
1227 805 1659 875 ἐγκαταλείψεις,
1686 804 1933 858 ἐντεῦθεν

374 901 731 964 ὲλπιξέτωσαν
780 900 873 951 ἐπὶ
913 899 973 951 σὲ
1002 899 1177 952 πάντα
1202 898 1289 952 διὰ
1329 897 1427 962 τάς
1459 896 1690 969 ἀμοιϐὰς
1732 895 1935 967 ὑπομέ-

373 1007 568 1053 νοντες.

456 1081 942 1151 Ἀταλλιασόμεθα
970 1080 1068 1134 ἐπὶ
1110 1079 1191 1146 τῷ
1225 1079 1495 1148 σωτηρίῳ
1533 1094 1671 1140 σου,
1720 1075 1933 1130 ἐνεπὰ-

375 1188 565 1242 τησαν
588 1172 731 1241 ἔθνη
759 1173 829 1225 ἐν
855 1171 1143 1241 διαφθορᾷ
1168 1166 1208 1243 ᾖ
1252 1172 1566 1239 ἐποίησαν.
1610 1171 1706 1222 Ἐν
1732 1168 1936 1238 παγίδι

371 1266 552 1331 ταύτῃ
572 1258 612 1335 ᾖ
650 1265 925 1333 ἔκρυψαν
950 1262 1305 1333 συνελήφθη
1342 1266 1373 1316 ό
1404 1264 1557 1328 ποῦς
1586 1261 1803 1316 αὐτῶν.
1839 1263 1938 1313 Γι-

370 1354 655 1410 νώσκεται
678 1357 892 1424 Κύριος
926 1356 1179 1425 κρίματα
1216 1354 1421 1408 ποιῶν.
1466 1355 1561 1407 Ἐν
1591 1353 1713 1419 τοῖς
1744 1352 1936 1422 ἔργοις

367 1445 484 1500 τῶν
513 1446 727 1516 χειρῶν
746 1446 934 1503 αὐτσῦ
954 1445 1308 1516 συνελήφθη
1338 1449 1370 1499 ό
1393 1445 1758 1514 ἁμαρτωλός.
1803 1442 1934 1516 ᾨδὴ

365 1538 795 1607 διαψάλματος.
841 1537 1000 1591 Ἀλλά
1032 1538 1126 1590 καὶ
1156 1539 1268 1599 τοῖς
1311 1534 1590 1589 εὐσεϐέσιν
1626 1533 1938 1587 ἐπιϐουλεύ-

367 1645 579 1694 σαντες,
638 1630 864 1692 ὲαυτοὺς
915 1629 1272 1699 περιέπειραν
1337 1625 1599 1697 ἀπωλείᾳ.
1658 1626 1791 1679 Τότε
1844 1626 1938 1678 καὶ

364 1721 737 1793 γνωσθήσεται
764 1719 947 1790 δικαίᾳ
980 1720 1158 1791 κρίσει
1186 1717 1462 1789 χρώμενος
1486 1720 1513 1771 ὁ
1540 1716 1688 1780 Θεός.
1732 1716 1853 1788 ᾮδὴ
1879 1717 1937 1769 δὲ

2032 524 2283 579 mendico
2328 531 2382 577 et
2434 524 2680 592 pauperi,
2735 524 2931 594 spiritu
2985 524 3214 590 scilicet,
3264 526 3356 595 qui
3402 525 3595 581 beatus

2031 612 2396 682 praedicatur?
2421 611 2535 666 Hoc
2569 627 2691 666 cum
2721 613 3047 668 edidicerint
3075 616 3168 685 qui
3209 622 3476 670 noverunt
3496 631 3597 670 no-

2035 720 2157 759 men
2193 713 2366 766 tuum,
2416 704 2571 774 gnari
2613 721 2831 776 quoque
2861 715 2914 761 te
2938 707 3070 776 justi
3115 708 3307 776 judicii
3357 719 3599 779 tempore

2033 811 2145 850 non
2178 797 2494 851 relicturum
2516 811 2612 850 eos
2636 797 2729 866 qui
2750 812 2898 852 nunc
2918 807 3169 869 quaerunt
3194 808 3281 865 te;
3313 800 3439 856 inde
3459 802 3598 857 bene

2035 897 2257 957 sperent
2286 889 2340 942 in
2366 895 2440 951 te,
2473 888 2791 958 patientiam
2833 891 2890 944 in
2930 891 3186 948 omnibus
3222 892 3485 949 habentes
3526 894 3599 949 ob

2034 988 2279 1050 paratam
2313 980 2749 1036 retributionem.

2108 1068 2276 1124 Vens.
2312 1070 2400 1135 -l6,
2436 1070 2525 1125 17.
2574 1069 2976 1127 Exsultabimus
3016 1074 3072 1127 in
3121 1075 3351 1130 salutari
3375 1086 3485 1143 tuo,
3513 1078 3599 1131 in-

2037 1161 2161 1230 ﬁxa:
2186 1171 2309 1215 sunt
2331 1171 2503 1232 gentes
2534 1163 2587 1215 in
2618 1164 2834 1217 interitu
2860 1181 3011 1235 quem
3041 1166 3292 1226 fecerunt.
3328 1167 3393 1222 In
3416 1170 3601 1240 laqueo

2038 1251 2138 1304 isto
2163 1268 2312 1321 quem
2337 1251 2742 1315 absconderunt,
2768 1255 3166 1322 comprehensus
3187 1266 3264 1311 est
3284 1274 3372 1326 pes
3395 1275 3598 1316 eorum.

2038 1342 2393 1413 Cognoscetur
2432 1344 2691 1399 Dominus
2730 1346 2943 1415 judicia
2990 1347 3208 1416 faciens.
3247 1348 3312 1402 In
3357 1352 3603 1420 operibus

2038 1453 2287 1490 manuum
2305 1454 2523 1491 suarum
2540 1439 2933 1507 comprehensus
2952 1450 3029 1494 est
3049 1451 3306 1509 peccator.
3324 1440 3603 1497 Canticum

2038 1527 2431 1596 diapsalmatis.
2462 1528 2575 1583 lmo
2606 1546 2735 1586 vero
2756 1530 2885 1585 dum
2914 1532 3019 1601 piis
3040 1532 3354 1588 hominibus
3376 1534 3605 1589 insidias

2039 1627 2337 1684 struerent,
2373 1635 2493 1676 sese
2527 1621 2582 1674 in
2617 1621 2912 1691 perniciem
2942 1630 2997 1677 et
3039 1623 3319 1678 interitum
3353 1626 3603 1696 conjece-

2039 1720 2186 1766 runt.
2232 1711 2384 1768 Tunc
2415 1721 2594 1768 autem
2629 1721 2988 1784 cognoscetur
3029 1714 3173 1771 Deus
3216 1717 3366 1786 justo
3391 1718 3604 1787 judicio

365 1813 767 1885 διαψάλματοςο
811 1812 886 1876 ὠς
933 1811 1000 1866 ἂν
1049 1810 1348 1883 μεταϐολῆς
1399 1810 1771 1881 γεγενημένης
1816 1810 1935 1880 ήτοι

2043 1821 2190 1862 usus.
2240 1805 2531 1861 Canticum
2561 1807 2936 1878 diapsalmatis
2964 1808 3186 1874 dicitur,
3219 1816 3279 1864 ut
3309 1808 3451 1864 facta
3483 1826 3606 1865 mu-

371 1905 568 1975 μέλους
597 1903 739 1959 κατά
766 1904 862 1975 τὴν
902 1903 1153 1975 Ἐϐρατδα
1182 1902 1381 1973 φωνὴν,
1410 1901 1444 1973 ἢ
1480 1901 1763 1973 μελῳδίας,
1787 1901 1821 1972 ἢ
1844 1903 1936 1954 καὶ

367 1982 481 2068 τῆξ
500 1997 735 2061 διανοίας
771 1996 939 2066 αὐτῆς
981 1994 1087 2049 τῶν
1121 1993 1456 2065 λελεγμένων
1489 1995 1572 2064 ἐφ’
1600 1994 1785 2065 ἕτερον
1814 1992 1937 2049 νοῦν

374 2088 814 2160 μεταϐαλλόντων
846 2089 936 2142 τὸν
960 2089 1136 2157 λόγον.

454 2180 1027 2249 Ἅποστραφήτωσαν
1056 2182 1110 2233 οί
1140 2178 1472 2247 ἁμαρτωλοὶ
1501 2181 1588 2243 είς
1624 2178 1730 2232 τὸν
1760 2176 1934 2245 ᾅδην,

367 2272 565 2327 πάντα
592 2273 663 2327 τὰ
694 2273 838 2341 ἔθνη
873 2274 948 2327 τὰ
977 2273 1495 2339 ἐπιλανθανόμενα
1539 2270 1644 2324 τοῦ
1679 2270 1846 2347 Θεοῦ.
1875 2272 1938 2324 Et

366 2365 477 2437 γάρ
508 2366 602 2418 καὶ
635 2364 728 2417 νῦν
759 2362 1165 2433 ἀναισθητοῦσι,
1210 2360 1324 2415 ἀλλ’
1355 2360 1475 2431 ἥξει
1507 2360 1607 2429 τῆς
1649 2360 1881 2431 κρίσεως
1910 2361 1939 2413 ὁ

366 2457 578 2529 καιρός.
613 2455 744 2509 Θεοῦ
786 2457 843 2510 δὲ
886 2455 1188 2525 ἄνθρωπος,
1220 2452 1322 2507 κᾶν
1352 2453 1481 2523 δοκῇ
1528 2454 1943 2524 καταπεφρονῆ-

369 2548 491 2601 σθαι
518 2550 667 2620 παρά
691 2548 845 2612 Θεοῦ,
872 2546 950 2618 τῷ
980 2545 1131 2617 παρά
1162 2545 1269 2598 τῶν
1302 2542 1636 2615 ἁμαρτωλῶν
1667 2545 1943 2614 ἀνήκεστα

369 2642 631 2711 πάσχειν·
672 2640 783 2695 ἀλλ’
830 2641 890 2693 οὐ
926 2637 1278 2711 παραδέδοται
1308 2637 1465 2708 λήθῃ.
1499 2636 1572 2691 Οὐ
1614 2636 1723 2707 γὰρ
1770 2638 1850 2699 είς
1882 2636 1942 2688 τὸ

367 2733 520 2797 τέλος
556 2733 974 2805 ὲπιλησθήσεται
1006 2733 1034 2785 ὁ
1068 2731 1281 2801 πτωχὸς
1307 2728 1385 2800 τῷ
1415 2729 1685 2799 πνεύματι
1706 2745 1719 2758 ·
1755 2727 1865 2792 ἓξτεί
1886 2727 1942 2781 δὲ

370 2825 581 2895 καρπὸν
621 2827 713 2879 καλ¹
741 2825 894 2888 τέλος
929 2823 1128 2893 ἀγαθὸν
1162 2823 1250 2877 διά
1292 2823 1392 2895 τὴν
1422 2824 1481 2875 ὲν
1523 2824 1636 2888 τοῖς
1679 2820 1943 2894 παροῦσιν

370 2915 650 2987 ὑπομονήν
659 2956 671 2968 .

458 3006 793 3076 Ἀνάστηθι,
825 3008 1015 3075 Κύριε,
1043 3007 1127 3075 μὴ
1158 3008 1566 3075 κραταιοῦσθω
1611 3006 1941 3075 ἄνθρωπος,

376 3096 754 3164 κριθήτωσαν
782 3095 923 3163 ἔθνη
950 3096 1203 3151 ἐνώπιόν
1226 3112 1360 3151 σου.
1390 3095 1804 3166 Κατάστησον,
1828 3099 1944 3152 Κύ-

368 3201 488 3254 ριε,
530 3184 858 3254 νομοθέτην
887 3186 977 3238 ἐπ’
1007 3188 1257 3253 αὐτούς·
1292 3186 1614 3256 γνώτωσαν
1640 3188 1807 3255 ἔθνη,
1854 3189 1941 3243 ὅτι

368 3274 675 3344 ἄνθρωποι
700 3278 843 3329 εισι.
888 3275 1152 3346 Διεγείρει
1190 3274 1280 3327 τὸν
1324 3275 1458 3327 Θεὸν
1497 3275 1572 3338 ὡς
1620 3275 1720 3345 τῆς
1749 3276 1943 3346 ἀνοχῆς

370 3367 536 3421 αὐτοῦ
572 3368 666 3421 καὶ
688 3368 783 3421 τοῦ
813 3367 1041 3421 πλούτου
1076 3368 1174 3439 τῆς
1208 3366 1571 3439 χρηστότητος
1600 3367 1693 3420 καὶ
1719 3367 1815 3437 τῆς
1845 3385 1945 3437 μα-

371 3459 694 3530 κροθυμίας,
728 3459 996 3531 ἀναϐολὴν
1037 3460 1135 3530 μὲν
1178 3457 1509 3530 ἐμποιούσης
1542 3457 1705 3529 αὐτῷ,
1738 3460 1947 3531 ἐπιτρι-

364 3551 471 3622 ϐὴν
510 3552 567 3605 δὲ
616 3555 729 3616 τοῖς
770 3552 1022 3606 ἀσεϐέσιν
1067 3549 1393 3623 ἀνθρώποις.
1427 3548 1736 3619 Εὐξάμενος
1766 3550 1823 3603 δὲ
1862 3552 1947 3603 ὲν-

365 3644 540 3699 ὠπιον
554 3645 648 3698 τοῦ
678 3644 812 3699 Θεοῦ
835 3645 1085 3717 κριθῆναι
1119 3643 1187 3697 τὰ
1209 3644 1356 3714 ἔθνη,
1384 3641 1478 3696 νῦν
1506 3641 1814 3705 ἀκολούθως
1840 3642 1947 3713 πρὸ

362 3738 471 3811 τῆς
501 3738 796 3811 μελλούσης
833 3738 1065 3810 κρίσεως
1098 3738 1237 3804 ἀξιοῖ
1266 3736 1481 3805 δοθῆναι
1515 3738 1626 3797 τοῖς
1656 3734 1833 3787 ἔθνεσι
1862 3751 1948 3787 νο-

365 3830 626 3903 μοθέτην,
660 3831 746 3884 ἴνα
790 3830 1051 3895 μάθωσιν,
1085 3828 1159 3893 ὠς
1191 3828 1326 3881 εἰσὶν
1372 3826 1665 3897 ἄνθρωποι,
1694 3825 1807 3879 ἀλλ’
1847 3825 1946 3878 οὐκ

360 3924 542 3992 ἄλογα
576 3923 690 3987 ζῶα
713 3940 725 3953 ·
760 3940 821 3976 ου
847 3923 954 3994 γὰρ
985 3920 1196 3989 ἀλόγοις
1223 3920 1422 3973 δίδοται
1454 3918 1630 3989 νόμος.
1665 3918 1778 3971 Οὐκ
1802 3916 1867 3970 ἂν
1890 3916 1945 3969 δὲ

362 4014 521 4085 λέγοι
563 4015 803 4085 Μωῦσῆν
844 4014 934 4066 τὸν
985 4014 1041 4080 ἐξ
1081 4011 1381 4083 ἀνθρώπων
1427 4012 1592 4064 πάλαι
1643 4010 1945 4081 γεγενημέ-

362 4122 485 4166 νον,
514 4103 633 4156 οὑδὲ
664 4103 823 4173 νόμον
862 4103 954 4155 τὸν
998 4101 1178 4172 μόνοις
1218 4099 1440 4152 τεθέντα
1481 4102 1592 4161 τοῖς
1633 4098 1904 4162 Ἰουδαίοις
1929 4115 1943 4131 ο

364 4193 487 4247 ἀλλ’
514 4191 633 4245 οὐδὲ
660 4191 965 4262 προσδοκᾷν
989 4190 1174 4260 ἕτερον
1219 4184 1377 4251 εἶναι,
1408 4189 1469 4240 τὸ
1514 4187 1602 4239 διὰ
1642 4188 1820 4257 πάσης
1858 4186 1946 4239 ὲλ-

363 4284 487 4339 θεῖν
517 4287 614 4355 τῆς
642 4282 966 4353 οἰκουμένης
989 4282 1086 4351 τῆς
1110 4281 1315 4351 Καινῆς
1338 4278 1609 4349 Διαθήκης
1639 4279 1730 4331 τὸν
1762 4278 1942 4349 νόμον.

367 4377 609 4449 Χριστὸς
658 4376 765 4449 γὰρ
794 4378 822 4428 ὁ
863 4373 1177 4445 νομοθέτης,
1221 4373 1313 4424 καὶ
1360 4370 1454 4424 τοῦ
1504 4369 1840 4438 Εὐαγγελίου
1888 4370 1947 4422 τὸ

2037 1901 2260 1965 tatione,
2308 1901 2423 1955 sive
2475 1900 2659 1965 metri,
2709 1900 3008 1956 secundum
3038 1900 3361 1958 Hebraicam
3388 1917 3603 1969 vocem,

2038 1992 2152 2047 sive
2185 1993 2452 2057 melodiaa,
2486 1992 2600 2049 sive
2629 1993 2922 2049 verborum
2944 1996 3213 2050 sententia
3245 1997 3301 2050 in
3330 1996 3490 2052 aliam
3522 1998 3600 2054 si-

2038 2082 2438 2153 gniﬁcationem
2458 2084 2743 2140 translata.

2111 2173 2281 2231 Vens.
2319 2176 2407 2231 18.
2450 2175 2838 2232 Convertuntur
2859 2188 3155 2246 peccatores
3206 2180 3261 2234 in
3313 2180 3599 2250 infernum,

2039 2283 2216 2322 omnes
2245 2278 2417 2338 gentes
2464 2285 2580 2339 qua
2612 2270 2990 2325 obliviscuntur
3017 2271 3205 2327 Deum.
3236 2271 3462 2327 Etiamsi
3491 2273 3604 2343 jam

2040 2360 2190 2414 nullo
2229 2376 2392 2417 sensu
2422 2370 2726 2431 moventur,
2757 2371 2812 2417 at
2835 2364 3014 2420 vehiet
3040 2364 3231 2434 judicii
3256 2375 3491 2437 tempus.
3518 2364 3607 2420 ln-

2042 2453 2202 2507 terim
2238 2453 2399 2508 homo
2422 2453 2539 2519 Dei,
2562 2457 2665 2511 etsi
2696 2455 2946 2510 videatur
2987 2456 3055 2510 ab
3083 2457 3203 2526 ipso
3238 2456 3348 2512 Deo
3381 2459 3602 2529 negligi,

2042 2545 2173 2599 dum
2212 2545 2569 2601 intolerandis
2614 2562 2646 2600 a
2695 2547 3078 2617 peccatoribus
3127 2547 3359 2603 adicitur
3402 2552 3603 2617 malis,

2042 2635 2385 2707 nequaquam
2415 2637 2469 2691 in
2500 2638 2827 2693 oblivionem
2859 2640 3026 2693 venit.
3077 2638 3195 2693 Non
3241 2640 3385 2695 enim
3432 2658 3607 2712 usque

2044 2727 2100 2781 in
2148 2729 2308 2782 tinem
2335 2742 2540 2797 pauper
2564 2728 2761 2798 spiritu
2796 2744 2825 2781 a
2857 2728 2966 2784 Deo
2992 2730 3380 2801 negligendus;
3415 2734 3506 2787 sed
3535 2731 3610 2788 ob

2043 2828 2367 2891 praesentem
2395 2820 2731 2890 patientiam,
2778 2827 2832 2875 et
2867 2820 3103 2876 fructum
3134 2837 3293 2881 suum
3325 2832 3378 2878 et
3405 2824 3605 2879 bonum

2044 2911 2207 2965 ﬁnem
2233 2918 2619 2980 consequetur.

2116 3001 2282 3058 Vsus.
2314 3003 2407 3066 20,
2441 3004 2531 3058 21.
2573 3002 2836 3079 Exsurge,
2870 3004 3114 3071 Domine,
3145 3022 3246 3058 non
3280 3005 3605 3075 confortetur

2046 3093 2220 3156 homo,
2239 3094 2548 3162 judicentur
2579 3106 2751 3165 gentes
2785 3098 2840 3149 in
2871 3108 3147 3164 conspectu
3178 3104 3286 3150 tuo.
3313 3097 3605 3161 Constitue,

2047 3186 2289 3252 Domine,
2327 3188 2679 3257 legislatorem
2708 3206 2864 3259 super
2901 3205 3029 3243 eos:
3060 3190 3231 3244 sciant
3262 3200 3435 3260 gentes
3476 3208 3607 3261 quo-

2046 3280 2188 3332 niam
2206 3278 2438 3333 homines
2468 3288 2613 3334 sunt.
2639 3278 2809 3335 Deum
2835 3282 3059 3345 excitat,
3095 3289 3155 3335 ut
3188 3282 3278 3351 qui
3323 3284 3611 3338 tolerantia

2047 3386 2167 3434 sua,
2196 3378 2358 3440 atque
2386 3370 2439 3424 vi
2462 3372 2762 3426 clementiae
2814 3379 2868 3427 et
2916 3373 3207 3442 patientiae,
3257 3374 3359 3428 sibi
3391 3374 3609 3443 quidem

2045 3477 2413 3518 aerumnarum
2441 3462 2873 3528 diuturnitatem,
2905 3463 3087 3533 impiis
3132 3478 3261 3519 vero
3297 3464 3611 3520 hominibus

2045 3553 2278 3610 vexandi
2303 3562 2517 3625 tempus
2540 3554 2767 3608 tribuat.
2800 3537 3093 3624 Postquam
3135 3566 3314 3609 autem
3354 3564 3609 3624 precatus

2044 3654 2152 3714 est,
2183 3654 2244 3701 ut
2272 3647 2582 3717 judicentur
2611 3651 2798 3712 gentes
2824 3642 2879 3696 in
2905 3652 3200 3713 conspectu
3224 3641 3338 3709 Dei,
3362 3645 3476 3713 jam
3520 3663 3611 3702 το.

2046 3747 2137 3811 gat
2166 3746 2224 3793 ut
2256 3745 2384 3792 ante
2426 3736 2670 3791 futurum
2723 3735 2990 3804 judicium
3027 3738 3278 3807 gentibus
3333 3737 3611 3808 legislator

2047 3831 2438 3894 constituatur,
2461 3835 2521 3882 ut
2558 3828 2774 3882 discant
2800 3843 2860 3883 se
2886 3827 3157 3893 homines,
3183 3845 3290 3884 non
3314 3830 3473 3885 bruta
3502 3833 3613 3885 ani-

2046 3922 2231 3986 malia,
2262 3936 2383 3976 esse
2412 3938 2424 3973 :
2454 3933 2579 3973 nam
2626 3919 2805 3975 brutis
2859 3919 3189 3975 animalibus
3248 3921 3334 3975 lex
3388 3921 3614 3977 minime

2047 4012 2226 4067 datur.
2252 4012 2518 4067 Cancrum
2545 4025 2654 4065 non
2684 4010 2774 4064 hic
2798 4010 2865 4065 de
2879 4010 3063 4081 Moyse
3079 4012 3209 4082 agit,
3231 4012 3325 4082 qui
3344 4012 3455 4081 jam
3481 4013 3612 4067 olim

2047 4104 2115 4160 de
2142 4104 2322 4159 medio
2345 4104 2625 4157 hominum
2662 4103 2915 4158 sublatus
2943 4100 3151 4162 fuerat;
3197 4118 3373 4173 neque
3397 4105 3465 4159 de
3497 4105 3614 4173 lege

2047 4211 2168 4267 qua:
2195 4196 2328 4252 solis
2360 4194 2565 4251 Judmis
2590 4195 2717 4249 data
2749 4194 2948 4258 fuerat,
2975 4209 3151 4263 neque
3181 4196 3298 4248 vult
3330 4196 3488 4249 aliam
3516 4211 3613 4249 ex-

2049 4290 2288 4358 spectari
2330 4280 2523 4357 legem,
2573 4297 2632 4341 ut
2669 4285 2805 4341 Novi
2833 4286 3168 4343 Testamenti
3204 4288 3289 4341 lex
3325 4296 3494 4339 totum
3522 4302 3614 4340 or-

2048 4382 2169 4436 bem
2210 4382 2486 4451 pervadat.
2520 4380 2771 4435 Christus
2800 4380 2946 4434 enim
2977 4381 3275 4450 legislator,
3306 4378 3615 4448 Evangelii-

374 4471 639 4540 κήρυγμα
681 4469 991 4540 κεκράτηκε
1051 4466 1158 4520 τῶν
1203 4464 1389 4520 ἐθνῶν.
1448 4463 1584 4536 Περὶ
1627 4456 1687 4516 οὗ
1720 4461 1807 4515 διά
1848 4460 1941 4514 τοῦ

2046 4486 2154 4540 que
2201 4471 2515 4540 praedicatio
2560 4470 2614 4523 in
2663 4470 2915 4541 gentibus
2962 4470 3218 4524 obtinuit.
3265 4468 3340 4525 De
3380 4485 3492 4540 quo
3517 4486 3615 4541 per

377 4562 660 4631 προφήτου
716 4561 879 4632 φησὶν
929 4562 957 4613 ὁ
1005 4558 1231 4629 Πατήρ·
1277 4554 1419 4609 Ἰδοὺ
1464 4557 1497 4608 ό
1530 4553 1670 4619 παῖς
1709 4570 1828 4622 μου
1870 4552 1943 4606 ὃν

376 4651 646 4720 ᾑρέτισα,
698 4655 729 4705 d
768 4651 1050 4717 ἐκλεκτός
1093 4665 1212 4719 μου
1260 4648 1345 4712 είς
1396 4645 1467 4698 ὃν
1518 4643 1849 4712 εὐδόκησεν
1903 4644 1943 4711 ἡ

375 4742 550 4813 ψυχή
597 4760 733 4812 μου.
782 4744 996 4813 Κρίσιν
1051 4741 1176 4807 τοῖς
1223 4741 1465 4794 ἔθνεσιν
1511 4735 1753 4801 ἐξοίσει.
1822 4738 1944 4789 Οὐκ

377 4838 587 4906 ἐρίσει,
643 4836 782 4890 οὐδὲ
826 4835 1168 4906 κραυγάσει,
1222 4830 1364 4885 οὐδὲ
1418 4827 1861 4894 ἀκουσθήσεται
1908 4828 1946 4894 η

377 4927 550 4999 φωνὴ
579 4926 781 4981 αὐτοῦ.
823 4927 1102 4997 Κάλαμον
1132 4918 1660 4990 συντεθλασμένον
1698 4919 1768 4971 οὺ
1798 4934 1949 4971 συν-

376 5022 597 5090 τρίψει,
643 5020 741 5073 καὶ
781 5021 954 5074 λίνον
1001 5020 1340 5088 τυφόμενον
1395 5015 1467 5068 οὐ
1514 5010 1755 5066 σϐέσει·
1811 5009 1947 5063 ἀλλ’

377 5119 469 5181 είς
509 5113 797 5182 ἀλήθειαν
819 5110 1040 5175 ἐξοίσει
1076 5110 1294 5178 κρίσιν.
1341 5104 1726 5174 Ἀναλάμψει,
1750 5103 1845 5156 καὶ
1881 5104 1950 5155 οὑ

378 5203 842 5275 θραυσθήσεται,
865 5201 974 5267 ἓως
994 5200 1071 5255 ἂν
1096 5200 1289 5269 θῇεὲπὶ
1330 5197 1440 5266 τῆς
1462 5196 1574 5267 γῆς
1603 5195 1826 5267 κρίσιν,
1852 5194 1951 5247 καὶ

375 5298 463 5364 τῷ
518 5298 761 5372 ὀζόματι
816 5293 1001 5349 αὐτοῦ
1055 5292 1196 5361 ἔθνη
1247 5292 1564 5346 ἐλπιοῦσιν
1624 5289 1720 5361 (l).
1771 5288 1843 5342 Τὸ
1892 5289 1949 5342 δὲ

390 5389 681 5462 Ἐϐραῖκδν
712 5388 808 5443 καὶ
830 5402 881 5440 οι
906 5385 1080 5440 λοιποὶ
1107 5383 1305 5446 πάντες
1342 5383 1691 5455 ἑρμηνευταὶ,
1722 5379 1832 5435 Καὶ
1866 5378 1947 5445 τῷ

377 5484 544 5549 νόμῳ
581 5480 766 5535 αὐτοῦ
803 5476 947 5547 ἔθνη
971 5476 1311 5542 ἐλπιοῦσιν,
1344 5474 1631 5542 ἐξέδωκαν.

346 5579 378 5651 ’ἵ
453 5601 499 5634 ’⁸
538 5601 643 5657 lsa.
680 5616 830 5666 XLII,
870 5599 986 5656 1-4.

2049 4562 2373 4633 prophetam
2407 4561 2485 4614 ait
2527 4559 2689 4615 Pater
2722 4580 2734 4614 :
2772 4561 2905 4615 Ecce
2932 4577 3059 4629 puer
3086 4578 3251 4627 meus,
3273 4578 3422 4632 quem
3457 4564 3611 4636 elegi,

2050 4655 2242 4708 electus
2265 4669 2443 4717 meus;
2480 4651 2797 4721 complacuit
2819 4652 2920 4707 sibi
2940 4654 2994 4707 in
3015 4653 3108 4707 illo
3140 4655 3319 4708 anima
3342 4672 3478 4710 mea.
3513 4655 3617 4711 Ju-

2053 4746 2250 4800 dicium
2281 4743 2521 4816 gentibus
2554 4744 2803 4815 proferet.
2831 4744 2880 4799 Ν
2889 4763 2954 4801 on
2976 4746 3268 4813 contendet,
3306 4766 3466 4820 neque
3496 4750 3612 4804 cla-

2051 4835 2237 4901 mabit,
2262 4852 2421 4905 neque
2444 4836 2689 4891 audietur
2712 4854 2811 4892 vox
2837 4838 2970 4908 ejus.
3004 4838 3285 4894 Calamum
3306 4852 3614 4911 quassatum

2052 4946 2156 4984 non
2188 4939 2440 4994 conteret,
2466 4940 2515 4985 et
2556 4930 2721 4984 tinum
2754 4931 3019 5002 fumigans
3044 4949 3146 4987 non
3174 4937 3496 5004 exstinguet;
3523 4933 3614 4988 sed

2051 5023 2107 5075 in
2137 5023 2353 5075 ueritate
2377 5020 2558 5075 educet
2584 5022 2868 5090 judicium.
2895 5021 3255 5093 Resplendebit
3285 5033 3333 5079 et
3370 5040 3473 5079 non
3503 5025 3613 5078 col-

2055 5111 2267 5176 lidetur,
2296 5110 2460 5165 donec
2489 5121 2651 5180 ponat
2684 5113 2739 5166 in
2781 5122 2925 5168 terra
2948 5113 3233 5184 judicium,
3263 5123 3313 5170 et
3345 5116 3401 5169 in
3431 5130 3614 5168 nomen

2051 5203 2165 5271 ejus
2194 5212 2369 5273 gentes
2399 5202 2681 5272 sperabunt
2710 5204 2779 5257 ⁸⁸.
2815 5203 3140 5260 Hebraicum
3184 5215 3365 5260 autem
3395 5212 3449 5259 et
3488 5203 3615 5256 reli-

2052 5295 2144 5366 qui
2170 5310 2363 5352 omnes
2383 5297 2708 5367 interpretes
2739 5296 3068 5354 ediderunt:
3104 5297 3172 5352 Et
3215 5299 3270 5354 in
3305 5299 3465 5367 legem
3496 5293 3613 5364 ejus

2052 5396 2225 5458 gentes
2252 5388 2551 5457 sperabunt.

458 5720 531 5790 (1)
560 5720 614 5773 In
641 5714 905 5777 Hebraico
937 5718 1136 5790 legitur
1165 5696 1303 5778 π’·πτνν
1327 5721 1457 5776 Ωττκ
1482 5691 1723 5781 πτππηὸσι,
1756 5709 1807 5767 id
1831 5718 1914 5768 est
1942 5719 2001 5766 ut
2021 5706 2252 5779 Vulgata
2282 5706 2693 5776 interpretatur,
2742 5698 2811 5755 Et
2856 5701 2907 5756 in
2945 5699 3103 5767 legem
3149 5692 3263 5761 ejus
3294 5688 3482 5747 insula
3513 5702 3612 5745 e1-

385 5791 712 5860 spectabunt.
