4042 6210
483 317 583 369 155

1195 316 1462 374 EUSEBll
1503 314 1980 371 CASSARIENSIS
2018 313 2168 370 OPP.
2209 313 2389 370 PARS
2428 314 2514 371 Ill.
2555 347 2621 356 —
2672 313 3083 372 EXEGETICA.

3615 325 3718 380 156

1437 411 1778 468 PSALMUS
1819 412 1870 467 X
1929 410 2338 468 SECUNDUM
2381 410 2765 466 ηεΒιιΑῐοε.

555 503 722 562 Vens.
771 506 822 571 Ι,
868 506 924 561 2.
969 506 1040 560 Ut
1089 507 1233 579 quid,
1289 505 1531 572 Domine,
1576 507 1840 561 recessisti
1883 506 2050 575 longe,
2083 511 2128 568 Α

481 600 708 656 despicis
747 601 802 653 in
841 600 1343 669 opportunitatibus,
1389 600 1445 652 in
1489 599 1872 656 tribulatione?
1909 599 2050 653 Dum

487 693 721 761 superbit
751 696 966 758 impius,
1004 693 1300 747 incenditur
1341 708 1578 760 pauper:
1606 693 2050 762 comprehendun-

485 795 572 839 tur
600 791 654 840 in
682 787 918 840 consiliis
949 784 1134 856 quibus
1169 785 1422 854 cogitant.
1469 787 1551 839 An
1593 785 1721 854 quia
1774 784 1916 839 Deus
1945 795 2048 852 est,

484 877 788 932 secundum
817 876 1159 946 Apostolum,
1194 879 1287 945 qui
1328 875 1746 945 comprehendit
1774 876 2049 944 sapientes

484 969 538 1022 in
592 969 793 1024 astutia
827 983 945 1030 sua,
995 965 1233 1036 idipsum
1265 966 1377 1036 jam
1421 965 1538 1019 ﬁeri
1589 965 1868 1035 postulat?
1898 964 2049 1018 Multi

483 1065 627 1117 enim
659 1077 782 1116 cum
818 1061 1038 1115 videant
1059 1076 1140 1124 se,
1171 1060 1276 1114 etsi
1306 1060 1359 1112 in
1387 1059 1758 1128 impietatibus
1799 1058 2050 1127 plurimis

484 1163 788 1220 versantes,
825 1169 1090 1226 prospere
1144 1169 1326 1224 agere,
1357 1168 1420 1206 ac
1453 1153 1508 1206 in
1537 1153 1878 1208 calamitates
1914 1153 2053 1207 inci-

485 1246 613 1300 dere
641 1247 849 1310 nullas,
882 1262 1004 1302 sese
1044 1247 1236 1302 beatos
1279 1255 1332 1301 et
1362 1246 1519 1300 laude
1549 1247 1746 1317 dignos
1776 1246 2051 1299 arbitran-

485 1347 597 1392 tur.
621 1340 689 1392 At
727 1347 845 1393 tum
891 1340 1017 1410 ipsi,
1063 1349 1177 1393 tum
1222 1339 1587 1409 improbitatis
1617 1339 1817 1403 aemuli,
1846 1340 2050 1410 iungenti

484 1433 799 1486 afﬁciuntur
827 1431 1175 1486 detrimento.

554 1522 721 1577 Vens.
778 1521 894 1576 5‘5.
938 1521 1199 1586 Quoniam
1259 1523 1514 1576 laudatur
1566 1531 1806 1590 peccator
1842 1523 1902 1576 in
1967 1522 2052 1576 de-

481 1613 700 1667 sideriis
743 1615 933 1667 anima
962 1629 1099 1677 suaz,
1129 1623 1178 1667 et
1202 1614 1414 1684 iniquus
1445 1613 1786 1667 benedicitur.
1819 1613 2052 1668 Exacer-

485 1704 622 1758 bavit
667 1704 944 1759 Dominum
989 1717 1232 1774 peccator
1278 1721 1297 1758 :
1347 1706 1632 1760 secundum
1663 1706 2050 1761 multitudinem

485 1797 584 1850 ira:
616 1813 725 1850 sua:
749 1813 852 1850 non
874 1807 1091 1867 qua’ret.
1119 1796 1245 1850 Non
1275 1805 1352 1852 est
1375 1797 1515 1852 Deus
1536 1800 1589 1851 in
1617 1809 1891 1868 conspectu
1913 1799 2048 1868 ejus,

2238 505 2430 570 'Iratl,
2459 505 2651 572 Κύριε,
2688 503 3039 573 ἀφέστηκας
3070 504 3390 574 μακρόθεν,
3424 504 3722 574 ὑπερορᾷς

2149 596 2218 651 ἐν
2239 597 2658 671 εὐκαιρίαις,ἐν
2680 597 2778 650 6λί
2784 601 2919 665 ibet;
2952 599 3047 650 Ἐν
3065 597 3146 662 τῷ
3169 597 3724 666 ὑπερηφανεύεσθαι

2149 689 2256 742 τὸν
2281 685 2471 755 ἀσεϐῆ
2505 686 2873 756 ἐμπυρίζεται
2911 691 2944 741 ό
2968 687 3202 756 πτωχός
3224 702 3239 718 ·
3271 685 3726 756 συλλαμϐάνον-

2145 799 2248 838 ται
2281 782 2350 835 ἐν
2375 779 2738 846 διαϐουλίοις
2763 775 2854 846 οἷς
2896 777 3341 850 διαλογίζονται.
3370 775 3450 832 Ἦ
3481 780 3665 852 ἐπειδὴ
3690 783 3723 836 ὁ

2150 875 2281 939 Θεὸς
2312 875 2341 926 ὁ
2371 874 2736 946 δρασσόμενος
2766 875 2881 927 ἐστι
2912 873 3038 936 τοὺς
3080 873 3276 942 σοφοὺς
3304 873 3362 925 ὲν
3400 875 3466 943 τῇ
3493 890 3724 944 πανουρ-

2150 966 2245 1037 γίᾳ
2270 966 2470 1029 αὐτῶν,
2497 965 2636 1018 κατά
2655 965 2745 1018 τὸν
2769 965 3107 1029 Ἀπόστολον,
3133 963 3290 1018 τοῦτο
3307 964 3439 1018 αὐτὸ
3459 965 3556 1036 ἤδη
3580 966 3727 1034 γενέ-

2153 1053 2276 1106 σθαι
2307 1053 2646 1124 παρακαλεί;
2692 1053 2814 1107 Ἐπὶ
2847 1054 3067 1118 πολλαῖς
3098 1054 3208 1126 γὰρ
3247 1053 3526 1117 ἀσεϐείαις
3553 1056 3723 1125 ὁρῶν-

2149 1163 2242 1210 τες
2277 1148 2471 1211 αὐτοὺς
2509 1149 2558 1200 οἱ
2605 1147 2790 1200 πολλοὶ
2828 1147 3252 1218 εὐθυνουμένους
3299 1165 3358 1201 τε
3400 1149 3494 1201 καὶ
3535 1149 3726 1219 μηδενὶ

2150 1239 2377 1310 λυπηρῷ
2433 1239 2877 1310 περιπίπτοντας,
2935 1240 3236 1311 μακαρίους
3286 1241 3482 1303 αὐτοὺς
3532 1239 3726 1310 ἡγοῦν-

2150 1349 2238 1385 ται
2264 1333 2356 1384 καί
2385 1331 2617 1386 ἐπαίνων
2641 1331 2842 1396 ἀξίους.
2867 1332 3122 1386 Κάκεῖνοί
3144 1350 3203 1386 τε
3236 1332 3447 1403 μεγάλα
3470 1332 3728 1402 βλάπτον-

2149 1439 2237 1477 ται
2265 1423 2358 1476 καὶ
2379 1425 2427 1475 οἱ
2458 1422 2694 1494 ζηλωταὶ
2721 1425 2821 1494 τῆς
2846 1425 3042 1487 κακίας
3069 1425 3368 1496 γενόμενοι.

2226 1516 2346 1568 Ὅτι
2395 1515 2721 1569 ἐπαινεῖται
2765 1518 2797 1569 ό
2847 1516 3193 1585 ἁμαρτωλὸς
3237 1517 3306 1569 ἐν
3351 1516 3479 1583 ταῖς
3523 1517 3730 1573 ἐπιθυ-

2145 1608 2310 1676 μίαις
2347 1607 2458 1676 τῆς
2485 1607 2694 1677 ψυχῆς
2724 1609 2930 1672 αὑτοῦ,
2964 1608 3059 1662 καὶ
3083 1612 3116 1662 ό
3139 1609 3360 1663 ἀδικῶν
3395 1611 3732 1680 ἐνευλογεῐ-

2151 1717 2265 1757 ται.
2308 1700 2629 1768 Παρώξυνε
2673 1701 2780 1754 τὸν
2821 1703 3040 1769 Κύριον
3079 1703 3112 1755 ό
3156 1701 3537 1770 ἁμαρτωλός·
3576 1705 3730 1760 κατὰ

2151 1793 2217 1846 τὸ
2251 1793 2485 1862 πλῆθος
2514 1793 2624 1861 τῆς
2666 1793 2847 1862 ὀργῆς
2874 1795 3058 1849 αὐτοῦ
3092 1797 3202 1849 οὑκ
3229 1795 3558 1863 ἐκζητήσει.
3601 1799 3725 1851 Οὐκ

483 1889 772 1958 inquinata?
815 1899 936 1942 sunt
974 1890 1069 1943 vice
1118 1889 1268 1942 illius
1315 1889 1370 1942 in
1407 1891 1548 1944 omni
1609 1904 1855 1960 tempore.
1890 1891 2053 1960 Aule-

2153 1883 2322 1936 ἐστιν
2369 1885 2402 1936 ό
2457 1882 2599 1948 Θεὸς
2651 1882 2907 1936 ἐνώπιον
2951 1885 3157 1951 αὐτοῦ,
3205 1887 3607 1953 ,βεϐηλοῦνται
3662 1891 3726 1941 al

484 1992 673 2029 runtur
696 1976 908 2046 judicia
941 1987 1033 2030 tua
1065 1995 1096 2032 a
1121 1978 1258 2047 facie
1277 1979 1413 2049 ejus,
1441 1982 1676 2034 omnium
1712 1982 2050 2036 inimicorum

482 2086 698 2124 suorum
736 2069 1118 2126 dominabitur.
1151 2070 1480 2128 iit-mentem
1527 2075 1816 2144 impiorum
1859 2076 2051 2130 condi-

483 2163 688 2216 tionem
723 2161 1046 2228 insectatur,
1091 2171 1152 2216 ut
1208 2163 1376 2218 futuri
1423 2165 1616 2234 iudicii
1665 2168 2049 2224 necessitatem

481 2257 817 2325 comprobet.
875 2255 1015 2310 Illud
1065 2273 1251 2327 porro,
1300 2259 1654 2324 exacerbavit,
1687 2262 1902 2331 Aquila,
1937 2271 2051 2315 tra-

480 2347 652 2411 duxit,
684 2349 1074 2419 interpretatus
1103 2358 1207 2406 est.
1236 2347 1528 2406 Sermones
1549 2350 1750 2422 quippe
1775 2353 1842 2408 de
1865 2351 2048 2408 futuro

482 2439 575 2494 Dei
602 2440 811 2510 judicio
863 2441 966 2511 ipsi
1019 2456 1207 2496 revera
1239 2442 1556 2498 traducunt.
1591 2441 1728 2498 Dum
1765 2459 1895 2499 vero
1924 2445 2050 2515 quis

479 2529 536 2583 in
564 2532 806 2600 peccatis
827 2539 1159 2602 perseverat,
1185 2532 1231 2589 is
1265 2532 1561 2602 impeditur
1592 2535 1887 2605 quominus
1908 2552 2051 2606 quaa-

480 2628 566 2674 rat
581 2619 771 2687 Deum,
792 2638 856 2677 ac
877 2623 984 2678 vim
1014 2626 1110 2678 irze
1133 2640 1383 2696 magnam
1407 2625 1510 2680 sibi
1527 2634 1826 2697 comparat.
1846 2627 2051 2694 Quam-

480 2713 668 2769 obrem
719 2731 788 2771 ne
832 2716 1005 2771 nimio
1060 2717 1247 2773 labore
1295 2726 1351 2773 et
1380 2719 1656 2774 anxietate
1687 2721 1912 2776 notitias
1950 2721 2048 2777 Dei

480 2807 760 2862 naturales
789 2809 1103 2878 expetieris,
1156 2808 1286 2863 dum
1325 2811 1451 2864 vitm
1493 2817 1599 2863 tuae
1625 2811 1727 2864 viae
1756 2811 2050 2880 inquinatas

479 2907 609 2954 sunt
641 2917 655 2952 :
690 2897 853 2968 idque
885 2915 944 2953 ea
977 2901 1212 2954 maxime
1237 2900 1304 2954 de
1333 2915 1522 2962 causa.
1547 2900 1692 2970 quod
1720 2901 1925 2970 judicia
1955 2902 2050 2959 Dei

479 3007 590 3046 non
650 2993 834 3045 animo
886 3000 1132 3059 reputes.
1181 3006 1304 3044 cum
1354 2991 1588 3047 maxime
1625 3008 1923 3050 concessus
1949 2995 2048 3052 tibi

479 3083 796 3138 dominatus
828 3083 992 3136 fuerit
1017 3083 1072 3136 in
1092 3097 1282 3138 omnes
1303 3082 1554 3139 inimicos
1579 3091 1726 3140 tuos.

2111 1973 2282 2027 ’όὸοὶ
2328 1973 2515 2026 αὐτοῦ
2562 1974 2634 2027 ἐν
2683 1975 2862 2027 παντὶ
2914 1976 3111 2044 καιρῷ.
3165 1977 3610 2046 Ἀνταναιρεῖται
3651 1980 3728 2033 τὰ

2156 2064 2408 2135 κρίματα
2442 2081 2559 2119 σου
2599 2066 2718 2120 ἀπὸ
2756 2068 3079 2135 προσώπου
3106 2070 3310 2134 αὐτοῦ,
3333 2071 3572 2124 πάντων
3607 2071 3729 2124 τῶν

2155 2161 2380 2230 ἐχθρῶν
2431 2162 2614 2218 αὑτοῦ
2662 2162 3133 2229 κατακυριεύσει.
3184 2162 3262 2233 Τῇ
3318 2163 3564 2234 παρούσῃ
3615 2163 3726 2217 τῶν

2155 2253 2366 2307 ἀσεϐῶν
2391 2253 2745 2337 ἐπεξέρχεται
2776 2254 3126 2317 καταστάσει,
3153 2253 3249 2325 τὴν
3285 2253 3577 2325 μέλλουσαν
3607 2257 3728 2325 κρί-

2157 2363 2239 2398 σιν
2269 2346 2569 2414 ἀναγκαίαν
2594 2345 2762 2410 δεῖξαι
2799 2346 3137 2417 βουλόμενος.
3192 2346 3264 2399 Τὸ
3290 2345 3348 2399 δὲ
3388 2344 3724 2414 παρώξυνε,

2154 2435 2431 2504 διέσυρεν
2478 2435 2707 2498 Ἀκύλας
2740 2437 3071 2508 ἡρμήνευσε.
3103 2435 3240 2497 Τοὺς
3290 2436 3416 2505 περὶ
3449 2433 3582 2488 Θεοῦ
3615 2435 3728 2505 γὰρ

2157 2529 2388 2600 κρίσεως
2434 2527 2624 2596 λόγους
2663 2528 2875 2600 ἀληθῶς
2915 2528 3280 2601 διασύρουσιν.
3317 2528 3620 2598 Ἐπιμένων
3665 2527 3728 2580 δέ

2154 2641 2238 2687 τις
2293 2622 2608 2694 ἁμαρτίαις,
2645 2621 2781 2694 πρὸς
2827 2621 2887 2674 τὸ
2939 2621 3071 2674 Θεὸν
3123 2621 3303 2690 ζητεῖν
3353 2619 3725 2690 ὲμποδίζεται,

2157 2714 2403 2783 συνάγων
2434 2713 2610 2785 ἑαυτῷ
2642 2713 2843 2784 πλῆθος
2863 2713 3050 2784 ὀργῆς.
3087 2711 3176 2765 Διὸ
3211 2713 3283 2782 μὴ
3323 2711 3472 2783 ζήτει
3501 2712 3593 2765 καὶ
3627 2709 3726 2776 τὰς

2155 2807 2283 2880 περὶ
2315 2806 2449 2860 Θεοῦ
2489 2805 2722 2876 φυσικὰς
2752 2804 2958 2868 ἐννοίας
2994 2803 3475 2874 περικοπτόμενος,
3511 2803 3603 2856 καὶ
3631 2802 3726 2856 τοῦ

2155 2897 2271 2970 βίου
2314 2899 2412 2962 τὰς
2445 2898 2596 2962 ὁδοὺς
2645 2897 2985 2966 ἀκαθάρτους
3026 2896 3192 2967 ἔχων
3237 2895 3426 2949 τούτου
3461 2913 3523 2964 γε
3566 2897 3727 2967 χάριν

2153 2991 2241 3046 διὰ
2272 2991 2470 3056 παντὸς
2503 2991 2596 3044 καὶ
2625 2989 2718 3044 τοῦ
2755 2989 2890 3043 Θεοῦ
2935 2990 3004 3044 τὰ
3048 2993 3288 3063 κρίματα
3323 2990 3397 3061 μὴ
3437 2989 3727 3060 λαμϐάνων

2153 3086 2234 3152 είς
2261 3082 2404 3151 νοῦν,
2442 3086 2499 3138 ὲν
2530 3085 2608 3156 τῷ
2652 3084 3046 3156 συγχωρεῖσθαι
3095 3085 3323 3157 μάλιστα
3367 3085 3728 3157 κατακυριεῦ-

2156 3191 2243 3227 σαι
2271 3174 2376 3229 τῶν
2407 3174 2636 3247 ἐχθρῶν.

553 3257 719 3312 Vens.
756 3258 805 3314 7.
832 3257 997 3328 Cujus
1022 3261 1386 3316 maledictione
1411 3278 1468 3317 os
1496 3263 1703 3333 plenum
1730 3274 1807 3319 est
1828 3275 1878 3320 et
1898 3283 2050 3322 ama-

2225 3263 2306 3324 Οὗ
2334 3267 2485 3337 ἀρᾶς
2510 3269 2576 3322 τὸ
2605 3269 2798 3339 στόμα
2823 3269 3014 3324 αὐτοῦ
3047 3267 3206 3341 γέμει
3233 3269 3334 3324 καὶ
3366 3269 3605 3337 πικρίας
3625 3271 3726 3323 και
3821 3342 3828 3348 ο

479 3351 712 3406 ritudine
741 3362 790 3406 et
819 3352 978 3416 dolo;
1003 3353 1101 3408 sub
1135 3354 1316 3426 lingua
1345 3355 1459 3424 ejus
1487 3355 1641 3410 labor
1667 3366 1716 3411 et
1754 3358 1928 3413 dolor.
1964 3358 2050 3413 Si-

477 3445 696 3516 quidem
742 3445 1200 3501 heterodoxorum
1250 3463 1313 3502 os
1363 3447 1750 3504 maledictione
1785 3452 2047 3521 repletur,

479 3544 664 3607 utpote
689 3538 781 3607 qui
811 3538 1128 3593 Creatorem
1163 3538 1428 3594 conviciis
1458 3539 1758 3606 incessant,
1795 3543 1940 3612 quod
1965 3543 2053 3596 iti-

479 3632 600 3686 dem
636 3631 886 3686 maledici
918 3631 1128 3686 faciunt
1161 3651 1174 3686 :
1209 3647 1272 3686 os
1308 3633 1436 3687 item
1483 3632 1874 3689 iracundorum
1903 3649 2054 3691 ama-

478 3723 742 3786 ritudin‘e,
768 3723 1083 3778 dolosorum
1109 3723 1256 3789 dolo,
1287 3725 1507 3794 plenum
1535 3734 1640 3779 est.

552 3812 717 3868 Vens.
751 3813 804 3868 8.
852 3812 1009 3867 Sedet
1041 3815 1097 3866 in
1133 3814 1342 3867 insidiis
1374 3831 1492 3868 cum
1521 3815 1770 3871 divitibus
1798 3819 1853 3872 in
1875 3819 2052 3872 occul-

482 3905 573 3968 tis,
608 3913 663 3956 ιιι
699 3904 988 3972 interﬁciat
1031 3905 1377 3959 innocentem.
1428 3905 1565 3959 Dum
1597 3915 1777 3962 autem
1825 3910 1877 3964 id
1915 3911 2048 3981 agit,

480 3998 722 4068 seipsum
747 3998 972 4068 decipit,
1005 3998 1164 4068 quasi
1188 3999 1396 4052 scilicet
1420 3999 1555 4052 nihil
1581 3999 1758 4053 videat
1781 3999 1946 4056 Deus.

554 4088 722 4145 Vens.
759 4091 848 4144 11.
893 4090 1043 4142 Dixit
1087 4090 1224 4143 enim
1268 4091 1322 4143 in
1363 4091 1518 4144 corde
1559 4108 1654 4144 suo
1685 4108 1704 4144 :
1740 4090 1946 4147 Oblitus
1975 4103 2052 4148 est

480 4181 643 4248 Deus,
674 4182 860 4236 avertit
888 4181 1080 4251 faciem
1113 4197 1266 4234 suam
1296 4199 1358 4235 ne
1398 4181 1567 4236 videat
1615 4184 1671 4236 in
1715 4185 1893 4252 ﬁnem.
1929 4183 2054 4239 Haec

481 4277 665 4330 omnia
701 4276 812 4348 agit
846 4275 1046 4345 impius
1077 4275 1344 4332 adversus
1374 4275 1468 4331 Dei
1503 4292 1792 4347 pauperes.
1842 4277 2056 4348 sibique

482 4366 600 4438 ipse
639 4368 976 4431 ludiﬁcatur,
1004 4367 1135 4422 dum
1169 4368 1285 4424 suis
1333 4367 1436 4423 sibi
1469 4369 1894 4440 cogitationibus
1922 4385 2055 4424 con-

485 4461 642 4532 tingit
676 4477 788 4517 non
817 4475 941 4518 esse
969 4459 1140 4517 Deum
1173 4461 1560 4535 inspectorem.

551 4641 718 4698 Vens.
755 4643 941 4698 12-15.
984 4642 1242 4713 Exsurge,
1280 4643 1501 4698 Domine
1539 4643 1680 4698 Deus
1713 4660 1877 4708 meus,
1903 4644 2052 4698 exal-
2083 4645 2130 4702 Ι)

487 4743 623 4788 tetur
678 4751 866 4788 manus
935 4745 1048 4798 tua,
1097 4751 1160 4788 ne
1205 4735 1532 4790 obliviscaris
1590 4752 1877 4805 pauperum
1932 4744 2036 4789 tuo-

486 4843 605 4880 rum
641 4827 694 4881 in
743 4827 919 4896 ﬁnem.
969 4826 1124 4882 Vides
1153 4829 1399 4898 quoniam
1459 4839 1513 4880 tu
1548 4828 1779 4882 laborem
1808 4837 1858 4882 et
1900 4827 2050 4882 dolo-

486 4935 596 4972 rem
629 4918 961 4982 consideras,
1000 4927 1072 4986 ut,
1100 4919 1285 4972 tradas
1317 4935 1403 4973 eos
1443 4919 1498 4972 in
1528 4936 1714 4972 manus
1755 4929 1894 4974 tuas.
1933 4919 2050 4973 Tibi

487 5007 769 5064 derelictus
797 5019 873 5064 est
895 5025 1110 5079 pauper,
1142 5010 1374 5080 orphano
1413 5021 1469 5063 tu
1499 5027 1616 5064 eras
1647 5010 1881 5079 adjutor.
1914 5009 2054 5064 Con-

490 5113 596 5157 tere
625 5101 894 5156 brachium
924 5105 1209 5180 peccatoris
1231 5113 1281 5158 et
1304 5103 1524 5175 maligni
1546 5120 1564 5156 :
1587 5116 1852 5174 quwretur
1867 5119 2054 5172 pecca—

491 5203 602 5248 tum
629 5193 765 5263 ejus,
803 5203 853 5247 et
873 5211 977 5249 non
1008 5195 1314 5248 invenietur.
1347 5193 1442 5250 Dei
1473 5195 1818 5249 tolerantiam
1851 5195 2054 5248 excitat

491 5286 558 5342 ad
590 5286 858 5357 judicium
885 5285 953 5342 de
986 5286 1166 5356 impiis
1197 5286 1500 5342 ferendum.
1550 5286 1650 5343 Per
1683 5302 1903 5342 manum
1956 5302 2054 5340 au-

491 5385 598 5433 tem
625 5378 941 5444 exaltatam,
961 5378 1068 5432 vim
1095 5378 1408 5446 iudicialem
1433 5379 1724 5450 signiﬁcat.
1745 5379 1880 5432 Dum
1904 5380 2052 5434 enim

492 5470 608 5539 ipsa
641 5469 838 5540 impios
867 5485 978 5524 non
1008 5469 1314 5534 ulciscitur,
1347 5485 1447 5524 ceu
1468 5470 1611 5524 victa
1644 5471 1818 5524 videri
1846 5476 2050 5540 potest.

491 5561 720 5628 Quando
761 5576 888 5616 vero
934 5562 1230 5631 unicuique
1276 5561 1454 5617 reddit
1503 5563 1648 5632 quod
1691 5577 1907 5631 aequum
1940 5568 2050 5624 est,

491 5657 717 5712 exaltari
765 5655 985 5722 dicitur,
1039 5669 1307 5725 nemoque
1357 5655 1533 5725 ipsam
1593 5653 1832 5724 eﬂ‘ugere
1883 5653 2050 5708 valet.

2151 3361 2356 3426 δόλου,
2383 3362 2501 3416 ὑπὸ
2525 3361 2640 3431 τὴν
2665 3361 2934 3433 γλῶτταν
2960 3363 3146 3418 αὐτοῦ
3173 3365 3358 3429 κόπος
3386 3363 3485 3416 καὶ
3517 3363 3620 3415 πό)
3637 3381 3724 3427 ος.

2152 3453 2273 3506 Τῶν
2301 3453 2410 3524 γὰρ
2455 3455 2776 3526 ἑτεροδόξων
2805 3456 2866 3508 τὸ
2897 3456 3071 3527 στόμα
3106 3457 3245 3528 ἀρᾶς
3296 3456 3472 3528 γέμει,
3505 3455 3728 3510 κακολο-

2151 3545 2392 3614 γούντων
2421 3547 2509 3599 τὸν
2539 3549 2898 3620 Δημιουργὸν,
2930 3550 3022 3602 καὶ
3044 3548 3152 3601 τῶν
3181 3549 3432 3622 λοιδόρων
3451 3567 3466 3580 ·
3504 3551 3726 3622 πικρίας

2151 3637 2207 3690 δὲ
2229 3637 2335 3690 τῶν
2358 3637 2625 3709 θυμικῶν,
2658 3639 2809 3692 δόλου
2839 3639 2946 3694 τῶν
2971 3640 3177 3694 δολίων.

2236 3812 2578 3882 Ἐγκάθηται
2616 3815 2826 3884 ἐνέδρᾳ
2853 3817 3004 3886 μετὰ
3029 3819 3341 3873 πλουσίων
3362 3820 3432 3872 ἐν
3461 3820 3725 3888 ἀποκρύ-

2153 3924 2308 3976 φοις,
2357 3905 2464 3960 τοῦ
2503 3908 2848 3966 ἀποκτεῖναι
2883 3909 3100 3968 ἀθῶον.
3139 3911 3250 3963 Καὶ
3283 3912 3456 3967 ταῦτα
3497 3914 3724 3983 πράττει

2153 3999 2651 4071 παραλογιζόμενος
2677 4002 2890 4066 ἑαυτὸν,
2923 4002 2998 4066 ὡς
3022 4003 3120 4074 οὐχ
3144 4004 3376 4074 ὁρῶντος
3407 4005 3561 4058 Θεοῦ.

2223 4085 2372 4143 Eine
2421 4091 2534 4160 γὰρ
2577 4091 2647 4142 ὲν
2697 4091 2910 4159 καρδίᾳ
2961 4092 3173 4145 αὐτοῦ’
3228 4091 3642 4160 Ἐπιλέλησται
3690 4095 3725 4146 ό

2157 4180 2319 4247 Θεὸς,
2361 4182 2704 4251 ἀπέστρεψε
2728 4182 2794 4235 τὸ
2828 4185 3152 4251 πρόσωπον
3179 4182 3368 4237 αὑτοῦ
3401 4184 3508 4238 τοῦ
3541 4184 3628 4254 μὴ
3648 4187 3724 4238 ει-

2154 4272 2280 4325 δεῐν
2302 4275 2386 4338 εὶς
2412 4271 2604 4338 τέλος.
2641 4273 2824 4326 Ταῦτα
2857 4274 2913 4327 δὲ
2946 4276 3120 4329 πάντα
3149 4276 3176 4328 ὁ
3208 4274 3410 4347 ἀσεϐὴς
3439 4275 3580 4328 κατά
3617 4275 3725 4328 τῶν

2155 4365 2400 4434 πενήτων
2423 4363 2514 4417 τοῦ
2546 4365 2681 4418 Θεοῦ
2711 4366 3118 4442 διαπράττεται,
3152 4368 3343 4421 ἑαυτὸν
3376 4367 3598 4421 ἀπατῶν
3632 4369 3724 4421 καὶ

2155 4460 2264 4520 τοῖς
2301 4457 2492 4510 ἑαυτοῦ
2526 4457 2806 4529 λογισμοῖς
2841 4458 2916 4532 μὴ
2949 4457 3087 4512 εἶναι
3119 4459 3250 4514 Θεὸν
3274 4460 3466 4532 ἔφορον
3490 4459 3723 4514 διανοού-

2160 4565 2335 4618 μενος.

2238 4639 2564 4707 Ἀνάστηθι,
2599 4642 2774 4708 Κύριε
2799 4641 2832 4692 ό
2866 4641 3008 4706 Θεός
3033 4659 3172 4710 μου,
3207 4641 3500 4710 ὑψωθήτω
3529 4642 3566 4709 ἠ
3599 4639 3724 4709 χείρ

2156 4751 2291 4795 σου,
2339 4732 2424 4802 μὴ
2463 4734 2717 4804 ἐπιλάϐῃ
2762 4733 2880 4788 τῶν
2920 4734 3193 4804 πενήτων
3232 4750 3346 4788 σου
3392 4736 3478 4800 εὶς
3527 4733 3722 4800 τέλος.

2156 4823 2428 4890 Βλέπεις,
2462 4825 2549 4879 ὅτι
2580 4825 2661 4879 σὺ
2687 4827 2877 4879 πόνον
2913 4827 3012 4879 καὶ
3047 4826 3235 4895 θυμὸν
3263 4825 3589 4891 κατανοεῖς,
3620 4822 3723 4878 τοῦ

2159 4917 2524 4984 παραδοῦναι
2561 4918 2782 4983 αὐτοὺς
2818 4921 2905 4984 εις
2940 4918 3140 4988 χεῖράς
3174 4934 3310 4972 σου.
3343 4919 3446 4972 Σοὶ
3478 4919 3722 4988 ἐγκατα-

2158 5008 2462 5062 λέλειπται
2493 5012 2525 5062 ό
2570 5008 2826 5077 πτωχὸς,
2877 5009 3114 5077 ὀρφανῷ
3151 5009 3233 5063 σὺ
3277 5005 3437 5080 ἦσθα
3475 5009 3721 5076 βοηθός.

2160 5101 2496 5169 Σύντριψον
2527 5099 2634 5153 τὸν
2668 5102 2966 5170 ,βραχίονα
2992 5101 3097 5155 τοῦ
3124 5101 3472 5171 ἁμαρτωλοῦ
3501 5101 3596 5154 καὶ
3620 5115 3713 5155 ’πο-

2159 5193 2374 5260 νηροῦ·
2432 5192 2821 5260 ζητηθήσεται
2866 5195 2904 5261 ἠ
2948 5193 3201 5263 ἁμαρτία
3250 5194 3450 5261 αὐτοῦ,
3501 5194 3600 5247 καὶ
3652 5194 3721 5247 οὐ

2155 5284 2241 5354 μὴ
2269 5283 2501 5353 εὑρεθῇ.
2555 5283 2740 5348 Οὕτως
2768 5286 2860 5338 ἐπὶ
2898 5285 2996 5358 τὴν
3028 5287 3138 5342 τῶν
3172 5285 3382 5341 ἀσεϐῶν
3420 5287 3599 5359 κρίσιν
3651 5285 3721 5338 δι-

2159 5377 2361 5448 εγείρει
2387 5377 2570 5430 λοιπὸν
2589 5377 2687 5449 τὴν
2711 5380 2908 5450 ἀνοχὴν
2939 5380 3031 5433 τοῦ
3062 5379 3218 5435 Θεοῦ.
3255 5382 3317 5434 Ἡ
3337 5381 3394 5433 δὲ
3419 5380 3538 5452 χεὶρ
3573 5377 3728 5447 ὑψου-

2165 5474 2300 5544 μὲνη
2336 5472 2561 5545 δύναμιν
2604 5473 2836 5546 ἐδήλωσε
2871 5477 3138 5548 κριτικήν.
3183 5477 3268 5530 Ἑν
3299 5477 3407 5546 ὅσῳ
3448 5475 3554 5547 γὰρ
3587 5473 3726 5546 αὑτὴ

2164 5564 2238 5634 μὴ
2264 5565 2719 5633 τιμωρεῖταιτοὺς
2743 5565 2980 5631 ἀσεϐεῖς,
3007 5566 3424 5637 τετιμωρεῖσθαι
3445 5566 3522 5636 (ι)
3542 5565 3723 5617 δοκεῖ’

2159 5651 2479 5708 ἀποδιδοῦσα
2503 5654 2559 5708 δὲ
2583 5653 2798 5727 ἑκάστῳ
2835 5654 2976 5711 κατά
3007 5655 3068 5709 τὺ
3094 5655 3316 5720 δίκαιον,
3345 5653 3608 5726 ὑψοῦσθαι
3639 5651 3727 5705 λέ..

495 5837 499 5843 _
565 5773 639 5844 (Ι)
674 5772 1137 5845 Τετιμῳεῑσθαι.
1167 5773 1274 5833 Pro
1295 5774 1722 5844 τετιμωρῆσθαι,
1750 5779 1876 5828 (utet
1903 5772 2049 5828 alibi.
2082 5767 2237 5826 Eot'r-
