4042 6210
277 302 382 359 157

1408 276 1917 353 οοΜΜΕΝΤΑιιιΑ
1955 290 2025 346 IN
2055 287 2394 346 PSALMOS.

3434 286 3536 347 138

266 409 450 468 γεται,
478 395 575 450 καὶ
603 378 809 465 ταύτην
833 393 1009 457 οὐδεὶς
1031 392 1412 465 ἀποδράσεται.
1444 393 1534 446 Διό
1560 409 1694 463 φησι
1711 410 1726 424 θ
1751 391 1844 445 Τοῐ

1964 386 2330 455 Quamobrem
2362 386 2439 439 ait
2473 384 2800 440 tradendum
2833 398 2958 441 esse
2988 383 3213 456 impium
3250 384 3305 440 in
3340 400 3537 441 manus

269 484 618 562 παραδοῦναι
665 485 825 539 αὐτὸν
875 488 956 549 εἰς
1000 484 1157 555 χεῖρά
1195 500 1309 540 σου.
1352 482 1653 555 Τοιγαροῦν
1692 485 1721 536 ὁ
1767 482 1844 546 σὸς

1962 496 2115 537 suas.
2167 478 2461 533 Enimvero
2508 493 2714 549 pauper
2749 478 2840 533 ille
2864 486 2994 534 tuus
3026 478 3142 532 inec
3162 478 3328 534 verba
3359 479 3460 537 abs
3485 488 3540 536 te

266 581 491 652 πτωχὸς
536 578 784 642 ἀκούσας
833 578 941 631 τῶν
980 576 1087 630 σῶν
1130 576 1303 646 λόγων
1356 577 1672 645 φασκόντων
1695 594 1708 607 ⁸
1761 578 1856 645 Μὴ

266 671 529 739 ἑαυτοὺς
563 670 967 736 ἐκδικοῦντες,
1009 669 1305 738 ἀγαπητοί
1324 686 1339 700 ·
1381 669 1543 724 ἀλλὰ
1572 669 1708 724 δότε
1759 670 1857 723 τό·-

272 774 393 815 κον
419 760 496 829 τῇ
522 759 690 831 ὀργῇ.
738 761 892 830 Ἐμοὶ
931 759 1262 828 ἐκδίκησις,
1294 759 1410 829 ἐγὼ
1430 760 1855 827 ἀνταποδώσω,

273 853 441 924 λέγει
464 854 668 922 Κύριος
682 892 696 906 .

426 945 536 999 ΕΙΣ
573 946 657 998 ΤΟ
694 943 914 997 ΤΕΛΟΣ
949 944 1244 999 ΨᾹΛΜΟΣ
1281 945 1369 1023 Ἱᾨ
1406 946 1607 999 ΔΑΥΙΔ
1647 946 1703 998 I'.

366 1036 580 1107 Ἐπειδὴ
616 1037 707 1093 καὶ
752 1038 833 1105 τῷ
872 1036 1058 1091 Δαυῒδ
1090 1038 1179 1101 εις
1202 1035 1266 1090 τὸ
1292 1034 1469 1102 τέλος
1512 1037 1851 1109 γέγράπταυ

278 1129 376 1185 καὶ
416 1128 554 1182 κατὰ
593 1128 682 1183 τὸν
732 1128 982 1194 Ἀκύλαν,
1030 1126 1111 1194 τῷ
1146 1128 1452 1195 νικοποιῷ,
1487 1130 1628 1183 κατὰ
1664 1129 1721 1183 δὲ
1762 1130 1855 1184 τὸν

276 1219 588 1291 Σύμμαχον,
614 1219 906 1285 ἐπινίκιος
935 1219 1044 1273 τοῦ
1072 1219 1276 1283 Δαυῒδ,
1316 1221 1531 1292 φήσεις,
1575 1221 1657 1273 ὅτι
1701 1223 1795 1275 καὶ
1825 1223 1855 1275 ὁ

272 1309 435 1362 Δαυῖδ
459 1309 595 1379 μετὰ
626 1310 726 1381 τὴν
760 1310 1044 1382 συμϐᾶσαν
1069 1312 1218 1384 αὐτῷ
1240 1311 1527 1384 συμφορὰν
1559 1312 1763 1382 ἔφασκε
1786 1314 1854 1367 τὰ

271 1400 632 1472 προκείμενα.

238 1544 254 1569 ξ
351 1492 475 1546 Ἐπὶ
514 1492 599 1559 τῷ
641 1496 838 1564 Κυρίῳ
871 1497 1128 1553 πέποιθα
1149 1514 1162 1528 ’
1202 1498 1330 1565 πῶς
1361 1499 1547 1567 ἐρεῖτε
1577 1498 1652 1569 τῇ
1679 1499 1854 1570 ψυχῇ

258 1596 412 1648 ⁴μου·
457 1584 922 1639 Μεταναστεύου
960 1586 1060 1640 ἐπὶ
1108 1586 1182 1641 τὰ
1216 1586 1324 1656 ὄρη
1369 1589 1450 1655 ὡς
1499 1591 1852 1658 στρουθίυν;

263 1670 482 1726 Τελείου
516 1676 691 1747 φωνὴ,
722 1678 819 1732 καὶ
849 1678 993 1733 κατὰ
1015 1680 1106 1734 τὸν
1140 1681 1457 1736 Ἀπόστολον
1490 1685 1661 1737 εἰπεῖν
1691 1684 1850 1739 δυνα-

264 1764 453 1835 μένου,
510 1769 606 1843 Ίξίς
656 1768 814 1837 ἡμᾶς
858 1773 1102 1841 χωρίσει
1141 1773 1260 1829 ἀπὸ
1308 1776 1416 1845 τῆς
1459 1776 1697 1846 ἀγάπης
1741 1779 1849 1833 τοῦ

261 1857 416 1912 Θεοῦ
440 1874 459 1922 ;
489 1860 567 1913 Οὐ
598 1861 739 1914 κατὰ
768 1862 857 1916 τὸν
890 1864 1054 1935 ἀτελῆ
1082 1865 1174 1920 τὸν
1204 1871 1346 1940 φυγῇ
1384 1869 1850 1940 μεταναστεύοντα

257 1947 430 2002 τόπον
465 1951 533 2003 ὲκ
575 1946 763 2016 τόπου,
806 1954 898 2007 καὶ
943 1955 1340 2027 περιφεύγοντα
1368 1960 1495 2023 τοὺς
1533 1958 1845 2024 διώκοντας.

258 2038 428 2092 Καθὰ
458 2038 524 2112 δὴ
557 2043 832 2114 στρουθίον
868 2047 995 2110 τοὺς
1034 2047 1380 2119 θηρεύοντας,
1409 2050 1488 2115 ὃς,
1529 2050 1632 2104 κᾶν
1660 2050 1851 2122 διαφύ-

260 2145 374 2199 γοι,
404 2131 552 2202 λέγοι
577 2133 643 2189 ἄν
666 2152 679 2165 ·
736 2136 797 2192 Ἠ
824 2138 996 2207 ψυχὴ
1020 2138 1189 2209 ἡμῶν
1219 2142 1300 2207 ὡς
1337 2143 1658 2210 στρουθίον
1680 2144 1849 2212 ἐρρύ-

259 2226 381 2291 σθη
426 2224 497 2279 ἐκ
526 2226 636 2296 τῆς
659 2228 909 2299 παγίδος
937 2229 1056 2285 τῶν
1092 2234 1487 2302 θηρευόντων.

337 2315 460 2370 Ὅτι
504 2316 544 2372 d
584 2323 922 2390 κατηρτίσω
961 2326 1281 2381 καθεῖλονι
1325 2331 1360 2383 ό
1405 2328 1476 2383 δὲ
1520 2330 1748 2401 δίκαιος
1793 2335 1850 2388 τί

255 2403 515 2477 ἐποίησε
525 2426 546 2476 ;
578 2414 794 2481 Κύριος
834 2416 905 2470 ἐν
942 2417 1069 2484 ναῷ
1096 2419 1243 2489 ἁγίῳ
1284 2423 1493 2489 αὐτοῦ,
1529 2426 1745 2493 Κύριος
1778 2427 1849 2480 ἐν

257 2500 499 2567 οὐρανῷ
528 2505 562 2555 ὁ
600 2507 813 2573 θρόνος
850 2510 1059 2564 αὐτοῦ.
1104 2514 1171 2565 Oi
1201 2513 1495 2584 ὀφθαλμοὶ
1538 2517 1724 2571 αὐτοῦ
1759 2521 1848 2586 εις

256 2590 368 2691 τον
425 2593 659 2691 ἶπένητα
706 2598 1143 2668 ἀποϐλέπουσι,
1193 2604 1265 2659 τὰ
1317 2607 1603 2677 ,βλέφαρα
1658 2610 1847 2691 abte}?

258 2681 521 2745 ἐξετάζει
565 2687 709 2755 τοὺς
752 2692 924 2757 υἱοὺς
964 2692 1085 2745 τῶν
1115 2696 1460 2765 ἀνθρώτων.
1500 2701 1715 2769 Κύριος
1744 2681 1844 2767 ἐέ-

257 2772 448 2835 8:th
480 2776 587 2832 τὸν
609 2778 841 2835 δίκαιον
869 2784 1096 2838 καὶτὸν
1124 2784 1328 2855 ἀσεϐῆ.
1374 2789 1434 2842 '0
1464 2790 1622 2860 μόνος
1641 2793 1845 2858 δίκαιος

258 2865 590 2957 καὶνκριτὴς
625 2870 778 2937 Θεὸς,
823 2875 951 2938 τοὺς
974 2876 1168 2932 ἑαυτοῦ
1200 2878 1637 2952 πολεμουμένους
1678 2885 1842 2957 ὁρῶν,

258 2953 314 3045 τί
366 2956 656 3030 εποίησεν;
709 2963 797 3016 Ἐν
841 2965 1053 3038 οὐρανῷ
1101 2971 1371 3026 κατοικῶν
1423 2972 1516 3026 καὶ
1570 2953 1846 3045 βασιλείαν

1960 575 2174 645 prolata
2204 571 2413 628 audivit
2456 591 2470 626 :
2500 571 2551 626 Ν
2558 590 2624 628 οη
2655 574 2997 641 vosmetipsos
3023 572 3382 643 defendentes,
3411 574 3539 631 cha‘

1961 668 2161 722 rissimi
2177 683 2195 732 ;
2223 666 2311 721 sed
2332 665 2454 721 date
2482 666 2656 721 locum
2682 670 2779 722 ira:
2809 687 2825 721 :
2868 665 3005 721 Mihi
3042 667 3298 733 uindicta,
3331 686 3422 739 ego
3454 685 3538 723 re-

1960 760 2214 823 tribuam,
2245 759 2376 813 dicit
2404 759 2661 815 Dominus
2690 762 2756 813 ’9.

2186 938 2238 993 1.
2284 937 2350 993 IN
2394 937 2606 993 FINEM
2644 938 2967 995 PSALMUS
3006 938 3215 995 DAVID
3250 940 3318 997 Χ.

2027 1029 2479 1100 Quandoquidem
2508 1029 2701 1085 Davidi
2736 1032 2793 1085 in
2833 1032 3011 1100 ﬁnem,
3062 1033 3365 1103 inscriptus
3410 1040 3533 1102 est;

1956 1128 2013 1179 et
2059 1123 2214 1193 juxta
2274 1122 2561 1192 Aquilam,
2621 1123 2843 1186 victori;
2895 1124 3050 1192 juxta
3111 1113 3533 1196 Symmachum.

1959 1216 2292 1285 triumphalis
2321 1216 2541 1270 Davidis
2564 1233 2582 1269 :
2607 1216 2777 1286 probe
2810 1216 3038 1281 inferas,
3064 1217 3324 1275 Davidem
3348 1221 3537 1277 isthmc

1955 1320 2081 1382 post
2109 1312 2319 1367 illatam
2352 1310 2457 1367 sibi
2489 1310 2856 1367 calamitatem
2887 1314 3295 1382 pronuntiasse.

2026 1490 2197 1547 Vens.
2248 1491 2304 1548 2.
2348 1489 2416 1544 In
2462 1488 2692 1544 Domino
2745 1488 3005 1558 conﬁdo:
3049 1490 3311 1561 quomodo
3357 1489 3535 1547 dicitis

1955 1586 2148 1640 animae
2188 1600 2316 1639 mete
2349 1600 2368 1638 :
2400 1583 2747 1654 Transmigra
2788 1583 2845 1637 in
2894 1595 3092 1638 montes
3142 1570 3292 1639 sicut.
3314 1589 3537 1655 passer?

1956 1676 2081 1733 Haec
2109 1678 2212 1733 viri
2256 1674 2484 1747 perfecti
2531 1691 2636 1730 vox
2676 1682 2783 1738 est,
2823 1676 2916 1746 qui
2946 1677 3249 1731 secundum
3297 1678 3536 1749 Aposto-

1953 1771 2065 1824 lum
2106 1769 2290 1825 dicere
2325 1768 2504 1822 valeat
2536 1786 2551 1822 :
2587 1766 2721 1834 Quis
2752 1784 2848 1821 nos
2901 1767 3172 1837 separabit
3205 1785 3238 1823 a
3270 1768 3535 1825 cltaritate

1957 1860 2054 1917 Dei
2118 1858 2134 1888 ⁸
2169 1861 2192 1910 ‘!
2264 1858 2384 1914 Non
2415 1873 2569 1913 more
2591 1857 2899 1928 imperfecti
2927 1858 3188 1924 hominis,
3222 1860 3315 1930 qui
3345 1875 3535 1931 perse-

1951 1952 2246 2025 quentibus
2270 1961 2327 2004 ut
2359 1966 2418 2006 se
2457 1949 2747 2020 proripiat,
2781 1949 2851 2004 de
2883 1949 3005 2005 loco
3046 1951 3103 2005 in
3134 1951 3314 2006 locum
3347 1961 3533 2010 trans-

1950 2046 2168 2115 migrat.
2200 2041 2304 2109 Qui
2340 2042 2409 2104 si,
2462 2049 2523 2095 ut
2573 2056 2767 2110 passer
2801 2050 3116 2107 venatores,
3162 2040 3401 2113 effugere
3433 2058 3531 2097 va-

1950 2138 2078 2201 leat,
2110 2138 2233 2207 jure
2258 2134 2460 2190 dixerit
2489 2154 2502 2187 :
2538 2135 2736 2187 Anima
2768 2140 2958 2188 nostra
2983 2135 3118 2188 sicut
3149 2151 3332 2205 passer
3353 2148 3532 2205 erepta

1948 2238 2026 2284 est
2053 2228 2117 2282 de
2146 2226 2333 2298 laqueo
2363 2226 2723 2282 venantium’.

2022 2320 2187 2375 Vens.
2244 2318 2366 2375 4-6.
2435 2317 2699 2385 Quoniam
2757 2332 2875 2388 gare
2933 2317 3197 2386 perfeciin
3254 2317 3532 2374 destruxe-

1950 2422 2094 2477 runt,
2104 2413 2284 2481 justus
2298 2422 2473 2466 autem
2488 2412 2614 2482 quid
2628 2412 2746 2480 fecit
2763 2414 2787 2465 2
2803 2409 3060 2464 Dominus
3074 2411 3125 2464 in
3145 2410 3336 2481 templo
3348 2421 3534 2468 sancto

1948 2521 2068 2571 suo,
2101 2503 2360 2558 Dominus
2397 2504 2453 2556 in
2476 2504 2604 2557 caelo
2631 2502 2776 2556 sedes
2808 2501 2946 2570 ejus.
2985 2500 3152 2557 Oculi
3172 2502 3286 2571 ejus
3317 2504 3370 2556 in
3390 2518 3527 2571 pau-

1946 2614 2121 2669 perem
2167 2596 2485 2665 respiciunt,
2536 2594 2801 2664 palpebra:
2841 2595 2958 2662 ejus
3009 2595 3334 2665 interrogant
3384 2595 3529 2664 ﬁlios

1948 2692 2239 2745 hominum.
2265 2688 2518 2742 Dominus
2542 2687 2833 2757 interrogat
2845 2686 3056 2756 justum
3077 2695 3125 2740 et
3154 2688 3396 2757 impium.
3416 2697 3525 2743 elc.

1950 2782 2094 2839 Deus
2126 2783 2217 2856 qui
2268 2782 2419 2839 solus
2440 2782 2627 2851 justus
2664 2793 2717 2836 et
2743 2780 2911 2850 judex
2959 2786 3065 2843 est,
3097 2793 3220 2833 cum
3269 2794 3402 2835 suos
3432 2795 3531 2850 op-

1948 2876 2180 2946 pugnari
2217 2881 2487 2937 cerneret,
2534 2872 2663 2943 quid
2704 2870 2867 2926 fecit?
2893 2870 2945 2926 is
2975 2884 3110 2926 sane
3136 2871 3237 2926 etsi
3276 2871 3332 2925 in
3383 2874 3527 2926 cmlo

1950 2969 2182 3032 habitet,
2216 2982 2281 3022 ac
2309 2966 2527 3021 ﬁrmum
2561 2964 2953 3035 immobileque
2996 2978 3224 3034 regnum
3257 2963 3524 3028 obtineat,

212 3130 215 3133 Ι
259 3040 748 3141 ἔχωνΔὰσάὶλευτον,
780 3053 930 3108 οὐδὲν
961 3056 1070 3111 τῶν
1100 3059 1193 3112 ἐπὶ
1224 3060 1329 3131 γῆς
1362 3040 1595 3137 παρορᾷ..
1620 3068 1844 3141 Χαρίξε-

1950 3063 2157 3117 nullam
2189 3069 2531 3116 terrenarum
2564 3072 2748 3114 rerum
2788 3057 3033 3128 negligit.
3066 3052 3302 3129 Pauperi
3338 3067 3524 3112 autem

258 3149 355 3188 ται
384 3134 445 3189 δὲ
485 3138 565 3211 τῷ
603 3141 795 3215 πένητι
826 3144 935 3199 τῶν
969 3149 1333 3222 εὐεργετικῶν
1370 3155 1533 3211 αὑτοῦ
1565 3159 1844 3233 δυνάμεων

1951 3157 2008 3213 id
2036 3155 2224 3228 gratias
2256 3152 2490 3216 confert,
2518 3159 2576 3206 ut
2605 3149 2971 3207 beneficarum
3003 3152 3267 3206 virtutum
3300 3166 3525 3207 suarum

417 3229 745 3306 ἐπισκοπὴν,
801 3236 868 3301 ἃς
919 3256 1084 3311 φησιν
1131 3242 1473 3316 ὀφθαλμούς·
1513 3226 1713 3325 ὥσπερ.
1754 3251 1846 3312 οὖν

257 3316 514 3419 βλέφαρα
555 3324 657 3398 τὴν
703 3329 954 3402 κριτικὴν
991 3333 1155 3388 αὐτοῦ
1189 3337 1285 3390 καὶ
1320 3339 1502 3401 ,πάντα
1547 3316 1846 3419 διακρίνου-

255 3428 362 3502 σαν
386 3415 669 3487 πρόνοιαν.
695 3419 796 3473 Διὰ
822 3421 1172 3498 δικαιοσύνην
1202 3426 1258 3482 δὲ
1285 3433 1464 3502 κρινεῖ
1492 3435 1587 3489 καὶ
1616 3415 1743 3502 τοὺς
1768 3439 1846 3493 δι-

251 3497 471 3568 καίους,
514 3505 591 3577 μή
619 3522 673 3559 τι
699 3508 792 3562 καὶ
819 3509 983 3576 αὐτὸς
1010 3497 1488 3590 πεπλημμέληται.

336 3680 667 3752 Ἐπιόρέξει
705 3686 805 3741 ἐπὶ
844 3690 1233 3762 ἁμαρτωλοὺς
1270 3699 1547 3770 παγίδας,
1580 3704 1700 3774 πῦρ
1739 3707 1841 3763 καὶ

243 3772 442 3869 θεῖον,
609 3780 842 3850 πνεῦμα
872 3787 1211 3856 καταιγίδος
1241 3791 1280 3859 ή
1315 3793 1487 3862 μερὶς
1519 3796 1625 3851 τοῦ
1659 3772 1842 3869 ποτη-

232 3865 384 3961 ρίου
422 3868 641 3925 αὐτῶν.
673 3871 783 3936 Τὰς
814 3877 1107 3942 ἐπιπόνους
1136 3880 1389 3949 κολάσεις
1419 3885 1660 3961 πολλαχῆ
1691 3865 1841 3961 δηλοῖ

234 3958 306 4052 τὸ
338 3961 629 4033 σωτήριον,
660 3969 736 4028 ὡς
762 3968 820 4019 ὲν
863 3968 1090 4043 Ἡσαῖᾳ’
1132 3972 1481 4045 Ἐξεγείρου,
1513 3958 1837 4052 ἐξεγείρου,

249 4049 720 4149 κερογσαιθυιῄ
735 4058 958 4115 πιοῦσα
968 4063 1036 4117 τὸ
1049 4049 1716 4143 ποτήριονεισπτώσέωέ
1738 4078 1837 4149 (ι),

230 4144 307 4245 id
330 4146 731 4245 reor-61:023-
753 4154 965 4245 θυμοῦ.
1019 4157 1181 4245 ᾼέγει
1227 4161 1285 4215 δὲ
1330 4165 1423 4219 καὶ
1468 4165 1547 4238 τῷ
1600 4144 1839 4245 Ἱερεμίᾳ

1948 3246 2291 3316 inspectione
2324 3250 2575 3300 servetur
2608 3260 2621 3296 :
2654 3250 2793 3313 quas
2843 3241 3098 3306 virtutes,
3146 3241 3338 3297 oculos
3380 3256 3522 3297 mm-

1948 3344 2149 3409 cupat;
2185 3351 2294 3407 qua
2330 3336 2460 3390 item
2490 3334 2705 3389 ratione
2742 3333 3019 3403 palpebra:
3051 3333 3172 3403 ejus
3209 3332 3523 3403 signiﬁcant

1942 3422 2256 3502 iudicialem
2284 3427 2430 3482 illius
2450 3426 2851 3499 providentiam
2872 3440 2980 3494 qua
3019 3426 3202 3480 omnia
3232 3424 3522 3495 dijudicat.

1945 3521 2177 3593 Propter
2208 3518 2483 3589 justitiam
2538 3525 2720 3572 autem
2765 3530 2920 3571 suam
2963 3516 3048 3571 vel
3099 3517 3278 3586 ipsum
3310 3516 3524 3586 justum

1940 3613 2231 3686 judicabit,
2264 3627 2336 3667 ne
2364 3616 2420 3665 et
2443 3610 2561 3680 ipse
2598 3623 2817 3679 quoque
2845 3607 2900 3662 in
2927 3615 3211 3678 peccatum
3243 3608 3520 3665 inciderit.

2015 3705 2182 3761 Vens.
2220 3704 2271 3758 7.
2312 3701 2471 3756 Pluet
2503 3710 2663 3771 super
2685 3710 2986 3769 peccatores
3024 3699 3262 3771 laqueos,
3295 3701 3432 3771 ignis
3472 3711 3523 3756 et

1943 3798 2164 3867 sulphur
2194 3803 2245 3850 et
2277 3794 2497 3864 spiritus
2526 3792 2904 3864 procellarum,
2943 3808 3068 3862 pars
3100 3794 3281 3848 colicis
3316 3810 3520 3850 eorum.

1942 3891 2098 3947 Calix
2123 3890 2375 3962 graviora
2407 3887 2730 3959 plerumque
2760 3887 3029 3959 supplicia
3052 3886 3345 3957 significat,
3379 3895 3439 3942 ut
3462 3888 3523 3944 in

1942 3977 2082 4038 Isaia
2118 4003 2132 4039 :
2182 3980 2445 4055 Exsurge,
2467 3995 2711 4051 exsurge,
2735 3978 3055 4043 Jerusalem,
3080 3995 3198 4050 quae
3225 3979 3405 4035 bibisti
3432 3998 3523 4036 ca-

1942 4076 2093 4132 licem
2123 4076 2311 4142 ruinte,
2358 4074 2607 4140 poculum
2635 4074 2731 4127 ine
2753 4075 2795 4127 ³.
2830 4070 3080 4127 Ieremia:
3122 4088 3343 4144 quoque
3383 4074 3520 4129 dicit

1942 4169 2083 4224 Deus
2115 4187 2127 4222 :
2156 4166 2314 4222 Sume
2344 4166 2521 4220 vinum
2563 4181 2667 4220 non
2706 4163 2931 4217 dilutum
2977 4163 3040 4217 de
3088 4179 3250 4217 manu
3291 4180 3427 4229 mea,
3468 4174 3521 4219 et

235 4224 417 4301 Θεὸς·
443 4236 601 4292 Λάϐε
626 4239 735 4294 τοῦ
762 4241 932 4297 οἴνου
955 4244 1062 4299 τοῦ
1088 4224 1349 4315 ἀκράτου
1372 4251 1442 4306 ἐκ
1475 4224 1834 4327 χειρόςδμουῖ,

1946 4260 2145 4331 potabis
2168 4274 2233 4314 ea:
2259 4275 2319 4313 eo
2348 4275 2526 4314 omnes
2544 4267 2741 4329 gentes,
2777 4258 2845 4310 ad
2885 4272 3017 4327 quas
3041 4272 3134 4327 ego
3164 4258 3370 4311 mittam
3402 4266 3451 4310 te
3472 4258 3514 4309 ⁸.

239 4328 349 4383 καὶ
389 4330 657 4397 ποτίσεις
686 4333 832 4387 αὐτό
876 4335 1075 4391 πάντα
1101 4339 1174 4392 τὰ
1202 4339 1369 4410 ἔθνη,
1408 4344 1559 4413 πρὸς
1587 4346 1696 4414 οὓς
1721 4345 1836 4408 ἐγώ

1946 4328 2129 4422 Qualis
2152 4360 2236 4409 est
2269 4352 2413 4406 calix
2438 4350 2506 4406 de
2529 4328 2641 4422 quo
2662 4350 2777 4420 jam
2808 4350 3010 4420 agitur,
3048 4350 3215 4419 cujus
3235 4350 3518 4419 plenitudo

240 4419 574 4520 ἀποστελῶ
602 4439 695 4478 σε.
734 4425 948 4480 Ὀποϊον
976 4428 1036 4482 τὸ
1064 4431 1422 4503 προκείμενον
1462 4438 1742 4510 ποτήριον,
1776 4434 1837 4495 οὗ

1946 4419 2082 4520 ignis
2134 4454 2191 4501 et
2238 4444 2470 4514 sulphur
2527 4419 2581 4497 et
2630 4419 2861 4511 spiritus
2909 4441 3306 4511 procellarum;
3354 4442 3521 4510 cujus

241 4509 313 4600 to
350 4508 622 4584 πλήρωμα
662 4516 774 4588 πῦρ
808 4519 901 4572 καὶ
926 4519 1088 4587 θεῖον,
1123 4526 1217 4577 καὶ
1245 4524 1465 4598 πνεῦμα
1493 4508 1835 4600 καταιγίδος·

242 4594 410 4696 eam?)
452 4602 689 4696 cdpGola
710 4610 778 4663 τὰ
809 4612 952 4667 κατὰ
988 4613 1236 4686 Σοδόμων
1275 4594 1842 4696 ἐπενεχθέντα-Δηλοῖ

242 4692 308 4784 es
335 4689 554 4784 «saep
582 4695 680 4769 τὴν
720 4698 1060 4767 διακαύσεως
1088 4704 1339 4779 ἀπειλὴν,
1368 4689 1527 4761 τδηδὲ
1567 4709 1709 4763 θεῖον
1740 4689 1840 4784 τὴν

240 4781 626 4853 διεγείρουσαν
674 4786 753 4841 ἔτι
806 4791 1005 4859 μᾶλλον
1060 4793 1121 4847 τὸ
1176 4794 1289 4867 πῦρ
1338 4798 1614 4870 ἀφορμὴν,
1668 4801 1731 4855 τὸ
1780 4781 1838 4857 δὲ

237 4873 473 4945 πνεῦμα
494 4874 594 4945 τῆς
616 4882 940 4950 καταιγιδος,
968 4887 1274 4959 πειρασμοῦ
1308 4893 1633 4963 συστροφήν.
1661 4871 1830 4966 Εἴρη-

235 4983 344 5021 ται
381 4966 492 5038 γὰρ
518 4969 577 5023 ἐν
617 4970 843 5044 Ἡσαῖᾳο
890 4974 983 5042 Ὠς
1015 4980 1286 5049 καταιγὶς
1318 4980 1395 5034 δι’
1428 4980 1652 5052 ἐρήμου
1683 4984 1833 5041 διέλ-

238 5063 345 5116 θοι
366 5058 659 5131 ἐρχομένη
684 5063 863 5135 ἐγγύς
879 5083 893 5098 ·
924 5071 1177 5139 φοϐερὸν
1203 5072 1270 5127 τὸ
1301 5073 1492 5144 ὅραμα
1516 5076 1617 5130 καὶ
1647 5083 1836 5149 σκλη-

232 5150 364 5220 ρὸν
388 5151 693 5245 ἀνηγγέλη
720 5173 839 5226 μοι.
874 5158 1029 5213 Ἔστι
1050 5161 1105 5215 δὲ
1128 5164 1223 5217 καὶ
1252 5167 1367 5230 τοῖς
1392 5167 1643 5224 εὐσεϐέσι
1665 5173 1834 5245 ποτή-

245 5257 370 5316 ριον
405 5243 467 5297 τὸ
512 5245 782 5317 μεθύσκον
822 5247 900 5314 ὡς
943 5252 1251 5322 κράτιστον,
1283 5259 1412 5330 περὶ
1453 5253 1515 5314 οὗ
1552 5260 1694 5333 τάχα
1738 5243 1833 5317 κα-

1941 4554 2074 4596 sane
2103 4536 2349 4609 symboia
2378 4549 2442 4590 ea
2474 4533 2592 4604 ipsa
2624 4538 2753 4587 sunt
2780 4546 2902 4602 qua:
2932 4538 3124 4585 contra
3155 4531 3392 4587 Sodoma
3412 4533 3523 4587 illi-3

1940 4631 2110 4686 missa
2138 4627 2310 4683 fuere.
2357 4623 2566 4680 Iudicat
2599 4637 2766 4694 porro
2800 4623 2945 4693 ignis
2985 4624 3223 4679 incendii
3269 4640 3334 4681 ac
3378 4626 3516 4681 adu-

1940 4720 2136 4777 stionis
2173 4718 2350 4773 minas
2377 4734 2391 4771 :
2417 4715 2670 4786 sulphur,
2711 4713 2855 4783 ignis
2890 4713 3213 4779 fomentum,
3250 4730 3361 4787 quo
3386 4717 3513 4787 plus

1944 4810 2279 4877 exardescit;
2311 4807 2539 4880 spiritus
2578 4806 2965 4878 procellarum,
3007 4807 3331 4863 tentationis
3379 4823 3514 4865 con-

1936 4905 2267 4962 versionem.
2301 4903 2363 4956 In
2394 4900 2532 4957 isaia
2569 4914 2806 4971 namque
2826 4901 3030 4955 dicitur
3056 4919 3069 4955 :
3099 4900 3251 4955 Sicut
3279 4902 3511 4971 procella

1934 5014 2027 5070 per
2050 4998 2313 5054 desertum
2343 4993 2729 5065 pertransierit,
2762 5008 2920 5061 prope
2942 4991 3191 5047 accedens
3215 5008 3235 5079 ξ
3260 4994 3510 5049 terribilis

1935 5094 2067 5147 uisio
2094 5101 2143 5146 et
2172 5090 2308 5144 dura
2335 5089 2582 5144 nuntiata
2612 5084 2740 5139 mihi
2767 5095 2845 5139 est
2864 5086 2907 5141 ⁸.
2941 5084 3053 5141 Piis
3073 5103 3290 5158 quoque
3316 5088 3509 5144 hom}-

1936 5184 2100 5239 nibus
2131 5184 2271 5236 calix
2321 5181 2603 5236 inebrians
2637 5194 2800 5250 quam
2833 5180 3273 5250 potentissimus;
3305 5181 3375 5237 de
3399 5198 3509 5251 quo

1934 5275 2172 5331 fortasse
2213 5272 2416 5326 dicitur
2444 5291 2456 5326 :
2485 5271 2745 5326 Dominus
2778 5287 2904 5341 pars
2945 5271 3271 5327 hereditatis
3302 5270 3430 5327 mete
3458 5280 3507 5325 et

240 5336 399 5390 κεῖνο
435 5337 716 5395 λέλεκται*
763 5343 977 5412 Κύριος
1001 5346 1040 5414 ἠ
1070 5347 1239 5415 μερὶς
1274 5347 1383 5418 τῆς
1427 5355 1830 5424 κληρονομίας

1946 5368 2117 5422 salicis
2148 5367 2248 5421 mei
2269 5367 2311 5421 ‘.
2345 5365 2424 5420 Ac
2456 5381 2555 5437 per
2596 5374 2743 5422 recte
2788 5365 2934 5421 facta
2971 5366 3227 5421 vitandus
3267 5364 3376 5427 ille,
3411 5362 3504 5418 hic

236 5445 366 5529 μου
399 5430 496 5484 καὶ
543 5432 651 5487 τοῦ
687 5436 997 5504 ποτηρίου.
1030 5438 1139 5491 Καὶ
1179 5438 1247 5491 δι’
1295 5440 1469 5513 ἔργων
1513 5445 1734 5514 ἀγαθῶν
1768 5446 1829 5500 τὸ

1946 5456 2341 5529 itnpleetendus
2369 5430 2473 5513 est:

246 5518 354 5594 μὲν
381 5526 592 5593 φυγεῖν,
624 5526 685 5579 τὸ
704 5526 770 5580 ’δὲ
803 5528 1155 5600 αἰρήσασϐαι.

320 5615 373 5687 ⁹⁹ί
409 5615 569 5673 Rom.
604 5636 720 5687 xu,
756 5621 844 5677 l9.

246 5682 274 5738 ‘l
302 5726 318 5749 ,
353 5686 408 5740 2.
485 5689 507 5720 ⁸
544 5682 827 5759 Ρεθιίχν,
863 5693 917 5749 5.

925 5633 939 5656 ³
982 5622 1142 5679 Rom.
1180 5641 1301 5692 vm,
1349 5630 1437 5685 55.
1513 5634 1534 5665 ³
1572 5633 1717 5691 Psal.
1754 5650 1844 5691 ex:

1984 5636 2038 5697 7.
2112 5636 2288 5694 '-lsa.
2323 5654 2411 5709 ιι,
2451 5634 2538 5694 ΙἹζ
2614 5640 2635 5672 ⁸
2670 5635 2783 5696 Jer.
2824 5651 2965 5704 xxv,
3007 5635 3087 5689 ιδ.
3165 5636 3185 5667 ⁵
3228 5635 3330 5690 lsa.
3373 5648 3499 5703 ut,

325 5781 403 5853 li)
450 5782 864 5853 Είσπτώσεως.
892 5787 1057 5844 Forte
1092 5790 1437 5857 ἐκπτώσεωζ.
1467 5790 1629 5861 LXX,
1664 5793 1938 5859 πτώσεως.
1970 5794 2126 5854 Eutr.

563 5878 765 5942 Pun.
799 5879 1211 5947 Gn..XXlll.

3183 5887 3224 5949 ε
3278 5901 3281 5904 ,
