4066 6218
503 280 614 338 139

1176 280 1443 338 ευεεθη
1475 277 1956 335 ϐᾸΞὸΑΒΙΕΝΞίΞ
1991 274 2079 333 0P

2185 273 2364 329 PARS
2421 274 2505 330 lli.
2547 307 2617 318 —
2653 272 3067 329 EXEGETICA.

3647 266 3756 324 ΗΟ

563 393 749 450 ‘th‘ts.
792 393 844 449 8.
886 393 1147 461 Quoniam
1182 395 1361 463 justus
1412 391 1708 455 Dominus,
1749 400 1799 445 et
1838 392 2075 460 iustitias

2251 387 2367 442 Ὅτι
2419 388 2649 455 δίκαιος
2686 390 2901 456 Κύριος
2944 389 3042 441 καὶ
3084 386 3468 453 δικαιοσύνας
3514 385 3757 456 ἠγάπη-

508 468 718 549 Ξίὶιετίι,
748 486 1046 555 aequitatem
1073 483 1201 538 vidit
1233 482 1406 537 vultus
1429 482 1561 551 ejus.
1608 481 1741 536 Nam
1774 489 1959 552 utpote
1986 482 2078 551 ju-

511 583 633 631 stus
654 586 947 646 pauperem
982 574 1218 644 respicit,
1252 580 1567 642 peccatores
1594 573 1841 642 corripit.
1868 571 2077 627 Natura

510 672 693 721 autem
742 679 863 727 sua,
920 678 1027 717 non
1071 662 1490 733 participatione
1533 663 1719 731 justus
1753 671 1859 718 est.
1906 664 2078 717 Crete-

509 769 632 809 rum
673 767 798 807 cum
847 752 921 807 ita
968 768 1027 807 se
1075 750 1294 815 habeat,
1323 751 1589 819 justitias,
1640 768 1760 822 quae
1791 754 1847 807 in
1889 754 2077 810 multis

512 844 698 914 probis
732 845 866 900 viris
901 843 1269 914 reperiuntur,
1296 843 1491 914 diligit,
1535 860 1600 899 ac
1642 848 1917 916 cujusque
1950 861 2079 916 pro-

513 934 754 1003 positum
790 935 1074 1005 approbat.
1105 930 1361 1006 Singulis
1392 951 1538 991 sane
1568 936 1793 1007 iudiciis
1829 939 2077 1008 quaedam

508 1024 723 1094 iustitia
772 1026 1151 1082 inestzmulta
1193 1036 1374 1083 autem
1414 1035 1551 1084 sunt
1594 1029 1799 1099 judicia
1846 1030 1963 1095 Dei,
2008 1032 2077 1087 de

510 1118 711 1187 quibus
741 1118 1005 1189 scriptum
1042 1128 1165 1174 est:
1202 1118 1417 1174 'Judiciu
1459 1120 1672 1175 Domini
1702 1132 1844 1184 vera,
1870 1122 2078 1193 justiﬁ-

508 1217 633 1262 eata
682 1209 737 1262 in
790 1211 1130 1278 semetipsa’.
1198 1210 1378 1267 Multa:
1436 1213 1601 1282 igitur
1645 1215 1874 1283 justitia:
1923 1223 2072 1270 sunt.

510 1300 845 1371 [Equitatem
880 1319 1098 1374 quoque
1154 1305 1331 1369 videt,
1385 1306 1636 1362 videlicet
1686 1322 1876 1362 sanam
1921 1307 2077 1363 verbi

509 1396 837 1451 sententiam
883 1404 938 1449 et
982 1396 1290 1452 doctrinam
1317 1417 1329 1454 :
1355 1399 1554 1468 gaudet
1594 1401 1794 1471 quippe
1844 1399 1912 1455 de
1954 1400 2076 1469 ejus

508 1492 834 1564 cultoribus,
875 1492 1089 1547 etiamsi
1108 1493 1295 1549 videat
1333 1510 1429 1550 eos
1470 1494 1735 1549 conviciis
1768 1500 1824 1548 et
1853 1493 2079 1548 maledi-

508 1584 615 1639 ctis
655 1583 955 1655 impetitos.
990 1583 1279 1655 Nunquam
1319 1595 1501 1641 autem
1536 1586 1720 1657 plures
1766 1586 2074 1655 mquitatcs,

508 1671 736 1742 perinde
758 1679 924 1744 atque
945 1674 1174 1742 justitiaa
1204 1675 1259 1730 in
1290 1673 1512 1745 iudiciis
1546 1675 1750 1739 multae,
1786 1673 2075 1729 habentur.

2177 496 2310 547 σεν,
2334 482 2629 548 εὐθύτητα
2667 477 2788 535 εἶδε
2814 481 2881 534 τὸ
2913 482 3238 548 πρόσωπον
3267 479 3471 534 αὐτοῦ.
3515 480 3602 543 Ὠς
3641 481 3760 550 γὰρ

2176 572 2381 635 δίκαιος
2412 572 2689 627 ὲπιϐλέπει
2724 573 2821 644 μὲν
2859 572 2951 625 τὸν
2984 572 3212 641 πένητα,
3258 570 3498 624 παιδεύει
3537 571 3593 625 δὲ
3622 573 3758 636 τοὺς

2179 661 2561 733 ἁμαρτωλούς·
2618 664 2777 735 οὐσίᾳ
2826 663 2884 716 δὲ
2930 662 3135 725 δίκαιός
3186 663 3354 720 ἐστιν.
3403 660 3465 715 ού
3523 667 3753 734 μετοχῇ.

2179 754 2324 826 Πλὴν
2353 755 2447 809 καὶ
2472 755 2644 819 οὕτως
2675 755 2816 826 ἔχων
2857 755 3047 825 ἀγαπᾷ
3073 752 3171 816 τὰς
3195 755 3253 806 ὲν
3280 755 3393 815 τοῖς
3425 752 3638 817 πολλοῖς
3669 753 3757 807 δι-

2178 846 2352 911 καίοις
2385 846 2748 911 δικαιοσύνας,
2780 845 2877 917 τὴν
2908 845 3137 899 ἑκάστου
3188 844 3442 916 πρόθεσιν
3491 845 3759 916 ἀποδεχό-

2182 955 2359 1009 μενος.
2397 938 2556 992 Ἀλλὰ
2597 938 2690 992 καὶ
2729 935 2959 992 ἑκάστου
2987 936 3252 1008 κρίμάτός
3279 937 3396 989 ὲστί
3427 954 3511 1000 τις
3555 936 3760 991 δικαιο-

2181 1031 2312 1103 σύνη
2333 1048 2346 1061 °
2383 1031 2553 1086 πολλὰ
2591 1031 2648 1084 δὲ
2676 1030 2744 1085 τὰ
2774 1031 3017 1101 κρίματα
3049 1029 3144 1083 τοῦ
3190 1028 3346 1094 Θεοῦ,
3387 1030 3515 1102 περὶ
3545 1024 3621 1082 ὧν
3668 1028 3757 1100 γέ-

2178 1140 2454 1196 γραπται·
2497 1125 2574 1178 Τὰ
2603 1124 2854 1193 κρίματα
2902 1124 3118 1190 Κυρίου
3158 1122 3412 1188 ἀληθινὰ
3455 1122 3759 1177 δεδικαιω-

2173 1217 2329 1287 μένα
2359 1217 2459 1270 ἐπὶ
2503 1216 2570 1269 τό
2603 1217 2769 1271 αὐτό.
2808 1214 3007 1269 Πολλαὶ
3036 1216 3143 1285 ἄρα
3173 1215 3264 1268 καὶ
3298 1216 3352 1267 αἱ
3394 1214 3749 1271 δικαιοσύναι.

2180 1309 2373 1363 Βλέπει
2400 1309 2457 1364 δὲ
2490 1310 2588 1364 καὶ
2632 1308 2926 1381 εὐθύτητα,
2968 1309 3068 1380 τὴν
3112 1308 3246 1380 πρὸς
3288 1310 3378 1362 τὸν
3405 1309 3562 1381 ὀρθὸν
3593 1311 3757 1381 λόγον

2178 1400 2400 1474 γνώμην
2421 1419 2432 1431 ·
2464 1403 2644 1473 χαίρει
2676 1402 2784 1473 γὰρ
2809 1402 2901 1454 ἐπὶ
2930 1403 3043 1464 τοῖς
3072 1401 3273 1471 ἔχουσι,
3309 1401 3411 1455 κᾶν
3435 1403 3757 1476 ὀνειδιζομέ-

2180 1510 2301 1557 νους
2325 1496 2445 1566 ὁρᾷ.
2485 1495 2708 1566 Μήποτε
2737 1486 2795 1548 δὲ
2820 1494 2895 1559 ὡς
2925 1488 3114 1547 πολλαῖ
3144 1493 3477 1550 δικαιοσύναι
3515 1496 3605 1549 ἐπὶ
3642 1500 3756 1561 τοῖς

2179 1585 2456 1658 κρίμασιν,
2491 1585 2663 1651 οὕτως
2706 1584 3016 1657 εύθύτητες.
3063 1586 3159 1639 Διὰ
3206 1584 3262 1638 δὲ
3300 1585 3360 1639 τὸ
3396 1581 3754 1659 ἀποδέχεσθαι

2177 1679 2277 1750 τὴν
2305 1677 2593 1749 εὐθύτητα,
2628 1671 2690 1733 τὸ
2720 1679 3009 1751 πρόσωπον
3035 1680 3199 1735 αὐτοῦ
3221 1681 3340 1753 ὁρᾷ.
3380 1682 3754 1751 Ἐπιφαίνεται

508 1760 708 1819 Vultus
738 1780 868 1820 vero
886 1766 1008 1835 ejus
1040 1766 1163 1823 ideo
1191 1768 1501 1837 aequitatem
1533 1767 1700 1834 videt,
1735 1766 1862 1834 quia
1903 1766 2075 1836 ipsam

2181 1746 2288 1844 γάρ
2311 1746 2502 1844 παρὼν
2524 1775 2554 1826 ὁ
2591 1765 2722 1836 Θεὸς
2748 1746 2860 1836 τοῖς
2886 1774 3067 1845 ἔργοις
3095 1774 3195 1846 τῆς
3228 1746 3483 1846 προνοίας
3512 1746 3607 1829 καὶ
3638 1778 3755 1838 τοῖς

509 1856 797 1927 approbat.
829 1856 963 1912 Nam
1012 1856 1155 1913 Deus
1184 1873 1427 1929 praesens
1472 1875 1596 1916 esse
1630 1860 2077 1932 deprehenditur,

510 1960 636 2001 cum
664 1946 1018 2019 providentiae
1037 1942 1319 2020 operibus,
1352 1959 1472 2006 tum
1502 1951 1699 2009 eﬂ'ectu
1721 1952 2077 2024 iudiciorum.

945 2059 1171 2117 PSALM
1181 2061 1270 2119 US
1309 2062 1517 2119 DAVID
1550 2052 1647 2122 'XI.

932 2173 985 2228 l.
1040 2174 1108 2231 In
1128 2177 1307 2246 ﬁnem,
1326 2193 1423 2248 pro
1451 2187 1655 2235 octaua.

583 2279 660 2338 Ea
693 2283 814 2356 ipsa
844 2294 931 2344 est
950 2304 1073 2360 quae
1101 2291 1298 2364 psalmi
1327 2294 1469 2350 sexti
1494 2293 1780 2365 inscriptio
1804 2294 1901 2368 (l).
1930 2294 2081 2353 Dixi-

509 2391 634 2434 mus
666 2385 849 2435 autem
880 2380 1016 2437 solvi
1048 2382 1219 2454 legem
1244 2383 1469 2457 Moysis,
1509 2386 1558 2443 si
1590 2402 1727 2459 puer
1757 2386 1991 2445 ducatur
2025 2389 2081 2444 in

511 2468 753 2526 Sabbato
800 2469 1346 2550 [circumcidendus,]
1382 2478 1603 2549 quando
1658 2478 1801 2535 diem
1838 2480 2080 2537 circum-

508 2561 738 2620 eisionis
782 2573 1033 2622 octavam
1082 2567 1140 2622 in
1176 2568 1296 2639 ipso
1346 2567 1544 2626 cadere
1590 2571 1861 2643 contingit
1895 2591 1909 2627 :
1938 2587 2084 2628 eam-

508 2657 742 2727 demque
776 2659 883 2714 vim
919 2669 974 2715 et
1003 2661 1374 2731 praestantiam
1418 2661 1620 2718 habere
1650 2664 1795 2720 diem
1830 2661 2078 2719 Domini-

507 2762 651 2813 cam,
681 2766 804 2820 quae
836 2749 1052 2807 Domini
1086 2754 1491 2810 resurrectione
1518 2754 1862 2821 nobilitatus,
1887 2764 2081 2828 estque

508 2852 539 2891 a
580 2837 757 2909 primo
788 2839 900 2906 die,
946 2847 1159 2899 octava.
1208 2842 1274 2896 Et
1304 2843 1424 2914 ipsa
1473 2859 1693 2914 quoque
1734 2853 1933 2901 natura
1980 2863 2081 2905 sua

509 2929 684 2999 prima
711 2930 961 3001 habetur,
984 2932 1115 3004 quia
1144 2933 1199 2988 in
1233 2932 1425 2991 eadem
1452 2950 1646 2992 omnes
1673 2936 1869 2994 animae
1884 2953 2082 2995 emun-

509 3022 730 3076 dantur.

2181 1863 2579 1936 ἀποτελέσμασι
2607 1864 2715 1918 τῶν
2743 1866 3046 1937 χριμάτων.

2566 2052 2855 2117 ΨΔΛΜΟΣ
2887 2058 2976 2116 ἸὭ
3014 2055 3215 2119 ΔΑΥΙΔ
3258 2064 3361 2119 IA'.

2460 2176 2566 2242 Είς
2595 2174 2660 2229 τὸ
2696 2168 2870 2243 τέλος
2915 2177 3047 2246 περὶ
3078 2176 3189 2247 τῆς
3233 2167 3466 2250 ὀγδόης.

2263 2290 2329 2346 Ἦ
2367 2290 2503 2363 αὐτή
2536 2292 2652 2346 ἐστι
2689 2295 2754 2364 τῇ
2785 2278 2882 2347 τοῦ
2916 2299 2968 2359 ς’
3015 2294 3315 2366 ἐπιγραφή.
3355 2292 3641 2364 Ἐλέγομεν
3672 2292 3753 2360 δὲ,

2178 2381 2255 2446 ὡς
2298 2382 2393 2437 καὶ
2422 2382 2514 2437 τὸν
2545 2383 2707 2454 νόμον
2740 2383 2855 2438 λύει
2897 2384 3192 2450 Μωῦσέως,
3227 2387 3275 2438 εί
3312 2385 3434 2453 ἄγοι
3465 2383 3661 2456 βρέφος
3694 2386 3758 2437 ιν

2182 2472 2465 2545 Σαϐϐάτῳ,
2494 2474 2706 2547 ἡμέραν
2730 2475 2923 2546 ὀγδόην
2953 2462 3051 2547 τῆς
3092 2477 3389 2548 περιτομῆς
3415 2477 3472 2529 ἑν
3497 2476 3635 2547 αὐτῇ
3664 2493 3757 2545 γι-

2180 2565 2427 2639 νομένης.
2458 2565 2569 2638 Τὴν
2601 2566 2789 2638 ὁμοίαν
2814 2566 2955 2638 ἔχειν
2983 2567 3239 2638 ἐλέγομεν
3277 2567 3503 2638 δύναμιν
3530 2568 3624 2621 καὶ
3650 2567 3758 2637 τὴν

2180 2658 2487 2729 ΚὈριακὴν,
2518 2658 2616 2730 τὴν
2646 2660 3011 2730 ἀναπάσιμον
3050 2656 3213 2713 οὖσαν
3256 2659 3350 2713 τοῦ
3386 2659 3614 2734 Κυρίου,
3658 2663 3757 2715 καὶ

2179 2751 2550 2821 τυγχάνουσαν
2591 2751 2700 2806 ἀπὸ
2749 2752 2848 2823 τῆς
2904 2750 3127 2825 πρώτης
3172 2752 3382 2825 ὀγδόην,
3428 2751 3649 2823 πρώτην
3698 2754 3759 2809 δὲ

2181 2843 2323 2899 κατὰ
2349 2842 2510 2915 φύσιν
2539 2843 2889 2916 ὑπάρχουσαν
2908 2861 2923 2877 ·
2953 2842 3257 2916 καθαρτικὴ
3294 2844 3405 2917 γάρ
3431 2846 3546 2898 ἐστι
3572 2843 3759 2916 πάσης

2177 2936 2376 3008 Ψυχῆς.

582 3113 747 3170 Vsns.
771 3114 826 3180 2,
851 3116 906 3171 3.
942 3114 1164 3173 Salvum
1183 3134 1264 3172 me
1281 3118 1390 3188 fac,
1408 3117 1652 3186 Domine,
1675 3123 1925 3193 quoniam
1946 3124 2080 3195 defe-

2252 3113 2462 3170 Σῶσόν
2502 3132 2601 3185 με,
2646 3097 2840 3189 Κύριε,
2895 3105 2985 3167 ὅτι
3027 3104 3389 3186 ,ἐκλέλοιπεν
3428 3109 3620 3176 ὅσιος,
3665 3107 3761 3164 ὅτι

509 3208 579 3261 cit
606 3217 843 3275 sanctus,
878 3210 1126 3281 quoniam
1155 3210 1431 3268 diminuta
1460 3222 1584 3267 sunt
1613 3215 1857 3271 veritates
1890 3233 1923 3270 a
1950 3218 2081 3287 [iliis

508 3299 799 3358 hominum.
856 3302 1005 3359 Vana
1034 3302 1195 3377 locuti
1239 3314 1364 3359 sunt
1407 3306 1762 3377 unusquisque
1802 3306 1871 3361 ad
1899 3309 2082 3377 proxi-

510 3406 654 3445 mum
699 3408 877 3454 suum.
924 3393 1070 3449 labia
1107 3396 1295 3451 dolosa
1333 3398 1387 3451 in
1427 3396 1602 3465 corde,
1644 3408 1694 3453 et
1733 3400 1889 3456 corde
1921 3400 2084 3457 locuti

507 3488 655 3534 sunt.
690 3477 883 3537 Totam
914 3483 1065 3539 illam
1103 3486 1191 3541 sui
1236 3488 1501 3558 temporis
1528 3491 1935 3560 generationem
1969 3493 2083 3548 cri-

510 3571 755 3630 minatur
789 3593 803 3631 :
831 3587 959 3632 nam
999 3577 1056 3633 in
1091 3580 1448 3651 sequentibus
1480 3582 1626 3640 dicet
1653 3604 1667 3640 :
1696 3583 1798 3651 Tu,
1836 3585 2079 3652 Domine,

509 3666 743 3724 seruabis
777 3685 872 3724 nos
903 3680 954 3725 et
999 3673 1266 3728 custodies
1313 3691 1410 3730 nos
1457 3693 1491 3730 a
1534 3679 1868 3747 generatione
1895 3681 1996 3733 hac
2027 3681 2084 3734 in

510 3768 791 3813 sternunt.
840 3759 989 3817 Talis
1036 3765 1182 3818 enim
1236 3774 1322 3822 est
1365 3768 1517 3837 prior
1543 3769 1633 3823 illa
1679 3772 1980 3841 generatio,
2016 3772 2086 3829 de

510 3865 620 3919 qua
659 3848 907 3907 Salvator
938 3853 1054 3909 haec
1084 3854 1279 3911 eﬂ'atur
1308 3874 1324 3912 :
1366 3857 1479 3912 Viri
1510 3857 1765 3917 Ninivitaz
1787 3873 2000 3934 surgent
2028 3865 2085 3918 in

508 3940 710 4010 iudicio
739 3958 859 3997 cum
884 3946 1217 4015 generatione
1250 3947 1370 4017 ltac,
1394 3958 1444 4004 et
1473 3950 1894 4008 condemnabam
1918 3972 2034 4010 eam
2061 3968 2084 4011 :

510 4045 561 4088 et
606 4035 786 4105 regina
822 4037 1011 4091 Austri
1033 4038 1077 4103 ⁸,
1117 4047 1172 4095 et
1203 4047 1423 4109 caetera,
1466 4049 1521 4097 et
1560 4058 1778 4099 rursum
1810 4062 1825 4100 :
1855 4045 1944 4101 Sic
1983 4048 2086 4101 erit

513 4128 843 4201 generationi
871 4145 1093 4200 nequam
1123 4131 1245 4187 huic
1267 4131 1310 4195 ’,
1342 4131 1531 4205 Neque
1557 4132 1760 4205 injuria
1794 4136 1968 4207 ipsam
1991 4153 2085 4194 ac-

510 4236 670 4286 cuso,
711 4222 791 4277 ait
819 4221 1126 4295 Propheta;
1162 4226 1258 4282 sed
1288 4226 1415 4299 quia
1445 4243 1607 4283 nemo
1635 4240 1861 4285 sanctus
1883 4231 1937 4286 in
1969 4231 2082 4299 illa,

510 4327 676 4369 nemo
724 4328 910 4370 verax.
969 4313 1424 4388 Quandoquidem
1477 4320 1645 4390 igitur
1688 4322 1897 4376 nullum
1952 4325 2085 4380 mihi

2181 3205 2568 3275 ὠλινώθησαν
2596 3207 2657 3258 al
2696 3203 2965 3269 ἀλήθειαι
3006 3200 3122 3256 ἀπὸ
3157 3199 3274 3254 τῶν
3310 3198 3453 3253 υἱῶν
3492 3198 3609 3253 τῶν
3646 3200 3759 3253 ἀν-

2183 3296 2445 3367 θρώπων.
2504 3279 2737 3351 Μάταια
2782 3294 3100 3362 ἐλάλησαν
3146 3293 3402 3358 ἕκαστος
3457 3289 3603 3359 πρὸς
3648 3290 3764 3343 τέν

2183 3390 2450 3459 πλησίον
2494 3373 2704 3454 αὐτοῦ,
2753 3370 2925 3457 χείλη
2974 3385 3147 3440 δόλια
3186 3384 3254 3438 ἐν
3291 3376 3503 3453 καρδίᾳ
3542 3380 3641 3435 καὶ
3688 3382 3763 3434 ὲν

2182 3481 2399 3552 καρδίᾳ
2423 3479 2754 3550 ἐλάλησαν.
2802 3478 3085 3534 Διαὸάλλει
3117 3480 3297 3531 πᾶσαν
3340 3477 3439 3548 τὴν
3481 3476 3601 3559 καθ’
3630 3474 3763 3529 ἑαυ-

2182 3575 2275 3629 τὸν
2299 3573 2522 3644 γενεάν
2557 3572 2699 3638 λέξει
2725 3572 2833 3644 γὰρ
2875 3572 2968 3626 καὶ
3011 3570 3243 3644 προϊών·
3281 3570 3386 3633 Σὺ,
3423 3570 3621 3637 Κύριε,
3647 3585 3731 3637 sev
3754 3597 3767 3607 ο

2182 3663 2390 3730 ddi-ﬁet;-
2423 3662 2579 3732 ἡμᾶς
2617 3662 2717 3716 καί
2763 3660 3145 3737 διατηρήσεις
3169 3657 3328 3729 ἡμᾶς
3363 3660 3480 3714 ἀπὸ
3524 3658 3633 3727 τῆς
3662 3675 3762 3730 τε-

2183 3754 2325 3822 νεᾶς
2366 3756 2585 3821 ταύτης
2631 3755 2728 3808 καὶ
2773 3740 2861 3820 είς
2909 3754 3014 3807 τὸν
3054 3750 3256 3807 αίῶνα.
3306 3752 3542 3823 Τοιαύτη
3577 3752 3686 3823 γὰρ
3722 3753 3760 3822 ἡ

2184 3847 2424 3920 προτέρα
2450 3845 2632 3915 γενεὰ,
2677 3845 2805 3917 περὶ
2830 3831 2898 3917 ἦς
2923 3844 3027 3916 ἔφη
3056 3846 3150 3899 καὶ
3184 3849 3213 3899 ὁ
3251 3846 3445 3917 Σωτήρ
3469 3856 3484 3875 ⁸
3520 3843 3766 3912 Ἄνδρες

2183 3938 2484 3994 Νινευῗται
2520 3937 2971 4004 ἀναστήσονται
3012 3937 3083 3991 ἐν
3120 3936 3193 4006 τῇ
3236 3939 3431 4006 κρίσει
3466 3936 3615 4006 μετὰ
3649 3934 3766 4002 τῆς

2184 4026 2392 4101 γενεᾶς
2441 4029 2680 4096 ταύτης,
2723 4027 2825 4082 καί
2872 4028 3337 4097 κατακρινοῦσιν
3385 4029 3578 4095 αὐτήν
3597 4044 3611 4058 ο
3660 4026 3767 4083 καὶ

2180 4121 2523 4187 βασίλισσα
2540 4104 2751 4186 Νότου,
2784 4118 2877 4173 καὶ
2907 4118 2977 4173 τὰ
3009 4119 3168 4191 ὲξῆςο
3212 4120 3305 4174 καὶ
3350 4120 3510 4174 πάλιν
3549 4118 3722 4183 οὕτως
3742 4135 3761 4149 ·

2188 4215 2394 4286 Ἔσται
2431 4210 2505 4280 τῇ
2538 4211 2713 4283 γενεᾷ
2746 4210 2820 4281 τῇ
2851 4206 3084 4281 πονηρᾷ
3108 4214 3313 4281 ταύτῃ.
3343 4213 3456 4265 Οὐκ
3478 4212 3679 4275 ἀδίκως
3703 4212 3766 4266 δὲ

2185 4306 2389 4377 ταύτης
2420 4304 2733 4377 κατηγορῶ,
2762 4305 2926 4376 φησιν
2967 4306 2995 4357 ὁ
3024 4306 3343 4375 Προφήτης’
3380 4303 3493 4355 ἀλλ’
3536 4304 3619 4356 ὃτι
3659 4322 3767 4375 μη-

510 4406 706 4463 salutis
758 4415 1036 4464 auctorem
1084 4408 1335 4479 invenio;
1388 4422 1443 4468 tu
1475 4413 1630 4474 mihi,
1667 4412 1916 4481 Domine,
1958 4419 2080 4474 talis

2186 4398 2297 4462 δε¹ις
2320 4399 2463 4461 ὅσιος
2496 4398 2553 4451 ἐν
2582 4398 2739 4468 αὐτῇ,
2771 4397 2958 4468 μηδεὶς
2985 4395 3212 4467 ἀληθής.
3251 4395 3404 4448 Ἐπεὶ
3434 4389 3527 4448 οὖν
3557 4396 3769 4466 μηδένα

509 4504 650 4553 esto.
696 4498 890 4569 Arguit
933 4515 1100 4571 porro
1137 4499 1447 4558 Iudaeorum
1501 4503 1961 4573 incredulitatem,
2015 4510 2085 4566 de

511 4588 716 4657 quibus
761 4591 840 4644 ait
887 4588 1143 4663 Moyses:
1174 4590 1330 4657 Filii,
1366 4595 1421 4649 in
1448 4595 1637 4666 quibus
1684 4597 1835 4651 nulla
1862 4596 1992 4666 ﬁdes
2016 4600 2079 4653 ¹⁰.

511 4677 670 4746 Quod
719 4688 900 4737 autem
947 4697 1091 4747 vana
1140 4683 1307 4739 locuti
1356 4686 1486 4750 sint,
1536 4686 1769 4745 insidias
1813 4687 2083 4746 Salvatori

374 4812 399 4839 ,
510 4778 809 4837 struentes,
843 4781 1007 4844 atque
1035 4774 1226 4831 dolose
1262 4777 1642 4848 aggredientes
1681 4780 1856 4847 illum,
1882 4781 2086 4839 diserte

511 4862 839 4920 testiﬁcatur
866 4863 1283 4938 Evangeliorum
1316 4869 1613 4941 scriptura.

584 5041 755 5099 Vens.
782 5044 838 5108 ι,
867 5044 919 5099 5.
963 5043 1249 5114 Disperdat
1272 5044 1531 5101 Dominus
1554 5046 1796 5101 universa
1826 5044 1969 5104 labia
1987 5046 2084 5102 do-

512 5136 648 5200 losa,
693 5147 745 5190 et
767 5137 1004 5207 linguam
1038 5139 1453 5209 magniloquam.
1483 5138 1586 5207 Qui
1622 5138 1872 5194 dixerunt
1907 5156 1925 5194 :
1956 5139 2086 5195 Lind

509 5244 667 5300 quam
694 5238 931 5283 nostram
973 5230 1452 5300 magniﬁcabimus,
1484 5230 1628 5285 iabia
1652 5240 1833 5285 nostra
1871 5248 1904 5285 a
1936 5230 2085 5286 nobis

510 5332 634 5397 sunt
658 5338 677 5377 :
701 5323 820 5393 quis
866 5330 1044 5394 noster
1068 5321 1325 5376 Dominus
1366 5324 1485 5378 est?
1526 5319 1620 5378 Dei
1650 5323 1818 5386 enim,
1852 5338 1962 5377 non
1987 5337 2086 5376 au-

512 5427 622 5471 tem
664 5413 926 5480 hominis,
964 5423 1085 5470 erat
1127 5428 1320 5470 eorum
1367 5414 1761 5486 malignitatem
1821 5427 2085 5484 superare

2190 4510 2278 4562 μοι
2298 4490 2566 4562 σωτηρίας
2586 4489 2756 4544 αἴτιον
2782 4489 3040 4561 εὑρίσκω,
3067 4487 3229 4551 αὐτός
3253 4503 3365 4558 μοι,
3386 4485 3581 4559 Κύριε,
3606 4487 3768 4542 τοῦτο

2183 4583 2362 4653 γενοῦ.
2424 4582 2696 4653 Διελέγχει
2743 4581 2801 4634 δὲ
2855 4579 2963 4632 τῶν
3018 4578 3291 4633 Ἰουδαίων
3340 4578 3436 4650 τὴν
3482 4579 3764 4641 ἀπιστίαν,

2184 4676 2313 4747 περὶ
2339 4669 2413 4731 ὧν
2448 4691 2581 4746 φησι
2621 4675 2715 4727 καί
2746 4672 3015 4742 Μωῦσῆςο
3074 4671 3217 4737 Υἱοὶ,
3240 4667 3329 4737 οἷς
3370 4673 3479 4725 οὐκ
3507 4671 3638 4725 ἐστι
3670 4672 3772 4725 πίε

2183 4781 2318 4832 στις
2354 4766 2425 4819 ἐν
2448 4763 2672 4829 αὐτοῖς.
2712 4762 2832 4815 Ὅτι
2862 4762 2919 4816 δὲ
2953 4762 3160 4834 μάταια
3190 4761 3413 4817 ἐλάλουν
3446 4761 3769 4816 ἐπιϐουλεύ-

2182 4875 2336 4922 οντες
2370 4856 2451 4929 τῷ
2498 4858 2712 4928 Σωτῆρι
2749 4858 2844 4910 καὶ
2889 4856 3077 4921 δολίως
3120 4855 3269 4928 αὑτῷ
3315 4856 3767 4928 προσερχόμενοι,

2194 4948 2379 5021 σαφῶς
2410 4951 2447 5021 ἡ
2487 4947 2592 5003 τῶν
2626 4935 2969 5017 Εὑαγγελίων
2993 4948 3232 5002 διδάσκει
3250 4949 3457 5021 γραφή.

2271 5041 2730 5109 Ἐξολοθρεύσαι
2762 5041 2977 5109 Κύριος
3022 5040 3217 5094 πάντα
3248 5041 3321 5094 τὰ
3352 5040 3524 5109 χειλη
3560 5037 3632 5091 τὰ
3668 5036 3771 5091 δό-

2184 5128 2307 5198 λια,
2357 5132 2648 5204 γλῶσσαν
2684 5132 3194 5203 μεγαλορρήμονα.
3255 5131 3400 5198 Τοὺς
3443 5130 3723 5196 είπόντας
3748 5147 3763 5161 -

2192 5218 2312 5295 Τὴν
2358 5225 2649 5293 γλῶσσαν
2708 5226 2876 5296 ἡμῶν
2928 5224 3403 5297 μεταιυνοῦμεν,
3460 5222 3535 5276 τὰ
3585 5221 3767 5290 χειλη

2188 5316 2356 5388 ήμῶν
2405 5318 2541 5386 παρ’
2792 5319 2924 5374 ἐστι
2947 5336 2960 5349 ⁸
3015 5318 3107 5384 τίς
3153 5315 3323 5387 ἡμῶν
3344 5315 3558 5385 Κύριός
3593 5314 3727 5367 ἐστι
3744 5327 3772 5378 δ

2188 5409 2321 5464 Θεοῦ
2347 5409 2457 5483 γὰρ
2487 5405 2578 5483 ἦν,
2606 5411 2708 5465 οὐκ
2737 5409 3049 5485 ἀνθρώπου,
3086 5409 3188 5481 τῆς
3214 5409 3440 5464 ἐκείνων
3481 5403 3774 5480 περιγενό-

582 5572 605 5607 '
644 5573 791 5631 θεοί.
823 5587 992 5639 xvtu,
1030 5571 1116 5628 10.
1191 5571 1227 5657 ’ᾖ
1254 5569 1441 5647 Matth.
1480 5586 1579 5641 xu,
1608 5570 1699 5637 41,
1724 5566 1815 5625 42.
1890 5570 1911 5602 ’
1952 5567 2080 5625 ibid.

2181 5566 2216 5622 ἰ.
2298 5565 2342 5600 ¹⁸
2383 5565 2539 5625 Deut.
2572 5581 2746 5629 XXXII,
2779 5558 2870 5624 ΕΟ.

582 5730 659 5803 (ι)
694 5728 831 5787 Vide
858 5743 1023 5803 supra
1049 5729 1188 5804 psal.
1221 5744 1297 5788 vt.

3793 207 3812 237 .,
