4066 6218
466 297 580 361 ω

544 420 713 475 Vens.
769 415 884 478 5-5.
946 420 1195 490 Quandiu
1230 438 1421 491 ponam
1483 419 1708 475 consilia
1765 420 1819 473 in
1862 418 2119 480 animaA

475 530 615 578 nica,
650 513 855 568 dolores
903 516 955 568 in
986 494 1401 581 corde‘meoaie
1441 530 1503 568 ac
1541 513 1736 567 nocte?
1769 510 2042 582 Usquequo

475 605 800 662 excitabitur
824 607 1064 661 inimicus
1092 623 1235 661 meus
1256 623 1412 676 super
1428 624 1506 661 me
1524 609 1549 662 ?
1572 605 1787 673 Respice
1803 614 1852 658 et
1877 620 2010 658 exau
2027 633 2043 644 -

473 698 533 751 di
564 714 661 762 me,
695 697 920 753 Domine
944 698 1082 753 Deus
1110 714 1273 753 meus.
1306 697 1564 753 Illumina
1591 698 1769 753 oculos
1796 714 1956 765 meos,
1982 712 2045 751 ne

475 799 707 860 unquam
740 789 1066 844 obdormiam
1097 790 1151 843 in
1193 798 1400 844 morte:
1436 806 1498 842 ne
1527 787 1736 859 quando
1772 787 1914 841 dicat
1945 787 2045 840 ini-

474 884 642 937 micus
676 900 819 938 meus
848 900 865 936 :
895 881 1164 936 Prtevalui
1198 883 1447 936 adversus
1473 898 1611 936 eum.
1638 880 1920 935 Exaltatur
1941 878 2044 934 ini-

474 973 652 1028 micus
676 972 728 1025 in
762 979 1076 1042 peccantem
1106 980 1330 1042 peccato
1359 970 1891 1042 depressum;secus
1913 984 2043 1025 vero

476 1064 658 1134 agitur
686 1078 809 1117 cum
842 1061 891 1118 is
920 1062 1090 1134 probe
1129 1077 1188 1118 se
1219 1062 1350 1135 agit.
1405 1063 1541 1116 Cum
1596 1050 1775 1118 autem
1814 1063 1952 1117 nolit
1984 1076 2042 1117 se

473 1165 669 1227 praeter
722 1156 973 1210 meritum
1027 1155 1296 1223 exaudiri,
1326 1155 1604 1226 prtemittit
1636 1154 1790 1217 illud,
1823 1156 2039 1224 respice,

471 1263 674 1320 rogans
701 1248 909 1303 scilicet
945 1253 1003 1301 ut
1053 1257 1201 1301 recte
1231 1247 1372 1302 facta
1426 1262 1523 1303 sua
1575 1246 1893 1318 perpendat.
1937 1244 2043 1299 Aut

473 1338 614 1395 forte
640 1340 762 1394 ideo
794 1339 875 1395 sic
904 1339 1168 1408 loquitur,
1191 1338 1337 1409 quod
1382 1336 1528 1393 Deus
1554 1338 1774 1393 nonnisi
1803 1353 1926 1393 eum
1949 1337 2041 1407 qui

467 1429 655 1500 justus
685 1440 771 1485 est
794 1429 1053 1483 exaudire
1084 1429 1276 1485 soleat.
1309 1426 1507 1483 Vultus
1540 1443 1703 1499 porro
1733 1428 1850 1492 Dei,
1882 1428 2045 1482 lumi-

473 1532 542 1571 ne
573 1517 789 1588 plenus,
823 1524 907 1572 est
940 1516 1115 1572 virtus
1145 1515 1394 1587 quzedam
1447 1517 1515 1571 ad
1549 1518 1809 1573 beneﬁcia
1858 1517 2045 1574 confe-

471 1606 641 1661 renda
681 1606 1043 1676 prospiciens,
1078 1606 1238 1676 cujus
1289 1605 1539 1678 quisquis
1573 1609 1847 1679 particeps
1880 1607 2044 1664 fuerit

456 1696 893 1767 illuminabitur,
916 1715 980 1755 ac
1003 1700 1053 1756 si
1081 1700 1352 1757 sularibUs
1374 1700 1540 1756 radiis
1572 1700 1859 1757 frueretur.
1887 1701 2040 1768 Ωιιοά

472 1792 519 1847 si
555 1800 854 1855 avertatur,
884 1799 999 1847 tum
1030 1793 1212 1848 anima
1256 1808 1366 1848 non
1397 1792 1670 1849 illustrata
1714 1796 1770 1849 in
1802 1796 2042 1851 tenebris
2073 1776 2115 1831 Β

472 1883 618 1955 agit;
648 1885 775 1955 quia
804 1883 1097 1940 interiores
1127 1885 1294 1953 oculi,
1320 1885 1576 1941 videlicet
1602 1886 1807 1942 mentis
1834 1887 2043 1958 cogita-

471 1975 672 2040 tiones,
708 1976 857 2031 nihil~
880 1988 1196 2048 operantur.
1220 1977 1355 2033 Cum
1378 1985 1557 2033 autem
1581 1977 1638 2032 in
1665 1986 1891 2049 peccato
1916 1993 2042 2049 per-

471 2060 707 2132 severat,
751 2069 994 2124 tenebris
1042 2070 1217 2141 magis
1288 2070 1571 2141 magisque
1645 2071 2041 2138 obtinentibus,

470 2161 596 2230 quia
628 2162 918 2218 vultusltei
951 2163 1172 2234 penitus
1195 2179 1419 2221 aversus
1444 2174 1654 2234 manet;
1686 2174 1820 2233 tum,
1838 2168 2045 2222 malitia

471 2250 525 2303 id
558 2259 841 2320 cperante,
867 2267 966 2306 ceu
1000 2253 1319 2309 incurabilis
1346 2255 1528 2309 evadit
1557 2276 1569 2310 :
1596 2272 1698 2312 nec
1729 2257 1866 2311 ultra
1900 2258 2047 2311 salu-

469 2341 511 2395 ti
565 2357 678 2397 sua:
736 2344 1062 2416 advigilans,
1111 2346 1179 2401 ad
1224 2354 1455 2404 mortem
1502 2364 1764 2421 peccasse
1807 2348 1931 2421 jure
1970 2350 2048 2406 di-

470 2443 650 2492 catur.

655 2534 708 2602 ί.
742 2545 809 2602 ΙΝ
849 2545 1056 2602 FINEM
1096 2548 1418 2607 PSALMUS
1454 2549 1663 2607 DAVID
1701 2552 1840 2612 XIII.

538 2636 676 2706 Quia
704 2639 820 2694 lucc
849 2641 1165 2712 prophetice
1195 2643 1339 2699 dicta
1363 2646 1416 2699 in
1453 2649 1921 2703 consummatione
1944 2663 2048 2704 ste-

470 2730 717 2784 culorum
753 2731 933 2788 futura
956 2742 1133 2802 erant,
1177 2737 1524 2807 praemittitur
1556 2734 1710 2803 illud,
1738 2741 1791 2795 in
1833 2742 1992 2811 ﬁnem
2025 2756 2044 2795 :

469 2823 715 2893 psalmus
764 2833 946 2883 autem
1004 2841 1116 2882 non
1163 2828 1387 2896 dicitur,
1420 2829 1550 2902 quia
1605 2832 1825 2891 incusat
1855 2849 2044 2892 omnes

469 2914 739 2974 homines.

540 3006 711 3067 Vens.
743 3010 798 3064 2.
829 3008 986 3065 Dixit
1026 3012 1277 3083 insipiens
1308 3019 1365 3069 in
1413 3015 1570 3071 corde
1614 3034 1712 3073 suo
1741 3033 1760 3072 :
1802 3017 1925 3074 Non
1966 3029 2044 3075 est

1137 303 1408 360 EUSEBII
1444 296 1921 357 CIESARIENSIS
1958 295 2109 354 OPP.
2151 295 2336 353 PARS
2395 295 2481 351 ill.
2521 326 2592 338 —
2629 294 3036 351 EXEGETICA.

3619 291 3723 347 ιιι

2219 418 2372 485 Ἕως
2420 418 2585 484 τίνος
2638 416 2896 487 θήσομαι
2950 414 3189 481 ,βουλὰς
3245 411 3315 467 ὲν
3356 409 3533 482 ψυχῇ
3574 427 3719 480 μου,

2144 508 2366 575 ὀδύνας
2391 510 2461 563 ἐν
2492 509 2704 579 καρδίᾳ
2733 528 2853 581 μου
2891 506 3114 579 ἡμέρας
3147 504 3246 559 καὶ
3278 505 3531 570 νυκτόςς
3567 503 3722 569 Ἕως

2144 603 2289 655 πότε
2316 601 2698 669 ὑψωθήσεται
2725 604 2758 655 ὁ
2785 601 2996 669 ἐχθρός
3018 616 3138 669 μου
3165 597 3256 651 ἐπ’
3280 594 3422 667 sps;
3465 595 3725 648 Ἐπίϐλε-

2143 696 2287 762 urar,
2327 692 2694 748 εἰσάκουσον
2725 710 2866 763 μου,
2918 693 3095 761 Κύριε
3125 693 3156 744 ό
3197 687 3340 755 Θεός
3375 704 3513 759 μου.
3543 686 3725 740 Φώτι-

2144 800 2261 842 σον
2286 785 2427 852 τοὺς
2452 786 2795 856 ὀφθαλμούς
2818 802 2957 855 μου,
2974 782 3206 853 μήποτε
3230 779 3489 837 ὑπνώσω
3512 780 3600 845 είς
3627 781 3727 833 θά-

2143 896 2358 933 νατον’
2412 878 2647 949 μήποτε
2699 877 2854 932 εἴποι
2900 879 2933 932 ό
2983 865 3196 946 ἐχθρός
3244 891 3363 944 μου
3396 891 3410 903 ’
3465 873 3723 942 Ἴσχυσα

2143 969 2292 1039 πρὸς
2331 971 2534 1024 αὐτόν.
2565 952 2835 1040 "meam
2866 968 2923 1022 δὲ
2958 967 3098 1032 κατὰ
3125 965 3219 1020 τοῦ
3255 964 3659 1037 ἁμαρτάνοντος
3691 964 3724 1017 ὁ

2144 1062 2337 1134 ἐχθρὸς
2379 1062 2805 1133 ταπεινουμένου
2849 1064 2915 1133 τῇ
2960 1058 3235 1132 ἁμαρτίᾳ·
3272 1056 3365 1111 καὶ
3407 1053 3724 1109 τούναντίον

2142 1153 2675 1226 δικαιοπραγοῦντος.
2718 1156 2807 1221 Ὠς
2839 1154 2970 1226 μηδὲ
3005 1153 3323 1225 βουλόμενος
3356 1148 3580 1221 ἀμισθεὶ
3609 1149 3723 1201 ele-

2144 1248 2492 1320 ακουσθῆναι,
2540 1248 2827 1320 προτάττει
2868 1247 2947 1312 τὸ,
2981 1247 3332 1314 ἐπίϐλεψον,
3385 1242 3725 1314 παρακαλῶν

2147 1341 2272 1394 ίδείν
2302 1339 2465 1395 αὐτοῦ
2493 1340 2562 1394 τὰ
2586 1339 3001 1413 κατορθώματα.
3037 1340 3105 1392 Ἥ
3136 1340 3229 1393 καὶ
3257 1337 3332 1402 ὡς
3357 1336 3453 1391 τοῦ
3475 1336 3611 1391 Θεοῦ
3643 1336 3720 1409 μὴ

2144 1433 2536 1497 εἰσακούοντος,
2564 1435 2611 1485 εἰ
2639 1434 2711 1504 μή
2739 1450 2823 1497 τις
2859 1429 3142 1504 δίκαιος
3172 1427 3468 1503 Πρόσωπον
3494 1428 3553 1484 δὲ
3580 1429 3721 1483 Θεοῦ

2145 1525 2322 1595 φωτὸς
2351 1525 2531 1596 γέμει,
2578 1516 2805 1595 δύναμις
2838 1520 2972 1578 οὖσα
3009 1523 3145 1594 πρὸς
3179 1521 3494 1593 εὐεργεσίαν
3525 1537 3723 1592 προνο-

2144 1619 2386 1691 ουμένηο
2442 1613 2501 1674 οὗ
2549 1637 2633 1683 τις
2688 1617 2926 1689 μετέχων
2974 1615 3410 1687 φωτισθήσεται,
3467 1612 3722 1686 καθάπερ

2145 1712 2382 1786 ἡλιακῶν
2396 1704 2686 1766 ἀπολαύων
2713 1709 2915 1779 αὐγῶν.
2960 1707 3427 1781 Ἀποστραφέντος
3452 1705 3528 1771 δὲ,
3575 1723 3723 1777 μηκ-

2143 1805 2224 1859 έτι
2266 1805 2605 1876 φωτιζομένη
2668 1800 2952 1857 σκοτοῧται
3013 1800 3181 1872 ψυχὴ,
3230 1799 3392 1871 μηδὲν
3436 1797 3723 1870 ἐνεργούν-

2142 1916 2249 1953 των
2274 1897 2382 1951 τῶν
2413 1898 2558 1951 ἔνδον
2585 1894 2896 1968 ὀφθαλμῶν,
2924 1896 3119 1958 οἵτινες
3150 1893 3388 1956 διανοίας
3429 1892 3535 1945 εἰσὶ
3573 1891 3723 1960 λογι-

2146 1991 2291 2063 σμοί.
2332 1988 2723 2062 Ἐπιμενούσης
2748 1990 2803 2043 δὲ
2832 1991 2898 2060 τῇ
2939 1986 3207 2060 ἁμαρτίᾳ,
3237 1987 3328 2040 καὶ
3364 1983 3459 2039 τοῦ
3494 1982 3722 2047 σκότους

2145 2085 2237 2138 ἐπὶ
2281 2083 2439 2137 πλέον
2471 2080 2910 2154 ἐπικρατοῦντος,
2937 2078 3014 2150 τῷ
3056 2079 3151 2132 καὶ
3187 2077 3366 2149 μένειν
3398 2077 3724 2148 ἀπεστραμυ

2149 2174 2308 2246 μένον
2335 2175 2395 2228 τὸ
2438 2175 2726 2247 πρόσωπον
2767 2172 2862 2227 τοῦ
2905 2167 3062 2237 Θεοῦ,
3102 2171 3230 2242 ἑξῆς
3270 2170 3430 2225 οἱονεί
3472 2187 3588 2233 πως
3629 2169 3722 2240 γί-

2145 2284 2294 2320 νεται
2338 2266 2537 2330 κακίας
2577 2265 2925 2337 ἀθεράπευτα
2970 2261 3413 2335 πλημμελοὼης,
3452 2261 3546 2314 καὶ
3588 2261 3722 2333 μήτι

2146 2361 2494 2435 γρηγοροῦσα
2517 2361 2709 2431 λέγοιτ’
2735 2359 2802 2414 ἂν
2828 2358 2907 2423 εἷς
2936 2358 3163 2414 θάνατον
3190 2356 3583 2429 ἡμαρτηκέναι.

2284 2573 2391 2627 ΕΙΣ
2427 2574 2514 2627 ΤΟ
2551 2573 2769 2626 ΤΕΛΟΣ
2808 2569 3080 2627 ΦΑΛΜΟΣ
3127 2571 3214 2624 ΤΩ
3249 2569 3448 2645 ΔΑΥῙΔ
3486 2564 3584 2622 II".

2229 2664 2380 2716 Ἐπεὶ
2411 2661 2582 2717 ταῦτα
2623 2660 2974 2735 προφητικῶς
3003 2659 3270 2734 εἰρημένα
3309 2658 3400 2712 ἐπὶ
3440 2656 3725 2728 συντελείᾳ

2144 2755 2253 2811 τῶν
2282 2755 2488 2809 αἰώνων
2518 2748 2718 2827 ἧμελλε
2756 2753 3023 2825 γίνεσθαι,
3067 2752 3480 2825 προγέγραπται
3519 2749 3602 2813 τὸ,
3631 2749 3723 2814 εὶς

2142 2841 2212 2896 τὸ
2234 2841 2436 2909 τέλος
2464 2842 2676 2915 ψαλμὸς
2703 2844 2778 2915 (1)
2807 2843 2863 2897 δὲ
2887 2844 2986 2897 οὐκ
3024 2841 3239 2914 εἴρηται
3273 2840 3361 2894 διὰ
3383 2839 3445 2894 τὸ
3484 2854 3723 2910 κατηγο-

2148 2936 2261 3006 ρεῖν
2289 2932 2506 2987 πάντων
2557 2933 2650 2988 ἀνθ
2657 2932 2876 3006 ρώπων.

2214 3022 2401 3080 Εἶπεν
2427 3026 2629 3096 ἄφρων
2659 3027 2730 3081 ἐν
2753 3018 2964 3095 καρδίᾳ
2990 3024 3175 3080 αὑτοῦ
3195 3043 3208 3056 ο
3244 3025 3364 3078 Οὐκ
3391 3022 3522 3077 ἐστι
3552 3022 3718 3088 Θεός.

450 3093 632 3154 ’Βεαι
665 3098 916 3171 Corrupti
958 3113 1081 3158 sunt
1131 3114 1181 3159 et
1240 3107 1618 3164 abominabiles
1654 3111 1785 3180 facti
1838 3122 1960 3166 sunt
1992 3113 2045 3166 in

2148 3093 2560 3189 Διεφθάρησαν
2599 3117 2697 3173 καὶ
2728 3093 3183 3187 ἐοόδελύχθησαν
3218 3116 3289 3169 ἐν
3327 3109 3721 3184 ἐπιτηδεύμα-

467 3191 664 3248 studiis
695 3209 714 3247 :
753 3211 854 3248 non
885 3203 962 3249 est
1007 3199 1098 3267 qui
1144 3197 1310 3268 faciat
1352 3199 1565 3257 bonum.
1595 3201 1671 3257 Ex
1728 3204 1905 3261 atheis
1949 3205 2044 3260 alii

468 3282 690 3355 quidem
724 3286 1181 3343 existimaverunt
1211 3288 1380 3347 Deum
1417 3294 1730 3352 nullatenus
1751 3298 2041 3365 exsistere,

469 3374 571 3431 sed
601 3389 803 3433 vanum
840 3393 967 3435 esse
987 3396 1218 3450 nomen;
1244 3383 1358 3450 alii,
1392 3396 1527 3442 vero
1547 3387 1657 3444 Deo
1682 3388 1879 3459 ejecta,
1906 3390 2043 3448 alios

468 3467 564 3540 qui
614 3471 928 3530 nullatenus
979 3481 1108 3529 sunt
1156 3476 1582 3548 conﬁnxerunt;
1611 3480 1704 3536 alii
1744 3498 1875 3539 vero
1922 3498 2046 3540 esse

469 3560 688 3630 quidem
716 3560 886 3620 Deum
918 3563 1198 3633 dixerunt,
1217 3567 1313 3625 sed
1329 3576 1549 3626 terrena
1574 3587 1684 3628 non
1706 3575 2039 3645 prospicere.

467 3654 672 3711 Grinnes
713 3671 876 3727 porro
926 3658 1020 3729 qui
1078 3662 1344 3718 utramvis
1407 3662 1602 3718 harum
1650 3667 2044 3720 sententiarum

468 3754 713 3813 tuentur,
745 3752 801 3804 in
849 3750 1107 3816 atheiam,
1142 3752 1259 3810 sive
1307 3756 1487 3812 omnis
1517 3757 1796 3829 religionis
1844 3759 2043 3831 despe-

466 3850 638 3903 etum,
662 3838 904 3909 prolapsi
932 3848 1079 3898 sunt.
1110 3839 1226 3897 Etsi
1263 3846 1567 3916 vero,'quia
1601 3850 1852 3907 omnibus
1887 3865 1917 3905 a
1945 3867 2044 3906 na.-

466 3938 594 3986 tura
630 3929 797 3991 insita
825 3938 910 3986 est
935 3929 1027 3987 Dei
1065 3932 1282 3999 notitia,
1318 3936 1372 3991 id
1398 3938 1575 4007 palam
1609 3939 1763 3996 eﬂari
1803 3958 1913 3998 non
1946 3958 2045 3999 au-

465 4019 688 4087 debant,
714 4037 823 4078 non
855 4038 973 4089 ore,
1004 4024 1100 4080 sed
1119 4025 1284 4082 corde
1310 4028 1437 4084 talia
1468 4028 1835 4101 loquebantur
1872 4054 1885 4090 :
1918 4050 2043 4089 nam

466 4125 564 4168 ore
590 4119 753 4170 tenus
781 4115 986 4172 multos
1010 4115 1144 4172 deos
1162 4117 1583 4188 proﬁtebantur.
1617 4120 1722 4178 Sed
1758 4135 1821 4180 ex
1853 4138 2042 4180 eorum

467 4203 639 4277 gestis
685 4207 1020 4278 arguebatur
1058 4209 1192 4281 quid
1245 4220 1426 4267 mente
1472 4219 1722 4268 tenerent
1752 4228 1771 4270 :'
1799 4226 1923 4270 nam
1977 4233 2045 4272 ex

467 4296 654 4354 fructu
684 4300 850 4357 arbor
874 4301 1237 4375 dignoscitur.
1284 4301 1421 4359 Cum
1467 4305 1610 4359 enim
1643 4321 1672 4359 a
1706 4307 1865 4363 nullo
1893 4307 2044 4380 ﬂagi-

464 4393 670 4450 tiorum
706 4410 903 4468 genere
949 4404 1336 4469 temperarent,
1373 4400 1633 4472 omnique
1663 4404 1825 4457 modo
1875 4403 2042 4458 vitam

2144 3226 2281 3267 σινο
2324 3214 2435 3267 οὐκ
2480 3213 2611 3267 ἐστι
2642 3211 2829 3266 ποιῶν
2854 3212 3253 3282 χρηστότητα.
3291 3207 3409 3262 Τῶν
3440 3198 3497 3261 δὲ
3540 3205 3725 3261 ἀθέων

2142 3306 2193 3359 οί
2229 3305 2326 3377 μὲν
2363 3305 2437 3378 μὴ
2468 3302 2603 3361 εἶναι
2629 3304 2760 3359 Θεὸν
2794 3302 3070 3367 παντελῶς
3096 3302 3299 3367 ἔδοξαν,
3330 3300 3443 3355 ἀλλ’
3471 3295 3607 3354 εἷναι
3628 3297 3727 3354 διὰ

2142 3399 2297 3452 κενὸν
2332 3398 2535 3470 δνομα⁴
2581 3400 2629 3452 οί
2675 3397 2731 3451 δὲ
2774 3398 2848 3469 μὴ
2890 3397 3048 3461 ὄντας
3096 3395 3425 3460 ἀνέπλασαν,
3455 3385 3546 3447 τδν
3589 3391 3726 3446 ὂντα

2142 3491 2558 3563 παρωσάμενοι⁸
2607 3491 2658 3544 οἱ
2689 3490 2748 3544 δὲ
2773 3485 2913 3545 εἶναι
2940 3490 3037 3561 μὲν
3082 3488 3312 3559 ἔφασαν.
3359 3487 3434 3560 μὴ
3470 3487 3725 3559 προνοεῖν

2143 3580 2202 3635 δὲ
2227 3580 2332 3635 τῶν
2365 3581 2457 3634 ἐπὶ
2478 3580 2602 3651 γῆς.
2629 3578 2695 3635 Ol
2720 3580 2783 3652 δὴ
2810 3580 3009 3644 πάντες
3037 3581 3117 3644 εἰς
3139 3580 3329 3635 ἀθεῖαν
3350 3578 3725 3652 περιετράπη-ι

2145 3689 2243 3727 σαν
2277 3673 2599 3746 φρονοῦντες
2629 3672 2803 3737 οὕτως
2822 3676 2835 3703 ί
2876 3675 2923 3726 εί
2952 3674 3043 3727 καὶ
3083 3672 3157 3744 μὴ
3186 3673 3426 3744 ἐτόλμων
3459 3674 3629 3726 εἰπεῖν
3652 3671 3723 3725 δι’

2142 3764 2210 3826 ἃς
2257 3763 2435 3834 ἔχουσι
2475 3763 2675 3826 πάντες
2730 3761 2966 3832 φυσικὰς
3011 3762 3218 3827 ἐννοίας
3261 3764 3390 3834 περὶ
3421 3761 3589 3816 Θεοῦο
3636 3761 3724 3816 διὸ

2143 3856 2340 3928 καρδίᾳ
2382 3855 2587 3924 ἔλεγον,
2621 3854 2734 3910 ἀλλ’
2775 3856 2837 3909 οὐ
2883 3854 3143 3926 στόματι·
3176 3857 3235 3909 ὲν
3271 3854 3445 3926 τούτῳ
3477 3853 3585 3927 γὰρ
3624 3856 3724 3909 καὶ

2144 3948 2371 4013 πολλοὺς
2413 3945 2590 4017 λέγειν
2628 3947 2843 4001 ἐδόκουν
2874 3945 3048 4010 θεούς.
3086 3946 3406 4019 Ἦλέγχοντο
3431 3938 3487 4002 δέ
3521 3948 3614 4016 ἀφ’
3643 3940 3722 4001 ὧν

2143 4043 2313 4116 ἔδρων
2333 4059 2347 4075 ·
2381 4042 2489 4097 ἀπὸ
2529 4041 2638 4114 γὰρ
2662 4041 2758 4097 τοῦ
2791 4041 3009 4115 καρποῦ
3042 4041 3105 4096 τὸ
3128 4031 3341 4114 δένδρον
3369 4040 3719 4109 γινώσκεται.

2141 4136 2426 4206 Μηδεμιᾶς
2452 4133 2562 4208 γὰρ
2586 4134 2871 4205 ἀσελγείας
2894 4134 3215 4207 φειδόμενοι,
3250 4123 3414 4188 παντῖ
3445 4124 3503 4186 δὲ
3530 4133 3724 4205 τρόπῳ

2141 4227 2233 4281 τὸν
2282 4228 2394 4298 βίον
2440 4228 2915 4301 διαφθειρόμενοι,
2968 4230 3018 4282 εί
3071 4229 3165 4283 καὶ
3226 4228 3451 4300 μυρίους
3509 4228 3721 4298 ὡμολό-

2142 4336 2272 4388 γουν
2306 4320 2482 4386 θεοὺς,
2518 4321 2666 4393 δῆλοι
2700 4318 2837 4392 ἦσαν
2871 4323 3024 4377 οὐδὲν
3054 4323 3204 4391 ὑγιὲς
3238 4320 3558 4392 φρονοῦντες
3592 4324 3724 4395 περὶ

2143 4413 2298 4470 Θεοῦ.
2345 4417 2566 4487 Ἄφρων
2601 4410 2692 4469 οὖν
2745 4406 2915 4479 δντως
2969 4416 2997 4467 ὁ
3038 4406 3144 4487 πρδ
3190 4414 3290 4484 τῆς
3334 4410 3437 4466 τοῦ
3466 4413 3724 4486 Σωτῆρος

465 4483 845 4557 inquinarent,
875 4491 1093 4547 etiamsi
1124 4491 1381 4548 inﬁnitos-
1393 4508 1519 4549 esse
1550 4494 1684 4550 deos
1710 4497 2040 4553 conﬁteren-

2145 4483 2438 4579 ἐπιδημίας
2459 4483 2580 4578 -βίος
2620 4506 2717 4577 (2).
2758 4507 2927 4578 Εἴπερ
2960 4483 3116 4576 ἀρχῆ
3147 4483 3368 4575 σοφίας
3394 4506 3576 4575 φόϐος
3598 4483 3721 4562 Ku-

463 4585 592 4646 tur;
618 4582 794 4651 paiam
817 4591 1006 4639 tamen
1024 4592 1143 4640 erat
1170 4600 1267 4643 eos
1296 4602 1489 4643 sanum
1515 4588 1653 4643 nihil
1681 4588 1750 4645 de
1781 4587 1892 4646 Deo
1912 4606 2039 4646 sen-

463 4668 590 4724 tire.
623 4670 810 4741 Itaque
839 4681 964 4730 ante
997 4673 1305 4733 Salvatoris
1327 4677 1619 4735 adventum
1656 4686 1769 4734 tota
1809 4681 1920 4736 vita
1948 4698 2040 4755 ge-

2138 4600 2298 4669 ρίου,
2331 4599 2525 4683 οὐκοῦν
2565 4598 2646 4670 τῷ
2685 4599 2759 4671 μὴ
2793 4598 3076 4668 φοϐεῖσθαι
3115 4600 3210 4653 ml.
3238 4598 3448 4653 ἀθετεῖν
3480 4599 3720 4654 ἀντίκει-

2140 4706 2230 4744 ται
2337 4688 2518 4760 σοφία.

464 4776 679 4835 Ilusque
703 4764 984 4823 hominum
1009 4770 1277 4841 insipiens
1306 4782 1445 4830 erat.
1480 4773 1617 4829 Nam
1643 4775 1699 4831 si»
1751 4776 1966 4833 initium
1985 4783 2259 4852 sapientia
2317 4787 2476 4841 tim‘or
2514 4785 2732 4841 Domini
2785 4785 2863 4853 ¹³;
2925 4799 3060 4842 sane
3096 4784 3265 4842 Deum
3297 4800 3406 4840 non
3431 4785 3622 4840 timere
3653 4793 3722 4838 ac

464 4855 769 4927 despicere,
798 4860 1111 4931 oppositum
1133 4864 1418 4932 sapientia
1445 4865 1630 4923 fuerit.

535 4948 700 5008 Vsus.
741 4952 795 5010 5.
839 4951 1031 5011 Omnes
1084 4956 1511 5027 declinaverunt,
1580 4964 1741 5020 simul
1821 4969 2036 5025 inutiles

462 5043 596 5115 facti
625 5056 749 5101 sunt
772 5058 792 5099 :
818 5064 923 5103 non
966 5059 1043 5105 est
1072 5053 1163 5121 qui
1192 5052 1363 5122 faciat
1394 5054 1609 5123 bonum,
1644 5076 1748 5114 non
1777 5068 1852 5115 est
1877 5077 2040 5132 usque

463 5137 534 5191 ad
572 5154 755 5196 unum.
797 5138 923 5197 Haec
972 5142 1104 5198 mihi
1157 5145 1412 5202 videntur
1461 5148 1684 5205 tacitam
1742 5152 2035 5222 quamdam

461 5229 673 5289 Iudaici
702 5235 886 5306 populi
945 5237 1382 5296 criminationem
1438 5244 1747 5314 complecti.
1807 5243 1941 5301 Nam
1989 5247 2038 5302 si

537 5389 581 5421 ¹³
617 5387 766 5447 Psal.
801 5406 905 5455 cx,
941 5392 1027 5448 10.

535 5549 611 5629 (Ι)
639 5550 697 5606 In
725 5551 944 5609 Eusebii
979 5555 1283 5629 exemplari
1309 5555 1424 5615 haec
1459 5570 1563 5613 vos
1583 5556 1797 5629 ψαλμοί
1827 5573 1934 5615 non
1957 5558 2029 5613 le-

461 5622 710 5692 gebatur.
739 5640 842 5680 nec
870 5634 954 5681 est
978 5626 1032 5680 in
1063 5622 1289 5682 Hebraeo
1309 5638 1521 5688 nm.

533 5692 608 5770 lg)
647 5692 885 5770 Eusebio
934 5695 1219 5755 familiaris
1259 5709 1345 5755 est
1388 5700 1476 5753 hic
1513 5715 1644 5755 usus
1690 5700 1844 5754 vocis
1885 5698 2021 5770 βίος,

2216 4968 2446 5038 Πάντες
2472 4970 2792 5036 ἐξέκλιναν
2822 4969 2942 5038 ἅμα
2968 4967 3407 5038 ἠχρεώθησαν·
3444 4971 3554 5024 οὐκ
3584 4970 3721 5025 ἔστι

2144 5061 2329 5116 ποιῶν
2365 5065 2773 5132 χρηστότητα,
2804 5064 2914 5115 οὐκ
2942 5062 3114 5115 ἐστιν
3143 5061 3253 5128 ἕως
3284 5061 3440 5127 ἑνός.
3474 5063 3633 5115 Δοκεῖ
3659 5061 3717 5116 δέ

2146 5173 2234 5227 μοι
2278 5155 2344 5211 τὰ
2385 5155 2723 5229 προκείμενα
2755 5155 2846 5209 καὶ
2880 5153 3044 5209 αὑτοῦ
3084 5154 3179 5208 τοῦ
3212 5153 3479 5209 Ἰουδαίων
3532 5153 3721 5220 ἔθνους

2142 5246 2425 5319 λεληθυῖαν
2470 5248 2809 5319 κατηγορίαν
2852 5248 3144 5318 περιέχειν.
3194 5248 3257 5301 Et
3288 5246 3421 5318 γὰρ,
3451 5246 3721 5317 διακύψας

2974 5368 3003 5391 Ω

2138 5556 2337 5627 psalmi
2371 5571 2403 5613 v
2437 5560 2727 5630 accipitur,
2756 5568 2810 5615 et
2847 5561 2903 5615 in
2933 5556 3037 5613 ﬁne
3070 5557 3207 5630 sexti
3238 5558 3365 5612 libri
3403 5553 3476 5630 οε
3509 5572 3723 5630 prmpa-

2134 5626 2338 5684 ratione
2380 5626 2702 5702 evangelica,
2748 5631 2778 5684 ὁ
2826 5629 3197 5702 σύμπαςᾷτῶν
3236 5626 3548 5702 emptam.
3582 5629 3719 5702 βίος,

2133 5701 2433 5772 universum
2464 5699 2731 5757 hominum
2757 5699 2958 5772 genus.
2981 5700 3211 5771 aliisque
3249 5699 3303 5753 in
3331 5699 3468 5755 locis
3493 5714 3603 5757 non
3627 5700 3717 5755 ίι.‹

459 5761 673 5819 scilicet
700 5780 800 5837 pro
823 5766 1090 5828 hominum
1112 5785 1316 5841 genere;
1347 5771 1428 5827 sic
1457 5771 1709 5842 superius
1731 5770 1799 5826 ad
1820 5761 2021 5827 vei-5.?!
2127 5770 2441 5843 frequenter
2477 5772 2580 5830 hoc
2618 5788 2719 5827 usu
2746 5761 3009 5827 occurrit.
