4042 6210
282 353 391 411 M5

1412 347 1909 403 COMMENTARIA
1947 348 2014 403 IN
2049 344 2383 404 PSALMOS.

3424 343 3524 403 1ιῖ

281 470 349 523 ἐκ
396 466 495 522 τοῦ
538 464 770 536 ούρανοῦ
799 463 1003 537 Κύριος
1050 462 1139 517 καὶ
1179 461 1549 530 ἐπισκοπήσας
1597 462 1724 525 τοὺς
1763 461 1855 515 ἐπὶ

1958 460 2258 532 respiciens
2279 458 2345 514 de
2368 457 2507 514 ctelo
2530 456 2793 517 Dominus
2833 466 2996 531 atque
3022 458 3402 526 considerans,
3430 459 3529 514 de.

274 561 381 632 γῆς
440 555 661 620 πάντας
700 549 855 627 εὗρεν
905 555 1251 617 ἐκκλίναντας
1299 554 1392 607 zeal
1442 554 1855 624 ἀχρειωθέντας,

262 650 344 713 ὡς
364 648 594 721 μηδένας
627 646 891 718 μηδαμῶς
917 643 1262 716 εὑρίσκεσθαι
1290 646 1348 698 ἐν
1370 643 1693 716 ἀνθρώποις,
1727 644 1858 715 μηδὲ

274 740 466 810 μέχρις
514 737 684 801 ἐνὸς,
724 738 816 790 τὸν
864 736 997 808 μηδὲ
1049 736 1438 809 ἠχρειωμένον,
1489 737 1623 808 μηδὲ
1673 736 1857 790 ἐκκλί-

275 844 476 881 ναντα’
532 825 829 881 ἀκόλουθόν
868 827 985 879 ἐστι
1016 828 1128 889 τοῖς
1160 827 1295 879 πᾶσι
1344 825 1861 897 συμπεριλαμϐάνε-

283 920 431 986 σθαι,
447 920 624 975 καὶτὸ
650 919 914 973 Ἰουδαίων
938 918 1110 983 ἔθνος,
1127 920 1222 974 zeal
1242 919 1401 972 αὑτὸν
1421 919 1510 973 τὸν
1529 918 1691 973 καλοῦ
1700 936 1859 990 μενον

299 1012 536 1084 Ἰσραήλ.
587 1011 665 1065 Ta
704 1011 885 1080 μέντοι
930 1012 1268 1084 προκείμενα
1300 1010 1455 1081 λόγια
1504 1011 1692 1081 σαφῶς
1754 1013 1859 1066 ἀπ-

288 1104 549 1175 εφήνατο,
568 1104 647 1157 ὅτι
659 1104 858 1167 πάντες
881 1102 1181 1171 ἐξέκλιναν,
1205 1103 1321 1175 ἅμα
1349 1104 1752 1175 ὴχρειώθησαν,
1782 1104 1858 1169 ώς

293 1195 427 1265 μηδὲ
473 1190 609 1250 εἶναι
656 1195 915 1251 ποιοῦντα
964 1197 1342 1269 χρηστότητα,
1392 1198 1526 1269 μηδὲ
1562 1198 1665 1262 ἕως
1716 1200 1852 1263 ἐνός.

291 1287 436 1342 Ἔδει
471 1287 580 1359 γὰρ
617 1286 677 1342 τὸ
730 1289 956 1359 μέγεθος
1005 1290 1353 1361 παραστῆναι
1390 1290 1490 1360 τῆς
1520 1292 1578 1345 ἐν
1618 1294 1732 1355 τοῖς
1762 1293 1857 1346 ἀν-

282 1379 522 1451 θρώποις
570 1382 933 1454 ἐγγενομένης
976 1384 1133 1436 νόσου
1187 1384 1292 1456 πρὸ
1335 1384 1435 1456 τῆς
1479 1384 1572 1437 τοῦ
1608 1385 1859 1456 Σωτῆρος

280 1472 618 1544 παρουσίας·
647 1475 723 1537 ὡς
752 1472 819 1527 ἂν
844 1476 878 1546 ἡ
903 1474 1086 1543 ἄφιξις
1113 1475 1278 1529 αὐτοῦ
1314 1477 1505 1547 φανείη
1533 1480 1646 1541 τοῖς
1692 1478 1857 1531 πᾶσιν

277 1564 577 1633 ἀναγκαία.
615 1566 822 1631 Πάντες
849 1568 957 1639 γὰρ
988 1569 1234 1640 ἥμαρτον
1257 1570 1352 1623 zeal
1381 1567 1730 1641 ὑστεροῦνται
1757 1569 1858 1639 τῆς

271 1659 435 1733 δόξης
476 1661 576 1716 τοῦ
608 1662 765 1729 θεοῦ,
797 1664 1171 1734 δικαιούμενοι
1212 1664 1419 1737 δωρεὰν
1455 1668 1522 1737 τῇ
1562 1664 1725 1719 αὐτοῦ
1762 1666 1861 1736 χά-

274 1766 411 1820 ριτι.
444 1751 666 1824 Ταύτην
689 1753 748 1806 δέ
778 1754 871 1807 zeal
917 1754 946 1806 ό
982 1754 1208 1819 Ἡσαΐας
1239 1755 1541 1828 συμφώνως
1568 1757 1859 1812 ἀποδίδωσι

272 1840 378 1913 τὴν
412 1842 656 1899 διάνοιαν
699 1846 757 1898 ἐν
791 1840 872 1909 οἷς
909 1861 1042 1915 φησι
1099 1846 1234 1917 πρὸς
1270 1846 1370 1919 τὴν
1418 1847 1687 1902 Ἰουδαίων
1734 1866 1858 1903 συν-

271 1934 508 2007 αγωγὴν
542 1936 955 2007 ἀποτεινόμενος
973 1956 987 1969 υ
1016 1938 1168 1994 Ἰδοὺ
1195 1939 1324 2006 ταῖς
1350 1939 1659 2010 ἁμαρτίαις
1690 1941 1859 2012 ὑμῶν

269 2028 580 2100 ὲπράθητε
595 2069 610 2093 ,
656 2031 753 2085 καὶ
799 2030 927 2097 ταῖς
956 2032 1227 2102 drop/atq
1258 2033 1425 2104 ὑμῶν
1460 2034 1859 2099 ὲξαπέστειλα

270 2118 394 2189 τὴν
419 2118 650 2190 μητέρα
675 2119 860 2189 ὑμῶν,
887 2120 1035 2176 διότι
1082 2122 1293 2191 ἦλθον,
1336 2123 1435 2177 real
1453 2126 1566 2178 οὐκ
1584 2121 1662 2195 ἦν
1691 2128 1735 2179 δη
1752 2125 1857 2179 ἄν·

268 2216 541 2281 θρωπος·
594 2211 881 2277 ἐκάλεσα,
925 2214 1024 2267 καὶ
1069 2217 1180 2269 οὐκ
1220 2210 1300 2286 ἦν
1335 2218 1370 2270 ό
1392 2217 1735 2271 ὑπακούων.
1783 2216 1858 2271 Τὸ

265 2303 401 2376 γὰρ,
437 2304 591 2358 διότι
614 2300 825 2376 ἦλθον,
858 2305 1042 2376 ὅμοιον
1076 2305 1144 2360 ἂν
1176 2307 1259 2379 είη
1289 2306 1389 2379 τῷ,
1413 2309 1627 2377 Κύριος
1651 2309 1854 2373 ἐξνοὺ-

213 2429 223 2437 -
256 2396 462 2464 ρανοῦ
494 2394 786 2464 διέκοψεν
815 2396 914 2449 ἐπὶ
953 2396 1097 2463 τοὺς
1133 2398 1307 2465 υἱοὺς
1336 2398 1455 2453 τῶν
1495 2397 1850 2467 ἀνθρώπων

264 2488 328 2541 τὸ
359 2487 423 2541 δέ
446 2504 462 2520 ο
491 2488 603 2542 Kal
628 2490 742 2543 οὐκ
775 2484 856 2556 ἦν
881 2487 1210 2556 ἄνθρωπος,
1251 2490 1349 2543 καὶ
1387 2493 1501 2545 οὐκ
1552 2487 1634 2561 ἦν
1665 2494 1699 2545 ό
1742 2493 1857 2545 ὑπ-

263 2579 536 2647 ακούων,
565 2581 748 2651 ὅμοιον
762 2578 843 2650 τῷ
862 2598 876 2611 ·
904 2579 1469 2653 Πάντεςιὲξέκνιιναν
1495 2583 1592 2636 καὶ
1606 2582 1859 2652 ἠχρειώτ

265 2673 498 2738 θησαν.

352 2844 511 2915 Οὐχί
558 2846 888 2917 γνώσονται
940 2845 1164 2915 πάντες
1214 2851 1269 2903 οί
1316 2847 1689 2919 ἐργαζόμενοι
1738 2849 1855 2919 τὴν

262 2935 537 3005 ἀνομίαν
560 2979 575 3003 ,
628 2943 683 2994 οὶ
730 2940 1038 3006 ἐσθίοντες
1095 2939 1203 2995 τὸν
1254 2941 1410 2995 λαόν
1457 2959 1576 3011 μου
1634 2940 1855 3010 βρώσει

262 3027 500 3098 ἄρτους
538 3030 648 3085 Καί
693 3048 781 3101 μοι
814 3031 963 3085 δοκεῖ
999 3031 1362 3105 προφητεύειν
1408 3033 1705 3106 μεταϐολὴν
1731 3034 1852 3087 ἐσε-

264 3122 400 3175 σθαι
425 3112 538 3175 τῶν
564 3121 732 3176 ἐθνῶν
765 3124 830 3176 ἐκ
864 3122 1158 3195 θηριώδους
1197 3124 1333 3195 βίου,
1361 3126 1456 3179 zeal
1486 3125 1546 3190 ἐξ
1576 3128 1857 3195 ἀγνωσίας

259 3211 434 3276 θεοῦ,
465 3212 561 3266 ἐπὶ
587 3213 794 3285 ἥμερον
828 3214 924 3267 zeal
964 3212 1186 3286 θεοσεϐῆ
1233 3215 1432 3287 τρόπον
1451 3233 1464 3246 ·
1506 3217 1534 3269 ὃ
1564 3218 1658 3271 zeal
1705 3216 1851 3271 ἐστιν
1879 3210 1921 3269 C

258 3301 569 3375 ὀφθαλμοῖς
630 3304 1017 3377 παραλαϐόντα
1082 3308 1424 3378 μαρτυρῆσαι
1479 3308 1736 3380 ἀλήθειαν
1787 3313 1853 3382 τῇ

257 3394 601 3468 προφητείᾳ.
633 3396 952 3468 Ἀναγνώσῃ
975 3397 1154 3451 τοίνυν
1184 3398 1252 3451 τὰ
1278 3400 1610 3471 προκείμενα
1648 3402 1858 3474 ἐρωτη-

259 3486 522 3557 ματικῶς
540 3526 556 3552 ,
598 3487 1007 3559 ’πυνθανομένου
1051 3490 1149 3544 τοῦ
1191 3491 1350 3561 λόγου
1392 3492 1488 3545 καὶ
1523 3490 1852 3562 φάσκοντος·

252 3578 323 3632 Εί
352 3578 458 3633 zeal
484 3578 682 3643 πάντες
711 3579 991 3647 ἐξέκλιναν
1017 3580 1125 3653 πρὸ
1167 3582 1267 3655 τῆς
1306 3581 1399 3636 τοῦ
1434 3582 1673 3654 Χριστοῦ
1712 3601 1855 3656 παρ-

247 3671 460 3737 ουσίας
492 3673 587 3727 zeal
631 3672 1040 3745 ἠχρειώθησαν·
1093 3674 1167 3747 μὴ
1218 3674 1398 3728 τοίνυν
1448 3675 1569 3745 οὐχὶ
1616 3674 1855 3744 γνώσον-

244 3779 347 3819 ται
374 3765 446 3817 ἐν
474 3762 553 3834 τῷ
582 3762 720 3834 μετὰ
754 3763 925 3819 ταῦτα
965 3766 1141 3837 χρόνῳ
1173 3765 1373 3829 πάντες
1411 3769 1462 3819 0i
1497 3765 1861 3838 ἐργαζόμενοι

244 3855 354 3930 τὴν
385 3855 662 3927 ἀνομίαν;
695 3857 1215 3928 προσυπακουόντων
1256 3857 1330 3929 (1)
1361 3857 1535 3928 ἡμῶν·

331 3950 462 4004 Τὸν
518 3949 755 4016 Κύριον,
799 3948 892 4002 zeal
951 3948 1092 4003 κατὰ
1124 3947 1304 4003 κοινοῦ
1343 3948 1507 4004 πάλιν
1548 3948 1854 4021 λαμϐανόν-

243 4059 366 4097 των
402 4039 479 4095 τὰ
521 4039 667 4109 ἐξῆς.
711 4039 823 4093 Καὶ
853 4039 1008 4093 αὐτοὶ
1046 4039 1156 4110 γὰρ
1182 4042 1235 4112 _0l
1281 4039 1450 4095 πάλαι
1480 4040 1571 4094 τὸν
1602 4040 1730 4094 λαὸν
1756 4039 1852 4094 τοῦ

241 4132 399 4191 Θεοῦ
445 4130 581 4185 ὡσεὶ
616 4132 781 4204 ἄρτον
809 4130 1098 4195 ἐσθίοντες,
1152 4132 1246 4186 καὶ
1317 4133 1409 4187 τὸν
1441 4132 1643 4203 Κύριον
1691 4132 1855 4203 μηδε-

243 4224 487 4280 πώποτε
547 4222 1022 4293 ἐπικαλεσάμενοι,
1078 4223 1153 4295 μὴ
1217 4223 1336 4294 οὐχὶ
1409 4221 1706 4291 γνώσονται
1755 4224 1853 4276 αύ-

241 4316 349 4370 τόν
374 4330 393 4378 ;
429 4314 541 4367 Kal
575 4312 802 4376 Ἡσαΐας
832 4312 889 4365 δέ
918 4312 1130 4389 συνᾴδει
1162 4314 1290 4385 περὶ
1324 4313 1431 4367 τῶν
1452 4312 1629 4368 αὐτῶν
1659 4312 1851 4367 θεσπί-

246 4409 377 4473 ζων
410 4405 505 4458 zeal
561 4405 735 4474 λέγων
758 4421 773 4435 ⁸
827 4399 927 4472 Οἷς
980 4406 1092 4459 οὐκ
1134 4404 1437 4474 ἀνηγγέλη
1481 4404 1616 4474 περὶ
1661 4406 1850 4462 αὐτοῦ

250 4498 560 4567 War-tat?
623 4497 723 4551 καὶ
775 4496 834 4552 οἳ
905 4499 1018 4553 οὐκ
1081 4499 1378 4566 ἀκηκόασι
1438 4498 1845 4565 συνήσουσιν.

1956 551 2302 622 prehenderit
2322 565 2512 606 omnes
2537 550 2628 621 qui
2654 550 2709 605 in
2741 558 2888 606 terra
2920 551 3280 608 versabantur
3299 589 3315 615 ,
3359 550 3539 625 decli~_

1955 660 2119 701 nasse
2143 651 2197 700 et
2226 644 2444 700 inutiles
2482 644 2655 699 factos
2705 658 2827 700 esse
2847 684 2862 709 ,
2900 650 2959 698 ut
2988 658 3148 699 nemo
3180 658 3407 714 prorsus
3436 635 3540 700 τοι-ζ

1957 737 2224 806 periretur
2261 736 2315 789 in
2349 735 2662 791 hominibus
2686 773 2701 799 ,
2744 750 2810 793 ac
2853 751 2924 792 ne
2960 736 3044 791 vel
3076 752 3248 798 unus,
3293 736 3387 807 qui
3418 750 3545 791 non,

1957 828 2168 883 inutilis
2198 827 2375 882 factus
2396 836 2559 892 esset,
2590 834 2647 883 et
2684 828 2781 897 qui
2810 843 2918 883 non
2944 826 3296 892 declinasset,
3327 843 3528 884 conse-

1956 936 2132 992 quens
2153 923 2374 977 omnino
2400 928 2483 976 est
2504 935 2629 975 cum
2660 920 2918 977 omnibus
2948 919 3337 991 comprehendi
3361 921 3529 977 etiam

1958 1014 2134 1083 ipsum
2163 1011 2446 1067 Judaicum
2468 1026 2663 1082 genus,
2694 1012 2841 1083 quod
2881 1013 3005 1068 item
3038 1011 3206 1068 Israel
3238 1027 3530 1084 nuncupa.

1956 1111 2073 1158 tum
2097 1112 2201 1165 est.
2234 1101 2360 1159 Istis
2392 1105 2574 1173 itaque
2626 1102 2857 1173 eloquiis
2911 1104 3058 1159 clare
3102 1104 3491 1173 pronuntiatur
3509 1092 3540 1170 ,'

1958 1195 2103 1265 quod
2134 1194 2346 1250 scilicet
2374 1210 2574 1251 .omnes
2600 1194 3012 1259 declinaverint,
3034 1202 3091 1250 et
3120 1196 3281 1250 simul
3309 1197 3531 1254 inutiles

1958 1288 2087 1342 facti
2116 1288 2247 1353 sint,
2279 1287 2356 1342 ita
2378 1294 2438 1342 ut
2463 1288 2646 1344 nullus
2670 1287 2835 1343 fuerit
2859 1289 2951 1358 qui
2978 1287 3182 1344 faceret
3206 1290 3431 1357 bonum,
3459 1306 3534 1348 no

1954 1382 2041 1437 vel
2076 1396 2248 1451 usque
2277 1380 2344 1436 ad
2375 1397 2569 1437 unum.
2620 1380 2726 1436 Par
2757 1380 2861 1436 fuit
2905 1382 3053 1439 enim
3097 1371 3540 1454 magnitudinem

1956 1471 2153 1535 morbi,
2186 1472 2278 1543 qui
2319 1480 2447 1528 ante
2489 1471 2790 1529 Salvatoris
2835 1473 3126 1529 adventum
3182 1474 3236 1530 in
3278 1464 3539 1537 omnibus

1930 1566 2270 1647 ‘hominibus
2322 1566 2713 1637 grassabatur,
2760 1565 2938 1636 palam
2986 1566 3213 1624 facere:
3255 1573 3321 1622 ut
3363 1548 3542 1653 manu:

1959 1657 2155 1714 festum
2178 1659 2433 1715 omnibus
2455 1666 2600 1715 esset
2627 1660 2748 1728 ejus
2779 1658 2835 1714 in
2864 1666 3011 1715 terra
3038 1660 3532 1731 peregrinationem

1958 1747 2130 1805 fuisse
2162 1763 2393 1820 prorsus
2421 1748 2809 1805 necessariam.
2858 1747 3060 1807 Omnes
3102 1750 3371 1819 siquidem
3403 1736 3539 1819 peco’

1885 1832 1930 1887 Β
1957 1842 2252 1905 caverunt,
2283 1856 2474 1898 omnes
2526 1841 2701 1913 gloria
2733 1840 2828 1897 Dei
2862 1842 3220 1912 privabantur
3241 1882 3257 1907 ,
3310 1851 3365 1899 et
3411 1844 3539 1917 jam.

1957 1930 2078 2001 ejus
2124 1934 2298 2004 gratia
2324 1933 2494 2005 gratis
2537 1932 2819 2003 iustiﬁcati
2859 1942 3010 1989 sunt.
3046 1932 3189 1991 Huic
3232 1950 3528 1991 consonam

1955 2020 2123 2080 Isaias
2166 2025 2488 2081 sententiam
2548 2027 2746 2093 tradit,
2802 2026 2895 2082 ubi
2936 2026 3248 2082 Judmorum
3293 2041 3530 2099 synago-

1955 2131 2078 2187 gam
2120 2118 2454 2188 compellans
2476 2118 2552 2173 ait
2579 2120 2667 2175 u:
2707 2119 2840 2175 Ecce
2861 2120 2916 2174 in
2939 2118 3305 2189 iniquitatibus
3342 2119 3527 2174 vestris

1956 2210 2154 2265 uenditi
2178 2212 2324 2276 estis,
2354 2221 2405 2266 et
2448 2212 2504 2267 in
2552 2212 2831 2267 sceleribus
2860 2213 3046 2267 uestris
3086 2212 3272 2267 dimisi
3306 2222 3530 2268 matrem

1955 2312 2181 2361 uestram
2205 2321 2223 2358 :
2254 2306 2379 2376 quia
2404 2308 2539 2367 veni.
2571 2316 2620 2362 et
2658 2323 2760 2360 non
2807 2316 2923 2361 erat
2950 2306 3062 2369 uir;
3115 2306 3313 2369 uocaui,
3345 2316 3394 2361 et
3424 2323 3531 2361 non

1956 2406 2071 2451 erat
2097 2396 2187 2466 qui
2208 2399 2562 2467 responderet.
2597 2396 2733 2451 Illud
2769 2400 2934 2464 enim,
2961 2398 3088 2469 quia
3135 2400 3268 2460 veni.
3294 2399 3378 2456 bis
3408 2415 3530 2455 ver-

1954 2489 2040 2545 bis
2066 2487 2230 2545 aliine
2275 2488 2473 2553 Fuerit,
2528 2489 2787 2546 Dominus
2816 2490 2881 2545 de
2907 2490 3037 2545 caelo
3063 2492 3332 2561 prospexit
3373 2506 3530 2562 super

1956 2583 2098 2653 ﬁlios
2126 2583 2430 2647 hominum;
2458 2583 2592 2638 illud
2613 2591 2817 2649 autem,
2848 2584 2915 2639 Et
2943 2602 3046 2640 non
3065 2595 3181 2640 erat
3210 2587 3308 2647 uir,
3343 2595 3394 2640 et
3424 2603 3529 2642 non

1954 2685 2070 2730 erat
2104 2676 2197 2746 qui
2216 2675 2568 2746 responderet,
2593 2674 2770 2731 simile
2797 2673 2898 2742 illi,
2924 2674 3115 2731 Omnes
3136 2674 3528 2730 declinaverunt

1953 2776 2002 2822 et
2035 2768 2249 2822 inutiles
2276 2767 2408 2837 facti
2435 2776 2578 2822 sunt.

2025 2860 2190 2917 Vens.
2222 2861 2281 2916 4.
2324 2860 2516 2916 Nonne
2557 2870 2867 2933 cognoscent
2904 2878 3082 2917 omnes
3115 2862 3206 2933 qui
3243 2871 3529 2931 operantur

1954 2952 2306 3024 iniquitatem,
2334 2954 2426 3025 qui
2464 2952 2718 3009 devorant
2761 2952 2960 3023 plebem
2994 2971 3163 3009 meam
3214 2953 3551 3010 comedimus-

1952 3044 2105 3111 panis
2125 3046 2151 3099 ?
2178 3042 2407 3100 Videtur
2426 3044 2558 3099 mihi
2594 3043 2884 3099 vaticinari
2910 3045 3148 3099 futuram
3171 3044 3435 3115 gentium,
3458 3057 3529 3098 ex

1953 3135 2064 3189 vita
2092 3135 2263 3190 ferina
2290 3144 2345 3192 et
2370 3136 2675 3208 ignorantia
2706 3136 2823 3199 Dei,
2853 3137 2909 3191 in
2948 3144 3265 3192 mansuetos
3303 3149 3367 3189 ac
3399 3134 3549 3189 reli-.

1954 3228 2140 3299 giosos
2163 3244 2343 3283 mores
2367 3230 2723 3285 mutationem
2752 3250 2765 3284 :
2798 3228 2944 3299 quod
2969 3236 3073 3293 est,
3108 3244 3169 3284 re
3188 3228 3363 3284 oculis
3399 3242 3540 3297 per-l

1958 3327 2132 3389 cepta,
2162 3320 2440 3375 veritatem
2471 3305 2766 3392 prophetiae
2818 3319 3119 3378 testiﬁcari.
3173 3317 3300 3374 Haec
3344 3319 3530 3389 itaque

1956 3412 2327 3485 interrogandi
2355 3428 2505 3469 more
2540 3414 2762 3484 legenda
2796 3421 2958 3482 sunt;
3003 3420 3355 3483 percontatur
3379 3413 3545 3467 enim.

1956 3502 2247 3559 Psalmista
2271 3519 2335 3559 ac
2366 3505 2410 3559 si
2439 3505 2645 3559 diceret
2669 3523 2683 3559 :
2720 3504 2945 3558 Etiamsi
2973 3519 3163 3559 omnes
3185 3510 3309 3557 ante
3322 3502 3527 3558 Christi

1958 3594 2247 3650 adventum
2271 3593 2681 3649 declinaverunt
2703 3600 2758 3648 et
2785 3592 3003 3646 inutiles
3032 3591 3157 3646 facti
3195 3598 3357 3656 sunt,
3391 3605 3529 3643 non-

1957 3706 2026 3744 ne
2047 3690 2101 3743 in
2136 3687 2380 3757 sequenti
2420 3693 2665 3756 tempore
2699 3693 3031 3756 cognoscent
3055 3699 3246 3740 omnes
3276 3684 3370 3754 qui
3397 3687 3539 3759 opes;

1955 3790 2150 3835 rantur
2173 3778 2552 3850 iniquitatem?
2584 3777 2687 3833 Cui
2720 3793 2826 3835 nos
2851 3776 3279 3848 respondemus:

2030 3955 2192 4013 Vsus.
2256 3958 2309 4013 5.
2368 3956 2657 4013 Dominum
2709 3973 2814 4011 non
2859 3957 3261 4017 invocaverunt,
3312 3962 3367 4009 et
3406 3971 3545 4026 que.

1954 4056 2258 4121 sequuntur
2285 4052 2339 4104 in
2370 4050 2647 4107 communi
2676 4049 2997 4120 accipimus.
3023 4046 3214 4102 Nonne
3240 4047 3399 4102 iidem
3422 4047 3542 4129 ipsi,

1954 4146 2046 4214 qui
2076 4144 2202 4198 olim
2237 4144 2494 4215 populum
2525 4142 2621 4199 Dei
2652 4142 2808 4213 quasi
2834 4158 3028 4212 panem
3065 4139 3441 4205 comedebant,
3474 4136 3540 4223 et:

3586 4208 3593 4237 l

1953 4249 2230 4303 nunquam
2292 4233 2593 4289 Dominum
2628 4234 3057 4298 invocaverunt,
3107 4233 3321 4287 tandem
3375 4232 3542 4286 illum;

1954 4326 2225 4396 cognituri
2251 4327 2413 4381 sunt?
2468 4325 2606 4382 Huic
2646 4326 2849 4381 acciuit
2890 4325 3080 4387 Isaias,
3107 4325 3199 4395 qui
3240 4323 3307 4379 de
3333 4308 3541 4392 iisdem;

1950 4415 2280 4470 vaticinatur
2301 4417 2387 4472 Ιιίε
2405 4417 2615 4473 verbis:
2643 4416 2842 4483 Quibus
2860 4433 2962 4469 non
2988 4414 3444 4469 annuntiatumest
3461 4409 3544 4466 de.
3586 4424 3589 4429 '

1952 4508 2287 4571 eo,videbuut
2305 4525 2323 4562 .'
2344 4519 2389 4563 et
2406 4510 2494 4579 qui
2516 4526 2616 4563 non
2632 4508 2930 4571 audierunt,
2957 4506 3241 4574 intelligent
3260 4506 3323 4562 ιδ.
3338 4538 3379 4547 -
3402 4502 3543 4559 Illic-

264 4586 443 4643 Ἐκεῖ
467 4588 811 4646 ἐδειλίασαν
852 4593 1032 4661 φόϐῳ,
1086 4587 1158 4648 οὗ
1218 4594 1330 4647 οὐκ
1362 4588 1441 4663 ἦν
1491 4594 1691 4662 φόϐος.
1721 4595 1850 4648 Ὅτι

1957 4597 2342 4667 trepidauerunt
2390 4599 2575 4652 timore
2612 4597 2701 4651 ubi
2758 4614 2860 4652 non
2903 4605 3017 4652 erat
3051 4598 3227 4649 timor.
3262 4596 3533 4661 Quoniam

248 4685 291 4741 ό
327 4678 483 4746 Θεὸς
517 4680 586 4734 ὲν
623 4682 798 4753 γενεᾷ
840 4682 1060 4752 δικαίᾳ.
1100 4683 1258 4749 Τίνες
1297 4684 1353 4738 δὲ
1386 4684 1499 4739 ἀλλ’
1531 4685 1565 4757 ἢ
1598 4687 1647 4739 οί
1682 4687 1848 4758 ἐργα-

247 4774 491 4842 ζόμενοι
529 4772 628 4843 τὴν
659 4775 906 4847 ἀνομίαν,
942 4777 1036 4832 zeal
1067 4779 1115 4830 οἱ
1149 4777 1410 4849 πρότερον
1443 4776 1518 4848 μὴ
1557 4777 1848 4832 ἐπικαλούο

253 4880 426 4937 μενοι
456 4862 545 4916 τὸν
573 4863 812 4936 Κύριον;
849 4867 1000 4921 ἔσται
1032 4868 1140 4940 γάρ
1183 4886 1313 4922 ποτε
1361 4869 1569 4941 καιρὸς,
1603 4870 1693 4923 ὅτε
1723 4872 1845 4924 ἐπι-

245 4955 569 5028 γνώσονται
595 4957 777 5021 αὐτὸν,
811 4958 931 5013 καθ’
957 4960 1017 5013 δν
1042 4960 1135 5014 zeal
1162 4960 1325 5029 φόϐον
1355 4960 1718 5032 ἀναλήψονται
1749 4962 1844 5015 τοῦ

245 5047 406 5103 Θεοῦ
428 5048 524 5103 zeal
541 5048 742 5103 δειλίαν
770 5050 1132 5121 ἀγαθήν.⁶ὐτι
1165 5052 1223 5107 δὲ
1247 5053 1337 5106 τὸν
1365 5052 1528 5122 φόϐον
1555 5052 1847 5109 ἀναλαϐεῖν

248 5138 480 5213 Κυρίου
513 5140 716 5211 ἀγαθόν
736 5143 873 5206 ἐστι,
911 5142 1068 5213 δῆλον
1093 5144 1199 5197 ἀπὸ
1224 5142 1319 5200 τοῦ
1345 5144 1596 5213 λέγεσθαι
1612 5162 1627 5176 ο
1670 5145 1842 5215 Ἀρχὴ

244 5232 492 5302 σοφίας
544 5233 729 5302 φόϐος
751 5235 991 5302 Κυρίου.
1024 5237 1087 5289 Ol
1116 5235 1430 5307 δηλούμενοι
1466 5238 1646 5292 τοίνυν
1676 5237 1841 5309 φοϐηη

245 5325 524 5397 θήσονται
549 5328 674 5383 ἐκεῖ
697 5326 845 5397 φόϐῳ
863 5343 875 5356 ⁸
905 5326 1150 5380 τουτέστι
1180 5332 1328 5385 τότε.
1350 5329 1481 5384 Τίνα
1515 5331 1571 5384 δὲ
1601 5331 1846 5405 φοϐηθή-.

341 5521 391 5553 ¹⁸
430 5521 536 5581 Isa.
569 5538 625 5588 ι,
662 5522 794 5591 1,2.
872 5524 914 5556 ³⁸
955 5521 1060 5580 Isa.
1096 5539 1203 5588 ut,
1240 5522 1323 5579 l5.
1404 5527 1446 5557 “‘
1484 5526 1629 5584 Psal.
1665 5545 1753 5596 cx,
1789 5528 1874 5585 to.

1956 4690 2215 4746 Dominus
2247 4692 2301 4744 in
2328 4691 2658 4760 generatione
2674 4691 2828 4761 justa
2856 4698 2953 4744 est.
2988 4687 3217 4755 Quinam
3249 4703 3379 4758 ergo
3419 4687 3533 4743 nisi

1953 4781 1991 4835 ii
2013 4780 2105 4851 qui
2134 4791 2429 4849 operantur
2452 4781 2817 4852 iniquitatem,
2849 4791 2903 4836 et
2936 4781 3027 4851 qui
3054 4780 3205 4851 prius
3239 4778 3525 4836 Dominum

1952 4888 2062 4927 non
2094 4873 2458 4927 invocabant?
2488 4872 2603 4927 Erit
2632 4874 2777 4929 enim
2814 4882 3032 4945 tempus
3063 4889 3172 4945 quo
3194 4880 3527 4944 cognoscent

1952 4962 2126 5024 illum,
2151 4978 2213 5018 ac
2243 4971 2376 5018 tunc
2422 4964 2618 5019 timore
2662 4962 2757 5018 Dei
2805 4964 3201 5035 formidineque
3234 4964 3375 5018 bona
3406 4963 3528 5017 alli—

1953 5056 2186 5111 cientur.
2220 5056 2374 5123 Quod
2399 5065 2580 5111 autem
2620 5056 2788 5127 proba
2829 5072 2917 5113 res
2967 5058 3037 5113 sit
3088 5058 3283 5113 timore
3312 5044 3539 5127 Domini“

1953 5146 2119 5212 afﬁci,
2155 5148 2333 5219 palam
2366 5158 2448 5203 est
2476 5164 2543 5203 ex
2574 5148 2727 5204 hisce
2745 5149 2927 5205 verbis
2954 5170 2968 5204 :
3003 5148 3227 5203 Initium
3254 5132 3538 5221 sapientia;

1952 5240 2109 5292 timor
2136 5239 2346 5293 Domini
2376 5240 2435 5292 ".
2475 5239 2552 5293 Illi
2589 5240 2772 5311 itaque
2798 5239 2866 5296 de
2904 5240 3105 5312 quibus
3140 5241 3252 5310 jam
3299 5251 3479 5295 sermo
3503 5224 3537 5297 ,'

1949 5334 2081 5400 illic,
2110 5333 2165 5387 id
2206 5342 2309 5401 est,
2335 5344 2459 5389 tunc
2502 5335 2851 5406 trepidabunt
2898 5336 3114 5392 timore.
3146 5332 3319 5400 Quem
3358 5340 3522 5400 porro

339 5700 419 5777 (ι)
459 5704 971 5777 Προσυπακούειν.
996 5704 1048 5758 id
1080 5713 1165 5759 est
1204 5703 1531 5777 respondere.
1568 5704 1702 5763 Vide
1736 5707 1790 5762 in
1820 5706 1855 5763 0

1952 5707 2168 5764 mastico
2192 5706 2259 5763 ad
2300 5707 2503 5763 calcem
2539 5721 2765 5777 operum
2800 5698 3081 5758 Athanasii
3109 5696 3164 5750 in
3200 5705 3334 5748 voce
3368 5689 3535 5753 ὑπείη

253 5771 472 5837 κούειν,
508 5782 561 5830 et
594 5773 901 5842 ὑπακούων,
938 5791 1135 5846 supra,
1169 5776 1234 5831 ad
1269 5791 1410 5831 vers.
1441 5776 1492 5829 ⁷ι.
