  <div class='ocr_page' id='page_1' title='image "/cluster/home/n/w/nwhite01/storage/ocr_20150623/23/hvd.32044073501116/079.png"; bbox 0 0 4042 6210; ppageno 0'>
   <div class='ocr_carea' id='block_1_1' title="bbox 549 338 653 396">
    <p class='ocr_par' dir='ltr' id='par_1_1' title="bbox 549 338 653 396">
     <span class='ocr_line' id='line_1_1' title="bbox 549 338 653 396; baseline -0.019 -1"><span class='ocrx_word' id='word_1_1' title='bbox 549 338 653 396; x_wconf 75' lang='lat' dir='ltr'><strong>N7</strong></span> 
     </span>
    </p>
   </div>
   <div class='ocr_carea' id='block_1_2' title="bbox 1351 342 3223 414">
    <p class='ocr_par' dir='ltr' id='par_1_2' title="bbox 1351 342 3223 414">
     <span class='ocr_line' id='line_1_2' title="bbox 1351 342 3223 414; baseline 0.007 -14"><span class='ocrx_word' id='word_1_2' title='bbox 1351 342 1618 400; x_wconf 79' lang='lat' dir='ltr'><strong>EUSEBII</strong></span> <span class='ocrx_word' id='word_1_3' title='bbox 1659 345 2141 402; x_wconf 60' lang='lat' dir='ltr'><strong>CxESARlENSlS</strong></span> <span class='ocrx_word' id='word_1_4' title='bbox 2174 347 2323 404; x_wconf 86' lang='lat' dir='ltr'><strong>OPP.</strong></span> <span class='ocrx_word' id='word_1_5' title='bbox 2362 348 2543 406; x_wconf 73' lang='lat' dir='ltr'><strong>PARS</strong></span> <span class='ocrx_word' id='word_1_6' title='bbox 2581 349 2669 408; x_wconf 88' lang='lat' dir='ltr'><strong>Ill.</strong></span> <span class='ocrx_word' id='word_1_7' title='bbox 2713 383 2781 395; x_wconf 89' lang='lat'>—</span> <span class='ocrx_word' id='word_1_8' title='bbox 2815 352 3223 414; x_wconf 80' lang='lat' dir='ltr'><strong>EXEGETICA.</strong></span> 
     </span>
    </p>
   </div>
   <div class='ocr_carea' id='block_1_3' title="bbox 3698 358 3804 416">
    <p class='ocr_par' dir='ltr' id='par_1_3' title="bbox 3698 358 3804 416">
     <span class='ocr_line' id='line_1_3' title="bbox 3698 358 3804 416; baseline 0.019 -3"><span class='ocrx_word' id='word_1_9' title='bbox 3698 358 3804 416; x_wconf 77' lang='grc' dir='ltr'><strong>ιιε</strong></span> 
     </span>
    </p>
   </div>
   <div class='ocr_carea' id='block_1_4' title="bbox 544 455 2107 542">
    <p class='ocr_par' dir='ltr' id='par_1_4' title="bbox 544 455 2107 522">
     <span class='ocr_line' id='line_1_4' title="bbox 544 455 2107 522; baseline 0.004 -14"><span class='ocrx_word' id='word_1_10' title='bbox 544 455 816 510; x_wconf 73' lang='lat' dir='ltr'><strong>timebunt</strong></span> <span class='ocrx_word' id='word_1_11' title='bbox 872 455 980 512; x_wconf 86' lang='lat' dir='ltr'><strong>nisi</strong></span> <span class='ocrx_word' id='word_1_12' title='bbox 1012 455 1339 511; x_wconf 83' lang='lat' dir='ltr'><strong>Dominum?</strong></span> <span class='ocrx_word' id='word_1_13' title='bbox 1366 456 1479 511; x_wconf 85' lang='lat' dir='ltr'><strong>illic</strong></span> <span class='ocrx_word' id='word_1_14' title='bbox 1511 465 1718 521; x_wconf 88' lang='lat' dir='ltr'><strong>autem,</strong></span> <span class='ocrx_word' id='word_1_15' title='bbox 1746 457 1997 522; x_wconf 82' lang='lat' dir='ltr'><strong>ubinam,</strong></span> <span class='ocrx_word' id='word_1_16' title='bbox 2023 461 2107 515; x_wconf 89' lang='lat' dir='ltr'><strong>nis</strong></span> 
     </span>
    </p>
   </div>
   <div class='ocr_carea' id='block_1_5' title="bbox 2208 455 3802 542">
    <p class='ocr_par' dir='ltr' id='par_1_5' title="bbox 2235 462 3802 542">
     <span class='ocr_line' id='line_1_5' title="bbox 2235 462 3802 542; baseline 0.007 -28"><span class='ocrx_word' id='word_1_17' title='bbox 2235 478 2416 514; x_wconf 88' lang='grc' dir='ltr'>σονται</span> <span class='ocrx_word' id='word_1_18' title='bbox 2454 462 2486 533; x_wconf 73' lang='grc' dir='ltr'>ἢ</span> <span class='ocrx_word' id='word_1_19' title='bbox 2521 463 2612 517; x_wconf 80' lang='grc' dir='ltr'><strong>τὸν</strong></span> <span class='ocrx_word' id='word_1_20' title='bbox 2643 464 2876 537; x_wconf 79' lang='grc' dir='ltr'>Κύριον;</span> <span class='ocrx_word' id='word_1_21' title='bbox 2912 468 3030 520; x_wconf 85' lang='grc' dir='ltr'>ἐκεῖ</span> <span class='ocrx_word' id='word_1_22' title='bbox 3057 468 3132 534; x_wconf 81' lang='grc' dir='ltr'>δὲ,</span> <span class='ocrx_word' id='word_1_23' title='bbox 3163 467 3265 521; x_wconf 77' lang='grc' dir='ltr'>ποῦ</span> <span class='ocrx_word' id='word_1_24' title='bbox 3298 468 3330 542; x_wconf 74' lang='grc' dir='ltr'>ἢ</span> <span class='ocrx_word' id='word_1_25' title='bbox 3359 469 3415 522; x_wconf 87' lang='grc' dir='ltr'><strong>ἐν</strong></span> <span class='ocrx_word' id='word_1_26' title='bbox 3441 471 3505 540; x_wconf 75' lang='grc' dir='ltr'>τῇ</span> <span class='ocrx_word' id='word_1_27' title='bbox 3539 468 3802 542; x_wconf 63' lang='grc' dir='ltr'>μελλοὺσπ</span> 
     </span>
    </p>
   </div>
   <div class='ocr_carea' id='block_1_6' title="bbox 547 548 2119 621">
    <p class='ocr_par' dir='ltr' id='par_1_6' title="bbox 547 548 2119 621">
     <span class='ocr_line' id='line_1_6' title="bbox 547 548 2119 621; baseline 0.003 -20"><span class='ocrx_word' id='word_1_28' title='bbox 547 548 602 602; x_wconf 90' lang='lat' dir='ltr'><strong>in</strong></span> <span class='ocrx_word' id='word_1_29' title='bbox 649 564 710 604; x_wconf 86' lang='lat' dir='ltr'><strong>ea</strong></span> <span class='ocrx_word' id='word_1_30' title='bbox 766 563 886 618; x_wconf 66' lang='lat' dir='ltr'><strong>quae</strong></span> <span class='ocrx_word' id='word_1_31' title='bbox 936 556 1164 605; x_wconf 88' lang='lat' dir='ltr'><strong>ventura</strong></span> <span class='ocrx_word' id='word_1_32' title='bbox 1204 557 1286 606; x_wconf 92' lang='lat' dir='ltr'><strong>est</strong></span> <span class='ocrx_word' id='word_1_33' title='bbox 1335 550 1714 621; x_wconf 79' lang='lat' dir='ltr'><strong>generatione?</strong></span> <span class='ocrx_word' id='word_1_34' title='bbox 1767 553 2119 620; x_wconf 85' lang='lat' dir='ltr'><strong>quamobrem</strong></span> 
     </span>
    </p>
   </div>
   <div class='ocr_carea' id='block_1_7' title="bbox 545 639 858 711">
    <p class='ocr_par' dir='ltr' id='par_1_7' title="bbox 545 639 858 711">
     <span class='ocr_line' id='line_1_7' title="bbox 545 639 858 711; baseline 0.01 -19"><span class='ocrx_word' id='word_1_35' title='bbox 545 639 825 711; x_wconf 77' lang='lat' dir='ltr'><strong>subiungit</strong></span> <span class='ocrx_word' id='word_1_36' title='bbox 844 659 858 694; x_wconf 91' lang='lat'><strong>:</strong></span> 
     </span>
    </p>
   </div>
   <div class='ocr_carea' id='block_1_8' title="bbox 615 731 2122 809">
    <p class='ocr_par' dir='ltr' id='par_1_8' title="bbox 615 731 2122 809">
     <span class='ocr_line' id='line_1_8' title="bbox 615 731 2122 809; baseline 0.008 -25"><span class='ocrx_word' id='word_1_37' title='bbox 615 731 781 788; x_wconf 73' lang='lat' dir='ltr'><strong>Vens.</strong></span> <span class='ocrx_word' id='word_1_38' title='bbox 818 733 874 788; x_wconf 91' lang='lat'><strong>6.</strong></span> <span class='ocrx_word' id='word_1_39' title='bbox 917 733 1180 800; x_wconf 83' lang='lat' dir='ltr'><strong>Quoniam</strong></span> <span class='ocrx_word' id='word_1_40' title='bbox 1225 732 1482 788; x_wconf 77' lang='lat' dir='ltr'><strong>Dominus</strong></span> <span class='ocrx_word' id='word_1_41' title='bbox 1518 735 1576 789; x_wconf 91' lang='lat' dir='ltr'><strong>in</strong></span> <span class='ocrx_word' id='word_1_42' title='bbox 1607 739 1940 806; x_wconf 82' lang='lat' dir='ltr'><strong>generatione</strong></span> <span class='ocrx_word' id='word_1_43' title='bbox 1968 740 2122 809; x_wconf 84' lang='lat' dir='ltr'><strong>justa</strong></span> 
     </span>
    </p>
   </div>
   <div class='ocr_carea' id='block_1_9' title="bbox 541 825 2121 897">
    <p class='ocr_par' dir='ltr' id='par_1_9' title="bbox 541 825 2121 897">
     <span class='ocr_line' id='line_1_9' title="bbox 541 825 2121 897; baseline 0.006 -17"><span class='ocrx_word' id='word_1_44' title='bbox 541 836 641 882; x_wconf 82' lang='lat' dir='ltr'><strong>est.</strong></span> <span class='ocrx_word' id='word_1_45' title='bbox 675 825 969 882; x_wconf 71' lang='lat' dir='ltr'><strong>Consilium</strong></span> <span class='ocrx_word' id='word_1_46' title='bbox 1006 828 1174 896; x_wconf 87' lang='lat' dir='ltr'><strong>inopis</strong></span> <span class='ocrx_word' id='word_1_47' title='bbox 1217 828 1535 897; x_wconf 77' lang='lat' dir='ltr'><strong>confudistis</strong></span> <span class='ocrx_word' id='word_1_48' title='bbox 1559 868 1576 893; x_wconf 95' lang='lat'><strong>,</strong></span> <span class='ocrx_word' id='word_1_49' title='bbox 1633 829 1892 886; x_wconf 79' lang='lat' dir='ltr'><strong>Dominus</strong></span> <span class='ocrx_word' id='word_1_50' title='bbox 1945 846 2121 889; x_wconf 87' lang='lat' dir='ltr'><strong>autem</strong></span> 
     </span>
    </p>
   </div>
   <div class='ocr_carea' id='block_1_10' title="bbox 542 918 2122 996">
    <p class='ocr_par' dir='ltr' id='par_1_10' title="bbox 542 918 2122 996">
     <span class='ocr_line' id='line_1_10' title="bbox 542 918 2122 996; baseline 0.006 -23"><span class='ocrx_word' id='word_1_51' title='bbox 542 934 660 986; x_wconf 87' lang='lat' dir='ltr'><strong>spes</strong></span> <span class='ocrx_word' id='word_1_52' title='bbox 686 921 800 989; x_wconf 87' lang='lat' dir='ltr'><strong>ejus</strong></span> <span class='ocrx_word' id='word_1_53' title='bbox 827 927 923 975; x_wconf 84' lang='lat' dir='ltr'><strong>est.</strong></span> <span class='ocrx_word' id='word_1_54' title='bbox 960 918 1432 986; x_wconf 83' lang='lat' dir='ltr'><strong>Quemadmodum</strong></span> <span class='ocrx_word' id='word_1_55' title='bbox 1466 921 1518 975; x_wconf 93' lang='lat' dir='ltr'><strong>in</strong></span> <span class='ocrx_word' id='word_1_56' title='bbox 1555 922 1679 977; x_wconf 85' lang='lat' dir='ltr'><strong>aliis</strong></span> <span class='ocrx_word' id='word_1_57' title='bbox 1714 939 1932 995; x_wconf 91' lang='lat' dir='ltr'><strong>quoque</strong></span> <span class='ocrx_word' id='word_1_58' title='bbox 1973 929 2122 996; x_wconf 83' lang='lat' dir='ltr'><strong>judi-</strong></span> 
     </span>
    </p>
   </div>
   <div class='ocr_carea' id='block_1_11' title="bbox 541 1011 2121 1083">
    <p class='ocr_par' dir='ltr' id='par_1_11' title="bbox 541 1011 2121 1083">
     <span class='ocr_line' id='line_1_11' title="bbox 541 1011 2121 1083; baseline 0.003 -15"><span class='ocrx_word' id='word_1_59' title='bbox 541 1013 666 1074; x_wconf 83' lang='lat' dir='ltr'><strong>ciis,</strong></span> <span class='ocrx_word' id='word_1_60' title='bbox 732 1027 852 1083; x_wconf 62' lang='lat' dir='ltr'><strong>qua;</strong></span> <span class='ocrx_word' id='word_1_61' title='bbox 893 1011 961 1067; x_wconf 88' lang='lat' dir='ltr'><strong>de</strong></span> <span class='ocrx_word' id='word_1_62' title='bbox 1011 1012 1393 1067; x_wconf 84' lang='lat' dir='ltr'><strong>contractibus</strong></span> <span class='ocrx_word' id='word_1_63' title='bbox 1447 1020 1502 1068; x_wconf 89' lang='lat' dir='ltr'><strong>et</strong></span> <span class='ocrx_word' id='word_1_64' title='bbox 1554 1012 1622 1068; x_wconf 92' lang='lat' dir='ltr'><strong>de</strong></span> <span class='ocrx_word' id='word_1_65' title='bbox 1658 1018 1987 1072; x_wconf 84' lang='lat' dir='ltr'><strong>commercio</strong></span> <span class='ocrx_word' id='word_1_66' title='bbox 2042 1018 2121 1074; x_wconf 80' lang='lat' dir='ltr'><strong>fe-</strong></span> 
     </span>
    </p>
   </div>
   <div class='ocr_carea' id='block_1_12' title="bbox 537 1102 2118 1175">
    <p class='ocr_par' dir='ltr' id='par_1_12' title="bbox 537 1102 2118 1175">
     <span class='ocr_line' id='line_1_12' title="bbox 537 1102 2118 1175; baseline 0.005 -18"><span class='ocrx_word' id='word_1_67' title='bbox 537 1110 756 1166; x_wconf 89' lang='lat' dir='ltr'><strong>runtur,</strong></span> <span class='ocrx_word' id='word_1_68' title='bbox 792 1104 940 1157; x_wconf 89' lang='lat' dir='ltr'><strong>nulla</strong></span> <span class='ocrx_word' id='word_1_69' title='bbox 970 1102 1222 1158; x_wconf 85' lang='lat' dir='ltr'><strong>habenda</strong></span> <span class='ocrx_word' id='word_1_70' title='bbox 1275 1112 1358 1159; x_wconf 93' lang='lat' dir='ltr'><strong>est</strong></span> <span class='ocrx_word' id='word_1_71' title='bbox 1398 1119 1758 1174; x_wconf 89' lang='lat' dir='ltr'><strong>personarum</strong></span> <span class='ocrx_word' id='word_1_72' title='bbox 1810 1109 1984 1175; x_wconf 90' lang='lat' dir='ltr'><strong>ratio;</strong></span> <span class='ocrx_word' id='word_1_73' title='bbox 2037 1111 2118 1166; x_wconf 90' lang='lat' dir='ltr'><strong>sic</strong></span> 
     </span>
    </p>
   </div>
   <div class='ocr_carea' id='block_1_13' title="bbox 539 1193 2116 1264">
    <p class='ocr_par' dir='ltr' id='par_1_13' title="bbox 539 1193 2116 1264">
     <span class='ocr_line' id='line_1_13' title="bbox 539 1193 2116 1264; baseline 0.007 -18"><span class='ocrx_word' id='word_1_74' title='bbox 539 1193 593 1246; x_wconf 89' lang='lat' dir='ltr'><strong>in</strong></span> <span class='ocrx_word' id='word_1_75' title='bbox 629 1193 1154 1257; x_wconf 74' lang='lat' dir='ltr'><strong>consultationibus,</strong></span> <span class='ocrx_word' id='word_1_76' title='bbox 1175 1209 1285 1248; x_wconf 91' lang='lat' dir='ltr'><strong>non</strong></span> <span class='ocrx_word' id='word_1_77' title='bbox 1314 1195 1626 1264; x_wconf 87' lang='lat' dir='ltr'><strong>imperium,</strong></span> <span class='ocrx_word' id='word_1_78' title='bbox 1659 1214 1769 1252; x_wconf 93' lang='lat' dir='ltr'><strong>non</strong></span> <span class='ocrx_word' id='word_1_79' title='bbox 1804 1198 2116 1264; x_wconf 86' lang='lat' dir='ltr'><strong>facultates,</strong></span> 
     </span>
    </p>
   </div>
   <div class='ocr_carea' id='block_1_14' title="bbox 537 1284 2121 1362">
    <p class='ocr_par' dir='ltr' id='par_1_14' title="bbox 537 1284 2121 1362">
     <span class='ocr_line' id='line_1_14' title="bbox 537 1284 2121 1362; baseline 0.005 -21"><span class='ocrx_word' id='word_1_80' title='bbox 537 1284 632 1341; x_wconf 84' lang='lat' dir='ltr'><strong>sed</strong></span> <span class='ocrx_word' id='word_1_81' title='bbox 668 1301 821 1342; x_wconf 89' lang='lat' dir='ltr'><strong>mens</strong></span> <span class='ocrx_word' id='word_1_82' title='bbox 849 1295 998 1341; x_wconf 89' lang='lat' dir='ltr'><strong>recte</strong></span> <span class='ocrx_word' id='word_1_83' title='bbox 1034 1286 1280 1341; x_wconf 85' lang='lat' dir='ltr'><strong>instituta</strong></span> <span class='ocrx_word' id='word_1_84' title='bbox 1307 1287 1588 1358; x_wconf 90' lang='lat' dir='ltr'><strong>probaque</strong></span> <span class='ocrx_word' id='word_1_85' title='bbox 1621 1291 1958 1345; x_wconf 88' lang='lat' dir='ltr'><strong>conscientia</strong></span> <span class='ocrx_word' id='word_1_86' title='bbox 1997 1308 2121 1362; x_wconf 88' lang='lat' dir='ltr'><strong>spe-</strong></span> 
     </span>
    </p>
   </div>
   <div class='ocr_carea' id='block_1_15' title="bbox 535 1377 2116 1452">
    <p class='ocr_par' dir='ltr' id='par_1_15' title="bbox 535 1377 2116 1452">
     <span class='ocr_line' id='line_1_15' title="bbox 535 1377 2116 1452; baseline 0.003 -19"><span class='ocrx_word' id='word_1_87' title='bbox 535 1377 734 1433; x_wconf 85' lang='lat' dir='ltr'><strong>ctanda</strong></span> <span class='ocrx_word' id='word_1_88' title='bbox 771 1386 878 1434; x_wconf 82' lang='lat' dir='ltr'><strong>est.</strong></span> <span class='ocrx_word' id='word_1_89' title='bbox 915 1377 1042 1433; x_wconf 72' lang='lat' dir='ltr'><strong>Haec</strong></span> <span class='ocrx_word' id='word_1_90' title='bbox 1071 1394 1236 1448; x_wconf 90' lang='lat' dir='ltr'><strong>porro</strong></span> <span class='ocrx_word' id='word_1_91' title='bbox 1270 1377 1391 1449; x_wconf 65' lang='lat' dir='ltr'><strong>qua;</strong></span> <span class='ocrx_word' id='word_1_92' title='bbox 1441 1381 1555 1450; x_wconf 81' lang='lat' dir='ltr'><strong>jam</strong></span> <span class='ocrx_word' id='word_1_93' title='bbox 1610 1382 1893 1452; x_wconf 89' lang='lat' dir='ltr'><strong>proposita</strong></span> <span class='ocrx_word' id='word_1_94' title='bbox 1947 1392 2116 1450; x_wconf 88' lang='lat' dir='ltr'><strong>sunt,</strong></span> 
     </span>
    </p>
   </div>
   <div class='ocr_carea' id='block_1_16' title="bbox 533 1471 2118 1543">
    <p class='ocr_par' dir='ltr' id='par_1_16' title="bbox 533 1471 2118 1543">
     <span class='ocr_line' id='line_1_16' title="bbox 533 1471 2118 1543; baseline 0.004 -17"><span class='ocrx_word' id='word_1_95' title='bbox 533 1478 771 1543; x_wconf 88' lang='lat' dir='ltr'><strong>possunt</strong></span> <span class='ocrx_word' id='word_1_96' title='bbox 795 1486 914 1526; x_wconf 88' lang='lat' dir='ltr'><strong>mea</strong></span> <span class='ocrx_word' id='word_1_97' title='bbox 944 1471 1162 1542; x_wconf 87' lang='lat' dir='ltr'><strong>quidem</strong></span> <span class='ocrx_word' id='word_1_98' title='bbox 1186 1473 1458 1528; x_wconf 84' lang='lat' dir='ltr'><strong>sententia</strong></span> <span class='ocrx_word' id='word_1_99' title='bbox 1487 1471 1556 1528; x_wconf 89' lang='lat' dir='ltr'><strong>de</strong></span> <span class='ocrx_word' id='word_1_100' title='bbox 1579 1471 1786 1528; x_wconf 66' lang='lat' dir='ltr'><strong>ludatis</strong></span> <span class='ocrx_word' id='word_1_101' title='bbox 1817 1473 2118 1533; x_wconf 84' lang='lat' dir='ltr'><strong>Salvatoris</strong></span> 
     </span>
    </p>
   </div>
   <div class='ocr_carea' id='block_1_17' title="bbox 534 1564 2121 1638">
    <p class='ocr_par' dir='ltr' id='par_1_17' title="bbox 534 1564 2121 1638">
     <span class='ocr_line' id='line_1_17' title="bbox 534 1564 2121 1638; baseline 0.002 -20"><span class='ocrx_word' id='word_1_102' title='bbox 534 1565 825 1620; x_wconf 86' lang='lat' dir='ltr'><strong>consilium</strong></span> <span class='ocrx_word' id='word_1_103' title='bbox 858 1564 1194 1620; x_wconf 83' lang='lat' dir='ltr'><strong>confundere</strong></span> <span class='ocrx_word' id='word_1_104' title='bbox 1217 1565 1548 1621; x_wconf 86' lang='lat' dir='ltr'><strong>conantibus</strong></span> <span class='ocrx_word' id='word_1_105' title='bbox 1580 1566 1777 1635; x_wconf 85' lang='lat' dir='ltr'><strong>accipi,</strong></span> <span class='ocrx_word' id='word_1_106' title='bbox 1806 1567 1932 1636; x_wconf 87' lang='lat' dir='ltr'><strong>quia</strong></span> <span class='ocrx_word' id='word_1_107' title='bbox 1960 1578 2121 1638; x_wconf 80' lang='lat' dir='ltr'><strong>puta-</strong></span> 
     </span>
    </p>
   </div>
   <div class='ocr_carea' id='block_1_18' title="bbox 533 1656 2116 1728">
    <p class='ocr_par' dir='ltr' id='par_1_18' title="bbox 533 1656 2116 1728">
     <span class='ocr_line' id='line_1_18' title="bbox 533 1656 2116 1728; baseline 0.002 -18"><span class='ocrx_word' id='word_1_108' title='bbox 533 1665 657 1711; x_wconf 89' lang='lat' dir='ltr'><strong>rent</strong></span> <span class='ocrx_word' id='word_1_109' title='bbox 681 1656 858 1726; x_wconf 86' lang='lat' dir='ltr'><strong>ipsum</strong></span> <span class='ocrx_word' id='word_1_110' title='bbox 893 1672 1016 1714; x_wconf 83' lang='lat' dir='ltr'><strong>esse</strong></span> <span class='ocrx_word' id='word_1_111' title='bbox 1049 1657 1268 1728; x_wconf 90' lang='lat' dir='ltr'><strong>inopem</strong></span> <span class='ocrx_word' id='word_1_112' title='bbox 1298 1658 1502 1722; x_wconf 87' lang='lat' dir='ltr'><strong>virum,</strong></span> <span class='ocrx_word' id='word_1_113' title='bbox 1537 1673 1640 1712; x_wconf 92' lang='lat' dir='ltr'><strong>nec</strong></span> <span class='ocrx_word' id='word_1_114' title='bbox 1672 1657 1994 1713; x_wconf 87' lang='lat' dir='ltr'><strong>thesaurum</strong></span> <span class='ocrx_word' id='word_1_115' title='bbox 2028 1659 2116 1713; x_wconf 82' lang='lat' dir='ltr'><strong>di-</strong></span> 
     </span>
    </p>
   </div>
   <div class='ocr_carea' id='block_1_19' title="bbox 2227 553 3280 630">
    <p class='ocr_par' dir='ltr' id='par_1_19' title="bbox 2227 553 3280 630">
     <span class='ocr_line' id='line_1_19' title="bbox 2227 553 3280 630; baseline 0.009 -25"><span class='ocrx_word' id='word_1_116' title='bbox 2227 553 2586 624; x_wconf 67' lang='grc' dir='ltr'><strong>συστήσεσθαι</strong></span> <span class='ocrx_word' id='word_1_117' title='bbox 2634 560 2827 630; x_wconf 75' lang='grc' dir='ltr'>γενεᾷ;</span> <span class='ocrx_word' id='word_1_118' title='bbox 2888 559 2969 612; x_wconf 81' lang='grc' dir='ltr'><strong>διδ</strong></span> <span class='ocrx_word' id='word_1_119' title='bbox 3011 561 3280 629; x_wconf 78' lang='grc' dir='ltr'><strong>ἐπιλέγει⁹</strong></span> 
     </span>
    </p>
   </div>
   <div class='ocr_carea' id='block_1_20' title="bbox 2297 735 3805 813">
    <p class='ocr_par' dir='ltr' id='par_1_20' title="bbox 2297 735 3805 813">
     <span class='ocr_line' id='line_1_20' title="bbox 2297 735 3805 813; baseline 0.007 -23"><span class='ocrx_word' id='word_1_120' title='bbox 2297 735 2416 791; x_wconf 65' lang='grc' dir='ltr'>*Οτι</span> <span class='ocrx_word' id='word_1_121' title='bbox 2462 741 2491 793; x_wconf 86' lang='grc' dir='ltr'><strong><em>ὀ</em></strong></span> <span class='ocrx_word' id='word_1_122' title='bbox 2559 743 2700 807; x_wconf 68' lang='grc' dir='ltr'>Θεὸς</span> <span class='ocrx_word' id='word_1_123' title='bbox 2757 739 2830 794; x_wconf 77' lang='grc' dir='ltr'><strong>ἐν</strong></span> <span class='ocrx_word' id='word_1_124' title='bbox 2885 743 3072 812; x_wconf 56' lang='grc' dir='ltr'><strong>⁸γενεᾷ</strong></span> <span class='ocrx_word' id='word_1_125' title='bbox 3105 744 3321 811; x_wconf 76' lang='grc' dir='ltr'>δικαίᾳ.</span> <span class='ocrx_word' id='word_1_126' title='bbox 3361 745 3605 813; x_wconf 75' lang='grc' dir='ltr'>Βουλὴν</span> <span class='ocrx_word' id='word_1_127' title='bbox 3647 761 3805 800; x_wconf 74' lang='grc' dir='ltr'>πτωο</span> 
     </span>
    </p>
   </div>
   <div class='ocr_carea' id='block_1_21' title="bbox 2238 831 3804 903">
    <p class='ocr_par' dir='ltr' id='par_1_21' title="bbox 2238 831 3804 903">
     <span class='ocr_line' id='line_1_21' title="bbox 2238 831 3804 903; baseline 0.008 -21"><span class='ocrx_word' id='word_1_128' title='bbox 2238 831 2350 899; x_wconf 86' lang='grc' dir='ltr'>χοῦ</span> <span class='ocrx_word' id='word_1_129' title='bbox 2398 834 2847 901; x_wconf 83' lang='grc' dir='ltr'>κατῃσχύνατε,</span> <span class='ocrx_word' id='word_1_130' title='bbox 2897 838 2930 888; x_wconf 75' lang='grc' dir='ltr'><em>ὀ</em></span> <span class='ocrx_word' id='word_1_131' title='bbox 2987 835 3056 887; x_wconf 85' lang='grc' dir='ltr'>δὲ</span> <span class='ocrx_word' id='word_1_132' title='bbox 3126 836 3338 903; x_wconf 80' lang='grc' dir='ltr'>Κύριος</span> <span class='ocrx_word' id='word_1_133' title='bbox 3386 836 3560 903; x_wconf 78' lang='grc' dir='ltr'>ἐλπίς</span> <span class='ocrx_word' id='word_1_134' title='bbox 3614 839 3804 894; x_wconf 82' lang='grc' dir='ltr'>αὑτοῦ</span> 
     </span>
    </p>
   </div>
   <div class='ocr_carea' id='block_1_22' title="bbox 2225 922 3803 999">
    <p class='ocr_par' dir='ltr' id='par_1_22' title="bbox 2225 922 3803 999">
     <span class='ocr_line' id='line_1_22' title="bbox 2225 922 3803 999; baseline 0.008 -27"><span class='ocrx_word' id='word_1_135' title='bbox 2225 922 2413 976; x_wconf 79' lang='grc' dir='ltr'>ἐστιν.</span> <span class='ocrx_word' id='word_1_136' title='bbox 2443 923 2654 996; x_wconf 81' lang='grc' dir='ltr'>Ὥσπερ</span> <span class='ocrx_word' id='word_1_137' title='bbox 2687 925 2744 977; x_wconf 86' lang='grc' dir='ltr'><strong>ἐν</strong></span> <span class='ocrx_word' id='word_1_138' title='bbox 2797 929 2910 989; x_wconf 87' lang='grc' dir='ltr'>τοῖς</span> <span class='ocrx_word' id='word_1_139' title='bbox 2972 927 3151 991; x_wconf 83' lang='grc' dir='ltr'>ἄλλοις</span> <span class='ocrx_word' id='word_1_140' title='bbox 3194 929 3424 999; x_wconf 81' lang='grc' dir='ltr'>κρίμασι</span> <span class='ocrx_word' id='word_1_141' title='bbox 3488 933 3599 992; x_wconf 90' lang='grc' dir='ltr'>τοῖς</span> <span class='ocrx_word' id='word_1_142' title='bbox 3655 948 3803 999; x_wconf 74' lang='grc' dir='ltr'>γινο·</span> 
     </span>
    </p>
   </div>
   <div class='ocr_carea' id='block_1_23' title="bbox 2225 1015 3802 1088">
    <p class='ocr_par' dir='ltr' id='par_1_23' title="bbox 2225 1015 3802 1088">
     <span class='ocr_line' id='line_1_23' title="bbox 2225 1015 3802 1088; baseline 0.004 -21"><span class='ocrx_word' id='word_1_143' title='bbox 2225 1015 2408 1085; x_wconf 80' lang='grc' dir='ltr'><strong>μένοις</strong></span> <span class='ocrx_word' id='word_1_144' title='bbox 2456 1019 2585 1087; x_wconf 70' lang='grc' dir='ltr'>περὶ</span> <span class='ocrx_word' id='word_1_145' title='bbox 2633 1017 3054 1088; x_wconf 81' lang='grc' dir='ltr'><strong>συναλλάγματα</strong></span> <span class='ocrx_word' id='word_1_146' title='bbox 3105 1019 3200 1072; x_wconf 69' lang='grc' dir='ltr'><strong>καὶ</strong></span> <span class='ocrx_word' id='word_1_147' title='bbox 3245 1021 3528 1083; x_wconf 80' lang='grc' dir='ltr'><strong>κοινωνίας</strong></span> <span class='ocrx_word' id='word_1_148' title='bbox 3555 1021 3656 1073; x_wconf 61' lang='grc' dir='ltr'>οὐκ</span> <span class='ocrx_word' id='word_1_149' title='bbox 3721 1024 3802 1085; x_wconf 88' lang='grc' dir='ltr'><strong>είς</strong></span> 
     </span>
    </p>
   </div>
   <div class='ocr_carea' id='block_1_24' title="bbox 2222 1104 3802 1178">
    <p class='ocr_par' dir='ltr' id='par_1_24' title="bbox 2222 1104 3802 1178">
     <span class='ocr_line' id='line_1_24' title="bbox 2222 1104 3802 1178; baseline 0.004 -23"><span class='ocrx_word' id='word_1_150' title='bbox 2222 1104 2489 1174; x_wconf 87' lang='grc' dir='ltr'>πρόσωπα</span> <span class='ocrx_word' id='word_1_151' title='bbox 2555 1104 2773 1174; x_wconf 84' lang='grc' dir='ltr'>βλέπειν</span> <span class='ocrx_word' id='word_1_152' title='bbox 2837 1107 2945 1159; x_wconf 86' lang='grc' dir='ltr'><strong>δεῖ·</strong></span> <span class='ocrx_word' id='word_1_153' title='bbox 3032 1106 3206 1170; x_wconf 78' lang='grc' dir='ltr'>οὕτως</span> <span class='ocrx_word' id='word_1_154' title='bbox 3264 1109 3321 1159; x_wconf 82' lang='grc' dir='ltr'>ὲν</span> <span class='ocrx_word' id='word_1_155' title='bbox 3381 1111 3494 1171; x_wconf 90' lang='grc' dir='ltr'>τοῖς</span> <span class='ocrx_word' id='word_1_156' title='bbox 3553 1108 3802 1178; x_wconf 83' lang='grc' dir='ltr'>βουλευο-</span> 
     </span>
    </p>
   </div>
   <div class='ocr_carea' id='block_1_25' title="bbox 2225 1195 3797 1272">
    <p class='ocr_par' dir='ltr' id='par_1_25' title="bbox 2225 1195 3797 1272">
     <span class='ocr_line' id='line_1_25' title="bbox 2225 1195 3797 1272; baseline 0.006 -25"><span class='ocrx_word' id='word_1_157' title='bbox 2225 1195 2407 1265; x_wconf 76' lang='grc' dir='ltr'>μένοις</span> <span class='ocrx_word' id='word_1_158' title='bbox 2461 1198 2559 1250; x_wconf 87' lang='grc' dir='ltr'><strong>οὐκ</strong></span> <span class='ocrx_word' id='word_1_159' title='bbox 2615 1199 2696 1262; x_wconf 82' lang='grc' dir='ltr'><strong>είς</strong></span> <span class='ocrx_word' id='word_1_160' title='bbox 2753 1200 2924 1271; x_wconf 79' lang='grc' dir='ltr'>ἀρχὴν</span> <span class='ocrx_word' id='word_1_161' title='bbox 2977 1200 3070 1254; x_wconf 75' lang='grc' dir='ltr'><strong>καὶ</strong></span> <span class='ocrx_word' id='word_1_162' title='bbox 3134 1201 3447 1272; x_wconf 71' lang='grc' dir='ltr'>περιουσίαν</span> <span class='ocrx_word' id='word_1_163' title='bbox 3481 1201 3797 1272; x_wconf 75' lang='grc' dir='ltr'>σκοπητέονο</span> 
     </span>
    </p>
   </div>
   <div class='ocr_carea' id='block_1_26' title="bbox 2221 1286 3803 1364">
    <p class='ocr_par' dir='ltr' id='par_1_26' title="bbox 2221 1286 3803 1364">
     <span class='ocr_line' id='line_1_26' title="bbox 2221 1286 3803 1364; baseline 0.004 -24"><span class='ocrx_word' id='word_1_164' title='bbox 2221 1286 2335 1340; x_wconf 78' lang='grc' dir='ltr'>ἀλλ’</span> <span class='ocrx_word' id='word_1_165' title='bbox 2381 1290 2462 1352; x_wconf 87' lang='grc' dir='ltr'><strong>είς</strong></span> <span class='ocrx_word' id='word_1_166' title='bbox 2517 1288 2642 1343; x_wconf 79' lang='grc' dir='ltr'>νοῦν</span> <span class='ocrx_word' id='word_1_167' title='bbox 2701 1291 3107 1363; x_wconf 80' lang='grc' dir='ltr'>διηρθρωμένον</span> <span class='ocrx_word' id='word_1_168' title='bbox 3174 1293 3270 1346; x_wconf 78' lang='grc' dir='ltr'>καὶ</span> <span class='ocrx_word' id='word_1_169' title='bbox 3324 1291 3384 1344; x_wconf 76' lang='grc' dir='ltr'>τὸ</span> <span class='ocrx_word' id='word_1_170' title='bbox 3430 1293 3803 1364; x_wconf 75' lang='grc' dir='ltr'>εὐσυνείδητον</span> 
     </span>
    </p>
   </div>
   <div class='ocr_carea' id='block_1_27' title="bbox 2221 1379 3802 1456">
    <p class='ocr_par' dir='ltr' id='par_1_27' title="bbox 2221 1379 3802 1456">
     <span class='ocr_line' id='line_1_27' title="bbox 2221 1379 3802 1456; baseline 0.005 -24"><span class='ocrx_word' id='word_1_171' title='bbox 2221 1379 2430 1449; x_wconf 83' lang='grc' dir='ltr'>ἔχοντα.</span> <span class='ocrx_word' id='word_1_172' title='bbox 2473 1383 2828 1437; x_wconf 87' lang='grc' dir='ltr'>Ἐπιστατέον</span> <span class='ocrx_word' id='word_1_173' title='bbox 2875 1383 3144 1448; x_wconf 72' lang='grc' dir='ltr'>ἐκλαϐεῖν,</span> <span class='ocrx_word' id='word_1_174' title='bbox 3177 1387 3224 1437; x_wconf 88' lang='grc' dir='ltr'><strong>εί</strong></span> <span class='ocrx_word' id='word_1_175' title='bbox 3254 1385 3498 1449; x_wconf 81' lang='grc' dir='ltr'>δυνατὸν,</span> <span class='ocrx_word' id='word_1_176' title='bbox 3531 1388 3657 1456; x_wconf 72' lang='grc' dir='ltr'>περὶ</span> <span class='ocrx_word' id='word_1_177' title='bbox 3687 1385 3802 1440; x_wconf 80' lang='grc' dir='ltr'><strong>τῶν</strong></span> 
     </span>
    </p>
   </div>
   <div class='ocr_carea' id='block_1_28' title="bbox 2233 1472 3803 1553">
    <p class='ocr_par' dir='ltr' id='par_1_28' title="bbox 2233 1472 3803 1553">
     <span class='ocr_line' id='line_1_28' title="bbox 2233 1472 3803 1553; baseline 0.006 -29"><span class='ocrx_word' id='word_1_178' title='bbox 2233 1472 2497 1528; x_wconf 72' lang='grc' dir='ltr'>Ἰουδαίων</span> <span class='ocrx_word' id='word_1_179' title='bbox 2531 1475 2600 1529; x_wconf 78' lang='grc' dir='ltr'>τὰ</span> <span class='ocrx_word' id='word_1_180' title='bbox 2647 1477 3001 1548; x_wconf 73' lang='grc' dir='ltr'>προκείμενα,</span> <span class='ocrx_word' id='word_1_181' title='bbox 3051 1477 3150 1549; x_wconf 76' lang='grc' dir='ltr'><strong>τὴν</strong></span> <span class='ocrx_word' id='word_1_182' title='bbox 3190 1477 3284 1530; x_wconf 83' lang='grc' dir='ltr'>τοῦ</span> <span class='ocrx_word' id='word_1_183' title='bbox 3316 1479 3563 1548; x_wconf 77' lang='grc' dir='ltr'>Σωτῆρος</span> <span class='ocrx_word' id='word_1_184' title='bbox 3605 1478 3803 1553; x_wconf 73' lang='grc' dir='ltr'>βουλὴν</span> 
     </span>
    </p>
   </div>
   <div class='ocr_carea' id='block_1_29' title="bbox 2221 1565 3804 1639">
    <p class='ocr_par' dir='ltr' id='par_1_29' title="bbox 2221 1565 3804 1639">
     <span class='ocr_line' id='line_1_29' title="bbox 2221 1565 3804 1639; baseline 0.001 -17"><span class='ocrx_word' id='word_1_185' title='bbox 2221 1565 2578 1635; x_wconf 80' lang='grc' dir='ltr'>καταισχῦναι</span> <span class='ocrx_word' id='word_1_186' title='bbox 2613 1569 2968 1632; x_wconf 84' lang='grc' dir='ltr'>σπευδόντων,</span> <span class='ocrx_word' id='word_1_187' title='bbox 2999 1567 3078 1638; x_wconf 79' lang='grc' dir='ltr'>τῷ</span> <span class='ocrx_word' id='word_1_188' title='bbox 3112 1567 3361 1639; x_wconf 81' lang='grc' dir='ltr'>ἡγεῖσθαι</span> <span class='ocrx_word' id='word_1_189' title='bbox 3394 1569 3556 1620; x_wconf 78' lang='grc' dir='ltr'>αὑτὸν</span> <span class='ocrx_word' id='word_1_190' title='bbox 3583 1570 3804 1639; x_wconf 80' lang='grc' dir='ltr'>πτωχόν</span> 
     </span>
    </p>
   </div>
   <div class='ocr_carea' id='block_1_30' title="bbox 2217 1653 3804 1732">
    <p class='ocr_par' dir='ltr' id='par_1_30' title="bbox 2217 1653 3804 1732">
     <span class='ocr_line' id='line_1_30' title="bbox 2217 1653 3804 1732; baseline 0.005 -24"><span class='ocrx_word' id='word_1_191' title='bbox 2217 1673 2340 1710; x_wconf 84' lang='grc' dir='ltr'>τινα</span> <span class='ocrx_word' id='word_1_192' title='bbox 2382 1653 2518 1712; x_wconf 79' lang='grc' dir='ltr'>εἶναι</span> <span class='ocrx_word' id='word_1_193' title='bbox 2539 1699 2552 1721; x_wconf 92' lang='grc'><strong>,</strong></span> <span class='ocrx_word' id='word_1_194' title='bbox 2605 1661 2698 1713; x_wconf 76' lang='grc' dir='ltr'>καὶ</span> <span class='ocrx_word' id='word_1_195' title='bbox 2761 1661 2834 1732; x_wconf 82' lang='grc' dir='ltr'>μὴ</span> <span class='ocrx_word' id='word_1_196' title='bbox 2887 1659 3115 1714; x_wconf 78' lang='grc' dir='ltr'>πλοῦτον</span> <span class='ocrx_word' id='word_1_197' title='bbox 3169 1658 3440 1729; x_wconf 82' lang='grc' dir='ltr'>θεότητος.</span> <span class='ocrx_word' id='word_1_198' title='bbox 3499 1661 3609 1713; x_wconf 75' lang='grc' dir='ltr'><strong>Ἀεὶ</strong></span> <span class='ocrx_word' id='word_1_199' title='bbox 3666 1661 3804 1729; x_wconf 81' lang='grc' dir='ltr'>γοῦν</span> 
     </span>
    </p>
   </div>
   <div class='ocr_carea' id='block_1_31' title="bbox 532 1745 2107 1825">
    <p class='ocr_par' dir='ltr' id='par_1_31' title="bbox 532 1745 2107 1820">
     <span class='ocr_line' id='line_1_31' title="bbox 532 1745 2107 1820; baseline 0.004 -21"><span class='ocrx_word' id='word_1_200' title='bbox 532 1747 778 1802; x_wconf 80' lang='lat' dir='ltr'><strong>vinitatis</strong></span> <span class='ocrx_word' id='word_1_201' title='bbox 804 1755 1119 1818; x_wconf 86' lang='lat' dir='ltr'><strong>pensarent.</strong></span> <span class='ocrx_word' id='word_1_202' title='bbox 1146 1745 1188 1801; x_wconf 87' lang='lat' dir='ltr'><strong>li</strong></span> <span class='ocrx_word' id='word_1_203' title='bbox 1220 1749 1405 1817; x_wconf 84' lang='lat' dir='ltr'><strong>itaque</strong></span> <span class='ocrx_word' id='word_1_204' title='bbox 1438 1748 1703 1804; x_wconf 61' lang='lat' dir='ltr'><strong>doctrinae</strong></span> <span class='ocrx_word' id='word_1_205' title='bbox 1731 1748 1880 1803; x_wconf 89' lang='lat' dir='ltr'><strong>illius</strong></span> <span class='ocrx_word' id='word_1_206' title='bbox 1903 1764 2107 1820; x_wconf 81' lang='lat' dir='ltr'><strong>semper</strong></span> 
     </span>
    </p>
   </div>
   <div class='ocr_carea' id='block_1_32' title="bbox 2208 1745 3800 1825">
    <p class='ocr_par' dir='ltr' id='par_1_32' title="bbox 2218 1751 3800 1825">
     <span class='ocr_line' id='line_1_32' title="bbox 2218 1751 3800 1825; baseline 0.005 -23"><span class='ocrx_word' id='word_1_207' title='bbox 2218 1751 2312 1802; x_wconf 76' lang='grc' dir='ltr'>καὶ</span> <span class='ocrx_word' id='word_1_208' title='bbox 2349 1751 2689 1819; x_wconf 82' lang='grc' dir='ltr'>ἀντιλέγουσι</span> <span class='ocrx_word' id='word_1_209' title='bbox 2739 1757 2804 1824; x_wconf 79' lang='grc' dir='ltr'><strong>τῇ</strong></span> <span class='ocrx_word' id='word_1_210' title='bbox 2846 1753 3166 1825; x_wconf 78' lang='grc' dir='ltr'>διδασκαλίᾳ</span> <span class='ocrx_word' id='word_1_211' title='bbox 3218 1753 3404 1818; x_wconf 81' lang='grc' dir='ltr'>αὑτοῦ,</span> <span class='ocrx_word' id='word_1_212' title='bbox 3445 1755 3538 1809; x_wconf 74' lang='grc' dir='ltr'>καὶ</span> <span class='ocrx_word' id='word_1_213' title='bbox 3574 1756 3672 1819; x_wconf 78' lang='grc' dir='ltr'>τὰς</span> <span class='ocrx_word' id='word_1_214' title='bbox 3703 1774 3800 1825; x_wconf 65' lang='grc' dir='ltr'>τετ</span> 
     </span>
    </p>
   </div>
   <div class='ocr_carea' id='block_1_33' title="bbox 530 1825 2107 1920">
    <p class='ocr_par' dir='ltr' id='par_1_33' title="bbox 530 1834 2107 1911">
     <span class='ocr_line' id='line_1_33' title="bbox 530 1834 2107 1911; baseline 0.004 -19"><span class='ocrx_word' id='word_1_215' title='bbox 530 1839 954 1904; x_wconf 84' lang='lat' dir='ltr'><strong>contradicunt;</strong></span> <span class='ocrx_word' id='word_1_216' title='bbox 989 1855 1052 1894; x_wconf 85' lang='lat' dir='ltr'><strong>ac</strong></span> <span class='ocrx_word' id='word_1_217' title='bbox 1084 1834 1478 1896; x_wconf 80' lang='lat' dir='ltr'><strong>miraculorum</strong></span> <span class='ocrx_word' id='word_1_218' title='bbox 1523 1840 1787 1906; x_wconf 86' lang='lat' dir='ltr'><strong>virtutes,</strong></span> <span class='ocrx_word' id='word_1_219' title='bbox 1819 1844 1975 1911; x_wconf 90' lang='lat' dir='ltr'><strong>quasi</strong></span> <span class='ocrx_word' id='word_1_220' title='bbox 2005 1857 2107 1898; x_wconf 86' lang='lat' dir='ltr'><strong>non</strong></span> 
     </span>
    </p>
   </div>
   <div class='ocr_carea' id='block_1_34' title="bbox 2208 1825 3802 1920">
    <p class='ocr_par' dir='ltr' id='par_1_34' title="bbox 2220 1842 3802 1920">
     <span class='ocr_line' id='line_1_34' title="bbox 2220 1842 3802 1920; baseline 0.004 -24"><span class='ocrx_word' id='word_1_221' title='bbox 2220 1842 2474 1913; x_wconf 86' lang='grc' dir='ltr'>ραστίους</span> <span class='ocrx_word' id='word_1_222' title='bbox 2510 1844 2768 1916; x_wconf 87' lang='grc' dir='ltr'>δυνάμεις</span> <span class='ocrx_word' id='word_1_223' title='bbox 2796 1845 3204 1914; x_wconf 75' lang='grc' dir='ltr'>κακολογοῦσιν,</span> <span class='ocrx_word' id='word_1_224' title='bbox 3240 1847 3316 1910; x_wconf 88' lang='grc' dir='ltr'>ὼς</span> <span class='ocrx_word' id='word_1_225' title='bbox 3347 1848 3421 1919; x_wconf 77' lang='grc' dir='ltr'><strong>μὴ</strong></span> <span class='ocrx_word' id='word_1_226' title='bbox 3451 1848 3603 1920; x_wconf 81' lang='grc' dir='ltr'>θεῖκῇ</span> <span class='ocrx_word' id='word_1_227' title='bbox 3634 1848 3802 1908; x_wconf 67' lang='grc' dir='ltr'>δυνάτ-</span> 
     </span>
    </p>
   </div>
   <div class='ocr_carea' id='block_1_35' title="bbox 529 1930 2116 2002">
    <p class='ocr_par' dir='ltr' id='par_1_35' title="bbox 529 1930 2116 2002">
     <span class='ocr_line' id='line_1_35' title="bbox 529 1930 2116 2002; baseline 0.004 -18"><span class='ocrx_word' id='word_1_228' title='bbox 529 1930 718 1986; x_wconf 84' lang='lat' dir='ltr'><strong>divina</strong></span> <span class='ocrx_word' id='word_1_229' title='bbox 748 1931 824 1995; x_wconf 87' lang='lat' dir='ltr'><strong>vi,</strong></span> <span class='ocrx_word' id='word_1_230' title='bbox 857 1931 953 1987; x_wconf 91' lang='lat' dir='ltr'><strong>sed</strong></span> <span class='ocrx_word' id='word_1_231' title='bbox 999 1930 1106 1986; x_wconf 84' lang='lat' dir='ltr'><strong>alia</strong></span> <span class='ocrx_word' id='word_1_232' title='bbox 1139 1932 1396 2002; x_wconf 86' lang='lat' dir='ltr'><strong>quapiam</strong></span> <span class='ocrx_word' id='word_1_233' title='bbox 1426 1932 1638 1987; x_wconf 86' lang='lat' dir='ltr'><strong>ratione</strong></span> <span class='ocrx_word' id='word_1_234' title='bbox 1664 1932 1971 2001; x_wconf 80' lang='lat' dir='ltr'><strong>exhibitas,</strong></span> <span class='ocrx_word' id='word_1_235' title='bbox 2021 1948 2116 1996; x_wconf 85' lang='lat' dir='ltr'><strong>ca-</strong></span> 
     </span>
    </p>
   </div>
   <div class='ocr_carea' id='block_1_36' title="bbox 529 2022 893 2078">
    <p class='ocr_par' dir='ltr' id='par_1_36' title="bbox 529 2022 893 2078">
     <span class='ocr_line' id='line_1_36' title="bbox 529 2022 893 2078; baseline 0.003 -1"><span class='ocrx_word' id='word_1_236' title='bbox 529 2022 893 2078; x_wconf 89' lang='lat' dir='ltr'><strong>lumniantur.</strong></span> 
     </span>
    </p>
   </div>
   <div class='ocr_carea' id='block_1_37' title="bbox 603 2115 2112 2184">
    <p class='ocr_par' dir='ltr' id='par_1_37' title="bbox 603 2115 2112 2184">
     <span class='ocr_line' id='line_1_37' title="bbox 603 2115 2112 2184; baseline 0.004 -16"><span class='ocrx_word' id='word_1_237' title='bbox 603 2115 770 2171; x_wconf 75' lang='lat' dir='ltr'><strong>Vens.</strong></span> <span class='ocrx_word' id='word_1_238' title='bbox 814 2117 866 2172; x_wconf 84' lang='lat'><strong>7.</strong></span> <span class='ocrx_word' id='word_1_239' title='bbox 906 2116 1039 2184; x_wconf 83' lang='lat' dir='ltr'><strong>Quis</strong></span> <span class='ocrx_word' id='word_1_240' title='bbox 1066 2117 1214 2172; x_wconf 86' lang='lat' dir='ltr'><strong>dabit</strong></span> <span class='ocrx_word' id='word_1_241' title='bbox 1243 2134 1307 2173; x_wconf 75' lang='lat' dir='ltr'><strong>e1:</strong></span> <span class='ocrx_word' id='word_1_242' title='bbox 1336 2117 1463 2174; x_wconf 89' lang='lat' dir='ltr'><strong>Sion</strong></span> <span class='ocrx_word' id='word_1_243' title='bbox 1487 2120 1724 2175; x_wconf 87' lang='lat' dir='ltr'><strong>salutare</strong></span> <span class='ocrx_word' id='word_1_244' title='bbox 1760 2119 1934 2176; x_wconf 79' lang='lat' dir='ltr'><strong>Israel</strong></span> <span class='ocrx_word' id='word_1_245' title='bbox 1952 2122 2112 2175; x_wconf 84' lang='lat' dir='ltr'><strong>?cum</strong></span> 
     </span>
    </p>
   </div>
   <div class='ocr_carea' id='block_1_38' title="bbox 528 2206 2113 2280">
    <p class='ocr_par' dir='ltr' id='par_1_38' title="bbox 528 2206 2113 2280">
     <span class='ocr_line' id='line_1_38' title="bbox 528 2206 2113 2280; baseline 0.003 -19"><span class='ocrx_word' id='word_1_246' title='bbox 528 2207 781 2261; x_wconf 77' lang='lat' dir='ltr'><strong>averterit</strong></span> <span class='ocrx_word' id='word_1_247' title='bbox 805 2206 1062 2263; x_wconf 81' lang='lat' dir='ltr'><strong>Dominus</strong></span> <span class='ocrx_word' id='word_1_248' title='bbox 1113 2211 1471 2280; x_wconf 78' lang='lat' dir='ltr'><strong>captivitatem</strong></span> <span class='ocrx_word' id='word_1_249' title='bbox 1514 2211 1680 2280; x_wconf 79' lang='lat' dir='ltr'><strong>plebis</strong></span> <span class='ocrx_word' id='word_1_250' title='bbox 1712 2220 1845 2278; x_wconf 64' lang='lat' dir='ltr'><strong>suae,</strong></span> <span class='ocrx_word' id='word_1_251' title='bbox 1876 2213 2113 2267; x_wconf 76' lang='lat' dir='ltr'><strong>exsulta-</strong></span> 
     </span>
    </p>
   </div>
   <div class='ocr_carea' id='block_1_39' title="bbox 527 2299 2113 2362">
    <p class='ocr_par' dir='ltr' id='par_1_39' title="bbox 527 2299 2113 2362">
     <span class='ocr_line' id='line_1_39' title="bbox 527 2299 2113 2362; baseline 0.005 -8"><span class='ocrx_word' id='word_1_252' title='bbox 527 2301 602 2354; x_wconf 85' lang='lat' dir='ltr'><strong>bit</strong></span> <span class='ocrx_word' id='word_1_253' title='bbox 643 2299 810 2357; x_wconf 80' lang='lat' dir='ltr'><strong>Iacob</strong></span> <span class='ocrx_word' id='word_1_254' title='bbox 843 2311 894 2356; x_wconf 89' lang='lat' dir='ltr'><strong>et</strong></span> <span class='ocrx_word' id='word_1_255' title='bbox 934 2302 1206 2356; x_wconf 82' lang='lat' dir='ltr'><strong>la’tabitur</strong></span> <span class='ocrx_word' id='word_1_256' title='bbox 1235 2302 1429 2358; x_wconf 76' lang='lat' dir='ltr'><strong>Israel.</strong></span> <span class='ocrx_word' id='word_1_257' title='bbox 1477 2303 1614 2360; x_wconf 88' lang='lat' dir='ltr'><strong>Cum</strong></span> <span class='ocrx_word' id='word_1_258' title='bbox 1650 2320 1844 2362; x_wconf 88' lang='lat' dir='ltr'><strong>omnes</strong></span> <span class='ocrx_word' id='word_1_259' title='bbox 1892 2322 1997 2361; x_wconf 91' lang='lat' dir='ltr'><strong>una</strong></span> <span class='ocrx_word' id='word_1_260' title='bbox 2021 2306 2113 2362; x_wconf 88' lang='lat' dir='ltr'><strong>de-</strong></span> 
     </span>
    </p>
   </div>
   <div class='ocr_carea' id='block_1_40' title="bbox 525 2392 2111 2468">
    <p class='ocr_par' dir='ltr' id='par_1_40' title="bbox 525 2392 2111 2468">
     <span class='ocr_line' id='line_1_40' title="bbox 525 2392 2111 2468; baseline 0.004 -22"><span class='ocrx_word' id='word_1_261' title='bbox 525 2392 827 2454; x_wconf 80' lang='lat' dir='ltr'><strong>clinassent</strong></span> <span class='ocrx_word' id='word_1_262' title='bbox 853 2400 908 2447; x_wconf 91' lang='lat' dir='ltr'><strong>et</strong></span> <span class='ocrx_word' id='word_1_263' title='bbox 953 2393 1174 2449; x_wconf 87' lang='lat' dir='ltr'><strong>inutiles</strong></span> <span class='ocrx_word' id='word_1_264' title='bbox 1207 2394 1336 2448; x_wconf 79' lang='lat' dir='ltr'><strong>facti</strong></span> <span class='ocrx_word' id='word_1_265' title='bbox 1361 2401 1568 2463; x_wconf 89' lang='lat' dir='ltr'><strong>essent,</strong></span> <span class='ocrx_word' id='word_1_266' title='bbox 1596 2395 1712 2466; x_wconf 87' lang='lat' dir='ltr'><strong>jam</strong></span> <span class='ocrx_word' id='word_1_267' title='bbox 1747 2407 1958 2468; x_wconf 83' lang='lat' dir='ltr'><strong>tempus</strong></span> <span class='ocrx_word' id='word_1_268' title='bbox 2013 2397 2111 2452; x_wconf 89' lang='lat' dir='ltr'><strong>ad-</strong></span> 
     </span>
    </p>
   </div>
   <div class='ocr_carea' id='block_1_41' title="bbox 524 2487 2111 2556">
    <p class='ocr_par' dir='ltr' id='par_1_41' title="bbox 524 2487 2111 2556">
     <span class='ocr_line' id='line_1_41' title="bbox 524 2487 2111 2556; baseline 0.004 -18"><span class='ocrx_word' id='word_1_269' title='bbox 524 2495 666 2550; x_wconf 79' lang='lat' dir='ltr'><strong>orat,</strong></span> <span class='ocrx_word' id='word_1_270' title='bbox 697 2494 756 2540; x_wconf 88' lang='lat' dir='ltr'><strong>ut</strong></span> <span class='ocrx_word' id='word_1_271' title='bbox 789 2487 856 2542; x_wconf 86' lang='lat' dir='ltr'><strong>ad</strong></span> <span class='ocrx_word' id='word_1_272' title='bbox 892 2487 1226 2556; x_wconf 86' lang='lat' dir='ltr'><strong>precandum</strong></span> <span class='ocrx_word' id='word_1_273' title='bbox 1270 2502 1578 2544; x_wconf 88' lang='lat' dir='ltr'><strong>sermonem</strong></span> <span class='ocrx_word' id='word_1_274' title='bbox 1629 2495 1898 2556; x_wconf 77' lang='lat' dir='ltr'><strong>verteret;</strong></span> <span class='ocrx_word' id='word_1_275' title='bbox 1936 2490 2010 2544; x_wconf 89' lang='lat' dir='ltr'><strong>ita</strong></span> <span class='ocrx_word' id='word_1_276' title='bbox 2049 2497 2111 2544; x_wconf 91' lang='lat' dir='ltr'><strong>ut</strong></span> 
     </span>
    </p>
   </div>
   <div class='ocr_carea' id='block_1_42' title="bbox 525 2578 2110 2651">
    <p class='ocr_par' dir='ltr' id='par_1_42' title="bbox 525 2578 2110 2651">
     <span class='ocr_line' id='line_1_42' title="bbox 525 2578 2110 2651; baseline 0.003 -20"><span class='ocrx_word' id='word_1_277' title='bbox 525 2594 629 2632; x_wconf 80' lang='lat' dir='ltr'><strong>ceu</strong></span> <span class='ocrx_word' id='word_1_278' title='bbox 679 2578 948 2650; x_wconf 78' lang='lat' dir='ltr'><strong>legatione</strong></span> <span class='ocrx_word' id='word_1_279' title='bbox 1007 2589 1260 2651; x_wconf 82' lang='lat' dir='ltr'><strong>suscepta</strong></span> <span class='ocrx_word' id='word_1_280' title='bbox 1304 2581 1626 2637; x_wconf 89' lang='lat' dir='ltr'><strong>diceretur:</strong></span> <span class='ocrx_word' id='word_1_281' title='bbox 1684 2582 1816 2649; x_wconf 87' lang='lat' dir='ltr'><strong>Quis</strong></span> <span class='ocrx_word' id='word_1_282' title='bbox 1861 2582 2009 2637; x_wconf 85' lang='lat' dir='ltr'><strong>dabit</strong></span> <span class='ocrx_word' id='word_1_283' title='bbox 2044 2599 2110 2638; x_wconf 76' lang='lat' dir='ltr'><strong>ex</strong></span> 
     </span>
    </p>
   </div>
   <div class='ocr_carea' id='block_1_43' title="bbox 525 2671 2109 2747">
    <p class='ocr_par' dir='ltr' id='par_1_43' title="bbox 525 2671 2109 2747">
     <span class='ocr_line' id='line_1_43' title="bbox 525 2671 2109 2747; baseline 0.003 -19"><span class='ocrx_word' id='word_1_284' title='bbox 525 2672 657 2728; x_wconf 82' lang='lat' dir='ltr'><strong>Sion</strong></span> <span class='ocrx_word' id='word_1_285' title='bbox 685 2673 921 2727; x_wconf 80' lang='lat' dir='ltr'><strong>salutare</strong></span> <span class='ocrx_word' id='word_1_286' title='bbox 971 2671 1182 2728; x_wconf 77' lang='lat' dir='ltr'><strong>Israel?</strong></span> <span class='ocrx_word' id='word_1_287' title='bbox 1211 2672 1333 2744; x_wconf 88' lang='lat' dir='ltr'><strong>Ipso</strong></span> <span class='ocrx_word' id='word_1_288' title='bbox 1366 2675 1511 2729; x_wconf 84' lang='lat' dir='ltr'><strong>enim</strong></span> <span class='ocrx_word' id='word_1_289' title='bbox 1547 2674 1774 2729; x_wconf 88' lang='lat' dir='ltr'><strong>salutari</strong></span> <span class='ocrx_word' id='word_1_290' title='bbox 1803 2683 1937 2732; x_wconf 90' lang='lat' dir='ltr'><strong>tunc</strong></span> <span class='ocrx_word' id='word_1_291' title='bbox 1969 2691 2109 2747; x_wconf 87' lang='lat' dir='ltr'><strong>opus</strong></span> 
     </span>
    </p>
   </div>
   <div class='ocr_carea' id='block_1_44' title="bbox 523 2768 2110 2840">
    <p class='ocr_par' dir='ltr' id='par_1_44' title="bbox 523 2768 2110 2840">
     <span class='ocr_line' id='line_1_44' title="bbox 523 2768 2110 2840; baseline 0.001 -19"><span class='ocrx_word' id='word_1_292' title='bbox 523 2769 831 2840; x_wconf 85' lang='lat' dir='ltr'><strong>erat,quod</strong></span> <span class='ocrx_word' id='word_1_293' title='bbox 873 2776 1225 2839; x_wconf 83' lang='lat' dir='ltr'><strong>peccatorum</strong></span> <span class='ocrx_word' id='word_1_294' title='bbox 1261 2768 1650 2822; x_wconf 88' lang='lat' dir='ltr'><strong>remissionem</strong></span> <span class='ocrx_word' id='word_1_295' title='bbox 1702 2768 2002 2832; x_wconf 87' lang='lat' dir='ltr'><strong>tribueret,</strong></span> <span class='ocrx_word' id='word_1_296' title='bbox 2056 2777 2110 2823; x_wconf 87' lang='lat' dir='ltr'><strong>et</strong></span> 
     </span>
    </p>
   </div>
   <div class='ocr_carea' id='block_1_45' title="bbox 521 2857 2111 2930">
    <p class='ocr_par' dir='ltr' id='par_1_45' title="bbox 521 2857 2111 2930">
     <span class='ocr_line' id='line_1_45' title="bbox 521 2857 2111 2930; baseline 0.002 -17"><span class='ocrx_word' id='word_1_297' title='bbox 521 2863 723 2922; x_wconf 72' lang='lat' dir='ltr'><strong>auctor‘</strong></span> <span class='ocrx_word' id='word_1_298' title='bbox 744 2857 939 2916; x_wconf 82' lang='lat' dir='ltr'><strong>salutis</strong></span> <span class='ocrx_word' id='word_1_299' title='bbox 967 2868 1131 2915; x_wconf 83' lang='lat' dir='ltr'><strong>esset.</strong></span> <span class='ocrx_word' id='word_1_300' title='bbox 1184 2859 1421 2930; x_wconf 85' lang='lat' dir='ltr'><strong>ldipsum</strong></span> <span class='ocrx_word' id='word_1_301' title='bbox 1467 2861 1708 2914; x_wconf 83' lang='lat' dir='ltr'><strong>salutare</strong></span> <span class='ocrx_word' id='word_1_302' title='bbox 1747 2861 1892 2930; x_wconf 87' lang='lat' dir='ltr'><strong>quod</strong></span> <span class='ocrx_word' id='word_1_303' title='bbox 1915 2877 2111 2917; x_wconf 78' lang='lat' dir='ltr'><strong>secun-</strong></span> 
     </span>
    </p>
   </div>
   <div class='ocr_carea' id='block_1_46' title="bbox 522 2949 2107 3018">
    <p class='ocr_par' dir='ltr' id='par_1_46' title="bbox 522 2949 2107 3018">
     <span class='ocr_line' id='line_1_46' title="bbox 522 2949 2107 3018; baseline 0.001 -13"><span class='ocrx_word' id='word_1_304' title='bbox 522 2950 654 3006; x_wconf 90' lang='lat' dir='ltr'><strong>dum</strong></span> <span class='ocrx_word' id='word_1_305' title='bbox 683 2965 906 3006; x_wconf 85' lang='lat' dir='ltr'><strong>carnem</strong></span> <span class='ocrx_word' id='word_1_306' title='bbox 941 2966 1007 3004; x_wconf 78' lang='lat' dir='ltr'><strong>ex</strong></span> <span class='ocrx_word' id='word_1_307' title='bbox 1043 2951 1250 3004; x_wconf 86' lang='lat' dir='ltr'><strong>semine</strong></span> <span class='ocrx_word' id='word_1_308' title='bbox 1282 2949 1505 3005; x_wconf 88' lang='lat' dir='ltr'><strong>Davidis</strong></span> <span class='ocrx_word' id='word_1_309' title='bbox 1560 2950 1802 3018; x_wconf 82' lang='lat' dir='ltr'><strong>prodiit,</strong></span> <span class='ocrx_word' id='word_1_310' title='bbox 1860 2967 1927 3007; x_wconf 80' lang='lat' dir='ltr'><strong>ex</strong></span> <span class='ocrx_word' id='word_1_311' title='bbox 1977 2953 2107 3007; x_wconf 83' lang='lat' dir='ltr'><strong>Sion</strong></span> 
     </span>
    </p>
   </div>
   <div class='ocr_carea' id='block_1_47' title="bbox 519 3029 2106 3110">
    <p class='ocr_par' dir='ltr' id='par_1_47' title="bbox 519 3029 2106 3110">
     <span class='ocr_line' id='line_1_47' title="bbox 519 3029 2106 3110; baseline 0 -14"><span class='ocrx_word' id='word_1_312' title='bbox 519 3042 710 3096; x_wconf 84' lang='lat' dir='ltr'><strong>datum</strong></span> <span class='ocrx_word' id='word_1_313' title='bbox 744 3029 828 3096; x_wconf 86' lang='lat' dir='ltr'><strong>est</strong></span> <span class='ocrx_word' id='word_1_314' title='bbox 860 3059 875 3094; x_wconf 88' lang='lat'>:</span> <span class='ocrx_word' id='word_1_315' title='bbox 908 3038 1055 3093; x_wconf 81' lang='lat' dir='ltr'><strong>Nam</strong></span> <span class='ocrx_word' id='word_1_316' title='bbox 1087 3040 1252 3094; x_wconf 80' lang='lat' dir='ltr'><strong>veniet</strong></span> <span class='ocrx_word' id='word_1_317' title='bbox 1285 3055 1350 3094; x_wconf 77' lang='lat' dir='ltr'><strong>ea:</strong></span> <span class='ocrx_word' id='word_1_318' title='bbox 1382 3041 1511 3095; x_wconf 88' lang='lat' dir='ltr'><strong>Sion</strong></span> <span class='ocrx_word' id='word_1_319' title='bbox 1541 3043 1855 3110; x_wconf 80' lang='lat' dir='ltr'><strong>redemptor,</strong></span> <span class='ocrx_word' id='word_1_320' title='bbox 1887 3051 1936 3095; x_wconf 81' lang='lat' dir='ltr'><strong>et</strong></span> <span class='ocrx_word' id='word_1_321' title='bbox 1958 3058 2106 3096; x_wconf 76' lang='lat' dir='ltr'><strong>aver-</strong></span> 
     </span>
    </p>
   </div>
   <div class='ocr_carea' id='block_1_48' title="bbox 521 3128 2106 3202">
    <p class='ocr_par' dir='ltr' id='par_1_48' title="bbox 521 3128 2106 3202">
     <span class='ocr_line' id='line_1_48' title="bbox 521 3128 2106 3202; baseline -0.001 -16"><span class='ocrx_word' id='word_1_322' title='bbox 521 3140 593 3188; x_wconf 83' lang='lat' dir='ltr'><strong>tst</strong></span> <span class='ocrx_word' id='word_1_323' title='bbox 617 3133 922 3202; x_wconf 79' lang='lat' dir='ltr'><strong>iniquitates</strong></span> <span class='ocrx_word' id='word_1_324' title='bbox 953 3148 987 3184; x_wconf 91' lang='lat' dir='ltr'><strong>a</strong></span> <span class='ocrx_word' id='word_1_325' title='bbox 1009 3129 1177 3184; x_wconf 76' lang='lat' dir='ltr'><strong>Iacob</strong></span> <span class='ocrx_word' id='word_1_326' title='bbox 1205 3131 1269 3186; x_wconf 59' lang='grc' dir='ltr'><strong>ιτ.</strong></span> <span class='ocrx_word' id='word_1_327' title='bbox 1303 3128 1506 3185; x_wconf 89' lang='lat' dir='ltr'><strong>Eodem</strong></span> <span class='ocrx_word' id='word_1_328' title='bbox 1539 3145 1756 3201; x_wconf 88' lang='lat' dir='ltr'><strong>quoque</strong></span> <span class='ocrx_word' id='word_1_329' title='bbox 1779 3145 1943 3186; x_wconf 86' lang='lat' dir='ltr'><strong>sensu</strong></span> <span class='ocrx_word' id='word_1_330' title='bbox 1970 3129 2106 3185; x_wconf 82' lang='lat' dir='ltr'><strong>illud</strong></span> 
     </span>
    </p>
   </div>
   <div class='ocr_carea' id='block_1_49' title="bbox 521 3221 2102 3294">
    <p class='ocr_par' dir='ltr' id='par_1_49' title="bbox 521 3221 2102 3294">
     <span class='ocr_line' id='line_1_49' title="bbox 521 3221 2102 3294; baseline 0.002 -18"><span class='ocrx_word' id='word_1_331' title='bbox 521 3223 762 3294; x_wconf 86' lang='lat' dir='ltr'><strong>accipias</strong></span> <span class='ocrx_word' id='word_1_332' title='bbox 793 3223 960 3278; x_wconf 85' lang='lat' dir='ltr'><strong>licet:</strong></span> <span class='ocrx_word' id='word_1_333' title='bbox 1014 3223 1098 3276; x_wconf 79' lang='lat' dir='ltr'><strong>Ea:</strong></span> <span class='ocrx_word' id='word_1_334' title='bbox 1127 3222 1256 3278; x_wconf 87' lang='lat' dir='ltr'><strong>Sion</strong></span> <span class='ocrx_word' id='word_1_335' title='bbox 1309 3224 1502 3292; x_wconf 78' lang='lat' dir='ltr'><strong>species</strong></span> <span class='ocrx_word' id='word_1_336' title='bbox 1545 3221 1746 3278; x_wconf 85' lang='lat' dir='ltr'><strong>decoris</strong></span> <span class='ocrx_word' id='word_1_337' title='bbox 1773 3223 1886 3292; x_wconf 84' lang='lat' dir='ltr'><strong>ejus</strong></span> <span class='ocrx_word' id='word_1_338' title='bbox 1915 3223 1992 3288; x_wconf 66' lang='grc'><strong>³⁸,</strong></span> <span class='ocrx_word' id='word_1_339' title='bbox 2042 3231 2102 3280; x_wconf 85' lang='lat' dir='ltr'><strong>ut</strong></span> 
     </span>
    </p>
   </div>
   <div class='ocr_carea' id='block_1_50' title="bbox 519 3316 2105 3387">
    <p class='ocr_par' dir='ltr' id='par_1_50' title="bbox 519 3316 2105 3387">
     <span class='ocr_line' id='line_1_50' title="bbox 519 3316 2105 3387; baseline 0.003 -19"><span class='ocrx_word' id='word_1_340' title='bbox 519 3317 768 3386; x_wconf 82' lang='lat' dir='ltr'><strong>apposite</strong></span> <span class='ocrx_word' id='word_1_341' title='bbox 838 3317 1174 3387; x_wconf 82' lang='lat' dir='ltr'><strong>intelligatur</strong></span> <span class='ocrx_word' id='word_1_342' title='bbox 1248 3316 1491 3376; x_wconf 80' lang='lat' dir='ltr'><strong>salutare</strong></span> <span class='ocrx_word' id='word_1_343' title='bbox 1574 3317 1702 3371; x_wconf 91' lang='lat' dir='ltr'><strong>illud</strong></span> <span class='ocrx_word' id='word_1_344' title='bbox 1759 3333 1824 3372; x_wconf 82' lang='lat' dir='ltr'><strong>ex</strong></span> <span class='ocrx_word' id='word_1_345' title='bbox 1889 3317 2105 3372; x_wconf 66' lang='lat' dir='ltr'><strong>caelesti</strong></span> 
     </span>
    </p>
   </div>
   <div class='ocr_carea' id='block_1_51' title="bbox 521 3408 2098 3481">
    <p class='ocr_par' dir='ltr' id='par_1_51' title="bbox 521 3408 2098 3481">
     <span class='ocr_line' id='line_1_51' title="bbox 521 3408 2098 3481; baseline 0.001 -19"><span class='ocrx_word' id='word_1_346' title='bbox 521 3408 651 3463; x_wconf 85' lang='lat' dir='ltr'><strong>Sion</strong></span> <span class='ocrx_word' id='word_1_347' title='bbox 684 3409 998 3472; x_wconf 80' lang='lat' dir='ltr'><strong>advenisse,</strong></span> <span class='ocrx_word' id='word_1_348' title='bbox 1035 3408 1306 3480; x_wconf 86' lang='lat' dir='ltr'><strong>siquidem</strong></span> <span class='ocrx_word' id='word_1_349' title='bbox 1357 3409 1412 3464; x_wconf 92' lang='lat' dir='ltr'><strong>in</strong></span> <span class='ocrx_word' id='word_1_350' title='bbox 1447 3410 1564 3480; x_wconf 89' lang='lat' dir='ltr'><strong>ipsa</strong></span> <span class='ocrx_word' id='word_1_351' title='bbox 1593 3408 1844 3465; x_wconf 88' lang='lat' dir='ltr'><strong>Christus</strong></span> <span class='ocrx_word' id='word_1_352' title='bbox 1871 3425 2098 3481; x_wconf 81' lang='lat' dir='ltr'><strong>regnum</strong></span> 
     </span>
    </p>
   </div>
   <div class='ocr_carea' id='block_1_52' title="bbox 517 3502 2101 3579">
    <p class='ocr_par' dir='ltr' id='par_1_52' title="bbox 517 3502 2101 3579">
     <span class='ocr_line' id='line_1_52' title="bbox 517 3502 2101 3579; baseline 0.002 -26"><span class='ocrx_word' id='word_1_353' title='bbox 517 3503 764 3570; x_wconf 80' lang='lat' dir='ltr'><strong>obtinere</strong></span> <span class='ocrx_word' id='word_1_354' title='bbox 788 3503 972 3558; x_wconf 87' lang='lat' dir='ltr'><strong>dictus</strong></span> <span class='ocrx_word' id='word_1_355' title='bbox 995 3514 1096 3558; x_wconf 87' lang='lat' dir='ltr'><strong>est.</strong></span> <span class='ocrx_word' id='word_1_356' title='bbox 1142 3502 1511 3579; x_wconf 86' lang='lat' dir='ltr'><strong>Quamobrem</strong></span> <span class='ocrx_word' id='word_1_357' title='bbox 1547 3517 1749 3573; x_wconf 86' lang='lat' dir='ltr'><strong>scopus</strong></span> <span class='ocrx_word' id='word_1_358' title='bbox 1779 3509 1997 3575; x_wconf 86' lang='lat' dir='ltr'><strong>noster,</strong></span> <span class='ocrx_word' id='word_1_359' title='bbox 2035 3516 2101 3556; x_wconf 89' lang='lat' dir='ltr'><strong>ac</strong></span> 
     </span>
    </p>
   </div>
   <div class='ocr_carea' id='block_1_53' title="bbox 516 3593 2100 3667">
    <p class='ocr_par' dir='ltr' id='par_1_53' title="bbox 516 3593 2100 3667">
     <span class='ocr_line' id='line_1_53' title="bbox 516 3593 2100 3667; baseline 0.002 -18"><span class='ocrx_word' id='word_1_360' title='bbox 516 3611 641 3666; x_wconf 86' lang='lat' dir='ltr'><strong>spes</strong></span> <span class='ocrx_word' id='word_1_361' title='bbox 666 3611 917 3666; x_wconf 73' lang='lat' dir='ltr'><strong>superna:</strong></span> <span class='ocrx_word' id='word_1_362' title='bbox 945 3593 1250 3652; x_wconf 83' lang='lat' dir='ltr'><strong>vocationis</strong></span> <span class='ocrx_word' id='word_1_363' title='bbox 1282 3606 1368 3664; x_wconf 84' lang='lat' dir='ltr'><strong>est</strong></span> <span class='ocrx_word' id='word_1_364' title='bbox 1401 3611 1627 3667; x_wconf 83' lang='lat' dir='ltr'><strong>regnum</strong></span> <span class='ocrx_word' id='word_1_365' title='bbox 1657 3595 1940 3650; x_wconf 65' lang='lat' dir='ltr'><strong>caelorum.</strong></span> <span class='ocrx_word' id='word_1_366' title='bbox 1985 3593 2100 3652; x_wconf 80' lang='lat' dir='ltr'><strong>Sub</strong></span> 
     </span>
    </p>
   </div>
   <div class='ocr_carea' id='block_1_54' title="bbox 513 3673 2100 3757">
    <p class='ocr_par' dir='ltr' id='par_1_54' title="bbox 513 3673 2100 3757">
     <span class='ocr_line' id='line_1_54' title="bbox 513 3673 2100 3757; baseline -0.001 -15"><span class='ocrx_word' id='word_1_367' title='bbox 513 3687 651 3751; x_wconf 80' lang='lat' dir='ltr'><strong>haec,</strong></span> <span class='ocrx_word' id='word_1_368' title='bbox 681 3687 918 3742; x_wconf 78' lang='lat' dir='ltr'><strong>futuram</strong></span> <span class='ocrx_word' id='word_1_369' title='bbox 938 3687 1192 3743; x_wconf 88' lang='lat' dir='ltr'><strong>omnibus</strong></span> <span class='ocrx_word' id='word_1_370' title='bbox 1221 3688 1536 3749; x_wconf 87' lang='lat' dir='ltr'><strong>hominibus</strong></span> <span class='ocrx_word' id='word_1_371' title='bbox 1575 3686 1644 3741; x_wconf 93' lang='lat' dir='ltr'><strong>ab</strong></span> <span class='ocrx_word' id='word_1_372' title='bbox 1681 3673 1911 3757; x_wconf 76' lang='lat' dir='ltr'><strong>ipSomet</strong></span> <span class='ocrx_word' id='word_1_373' title='bbox 1950 3687 2100 3743; x_wconf 87' lang='lat' dir='ltr'><strong>salu-</strong></span> 
     </span>
    </p>
   </div>
   <div class='ocr_carea' id='block_1_55' title="bbox 511 3771 2097 3853">
    <p class='ocr_par' dir='ltr' id='par_1_55' title="bbox 511 3771 2097 3853">
     <span class='ocr_line' id='line_1_55' title="bbox 511 3771 2097 3853; baseline 0.003 -20"><span class='ocrx_word' id='word_1_374' title='bbox 511 3780 619 3837; x_wconf 86' lang='lat' dir='ltr'><strong>tari</strong></span> <span class='ocrx_word' id='word_1_375' title='bbox 642 3779 1044 3835; x_wconf 85' lang='lat' dir='ltr'><strong>conciliandam</strong></span> <span class='ocrx_word' id='word_1_376' title='bbox 1074 3780 1381 3834; x_wconf 87' lang='lat' dir='ltr'><strong>libertatem</strong></span> <span class='ocrx_word' id='word_1_377' title='bbox 1408 3771 1672 3837; x_wconf 84' lang='lat' dir='ltr'><strong>declarat.</strong></span> <span class='ocrx_word' id='word_1_378' title='bbox 1705 3779 1783 3836; x_wconf 83' lang='lat' dir='ltr'><strong>Ac</strong></span> <span class='ocrx_word' id='word_1_379' title='bbox 1823 3782 2097 3853; x_wconf 88' lang='lat' dir='ltr'><strong>perpende</strong></span> 
     </span>
    </p>
   </div>
   <div class='ocr_carea' id='block_1_56' title="bbox 514 3872 2094 3945">
    <p class='ocr_par' dir='ltr' id='par_1_56' title="bbox 514 3872 2094 3945">
     <span class='ocr_line' id='line_1_56' title="bbox 514 3872 2094 3945; baseline 0 -19"><span class='ocrx_word' id='word_1_380' title='bbox 514 3872 672 3937; x_wconf 86' lang='lat' dir='ltr'><strong>mihi,</strong></span> <span class='ocrx_word' id='word_1_381' title='bbox 697 3887 904 3943; x_wconf 70' lang='lat' dir='ltr'><strong>quaeso,</strong></span> <span class='ocrx_word' id='word_1_382' title='bbox 937 3889 1046 3944; x_wconf 89' lang='lat' dir='ltr'><strong>quo</strong></span> <span class='ocrx_word' id='word_1_383' title='bbox 1077 3881 1234 3943; x_wconf 90' lang='lat' dir='ltr'><strong>pacto</strong></span> <span class='ocrx_word' id='word_1_384' title='bbox 1261 3913 1276 3938; x_wconf 93' lang='lat'><strong>,</strong></span> <span class='ocrx_word' id='word_1_385' title='bbox 1329 3887 1453 3927; x_wconf 89' lang='lat' dir='ltr'><strong>cum</strong></span> <span class='ocrx_word' id='word_1_386' title='bbox 1485 3873 1574 3926; x_wconf 91' lang='lat' dir='ltr'><strong>alii</strong></span> <span class='ocrx_word' id='word_1_387' title='bbox 1628 3875 1893 3945; x_wconf 88' lang='lat' dir='ltr'><strong>redempti</strong></span> <span class='ocrx_word' id='word_1_388' title='bbox 1945 3875 2094 3938; x_wconf 91' lang='lat' dir='ltr'><strong>sint,</strong></span> 
     </span>
    </p>
   </div>
   <div class='ocr_carea' id='block_1_57' title="bbox 513 3950 2098 4036">
    <p class='ocr_par' dir='ltr' id='par_1_57' title="bbox 513 3950 2098 4036">
     <span class='ocr_line' id='line_1_57' title="bbox 513 3950 2098 4036; baseline 0.002 -18"><span class='ocrx_word' id='word_1_389' title='bbox 513 3965 653 4018; x_wconf 83' lang='lat' dir='ltr'><strong>alios</strong></span> <span class='ocrx_word' id='word_1_390' title='bbox 685 3950 866 4032; x_wconf 57' lang='lat' dir='ltr'><strong>tamen</strong></span> <span class='ocrx_word' id='word_1_391' title='bbox 891 3965 1039 4019; x_wconf 84' lang='lat' dir='ltr'><strong>dicat</strong></span> <span class='ocrx_word' id='word_1_392' title='bbox 1070 3965 1347 4020; x_wconf 81' lang='lat' dir='ltr'><strong>exsultare</strong></span> <span class='ocrx_word' id='word_1_393' title='bbox 1375 3983 1389 4019; x_wconf 90' lang='lat'>:</span> <span class='ocrx_word' id='word_1_394' title='bbox 1426 3951 1551 4018; x_wconf 88' lang='lat' dir='ltr'><strong>nam</strong></span> <span class='ocrx_word' id='word_1_395' title='bbox 1583 3980 1706 4020; x_wconf 92' lang='lat' dir='ltr'><strong>cum</strong></span> <span class='ocrx_word' id='word_1_396' title='bbox 1734 3955 1968 4036; x_wconf 87' lang='lat' dir='ltr'><strong>populus</strong></span> <span class='ocrx_word' id='word_1_397' title='bbox 1999 3952 2098 4021; x_wconf 79' lang='lat' dir='ltr'><strong>Do-</strong></span> 
     </span>
    </p>
   </div>
   <div class='ocr_carea' id='block_1_58' title="bbox 513 4035 2092 4126">
    <p class='ocr_par' dir='ltr' id='par_1_58' title="bbox 513 4035 2092 4126">
     <span class='ocr_line' id='line_1_58' title="bbox 513 4035 2092 4126; baseline 0.002 -19"><span class='ocrx_word' id='word_1_398' title='bbox 513 4054 648 4109; x_wconf 91' lang='lat' dir='ltr'><strong>mini</strong></span> <span class='ocrx_word' id='word_1_399' title='bbox 687 4035 718 4108; x_wconf 67' lang='grc' dir='ltr'><strong>ιι</strong></span> <span class='ocrx_word' id='word_1_400' title='bbox 756 4056 1074 4126; x_wconf 83' lang='lat' dir='ltr'><strong>captivitate</strong></span> <span class='ocrx_word' id='word_1_401' title='bbox 1107 4055 1430 4110; x_wconf 89' lang='lat' dir='ltr'><strong>liberabitur</strong></span> <span class='ocrx_word' id='word_1_402' title='bbox 1453 4096 1467 4120; x_wconf 92' lang='lat'><strong>,</strong></span> <span class='ocrx_word' id='word_1_403' title='bbox 1499 4035 1846 4121; x_wconf 71' lang='lat' dir='ltr'><strong>Exsultabit,</strong></span> <span class='ocrx_word' id='word_1_404' title='bbox 1895 4057 2092 4126; x_wconf 87' lang='lat' dir='ltr'><strong>inquit,</strong></span> 
     </span>
    </p>
   </div>
   <div class='ocr_carea' id='block_1_59' title="bbox 509 4127 2096 4226">
    <p class='ocr_par' dir='ltr' id='par_1_59' title="bbox 509 4127 2096 4226">
     <span class='ocr_line' id='line_1_59' title="bbox 509 4127 2096 4226; baseline 0.002 -26"><span class='ocrx_word' id='word_1_405' title='bbox 509 4145 701 4223; x_wconf 76' lang='lat' dir='ltr'><strong>Iacob,</strong></span> <span class='ocrx_word' id='word_1_406' title='bbox 733 4127 781 4202; x_wconf 83' lang='lat' dir='ltr'><strong>et</strong></span> <span class='ocrx_word' id='word_1_407' title='bbox 811 4130 1081 4201; x_wconf 77' lang='lat' dir='ltr'><strong>lietabitur</strong></span> <span class='ocrx_word' id='word_1_408' title='bbox 1128 4146 1326 4204; x_wconf 88' lang='lat' dir='ltr'><strong>Israel.</strong></span> <span class='ocrx_word' id='word_1_409' title='bbox 1355 4145 1491 4201; x_wconf 87' lang='lat' dir='ltr'><strong>Cum</strong></span> <span class='ocrx_word' id='word_1_410' title='bbox 1531 4147 1699 4217; x_wconf 88' lang='lat' dir='ltr'><strong>igitur</strong></span> <span class='ocrx_word' id='word_1_411' title='bbox 1729 4146 1976 4202; x_wconf 82' lang='lat' dir='ltr'><strong>futurum</strong></span> <span class='ocrx_word' id='word_1_412' title='bbox 2007 4163 2096 4226; x_wconf 75' lang='lat' dir='ltr'><strong>es-</strong></span> 
     </span>
    </p>
   </div>
   <div class='ocr_carea' id='block_1_60' title="bbox 512 4241 2094 4312">
    <p class='ocr_par' dir='ltr' id='par_1_60' title="bbox 512 4241 2094 4312">
     <span class='ocr_line' id='line_1_60' title="bbox 512 4241 2094 4312; baseline -0.003 -13"><span class='ocrx_word' id='word_1_413' title='bbox 512 4249 630 4308; x_wconf 87' lang='lat' dir='ltr'><strong>set,</strong></span> <span class='ocrx_word' id='word_1_414' title='bbox 669 4250 726 4298; x_wconf 94' lang='lat' dir='ltr'><strong>ut</strong></span> <span class='ocrx_word' id='word_1_415' title='bbox 753 4243 949 4298; x_wconf 64' lang='lat' dir='ltr'><strong>animae</strong></span> <span class='ocrx_word' id='word_1_416' title='bbox 987 4243 1116 4297; x_wconf 89' lang='lat' dir='ltr'><strong>olim</strong></span> <span class='ocrx_word' id='word_1_417' title='bbox 1145 4257 1175 4295; x_wconf 89' lang='lat' dir='ltr'><strong>a</strong></span> <span class='ocrx_word' id='word_1_418' title='bbox 1207 4241 1512 4296; x_wconf 72' lang='lat' dir='ltr'><strong>dzemonico</strong></span> <span class='ocrx_word' id='word_1_419' title='bbox 1539 4255 1729 4295; x_wconf 90' lang='lat' dir='ltr'><strong>errore</strong></span> <span class='ocrx_word' id='word_1_420' title='bbox 1773 4241 1828 4294; x_wconf 91' lang='lat' dir='ltr'><strong>in</strong></span> <span class='ocrx_word' id='word_1_421' title='bbox 1861 4241 2094 4312; x_wconf 87' lang='lat' dir='ltr'><strong>captivi-</strong></span> 
     </span>
    </p>
   </div>
   <div class='ocr_carea' id='block_1_61' title="bbox 509 4314 2094 4401">
    <p class='ocr_par' dir='ltr' id='par_1_61' title="bbox 509 4314 2094 4401">
     <span class='ocr_line' id='line_1_61' title="bbox 509 4314 2094 4401; baseline 0.001 -16"><span class='ocrx_word' id='word_1_422' title='bbox 509 4339 677 4386; x_wconf 88' lang='lat' dir='ltr'><strong>tatem</strong></span> <span class='ocrx_word' id='word_1_423' title='bbox 718 4314 1002 4396; x_wconf 66' lang='lat' dir='ltr'><strong>0bducta3,</strong></span> <span class='ocrx_word' id='word_1_424' title='bbox 1053 4317 1149 4401; x_wconf 89' lang='lat' dir='ltr'><strong>per</strong></span> <span class='ocrx_word' id='word_1_425' title='bbox 1177 4330 1416 4387; x_wconf 83' lang='lat' dir='ltr'><strong>salutare</strong></span> <span class='ocrx_word' id='word_1_426' title='bbox 1450 4329 1540 4384; x_wconf 90' lang='lat' dir='ltr'><strong>Dei</strong></span> <span class='ocrx_word' id='word_1_427' title='bbox 1581 4330 1890 4385; x_wconf 89' lang='lat' dir='ltr'><strong>libertatem</strong></span> <span class='ocrx_word' id='word_1_428' title='bbox 1940 4327 2094 4387; x_wconf 79' lang='lat' dir='ltr'><strong>asse-</strong></span> 
     </span>
    </p>
   </div>
   <div class='ocr_carea' id='block_1_62' title="bbox 507 4405 2090 4503">
    <p class='ocr_par' dir='ltr' id='par_1_62' title="bbox 507 4405 2090 4503">
     <span class='ocr_line' id='line_1_62' title="bbox 507 4405 2090 4503; baseline 0.002 -29"><span class='ocrx_word' id='word_1_429' title='bbox 507 4431 828 4503; x_wconf 81' lang='lat' dir='ltr'><strong>querentur,</strong></span> <span class='ocrx_word' id='word_1_430' title='bbox 858 4405 916 4477; x_wconf 85' lang='lat' dir='ltr'><strong>et</strong></span> <span class='ocrx_word' id='word_1_431' title='bbox 943 4437 1009 4477; x_wconf 83' lang='lat' dir='ltr'><strong>ex</strong></span> <span class='ocrx_word' id='word_1_432' title='bbox 1059 4421 1316 4476; x_wconf 87' lang='lat' dir='ltr'><strong>omnibus</strong></span> <span class='ocrx_word' id='word_1_433' title='bbox 1370 4421 1622 4492; x_wconf 84' lang='lat' dir='ltr'><strong>gentibus</strong></span> <span class='ocrx_word' id='word_1_434' title='bbox 1677 4421 1745 4475; x_wconf 88' lang='lat' dir='ltr'><strong>ad</strong></span> <span class='ocrx_word' id='word_1_435' title='bbox 1803 4420 2090 4477; x_wconf 89' lang='lat' dir='ltr'><strong>Dominum</strong></span> 
     </span>
    </p>
   </div>
   <div class='ocr_carea' id='block_1_63' title="bbox 2221 1937 3336 2014">
    <p class='ocr_par' dir='ltr' id='par_1_63' title="bbox 2221 1937 3336 2014">
     <span class='ocr_line' id='line_1_63' title="bbox 2221 1937 3336 2014; baseline 0.005 -26"><span class='ocrx_word' id='word_1_436' title='bbox 2221 1953 2332 2006; x_wconf 90' lang='grc' dir='ltr'>μει,</span> <span class='ocrx_word' id='word_1_437' title='bbox 2362 1937 2478 1990; x_wconf 62' lang='grc' dir='ltr'>ἀλλῗ</span> <span class='ocrx_word' id='word_1_438' title='bbox 2506 1937 2726 1992; x_wconf 74' lang='grc' dir='ltr'>ἄλλοθέν</span> <span class='ocrx_word' id='word_1_439' title='bbox 2754 1939 2916 1995; x_wconf 81' lang='grc' dir='ltr'>ποθεν</span> <span class='ocrx_word' id='word_1_440' title='bbox 2945 1941 3336 2014; x_wconf 83' lang='grc' dir='ltr'>γεγενημένας.</span> 
     </span>
    </p>
   </div>
   <div class='ocr_carea' id='block_1_64' title="bbox 2289 2104 3800 2179">
    <p class='ocr_par' dir='ltr' id='par_1_64' title="bbox 2289 2104 3800 2179">
     <span class='ocr_line' id='line_1_64' title="bbox 2289 2104 3800 2179; baseline 0.006 -21"><span class='ocrx_word' id='word_1_441' title='bbox 2289 2105 2385 2172; x_wconf 77' lang='grc' dir='ltr'>Τίς</span> <span class='ocrx_word' id='word_1_442' title='bbox 2424 2104 2604 2160; x_wconf 80' lang='grc' dir='ltr'>δώσει</span> <span class='ocrx_word' id='word_1_443' title='bbox 2647 2105 2715 2160; x_wconf 84' lang='grc' dir='ltr'>ἐκ</span> <span class='ocrx_word' id='word_1_444' title='bbox 2745 2105 2898 2161; x_wconf 85' lang='grc' dir='ltr'>Σιὼν</span> <span class='ocrx_word' id='word_1_445' title='bbox 2935 2107 3001 2162; x_wconf 81' lang='grc' dir='ltr'>τὸ</span> <span class='ocrx_word' id='word_1_446' title='bbox 3041 2109 3336 2178; x_wconf 80' lang='grc' dir='ltr'>σωτήριον</span> <span class='ocrx_word' id='word_1_447' title='bbox 3379 2110 3486 2165; x_wconf 86' lang='grc' dir='ltr'>τοῦ</span> <span class='ocrx_word' id='word_1_448' title='bbox 3526 2109 3800 2179; x_wconf 63' lang='grc' dir='ltr'>Ἰσραήλε.</span> 
     </span>
    </p>
   </div>
   <div class='ocr_carea' id='block_1_65' title="bbox 2211 2197 3806 2272">
    <p class='ocr_par' dir='ltr' id='par_1_65' title="bbox 2211 2197 3806 2272">
     <span class='ocr_line' id='line_1_65' title="bbox 2211 2197 3806 2272; baseline 0.007 -21"><span class='ocrx_word' id='word_1_449' title='bbox 2211 2197 2283 2251; x_wconf 74' lang='grc' dir='ltr'><strong>ἐν</strong></span> <span class='ocrx_word' id='word_1_450' title='bbox 2317 2197 2396 2265; x_wconf 87' lang='grc' dir='ltr'>τῷ</span> <span class='ocrx_word' id='word_1_451' title='bbox 2424 2198 2781 2267; x_wconf 70' lang='grc' dir='ltr'>ἐπιστρέψαι</span> <span class='ocrx_word' id='word_1_452' title='bbox 2825 2201 3046 2268; x_wconf 77' lang='grc' dir='ltr'>Κύριον</span> <span class='ocrx_word' id='word_1_453' title='bbox 3087 2201 3202 2269; x_wconf 83' lang='grc' dir='ltr'>τὴν</span> <span class='ocrx_word' id='word_1_454' title='bbox 3240 2203 3654 2272; x_wconf 70' lang='grc' dir='ltr'>αἰχμαλωσίαν</span> <span class='ocrx_word' id='word_1_455' title='bbox 3684 2205 3806 2262; x_wconf 84' lang='grc' dir='ltr'>τοῦ.</span> 
     </span>
    </p>
   </div>
   <div class='ocr_carea' id='block_1_66' title="bbox 2211 2289 3800 2364">
    <p class='ocr_par' dir='ltr' id='par_1_66' title="bbox 2211 2289 3800 2364">
     <span class='ocr_line' id='line_1_66' title="bbox 2211 2289 3800 2364; baseline 0.003 -20"><span class='ocrx_word' id='word_1_456' title='bbox 2211 2289 2364 2352; x_wconf 74' lang='grc' dir='ltr'>λαοῦ</span> <span class='ocrx_word' id='word_1_457' title='bbox 2409 2291 2597 2354; x_wconf 82' lang='grc' dir='ltr'>αὑτοῦ</span> <span class='ocrx_word' id='word_1_458' title='bbox 2639 2291 3070 2361; x_wconf 73' lang='grc' dir='ltr'>ἁγαλλιὰσεται</span> <span class='ocrx_word' id='word_1_459' title='bbox 3121 2293 3339 2358; x_wconf 76' lang='grc' dir='ltr'>Ἰακὼϐ,</span> <span class='ocrx_word' id='word_1_460' title='bbox 3390 2294 3487 2352; x_wconf 77' lang='grc' dir='ltr'>καὶ</span> <span class='ocrx_word' id='word_1_461' title='bbox 3535 2297 3800 2364; x_wconf 70' lang='grc' dir='ltr'>εὐφραν-</span> 
     </span>
    </p>
   </div>
   <div class='ocr_carea' id='block_1_67' title="bbox 2213 2382 3800 2456">
    <p class='ocr_par' dir='ltr' id='par_1_67' title="bbox 2213 2382 3800 2456">
     <span class='ocr_line' id='line_1_67' title="bbox 2213 2382 3800 2456; baseline 0.003 -20"><span class='ocrx_word' id='word_1_462' title='bbox 2213 2382 2461 2447; x_wconf 77' lang='grc' dir='ltr'>θήσεται</span> <span class='ocrx_word' id='word_1_463' title='bbox 2512 2382 2774 2451; x_wconf 74' lang='grc' dir='ltr'>’1σραήλ.</span> <span class='ocrx_word' id='word_1_464' title='bbox 2841 2384 3064 2440; x_wconf 83' lang='grc' dir='ltr'>Πάντων</span> <span class='ocrx_word' id='word_1_465' title='bbox 3117 2384 3478 2444; x_wconf 79' lang='grc' dir='ltr'>ἐκκλινάντων</span> <span class='ocrx_word' id='word_1_466' title='bbox 3535 2387 3628 2439; x_wconf 71' lang='grc' dir='ltr'><strong>καὶ</strong></span> <span class='ocrx_word' id='word_1_467' title='bbox 3673 2388 3800 2456; x_wconf 65' lang='grc' dir='ltr'>ἅμα.</span> 
     </span>
    </p>
   </div>
   <div class='ocr_carea' id='block_1_68' title="bbox 2211 2470 3794 2549">
    <p class='ocr_par' dir='ltr' id='par_1_68' title="bbox 2211 2470 3794 2549">
     <span class='ocr_line' id='line_1_68' title="bbox 2211 2470 3794 2549; baseline 0.004 -25"><span class='ocrx_word' id='word_1_468' title='bbox 2211 2472 2618 2544; x_wconf 75' lang='grc' dir='ltr'>ἀχρειωθέντων</span> <span class='ocrx_word' id='word_1_469' title='bbox 2644 2473 2836 2546; x_wconf 83' lang='grc' dir='ltr'>καιρὸς</span> <span class='ocrx_word' id='word_1_470' title='bbox 2865 2470 2932 2546; x_wconf 82' lang='grc' dir='ltr'>ἦν</span> <span class='ocrx_word' id='word_1_471' title='bbox 2958 2477 3036 2539; x_wconf 81' lang='grc' dir='ltr'><strong>είς</strong></span> <span class='ocrx_word' id='word_1_472' title='bbox 3062 2476 3224 2548; x_wconf 83' lang='grc' dir='ltr'>εὐχὴν</span> <span class='ocrx_word' id='word_1_473' title='bbox 3257 2477 3453 2549; x_wconf 77' lang='grc' dir='ltr'>τρέψαι</span> <span class='ocrx_word' id='word_1_474' title='bbox 3485 2476 3576 2530; x_wconf 80' lang='grc' dir='ltr'><strong>τὸν</strong></span> <span class='ocrx_word' id='word_1_475' title='bbox 3609 2475 3794 2544; x_wconf 87' lang='grc' dir='ltr'>λόγον,</span> 
     </span>
    </p>
   </div>
   <div class='ocr_carea' id='block_1_69' title="bbox 2211 2563 3794 2643">
    <p class='ocr_par' dir='ltr' id='par_1_69' title="bbox 2211 2563 3794 2643">
     <span class='ocr_line' id='line_1_69' title="bbox 2211 2563 3794 2643; baseline 0.005 -27"><span class='ocrx_word' id='word_1_476' title='bbox 2211 2563 2287 2626; x_wconf 81' lang='grc' dir='ltr'>ὡς</span> <span class='ocrx_word' id='word_1_477' title='bbox 2321 2564 2615 2643; x_wconf 74' lang='grc' dir='ltr'>πρεσϐείας</span> <span class='ocrx_word' id='word_1_478' title='bbox 2647 2567 2835 2637; x_wconf 87' lang='grc' dir='ltr'>τρόπῳ</span> <span class='ocrx_word' id='word_1_479' title='bbox 2869 2567 3032 2636; x_wconf 81' lang='grc' dir='ltr'>φάναι</span> <span class='ocrx_word' id='word_1_480' title='bbox 3054 2585 3067 2598; x_wconf 74' lang='grc' dir='ltr'><strong>ο</strong></span> <span class='ocrx_word' id='word_1_481' title='bbox 3107 2569 3201 2632; x_wconf 80' lang='grc' dir='ltr'>Τίς</span> <span class='ocrx_word' id='word_1_482' title='bbox 3231 2567 3408 2623; x_wconf 85' lang='grc' dir='ltr'>δώσει</span> <span class='ocrx_word' id='word_1_483' title='bbox 3445 2570 3512 2624; x_wconf 82' lang='grc' dir='ltr'><strong>ἐκ</strong></span> <span class='ocrx_word' id='word_1_484' title='bbox 3541 2570 3694 2624; x_wconf 85' lang='grc' dir='ltr'>Σιὼν</span> <span class='ocrx_word' id='word_1_485' title='bbox 3720 2577 3794 2626; x_wconf 80' lang='grc' dir='ltr'>τὸ</span> 
     </span>
    </p>
   </div>
   <div class='ocr_carea' id='block_1_70' title="bbox 2210 2657 3793 2734">
    <p class='ocr_par' dir='ltr' id='par_1_70' title="bbox 2210 2657 3793 2734">
     <span class='ocr_line' id='line_1_70' title="bbox 2210 2657 3793 2734; baseline 0.004 -26"><span class='ocrx_word' id='word_1_486' title='bbox 2210 2657 2508 2725; x_wconf 82' lang='grc' dir='ltr'>σωτήριον</span> <span class='ocrx_word' id='word_1_487' title='bbox 2548 2659 2654 2712; x_wconf 88' lang='grc' dir='ltr'>τοῦ</span> <span class='ocrx_word' id='word_1_488' title='bbox 2701 2659 2972 2728; x_wconf 70' lang='grc' dir='ltr'>Ἰσραήλς</span> <span class='ocrx_word' id='word_1_489' title='bbox 3011 2660 3186 2714; x_wconf 75' lang='grc' dir='ltr'>Αὑτοῦ</span> <span class='ocrx_word' id='word_1_490' title='bbox 3237 2661 3344 2732; x_wconf 84' lang='grc' dir='ltr'><strong>γάρ</strong></span> <span class='ocrx_word' id='word_1_491' title='bbox 3380 2662 3537 2734; x_wconf 83' lang='grc' dir='ltr'>χρεία</span> <span class='ocrx_word' id='word_1_492' title='bbox 3581 2663 3793 2729; x_wconf 74' lang='grc' dir='ltr'>λοιπὸν,</span> 
     </span>
    </p>
   </div>
   <div class='ocr_carea' id='block_1_71' title="bbox 2208 2747 3791 2824">
    <p class='ocr_par' dir='ltr' id='par_1_71' title="bbox 2208 2747 3791 2824">
     <span class='ocr_line' id='line_1_71' title="bbox 2208 2747 3791 2824; baseline 0.005 -24"><span class='ocrx_word' id='word_1_493' title='bbox 2208 2747 2302 2800; x_wconf 80' lang='grc' dir='ltr'>τοῦ</span> <span class='ocrx_word' id='word_1_494' title='bbox 2350 2750 2547 2819; x_wconf 82' lang='grc' dir='ltr'>ἄφεσιν</span> <span class='ocrx_word' id='word_1_495' title='bbox 2595 2751 3008 2824; x_wconf 84' lang='grc' dir='ltr'>ἁμαρτημάτων</span> <span class='ocrx_word' id='word_1_496' title='bbox 3058 2752 3416 2824; x_wconf 86' lang='grc' dir='ltr'>παρέχοντος,</span> <span class='ocrx_word' id='word_1_497' title='bbox 3471 2753 3564 2807; x_wconf 81' lang='grc' dir='ltr'>τοῦ</span> <span class='ocrx_word' id='word_1_498' title='bbox 3615 2754 3791 2809; x_wconf 82' lang='grc' dir='ltr'>αίτιου</span> 
     </span>
    </p>
   </div>
   <div class='ocr_carea' id='block_1_72' title="bbox 2209 2844 3795 2919">
    <p class='ocr_par' dir='ltr' id='par_1_72' title="bbox 2209 2844 3795 2919">
     <span class='ocr_line' id='line_1_72' title="bbox 2209 2844 3795 2919; baseline 0.006 -23"><span class='ocrx_word' id='word_1_499' title='bbox 2209 2844 2307 2915; x_wconf 82' lang='grc' dir='ltr'>τῆς</span> <span class='ocrx_word' id='word_1_500' title='bbox 2347 2845 2566 2898; x_wconf 77' lang='grc' dir='ltr'>αἰωνίου</span> <span class='ocrx_word' id='word_1_501' title='bbox 2613 2847 2902 2916; x_wconf 85' lang='grc' dir='ltr'>σωτηρίας.</span> <span class='ocrx_word' id='word_1_502' title='bbox 2966 2845 3137 2900; x_wconf 82' lang='grc' dir='ltr'>Τοῦτο</span> <span class='ocrx_word' id='word_1_503' title='bbox 3174 2847 3235 2900; x_wconf 84' lang='grc' dir='ltr'>τὸ</span> <span class='ocrx_word' id='word_1_504' title='bbox 3269 2849 3532 2919; x_wconf 86' lang='grc' dir='ltr'>σωτήριον</span> <span class='ocrx_word' id='word_1_505' title='bbox 3557 2849 3618 2901; x_wconf 81' lang='grc' dir='ltr'><strong>τὸ</strong></span> <span class='ocrx_word' id='word_1_506' title='bbox 3646 2849 3795 2905; x_wconf 78' lang='grc' dir='ltr'>κατὰ</span> 
     </span>
    </p>
   </div>
   <div class='ocr_carea' id='block_1_73' title="bbox 2212 2935 3798 3011">
    <p class='ocr_par' dir='ltr' id='par_1_73' title="bbox 2212 2935 3798 3011">
     <span class='ocr_line' id='line_1_73' title="bbox 2212 2935 3798 3011; baseline 0.006 -24"><span class='ocrx_word' id='word_1_507' title='bbox 2212 2935 2391 3004; x_wconf 83' lang='grc' dir='ltr'>σάρκα</span> <span class='ocrx_word' id='word_1_508' title='bbox 2442 2937 2506 2988; x_wconf 88' lang='grc' dir='ltr'><strong>ἐκ</strong></span> <span class='ocrx_word' id='word_1_509' title='bbox 2562 2936 2876 3008; x_wconf 80' lang='grc' dir='ltr'>σπέρματος</span> <span class='ocrx_word' id='word_1_510' title='bbox 2926 2937 3090 2992; x_wconf 74' lang='grc' dir='ltr'>Δαυῖδ</span> <span class='ocrx_word' id='word_1_511' title='bbox 3136 2939 3378 3008; x_wconf 82' lang='grc' dir='ltr'>γεγονὸς,</span> <span class='ocrx_word' id='word_1_512' title='bbox 3411 2942 3475 2994; x_wconf 90' lang='grc' dir='ltr'><strong>ἐκ</strong></span> <span class='ocrx_word' id='word_1_513' title='bbox 3525 2941 3622 3011; x_wconf 81' lang='grc' dir='ltr'>τῆς</span> <span class='ocrx_word' id='word_1_514' title='bbox 3648 2939 3798 2996; x_wconf 70' lang='grc' dir='ltr'>Σιὼιι</span> 
     </span>
    </p>
   </div>
   <div class='ocr_carea' id='block_1_74' title="bbox 2207 3029 3785 3103">
    <p class='ocr_par' dir='ltr' id='par_1_74' title="bbox 2207 3029 3785 3103">
     <span class='ocr_line' id='line_1_74' title="bbox 2207 3029 3785 3103; baseline 0.003 -19"><span class='ocrx_word' id='word_1_515' title='bbox 2207 3029 2446 3084; x_wconf 81' lang='grc' dir='ltr'>δέδοται⁶</span> <span class='ocrx_word' id='word_1_516' title='bbox 2507 3030 2668 3094; x_wconf 78' lang='grc' dir='ltr'>Ἥξει</span> <span class='ocrx_word' id='word_1_517' title='bbox 2730 3032 2840 3101; x_wconf 74' lang='grc' dir='ltr'>γὰρ</span> <span class='ocrx_word' id='word_1_518' title='bbox 2895 3033 2966 3086; x_wconf 83' lang='grc' dir='ltr'>ἐκ</span> <span class='ocrx_word' id='word_1_519' title='bbox 3017 3031 3169 3086; x_wconf 87' lang='grc' dir='ltr'>Σιὼν</span> <span class='ocrx_word' id='word_1_520' title='bbox 3229 3037 3262 3086; x_wconf 88' lang='grc' dir='ltr'><strong>ό</strong></span> <span class='ocrx_word' id='word_1_521' title='bbox 3312 3034 3635 3103; x_wconf 79' lang='grc' dir='ltr'>ῥυόμενος,</span> <span class='ocrx_word' id='word_1_522' title='bbox 3687 3041 3785 3090; x_wconf 71' lang='grc' dir='ltr'>καὶ</span> 
     </span>
    </p>
   </div>
   <div class='ocr_carea' id='block_1_75' title="bbox 2207 3123 3791 3197">
    <p class='ocr_par' dir='ltr' id='par_1_75' title="bbox 2207 3123 3791 3197">
     <span class='ocr_line' id='line_1_75' title="bbox 2207 3123 3791 3197; baseline -0.001 -19"><span class='ocrx_word' id='word_1_523' title='bbox 2207 3125 2576 3192; x_wconf 70' lang='grc' dir='ltr'>ἀποστρέψει</span> <span class='ocrx_word' id='word_1_524' title='bbox 2609 3125 2886 3191; x_wconf 77' lang='grc' dir='ltr'>ἀσεϐείας</span> <span class='ocrx_word' id='word_1_525' title='bbox 2918 3125 3034 3179; x_wconf 77' lang='grc' dir='ltr'><strong>ἀπὸ</strong></span> <span class='ocrx_word' id='word_1_526' title='bbox 3075 3123 3288 3179; x_wconf 76' lang='grc' dir='ltr'>Ἰακώϐ.</span> <span class='ocrx_word' id='word_1_527' title='bbox 3336 3126 3429 3189; x_wconf 85' lang='grc' dir='ltr'>Είς</span> <span class='ocrx_word' id='word_1_528' title='bbox 3460 3125 3618 3180; x_wconf 80' lang='grc' dir='ltr'>τοῦτο</span> <span class='ocrx_word' id='word_1_529' title='bbox 3641 3125 3791 3197; x_wconf 71' lang='grc' dir='ltr'>λήψῃ</span> 
     </span>
    </p>
   </div>
   <div class='ocr_carea' id='block_1_76' title="bbox 2209 3217 3787 3288">
    <p class='ocr_par' dir='ltr' id='par_1_76' title="bbox 2209 3217 3787 3288">
     <span class='ocr_line' id='line_1_76' title="bbox 2209 3217 3787 3288; baseline 0.003 -18"><span class='ocrx_word' id='word_1_530' title='bbox 2209 3217 2270 3270; x_wconf 84' lang='grc' dir='ltr'><strong>τό</strong></span> <span class='ocrx_word' id='word_1_531' title='bbox 2289 3234 2302 3247; x_wconf 75' lang='grc' dir='ltr'><strong><em>ο</em></strong></span> <span class='ocrx_word' id='word_1_532' title='bbox 2341 3218 2432 3270; x_wconf 84' lang='grc' dir='ltr'>Ἐκ</span> <span class='ocrx_word' id='word_1_533' title='bbox 2455 3217 2608 3272; x_wconf 88' lang='grc' dir='ltr'>Σιὼν</span> <span class='ocrx_word' id='word_1_534' title='bbox 2641 3219 2681 3286; x_wconf 70' lang='grc' dir='ltr'>ἡ</span> <span class='ocrx_word' id='word_1_535' title='bbox 2710 3218 3031 3287; x_wconf 75' lang='grc' dir='ltr'>εὐπρέπεια</span> <span class='ocrx_word' id='word_1_536' title='bbox 3061 3218 3172 3287; x_wconf 83' lang='grc' dir='ltr'>τῆς</span> <span class='ocrx_word' id='word_1_537' title='bbox 3201 3221 3554 3288; x_wconf 64' lang='grc' dir='ltr'>(δριμύτητος</span> <span class='ocrx_word' id='word_1_538' title='bbox 3578 3221 3787 3282; x_wconf 68' lang='grc' dir='ltr'>αὐτοῦ,</span> 
     </span>
    </p>
   </div>
   <div class='ocr_carea' id='block_1_77' title="bbox 2209 3309 3792 3384">
    <p class='ocr_par' dir='ltr' id='par_1_77' title="bbox 2209 3309 3792 3384">
     <span class='ocr_line' id='line_1_77' title="bbox 2209 3309 3792 3384; baseline 0.003 -21"><span class='ocrx_word' id='word_1_539' title='bbox 2209 3309 2431 3364; x_wconf 81' lang='grc' dir='ltr'>δυνατὸν</span> <span class='ocrx_word' id='word_1_540' title='bbox 2473 3310 2754 3364; x_wconf 74' lang='grc' dir='ltr'>ἐκλαϐεῖν·</span> <span class='ocrx_word' id='word_1_541' title='bbox 2794 3313 2870 3375; x_wconf 85' lang='grc' dir='ltr'>ὼς</span> <span class='ocrx_word' id='word_1_542' title='bbox 2902 3312 2995 3365; x_wconf 68' lang='grc' dir='ltr'><strong>καὶ</strong></span> <span class='ocrx_word' id='word_1_543' title='bbox 3038 3315 3102 3366; x_wconf 88' lang='grc' dir='ltr'><strong>ἐκ</strong></span> <span class='ocrx_word' id='word_1_544' title='bbox 3147 3313 3247 3383; x_wconf 82' lang='grc' dir='ltr'>τῆς</span> <span class='ocrx_word' id='word_1_545' title='bbox 3292 3313 3616 3384; x_wconf 71' lang='grc' dir='ltr'>ἐπουρανίου</span> <span class='ocrx_word' id='word_1_546' title='bbox 3648 3311 3792 3368; x_wconf 77' lang='grc' dir='ltr'>Σιὼν</span> 
     </span>
    </p>
   </div>
   <div class='ocr_carea' id='block_1_78' title="bbox 2208 3401 3791 3477">
    <p class='ocr_par' dir='ltr' id='par_1_78' title="bbox 2208 3401 3791 3477">
     <span class='ocr_line' id='line_1_78' title="bbox 2208 3401 3791 3477; baseline 0.004 -24"><span class='ocrx_word' id='word_1_547' title='bbox 2208 3401 2433 3474; x_wconf 84' lang='grc' dir='ltr'>ἐλήλυθε</span> <span class='ocrx_word' id='word_1_548' title='bbox 2467 3404 2528 3458; x_wconf 81' lang='grc' dir='ltr'><strong>τὸ</strong></span> <span class='ocrx_word' id='word_1_549' title='bbox 2563 3405 2858 3475; x_wconf 82' lang='grc' dir='ltr'>σωτήριον·</span> <span class='ocrx_word' id='word_1_550' title='bbox 2907 3405 3141 3476; x_wconf 85' lang='grc' dir='ltr'>ἐπείπερ</span> <span class='ocrx_word' id='word_1_551' title='bbox 3175 3406 3232 3459; x_wconf 85' lang='grc' dir='ltr'><strong>ἐν</strong></span> <span class='ocrx_word' id='word_1_552' title='bbox 3258 3405 3393 3476; x_wconf 83' lang='grc' dir='ltr'>αὑτῇ</span> <span class='ocrx_word' id='word_1_553' title='bbox 3439 3406 3647 3477; x_wconf 76' lang='grc' dir='ltr'>εἴρηται</span> <span class='ocrx_word' id='word_1_554' title='bbox 3687 3407 3791 3477; x_wconf 83' lang='grc' dir='ltr'>τὴν</span> 
     </span>
    </p>
   </div>
   <div class='ocr_carea' id='block_1_79' title="bbox 2210 3493 3791 3571">
    <p class='ocr_par' dir='ltr' id='par_1_79' title="bbox 2210 3493 3791 3571">
     <span class='ocr_line' id='line_1_79' title="bbox 2210 3493 3791 3571; baseline 0.004 -25"><span class='ocrx_word' id='word_1_555' title='bbox 2210 3493 2485 3564; x_wconf 83' lang='grc' dir='ltr'>βασιλείαν</span> <span class='ocrx_word' id='word_1_556' title='bbox 2540 3495 2683 3566; x_wconf 81' lang='grc' dir='ltr'>ἔχειν</span> <span class='ocrx_word' id='word_1_557' title='bbox 2732 3497 2762 3548; x_wconf 98' lang='lat'><strong>6</strong></span> <span class='ocrx_word' id='word_1_558' title='bbox 2801 3497 3054 3568; x_wconf 85' lang='grc' dir='ltr'>Χριστός.</span> <span class='ocrx_word' id='word_1_559' title='bbox 3109 3497 3200 3550; x_wconf 85' lang='grc' dir='ltr'>Διὸ</span> <span class='ocrx_word' id='word_1_560' title='bbox 3228 3498 3323 3551; x_wconf 75' lang='grc' dir='ltr'>καὶ</span> <span class='ocrx_word' id='word_1_561' title='bbox 3354 3500 3382 3550; x_wconf 92' lang='lat'><strong>6</strong></span> <span class='ocrx_word' id='word_1_562' title='bbox 3405 3498 3605 3564; x_wconf 81' lang='grc' dir='ltr'>σκοπὸς</span> <span class='ocrx_word' id='word_1_563' title='bbox 3631 3498 3791 3571; x_wconf 73' lang='grc' dir='ltr'>ἡμῶν</span> 
     </span>
    </p>
   </div>
   <div class='ocr_carea' id='block_1_80' title="bbox 2209 3585 3789 3661">
    <p class='ocr_par' dir='ltr' id='par_1_80' title="bbox 2209 3585 3789 3661">
     <span class='ocr_line' id='line_1_80' title="bbox 2209 3585 3789 3661; baseline 0.004 -23"><span class='ocrx_word' id='word_1_564' title='bbox 2209 3585 2303 3638; x_wconf 82' lang='grc' dir='ltr'>καὶ</span> <span class='ocrx_word' id='word_1_565' title='bbox 2362 3587 2394 3656; x_wconf 87' lang='grc' dir='ltr'>ή</span> <span class='ocrx_word' id='word_1_566' title='bbox 2443 3585 2597 3650; x_wconf 71' lang='grc' dir='ltr'>ἐλπὶς</span> <span class='ocrx_word' id='word_1_567' title='bbox 2651 3586 2750 3658; x_wconf 84' lang='grc' dir='ltr'>τῆς</span> <span class='ocrx_word' id='word_1_568' title='bbox 2809 3587 2921 3640; x_wconf 80' lang='grc' dir='ltr'>ἄνω</span> <span class='ocrx_word' id='word_1_569' title='bbox 2987 3587 3232 3659; x_wconf 84' lang='grc' dir='ltr'>κλήσεως</span> <span class='ocrx_word' id='word_1_570' title='bbox 3289 3591 3322 3661; x_wconf 74' lang='grc' dir='ltr'><strong>ἡ</strong></span> <span class='ocrx_word' id='word_1_571' title='bbox 3384 3589 3626 3660; x_wconf 87' lang='grc' dir='ltr'>βασιλεία</span> <span class='ocrx_word' id='word_1_572' title='bbox 3677 3591 3789 3644; x_wconf 84' lang='grc' dir='ltr'><strong>τῶν</strong></span> 
     </span>
    </p>
   </div>
   <div class='ocr_carea' id='block_1_81' title="bbox 2206 3671 3798 3750">
    <p class='ocr_par' dir='ltr' id='par_1_81' title="bbox 2206 3671 3798 3750">
     <span class='ocr_line' id='line_1_81' title="bbox 2206 3671 3798 3750; baseline 0.003 -24"><span class='ocrx_word' id='word_1_573' title='bbox 2206 3675 2450 3745; x_wconf 77' lang='grc' dir='ltr'>οὐρανῶν</span> <span class='ocrx_word' id='word_1_574' title='bbox 2483 3675 2759 3746; x_wconf 81' lang='grc' dir='ltr'>τυγχάνει.</span> <span class='ocrx_word' id='word_1_575' title='bbox 2813 3671 2926 3730; x_wconf 84' lang='grc' dir='ltr'><strong>Εἶθ’</strong></span> <span class='ocrx_word' id='word_1_576' title='bbox 2961 3677 3088 3748; x_wconf 78' lang='grc' dir='ltr'>ἐξῆς</span> <span class='ocrx_word' id='word_1_577' title='bbox 3123 3677 3220 3750; x_wconf 82' lang='grc' dir='ltr'><strong>τὴν</strong></span> <span class='ocrx_word' id='word_1_578' title='bbox 3250 3677 3548 3749; x_wconf 83' lang='grc' dir='ltr'>μέλλουσαν</span> <span class='ocrx_word' id='word_1_579' title='bbox 3583 3680 3798 3738; x_wconf 29' lang='grc' dir='ltr'>ἅπασιν,</span> 
     </span>
    </p>
   </div>
   <div class='ocr_carea' id='block_1_82' title="bbox 2205 3767 3789 3846">
    <p class='ocr_par' dir='ltr' id='par_1_82' title="bbox 2205 3767 3789 3846">
     <span class='ocr_line' id='line_1_82' title="bbox 2205 3767 3789 3846; baseline 0.004 -25"><span class='ocrx_word' id='word_1_580' title='bbox 2205 3767 2514 3840; x_wconf 82' lang='grc' dir='ltr'>ἀνθρώποις</span> <span class='ocrx_word' id='word_1_581' title='bbox 2548 3769 2928 3842; x_wconf 80' lang='grc' dir='ltr'>προξενεῖσθαι</span> <span class='ocrx_word' id='word_1_582' title='bbox 2959 3771 3067 3824; x_wconf 80' lang='grc' dir='ltr'>ἀπὸ</span> <span class='ocrx_word' id='word_1_583' title='bbox 3114 3772 3298 3826; x_wconf 84' lang='grc' dir='ltr'>κακῶν</span> <span class='ocrx_word' id='word_1_584' title='bbox 3338 3772 3649 3846; x_wconf 72' lang='grc' dir='ltr'>ἐλευθερίαν</span> <span class='ocrx_word' id='word_1_585' title='bbox 3696 3773 3789 3828; x_wconf 77' lang='grc' dir='ltr'>διὰ</span> 
     </span>
    </p>
   </div>
   <div class='ocr_carea' id='block_1_83' title="bbox 2203 3860 3786 3938">
    <p class='ocr_par' dir='ltr' id='par_1_83' title="bbox 2203 3860 3786 3938">
     <span class='ocr_line' id='line_1_83' title="bbox 2203 3860 3786 3938; baseline 0.004 -24"><span class='ocrx_word' id='word_1_586' title='bbox 2203 3860 2299 3914; x_wconf 79' lang='grc' dir='ltr'>τοῦ</span> <span class='ocrx_word' id='word_1_587' title='bbox 2359 3863 2628 3934; x_wconf 86' lang='grc' dir='ltr'>σωτηρίου</span> <span class='ocrx_word' id='word_1_588' title='bbox 2688 3863 3005 3934; x_wconf 88' lang='grc' dir='ltr'>παρίστησι.</span> <span class='ocrx_word' id='word_1_589' title='bbox 3071 3865 3183 3917; x_wconf 77' lang='grc' dir='ltr'><strong>Καὶ</strong></span> <span class='ocrx_word' id='word_1_590' title='bbox 3232 3864 3329 3930; x_wconf 71' lang='grc' dir='ltr'><strong>θέα</strong></span> <span class='ocrx_word' id='word_1_591' title='bbox 3383 3866 3505 3919; x_wconf 89' lang='grc' dir='ltr'>τίνα</span> <span class='ocrx_word' id='word_1_592' title='bbox 3563 3865 3786 3938; x_wconf 86' lang='grc' dir='ltr'>τρόπον,</span> 
     </span>
    </p>
   </div>
   <div class='ocr_carea' id='block_1_84' title="bbox 2205 3953 3782 4030">
    <p class='ocr_par' dir='ltr' id='par_1_84' title="bbox 2205 3953 3782 4030">
     <span class='ocr_line' id='line_1_84' title="bbox 2205 3953 3782 4030; baseline 0.004 -24"><span class='ocrx_word' id='word_1_593' title='bbox 2205 3953 2406 4027; x_wconf 82' lang='grc' dir='ltr'>ἐτέρων</span> <span class='ocrx_word' id='word_1_594' title='bbox 2444 3955 2847 4028; x_wconf 87' lang='grc' dir='ltr'>λυτρουμένων,</span> <span class='ocrx_word' id='word_1_595' title='bbox 2903 3956 3125 4028; x_wconf 84' lang='grc' dir='ltr'>ἐτέρους</span> <span class='ocrx_word' id='word_1_596' title='bbox 3179 3957 3342 4030; x_wconf 67' lang='grc' dir='ltr'>φησὶν</span> <span class='ocrx_word' id='word_1_597' title='bbox 3392 3958 3782 4027; x_wconf 73' lang='grc' dir='ltr'>ἀγαλλιᾶσθαιο</span> 
     </span>
    </p>
   </div>
   <div class='ocr_carea' id='block_1_85' title="bbox 2203 4034 3789 4124">
    <p class='ocr_par' dir='ltr' id='par_1_85' title="bbox 2203 4034 3789 4124">
     <span class='ocr_line' id='line_1_85' title="bbox 2203 4034 3789 4124; baseline 0.005 -25"><span class='ocrx_word' id='word_1_598' title='bbox 2203 4034 2263 4100; x_wconf 80' lang='grc' dir='ltr'><strong>ἐν</strong></span> <span class='ocrx_word' id='word_1_599' title='bbox 2310 4047 2388 4118; x_wconf 83' lang='grc' dir='ltr'><strong>τῷ</strong></span> <span class='ocrx_word' id='word_1_600' title='bbox 2435 4047 2544 4120; x_wconf 83' lang='grc' dir='ltr'>γὰρ</span> <span class='ocrx_word' id='word_1_601' title='bbox 2609 4049 3020 4123; x_wconf 74' lang='grc' dir='ltr'>ἠλευθερῶσθαι</span> <span class='ocrx_word' id='word_1_602' title='bbox 3094 4051 3194 4124; x_wconf 85' lang='grc' dir='ltr'><strong>τὴν</strong></span> <span class='ocrx_word' id='word_1_603' title='bbox 3255 4049 3629 4124; x_wconf 72' lang='grc' dir='ltr'>αἰχμαλωσίαν</span> <span class='ocrx_word' id='word_1_604' title='bbox 3689 4055 3789 4107; x_wconf 73' lang='grc' dir='ltr'><strong>τοῦ</strong></span> 
     </span>
    </p>
   </div>
   <div class='ocr_carea' id='block_1_86' title="bbox 2201 4138 3794 4217">
    <p class='ocr_par' dir='ltr' id='par_1_86' title="bbox 2201 4138 3794 4217">
     <span class='ocr_line' id='line_1_86' title="bbox 2201 4138 3794 4217; baseline 0.005 -25"><span class='ocrx_word' id='word_1_605' title='bbox 2201 4138 2347 4217; x_wconf 35' lang='grc' dir='ltr'>λαοῦ.</span> <span class='ocrx_word' id='word_1_606' title='bbox 2370 4143 2612 4212; x_wconf 83' lang='grc' dir='ltr'>Κυρίου,</span> <span class='ocrx_word' id='word_1_607' title='bbox 2663 4142 3108 4212; x_wconf 57' lang='grc' dir='ltr'>Ἀγηαλλιάσεται</span> <span class='ocrx_word' id='word_1_608' title='bbox 3134 4183 3148 4208; x_wconf 92' lang='grc'><strong>,</strong></span> <span class='ocrx_word' id='word_1_609' title='bbox 3197 4145 3384 4215; x_wconf 79' lang='grc' dir='ltr'>φησὶν,</span> <span class='ocrx_word' id='word_1_610' title='bbox 3429 4144 3644 4209; x_wconf 77' lang='grc' dir='ltr'>Ἰακὼϐ,</span> <span class='ocrx_word' id='word_1_611' title='bbox 3683 4147 3794 4200; x_wconf 67' lang='grc' dir='ltr'>καὶ</span> 
     </span>
    </p>
   </div>
   <div class='ocr_carea' id='block_1_87' title="bbox 2200 4223 3788 4310">
    <p class='ocr_par' dir='ltr' id='par_1_87' title="bbox 2200 4223 3788 4310">
     <span class='ocr_line' id='line_1_87' title="bbox 2200 4223 3788 4310; baseline 0.004 -23"><span class='ocrx_word' id='word_1_612' title='bbox 2200 4223 2674 4303; x_wconf 69' lang='grc' dir='ltr'>εὐφρανθήσεται</span> <span class='ocrx_word' id='word_1_613' title='bbox 2717 4236 2976 4305; x_wconf 77' lang='grc' dir='ltr'>Ἰσραήλ.</span> <span class='ocrx_word' id='word_1_614' title='bbox 3021 4237 3142 4291; x_wconf 86' lang='grc' dir='ltr'><strong>Τῶν</strong></span> <span class='ocrx_word' id='word_1_615' title='bbox 3181 4233 3273 4291; x_wconf 85' lang='grc' dir='ltr'><strong>οὖν</strong></span> <span class='ocrx_word' id='word_1_616' title='bbox 3318 4237 3485 4292; x_wconf 82' lang='grc' dir='ltr'>πάλαι</span> <span class='ocrx_word' id='word_1_617' title='bbox 3532 4237 3788 4310; x_wconf 60' lang='grc' dir='ltr'>ᾐχμαλωέ</span> 
     </span>
    </p>
   </div>
   <div class='ocr_carea' id='block_1_88' title="bbox 2199 4318 3786 4400">
    <p class='ocr_par' dir='ltr' id='par_1_88' title="bbox 2199 4318 3786 4400">
     <span class='ocr_line' id='line_1_88' title="bbox 2199 4318 3786 4400; baseline 0.003 -21"><span class='ocrx_word' id='word_1_618' title='bbox 2199 4326 2470 4398; x_wconf 89' lang='grc' dir='ltr'>τισμένων</span> <span class='ocrx_word' id='word_1_619' title='bbox 2499 4327 2604 4380; x_wconf 81' lang='grc' dir='ltr'>ὑπὸ</span> <span class='ocrx_word' id='word_1_620' title='bbox 2628 4327 2727 4398; x_wconf 84' lang='grc' dir='ltr'>τῆς</span> <span class='ocrx_word' id='word_1_621' title='bbox 2754 4327 3071 4400; x_wconf 84' lang='grc' dir='ltr'>δαιμονικῆς</span> <span class='ocrx_word' id='word_1_622' title='bbox 3094 4328 3301 4400; x_wconf 87' lang='grc' dir='ltr'>πλάνης</span> <span class='ocrx_word' id='word_1_623' title='bbox 3329 4318 3535 4400; x_wconf 71' lang='grc' dir='ltr'>ψυχῶν,</span> <span class='ocrx_word' id='word_1_624' title='bbox 3560 4328 3786 4399; x_wconf 85' lang='grc' dir='ltr'>μελλου-</span> 
     </span>
    </p>
   </div>
   <div class='ocr_carea' id='block_1_89' title="bbox 2203 4405 3784 4495">
    <p class='ocr_par' dir='ltr' id='par_1_89' title="bbox 2203 4405 3784 4495">
     <span class='ocr_line' id='line_1_89' title="bbox 2203 4405 3784 4495; baseline 0.002 -23"><span class='ocrx_word' id='word_1_625' title='bbox 2203 4405 2309 4476; x_wconf 79' lang='grc' dir='ltr'><strong>σῶν</strong></span> <span class='ocrx_word' id='word_1_626' title='bbox 2331 4420 2420 4474; x_wconf 81' lang='grc' dir='ltr'>διὰ</span> <span class='ocrx_word' id='word_1_627' title='bbox 2443 4421 2535 4474; x_wconf 75' lang='grc' dir='ltr'>τοῦ</span> <span class='ocrx_word' id='word_1_628' title='bbox 2569 4423 2834 4495; x_wconf 84' lang='grc' dir='ltr'>σωτηρίου</span> <span class='ocrx_word' id='word_1_629' title='bbox 2866 4422 2959 4476; x_wconf 77' lang='grc' dir='ltr'><strong>τοῦ</strong></span> <span class='ocrx_word' id='word_1_630' title='bbox 2979 4422 3113 4476; x_wconf 87' lang='grc' dir='ltr'><strong>Θεοῦ</strong></span> <span class='ocrx_word' id='word_1_631' title='bbox 3145 4422 3455 4494; x_wconf 79' lang='grc' dir='ltr'>ἐλευθερίας</span> <span class='ocrx_word' id='word_1_632' title='bbox 3476 4418 3784 4493; x_wconf 74' lang='grc' dir='ltr'>τυγχάνειν,</span> 
     </span>
    </p>
   </div>
   <div class='ocr_carea' id='block_1_90' title="bbox 508 4512 2107 4598">
    <p class='ocr_par' dir='ltr' id='par_1_90' title="bbox 508 4512 2091 4586">
     <span class='ocr_line' id='line_1_90' title="bbox 508 4512 2091 4586; baseline 0 -16"><span class='ocrx_word' id='word_1_633' title='bbox 508 4513 759 4570; x_wconf 87' lang='lat' dir='ltr'><strong>homines</strong></span> <span class='ocrx_word' id='word_1_634' title='bbox 787 4522 1275 4586; x_wconf 83' lang='lat' dir='ltr'><strong>converterentur;</strong></span> <span class='ocrx_word' id='word_1_635' title='bbox 1312 4515 1407 4585; x_wconf 89' lang='lat' dir='ltr'><strong>qui</strong></span> <span class='ocrx_word' id='word_1_636' title='bbox 1461 4515 1590 4569; x_wconf 89' lang='lat' dir='ltr'><strong>olim</strong></span> <span class='ocrx_word' id='word_1_637' title='bbox 1624 4513 1680 4568; x_wconf 92' lang='lat' dir='ltr'><strong>in</strong></span> <span class='ocrx_word' id='word_1_638' title='bbox 1711 4512 1822 4570; x_wconf 90' lang='lat' dir='ltr'><strong>Deo</strong></span> <span class='ocrx_word' id='word_1_639' title='bbox 1848 4513 2091 4571; x_wconf 74' lang='lat' dir='ltr'><strong>dehmcti</strong></span> 
     </span>
    </p>
   </div>
   <div class='ocr_carea' id='block_1_91' title="bbox 2208 4512 3785 4598">
    <p class='ocr_par' dir='ltr' id='par_1_91' title="bbox 2208 4514 3785 4595">
     <span class='ocr_line' id='line_1_91' title="bbox 2208 4514 3785 4595; baseline 0 -29"><span class='ocrx_word' id='word_1_640' title='bbox 2208 4515 2291 4567; x_wconf 75' lang='grc' dir='ltr'><strong>καὶ</strong></span> <span class='ocrx_word' id='word_1_641' title='bbox 2332 4514 2390 4580; x_wconf 76' lang='grc' dir='ltr'>ἐξ</span> <span class='ocrx_word' id='word_1_642' title='bbox 2436 4514 2691 4595; x_wconf 83' lang='grc' dir='ltr'>ἁπάντων</span> <span class='ocrx_word' id='word_1_643' title='bbox 2727 4514 2836 4568; x_wconf 83' lang='grc' dir='ltr'><strong>τῶν</strong></span> <span class='ocrx_word' id='word_1_644' title='bbox 2873 4515 3046 4568; x_wconf 82' lang='grc' dir='ltr'>ἐθνῶν</span> <span class='ocrx_word' id='word_1_645' title='bbox 3080 4514 3381 4586; x_wconf 89' lang='grc' dir='ltr'>μελλόντων</span> <span class='ocrx_word' id='word_1_646' title='bbox 3431 4515 3785 4586; x_wconf 80' lang='grc' dir='ltr'>ἐπιστρέφειν</span> 
     </span>
    </p>
   </div>
   <div class='ocr_carea' id='block_1_92' title="bbox 510 4598 2149 4683">
    <p class='ocr_par' dir='ltr' id='par_1_92' title="bbox 510 4598 2149 4683">
     <span class='ocr_line' id='line_1_92' title="bbox 510 4598 2149 4683; baseline -0.001 -20"><span class='ocrx_word' id='word_1_647' title='bbox 510 4619 640 4663; x_wconf 81' lang='lat' dir='ltr'><strong>sunt</strong></span> <span class='ocrx_word' id='word_1_648' title='bbox 661 4607 796 4677; x_wconf 90' lang='lat' dir='ltr'><strong>justi</strong></span> <span class='ocrx_word' id='word_1_649' title='bbox 827 4617 992 4678; x_wconf 90' lang='lat' dir='ltr'><strong>atque</strong></span> <span class='ocrx_word' id='word_1_650' title='bbox 1019 4608 1318 4683; x_wconf 74' lang='lat' dir='ltr'><strong>prophetae,</strong></span> <span class='ocrx_word' id='word_1_651' title='bbox 1343 4607 1436 4678; x_wconf 92' lang='lat' dir='ltr'><strong>qui</strong></span> <span class='ocrx_word' id='word_1_652' title='bbox 1471 4623 1600 4663; x_wconf 89' lang='lat' dir='ltr'><strong>vere</strong></span> <span class='ocrx_word' id='word_1_653' title='bbox 1626 4607 1816 4673; x_wconf 91' lang='lat' dir='ltr'><strong>Israel,</strong></span> <span class='ocrx_word' id='word_1_654' title='bbox 1849 4622 1978 4664; x_wconf 88' lang='lat' dir='ltr'><strong>vere</strong></span> <span class='ocrx_word' id='word_1_655' title='bbox 1998 4606 2092 4661; x_wconf 82' lang='lat' dir='ltr'><strong>Ja-</strong></span> <span class='ocrx_word' id='word_1_656' title='bbox 2144 4598 2149 4606; x_wconf 87' lang='grc'><em>’</em></span> 
     </span>
    </p>
   </div>
   <div class='ocr_carea' id='block_1_93' title="bbox 509 4692 2090 4772">
    <p class='ocr_par' dir='ltr' id='par_1_93' title="bbox 509 4692 2090 4772">
     <span class='ocr_line' id='line_1_93' title="bbox 509 4692 2090 4772; baseline 0 -18"><span class='ocrx_word' id='word_1_657' title='bbox 509 4699 612 4754; x_wconf 92' lang='lat' dir='ltr'><strong>cob</strong></span> <span class='ocrx_word' id='word_1_658' title='bbox 642 4693 946 4772; x_wconf 71' lang='lat' dir='ltr'><strong>nuncupari</strong></span> <span class='ocrx_word' id='word_1_659' title='bbox 977 4692 1236 4770; x_wconf 74' lang='lat' dir='ltr'><strong>possunt,</strong></span> <span class='ocrx_word' id='word_1_660' title='bbox 1263 4700 1618 4755; x_wconf 79' lang='lat' dir='ltr'><strong>exsultabunt</strong></span> <span class='ocrx_word' id='word_1_661' title='bbox 1649 4716 1713 4755; x_wconf 89' lang='lat' dir='ltr'><strong>ac</strong></span> <span class='ocrx_word' id='word_1_662' title='bbox 1743 4699 2090 4766; x_wconf 72' lang='lat' dir='ltr'><strong>Iretabuntur,</strong></span> 
     </span>
    </p>
   </div>
   <div class='ocr_carea' id='block_1_94' title="bbox 507 4775 2088 4866">
    <p class='ocr_par' dir='ltr' id='par_1_94' title="bbox 507 4775 2088 4866">
     <span class='ocr_line' id='line_1_94' title="bbox 507 4775 2088 4866; baseline 0 -18"><span class='ocrx_word' id='word_1_663' title='bbox 507 4794 654 4866; x_wconf 85' lang='lat' dir='ltr'><strong>quod</strong></span> <span class='ocrx_word' id='word_1_664' title='bbox 685 4775 943 4849; x_wconf 84' lang='lat' dir='ltr'><strong>vaticinia</strong></span> <span class='ocrx_word' id='word_1_665' title='bbox 976 4794 1045 4848; x_wconf 89' lang='lat' dir='ltr'><strong>ab</strong></span> <span class='ocrx_word' id='word_1_666' title='bbox 1075 4809 1136 4848; x_wconf 89' lang='lat' dir='ltr'><strong>se</strong></span> <span class='ocrx_word' id='word_1_667' title='bbox 1172 4794 1240 4848; x_wconf 89' lang='lat' dir='ltr'><strong>de</strong></span> <span class='ocrx_word' id='word_1_668' title='bbox 1268 4793 1427 4847; x_wconf 91' lang='lat' dir='ltr'><strong>nobis</strong></span> <span class='ocrx_word' id='word_1_669' title='bbox 1461 4795 1603 4848; x_wconf 89' lang='lat' dir='ltr'><strong>edita</strong></span> <span class='ocrx_word' id='word_1_670' title='bbox 1629 4794 1899 4860; x_wconf 88' lang='lat' dir='ltr'><strong>completa</strong></span> <span class='ocrx_word' id='word_1_671' title='bbox 1944 4795 2088 4859; x_wconf 87' lang='lat' dir='ltr'><strong>sint,</strong></span> 
     </span>
    </p>
   </div>
   <div class='ocr_carea' id='block_1_95' title="bbox 507 4869 2090 4960">
    <p class='ocr_par' dir='ltr' id='par_1_95' title="bbox 507 4869 2090 4960">
     <span class='ocr_line' id='line_1_95' title="bbox 507 4869 2090 4960; baseline 0.002 -22"><span class='ocrx_word' id='word_1_672' title='bbox 507 4872 771 4957; x_wconf 75' lang='lat' dir='ltr'><strong>quodque</strong></span> <span class='ocrx_word' id='word_1_673' title='bbox 791 4877 908 4958; x_wconf 76' lang='lat' dir='ltr'><strong>ipsi</strong></span> <span class='ocrx_word' id='word_1_674' title='bbox 937 4869 1108 4953; x_wconf 73' lang='lat' dir='ltr'><strong>nobis</strong></span> <span class='ocrx_word' id='word_1_675' title='bbox 1143 4885 1211 4941; x_wconf 92' lang='lat' dir='ltr'><strong>de</strong></span> <span class='ocrx_word' id='word_1_676' title='bbox 1239 4886 1430 4960; x_wconf 81' lang='lat' dir='ltr'><strong>adepta</strong></span> <span class='ocrx_word' id='word_1_677' title='bbox 1481 4887 1657 4942; x_wconf 87' lang='lat' dir='ltr'><strong>salute</strong></span> <span class='ocrx_word' id='word_1_678' title='bbox 1705 4887 2090 4956; x_wconf 77' lang='lat' dir='ltr'><strong>congratulen-</strong></span> 
     </span>
    </p>
   </div>
   <div class='ocr_carea' id='block_1_96' title="bbox 506 4960 2093 5048">
    <p class='ocr_par' dir='ltr' id='par_1_96' title="bbox 506 4960 2093 5048">
     <span class='ocr_line' id='line_1_96' title="bbox 506 4960 2093 5048; baseline 0 -15"><span class='ocrx_word' id='word_1_679' title='bbox 506 4984 619 5034; x_wconf 86' lang='lat' dir='ltr'><strong>tur.</strong></span> <span class='ocrx_word' id='word_1_680' title='bbox 650 4960 994 5048; x_wconf 78' lang='lat' dir='ltr'><strong>Quapropter</strong></span> <span class='ocrx_word' id='word_1_681' title='bbox 1029 4977 1250 5033; x_wconf 88' lang='lat' dir='ltr'><strong>Simeon</strong></span> <span class='ocrx_word' id='word_1_682' title='bbox 1271 5017 1286 5040; x_wconf 95' lang='lat'><strong>,</strong></span> <span class='ocrx_word' id='word_1_683' title='bbox 1325 4972 1451 5033; x_wconf 88' lang='lat' dir='ltr'><strong>cum</strong></span> <span class='ocrx_word' id='word_1_684' title='bbox 1483 4977 1551 5033; x_wconf 91' lang='lat' dir='ltr'><strong>de</strong></span> <span class='ocrx_word' id='word_1_685' title='bbox 1581 4977 1865 5033; x_wconf 89' lang='lat' dir='ltr'><strong>Salvatore</strong></span> <span class='ocrx_word' id='word_1_686' title='bbox 1918 4979 2093 5034; x_wconf 76' lang='lat' dir='ltr'><strong>dixis-</strong></span> 
     </span>
    </p>
   </div>
   <div class='ocr_carea' id='block_1_97' title="bbox 508 5058 2087 5150">
    <p class='ocr_par' dir='ltr' id='par_1_97' title="bbox 508 5058 2087 5150">
     <span class='ocr_line' id='line_1_97' title="bbox 508 5058 2087 5150; baseline 0.001 -22"><span class='ocrx_word' id='word_1_687' title='bbox 508 5078 593 5128; x_wconf 85' lang='lat' dir='ltr'><strong>set</strong></span> <span class='ocrx_word' id='word_1_688' title='bbox 622 5090 636 5127; x_wconf 87' lang='lat'><strong>:</strong></span> <span class='ocrx_word' id='word_1_689' title='bbox 672 5061 870 5128; x_wconf 81' lang='lat' dir='ltr'><strong>Lumen</strong></span> <span class='ocrx_word' id='word_1_690' title='bbox 905 5075 1010 5130; x_wconf 90' lang='lat' dir='ltr'><strong>erit</strong></span> <span class='ocrx_word' id='word_1_691' title='bbox 1050 5074 1119 5127; x_wconf 88' lang='lat' dir='ltr'><strong>ad</strong></span> <span class='ocrx_word' id='word_1_692' title='bbox 1155 5058 1526 5150; x_wconf 71' lang='lat' dir='ltr'><strong>reuelationem</strong></span> <span class='ocrx_word' id='word_1_693' title='bbox 1551 5074 1819 5145; x_wconf 83' lang='lat' dir='ltr'><strong>gentium;</strong></span> <span class='ocrx_word' id='word_1_694' title='bbox 1856 5073 2087 5141; x_wconf 90' lang='lat' dir='ltr'><strong>addidit,</strong></span> 
     </span>
    </p>
   </div>
   <div class='ocr_carea' id='block_1_98' title="bbox 502 5152 1526 5236">
    <p class='ocr_par' dir='ltr' id='par_1_98' title="bbox 502 5152 1526 5236">
     <span class='ocr_line' id='line_1_98' title="bbox 502 5152 1526 5236; baseline 0.007 -20"><span class='ocrx_word' id='word_1_695' title='bbox 502 5174 555 5234; x_wconf 70' lang='lat' dir='ltr'><strong>et</strong></span> <span class='ocrx_word' id='word_1_696' title='bbox 575 5152 803 5234; x_wconf 81' lang='lat' dir='ltr'><strong>gloriam</strong></span> <span class='ocrx_word' id='word_1_697' title='bbox 830 5164 994 5236; x_wconf 79' lang='lat' dir='ltr'><strong>plebis</strong></span> <span class='ocrx_word' id='word_1_698' title='bbox 1027 5177 1154 5231; x_wconf 79' lang='lat' dir='ltr'><strong>tute,</strong></span> <span class='ocrx_word' id='word_1_699' title='bbox 1185 5157 1358 5220; x_wconf 85' lang='lat' dir='ltr'><strong>Israel</strong></span> <span class='ocrx_word' id='word_1_700' title='bbox 1387 5168 1452 5223; x_wconf 82' lang='grc'><strong>¹⁹.</strong></span> <span class='ocrx_word' id='word_1_701' title='bbox 1520 5153 1526 5160; x_wconf 62' lang='grc'><em>’</em></span> 
     </span>
    </p>
   </div>
   <div class='ocr_carea' id='block_1_99' title="bbox 735 5369 1848 5428">
    <p class='ocr_par' dir='ltr' id='par_1_99' title="bbox 735 5369 1848 5428">
     <span class='ocr_line' id='line_1_99' title="bbox 735 5369 1848 5428; baseline 0 -2"><span class='ocrx_word' id='word_1_702' title='bbox 735 5370 804 5426; x_wconf 86' lang='grc' dir='ltr'><strong>ΙΝ</strong></span> <span class='ocrx_word' id='word_1_703' title='bbox 842 5370 1052 5428; x_wconf 78' lang='lat' dir='ltr'><strong>FINEM</strong></span> <span class='ocrx_word' id='word_1_704' title='bbox 1090 5369 1420 5428; x_wconf 82' lang='lat' dir='ltr'><strong>PSALMUS</strong></span> <span class='ocrx_word' id='word_1_705' title='bbox 1459 5370 1668 5428; x_wconf 69' lang='lat' dir='ltr'><strong>DAV&#39;ID</strong></span> <span class='ocrx_word' id='word_1_706' title='bbox 1704 5371 1848 5428; x_wconf 82' lang='lat' dir='ltr'><strong>XIV.</strong></span> 
     </span>
    </p>
   </div>
   <div class='ocr_carea' id='block_1_100' title="bbox 591 5486 2088 5557">
    <p class='ocr_par' dir='ltr' id='par_1_100' title="bbox 591 5486 2088 5557">
     <span class='ocr_line' id='line_1_100' title="bbox 591 5486 2088 5557; baseline -0.002 -14"><span class='ocrx_word' id='word_1_707' title='bbox 591 5499 747 5544; x_wconf 68' lang='lat' dir='ltr'><strong>Vens.</strong></span> <span class='ocrx_word' id='word_1_708' title='bbox 791 5488 845 5544; x_wconf 74' lang='grc'>1.</span> <span class='ocrx_word' id='word_1_709' title='bbox 892 5486 1143 5552; x_wconf 88' lang='lat' dir='ltr'><strong>Domine,</strong></span> <span class='ocrx_word' id='word_1_710' title='bbox 1193 5487 1310 5557; x_wconf 86' lang='lat' dir='ltr'><strong>quis</strong></span> <span class='ocrx_word' id='word_1_711' title='bbox 1341 5486 1600 5540; x_wconf 88' lang='lat' dir='ltr'><strong>habitabit</strong></span> <span class='ocrx_word' id='word_1_712' title='bbox 1655 5489 1709 5541; x_wconf 89' lang='lat' dir='ltr'><strong>in</strong></span> <span class='ocrx_word' id='word_1_713' title='bbox 1751 5487 2088 5542; x_wconf 87' lang='lat' dir='ltr'><strong>tabernaculo</strong></span> 
     </span>
    </p>
   </div>
   <div class='ocr_carea' id='block_1_101' title="bbox 511 5580 2091 5652">
    <p class='ocr_par' dir='ltr' id='par_1_101' title="bbox 511 5580 2091 5652">
     <span class='ocr_line' id='line_1_101' title="bbox 511 5580 2091 5652; baseline 0.001 -19"><span class='ocrx_word' id='word_1_714' title='bbox 511 5593 601 5642; x_wconf 75' lang='lat' dir='ltr'><strong>suo</strong></span> <span class='ocrx_word' id='word_1_715' title='bbox 620 5588 646 5638; x_wconf 79' lang='lat'><strong><em>?</em></strong></span> <span class='ocrx_word' id='word_1_716' title='bbox 673 5591 766 5635; x_wconf 91' lang='lat' dir='ltr'><strong>aut</strong></span> <span class='ocrx_word' id='word_1_717' title='bbox 800 5583 916 5652; x_wconf 83' lang='lat' dir='ltr'><strong>quis</strong></span> <span class='ocrx_word' id='word_1_718' title='bbox 957 5582 1236 5651; x_wconf 82' lang='lat' dir='ltr'><strong>requiescet</strong></span> <span class='ocrx_word' id='word_1_719' title='bbox 1266 5580 1321 5633; x_wconf 89' lang='lat' dir='ltr'><strong>in</strong></span> <span class='ocrx_word' id='word_1_720' title='bbox 1350 5589 1523 5634; x_wconf 90' lang='lat' dir='ltr'><strong>monte</strong></span> <span class='ocrx_word' id='word_1_721' title='bbox 1551 5589 1737 5635; x_wconf 85' lang='lat' dir='ltr'><strong>sancto</strong></span> <span class='ocrx_word' id='word_1_722' title='bbox 1767 5583 1900 5636; x_wconf 79' lang='lat' dir='ltr'><strong>tuo?</strong></span> <span class='ocrx_word' id='word_1_723' title='bbox 1938 5580 1982 5633; x_wconf 89' lang='grc' dir='ltr'><strong>Α</strong></span> <span class='ocrx_word' id='word_1_724' title='bbox 2012 5582 2091 5635; x_wconf 87' lang='lat' dir='ltr'><strong>vi-</strong></span> 
     </span>
    </p>
   </div>
   <div class='ocr_carea' id='block_1_102' title="bbox 505 5667 2085 5744">
    <p class='ocr_par' dir='ltr' id='par_1_102' title="bbox 505 5667 2085 5744">
     <span class='ocr_line' id='line_1_102' title="bbox 505 5667 2085 5744; baseline -0.005 -16"><span class='ocrx_word' id='word_1_725' title='bbox 505 5673 811 5728; x_wconf 75' lang='lat' dir='ltr'><strong>cinioribus</strong></span> <span class='ocrx_word' id='word_1_726' title='bbox 838 5671 1144 5744; x_wconf 84' lang='lat' dir='ltr'><strong>procedens</strong></span> <span class='ocrx_word' id='word_1_727' title='bbox 1165 5709 1182 5737; x_wconf 90' lang='lat'><strong>,</strong></span> <span class='ocrx_word' id='word_1_728' title='bbox 1243 5668 1542 5742; x_wconf 83' lang='lat' dir='ltr'><strong>perfectum</strong></span> <span class='ocrx_word' id='word_1_729' title='bbox 1575 5669 1752 5728; x_wconf 85' lang='lat' dir='ltr'><strong>virum</strong></span> <span class='ocrx_word' id='word_1_730' title='bbox 1803 5667 2085 5726; x_wconf 80' lang='lat' dir='ltr'><strong>describit.</strong></span> 
     </span>
    </p>
   </div>
   <div class='ocr_carea' id='block_1_103' title="bbox 587 5820 2172 5897">
    <p class='ocr_par' dir='ltr' id='par_1_103' title="bbox 587 5820 2172 5897">
     <span class='ocr_line' id='line_1_103' title="bbox 587 5820 2172 5897; baseline -0.003 -14"><span class='ocrx_word' id='word_1_731' title='bbox 587 5827 630 5861; x_wconf 81' lang='lat'>&quot;</span> <span class='ocrx_word' id='word_1_732' title='bbox 672 5828 769 5890; x_wconf 79' lang='lat' dir='ltr'><strong>lsa.</strong></span> <span class='ocrx_word' id='word_1_733' title='bbox 809 5845 934 5897; x_wconf 69' lang='grc' dir='ltr'>ιιι,</span> <span class='ocrx_word' id='word_1_734' title='bbox 965 5827 1052 5885; x_wconf 72' lang='lat'><strong>20.</strong></span> <span class='ocrx_word' id='word_1_735' title='bbox 1135 5827 1178 5861; x_wconf 79' lang='grc'><strong>’⁸</strong></span> <span class='ocrx_word' id='word_1_736' title='bbox 1213 5825 1360 5884; x_wconf 79' lang='lat' dir='ltr'><strong>Psal.</strong></span> <span class='ocrx_word' id='word_1_737' title='bbox 1392 5841 1539 5894; x_wconf 71' lang='lat' dir='ltr'><strong>nix,</strong></span> <span class='ocrx_word' id='word_1_738' title='bbox 1586 5823 1642 5884; x_wconf 72' lang='grc'>2.</span> <span class='ocrx_word' id='word_1_739' title='bbox 1724 5824 1764 5856; x_wconf 74' lang='grc'><strong>⁸⁸</strong></span> <span class='ocrx_word' id='word_1_740' title='bbox 1805 5820 1936 5877; x_wconf 86' lang='lat' dir='ltr'><strong>Luc.</strong></span> <span class='ocrx_word' id='word_1_741' title='bbox 1978 5839 2050 5888; x_wconf 88' lang='grc' dir='ltr'><strong>ιι,</strong></span> <span class='ocrx_word' id='word_1_742' title='bbox 2086 5822 2172 5878; x_wconf 72' lang='lat'><strong>52.</strong></span> 
     </span>
    </p>
   </div>
   <div class='ocr_carea' id='block_1_104' title="bbox 2197 4605 3783 4679">
    <p class='ocr_par' dir='ltr' id='par_1_104' title="bbox 2197 4605 3783 4679">
     <span class='ocr_line' id='line_1_104' title="bbox 2197 4605 3783 4679; baseline 0.001 -22"><span class='ocrx_word' id='word_1_743' title='bbox 2197 4605 2289 4657; x_wconf 75' lang='grc' dir='ltr'>ἐπὶ</span> <span class='ocrx_word' id='word_1_744' title='bbox 2324 4605 2416 4659; x_wconf 72' lang='grc' dir='ltr'><strong>τὸν</strong></span> <span class='ocrx_word' id='word_1_745' title='bbox 2446 4605 2672 4679; x_wconf 84' lang='grc' dir='ltr'>Κύριον,</span> <span class='ocrx_word' id='word_1_746' title='bbox 2721 4608 2769 4660; x_wconf 76' lang='grc' dir='ltr'>οἱ</span> <span class='ocrx_word' id='word_1_747' title='bbox 2799 4607 2969 4661; x_wconf 80' lang='grc' dir='ltr'>πάλαι</span> <span class='ocrx_word' id='word_1_748' title='bbox 3013 4606 3165 4678; x_wconf 79' lang='grc' dir='ltr'>παρὰ</span> <span class='ocrx_word' id='word_1_749' title='bbox 3195 4607 3271 4678; x_wconf 82' lang='grc' dir='ltr'>τῷ</span> <span class='ocrx_word' id='word_1_750' title='bbox 3298 4607 3418 4678; x_wconf 84' lang='grc' dir='ltr'><strong>Θεῷ</strong></span> <span class='ocrx_word' id='word_1_751' title='bbox 3461 4608 3783 4661; x_wconf 83' lang='grc' dir='ltr'>ἀναπεπαυ-</span> 
     </span>
    </p>
   </div>
   <div class='ocr_carea' id='block_1_105' title="bbox 2199 4697 3783 4772">
    <p class='ocr_par' dir='ltr' id='par_1_105' title="bbox 2199 4697 3783 4772">
     <span class='ocr_line' id='line_1_105' title="bbox 2199 4697 3783 4772; baseline 0.001 -22"><span class='ocrx_word' id='word_1_752' title='bbox 2199 4697 2349 4767; x_wconf 79' lang='grc' dir='ltr'>μένοι</span> <span class='ocrx_word' id='word_1_753' title='bbox 2394 4698 2589 4753; x_wconf 87' lang='grc' dir='ltr'>δίκαιοι</span> <span class='ocrx_word' id='word_1_754' title='bbox 2637 4701 2730 4754; x_wconf 81' lang='grc' dir='ltr'><strong>καὶ</strong></span> <span class='ocrx_word' id='word_1_755' title='bbox 2775 4701 3074 4772; x_wconf 74' lang='grc' dir='ltr'>προφῆται,</span> <span class='ocrx_word' id='word_1_756' title='bbox 3123 4701 3278 4754; x_wconf 75' lang='grc' dir='ltr'>αὐτοὶ</span> <span class='ocrx_word' id='word_1_757' title='bbox 3297 4701 3448 4764; x_wconf 79' lang='grc' dir='ltr'>ὄντες</span> <span class='ocrx_word' id='word_1_758' title='bbox 3493 4703 3522 4754; x_wconf 91' lang='lat'><strong>6</strong></span> <span class='ocrx_word' id='word_1_759' title='bbox 3565 4699 3783 4771; x_wconf 86' lang='grc' dir='ltr'>ἀληθῶς</span> 
     </span>
    </p>
   </div>
   <div class='ocr_carea' id='block_1_106' title="bbox 2194 4787 3785 4864">
    <p class='ocr_par' dir='ltr' id='par_1_106' title="bbox 2194 4787 3785 4864">
     <span class='ocr_line' id='line_1_106' title="bbox 2194 4787 3785 4864; baseline 0 -20"><span class='ocrx_word' id='word_1_760' title='bbox 2194 4790 2415 4864; x_wconf 81' lang='grc' dir='ltr'>Ἰσραὴλ</span> <span class='ocrx_word' id='word_1_761' title='bbox 2464 4793 2560 4846; x_wconf 78' lang='grc' dir='ltr'>καὶ</span> <span class='ocrx_word' id='word_1_762' title='bbox 2609 4795 2638 4846; x_wconf 91' lang='lat'><strong>6</strong></span> <span class='ocrx_word' id='word_1_763' title='bbox 2681 4793 2899 4864; x_wconf 81' lang='grc' dir='ltr'>άληθῶς</span> <span class='ocrx_word' id='word_1_764' title='bbox 2949 4793 3164 4859; x_wconf 64' lang='grc' dir='ltr'>ἳιακὼϐ,</span> <span class='ocrx_word' id='word_1_765' title='bbox 3220 4793 3637 4862; x_wconf 84' lang='grc' dir='ltr'>ἀγαλλιάσονται</span> <span class='ocrx_word' id='word_1_766' title='bbox 3687 4787 3785 4845; x_wconf 69' lang='grc' dir='ltr'><strong>καῖ</strong></span> 
     </span>
    </p>
   </div>
   <div class='ocr_carea' id='block_1_107' title="bbox 2196 4872 3785 4958">
    <p class='ocr_par' dir='ltr' id='par_1_107' title="bbox 2196 4872 3785 4958">
     <span class='ocr_line' id='line_1_107' title="bbox 2196 4872 3785 4958; baseline -0.001 -20"><span class='ocrx_word' id='word_1_767' title='bbox 2196 4872 2678 4956; x_wconf 81' lang='grc' dir='ltr'>εὐφρανθήσονται,</span> <span class='ocrx_word' id='word_1_768' title='bbox 2712 4886 2801 4939; x_wconf 85' lang='grc' dir='ltr'><strong>διά</strong></span> <span class='ocrx_word' id='word_1_769' title='bbox 2841 4886 2904 4940; x_wconf 84' lang='grc' dir='ltr'><strong>τὸ</strong></span> <span class='ocrx_word' id='word_1_770' title='bbox 2934 4887 3269 4958; x_wconf 79' lang='grc' dir='ltr'>πληροῦσθαι</span> <span class='ocrx_word' id='word_1_771' title='bbox 3309 4885 3489 4940; x_wconf 78' lang='grc' dir='ltr'>αὐτῶν</span> <span class='ocrx_word' id='word_1_772' title='bbox 3518 4884 3616 4949; x_wconf 84' lang='grc' dir='ltr'>τὰς</span> <span class='ocrx_word' id='word_1_773' title='bbox 3649 4885 3785 4956; x_wconf 74' lang='grc' dir='ltr'>περὶ</span> 
     </span>
    </p>
   </div>
   <div class='ocr_carea' id='block_1_108' title="bbox 2197 4964 3794 5050">
    <p class='ocr_par' dir='ltr' id='par_1_108' title="bbox 2197 4964 3794 5050">
     <span class='ocr_line' id='line_1_108' title="bbox 2197 4964 3794 5050; baseline 0 -20"><span class='ocrx_word' id='word_1_774' title='bbox 2197 4964 2355 5048; x_wconf 66' lang='grc' dir='ltr'>ἡμῶν</span> <span class='ocrx_word' id='word_1_775' title='bbox 2389 4980 2742 5050; x_wconf 76' lang='grc' dir='ltr'>προφητείας,</span> <span class='ocrx_word' id='word_1_776' title='bbox 2789 4980 2886 5032; x_wconf 69' lang='grc' dir='ltr'><strong>καὶ</strong></span> <span class='ocrx_word' id='word_1_777' title='bbox 2934 4979 3020 5032; x_wconf 80' lang='grc' dir='ltr'><strong>διὰ</strong></span> <span class='ocrx_word' id='word_1_778' title='bbox 3069 4981 3129 5032; x_wconf 83' lang='grc' dir='ltr'>τὸ</span> <span class='ocrx_word' id='word_1_779' title='bbox 3180 4979 3496 5050; x_wconf 84' lang='grc' dir='ltr'>συγχαίρειν</span> <span class='ocrx_word' id='word_1_780' title='bbox 3534 4981 3598 5048; x_wconf 76' lang='grc' dir='ltr'>τῇ</span> <span class='ocrx_word' id='word_1_781' title='bbox 3639 4966 3794 5048; x_wconf 53' lang='grc' dir='ltr'>ήμεέ</span> 
     </span>
    </p>
   </div>
   <div class='ocr_carea' id='block_1_109' title="bbox 2193 5056 3780 5142">
    <p class='ocr_par' dir='ltr' id='par_1_109' title="bbox 2193 5056 3780 5142">
     <span class='ocr_line' id='line_1_109' title="bbox 2193 5056 3780 5142; baseline 0.001 -21"><span class='ocrx_word' id='word_1_782' title='bbox 2193 5069 2330 5141; x_wconf 71' lang='grc' dir='ltr'>τέρᾳ</span> <span class='ocrx_word' id='word_1_783' title='bbox 2361 5056 2636 5142; x_wconf 58' lang='grc' dir='ltr'>σωτηρίᾳ.</span> <span class='ocrx_word' id='word_1_784' title='bbox 2671 5071 2761 5123; x_wconf 72' lang='grc' dir='ltr'><strong>Διὸ</strong></span> <span class='ocrx_word' id='word_1_785' title='bbox 2795 5071 2889 5124; x_wconf 71' lang='grc' dir='ltr'><strong>καὶ</strong></span> <span class='ocrx_word' id='word_1_786' title='bbox 2931 5071 2960 5123; x_wconf 92' lang='grc' dir='ltr'><strong>ό</strong></span> <span class='ocrx_word' id='word_1_787' title='bbox 2995 5071 3275 5142; x_wconf 83' lang='grc' dir='ltr'>Συμεὼν,ο</span> <span class='ocrx_word' id='word_1_788' title='bbox 3296 5071 3466 5125; x_wconf 87' lang='grc' dir='ltr'>είπὼν</span> <span class='ocrx_word' id='word_1_789' title='bbox 3510 5072 3638 5142; x_wconf 75' lang='grc' dir='ltr'>περὶ</span> <span class='ocrx_word' id='word_1_790' title='bbox 3683 5070 3780 5124; x_wconf 81' lang='grc' dir='ltr'>τοῦ</span> 
     </span>
    </p>
   </div>
   <div class='ocr_carea' id='block_1_110' title="bbox 2193 5146 3776 5234">
    <p class='ocr_par' dir='ltr' id='par_1_110' title="bbox 2193 5146 3776 5234">
     <span class='ocr_line' id='line_1_110' title="bbox 2193 5146 3776 5234; baseline -0.001 -19"><span class='ocrx_word' id='word_1_791' title='bbox 2193 5146 2465 5234; x_wconf 78' lang='grc' dir='ltr'>Σωτῆρος,</span> <span class='ocrx_word' id='word_1_792' title='bbox 2519 5163 2602 5216; x_wconf 81' lang='grc' dir='ltr'>ὅτι</span> <span class='ocrx_word' id='word_1_793' title='bbox 2649 5147 2778 5228; x_wconf 66' lang='grc' dir='ltr'>Φῶς</span> <span class='ocrx_word' id='word_1_794' title='bbox 2823 5162 2976 5216; x_wconf 77' lang='grc' dir='ltr'>ἔσται</span> <span class='ocrx_word' id='word_1_795' title='bbox 3019 5147 3534 5230; x_wconf 49' lang='grc' dir='ltr'>εἰς’ἀποκάλυψιν</span> <span class='ocrx_word' id='word_1_796' title='bbox 3563 5159 3776 5224; x_wconf 86' lang='grc' dir='ltr'>ἐθνῶν,</span> 
     </span>
    </p>
   </div>
   <div class='ocr_carea' id='block_1_111' title="bbox 2195 5246 3432 5323">
    <p class='ocr_par' dir='ltr' id='par_1_111' title="bbox 2195 5246 3432 5323">
     <span class='ocr_line' id='line_1_111' title="bbox 2195 5246 3432 5323; baseline -0.002 -17"><span class='ocrx_word' id='word_1_797' title='bbox 2195 5253 2467 5323; x_wconf 81' lang='grc' dir='ltr'>ἐπήγαγε,</span> <span class='ocrx_word' id='word_1_798' title='bbox 2502 5252 2600 5307; x_wconf 80' lang='grc' dir='ltr'>καὶ</span> <span class='ocrx_word' id='word_1_799' title='bbox 2628 5251 2817 5317; x_wconf 79' lang='grc' dir='ltr'>δόξαν</span> <span class='ocrx_word' id='word_1_800' title='bbox 2842 5246 2996 5306; x_wconf 78' lang='grc' dir='ltr'>λαοῦ</span> <span class='ocrx_word' id='word_1_801' title='bbox 3029 5269 3145 5306; x_wconf 92' lang='grc' dir='ltr'><strong>σου</strong></span> <span class='ocrx_word' id='word_1_802' title='bbox 3173 5251 3432 5320; x_wconf 75' lang='grc' dir='ltr'>Ἰσραήλ.</span> 
     </span>
    </p>
   </div>
   <div class='ocr_carea' id='block_1_112' title="bbox 2319 5363 3633 5421">
    <p class='ocr_par' dir='ltr' id='par_1_112' title="bbox 2319 5363 3633 5421">
     <span class='ocr_line' id='line_1_112' title="bbox 2319 5363 3633 5421; baseline -0.003 -1"><span class='ocrx_word' id='word_1_803' title='bbox 2319 5367 2431 5420; x_wconf 84' lang='grc' dir='ltr'><strong>ΕΙΣ</strong></span> <span class='ocrx_word' id='word_1_804' title='bbox 2467 5368 2554 5421; x_wconf 92' lang='grc' dir='ltr'><strong>ΤΟ</strong></span> <span class='ocrx_word' id='word_1_805' title='bbox 2591 5365 2814 5420; x_wconf 85' lang='grc' dir='ltr'><strong>ΤΕΛΟΣ</strong></span> <span class='ocrx_word' id='word_1_806' title='bbox 2850 5365 3142 5420; x_wconf 76' lang='grc' dir='ltr'><strong>ΨΑΛΜΟΣ</strong></span> <span class='ocrx_word' id='word_1_807' title='bbox 3181 5366 3266 5417; x_wconf 88' lang='grc' dir='ltr'><strong>ΤΩ</strong></span> <span class='ocrx_word' id='word_1_808' title='bbox 3299 5363 3496 5417; x_wconf 83' lang='grc' dir='ltr'><strong>ΔΑΥΙΔ</strong></span> <span class='ocrx_word' id='word_1_809' title='bbox 3536 5365 3633 5416; x_wconf 87' lang='grc' dir='ltr'><strong>ΙΔ’.</strong></span> 
     </span>
    </p>
   </div>
   <div class='ocr_carea' id='block_1_113' title="bbox 2264 5476 3779 5551">
    <p class='ocr_par' dir='ltr' id='par_1_113' title="bbox 2264 5476 3779 5551">
     <span class='ocr_line' id='line_1_113' title="bbox 2264 5476 3779 5551; baseline -0.003 -18"><span class='ocrx_word' id='word_1_810' title='bbox 2264 5481 2473 5549; x_wconf 84' lang='grc' dir='ltr'>Κύριε,</span> <span class='ocrx_word' id='word_1_811' title='bbox 2520 5480 2612 5546; x_wconf 71' lang='grc' dir='ltr'><strong>τίς</strong></span> <span class='ocrx_word' id='word_1_812' title='bbox 2654 5479 3006 5548; x_wconf 72' lang='grc' dir='ltr'>παροικήσει</span> <span class='ocrx_word' id='word_1_813' title='bbox 3036 5480 3106 5532; x_wconf 84' lang='grc' dir='ltr'><strong>ἐν</strong></span> <span class='ocrx_word' id='word_1_814' title='bbox 3141 5477 3222 5547; x_wconf 64' lang='grc' dir='ltr'>τῷ</span> <span class='ocrx_word' id='word_1_815' title='bbox 3257 5476 3606 5551; x_wconf 68' lang='grc' dir='ltr'>σκηνώματι</span> <span class='ocrx_word' id='word_1_816' title='bbox 3631 5491 3779 5540; x_wconf 85' lang='grc' dir='ltr'>σου;</span> 
     </span>
    </p>
   </div>
   <div class='ocr_carea' id='block_1_114' title="bbox 2195 5563 3778 5641">
    <p class='ocr_par' dir='ltr' id='par_1_114' title="bbox 2195 5563 3778 5641">
     <span class='ocr_line' id='line_1_114' title="bbox 2195 5563 3778 5641; baseline -0.004 -15"><span class='ocrx_word' id='word_1_817' title='bbox 2195 5572 2294 5626; x_wconf 79' lang='grc' dir='ltr'><strong>καί</strong></span> <span class='ocrx_word' id='word_1_818' title='bbox 2331 5573 2423 5638; x_wconf 84' lang='grc' dir='ltr'><strong>τίς</strong></span> <span class='ocrx_word' id='word_1_819' title='bbox 2449 5571 2898 5641; x_wconf 78' lang='grc' dir='ltr'>κατασκηνώσει</span> <span class='ocrx_word' id='word_1_820' title='bbox 2939 5572 3010 5625; x_wconf 84' lang='grc' dir='ltr'>ἐν</span> <span class='ocrx_word' id='word_1_821' title='bbox 3046 5569 3123 5636; x_wconf 82' lang='grc' dir='ltr'>τῷ</span> <span class='ocrx_word' id='word_1_822' title='bbox 3169 5569 3285 5638; x_wconf 77' lang='grc' dir='ltr'>ὄρει</span> <span class='ocrx_word' id='word_1_823' title='bbox 3331 5563 3411 5630; x_wconf 83' lang='grc' dir='ltr'>τῷ</span> <span class='ocrx_word' id='word_1_824' title='bbox 3445 5567 3588 5637; x_wconf 73' lang='grc' dir='ltr'>ἁγίῳ</span> <span class='ocrx_word' id='word_1_825' title='bbox 3619 5582 3778 5631; x_wconf 81' lang='lat' dir='ltr'><strong>o&#39;ov;</strong></span> 
     </span>
    </p>
   </div>
   <div class='ocr_carea' id='block_1_115' title="bbox 2193 5658 3781 5742">
    <p class='ocr_par' dir='ltr' id='par_1_115' title="bbox 2193 5658 3781 5742">
     <span class='ocr_line' id='line_1_115' title="bbox 2193 5658 3781 5742; baseline -0.005 -22"><span class='ocrx_word' id='word_1_826' title='bbox 2193 5666 2327 5723; x_wconf 75' lang='grc' dir='ltr'><strong>Ἀπὸ</strong></span> <span class='ocrx_word' id='word_1_827' title='bbox 2358 5667 2464 5724; x_wconf 88' lang='grc' dir='ltr'><strong>τῶν</strong></span> <span class='ocrx_word' id='word_1_828' title='bbox 2513 5667 2958 5742; x_wconf 69' lang='grc' dir='ltr'>πρρσεχεστέρων</span> <span class='ocrx_word' id='word_1_829' title='bbox 3004 5663 3311 5737; x_wconf 79' lang='grc' dir='ltr'>προϐαίνων</span> <span class='ocrx_word' id='word_1_830' title='bbox 3351 5659 3641 5733; x_wconf 79' lang='grc' dir='ltr'>διαγράφει</span> <span class='ocrx_word' id='word_1_831' title='bbox 3682 5658 3781 5739; x_wconf 56' lang='grc' dir='ltr'><strong>τδρ</strong></span> 
     </span>
    </p>
   </div>
  </div>
