4042 6210
474 259 568 316 151

1146 257 1417 318 EUSEBII
1445 257 1926 316 CIESARIENSIS
1960 254 2113 333 QRP.
2153 256 2336 327 PARS
2370 255 2460 317 111.
2493 286 2562 297 —
2600 253 3013 321 EXEGETICA.

3636 244 3779 319 152

470 375 711 445 omium.
750 382 915 448 atque
962 362 1098 431 illud
1150 391 1182 430 a
1213 374 1495 432 Salvatore
1527 376 1909 449 annuntiatum
1969 392 2060 433 re-

2163 376 2255 431 τὸν
2310 374 2453 447 ἱερὸν
2490 372 2830 438 ’Δπόστολρν,
2881 373 2942 435 ὃς
3000 386 3134 442 φησι
3165 387 3178 401 ·
3236 365 3782 441 Προσεληλύθατε

468 483 640 538 gnum
669 469 952 526 caelorum.
976 466 1103 527 Haec
1129 475 1212 524 est
1268 465 1572 539 Jerusalem
1617 469 1902 526 caelestis:
1944 469 2060 527 haec

469 557 589 629 ipsa
617 568 701 615 est
735 574 896 616 mons
925 560 1055 622 Sion
1121 566 1175 614 et
1220 559 1416 617 civitas
1474 557 1571 615 Dei
1616 559 1873 627 viventis,
1902 559 2059 635 juxta

466 665 688 707 sacrum
741 652 1065 724 Apostolum
1119 652 1217 722 qui
1275 650 1395 706 ait:
1445 649 1767 706 Accessistis
1813 651 1881 704 ad
1928 650 2058 706 Sion

467 754 739 815 montem,
785 755 835 802 et
892 746 1155 818 civitatem
1205 744 1306 799 Dei
1339 744 1555 799 viventis
1616 741 1917 799 Jerusalem
1956 760 2059 800 cm-

470 837 650 892 testem
680 839 748 894 ”.
777 836 881 894 Per
904 837 1323 895 tabernaculum
1359 844 1542 899 autem
1586 835 1823 906 idipsum
1852 836 2056 893 intelli-

467 929 637 999 gitur,
670 928 812 1000 quod
850 945 1071 995 sursum
1104 929 1161 984 in
1195 936 1385 985 monte
1412 929 1773 995 constitutum
1805 940 1919 999 est,
1976 932 2057 997 uti

466 1024 711 1084 dicitur:
744 1022 988 1079 Christus
1019 1032 1199 1078 autem
1250 1024 1505 1085 assistens
1555 1025 1796 1094 pontifex
1851 1026 2059 1094 futuro-

466 1135 585 1172 rum
616 1118 874 1189 bonorum
894 1154 911 1181 ,
961 1131 1054 1185 per
1089 1115 1319 1187 amplius
1353 1124 1403 1169 et
1431 1116 1713 1187 perfectius
1744 1120 2057 1184 tabernacu-

467 1214 576 1265 lum
607 1227 711 1267 non
735 1208 1125 1287 manufactum,
1158 1207 1214 1283 id
1247 1217 1347 1276 est,
1370 1226 1474 1263 non
1501 1210 1659 1281 hujus
1683 1214 1964 1267 creationis
1986 1214 2053 1270 ⁸⁰.

536 1301 664 1358 Haec
686 1318 813 1358 cum
845 1301 1035 1356 Davidi
1068 1302 1126 1357 in
1154 1310 1390 1358 mentem
1426 1304 1699 1371 venirent,
1741 1305 1821 1361 sic
1849 1307 2055 1362 vocife-

463 1404 619 1450 ratus
678 1404 800 1451 est:
843 1393 1082 1465 Domine,
1115 1396 1232 1465 quis
1288 1396 1552 1452 habitabit
1607 1398 1663 1452 in
1715 1398 2056 1471 tabernaculo

434 1488 440 1493 ’
465 1489 601 1543 ιιιοῖ
632 1485 784 1555 Talis
805 1485 949 1541 enim
985 1502 1170 1549 revera
1202 1488 1388 1555 homo,
1419 1489 1513 1560 qui
1561 1490 1774 1545 scilicet
1819 1507 2055 1549 ascensu

463 1576 786 1655 huiusmodi
815 1588 865 1632 et
900 1577 1239 1649 habitatione
1261 1581 1477 1638 caelesti
1502 1580 1706 1652 dignus
1746 1582 1846 1655 sit,
1895 1600 2055 1641 rarus

464 1672 783 1736 admodum,
819 1681 873 1728 et
907 1689 1012 1729 non
1045 1674 1271 1743 obvius,
1312 1684 1372 1730 ut
1412 1676 1500 1737 vix
1529 1692 1673 1731 unus
1718 1676 1773 1731 in
1813 1677 2055 1734 millibus

464 1770 738 1835 occurrat.
802 1762 1242 1832 'l‘abernaculum
1290 1766 1475 1837 itaque
1509 1766 1641 1821 illud
1674 1768 1897 1824 caeleste
1941 1769 2055 1838 jam

462 1863 851 1935 memoratum,
882 1856 1224 1912 domicilium
1281 1856 1455 1930 ipsius
1514 1857 1609 1914 Dei
1658 1858 1861 1915 fuerit:
1892 1859 2056 1929 homo

462 1963 596 2022 vero
622 1949 719 2020 qui
760 1964 791 2004 a
819 1956 1035 2005 terrena
1065 1950 1157 2011 illa
1183 1953 1636 2018 commoratione,
1670 1968 1768 2009 ceu
1810 1970 1840 2009 a
1875 1955 2055 2025 capti-

463 2040 652 2108 vitate,
687 2039 742 2095 in
774 2041 999 2104 cceleste
1021 2042 1153 2097 illud
1187 2042 1602 2099 tabernaculum
1634 2046 2055 2114 transferendus

462 2140 584 2197 est,
628 2135 786 2205 quasi
827 2134 1151 2207 peregrinus
1192 2143 1248 2191 et
1286 2136 1493 2192 advena
1542 2138 1660 2193 illic
1690 2140 1832 2204 erit,
1866 2148 2056 2211 utpote

464 2223 559 2315 qui
586 2223 806 2296 aliunde
835 2233 891 2289 et
916 2240 982 2280 ex
1013 2224 1192 2280 aliena
1218 2227 1443 2297 regione
1470 2227 1663 2282 eodem
1693 2233 2054 2302 transmigra-

463 2314 648 2389 verit;
685 2324 1024 2387 quapropter
1073 2316 1282 2371 dictum
1334 2316 1479 2383 fuit,
1528 2318 1659 2385 Quis
1693 2320 1950 2375 habitabit
1998 2323 2055 2377 in

468 2407 810 2471 tabernaculo
843 2410 968 2481 tuo?
1002 2407 1201 2465 Beatus
1254 2416 1436 2465 autem
1483 2411 1577 2481 qui
1611 2412 1666 2467 in
1714 2414 1834 2485 ipso
1869 2424 2055 2477 monte

465 2502 800 2571 constitutus
847 2518 912 2558 ac
943 2503 1305 2583 conﬁrmatus
1347 2505 1543 2574 fuerit;
1587 2522 1712 2562 cum
1758 2508 2055 2571 doceamur

465 2593 809 2658 mansionem
841 2595 1022 2667 istam,
1046 2597 1227 2669 dignis
1259 2599 1576 2655 hominibus
1605 2608 1851 2672 paratam
1872 2641 1888 2664 ,
1940 2609 2052 2657 sta-

465 2684 631 2743 bilem
662 2696 1093 2760 perpetuamque
1116 2690 1254 2752 fore.

538 2778 707 2835 Vsus.
749 2780 804 2835 2.
853 2781 960 2847 Qui
1005 2782 1199 2836 incedit
1248 2784 1360 2836 sine
1417 2784 1656 2847 macula,
1711 2794 1760 2837 et
1802 2794 2055 2853 operatur

462 2870 755 2944 justitiam.
812 2872 933 2927 Non
991 2874 1137 2927 enim
1200 2877 1363 2952 unica
1425 2890 1514 2928 res
1558 2883 1709 2946 gesta
1769 2884 2054 2932 strenuum

467 2965 745 3039 hominem
782 2965 849 3031 ad
912 2965 1306 3035 perfectionem
1363 2965 1549 3035 ducit;
1602 2969 1696 3024 sed
1742 2986 1839 3040 per
1882 2978 2051 3025 totam

2158 467 2315 523 Σιὼν
2337 467 2494 535 ὄρει,
2528 466 2629 519 καί
2656 465 2830 518 πόλει
2876 462 3024 517 Θεοῦ
3066 459 3298 527 ζῶντος,
3350 457 3784 528 Ἰερουσαλὴμ

2156 561 2512 630 ἐπουρανίῳ.
2569 558 2682 629 Τὴν
2726 556 2785 611 δὲ
2830 554 3033 627 σκηνὴν
3079 554 3294 625 νοήσεις
3343 552 3441 623 τὴν
3490 549 3605 605 ἀνω
3648 549 3783 605 ἐπὶ

2157 654 2252 710 τοῦ
2316 654 2476 723 ὅρους
2532 650 2825 725 ἱδρυμένην
2886 648 2996 704 ἀπὸ
3046 645 3143 701 τοῦ
3199 645 3496 715 φάσκοντος
3549 641 3776 712 λόγου·

2155 747 2411 818 Χριστὸς
2453 745 2522 801 δὲ
2567 742 3052 813 παραγενόμενος
3097 737 3405 810 ἀρχιερεὺς
3437 735 3555 790 τῶν
3584 739 3777 807 μελ-

2156 841 2390 896 λόντων
2435 835 2673 909 ἀγαθῶν
2706 834 2807 889 διὰ
2849 832 2960 902 τῆς
3003 829 3272 902 μείζονος
3317 828 3416 885 καὶ
3455 827 3781 893 τελειοτέ-

2149 949 2265 1000 par;
2315 929 2588 999 σκηνῆς,
2642 929 2715 983 οὐ
2767 922 3183 997 χειροποιήτου
3200 963 3217 990 ,
3271 921 3607 984 τουτέστιν.
3669 922 3775 975 οὐ

2157 1026 2379 1097 ταύτης
2400 1023 2513 1093 τῆς
2539 1023 2811 1089 κτίσεως.

2229 1296 2447 1352 Τούτων
2491 1296 2783 1370 τοιγαροῦν
2815 1299 2911 1357 καὶ
2954 1300 2984 1352 ό
3011 1295 3173 1350 Δαυῒδ
3198 1296 3279 1360 εἰς
3309 1294 3517 1349 ἔννοιαν
3543 1292 3760 1361 ἐλθὼν,

2155 1391 2431 1462 ἀναφωνεῖ
2479 1391 2653 1461 λέγων
2675 1408 2689 1421 ·
2745 1392 2922 1459 Κύριε
2946 1430 2963 1455 ,
3010 1390 3103 1455 τίς
3143 1387 3497 1459 παροικήσει
3545 1386 3616 1441 ἐν
3662 1386 3763 1453 τῷ

2156 1482 2501 1555 σκηνώματι
2549 1500 2697 1547 σονς
2730 1482 2973 1554 Ἀληθῶς
3021 1481 3132 1553 γὰρ
3183 1480 3408 1543 σπάνιος
3453 1479 3551 1534 καὶ
3598 1479 3747 1532 δυσ-

2155 1577 2399 1651 εύρετος,
2437 1580 2532 1633 καὶ
2563 1574 2644 1642 εἷς
2676 1595 2778 1633 που
2820 1576 2928 1631 ἀπὸ
2963 1574 3193 1647 μυρίων,
3223 1575 3253 1627 ὁ
3281 1574 3382 1645 τῆς
3421 1571 3762 1635 ἀναϐάσεως

2158 1672 2374 1742 ἐκείνης
2419 1672 2515 1725 καὶ
2557 1674 2658 1742 τῆς
2716 1672 2776 1723 ὲν
2834 1670 3084 1740 οὐρανοῖς
3144 1672 3524 1737 παροικήσεως
3566 1661 3759 1740 ἄξιος.

2158 1767 2233 1821 Τὸ
2270 1766 2367 1838 μὲν
2401 1760 2494 1819 οὖν
2526 1761 2762 1835 δηλωθὲν
2794 1762 3078 1832 σκήνωμα,
3114 1758 3174 1811 τὸ
3207 1759 3267 1810 ὲν
3290 1757 3558 1827 οὐρανοῖς,
3582 1755 3758 1825 οἰκη-

2156 1862 2347 1933 τήριον
2407 1856 2573 1913 αὐτοῦ
2616 1855 2812 1926 γένοιτ’
2845 1852 2912 1907 ἂν
2953 1850 3048 1907 τοῦ
3095 1849 3231 1905 Θεοῦ
3256 1866 3268 1878 ·
3319 1848 3604 1920 ἄνθρωπος
3649 1847 3751 1911 δὲ,

2158 1956 2347 2028 ὥσπερ
2389 1954 2499 2008 ἀπὸ
2548 1950 2925 2024 αἰχμαλωσίας
2971 1949 3068 2020 τῆς
3118 1946 3259 2001 κατά
3302 1946 3413 2017 γῆν
3459 1945 3755 2017 διατριϐῆς

2161 2048 2371 2121 μέλλων
2400 2044 2754 2117 μεθίστασθαι
2782 2044 2876 2097 ἐπὶ
2901 2042 3001 2113 τὴν
3026 2040 3276 2119 οὐράνιον
3305 2038 3751 2110 κατασκήνωσιν,

2157 2142 2344 2214 ὥσπερ
2390 2158 2474 2205 τις
2518 2140 2666 2206 ξένος
2709 2140 2802 2193 καὶ
2840 2137 3104 2208 πάροικος
3149 2134 3301 2189 ἔσται
3350 2135 3495 2199 ἐκεῖ,
3535 2132 3630 2186 ἅτε
3677 2130 3748 2203 δὴ

2156 2232 2420 2307 ἑτέρωθεν
2448 2231 2787 2303 μετανάστης
2816 2226 3087 2299 γεγονὼς,
3119 2227 3214 2281 καὶ
3239 2222 3299 2291 ἐξ
3327 2224 3520 2297 ἑτέρας
3545 2224 3748 2295 ὡρμη-

2159 2326 2317 2398 μένος
2377 2323 2590 2396 χώρας·
2622 2321 2705 2376 διὸ
2730 2320 3012 2374 λέλεκται·
3054 2320 3146 2386 Τίς
3176 2316 3529 2387 παροικήσει
3557 2316 3629 2369 ἐν
3661 2314 3750 2380 τῷ

2155 2416 2500 2487 σκηνώματι
2537 2431 2688 2480 σου;
2720 2414 3006 2487 Μακάριος
3049 2413 3108 2466 δὲ
3139 2414 3168 2466 ὁ
3193 2410 3412 2480 ὲναύτῷ
3449 2408 3750 2478 γενόμενος

2153 2510 2233 2581 τῷ
2260 2510 2406 2582 ὄρει,
2438 2508 2533 2564 καὶ
2577 2506 2811 2578 ἱδρυθεὶς
2849 2507 2908 2559 ὲν
2938 2504 3107 2575 αὐτῷ,
3141 2501 3237 2558 τοῦ
3265 2502 3426 2571 λόγου
3461 2499 3747 2553 διδάσκον-

2154 2620 2246 2666 τος
2279 2602 2592 2673 παράμονον
2620 2598 2837 2652 ἐσεσθαι
2863 2598 2959 2652 καὶ
2989 2595 3400 2662 διαιωνίζουσαν
3430 2597 3543 2657 τοῖς
3568 2591 3748 2657 ἀξίοις

2154 2696 2254 2771 τὴν
2278 2694 2446 2766 αὐτὴν
2480 2692 2669 2765 μονήν.
3464 2719 3475 2731 .

2224 2787 2630 2855 Πορευόμενος
2645 2783 2900 2853 ἄμωμος,
2925 2780 3022 2836 καί
3041 2777 3427 2850 ἐργαζόμενος
3447 2775 3742 2832 δικαιοσύ-

2154 2897 2295 2949 νην.
2329 2879 2404 2931 Οὐ
2437 2878 2546 2949 γὰρ
2572 2877 2673 2948 μία
2698 2875 2894 2948 πρᾶξις
2922 2873 3117 2927 τελειοῖ
3147 2871 3239 2926 τὸν
3275 2869 3577 2933 σπουδαῖον,
3604 2865 3744 2922 ἀλλὰ

2155 2971 2318 3025 παντὶ
2356 2970 2601 3043 προσῆκε
2642 2968 2723 3039 τῷ
2762 2967 2861 3038 βίῳ
2892 2967 3013 3029 ταῖς
3052 2964 3171 3017 κατ’
3207 2963 3407 3035 ἀρετὴν
3440 2960 3743 3032 ἐνεργείαις

466 3058 635 3127 vitam
665 3057 883 3130 virtutis
914 3057 1179 3130 operibus
1214 3058 1616 3127 insistendum;
1658 3069 1716 3116 ut
1753 3062 1808 3116 in
1842 3062 1943 3119 hac
1969 3064 2053 3118 via

2161 3062 2719 3137 συμπαρατείνεσθαι,
2759 3062 2845 3115 ἵνα
2877 3059 3096 3130 ἄμωμοι
3128 3057 3223 3113 καὶ
3256 3055 3577 3126 ἀνέγκλητοι
3619 3053 3741 3108 κατ’

470 3149 737 3218 inculpati
773 3166 838 3207 ac
867 3151 1100 3207 crimine
1135 3153 1297 3208 vacui
1332 3167 1678 3209 censeantur.
1709 3154 1775 3209 Et
1815 3155 1928 3211 haec
1965 3157 2055 3212 illa

471 3237 733 3304 salutaris
790 3239 1030 3310 cognitio
1102 3240 1302 3305 fuerit,
1357 3256 1522 3312 quam
1585 3240 1700 3312 ipse
1758 3240 1914 3297 aﬂ‘ert
1970 3244 2056 3301 his

469 3329 654 3401 verbis
683 3349 697 3385 :
730 3329 844 3402 Ego
876 3348 994 3386 sum
1027 3333 1111 3387 via
1140 3333 1206 3386 υ.
1234 3332 1460 3403 Oportet
1494 3320 1640 3389 enim
1671 3343 1794 3405 post
1820 3335 2057 3406 primum

470 3424 676 3495 editum
723 3442 864 3505 opus
903 3426 1141 3493 bonum,
1197 3428 1539 3499 singulorum
1601 3429 2055 3499 subsequentium

472 3526 790 3596 gestorum,
848 3528 910 3575 ut
965 3522 1176 3578 scilicet
1213 3537 1339 3580 cum
1385 3521 1602 3592 justitia
1672 3522 2054 3590 admittuntur,

469 3624 657 3666 curam
697 3618 751 3688 et
789 3612 1211 3689 sollicitudinem
1241 3629 1451 3684 gerere.

542 3700 709 3778 Vsus.
755 3703 810 3757 5.
857 3704 961 3769 Qui
1008 3705 1240 3775 loquitur
1286 3707 1561 3759 veritatem
1614 3707 1669 3762 in
1728 3706 1894 3779 corde,
1935 3721 2053 3771 suo,

469 3792 562 3862 qui
601 3810 704 3857 non
748 3794 852 3868 egit
895 3793 1078 3847 dolum
1132 3795 1184 3847 in
1223 3796 1403 3865 lingua
1445 3813 1567 3850 sua.
1616 3796 1734 3851 Non
1768 3807 1853 3852 est
1893 3799 2058 3867 igitur

471 3884 619 3955 quod
652 3885 777 3963 quis
810 3902 876 3941 ex
922 3886 1263 3950 rudioribus,
1300 3888 1384 3941 his
1425 3888 1613 3957 probis
1656 3889 1819 3945 editis
1851 3890 2059 3955 facino-

470 3976 650 4045 ribus,
680 3992 802 4041 sese
827 3975 1044 4053 efferat;
1079 3992 1148 4047 ne
1177 3993 1278 4049 ceu
1303 3978 1589 4053 naufragio
1615 3977 1760 4034 facto
1790 3981 2057 4051 bonorum

466 4067 741 4138 jacturam
778 4069 964 4144 faciat.

545 4157 713 4218 Vsus.
745 4160 799 4223 4.
864 4162 949 4216 Ad
1005 4161 1230 4231 nihilum
1276 4162 1531 4220 deductus
1572 4174 1649 4219 est
1696 4165 1753 4220 in
1782 4176 2056 4233 conspectu

469 4252 585 4319 eius
631 4253 919 4324 malignus,
968 4255 1208 4309 timentes
1244 4264 1421 4308 autem
1446 4255 1729 4310 Dominum
1767 4256 2054 4327 gloriﬁcat.

471 4346 577 4414 Qui
611 4350 765 4419 jurat
807 4349 1051 4419 proximo
1092 4364 1209 4423 suo,
1254 4357 1304 4403 et
1343 4365 1448 4402 non
1490 4349 1703 4419 decipit.
1741 4349 1843 4403 Hic
1868 4365 1968 4419 pro
2000 4367 2057 4407 re

466 4455 577 4494 una
634 4450 850 4499 tantum
898 4421 1271 4514 congruenter
1325 4443 1504 4515 jurari
1562 4458 1726 4514 posse
1782 4443 2050 4517 decernit,
2089 4421 2133 4477 D

468 4532 597 4585 dum
629 4534 675 4587 is
703 4535 795 4605 qui
823 4534 973 4603 jurat
998 4536 1391 4613 jusjurandum
1429 4552 1497 4592 ne
1521 4538 1707 4592 violet.
1745 4536 1931 4607 Ecqua
1961 4537 2052 4593 illa

467 4638 560 4680 res
593 4634 707 4692 est,
751 4628 858 4683 nisi
899 4630 1137 4693 amicitia
1177 4639 1229 4683 et
1276 4631 1627 4701 necessitudo
1673 4647 1798 4686 cum
1845 4631 2050 4702 aliquo,

470 4727 629 4788 pacto
659 4718 882 4782 laedere,
915 4721 1141 4787 juncta?
1179 4721 1275 4777 Est
1304 4732 1485 4778 autem
1514 4725 1887 4793 juramentum
1925 4724 2051 4787 talis

470 4808 573 4861 viri
607 4811 947 4881 inculpatum
989 4819 1043 4867 et
1088 4814 1394 4880 innoxium,
1427 4831 1538 4886 quo
1571 4818 1822 4872 ﬁrmatur
1874 4818 2044 4872 illud:

469 4898 559 4964 Ita
590 4903 686 4966 ita,
717 4911 791 4967 et,
824 4901 946 4961 Non
978 4922 1081 4959 non
1103 4905 1169 4962 ".
2042 4890 2047 4897 .

542 4990 709 5049 Vsus.
738 4994 790 5050 5.
838 4995 943 5062 Qui
971 5001 1244 5068 pecuniam
1288 5017 1442 5055 suam
1482 5017 1587 5055 non
1635 4998 1779 5054 dedit
1823 4999 1890 5054 ad
1923 5017 2052 5054 usu-

468 5097 608 5149 ram,
635 5094 684 5143 et
714 5103 934 5157 munera
957 5106 1112 5159 super
1152 5093 1446 5149 innocentes
1530 5110 1633 5149 non
1665 5094 1883 5163 accepit.
1911 5093 2051 5159 Quia

469 5178 746 5235 interdum
780 5184 1046 5255 contingit
1089 5202 1212 5242 eum
1243 5186 1337 5256 qui
1386 5187 1497 5258 jam
1550 5196 1851 5251 memorata
1898 5194 2050 5258 gesta

467 5280 762 5330 exsecutus
794 5281 912 5340 est,
956 5277 1101 5331 circa
1133 5294 1418 5333 munerum
1442 5280 1806 5351 captationem
1836 5290 1889 5336 et
1917 5297 2051 5353 usu«

468 5378 585 5417 ram
623 5367 935 5424 claudicare
971 5384 1034 5424 ac
1064 5371 1387 5442 aegritudine
1418 5372 1704 5439 laborare;
1753 5372 1881 5426 huic
1913 5386 2053 5441 quo-

465 5471 575 5529 que
632 5462 824 5518 morbo
878 5463 1180 5519 remedium
1233 5466 1494 5536 applicat.
1548 5464 1685 5519 Nam
1746 5464 1841 5536 qui
1895 5464 2049 5533 regni

469 5552 731 5610 cmlorum
778 5570 966 5624 causa,
1009 5563 1064 5614 et
1101 5574 1167 5614 ex
1215 5560 1335 5630 ipsa
1374 5574 1504 5630 erga
1541 5559 1850 5631 proximum
1887 5572 2046 5613 suum

540 5734 585 5763 "
626 5729 788 5789 llebr.
822 5750 902 5792 xu
924 5777 938 5803 ,
970 5736 1060 5792 22.

2161 3157 2331 3229 αὐτὴν
2361 3155 2649 3227 γενώμεθα
2675 3153 2772 3225 τὴν
2798 3152 2935 3206 ὀδόν.
2968 3151 3069 3222 Eii}
3103 3150 3147 3204 δ’
3169 3148 3236 3203 ἂν
3262 3148 3398 3219 αὐτη
3422 3150 3454 3219 ή
3477 3150 3741 3219 σωτήριος

2159 3249 2379 3320 γνῶσις,
2406 3250 2471 3320 ἣν
2494 3247 2653 3310 αὐτὸς
2677 3244 2947 3318 παριστὰς
2969 3242 3173 3311 ἔλεγεν
3211 3239 3351 3309 Ἐγώ
3379 3241 3492 3308 ειμι
3515 3240 3552 3307 ἡ
3576 3237 3737 3304 ὁδός.

2159 3342 2251 3394 Δεῖ
2297 3338 2408 3412 γάρ
2450 3339 2588 3411 πρὸς
2621 3338 2700 3409 τῷ
2734 3335 2935 3408 πρώτῳ
2974 3331 3378 3405 κατορθώματι,
3417 3333 3511 3385 καὶ
3545 3330 3645 3400 τῆς
3668 3329 3739 3384 δι’

2160 3433 2336 3503 ἔργων
2393 3434 2489 3486 ml.
2542 3430 2792 3506 πράξεων
2845 3428 2954 3482 τῶν
3007 3431 3065 3482 ὲν
3111 3425 3423 3503 δικαιοσύνῃ
3485 3425 3739 3496 πρόνοιαν

2160 3525 2448 3580 ποιεῖσθαι.
2592 3522 2601 3529 ’

2232 3706 2447 3763 Λαλῶν
2471 3705 2760 3772 ἀλήθειαν
2790 3704 2861 3758 ὲν
2886 3702 3097 3771 καρδίῃ
3130 3701 3335 3757 αὐτοῦ·
3377 3701 3445 3766 ὃς
3476 3700 3586 3753 οὐκ
3609 3696 3741 3751 ἐδό-

2159 3803 2362 3854 λωσεν
2389 3797 2458 3851 ἐν
2487 3795 2738 3867 γλώσσῃ
2777 3793 2984 3847 αὑτοῦ.
3028 3793 3101 3844 Οὐ
3135 3792 3216 3844 δεῖ
3242 3792 3423 3844 τοίνυν
3477 3788 3740 3843 κατεπαίο-

2163 3890 2354 3964 ρεσθαί
2374 3907 2493 3944 τινα
2520 3887 2629 3943 τῶν
2659 3884 3026 3959 ἀτελεστέρων
3054 3884 3191 3957 μετὰ
3217 3883 3278 3936 τὸ
3304 3881 3644 3954 κατορθῶσαι
3669 3878 3736 3934 τὰ

2161 3980 2445 4052 εἰρημέναο
2479 3980 2566 4032 ἵνα
2603 3978 2699 4050 μὴ,
2730 3971 2840 4031 οἷόν
2873 3994 2926 4030 τι
2965 3976 3224 4045 ναυάγιον
3264 3973 3469 4040 παθὼν,
3499 3973 3737 4046 ἀπολέσῃ
3848 3974 3866 3992 ⁸

2158 4075 2228 4129 τὰ
2256 4074 2449 4128 ἑαυτοῦ
2481 4073 2640 4127 καλά.
3739 4063 3742 4071 ’

2243 4165 2662 4232 Ἐξουδένωττιι
2704 4161 2959 4217 ἐνώπιον
3003 4161 3191 4217 αὑτοῦ
3236 4161 3732 4229 πονηρευόμενος,

2158 4260 2301 4334 τοὺς
2342 4258 2410 4312 δὲ
2468 4255 2877 4328 φοϐουμένους
2926 4255 3033 4309 τὸν
3068 4256 3297 4322 ’Κύριον
3358 4253 3604 4319 δοξάζει.
3681 4254 3733 4306 Ὁ

2162 4354 2399 4424 ὀμνύων
2448 4351 2529 4418 τῷ
2594 4350 2862 4417 πλησίον
2924 4348 3109 4403 αὑτοῦ
3168 4348 3266 4402 καὶ
3318 4350 3431 4402 οὐκ
3492 4346 3732 4403 ἀθετῶν.

2174 4443 2440 4499 Ἐνταῦθα
2481 4445 2573 4498 ἐπὶ
2631 4445 2711 4497 ἑνὶ
2761 4442 3041 4515 πράγματί
3093 4456 3255 4511 φησιν
3314 4439 3549 4507 εὐλόγως
3609 4437 3732 4491 ποτὲ

2160 4520 2270 4594 δεῖν
2320 4537 2567 4611 ὀμνύναι,
2618 4537 2712 4591 καὶ
2762 4534 3031 4606 ὀμνύοντα
3085 4533 3158 4605 μὴ
3212 4532 3566 4604 παραϐαίνειν
3613 4532 3733 4594 τοὺς

2159 4636 2372 4707 ὅρκους.
2417 4633 2539 4686 Ἐπὶ
2570 4630 2705 4701 ποίῳ
2730 4629 2787 4683 δὲ
2818 4629 3011 4699 τούτῳ,
3037 4627 3070 4698 ἢ
3102 4626 3195 4680 ἐπὶ
3226 4624 3303 4696 τῷ
3329 4624 3572 4696 ἑταιρίαν
3604 4640 3730 4694 γνη-

2161 4730 2283 4785 σίαν
2311 4728 2406 4782 καὶ
2439 4725 2620 4796 φιλίαν
2655 4722 3009 4786 σπένδεσθαι;
3049 4721 3206 4773 Ἔστι
3246 4718 3302 4772 δὲ
3333 4719 3495 4789 ὅρκος
3517 4716 3610 4769 τοῦ
3638 4733 3729 4788 τή-

2157 4819 2403 4874 λικούτου
2435 4817 2625 4890 ἀνδρὸς
2661 4814 3079 4882 ἀκατάγνωστος
3102 4812 3279 4880 λόγος,
3312 4811 3398 4880 ἐφ’
3423 4802 3467 4877 ᾧ
3495 4805 3730 4879 βεϐαιοῦ-

2157 4930 2247 4967 ται
2287 4914 2368 4975 τὸ,
2402 4909 2515 4965 Ναὶ
2538 4896 2666 4969 ναὶ,
2693 4908 2788 4961 καὶ
2815 4904 2895 4969 τὸ,
2920 4904 3004 4957 Οὒ
3032 4904 3125 4958 οὔ.

2234 5006 2305 5062 Τὸ
2338 5005 2623 5074 ἀργύριον
2662 4999 2851 5055 αὑτοῦ
2882 5000 2993 5052 οὐκ
3036 4996 3257 5051 ἔδωκεν
3293 4996 3389 5049 ἐπὶ
3429 4996 3603 5061 τόκῳ,
3637 4992 3730 5047 καί

2158 5101 2317 5170 δῶρα
2357 5099 2450 5152 ἐπ’
2494 5096 2708 5162 ἀθώοις
2739 5095 2850 5147 οὐκ
2898 5090 3133 5146 ἐλαϐεν.
3184 5088 3400 5159 Ἐπειδὴ
3453 5085 3727 5157 συμϐαίνει

2160 5191 2290 5246 ποτὲ
2337 5189 2474 5260 μετὰ
2519 5189 2697 5242 πάντα
2737 5185 2805 5240 τά
2850 5182 3306 5256 κατηριθμημένα
3338 5177 3724 5249 κατορθώματα

2160 5281 2383 5346 σκάζειν
2411 5279 2533 5333 τινὰ
2560 5279 2656 5333 καὶ
2686 5279 2861 5332 νοσεῖν
2894 5278 3022 5349 περὶ
3051 5272 3376 5346 δωροδοκίας
3404 5269 3499 5324 καῖ⁹
3520 5268 3722 5331 τόκους,

2160 5373 2253 5431 καὶ
2283 5369 2487 5441 ταύτην
2524 5368 2960 5441 προσθεραπεύει
3011 5367 3110 5437 τὴν
3149 5365 3321 5419 νόσον.
3383 5362 3440 5416 ⁸0
3484 5359 3594 5432 γὰρ
3630 5357 3725 5427 τῆς

2159 5463 2436 5536 βασιλείας
2467 5462 2575 5515 τῶν
2613 5460 2857 5533 οὐρανῶν
2896 5459 3102 5529 ἕνεκεν,
3143 5456 3236 5511 καὶ
3272 5454 3440 5525 αὐτῆς
3468 5452 3567 5524 τῆς
3598 5448 3723 5523 πρὸς

2154 5554 2246 5609 τὸν
2283 5551 2510 5623 πλησίον
2539 5552 2760 5623 ἀγάπης
2796 5551 2889 5606 καὶ
2918 5546 3326 5621 φιλανθρωπίας
3365 5544 3524 5599 τοῦτο
3558 5539 3721 5616 πράτς

1140 5738 1183 5770 ³⁰
1224 5736 1479 5809 "obruis,
1522 5738 1607 5793 ll.
1688 5738 1728 5770 ³³
1770 5734 1927 5792 Joan.
1964 5750 2087 5802 xlv,
2123 5735 2176 5790 6.
2252 5733 2298 5767 ”
2337 5730 2457 5788 Jac.
2497 5750 2556 5799 ν,
2596 5733 2682 5788 12.
