4042 6210
290 306 396 366 153

1414 299 2021 369 (ΖθΜΜΕΝΤΑΒΙΑἽῖῚ
2061 307 2400 366 PSALMOS.

3421 319 3526 378 15d

285 441 416 491 των,
445 422 630 478 δίδωσι
662 418 783 491 μὲν,
813 419 928 474 ἀλλ’
957 419 1056 483 οὐκ
1088 419 1182 473 ἐπὶ
1214 419 1292 490 τῷ
1316 420 1414 491 τὴν
1444 420 1675 493 ἀμοιϐὴν
1709 441 1817 496 παρ

1918 424 2197 487 ιεηιίοὶιὶε
2246 432 2301 481 et
2352 418 2753 491 benevolentia,
2811 426 2891 482 sic
2940 427 3112 498 probe
3159 445 3220 487 se
3270 432 3420 503 agit,
3474 437 3523 495 is

287 512 591 586 ἀνθρώπων
629 510 815 576 λαδεῖν
831 527 844 541 ο
890 509 1064 581 ἑαυτῷ
1090 510 1148 565 δὲ
1170 511 1559 582 ταμιευόμενος
1586 513 1772 586 ὥσπερ
1796 517 1855 569 ἐν

285 603 567 679 θησαυρῷ,
599 604 693 657 καὶ
720 601 869 673 αὑτῷ
898 601 1172 672 φυλάττων
1204 605 1283 667 είς
1310 602 1406 674 τὴν
1446 604 1741 674 μέλλουσαν
1776 607 1855 678 τῷ

285 698 407 770 Θεῷ
433 697 808 773 ἀνταπόδοσιν·
840 694 951 749 Καὶ
986 693 1142 762 δῶρα
1168 693 1260 747 ἐπ’
1291 696 1500 762 ἀθώοις
1523 699 1633 751 οὐκ
1654 698 1850 752 ἔλαϐε.

288 791 468 863 Τιμὴν
492 790 591 861 μὲν
610 790 716 860 γὰρ
738 788 876 857 τάχα
901 790 1153 865 προσοῖτο
1183 786 1567 862 [προσοίσοιτο]
1592 788 1691 860 τὴν
1721 790 1850 844 ἀλου-

290 900 392 947 πον
420 883 515 936 καὶ
538 880 742 949 ἀϐλαϐῆ
770 882 881 943 τοῖς
908 878 1162 950 τιμῶσιν’
1201 881 1563 953 ὑποκειμένης
1588 882 1643 934 δὲ
1674 882 1852 948 αἰτίας

290 955 376 1043 ἐφ’
412 972 593 1046 ἑτέρου
623 970 812 1043 βλάϐῃ,
847 969 1052 1031 εἴποτε
1072 969 1281 1037 δέξαιτο
1310 972 1478 1045 δῶρα,
1509 973 1848 1032 παντάπασιν

288 1064 546 1137 ἀνέτρεψε
563 1061 631 1117 τὰ
658 1062 1042 1137 προλεχθέντα.

565 1321 1044 1399 ΣΤΗΛΟΓΡΔΦΙᾼ
1081 1322 1168 1380 Ta
1204 1328 1405 1391 ΔΑΥιΔ
1440 1330 1542 1385 In.

343 1457 434 1529 Τῷ
468 1456 570 1530 μὲν
612 1461 793 1519 Δαυτδ
836 1463 1236 1536 ἐπιγέγραπται
1280 1468 1309 1520 ό
1350 1468 1582 1539 ψαλμός’
1626 1470 1683 1540 ἢ,
1735 1472 1841 1526 τοῦ

269 1547 470 1623 ᾼαυῒὸ,
523 1550 664 1606 κατὰ
707 1554 835 1617 τοὺς
878 1553 1097 1622 λοιποὺς
1135 1559 1494 1630 ἑρμηνευτάς.
1527 1564 1753 1634 Ψαλμὸν
1783 1565 1839 1619 δὲ

268 1635 421 1695 εἷπον
467 1645 956 1716 καταχρησάμενος
1001 1650 1066 1719 τῇ
1115 1650 1390 1723 συνηθείαο
1441 1654 1581 1707 κατὰ
1624 1655 1733 1727 γὰρ
1776 1657 1837 1710 τὸ

1953 516 2215 587 elargitur
2241 515 2496 586 quidem,
2528 515 2622 572 sed
2661 532 2771 571 non
2800 532 2864 572 ea
2892 526 3070 574 mente
3122 528 3180 575 ut
3219 523 3522 581 mercedem

1953 608 2022 662 ab
2056 607 2371 667 hominibus
2421 608 2685 679 accipiat;
2731 608 2779 664 is
2817 609 2961 664 enim
3005 611 3107 666 sibi
3158 628 3257 669 ceu
3302 616 3357 671 in
3408 617 3522 679 thes

1952 713 2119 753 sauro
2166 698 2437 764 recondit,
2491 701 2705 770 sibique
2761 708 3003 757 reservat
3045 719 3146 773 pro
3194 705 3377 762 futura
3424 707 3521 765 Dei

1950 794 2408 846 remuneratione.
2470 789 2539 844 Et
2592 804 2809 846 munera
2859 808 3013 861 super
3067 796 3361 854 innocentes
3415 817 3519 856 non

1950 883 2168 951 accepit.
2209 880 2275 948 :Is
2330 882 2566 938 fortasse
2617 898 2820 937 munus
2876 883 3148 949 admittat,
3197 888 3325 944 dum
3380 892 3518 948 nihil

1947 972 2231 1038 molestiae,
2283 972 2597 1028 detrimenti
2647 972 2806 1035 nihil,
2841 970 3197 1032 offerentibus
3228 977 3515 1050 importet;

1947 1064 2031 1120 sin
2063 1078 2196 1120 casu
2221 1065 2438 1120 eveniat
2471 1074 2529 1119 ut
2561 1064 2616 1118 in
2643 1065 2868 1121 alterius
2896 1067 3275 1124 detrimentum
3307 1081 3515 1143 vergat;

1945 1166 2076 1213 tunc
2092 1160 2136 1215 si
2156 1175 2379 1214 munera
2403 1160 2654 1230 accipiat,
2676 1163 2860 1216 omnia
2883 1178 3003 1234 quae
3026 1179 3191 1235 supra
3210 1166 3355 1223 dicta
3383 1179 3514 1227 sunt

1943 1265 2176 1322 prorsus
2208 1252 2424 1306 evertit.

2068 1366 2120 1420 1.
2161 1364 2391 1421 Tl'IULl
2429 1363 2819 1422 INSCRIPTIO
2858 1367 2987 1425 lPSl
3025 1369 3234 1425 DAVID
3272 1371 3389 1429 XV.

2008 1477 2220 1545 Davidi,
2251 1479 2490 1551 psalmus
2531 1480 2849 1551 inscriptus,
2893 1490 2988 1536 aut
3017 1483 3320 1539 secundum
3368 1486 3507 1544 alios

1938 1556 2281 1644 interpretes,
2306 1571 2545 1627 Davidis.
2572 1570 2850 1629 Psalmum
2878 1573 3180 1645 improprie
3206 1586 3504 1633 consuetu-

1935 1664 2080 1719 dinis
2115 1680 2218 1720 usu
2247 1664 2474 1731 vocavi;
2508 1677 2635 1718 nam
2676 1678 2742 1718 ex
2791 1674 3045 1719 accurata
3091 1668 3307 1724 ratione
3342 1684 3507 1726 nemo

266 1730 494 1802 ἀκριϐὲς
517 1734 616 1787 οὐκ
637 1735 701 1788 ἄν
726 1753 809 1800 τις
840 1737 1000 1791 αὑτὸν
1038 1740 1178 1793 είποι
1209 1740 1440 1813 ψαλμὸν,
1468 1746 1548 1799 ὄτι
1580 1748 1653 1823 μὴ
1682 1749 1817 1802 τοῦτι

1937 1756 2204 1825 psalmum
2237 1755 2434 1811 dixerit
2464 1772 2477 1808 :
2509 1771 2689 1826 reque
2723 1755 2867 1811 enim
2899 1772 2963 1811 ea
2994 1765 3077 1813 est
3122 1759 3498 1831 inscriptionis

263 1819 457 1891 δηλοῦν
481 1823 728 1894 βούλεται
757 1828 789 1897 ή
821 1831 1110 1900 προγραφή
1129 1847 1142 1860 υ
1172 1831 1287 1884 ἀλλ’
1316 1834 1427 1889 ἐστι
1465 1819 1835 1910 στηλογραφία

263 1914 601 1982 προφητείαν
631 1917 958 1986 περιέχουσα
979 1918 1311 1996 θαυμαστὴν,
1338 1927 1431 1978 καὶ
1452 1928 1670 1999 γραφῆς
1700 1932 1832 1995 αίωτ

262 2001 401 2067 νίου,
423 2003 611 2076 ῶσπερ
639 2007 696 2060 ἐν
723 2008 889 2082 στήλῃ
922 2012 1328 2084 τετυπωμένης,
1359 2016 1536 2084 ἀξίαν.

332 2094 614 2159 “mea
642 2113 739 2166 με,
778 2099 974 2167 Κύριε,
1012 2100 1101 2156 ὅτι
1138 2103 1236 2158 ἐπὶ
1262 2106 1361 2160 σοὶ
1391 2102 1641 2169 ἤλπισα.
1676 2113 1832 2169 Είπα

263 2182 343 2249 τῷ
378 2187 596 2255 Κυρίῳ·
626 2191 772 2256 Θεός
795 2208 915 2260 μου
940 2189 1001 2247 εἴ
1028 2195 1129 2248 σύ·
1178 2195 1269 2249 ὄτι
1293 2196 1413 2251 τῶν
1444 2199 1680 2269 ἀγαθῶν
1710 2220 1831 2276 μου

257 2278 330 2331 οὐ
356 2281 568 2348 χρείαν
593 2281 770 2350 ἔχεις.
811 2285 930 2339 ’Ότι
976 2285 1075 2356 μὲν
1115 2284 1207 2342 οὖν
1243 2289 1332 2342 διὰ
1369 2290 1463 2345 τοῦ
1507 2292 1671 2347 Δαντδ
1701 2296 1831 2349 ἁνα-

255 2369 572 2442 πεφώνηται
607 2373 675 2427 τά
708 2376 767 2428 ὲν
797 2366 871 2447 τῇ
899 2379 1202 2451 προφητείᾳ
1238 2382 1631 2453 περιεχόμενα,
1666 2388 1828 2440 παντὶ

252 2458 319 2514 ἂν
354 2463 439 2533 εἴη
481 2466 667 2535 σαφές.
714 2468 1051 2539 Ζητουμένου
1080 2470 1137 2523 δὲ
1166 2474 1246 2535 είς
1271 2472 1395 2527 τίνα
1425 2474 1533 2546 ἄρα
1560 2477 1663 2548 χρὴ
1697 2478 1829 2532 ἀνα-

253 2550 440 2622 φέρειν
478 2555 546 2609 τὰ
588 2557 875 2636 λεγόμενα,
904 2561 1198 2633 ἀξιόχρεως
1230 2565 1359 2635 ημῖν
1398 2565 1713 2632 διδάσκαλος
1735 2569 1826 2637 γέ-

251 2646 382 2698 νοιτ’
408 2644 479 2700 ἂν
504 2648 711 2721 Πέτρος
751 2653 781 2705 ὁ
812 2652 1125 2718 ἀπόστολος,
1157 2656 1215 2708 ὲν
1262 2660 1382 2722 ταῖς
1429 2659 1669 2731 Πράξεσι
1717 2662 1825 2717 τῶν

254 2732 564 2792 ὲποστόλων
613 2743 989 2812 μνημονεύσας
1033 2746 1142 2799 τῶν
1194 2748 1252 2799 ὲν
1297 2748 1433 2821 αὐτῇ
1485 2751 1820 2822 φερομένων.

253 2825 485 2882 Διελθὼν
518 2829 626 2901 γὰρ
651 2833 788 2904 πρὸς
813 2834 905 2888 τὸν
926 2835 1056 2889 λαὸν
1083 2838 1152 2891 τὰ
1174 2837 1270 2892 τοῦ
1297 2839 1534 2912 ψαλμοῦ,
1570 2844 1743 2898 ταῦτά
1761 2861 1822 2898 τε

255 2914 349 3004 ἐπὶ
379 2916 470 2968 τὸν
511 2920 735 2995 Σωτῆρα
763 2923 833 2976 τὰ
863 2928 1127 2997 εἰρημένα
1154 2929 1491 2997 ἀναδιδάξας,
1531 2933 1662 3004 ἑξῆς
1696 2935 1801 2988 ὲπι-

241 3003 411 3087 ,φέρει
441 3008 530 3062 καί
554 3028 737 3081 φησιν·
765 3014 998 3081 Ἄνδρες
1014 3016 1281 3086 ἀδελφοὶ,
1304 3018 1448 3083 ἐξὸν
1464 3021 1654 3075 εἰπεῖν
1670 3022 1821 3091 μετὰ

1935 1845 2291 1915 signillcatio;
2334 1846 2427 1901 sed
2455 1852 2539 1901 est
2571 1845 2738 1901 veluti
2774 1846 2968 1902 titulus
3005 1847 3328 1919 inscriptus,
3365 1867 3491 1922 pro-

1933 1937 2171 2007 phetiam
2213 1938 2523 2007 exprimens
2566 1938 2966 2004 admirandam,
3000 1948 3313 2013 aeternaque
3353 1946 3497 2000 scri-

1930 2035 2115 2099 ptura,
2144 2041 2244 2082 ceu
2279 2028 2335 2082 in
2364 2029 2524 2098 cippo
2556 2029 2847 2101 insculpta,
2881 2032 3120 2102 dignam.

2000 2114 2167 2173 Vens.
2198 2117 2253 2171 2.
2285 2117 2549 2173 Conserva
2578 2136 2678 2185 me,
2712 2120 2954 2185 Domine,
2996 2122 3247 2194 quoniam
3288 2126 3498 2193 speravi

1928 2210 1983 2263 in
2020 2218 2103 2274 te;
2147 2209 2261 2266 dixi
2311 2209 2738 2267 Domino:Deus
2794 2230 2939 2268 meus
2988 2230 3041 2268 es
3101 2224 3193 2279 tu,
3248 2217 3496 2286 quoniam

1928 2296 2180 2353 bonorum
2210 2317 2444 2355 meorum
2487 2319 2588 2356 non
2631 2319 2765 2373 eges.
2799 2301 2955 2369 Quod
2992 2320 3087 2374 per
3117 2303 3370 2361 Davidem
3406 2321 3492 2371 ea,

1926 2403 2048 2461 quae
2099 2389 2153 2443 in
2208 2392 2492 2460 prophetia
2544 2394 2927 2463 continentur,
2978 2397 3206 2451 recitata
3257 2396 3492 2462 fuerint,

1926 2481 2064 2535 nulli
2099 2495 2208 2535 non
2249 2482 2596 2539 manifestum
2639 2493 2742 2543 est.
2792 2485 2850 2541 Si
2902 2496 3177 2557 quaeratur
3220 2502 3385 2559 porro
3424 2491 3494 2546 ad
3552 2532 3559 2539 η

1929 2589 2090 2644 quem
2144 2561 2433 2631 referenda
2486 2578 2631 2645 sint,
2679 2578 2877 2648 dignus
2929 2593 2992 2635 ac
3053 2581 3282 2637 idoneus
3332 2583 3492 2639 nobis

1925 2668 2120 2722 doctor
2172 2666 2339 2724 fuerit
2382 2667 2578 2726 Petrus
2637 2672 2950 2740 apostolus,
3004 2673 3098 2743 qui
3154 2673 3210 2727 in
3257 2674 3489 2731 Actibus

1924 2761 2296 2830 apostolorum
2342 2760 2530 2816 eadem
2575 2762 2694 2832 ipSa
2740 2762 2795 2817 in
2839 2764 3122 2832 prophetia
3173 2764 3334 2818 allata
3373 2780 3490 2821 me-

1922 2854 2121 2904 morat.
2176 2848 2308 2903 Nam
2341 2865 2466 2904 cum
2497 2852 2696 2921 populo
2723 2852 2913 2922 psalmi
2946 2852 3268 2908 sententiam
3310 2855 3487 2923 expli-

1922 2947 2103 3005 caret,
2146 2948 2200 2996 et
2238 2940 2305 2995 de
2336 2941 2617 2999 Salvatore
2671 2943 3022 3017 intelligenda
3073 2945 3325 3012 doceret,
3370 2945 3486 3002 haec

1920 3032 2118 3087 deinde
2164 3034 2447 3103 subjungit
2508 3053 2522 3090 :
2595 3034 2704 3089 Viri
2750 3035 2965 3105 fratres,
3020 3037 3174 3092 liceat
3233 3038 3486 3092 audenter

255 3098 597 3198 παρρησίας
616 3103 764 3170 ,πρὸς
781 3102 937 3172 ὑμᾶς
956 3108 1085 3175 περὶ
1108 3108 1212 3162 τοῦ
1231 3111 1597 3181 πατριάρχου
1616 3115 1816 3182 Δαυῒδ,

1921 3121 2091 3177 dicere
2117 3123 2191 3175 ad
2213 3098 2298 3177 vos
2324 3123 2387 3177 de
2407 3126 2711 3193 patriarcha
2726 3125 2914 3191 David,
2935 3129 3179 3197 quoniam
3205 3127 3482 3198 defunctus

252 3186 345 3241 ὅτι
376 3192 474 3244 καὶ
504 3193 859 3261 ἐτελεύτησε
891 3199 985 3251 καὶ
1017 3198 1225 3269 ἐτάφη·
1257 3203 1354 3255 καὶ
1384 3203 1447 3256 τὸ
1473 3203 1682 3273 μνῆμα
1716 3209 1820 3261 αὐ-

251 3277 357 3332 τοῦ
382 3279 556 3337 ἐστιν
574 3285 645 3340 ἐν
665 3286 811 3355 ἡμῖν
842 3287 979 3357 ἄχρι
1007 3288 1118 3358 τῆς
1148 3290 1374 3360 ἡμέρας
1401 3294 1642 3362 ταύτης.
1676 3298 1821 3364 Προ-

247 3369 445 3441 φήτης
472 3373 587 3431 οὖν
611 3378 911 3453 ὑπάρχων,
942 3382 1039 3435 καὶ
1066 3380 1255 3450 εἰδὼς,
1287 3385 1375 3439 ὅτι
1408 3386 1560 3456 ὅρκῳ
1585 3388 1819 3459 ὤμοσεν

244 3460 406 3528 αὐτῷ
436 3467 469 3518 ό
510 3466 654 3533 Θεὸς
695 3469 765 3522 ἐκ
811 3471 1044 3539 καρποῦ
1087 3472 1199 3542 τῆς
1244 3477 1477 3546 ὀσφύος
1520 3480 1705 3535 αὑτοῦ
1747 3482 1816 3537 τὸ

241 3554 393 3609 κατά
434 3555 631 3627 σάρκα
674 3561 1046 3629 ἀναστήσειν
1096 3567 1202 3620 τὸν
1244 3571 1519 3637 Χριστὸν,
1572 3577 1815 3630 καθίσαι

233 3646 334 3700 ἐπὶ
362 3648 473 3703 τὸν
500 3652 719 3718 θρόνον
746 3653 952 3714 αὐτοῦ,
983 3656 1246 3724 προιδὼν
1260 3659 1530 3727 unum;
1546 3663 1679 3732 περὶ
1702 3664 1813 3733 τῆς

234 3740 631 3811 ἀναστάσεως
652 3746 756 3815 τοῦ
782 3749 1058 3817 Χριστοῦ,
1086 3750 1175 3804 ὅτι
1210 3752 1350 3807 οὔτε
1384 3755 1810 3826 ἐγκατελείφθη

229 3835 317 3901 εις
336 3835 516 3904 ᾅδην,
534 3839 671 3892 οὔτε
688 3841 722 3908 ἡ
738 3840 892 3909 σὰρξ
902 3843 1088 3898 αὐτοῦ
1098 3843 1218 3898 εἷ’δε
1228 3845 1573 3915 διαφθοράν.
1594 3849 1810 3903 Τοῦτον

228 3928 338 3981 τὸν
382 3928 633 3997 Ἰησοῦν
670 3932 1010 4007 ἀνέστησεν
1038 3939 1071 3990 ό
1096 3937 1261 4002 Θεὸς,
1292 3934 1365 3994 οὗ
1392 3938 1616 4006 πάντες
1638 3941 1809 4009 ἡμεῖς

227 4019 422 4089 ἐσμεν
451 4022 767 4093 μάρτυρες.
819 4020 919 4078 Ὧν
956 4026 1128 4092 οὕτως
1177 4030 1502 4100 εἰρημένων,
1554 4033 1807 4103 περιττὸν

230 4111 298 4165 ἂν
335 4114 423 4185 εἴη
468 4114 562 4168 τοῦ
608 4115 795 4169 λοιποῦ
837 4116 1036 4187 ζητεῖν,
1074 4121 1166 4174 ἐπὶ
1199 4121 1320 4174 τίνα
1356 4121 1459 4193 χρὴ
1497 4122 1682 4194 φέρειν
1708 4123 1805 4194 τὴν

229 4207 594 4280 προφητείαν,
640 4208 787 4274 ἅπαξ
833 4210 937 4263 ὑπὸ
988 4212 1299 4281 τηλικούτου
1351 4215 1622 4286 μάρτυρος
1667 4215 1805 4269 δεδι-

226 4297 510 4371 δαγμένοι.
547 4302 704 4355 Κατὰ
737 4304 835 4374 μὲν
865 4299 957 4356 οὖν
992 4306 1116 4369 τοὺς
1156 4306 1550 4379 Ἐϐδομήκοντα
1581 4313 1801 4377 στηλο-

1919 3222 2029 3278 est,
2069 3222 2119 3268 et
2158 3216 2391 3283 sepultus
2416 3225 2505 3270 :et
2543 3217 2838 3285 sepulcrum
2912 3218 3025 3287 ejus
3077 3228 3157 3273 est
3204 3220 3345 3290 apud
3387 3237 3483 3275 nos

1917 3321 2081 3375 usque
2133 3307 2188 3360 in
2237 3306 2544 3362 hodiernum
2598 3309 2757 3365 diem;
2836 3311 3098 3382 Propheta
3146 3313 3309 3383 igitur
3358 3328 3480 3367 cum

1886 3378 2071 3461 oesset,
2112 3407 2164 3452 et
2205 3399 2360 3454 sciret
2389 3401 2517 3471 quia
2551 3400 2903 3471 jurejurando
2929 3378 3184 3472 jurassetv
3207 3404 3290 3457 illi
3312 3404 3473 3469 Deus,

1915 3488 1980 3543 de
1999 3489 2175 3558 fructu
2196 3489 2357 3545 lumbi
2377 3491 2489 3561 ejus
2510 3493 2794 3546 secundum
2827 3511 3036 3548 carnem
3061 3503 3480 3549 resurrecturum

1915 3576 2183 3631 Christum
2232 3578 2302 3632 ad
2348 3579 2629 3634 sedendum
2678 3581 2732 3634 in
2776 3582 2961 3635 throno
3008 3583 3165 3650 ejus:
3202 3583 3477 3651 providens

1914 3669 2121 3725 locutus
2182 3679 2261 3726 est
2312 3671 2376 3726 de
2425 3674 2805 3728 resurrectione
2851 3672 3070 3737 Christi,
3134 3675 3259 3744 quia
3315 3691 3478 3745 neque

1910 3759 2192 3816 derelictus
2246 3770 2325 3815 est
2384 3762 2438 3816 in
2488 3763 2736 3832 inferno,
2787 3779 2948 3834 neque
2996 3780 3118 3818 caro
3175 3763 3288 3833 ejus
3341 3764 3475 3824 uidit

1909 3852 2320 3922 corruptionem.
2364 3852 2519 3909 Hunc
2543 3855 2727 3910 Iesum
2773 3857 3101 3915 resuscitauit
3126 3855 3289 3921 Deus,
3320 3857 3475 3928 cujus

1907 3962 2085 4000 omnes
2124 3961 2217 4001 nos
2258 3955 2412 4003 testes
2445 3965 2626 4003 sumus
2651 3950 2712 4003 ³³.
2779 3948 2989 4015 Quibus
3016 3950 3098 4006 sic
3147 3950 3470 4016 enuntiatis,

1908 4037 2243 4107 superﬂuum
2285 4050 2432 4095 esset
2474 4040 2981 4113 ulteriusindagare
3029 4041 3096 4095 ad
3125 4058 3285 4113 quem
3325 4041 3471 4099 refe-

1905 4132 2075 4184 renda
2113 4131 2425 4201 prophetia;
2483 4142 2769 4204 postquam
2830 4134 2963 4189 tanti
3007 4134 3106 4189 viri
3157 4134 3470 4191 testimonio

1906 4220 2085 4276 cdocti
2127 4221 2352 4279 fuimus.
2380 4221 2543 4278 Juxta
2578 4224 3075 4295 interpretationem
3113 4225 3467 4297 Septuaginta
3538 4294 3544 4302 ι

1905 4314 2176 4382 virorum,
2234 4316 2350 4371 hmo
2400 4317 2681 4387 prophetia
2733 4318 2876 4371 tituli
2920 4319 3191 4387 inscriptio
3240 4319 3462 4386 dicitur,

225 4395 452 4461 γραφέα
469 4394 767 4465 λέλεκταιή
792 4397 1114 4466 προφητεία,
1144 4397 1205 4451 τὸ
1235 4399 1505 4469 περιέχειν
1535 4400 1634 4472 τὴν
1659 4401 1798 4456 κατὰ

1918 4406 2047 4474 ιιιοά
2084 4408 2367 4461 victoriam
2410 4423 2440 4460 a
2474 4407 2694 4464 Christo
2733 4409 2800 4464 de
2840 4417 3034 4475 morte,
3078 4425 3173 4478 per
3214 4425 3464 4465 resurre-

228 4484 326 4538 τοῦ
365 4484 593 4539 θανάτου
634 4488 790 4558 νίκην
820 4489 913 4541 τοῦ
955 4489 1205 4560 Σωτῆρος
1243 4489 1330 4543 διὰ
1361 4491 1459 4561 τῆς
1487 4494 1551 4546 ὲκ
1590 4491 1801 4563 νεκρῶν

1918 4499 2134 4552 :tionem
2182 4514 2248 4552 ex
2286 4499 2515 4553 mortuis
2563 4510 2793 4568 partam,
2841 4499 3254 4569 complectatur.
3309 4498 3462 4556 Sicut

227 4575 577 4640 ἀναστάσεως
605 4578 766 4632 αὐτοῦ
800 4580 1253 4652 κατωρθωμένην.
1300 4583 1506 4653 Ὥσπερ
1549 4585 1659 4656 γὰρ
1690 4585 1799 4638 τῶν

227 4664 650 4737 ἀγωνιζομένων
683 4674 740 4725 ὲν
773 4672 1004 4736 σταδίοις
1033 4673 1082 4726 οἱ
1114 4674 1354 4743 μέγιστοι
1381 4675 1474 4728 καὶ
1506 4675 1797 4747 παράδοξοι

226 4757 387 4815 ἆθλοι
424 4762 622 4833 στήλης
655 4766 947 4841 ἀξιοῦνται,
984 4768 1079 4821 καὶ
1118 4767 1225 4821 τῶν
1265 4770 1324 4823 ὲν
1361 4769 1614 4840 πολέμοις
1654 4770 1796 4825 κατὰ

222 4854 335 4906 τῶν
357 4853 566 4923 ἐχθρῶν
588 4858 817 4927 τρόπαια
837 4860 914 4922 εἱς
932 4859 1146 4932 μακρὰν
1167 4865 1384 4931 μνήμην
1406 4861 1787 4933 στηλιτεύεταιο

221 4946 368 5007 οὓτω
390 4948 564 5001 καὶτὸ
587 4949 726 5019 μέγα
756 4951 1008 5020 τρόπαιον
1030 4952 1124 5007 τοῦ
1151 4955 1420 5026 Σωτῆρος,
1442 4956 1577 5027 amp
1603 4957 1788 5027 ῆγειρε

220 5037 470 5092 καθελὼν
502 5039 591 5092 τὸν
623 5039 683 5093 τὸ
720 5042 918 5112 κράτος
950 5043 1141 5114 ἔχοντα
1166 5043 1260 5098 τοῦ
1299 5044 1555 5111 θανάτου,
1583 5046 1787 5101 ἄνωθεν

221 5129 333 5184 ἀπὸ
366 5130 475 5184 τῶν
507 5131 856 5203 προφητικῶν
889 5135 1092 5203 χρόνων
1121 5136 1489 5207 ὲστηλιτεύετο
1518 5141 1637 5202 ταῖς
1662 5139 1788 5192 sau-

217 5221 328 5279 τῶν
348 5227 604 5293 γραφαῖς
630 5223 711 5278 διὸ
745 5224 1112 5299 στηλογραφία
1136 5227 1402 5283 λέλεκται.

289 5401 415 5454 Ὅτι
444 5398 564 5454 τῶν
598 5401 834 5473 ἀγαθῶν
869 5421 988 5474 μου
1019 5406 1093 5460 οὐ
1120 5405 1325 5473 χρείαν
1345 5406 1521 5476 ἔχεις.
1559 5407 1669 5478 Οὐχ
1696 5408 1783 5462 ἴνα

217 5494 285 5550 τὰ
334 5495 534 5560 ἐπάξια
566 5496 856 5568 χαρίσηται
900 5496 1015 5568 ἀνθ’
1045 5490 1120 5551 ὧν
1163 5494 1310 5567 αὐτῷ
1337 5498 1779 5570 προσηγάγομεν.

220 5586 406 5641 mm
452 5586 511 5639 δέ
565 5604 776 5659 φασιν..
811 5588 884 5652 ὡς
941 5591 1005 5643 ὲκ
1056 5586 1345 5661 προσώπου
1398 5587 1492 5641 τοῦ
1533 5590 1779 5663 Σωτῆρος

288 5745 333 5798 ἕξ
376 5744 499 5818 Act.
536 5760 578 5801 tt
601 5787 616 5813 ,
650 5746 841 5804 30—39..

1898 4588 2044 4645 enim
2076 4589 2402 4643 athletarum
2439 4589 2494 4643 in
2524 4590 2701 4645 stadio
2741 4589 3135 4644 decertantium
3174 4591 3458 4662 splendida

1897 4690 2059 4749 atque
2088 4678 2422 4734 mirabiliora
2460 4694 2583 4734 cum
2620 4679 2954 4737 adversariis
2991 4680 3121 4735 inita
3155 4682 3457 4737 certamina

1895 4770 2055 4839 cippo
2080 4769 2372 4833 donantur,
2398 4776 2561 4839 atque
2599 4771 2653 4824 in
2682 4770 2839 4825 bellis
2878 4779 3079 4841 tropaea
3112 4770 3179 4826 de
3207 4771 3456 4830 hostibus

1895 4861 1964 4915 ad
2007 4861 2321 4916 diuturnam
2365 4862 2679 4917 memoriam
2734 4862 3039 4933 eriguntur,
3085 4862 3160 4917 ita
3200 4878 3455 4933 magnum

1891 4953 2027 5008 illud
2059 4952 2366 5011 Servatoris
2408 4960 2691 5024 tropaeum,
2728 4962 3007 5025 prostrato
3046 4970 3111 5010 eo
3153 4956 3247 5025 qui
3285 4956 3456 5026 impe-

1889 5044 2034 5099 rium
2075 5046 2269 5102 mortis
2313 5045 2546 5101 habebat
2590 5054 2866 5108 erectum,
2912 5046 3117 5116 jamdiu
3156 5061 3187 5102 a
3217 5047 3451 5117 praphe~

1891 5136 2017 5193 ticis
2065 5135 2397 5207 temporibus
2438 5136 2494 5191 in
2532 5151 2719 5191 eorum
2779 5137 3001 5206 scriptis
3030 5137 3174 5191 velut
3204 5136 3258 5190 in
3289 5137 3450 5204 cippo

1888 5225 2223 5295 insculptum
2250 5224 2427 5281 fuerat
2454 5252 2467 5288 ε
2493 5219 2661 5296 (μκή-ε
2684 5226 2826 5280 tituli
2851 5226 2966 5283 sive
2993 5226 3135 5297 cippi
3164 5225 3449 5297 inscriptio

1890 5316 2115 5373 dicitur.

1961 5408 2223 5474 Quoniam
2262 5410 2516 5465 bonorum
2557 5425 2790 5464 meorum
2824 5425 2928 5464 non
2946 5425 3082 5480 eges.
3134 5407 3252 5463 Non
3278 5416 3337 5461 ut
3363 5404 3444 5457 di-

1884 5512 2045 5568 gnam
2083 5513 2182 5569 pro
2225 5499 2295 5553 iis
2331 5515 2452 5569 qua:
2480 5500 2585 5570 ipsi
2619 5500 2915 5556 obtulimus
2951 5498 3251 5554 mercedem
3284 5493 3443 5550 retri-

1885 5591 2016 5647 buat
2058 5589 2154 5662 [ita
2194 5590 2480 5671 loquitur].
2517 5592 2620 5647 Alii
2652 5593 2840 5649 dicunt
2884 5607 2947 5648 ex
2993 5586 3288 5645 Salvatoris
3323 5601 3436 5658 per.
