4066 6218
543 341 652 402 155

1206 331 1473 393 EUSEBII
1510 324 1989 388 CESARIENSIS
2026 322 2178 382 OPP.
2215 320 2395 378 PARS
2432 319 2520 377 ΙΙΙ.
2560 350 2630 361 -
2666 316 3078 375 EXEGETICA.

3663 307 3769 366 £56

542 473 676 516 sona
704 453 1110 527 pronuntiatum
1139 449 1404 521 psalmum
1428 486 1444 517 ,
1477 443 1642 514 idque
1678 439 1976 498 secundum
2000 438 2104 492 hu-

2225 436 2419 507 ιῖρηται
2451 436 2480 489 ὁ
2509 432 2722 505 ψαλμός
2742 449 2756 462 ·
2801 430 3013 503 εἴρηται
3044 428 3102 482 δὲ
3149 426 3290 482 κατά
3324 425 3386 481 τὸ
3411 425 3772 497 ἀνθρώπειον,

541 561 760 604 umnam
799 552 1085 606 naturam,
1118 535 1426 608 cujusmodi
1461 534 1602 590 bene
1638 532 1811 587 multa
1846 531 1903 585 in
1935 529 2106 585 sacris

542 637 854 710 EVangeliis
881 632 1369 707 deprehendimus;
1417 626 1579 698 quale
1604 632 1692 681 est
1714 622 1850 679 illud
1876 639 1891 677 :
1919 620 2105 686 Pater,
2136 644 2143 653 ’

540 732 588 786 si
616 729 732 799 fieri
755 729 943 799 possit,
969 731 1201 779 transeat
1231 738 1264 775 a
1295 738 1374 775 me
1406 719 1550 773 calix
1577 718 1697 774 iste.
1738 715 2108 770 Verumtamen

542 839 646 878 non
687 819 826 892 quod
869 835 960 889 ego
997 815 1133 885 polo,
1183 813 1274 868 sed
1326 811 1463 883 quod
1515 822 1572 863 tu
1599 810 1676 876 “;
1730 815 1824 864 et:
1859 805 2005 861 Vado
2038 805 2108 859 ad

543 913 760 970 Patrem
803 925 973 965 meum
1017 918 1065 962 et
1091 907 1310 980 Patrem
1349 911 1598 970 uestrum.
1643 899 1807 953 Deum
1848 913 2022 953 meum
2059 906 2107 952 et

543 1004 711 1059 Deum
740 1010 963 1056 vestrum
992 999 1056 1053 ³⁸.
1079 998 1170 1054 Sic
1187 996 1501 1065 frequenter
1536 1000 1806 1058 orantem,
1840 1004 1904 1043 ac
1932 1002 2108 1060 genua

543 1095 848 1150 ﬂectentem
899 1088 1231 1146 invenimus.
1289 1083 1491 1139 Eadem
1541 1097 1770 1157 prorsus
1808 1081 2022 1136 ratione
2054 1080 2108 1133 in

542 1183 648 1239 hoc
684 1194 901 1253 quoque
938 1180 1152 1250 psalmo
1204 1173 1525 1231 conservari
1570 1184 1633 1229 se
1670 1180 1941 1249 precatur,
1979 1170 2109 1225 dum

541 1282 725 1328 tamen
780 1286 811 1325 a
844 1287 904 1327 se
945 1270 1066 1340 ipso
1112 1274 1489 1324 conservatur.
1537 1265 1606 1320 At
1655 1265 1801 1321 enim
1852 1273 1912 1319 ut
1948 1264 2110 1321 homo

542 1374 722 1435 rogat,
764 1378 829 1418 ac
868 1370 1055 1434 utpote
1083 1360 1226 1416 Deus
1266 1359 1541 1431 postulata
1584 1358 1866 1425 concedit;
1921 1372 2113 1413 assen-

541 1457 712 1512 tiente
756 1455 969 1512 scilicet
1012 1460 1068 1509 et
1107 1459 1437 1522 cooperante
1473 1450 1657 1506 Patre.
1715 1450 1981 1517 Quoniam
2019 1448 2113 1504 bo~

542 1564 728 1603 norum
760 1562 994 1607 meorum
1026 1563 1129 1601 non
1159 1562 1297 1617 eges.
1341 1542 1470 1598 Haec
1494 1541 1854 1615 Symmachus
1884 1545 1990 1599 alia
2022 1558 2114 1597 ra-

544 1640 692 1694 tione
730 1638 1123 1709 interpretatus
1163 1643 1292 1691 est:
1326 1633 1451 1695 Non
1481 1643 1560 1688 est
1596 1633 1725 1687 milii
1767 1632 1959 1694 bonum
2002 1634 2114 1688 sine

546 1740 613 1786 te.
656 1727 846 1786 Omnis
887 1728 1044 1799 copia
1089 1728 1381 1791 bonorum,
1429 1724 1631 1795 inquit,
1661 1740 1759 1795 per
1790 1732 1940 1779 tuam
1977 1725 2115 1780 mihi

544 1823 776 1894 gratiam
815 1784 1117 1877 confertur.
1161 1818 1407 1890 Utraque
1443 1784 1628 1889 porro'
1658 1784 1818 1873 lectio
1853 1833 2007 1889 atque
2046 1817 2116 1873 ad
2144 1784 2188 1839 Β

546 1916 797 1986 pietatem
829 1919 1154 1984 opportuna.
1186 1910 1397 1966 Etenim
1450 1924 1482 1965 a
1511 1908 1622 1965 Deo
1649 1910 1931 1966 concessis
1956 1909 2116 1966 bonis

545 2020 647 2061 nos
677 2004 1029 2076 perfruimur,
1066 2017 1243 2073 neque
1284 2002 1332 2058 is
1374 2008 1526 2057 recte
1571 1999 1734 2063 factis
1772 2001 1978 2073 indiget
2016 2016 2118 2056 no-

545 2096 679 2152 etris
727 2109 953 2155 :verum
1006 2093 1077 2164 ad
1121 2094 1417 2149 utilitatem
1471 2091 1589 2163 ipse
1628 2100 1876 2149 nostram
1902 2092 2018 2148 haec
2058 2092 2119 2148 ut

546 2201 775 2257 agamus
811 2186 929 2258 lege
966 2184 1166 2242 sancit.

622 2274 787 2335 Vitas.
812 2277 875 2337 3,
897 2277 949 2335 4.
999 2275 1214 2338 Sanctis
1247 2278 1339 2349 qui
1376 2286 1499 2333 sunt
1534 2278 1591 2334 in
1646 2285 1789 2331 terra
1820 2274 1934 2345 ejus
1968 2273 2119 2329 miri—

546 2370 724 2440 ﬁcavit
767 2386 946 2429 omnes
979 2369 1273 2433 voluntates
1322 2387 1449 2425 suas
1487 2371 1541 2424 in
1574 2370 1671 2425 eis.
1703 2399 1773 2409 —
1806 2367 1907 2423 Vos
1943 2376 2120 2422 autem

545 2463 673 2522 estis
701 2477 886 2531 corpus
909 2460 1130 2526 Christi,
1152 2471 1202 2517 et
1233 2464 1466 2517 membra
1491 2462 1556 2517 de
1585 2462 1817 2517 membro
1840 2461 1905 2515 ".
1932 2460 2120 2515 Eccle-

548 2557 645 2613 siae
687 2568 801 2614 sua:
840 2569 1133 2619 erumnas,
1182 2553 1289 2611 sibi
1326 2555 1487 2625 quasi
1527 2554 1779 2625 proprias
1816 2551 2120 2617 ascribens,

440 2716 445 2719 _
548 2662 613 2702 ex
644 2661 876 2717 persona
909 2646 1030 2716 ejus
1058 2646 1173 2702 haec
1200 2648 1375 2718 potuit
1405 2646 1560 2704 eﬂ'ari
1586 2663 1599 2699 :
1633 2645 1848 2702 Sanctis
1878 2644 1967 2716 qui
1994 2653 2119 2699 sunt

547 2738 603 2792 in
632 2747 772 2795 terra
791 2738 905 2808 ejus
936 2739 1237 2809 miriﬁcavit
1259 2756 1437 2795 omnes
1465 2740 1757 2794 voluntates
1789 2755 1915 2793 suas
1945 2738 1999 2791 in
2026 2737 2122 2790 eis.

547 2827 922 2898 llultiplicatte
937 2840 1061 2883 sunt
1078 2831 1417 2900 infirmitates
1432 2829 1745 2885 eorum.Alii
1766 2837 1967 2885 terram
1982 2828 2123 2896 ejus,

550 2917 852 2975 Ecclesiam
907 2920 1382 2991 interpretantur;
1432 2928 1766 2991 quapropter
1794 2919 1891 2977 Dei
1930 2920 2128 2981 volun-

547 3018 691 3065 tates
719 3010 1000 3067 mirabiles
1022 3011 1281 3067 evadunt.
1310 3011 1633 3068 Voluntates
1658 3027 1824 3083 porro
1852 3011 1969 3078 Dei,
1997 3017 2128 3066 sunt

2206 530 2391 600 ὥσπερ
2421 527 2574 582 αὐτοὶ
2599 524 2737 579 αὺτά
2761 523 2931 577 πολλά
2965 522 3059 578 καὶ
3093 522 3152 574 ὲν
3190 522 3298 582 τοῖς
3327 520 3489 591 ίεροῖς
3525 519 3775 587 Εὑαγγε-

2206 621 2341 685 λίοις
2377 619 2719 691 εὑρίσκομεν·
2752 614 2989 671 τοιοῦτόν
3040 616 3154 668 ἐστι
3201 611 3290 665 τό’
3345 608 3555 678 Πάτερ,
3585 612 3638 664 et
3670 609 3782 664 δυ-

2206 712 2411 778 νατὸν,
2451 708 2788 779 παρελθέτω
2833 707 2899 761 τὸ
2936 705 3219 774 ποτήριον
3260 701 3434 757 τοῦτο
3465 702 3567 757 ἀπ’
3602 701 3776 772 ἐμοῦ.

2207 804 2383 873 Πλὴν
2407 805 2518 872 οὐχ
2543 804 2623 869 ὡς
2647 800 2762 872 ἐγὼ
2793 799 2965 863 θέλω,
2994 798 3128 853 ἀλλ’
3152 798 3346 864 ὠςσύ·
3381 794 3497 858 καὶ,
3519 794 3777 862 Πορεύο-

2202 911 2310 966 μαι
2352 894 2500 963 πρὸς
2533 892 2641 947 τὸν
2662 890 2893 959 Πατέρα
2915 907 3035 959 μου
3079 888 3177 943 καὶ
3203 885 3434 955 Πατέρα
3462 885 3648 955 ὑμῶν,
3675 884 3783 939 καὶ

2211 988 2361 1041 Geor
2378 1003 2497 1056 μου
2523 984 2622 1038 καὶ
2653 982 2803 1038 Θεὸν
2826 981 3012 1052 ὑμῶν.
3051 980 3235 1043 Οὕτως
3262 979 3587 1051 εὑρίσκομεν
3611 978 3783 1034 αὐτὸν

2210 1082 2499 1152 εὐχόμενον
2530 1076 2785 1148 συνεχῶς,
2812 1075 2909 1128 καὶ
2941 1074 3006 1128 τά
3033 1074 3233 1143 γόνατα
3252 1073 3591 1144 κάμπτοντα.
3621 1071 3781 1127 Οῦτω

2210 1175 2388 1229 τοίνυν
2420 1172 2513 1225 καὶ
2541 1172 2599 1225 ὲν
2622 1168 2793 1239 τούτῳ
2813 1166 2893 1235 τῷ
2912 1164 3111 1237 ψαλμῷ
3135 1167 3276 1219 αἰτεῖ
3300 1164 3659 1236 φυλαχθῆναι,
3682 1165 3785 1219 καὶ

2213 1265 2303 1334 ὑφ’
2330 1260 2520 1317 ἑαυτοῦ
2554 1258 2904 1331 φυλάττεται.
2938 1257 3087 1308 Αίτεῖ
3122 1254 3220 1325 μὲν
3246 1254 3353 1325 γὰρ
3377 1254 3451 1330 ὼς
3473 1253 3781 1325 ἄνθρωπος,

2212 1355 2393 1410 δίδωσι
2425 1353 2482 1407 δὲ
2513 1351 2612 1424 τὴν
2644 1350 2857 1421 αἴτησιν
2887 1349 2963 1412 ὡς
2986 1346 3137 1411 Θεός·
3173 1345 3516 1409 εὐδοκοῦντος
3541 1345 3786 1417 δηλονότι

2213 1448 2308 1504 καί
2332 1444 2715 1517 συνεργοῦντος
2743 1441 2837 1495 τοῦ
2862 1439 3061 1495 οἰκείου
3089 1437 3320 1509 Πατρός.
3352 1438 3472 1503 Ὅτι
3495 1436 3614 1491 τῶν
3637 1438 3791 1508 dra-

2214 1538 2334 1594 θὼν
2350 1555 2469 1608 μου
2491 1538 2563 1591 οὐ
2587 1536 2797 1606 χρείαν
2821 1536 2997 1605 ἅχεις.
3017 1533 3184 1589 Τοῦτο
3210 1537 3239 1589 ὁ
3268 1533 3560 1605 Σύμμαχος
3581 1534 3788 1607 ἑτέρως

2214 1630 2573 1702 ἡρμήνευσεν·
2602 1628 2841 1696 Ἀναθὼθ
2853 1643 2953 1696 μοι
2973 1626 3083 1679 οὐκ
3104 1624 3276 1678 ἔστιν
3293 1623 3438 1678 ἄνευ
3451 1624 3587 1688 σοῦ.
3605 1625 3788 1690 Πᾶσα,

2215 1724 2369 1796 φησι,
2396 1722 2502 1775 τῶν
2529 1718 2745 1790 ἀγαθῶν
2773 1720 2807 1790 ὴ
2849 1717 2989 1791 φορὰ
3027 1716 3117 1771 διὰ
3156 1717 3256 1788 τῆς
3295 1716 3394 1787 σῆς
3426 1716 3660 1789 ὑπάρχει
3693 1734 3791 1788 μοι

2216 1818 2452 1893 χάριτος.
2502 1815 2811 1887 Ἀμφότερα
2856 1813 2914 1867 δὲ
2955 1812 3056 1883 τῆς
3098 1811 3379 1876 εὐσεϐείας
3427 1810 3628 1881 ἔχεται.
3674 1812 3792 1867 Καὶ

2215 1915 2376 1986 ἡμεῖς
2405 1910 2514 1983 γὰρ
2552 1908 2705 1981 παρὰ
2730 1906 2824 1960 τοῦ
2861 1905 2995 1971 Θεοῦ
3029 1904 3138 1960 τῶν
3171 1904 3391 1974 ἀγαθῶν
3422 1902 3790 1975 ἀπολαύομεν,

2216 2003 2312 2060 καὶ
2350 2002 2511 2065 αὐτὸς
2552 2000 2653 2070 τῆς
2692 1996 2966 2070 ἡμετέρας
3012 1996 3433 2068 δικαιοπραγίας
3469 1995 3531 2049 οὐ
3571 1994 3791 2068 χρῄζει’

2216 2094 2376 2167 χάριν
2413 2092 2596 2164 μέντοι
2639 2088 2740 2160 τῆς
2782 2088 3060 2161 ἡμετέρας
3091 2087 3357 2158 ὡφελείας
3389 2086 3590 2159 ταύτην
3628 2103 3798 2158 νομο-

2218 2186 2382 2241 θετετ.

2296 2276 2425 2344 Τοῖς
2461 2277 2652 2347 ἁγίοις
2691 2274 2816 2342 τοῖς
2845 2273 2915 2328 ἐν
2944 2272 3019 2341 τῇ
3044 2271 3121 2342 γῆ
3154 2271 3340 2326 αὑτοῦ
3363 2269 3797 2340 ἐθαυμάστωσε

2218 2368 2414 2427 πάντα
2443 2367 2516 2428 τὰ
2550 2368 2853 2436 θελήματα
2870 2365 3056 2421 αὐτοῦ
3078 2365 3148 2418 ἐν
3174 2363 3395 2429 αὐτοῖς.
3421 2393 3492 2406 —-
3518 2362 3699 2434 ἠλεῖς
3723 2361 3800 2417 δέ

2219 2463 2359 2519 ἐστε
2386 2460 2556 2531 σῶμα
2574 2460 2852 2529 Χριστοῦ,
2877 2458 2975 2513 καὶ
2991 2457 3149 2527 μέλη
3174 2456 3242 2509 ἐκ
3257 2456 3503 2531 μέλους.
3533 2456 3798 2522 Δύναται,

2224 2552 2641 2623 ίδιοποιούμενος
2693 2552 2763 2607 τά
2809 2549 2958 2620 πάθη
3007 2549 3105 2619 τῆς
3143 2547 3468 2619 Ἐκκλησίας
3496 2547 3684 2612 αὑτοῦ,
3720 2549 3802 2604 τὰ

2222 2645 2558 2719 προκείμενα
2589 2642 2648 2709 ἐξ
2679 2644 2847 2713 αὐτῆς
2877 2642 3075 2711 λέγειν·
3106 2641 3234 2708 Τοῖς
3259 2641 3450 2711 ἁγίοις
3479 2640 3600 2707 τοῖς
3612 2642 3693 2695 ,ἐν
3717 2646 3802 2714 τῇ

2222 2737 2301 2809 τῇ
2338 2737 2524 2794 αὑτοῦ
2560 2735 2988 2805 ἐθαυμὰστωσε
3020 2733 3218 2790 πάντα
3247 2734 3320 2788 τὰ
3352 2733 3653 2805 θελήματα
3685 2736 3806 2791 αὺ-

2224 2831 2330 2886 τοῦ
2364 2832 2436 2888 ἐν
2474 2829 2693 2896 αὐτοῖς.
2750 2829 3251 2898 Ἐπληθύνθησαν
3266 2830 3327 2881 αι
3351 2828 3647 2883 ἀσθένειαι
3683 2832 3771 2881 ai"
3798 2859 3808 2866 -

2225 2920 2365 2976 τῶν.
2404 2921 2618 2992 ’Έτεροι
2661 2918 2719 2973 δὲ
2762 2918 2873 2989 γῆν
2908 2916 3072 2972 αὐτοῦ
3112 2918 3213 2989 τὴν
3259 2916 3582 2989 Ἐκκλησίαν
3609 2915 3801 2987 φασίν*

2226 3014 2353 3070 ὅθεν
2388 3015 2480 3068 καὶ
2518 3012 2796 3084 θαυμάσια
2826 3010 3064 3082 γίνονται
3100 3009 3170 3064 τά
3202 3008 3296 3064 τοῦ
3327 3009 3463 3063 Θεοῦ
3495 3009 3800 3082 θελήματα.

549 3100 782 3157 virtutes
830 3100 1059 3172 singula:
1107 3116 1230 3172 quae
1278 3102 1398 3172 ipso
1441 3109 1656 3157 astante
1712 3100 2124 3170 opitulanteque

2227 3107 2516 3179 Θελήματα
2568 3105 2624 3159 δὲ
2668 3102 2804 3158 Θεοῦ
2850 3104 2907 3157 αἱ
2960 3103 3079 3158 κατ’
3122 3099 3258 3167 εἶδος
3303 3102 3495 3174 ἀρεταὶ
3543 3118 3809 3173 παρισταο

551 3192 830 3258 coluntur,
870 3192 1029 3263 juxta
1067 3192 1200 3249 illud
1237 3212 1250 3248 :
1283 3193 1466 3249 Inveni
1512 3191 1684 3253 David
1740 3192 1911 3263 ﬁlium
1951 3190 2122 3257 Jesse,

549 3286 723 3340 virum
765 3285 1049 3341 secundum
1087 3303 1178 3340 cor
1212 3303 1407 3353 meum,
1436 3288 1525 3358 qui
1552 3287 1712 3357 faciet
1736 3303 1913 3347 omnes
1942 3285 2127 3342 volun-

554 3386 691 3433 tates
722 3394 866 3433 meas
890 3380 955 3445 ³“¹,
996 3379 1209 3435 scilicet
1236 3378 1547 3438 voluntates
1595 3379 1739 3449 ejus,
1775 3394 1883 3449 qua
1913 3370 2155 3434 ratione'

554 3472 809 3543 superius
855 3472 1141 3543 explicata:
1191 3481 1343 3528 sunt.
1394 3471 1461 3527 Et
1508 3487 1642 3528 sane
1668 3471 1815 3528 Deus
1856 3470 2131 3526 mirabilia

554 3563 687 3619 facit
715 3565 769 3620 in
801 3564 1010 3631 sanctis
1044 3564 1183 3632 suis,
1207 3564 1334 3635 quia
1367 3563 1423 3619 in
1452 3565 1573 3636 ipso
1595 3563 1817 3619 virtutis
1846 3561 2126 3624 exercitio.

554 3659 648 3727 qui
676 3657 982 3714 secundum
1013 3657 1182 3713 Deum
1223 3656 1501 3727 sapientes
1531 3664 1681 3719 sunt,
1713 3656 1843 3710 aliis
1871 3660 2132 3724 praestant

555 3747 894 3803 hominibus.
920 3744 1040 3799 Non
1075 3745 1265 3801 eadem
1296 3745 1497 3816 quippe
1541 3744 1598 3799 in
1632 3745 1966 3817 martyribus
1990 3742 2133 3798 veri-

555 3839 711 3903 tatis,
744 3838 802 3893 in
832 3834 1095 3907 apostolis
1126 3847 1181 3892 et
1205 3837 1488 3907 prophetis
1532 3835 1799 3892 fortitudo
1822 3844 1927 3900 est,
1967 3843 2134 3905 atque

559 3929 614 3983 in
645 3930 861 3985 caeteris
889 3930 982 3999 qui
1009 3942 1135 3983 sese
1178 3934 1402 3983 strenue
1439 3938 1729 3999 gesserunt
1754 3942 1771 3984 :
1793 3942 1969 3998 neque
2001 3942 2132 3983 vero

556 4017 782 4090 Iosephi
830 4033 896 4074 ac
941 4017 1211 4073 Susanna:
1261 4020 1624 4089 temperantia
1688 4020 2136 4088 continentiaque

560 4113 791 4169 aliorum
836 4111 1189 4166 continentiae
1235 4110 1433 4168 similis
1477 4118 1580 4166 est.
1642 4110 1842 4167 Eadem
1908 4127 2135 4181 prorsus

561 4203 776 4261 ratione
809 4202 1050 4273 reliquas
1079 4209 1397 4257 sanctorum
1425 4202 1653 4258 virtutes
1684 4201 1828 4258 Deus
1859 4202 2135 4259 mirabiles

563 4298 746 4361 cllicit,
777 4296 854 4352 ita
883 4304 944 4351 ut
976 4294 1388 4366 incomparabili
1433 4296 1802 4366 praecellentia
1835 4295 1891 4356 in
1920 4311 2136 4366 quaque

563 4408 624 4448 re
664 4390 806 4446 inter
843 4396 1073 4445 caeteros
1115 4387 1334 4443 virtutis
1382 4388 1660 4444 studiosos
1700 4387 1953 4443 homines
2001 4388 2137 4443 emi-

2230 3198 2392 3271 μένου
2415 3195 2601 3250 τούτου
2618 3212 2632 3225 ο
2684 3198 2749 3249 ὲκ
2789 3194 2904 3247 τοῦθ
2947 3189 3146 3261 Εὗρον
3176 3192 3357 3249 Δαυῒδ
3373 3190 3481 3246 τὸν
3506 3192 3614 3246 τοῦ
3661 3193 3808 3246 Ἰεσ-

2226 3290 2352 3355 σαὶ,
2400 3287 2586 3357 ἄνδρα
2629 3285 2781 3342 κατὰ
2827 3286 2943 3356 τὴν
2987 3283 3241 3354 καρδίαν
3277 3302 3415 3355 μου,
3459 3283 3527 3350 ὃς
3558 3284 3810 3352 ποιήσει

2228 3380 2421 3439 πάντα
2460 3380 2534 3435 τὰ
2574 3376 2876 3448 θελήματά
2901 3395 3042 3448 μου,
3096 3377 3165 3432 τά
3209 3376 3379 3443 οὕτως
3410 3377 3809 3450 ἡρμηνευμένα

2230 3474 2511 3545 θελήματα
2553 3473 2706 3526 Θεοῦ.
2757 3473 3071 3543 Θαυμαστοί
3111 3470 3170 3525 δὲ
3214 3470 3345 3535 Θεὸς
3375 3472 3434 3531 ὲν
3470 3474 3582 3535 τοῖς
3622 3472 3810 3540 artos;

2230 3565 2417 3630 αὑτοῦ,
2457 3565 2618 3618 πλέον
2666 3582 2719 3617 τι
2756 3565 2984 3635 ἐχόντων
3014 3564 3123 3617 τῶν
3161 3564 3301 3617 κατὰ
3323 3564 3455 3619 Θεὸν
3489 3565 3667 3635 σοφῶν
3692 3566 3814 3620 τῶν

2232 3656 2404 3719 ἀλλων
2453 3653 2753 3727 ἀνθρώπων
2791 3657 2850 3707 ὲν
2880 3653 2957 3724 τῷ
3008 3654 3149 3709 κατὰ
3194 3656 3393 3728 ἀρετὴν
3429 3658 3690 3727 ἐνεργεῖν.
3728 3657 3811 3711 Ού

2233 3746 2341 3817 γὰρ
2391 3746 2611 3819 ἀνδρεία
2658 3748 2693 3817 ἡ
2732 3745 2870 3817 αὐτὴ
2901 3745 3010 3799 τῶν
3045 3745 3338 3819 μαρτύρων
3388 3748 3487 3819 τῆς
3526 3746 3811 3819 ἀληθείας,

2236 3838 2528 3910 προφητῶν
2560 3855 2620 3893 τε
2651 3839 2742 3892 καὶ
2769 3839 3103 3902 ἀποστόλων,
3132 3843 3198 3911 τῇ
3229 3840 3334 3895 τῶν
3359 3840 3533 3905 ἀλλως
3557 3840 3813 3913 ἀνδριζο-

2238 3932 2451 4004 μένων;
2481 3930 2596 3985 ἀλλ’
2629 3931 2774 3995 οὐδὲ,
2818 3933 2851 4003 ἡ
2896 3931 3217 4004 σωφροσύνη
3253 3932 3365 3987 τῶν
3393 3932 3704 4005 τηρούντων
3742 3935 3814 4004 ἣν

2236 4024 2392 4096 ἔσχεν
2441 4023 2637 4095 Ἰωσὴφ
2683 4024 2779 4078 καὶ
2821 4023 3114 4088 Σουσάννα,
3157 4027 3223 4096 τῇ
3254 4024 3365 4081 τῶν
3394 4025 3815 4096 ἀλλωνσωφρο-

2239 4114 2393 4187 σύνῃ.
2423 4112 2579 4167 Οῦτω
2605 4112 2663 4166 δὲ
2691 4114 2785 4167 καὶ
2816 4113 2908 4166 ἐπὶ
2940 4112 3046 4167 τῶν
3084 4113 3287 4168 λοιπῶν
3327 4114 3557 4186 ἀρετῶν,
3595 4113 3815 4185 θαυμα-

2239 4204 2488 4269 στοῦντος
2514 4204 2648 4259 Θεοῦ
2675 4206 2772 4270 τὰς
2803 4205 2912 4258 τῶν
2939 4207 3109 4274 ἀγίων
3142 4205 3339 4277 ἀρετὰς
3364 4206 3439 4269 ὼς
3466 4205 3818 4276 ἁσυγκρίτως

2240 4296 2526 4369 ὑπερέχειν
2565 4297 2759 4362 αὐτοὺς
2803 4298 2911 4353 τῶν
2957 4298 3097 4353 κατὰ
3142 4297 3460 4370 ἀνθρώπους
3504 4297 3818 4369 γενομένων

2242 4389 2566 4445 σπουδαίων.
2624 4390 2781 4445 Οὖτω
2833 4392 3149 4463 θαυμασίων
3194 4392 3301 4457 τῶν
3350 4389 3671 4460 θελημάτων
3716 4391 3815 4445 τοῦ

563 4491 750 4541 meant.
779 4483 919 4539 Cum
951 4482 1119 4553 igitur
1151 4480 1293 4553 adeo
1317 4480 1597 4537 mirabiles
1640 4480 1752 4537 sint
1783 4479 1881 4537 Dei
1925 4482 1983 4536 in
2010 4497 2126 4538 san-

2237 4480 2374 4536 Θεοῦ
2405 4482 2463 4534 ὲν
2492 4485 2605 4548 τοῖς
2635 4482 2811 4551 ἁγίοις
2847 4483 3039 4547 ὄντων,
3077 4481 3436 4552 πληθύνονται
3471 4483 3671 4547 αὐτῶν,
3704 4486 3820 4541 τῶν

565 4576 672 4631 ctis
698 4575 815 4632 suis
839 4574 1170 4639 voluntates,
1215 4574 1647 4645 multiplicantur
1690 4580 2004 4631 sanctorum
2045 4576 2131 4631 ine

567 4664 881 4728 ﬁrmitates,
911 4679 1035 4718 cum
1082 4664 1304 4719 videant
1347 4680 1407 4720 se
1432 4665 1628 4721 divinae
1664 4666 1855 4721 virtuti
1903 4681 1967 4721 ac
2016 4681 2134 4720 ma-

565 4755 842 4831 gnitudini
882 4755 1113 4810 multum
1157 4756 1396 4826 impares
1446 4771 1587 4811 esse.
1637 4757 1891 4812 Attamen
1920 4755 2136 4812 etiamsi

564 4858 883 4906 memoratae
909 4863 1098 4905 eorum
1141 4847 1490 4903 infirmitates
1531 4849 1984 4919 multiplicemur,
2025 4864 2137 4904 non

572 4942 779 4999 haerent
820 4942 945 5007 diu,
976 4957 1153 5013 neque
1184 4949 1407 4997 manent
1441 4942 1496 4997 in
1533 4941 1689 5012 ipsis,
1723 4941 1818 4997 sed
1853 4943 2140 5000 confestim

572 5033 893 5090 abscedunt.
956 5031 1091 5087 Nam
1151 5032 1369 5087 vixdum
1428 5046 1527 5088 eas
1591 5030 1956 5094 adverterint,
2015 5048 2139 5087 cum

574 5124 837 5179 continuo
890 5132 1223 5179 evanescant
1266 5140 1278 5174 :
1323 5123 1453 5192 quia
1510 5122 1745 5177 multum
1800 5121 1881 5175 illi
1933 5123 2138 5189 valent,

575 5213 797 5273 Christo
824 5214 959 5283 ipsis
990 5214 1136 5268 vires
1167 5220 1484 5283 praestante,
1522 5212 1823 5269 secundum
1855 5212 1991 5267 illud
2024 5232 2036 5267 :
2072 5212 2142 5270 In

580 5306 688 5363 Deo
718 5306 971 5376 faciemus
996 5306 1239 5360 virtutem
1263 5306 1332 5358 ³⁸.

648 5399 901 5456 Arbitror
936 5400 1067 5454 item
1100 5398 1187 5455 his
1216 5396 1508 5471 significari
1537 5398 1776 5469 priorem
1813 5398 1960 5453 illam
1993 5403 2142 5451 vete-

578 5508 696 5552 rem
752 5492 1160 5549 idololatrarum
1215 5491 1606 5557 conditionem,
1666 5506 1774 5563 qua
1826 5505 1950 5546 cum
1992 5488 2138 5551 athei

2239 4572 2409 4641 ἁγίων
2431 4572 2593 4641 λέγω,
2626 4575 2684 4626 αἱ
2711 4572 3009 4635 ἀσθένειαι,
3028 4572 3287 4643 ὁρώντων.
3318 4573 3394 4636 ὡς
3442 4572 3573 4628 πολὺ
3595 4575 3822 4631 ἀπολεί-

2243 4680 2435 4718 πονται
2477 4664 2577 4735 τῆς
2617 4664 2752 4717 Θεοῦ
2790 4664 2971 4735 ἰσχύος
3023 4666 3117 4717 καὶ
3162 4664 3257 4718 τοῦ
3312 4666 3575 4737 μεγέθους
3623 4669 3817 4727 αὑτοῦ.

2245 4758 2458 4831 Ὀμως,
2500 4760 2549 4812 εἰ
2589 4759 2681 4815 καὶ
2727 4756 3085 4828 πληθύνονται
3129 4758 3185 4812 αἱ
3218 4758 3595 4831 προλεχθεῖσαι
3633 4762 3822 4819 αὐτῶν

2244 4851 2537 4919 ἀσθένειαι,
2567 4853 2666 4906 οὐκ
2699 4851 3144 4925 ἐμϐραδύνουσιν,
3187 4853 3246 4907 ού
3276 4854 3682 4926 παραμένουσιν
3714 4854 3824 4908 αὖ.

2245 4946 2375 5011 τοῖς,
2405 4944 2744 5016 παραχρῆμα
2763 4943 3153 5015 ἀπερχόμεναι.
3184 4945 3362 5017 Μέχρι
3387 4945 3493 5019 γὰρ
3517 4945 3611 4999 τοῦ
3637 4945 3825 5018 ὲννοῆι-

2248 5053 2338 5090 σαι
2366 5037 2551 5101 αὐτὰς,
2580 5037 2735 5107 ἔσχον
2767 5038 2936 5101 αὐτὰς
2961 5020 3294 5108 ταχυνούσας
3325 5041 3381 5092 ἐν
3412 5038 3489 5103 τῷ
3519 5036 3707 5109 μηκέτ’
3734 5031 3820 5090 εἷ-

2246 5150 2353 5189 ναιο
2380 5132 2467 5185 διὰ
2497 5129 2557 5184 τὸ
2593 5130 2795 5202 ἰσχύειν
2828 5133 2886 5185 ὲν
2915 5130 2994 5202 τῷ
3025 5131 3448 5202 ἑνδυναμοῦσθαι
3474 5131 3670 5194 αὐτοὺς
3707 5130 3824 5185 ὑπὸ

2245 5222 2482 5297 Χριστοῦ
2500 5222 2575 5295 (1)
2595 5220 2845 5294 πρώτων,
2867 5221 2937 5274 ὲν
2952 5219 3029 5286 τῷ
3049 5220 3170 5287 Θεῷ
3194 5226 3526 5291 ποιήσομεν
3535 5221 3817 5289 δύναμαι

2317 5393 2483 5468 Οἶμαι
2515 5397 2572 5451 δὲ
2602 5398 2690 5452 διὰ
2718 5397 2922 5453 τούτων
2960 5397 3246 5467 δηλοῦσθαι
3288 5398 3395 5452 τῶν
3423 5397 3676 5454 ἁπάντων
3706 5394 3830 5454 τῶν

2246 5490 2412 5544 παλαι
2438 5490 2839 5563 εἰδωλολατρῶν
2866 5489 2964 5562 τὴν
2994 5489 3263 5562 προτέραν
3284 5491 3633 5545 κατάστασιν·
3668 5489 3727 5542 ἐν

650 5604 696 5642 ⁸⁸
734 5601 1089 5689 blatthmxvi,
1123 5601 1214 5658 39.
1288 5602 1332 5635 ³³
1371 5600 1527 5659 Joan.
1562 5618 1666 5670 xx,
1708 5602 1794 5658 l7.
1873 5601 1919 5634 ³⁸
1957 5598 1976 5655 Ι
2012 5599 2121 5657 Cor

2225 5619 2283 5673 ιι,
2316 5602 2407 5659 27.
2484 5602 2729 5689 δτιῐὶεε.
2768 5610 2888 5671 sui,
2925 5603 3038 5670 ﬂ;
3076 5603 3199 5660 Act.
3264 5619 3384 5668 xui,
3413 5603 3503 5659 εε.
3583 5603 3631 5642 ³⁸
3667 5601 3820 5661 Psal.

582 5688 671 5733 ιιι
690 5714 705 5735 .
744 5675 827 5728 Η.

656 5744 728 5812 (Ι)
770 5743 952 5802 Lectio
979 5744 1190 5805 vitiata.
