4042 6210
279 321 377 382 15'.

1432 322 1932 381 COMMENTARIA
1971 324 2040 381 IN
2079 327 2421 386 PSALMOS.

3441 335 3543 393 158

270 442 418 500 ἄθεοι
451 439 605 504 ὄντες
647 443 740 495 καὶ
769 440 1174 513 εἰδωλολάτραι,
1214 441 1313 492 οὐκ
1354 441 1450 492 ἐπὶ
1487 441 1614 511 μίαν
1643 440 1838 506 ἐξώκειη

1965 444 2345 515 idolorumque
2382 445 2623 500 cultores
2661 453 2877 510 essent,
2923 462 3031 501 non
3073 447 3126 502 in
3161 463 3328 503 unum
3376 465 3547 521 impe-

265 535 366 589 λαν
394 536 629 606 πλάνην.
662 534 873 604 Πλῆθος
894 536 1000 604 γὰρ
1029 529 1098 604 ἦν
1122 532 1298 585 αὐτῶν
1323 533 1420 603 τῆς
1444 533 1733 597 πολυθεῖας
1762 533 1857 586 καὶ

257 627 720 698 εἰδωλολατρείας
753 628 846 680 καὶ
879 625 1181 688 ἀσθενείας.
1212 623 1349 676 Ἀλλ’
1374 623 1559 695 ἐπειδὴ
1591 623 1649 690 ἐξ
1677 624 1856 676 αὐτῶν

262 719 484 772 ἐκείνων
520 715 920 788 μεταϐαλόντες
948 714 1036 767 διὰ
1067 715 1164 785 τῆς
1199 715 1468 786 σωτηρίου
1509 713 1728 786 χάριτος
1763 731 1856 782 γε-

267 810 486 878 γόνασιν
533 809 685 877 ’ἅγιοι
727 807 819 860 τοῦ
866 806 1022 870 Θεοῦ,
1075 805 1161 870 διὰ
1202 807 1361 859 τοῦτο
1401 806 1668 866 λέλεκται·
1724 806 1855 873 Τοῖς

269 900 460 970 ἁγίοις
494 900 621 964 τοῖς
651 899 718 950 ἐν
756 897 827 965 τῇ
863 897 939 967 τῇ
977 899 1162 952 αὑτοῦ
1195 899 1625 967 ἐθαυμάστωσε
1657 897 1854 952 πάντα

275 991 348 1045 τὰ
375 989 669 1061 θελήματά
694 1007 813 1058 μου
845 990 916 1042 ἐν
946 989 1169 1057 αὐτοῖς·
1204 989 1296 1044 καὶ
1321 991 1442 1043 ἐπεὶ
1476 993 1743 1061 συνῆπται
1767 991 1846 1042 τό·

290 1084 721 1156 Ἐπληθύνθησαν
747 1083 939 1138 εἴδωλα
969 1083 1148 1139 αὐτῶν
1174 1083 1272 1155 (l),
1309 1085 1342 1154 ἢ
1372 1083 1442 1137 τά
1472 1083 1851 1154 διαπονήματα

279 1177 473 1243 αὐτῶν,
501 1175 822 1247 ἢάσθένειαι
853 1175 1053 1229 αὐτῶν.
1082 1175 1266 1228 Ταῦτα
1297 1176 1406 1246 γὰρ
1430 1176 1606 1228 πάντα
1639 1174 1848 1245 προσῆν

275 1273 385 1333 τοῖς
413 1269 630 1341 ὕστερον
658 1269 832 1338 ἁγίοις
864 1267 970 1340 πρὸ
992 1271 1093 1338 τῆς
1125 1269 1232 1322 άπὸ
1254 1268 1360 1330 τῷν
1385 1268 1642 1338 χειρόνων
1669 1269 1761 1320 ἐπὶ
1781 1266 1849 1320 τὰ

279 1363 502 1436 κρείττω
543 1361 866 1434 μεταϐολῆς.
925 1361 1084 1415 Ἀλλὰ
1117 1361 1266 1431 μετὰ
1305 1361 1490 1422 ταῦτα
1521 1359 1844 1430 ἐτάχυναν,

273 1455 369 1507 οὐκ
393 1453 784 1533 ἀμελήσαντες,
819 1453 938 1506 οὺδέ
967 1453 1344 1525 βραδύναντες,
1377 1451 1511 1506 ἀλλὰ
1539 1452 1626 1506 διὰ
1649 1451 1846 1522 τάχους

268 1547 364 1618 τὴν
414 1547 702 1617 μετάνοιαν
751 1545 1114 1616 ἐνδειξάμενοι
1169 1544 1308 1616 μετὰ
1357 1544 1456 1615 τὴν
1513 1546 1592 1607 είς
1649 1544 1845 1608 αὐτοὺς

265 1639 562 1712 γενομένην
606 1639 787 1710 χάριν,
826 1639 892 1694 δι’
943 1634 1012 1710 ἦς
1065 1635 1464 1708 ἐθαυμαστώθη
1523 1637 1700 1690 πάντα
1748 1634 1842 1688 τοῦ

264 1735 514 1806 Σωτῆρος
565 1733 842 1804 θελήματα
897 1731 955 1783 ἐν
1011 1731 1216 1792 αὐτοῖς.
1276 1724 1464 1783 Ὅθεν
1495 1728 1842 1802 συγχώρησιν

261 1799 547 1898 προτέρων
579 1799 992 1896 ἁμαρτημάτων
1020 1823 1195 1886 διδοὺς
1217 1823 1399 1884 αὐτοῖς
1425 1839 1609 1892 φησιν·
1647 1799 1838 1890 μὴ
1872 1799 1914 1854 Β

261 1918 582 1989 σὺναγάγω
613 1918 720 1984 τὰς
749 1917 1098 1986 curamue
1141 1913 1339 1969 αὐτῶν
1378 1913 1448 1979 ἐξ
1494 1914 1772 1984 αἱμάτων·
1808 1914 1841 1984 ἢ

261 2009 406 2064 κατὰ
437 2011 530 2064 τὸν
575 2009 822 2064 Ἀκύλαν·
861 2012 940 2063 Οὐ
967 2008 1053 2078 μὴ
1090 2009 1323 2062 σπείσω
1351 2008 1622 2073 σπονδὰς
1645 2005 1844 2060 αὐτῶν

259 2102 330 2166 ἐξ
365 2102 646 2171 αἱμάτων.
679 2101 853 2155 Πάλαι
889 2102 986 2173 μὲν
1011 2099 1140 2172 γάρ,
1176 2100 1332 2169 φησὶ,
1365 2099 1598 2162 σπονδὰς
1625 2099 1842 2151 ἐποίουν

259 2194 318 2261 ἐξ
352 2196 618 2266 αἱμάτων,
659 2195 900 2248 Ἰουδαῖοι
931 2194 1028 2265 μὲν
1061 2192 1201 2246 κατά
1231 2193 1391 2264 νόμον
1411 2191 1490 2264 τῷ
1510 2190 1628 2263 Θεῷ
1653 2191 1842 2255 θυσίας

259 2289 679 2362 προσφέροντες,
735 2288 992 2359 Ἕλληνες
1033 2287 1112 2350 δὲ,
1151 2288 1241 2342 ὅτε
1281 2288 1394 2348 τοῖς
1427 2285 1676 2356 δαίμοσιν
1721 2284 1843 2338 ἐλά-

256 2397 466 2452 τρευον.
510 2379 650 2448 Ἐγὼ
672 2381 728 2433 δέ
759 2377 952 2442 καινὰς
975 2379 1158 2440 αὐτοῖς
1181 2377 1371 2440 θυσίας
1397 2377 1692 2448 παραδοὺς,
1717 2377 1842 2429 οὐκ-

255 2470 334 2524 έτι
359 2471 579 2542 δέξομαι
609 2470 840 2534 σπονδάς
864 2470 1044 2523 αὐτῶν
1079 2469 1137 2536 ἐξ
1172 2469 1453 2540 αἱμάτων·
1491 2467 1612 2521 ούδέ
1637 2467 1842 2530 ταύτας

257 2564 462 2617 σπείσω
493 2566 589 2618 ἅτε
616 2566 906 2635 ἀρχιερεὺς
944 2564 1008 2616 ἐκ
1047 2562 1158 2615 τῶν
1199 2561 1398 2633 χειρῶν
1430 2559 1609 2614 αὐτῶν
1641 2559 1838 2615 ἀποδε-

259 2654 484 2727 ξάμενος
512 2658 606 2711 καὶ
637 2657 898 2710 σπένδων·
933 2655 1096 2710 καινὰ
1135 2654 1192 2707 δέ
1240 2654 1515 2728 μυστήρια
1563 2653 1839 2724 παραδοὺς

257 2749 439 2812 αὐτοῖς
461 2751 553 2804 καὶ
577 2749 765 2812 καινάς
789 2748 980 2812 θυσίας
1005 2747 1104 2811 τὰς
1129 2747 1392 2818 άναίμους
1418 2747 1512 2800 καὶ
1533 2745 1835 2808 άκάπνους,

257 2840 351 2914 καὶ
394 2841 635 2911 λογικὰς,
680 2841 904 2906 ταύταις
946 2841 1181 2914 χρῆσθαι
1228 2839 1422 2904 διδάξω
1469 2837 1684 2902 αὐτούς·
1720 2837 1836 2892 ἀλλ’

252 2913 371 3002 ούδέ
401 2932 761 3004 μνημονεύσω
793 2932 880 2986 διὰ
911 2933 1020 2985 τῶν
1055 2931 1278 3002 χειλέων
1321 2949 1421 3003 μου
1453 2930 1561 2984 τῶν
1588 2929 1836 2984 παλαιῶν

250 3018 427 3094 αὐτῶν
466 3022 764 3093 ὀνομάτων.
802 3023 974 3076 Πάλαι
1022 3023 1118 3092 μὲν
1157 3021 1266 3095 γὰρ
1295 3021 1531 3090 ἐπαξίως
1557 3022 1666 3075 τῶν
1695 3021 1835 3092 πρά-

255 3109 389 3187 ξεων
412 3112 684 3183 ἐπήγοντο
717 3113 1084 3184 προσηγορίας
1115 3115 1164 3165 οί
1193 3114 1300 3166 ἀπὸ
1320 3114 1429 3166 τῶν
1450 3113 1640 3175 ἐθνῶν,
1670 3114 1832 3186 βέϐη-

250 3203 333 3258 λοι
357 3205 456 3258 καὶ
477 3204 801 3279 ἀκάθαρτοι,
830 3206 925 3259 καλ⁸
949 3203 1353 3281 εἰδωλολάτραι,
1384 3206 1635 3281 πολύθεοί
1661 3224 1719 3260 τε
1745 3209 1838 3261 καὶ

251 3295 402 3350 ἄθεοι
433 3297 847 3375 ὀνομαζόμενοι·
878 3298 975 3352 νῦν
1006 3298 1064 3352 δὲ
1095 3296 1321 3373 ἐκείνων
1351 3297 1451 3369 μὲν
1476 3298 1658 3352 ούκέτι
1702 3317 1838 3372 μνη-

254 3391 523 3464 σθήσομαι
546 3392 654 3464 τῶν
679 3393 980 3464 ὀνομάτων,
1005 3391 1169 3462 ἕτερα
1189 3391 1248 3444 δὲ
1269 3392 1452 3456 αὐτοῖς
1473 3391 1591 3471 άντ’
1614 3393 1838 3447 ἐκείνων

257 3485 586 3556 δωρήσομαι·
605 3485 846 3548 εὐσεϐεῖς
867 3486 1066 3550 αὐτοὺς
1089 3485 1183 3539 καὶ
1198 3485 1487 3550 θεοσεϐεῖς,
1513 3486 1607 3560 καὶ
1622 3486 1835 3561 άγίους,

251 3578 483 3651 κλητούς
521 3597 580 3633 τε
613 3579 706 3633 καὶ
747 3579 1072 3650 ἐκλεκτοὺς,
1113 3581 1208 3645 καὶ
1236 3580 1596 3658 Χριστιανούς
1635 3578 1837 3654 ὀνομά-

249 3672 381 3736 ζων.

311 3765 536 3834 Κύριος
559 3764 728 3835 μερίς
750 3765 856 3836 τῆς
878 3766 1283 3841 κληρονομίας
1301 3782 1422 3835 μου
1447 3765 1545 3819 καί
1578 3765 1687 3838 τοῦ
1725 3783 1834 3831 ποτ

244 3857 456 3927 τηρίου
475 3875 616 3927 μου,
669 3856 750 3911 σὺ
786 3855 845 3912 εἷ
874 3861 906 3912 o'
945 3856 1366 3924 ἀποκαθιστῶν
1398 3855 1512 3926 τὴν
1549 3861 1835 3926 κληρονο-

238 3949 380 4019 μίαν
403 3966 527 4018 μου
560 3949 711 4019 ἐμοί.
760 3949 1192 4021 Ἀναμνησθῆναι
1226 3949 1492 4021 προσήκει
1523 3949 1630 4003 τῶν
1671 3951 1728 4002 ἐν
1752 3949 1833 4020 τῷ

237 4042 486 4113 δευτέρῳ
506 4040 810 4114 εἰρημένων
830 4039 1047 4111 ψαλμῷ.
1074 4041 1183 4094 Καὶ
1201 4042 1311 4114 γὰρ
1335 4043 1452 4094 ἐκεῖ
1478 4041 1833 4113 ἀνθρωπίνως

242 4136 408 4191 πάλιν
457 4136 592 4206 πρὸς
635 4133 796 4189 αὐτὸν
843 4133 1027 4202 ἔλεγεν
1073 4136 1102 4187 ὁ
1147 4133 1356 4204 Πατήρ·
1405 4133 1661 4202 Αἷτησαι
1693 4133 1830 4202 παρ’

240 4229 412 4298 ἐμοῦ,
449 4227 550 4280 καὶ
581 4225 754 4280 δώσω
785 4241 884 4280 σοι
916 4227 1060 4294 ἔθνη
1096 4223 1211 4294 τὴν
1244 4226 1655 4296 κληρονομίαν
1690 4240 1828 4294 σου,

241 4322 338 4376 καὶ
362 4320 478 4390 τὴν
502 4318 878 4388 κατάσχεσίν
904 4334 1021 4373 σου
1056 4317 1129 4372 τὰ
1165 4317 1388 4386 πέρατα
1418 4317 1530 4387 τῆς
1560 4318 1692 4389 γῆς.
1721 4319 1833 4374 Καὶ

242 4415 299 4468 tv
322 4417 434 4477 τοῖς
461 4416 626 4484 ἱεροῖς
648 4412 1000 4482 Εὑαγγελίοις
1029 4411 1190 4476 αὐτὸς
1218 4413 1353 4483 πρὸς
1381 4413 1473 4466 τὸν
1505 4410 1700 4466 ἑαυτοῦ
1726 4411 1828 4484 ἔφη

1959 545 2154 607 gerant
2208 539 2416 594 erroris
2457 553 2650 608 genus.
2696 537 2878 593 Inerat
2907 541 3111 611 quippe
3152 542 3288 613 ipsis
3313 543 3543 599 deorum

1956 626 2152 694 turba,
2206 627 2600 698 multiplexque
2651 628 3071 685 simulacrorum
3111 641 3166 686 et
3207 631 3544 692 inﬁrmitatis

1957 721 2190 791 species.
2228 721 2299 774 At
2331 721 2458 791 quia
2489 723 2716 776 salutari
2747 723 3143 780 interveniente
3182 727 3357 796 gratia
3400 729 3539 784 resi-

1954 811 2252 882 pisceutes,
2291 813 2469 868 sancti
2498 811 2592 867 Dei
2627 813 2806 869 etlecti
2838 826 2987 880 sunt,
3017 816 3138 871 ideo
3170 807 3377 872 dictum
3421 828 3536 874 est:

1955 903 2167 960 Sanctis
2208 906 2460 974 qui'sunt
2512 907 2566 959 in
2612 915 2756 960 terra
2807 907 2958 976 ejus,
3004 909 3311 978 miriﬁcavit
3363 927 3540 966 omnes

1953 995 2249 1048 voluntates
2298 1013 2440 1050 meas
2487 997 2540 1050 in
2595 998 2710 1061 eis;
2774 1013 2840 1051 ac.
2889 997 3088 1054 deinde
3138 1001 3388 1056 additum
3429 1011 3539 1072 est,

1956 1088 2322 1159 Multiplicata
2355 1097 2485 1144 sunt
2521 1089 2666 1144 idola
2704 1104 2917 1154 eorum,
2952 1092 3066 1147 sive
3103 1093 3320 1149 labores
3349 1110 3414 1149 ac
3453 1097 3542 1152 in-

1954 1179 2246 1234 ﬁrmitates
2286 1180 2556 1250 ipsorum.
2597 1180 2793 1237 lstbaec
2823 1182 2968 1237 enim
3010 1185 3217 1248 omnia,
3246 1194 3539 1257 antequam

1951 1284 1980 1322 a
2029 1270 2284 1339 pessimis
2337 1270 2447 1324 illis
2497 1272 2746 1327 moribus
2794 1272 2862 1326 ad
2907 1273 3166 1330 meliores
3212 1279 3541 1334 commutati

1949 1371 2159 1428 essent,
2209 1364 2278 1417 iis
2326 1365 2417 1433 qui
2466 1364 2817 1434 postmodum
2864 1367 3043 1420 sancti
3090 1379 3404 1434 evaserunt,
3440 1372 3538 1428 ad-

1947 1460 2126 1508 erant.
2175 1452 2378 1508 Verum
2422 1465 2606 1524 postea
2649 1455 3105 1523 acceleraverunt,
3140 1474 3318 1528 neque
3361 1462 3538 1532 negli-

1947 1545 2132 1614 gentia
2185 1546 2269 1600 vel
2323 1546 2678 1601 cunctatione
2727 1547 2847 1610 usi,
2896 1563 2993 1618 per
3045 1549 3252 1604 illatam
3303 1553 3534 1621 gratiam

1947 1637 2132 1690 statim
2175 1637 2515 1707 poenitentia:
2565 1654 2730 1706 opera
2785 1639 3113 1695 ediderunt:
3145 1657 3210 1696 ac
3247 1659 3344 1713 per
3386 1660 3537 1698 eam-

1944 1729 2068 1783 dem
2099 1729 2330 1799 gratiam
2353 1729 2634 1785 mirabiles
2659 1732 2818 1786 lactaa
2849 1741 2978 1786 sunt
3007 1733 3310 1789 Salvatoris
3341 1736 3536 1792 volun-

1944 1827 2086 1875 tates
2129 1821 2185 1874 in
2222 1821 2378 1890 ipsis.
2415 1820 2783 1887 Quamobrem
2825 1839 3090 1881 concessa
3134 1827 3243 1882 illis
3269 1828 3534 1898 pristino-

1944 1926 2066 1966 rum
2094 1907 2364 1968 scelerum
2399 1915 2580 1979 venia,
2611 1917 2687 1970 ait
2716 1933 2730 1969 :
2766 1916 2891 1972 Non
2915 1918 3239 1989 congregabo
3264 1922 3532 1976 conventi-

1944 2005 2067 2058 cula
2111 2020 2294 2058 eorum
2338 2005 2402 2059 de
2446 2008 2830 2078 sanguinibus;
2883 2021 2977 2065 aut
3018 2012 3180 2082 juxta
3231 2014 3525 2084 Aquilam:

1947 2091 2072 2146 Non
2098 2092 2272 2148 libabo
2298 2093 2558 2149 libamina
2582 2113 2764 2150 eorum
2794 2098 2858 2152 de
2885 2101 3258 2170 sanguinibus.
3284 2102 3340 2157 In
3374 2119 3531 2160 more

1944 2183 2048 2238 fuit
2086 2185 2252 2249 olim,
2326 2188 2539 2258 inquit,
2593 2189 2855 2245 libamina
2899 2208 2965 2246 ex
2996 2194 3267 2263 sanguine
3307 2193 3526 2262 facere;

1943 2294 2068 2334 nam
2096 2295 2221 2334 cum
2247 2277 2421 2335 Judaei
2466 2281 2678 2338 hostias
2708 2281 2820 2338 Deo
2861 2285 3166 2340 secundum
3210 2289 3384 2358 legem
3426 2291 3531 2345 im-

1942 2371 2258 2437 molabant;
2297 2382 2410 2429 tum
2443 2372 2618 2428 Graeci
2659 2373 2803 2430 idem
2846 2379 3199 2445 praestabant,
3239 2395 3367 2435 cum
3417 2380 3530 2435 dae-

1943 2480 2138 2530 monas
2191 2467 2456 2521 colerent.
2502 2468 2571 2522 At
2618 2483 2722 2540 ego
2766 2480 3056 2541 postquam
3103 2488 3309 2528 novum
3369 2475 3529 2530 attuli

1945 2555 2342 2611 sacriﬁciorum
2375 2574 2574 2627 genus,
2607 2575 2716 2614 non
2756 2562 2898 2615 ultra
2931 2561 3217 2617 admittam
3248 2564 3527 2619 sacriﬁcia

1941 2661 2069 2702 cum
2111 2648 2379 2719 sanguine
2405 2649 2620 2716 oblata;
2667 2666 2864 2720 neque,
2911 2660 3098 2722 utpote
3135 2669 3388 2711 summus
3422 2655 3529 2710 Sa-

1941 2740 2171 2803 cerdos,
2220 2740 2409 2796 eadem
2454 2757 2522 2803 ex
2566 2757 2756 2801 eorum
2815 2744 3072 2800 manibus
3117 2747 3386 2817 accipiam
3454 2749 3524 2805 ad
3600 2745 3612 2755 ’

1940 2831 2253 2908 libandum,
2291 2833 2386 2888 sed
2416 2835 2575 2889 novis
2614 2833 2832 2890 traditis
2862 2837 3161 2906 mysteriis,
3197 2838 3358 2893 novis
3389 2837 3524 2894 item

1940 2924 2230 2980 sacriﬁciis
2281 2925 2621 2990 incruentis,
2662 2925 2815 2982 fumo
2862 2942 2926 2982 ac
2974 2927 3167 2984 nidore
3210 2931 3528 2988 carentibus

1939 3025 1993 3073 et
2022 3019 2404 3074 rationalibus.
2443 3017 2548 3074 Sed
2583 3021 2650 3075 iis
2676 3028 2906 3074 utantur
2936 3023 3315 3089 commonebo,
3347 3040 3527 3095 neque

1942 3125 2037 3179 per
2072 3109 2213 3164 labia
2262 3127 2379 3187 mea
2405 3119 2590 3166 vetera
2645 3113 2862 3167 illorqu
2911 3114 3136 3168 nomina
3182 3117 3524 3174 memorabo.

1941 3201 2085 3257 Olim
2127 3203 2398 3291 siquidem
2439 3204 2602 3282 digna
2654 3207 2825 3291 gestis
2872 3205 2990 3260 suis
3034 3208 3256 3262 nomina
3290 3209 3526 3280 gentiles

1941 3292 2230 3368 ferebant;
2301 3301 2466 3363 atque
2559 3295 2806 3372 profani,
2877 3297 3125 3368 impuri,
3196 3299 3524 3371 idololatria,

1939 3386 2167 3442 deorqu
2193 3386 2493 3460 multorum
2518 3387 2763 3443 cultores
2788 3396 2842 3443 et
2871 3381 3021 3444 athei
3047 3389 3368 3447 audiebant.
3401 3391 3525 3448 Iam

1940 3494 2072 3534 vero
2115 3478 2430 3550 hujusmodi
2483 3478 2768 3534 nominum
2807 3495 3092 3554 nunquam
3145 3485 3521 3555 recordabor;

1939 3570 2174 3639 aliisque
2237 3569 2555 3625 substitutis
2614 3565 3148 3642 vocabulis,'pios,
3205 3574 3521 3645 religiosos,

1939 3670 2184 3726 sanctos,
2215 3668 2464 3724 vocatos,
2497 3661 2738 3727 electos,
2766 3661 3120 3720 Christianos
3155 3666 3520 3736 compellabo.

2009 3753 2178 3810 Vens.
2205 3753 2258 3807 5.
2295 3752 2557 3808 Dominus
2584 3769 2710 3823 pars
2744 3752 3075 3830 hwreditatis
3108 3773 3234 3811 mea:
3262 3766 3310 3810 et
3339 3759 3522 3814 colicis

1937 3847 2080 3913 mei,
2131 3857 2187 3900 tu
2234 3864 2289 3902 es
2343 3848 2434 3920 qui
2465 3849 2702 3919 restituis
2745 3848 3108 3920 hwreditatem
3145 3867 3316 3904 meam
3367 3851 3517 3907 mihi.

1935 3941 2037 3997 llic
2065 3945 2329 4001 memoria
2355 3943 2652 4013 repetenda
2683 3950 2815 3999 sunt
2841 3943 3070 4000 secundi
3104 3945 3299 4014 psalmi
3329 3946 3520 4013 verba.

1934 4036 2067 4090 Nam
2092 4037 2203 4091 illic
2233 4037 2472 4092 humano
2505 4038 2634 4094 item
2670 4052 2823 4100 more
2855 4038 2936 4092 sic
2955 4055 3080 4099 eum
3101 4038 3260 4094 Pater
3285 4038 3518 4094 all'atur:

1941 4129 2166 4184 Postula
2195 4147 2228 4183 a
2251 4146 2354 4194 me,
2378 4140 2426 4184 et
2456 4129 2594 4183 dabo
2627 4129 2724 4183 tibi
2749 4141 2926 4201 gentes
2957 4131 3322 4190 Ilwreditatem
3351 4141 3520 4200 tuam,

1933 4234 1982 4302 et
2004 4225 2389 4294 possessionem
2420 4233 2565 4276 tuam
2590 4224 2839 4278 terminos
2863 4233 3019 4286 terra:
3038 4224 3104 4278 ³³.
3136 4224 3314 4296 Atque
3346 4225 3399 4280 in
3429 4240 3523 4280 sa-

1933 4319 2043 4372 cris
2075 4316 2385 4388 Evangeliis
2427 4316 2507 4371 sic
2553 4315 2644 4370 ille
2669 4315 2888 4371 Patrem
2932 4315 3001 4371 de
3038 4317 3213 4372 sacris
3237 4302 3520 4386 'apostolis

1935 4411 2234 4481 alloquitur
2260 4431 2273 4466 :
2304 4411 2489 4476 Pater,
2548 4429 2678 4482 quos
2716 4411 2912 4465 dedisti
2949 4412 3077 4465 mihi
3131 4412 3208 4480 tui
3244 4419 3420 4475 erant,
3467 4421 3519 4465 et

243 4503 467 4575 Πατέρα
514 4506 643 4576 περὶ
695 4505 804 4558 τῶν
867 4503 1027 4577 ἱερῶν
1075 4504 1406 4557 ἀποστόλων·
1462 4503 1674 4573 Πάτερ,
1725 4504 1832 4571 οὓς

1941 4503 2066 4556 mihi
2097 4520 2185 4557 eos
2231 4503 2426 4572 dedisti
2457 4521 2474 4557 :
2505 4515 2553 4557 et
2604 4520 2753 4557 nemo
2804 4519 2869 4557 ea:
2910 4504 2975 4561 iis
3003 4505 3190 4572 periit,
3239 4505 3344 4557 nisi
3371 4502 3518 4574 ﬁlius

235 4601 283 4655 ἐς
311 4597 473 4664 tude
487 4616 587 4667 μοι
608 4599 703 4654 σοί
728 4596 910 4668 ἦσαν,
934 4598 1035 4652 καὶ
1051 4599 1181 4668 ἐμοὶ
1212 4597 1434 4664 αὐτοὺς
1451 4597 1709 4664 δέδωκας
1733 4599 1830 4652 καὶ

234 4689 447 4756 οὐδεὶς
487 4690 555 4753 ἐξ
587 4689 784 4750 αὐτῶν
812 4689 1083 4745 ἀπώλετο
1115 4693 1166 4744 εί
1189 4689 1274 4760 μὴ
1308 4691 1340 4743 ὀ
1372 4688 1501 4754 υίὸς
1546 4689 1656 4756 τῆς
1719 4690 1831 4742 ἀπ-

233 4781 478 4847 ωλείας.
508 4779 645 4832 Ἀλλ’
673 4780 858 4853 ὥσπερ
881 4781 1114 4835 ἐνταῦθα
1143 4779 1498 4852 ἀνθρωπίνως
1526 4779 1830 4848 διαλέγεται

233 4871 426 4927 λαϐεῖν
448 4871 801 4944 παρακαλῶν,
834 4873 1007 4938 οὕτως
1029 4873 1256 4945 ἑτέρωθι
1283 4873 1551 4933 δείκνυσι,
1573 4871 1650 4934 ὡς
1671 4871 1831 4936 αὑτός

232 4970 358 5022 ἐστι
381 4967 488 5020 τῶν
514 4966 766 5019 ἁπάντων
786 4966 1068 5038 δεσπότης·
1105 4966 1181 5021 Τὰ
1206 4968 1470 5034 πρόϐατα
1491 4966 1599 5036 γὰρ
1622 4964 1696 5019 τὰ

228 5059 349 5128 τῆς
375 5057 580 5128 φωνῆς
609 5076 729 5128 μου
767 5060 988 5113 ἀκούει·
1026 5058 1189 5129 κάγὼ
1220 5058 1491 5129 γινώσκω
1521 5057 1693 5122 αὐτὰ,
1728 5057 1826 5111 καὶ

226 5149 650 5207 ἀκολουθοῦσί
682 5167 802 5221 μοι·
836 5150 996 5220 κάγὼ
1026 5150 1178 5219 ζωὴν
1209 5152 1447 5206 αἰώνιον
1483 5150 1691 5220 δίδωμι
1719 5152 1825 5204 αὑ-

227 5245 382 5310 τοῖς·
411 5245 504 5297 καὶ
528 5244 709 5298 πάλιν·
746 5243 856 5296 Καὶ
888 5244 1046 5300 ἄλλα
1088 5243 1156 5296 δὲ
1187 5246 1449 5312 πρόϐατα
1479 5244 1617 5313 ἔχω,
1649 5241 1688 5296 ἁ
1711 5244 1822 5296 οὐκ

226 5331 413 5387 ἔστιν
439 5331 509 5384 ἐκ
543 5330 654 5400 τῆς
680 5330 878 5398 αὐλῆς
903 5332 1141 5400 ταύτης·
1182 5333 1426 5387 κάκεῖνά
1454 5351 1530 5402 με
1561 5332 1656 5386 δεῖ
1675 5333 1821 5402 ἀγα-

226 5424 385 5492 γεῖν,
410 5422 507 5476 καὶ
532 5421 642 5490 τῆς
668 5423 873 5492 φωνῆς
879 5441 999 5492 μου
1021 5423 1376 5488 άκούσουσι,
1393 5423 1491 5476 καί
1510 5423 1826 5494 γενήσεται

221 5515 340 5585 μία
389 5516 636 5584 ποίμνη,
677 5511 766 5581 εἷς
807 5515 1052 5584 ποιμήν.
1098 5516 1186 5569 Ἐν
1233 5515 1310 5585 τῷ
1359 5515 1588 5585 παρόντι
1639 5517 1822 5588 μέντοι

1934 4595 2245 4665 perditionis
2271 4597 2338 4648 *°.
2388 4595 2491 4649 Sed
2524 4595 2977 4666 quemadmodum
3023 4595 3112 4651 hic
3157 4595 3402 4652 humano
3438 4595 3522 4650 lo-

1933 4688 2125 4757 quitur
2168 4686 2353 4753 modo,
2405 4701 2605 4758 rogans
2660 4696 2719 4740 ut
2771 4687 3040 4765 accipiat;
3089 4689 3169 4747 sic
3221 4686 3348 4742 alibi
3395 4701 3520 4742 sese

1932 4780 2178 4834 omnium
2230 4779 2511 4844 dominum
2562 4779 2782 4836 exhibet
2808 4799 2821 4834 :
2850 4780 3007 4848 Nam,
3039 4797 3156 4835 oves
3187 4797 3315 4835 mece
3343 4795 3516 4836 vocem

1931 4889 2103 4925 meam
2137 4871 2360 4929 audiunt
2402 4891 2420 4928 :
2463 4882 2512 4927 et
2555 4889 2648 4941 ego
2683 4889 2936 4942 cognosco
2979 4890 3092 4940 eas,
3138 4885 3186 4930 et
3228 4887 3518 4946 sequuntur

1932 4984 2046 5032 me,
2084 4977 2133 5022 et
2178 4969 2340 5022 vitam
2389 4978 2642 5024 a’ternam
2691 4968 2759 5022 do
2803 4969 2879 5022 eis
2902 4967 2977 5036 “;
3025 4984 3089 5024 ac
3146 4985 3410 5027 rursum:
3445 4971 3515 5026 Et

1933 5059 2074 5112 alias
2105 5075 2220 5112 oves
2255 5057 2418 5112 habeo
2451 5075 2567 5128 quce
2601 5075 2705 5112 non
2749 5067 2871 5113 sunt
2900 5076 2965 5114 ea:
2995 5060 3091 5114 hoc
3123 5061 3283 5124 ovili:
3305 5072 3355 5117 et
3389 5062 3513 5118 illas

1932 5161 2136 5220 oportet
2169 5167 2248 5204 me
2280 5150 2560 5219 adducere,
2587 5161 2636 5206 et
2671 5169 2844 5206 vocem
2874 5170 3044 5208 meam
3078 5154 3316 5222 audient,
3351 5164 3402 5208 et
3423 5155 3512 5222 ﬁet

1931 5259 2092 5298 unum
2129 5244 2302 5307 ovile,
2346 5253 2395 5298 et
2424 5261 2559 5298 unus
2592 5255 2778 5315 pastor
2802 5245 2868 5302 “.
2915 5247 2973 5302 ln
3024 5249 3280 5318 praesenti
3329 5249 3511 5316 itaque

1927 5336 2140 5407 psalmo
2175 5336 2412 5391 humane
2455 5338 2536 5393 sic
2580 5339 2822 5410 loquitur
2853 5358 2865 5394 :
2900 5339 3156 5405 Dominus
3185 5357 3311 5409 pars
3343 5327 3509 5391 lucre-

1929 5427 2118 5482 ditatis
2175 5444 2302 5481 mea:
2358 5439 2406 5482 et
2467 5430 2650 5485 calicis
2716 5431 2855 5494 mei;
2897 5430 3269 5500 hwreditatem
3305 5442 3512 5484 vocans

1927 5533 2156 5588 regnum
2213 5518 2266 5572 in
2307 5527 2534 5590 gentes;
2579 5521 2806 5578 calicem
2832 5537 2984 5587 vero,
3011 5534 3174 5592 quam
3209 5533 3308 5588 pro
3347 5516 3510 5575 nobis

307 5611 357 5643 ³⁹
393 5609 542 5666 Psal.
582 5628 617 5666 ιι
641 5652 656 5674 ,
694 5612 748 5666 8.
825 5610 872 5641 ⁴⁰
907 5609 1064 5664 Joan.
1097 5626 1228 5674 xvu,
1257 5609 1406 5674 6,12.
1483 5609 1527 5640 “
1550 5607 1708 5664 Joan.
1743 5613 1838 5674 κθ

1941 5616 1984 5671 Β,
2007 5609 2051 5640 δ’
2080 5609 2210 5664 ibid.
2245 5611 2334 5666 16.

307 5704 387 5774 (l)
435 5704 673 5760 Εἴδωιὶα
723 5699 942 5774 αὐτῶν.
991 5704 1082 5758 Sic
1132 5689 1312 5756 vertit,
1340 5701 1719 5774 Symmachus,
1753 5710 1814 5756 ut

231 5777 290 5856 in
317 5771 534 5833 duobus
561 5773 844 5833 codicibus
873 5771 1058 5847 Regiis
1097 5774 1340 5830 ellertur.
1369 5771 1568 5844 Aquila
1600 5784 1814 5832 autem;

1920 5701 2398 5840 Ξέδιτὲἔονήματα
2437 5705 2641 5765 αὐτῶν.
2668 5706 2992 5764 Hebraicum
3017 5701 3296 5770 exemplar
3318 5702 3508 5776 habet,

2009 5782 2070 5837 π
2154 5815 2166 5831 ⁸

2009 5782 2166 5837 πεπυ.
