4042 6210
573 300 677 356 159

1273 302 1540 359 EUSEBll
1574 302 2049 360 CJ‘JSARIENSIS
2068 302 2140 361 ΟΞ

2260 304 2437 361 PARS
2468 304 2552 362 ιιι.
2592 337 2662 347 —
2698 306 3107 363 EXEGETICA.

575 433 775 491 passus
803 428 889 475 est
916 429 1169 477 mortem.
1203 420 1293 477 Sic
1332 422 1477 477 enim
1531 423 1587 478 in
1630 424 1807 479 sacris
1832 423 2138 496 Evangeliis

2239 426 2459 498 ψαλμῷ.
2491 426 2843 499 ἀνθρωπίνως
2873 427 3040 495 λέγει’
3080 426 3296 495 Κύριος
3323 424 3492 495 μερίς
3524 422 3633 492 τῆς
3660 426 3835 494 κλη-

577 509 811 566 ell'atur:
850 509 1038 576 Pater,
1070 513 1117 567 si
1142 513 1388 582 possibile
1412 522 1511 577 est,
1542 524 1779 570 transeat
1807 533 1840 571 a
1877 534 1959 572 me
1999 520 2140 574 cali:

2242 521 2526 588 ρονομιας
2549 537 2668 588 μου
2685 521 2783 575 καὶ
2804 520 2911 575 τοῦ
2927 520 3231 589 ποτηρίου·
3256 518 3615 590 κληρονομίαν
3631 516 3831 571 καλῶν

576 600 775 657 iste“:
806 615 873 658 ac
895 603 941 657 si
977 602 1218 673 apertius
1254 604 1459 661 diceret
1485 623 1497 657 :
1529 605 1788 664 Ecclesiae
1828 625 1989 675 mete,
2019 626 2140 681 quae

2243 611 2343 682 τὴν
2370 611 2478 664 τῶν
2510 610 2679 665 ἐθνῶν
2708 611 2981 683 βασιλείαν
3000 629 3013 642 ο
3041 614 3297 683 ποτήριον
3321 611 3379 665 δὲ
3406 610 3465 665 ὃν
3491 610 3630 681 ὑπὲρ
3660 609 3833 681 ἡμῶν

576 705 697 746 mea
741 690 1048 757 haereditas,
1116 709 1241 764 pars
1298 694 1560 752 Dominus
1622 704 1731 764 est;
1804 706 1964 769 atque
2025 701 2143 772 ipse

574 780 766 838 calieis
800 782 926 847 mei,
956 782 1007 840 id
1030 791 1113 837 est
1143 786 1358 846 mortis,
1395 800 1520 854 pars
1546 785 1770 844 eﬂ‘ectus
1789 797 1894 845 est.

2248 704 2503 774 ὑπέμεινε
2538 704 2783 759 θάνατον.
2817 705 2973 761 Οὕτω
3006 706 3114 778 γὰρ
3158 706 3250 759 καὶ
3287 708 3344 759 ὲν
3364 705 3476 769 τοῖς
3505 704 3668 775 ἱεροῖς
3699 702 3836 758 ελε-

2248 812 2345 864 γεν
2373 796 2735 865 Εὐαγγελίοις·
2770 798 2981 867 Πάτερ,
3002 802 3055 853 εί
3075 798 3352 862 δυνατὸν,
3381 796 3721 866 παρελθέτω
3747 796 3833 850 τὸ

572 873 857 942 ποτήριον
893 875 1064 929 τοῦτο
1100 876 1202 929 ἀπ’
1266 877 1434 945 ἐμοῦ·
1469 878 1603 932 ὡσεὶ
1635 880 1960 953 σαφέστερον
1997 883 2170 954 ἔλεγε*
2208 888 2318 941 Καὶ
2347 892 2448 960 τῆς
2485 891 2625 961 ἐμῆς
2669 891 3013 962 Ἐκκλησίας,
3042 893 3163 965 ἥτις
3196 893 3343 946 ἐστὶν
3382 894 3417 963 ἡ
3482 892 3836 964 κληρονομία

578 986 702 1040 μου,
738 968 893 1042 μερίς
916 972 1065 1023 ἐστιν
1092 972 1122 1024 6
1154 970 1377 1042 Κύριος
1410 974 1440 1026 6
1484 973 1646 1037 αὐτὸς
1672 975 1729 1029 δὲ
1756 976 1850 1031 καὶ
1879 976 1972 1031 τοῦ
2023 980 2284 1054 ποτηρίου
2317 1000 2440 1054 μου,
2496 984 2739 1038 τουτέστι
2775 984 2870 1037 τοῦ
2900 984 3152 1051 θανάτου,
3182 987 3339 1058 μερὶς
3393 984 3764 1056 γεγενημένος
3796 987 3834 1038 6

575 1061 756 1125 αὐτός.

647 1153 725 1207 Τιι
757 1171 811 1209 es
839 1156 930 1225 qui
958 1155 1196 1225 restituis
1222 1153 1581 1214 liarreditatem
1608 1174 1776 1213 meam
1803 1160 1951 1214 mihi.
1982 1160 2101 1216 Alia
2120 1200 2139 1227 ,

572 1245 794 1315 inquit,
838 1246 972 1300 mihi
1022 1246 1153 1301 olim
1196 1245 1299 1300 fuit
1336 1246 1662 1311 baereditas,
1721 1249 1924 1319 aliique
1959 1250 2139 1307 funes.

572 1333 707 1389 Nam
737 1335 947 1406 quando
978 1336 1243 1391 dividebat
1273 1338 1582 1395 Altissimus
1612 1349 1785 1411 gentes
1804 1380 1819 1401 ,
1860 1356 1984 1408 pars
2035 1342 2145 1395 Do-

574 1430 707 1483 mini
735 1427 879 1483 faeta
904 1437 987 1483 est
1011 1430 1236 1497 populus
1274 1430 1389 1501 ejus
1429 1431 1597 1486 Iacob
1617 1471 1631 1494 ,
1676 1432 1943 1500 funiculus
1977 1434 2144 1489 hwre-

572 1522 764 1577 ditatis
793 1520 906 1589 ejus
934 1520 982 1553 ⁸⁸
1027 1520 1217 1577 Israel.
1260 1521 1331 1575 At
1370 1530 1503 1577 tunc
1545 1537 1710 1592 pars.
1759 1522 2050 1579 bzereditas
2089 1531 2144 1579 et

577 1612 859 1669 funiculus
879 1652 893 1678 ,
921 1620 1040 1669 erat
1080 1615 1228 1684 prior
1255 1615 1345 1669 ille
1370 1615 1625 1684 populus.
1662 1613 1784 1679 Quo
1814 1615 2144 1685 populo'im-

578 1704 797 1774 pietatis
825 1720 990 1760 causa
1019 1703 1230 1776 dejecto
1256 1721 1321 1760 ac
1350 1704 1597 1775 depulso.
1628 1706 1732 1761 alia
1750 1706 1884 1760 mihi
1912 1706 2143 1761 haeredi-

577 1802 698 1858 tas,
744 1795 836 1850 alii
878 1795 1038 1850 funes
1062 1836 1077 1859 ,
1125 1796 1246 1849 alia:
1287 1805 1466 1851 sortes
1498 1797 1744 1865 priorum
1782 1796 1904 1851 loco
1932 1796 2145 1852 traditae

577 1894 709 1944 sunt
745 1888 801 1941 in
829 1886 1125 1955 praeclaris.
1168 1885 1382 1941 Etenim
1412 1886 1526 1942 haec
1557 1887 1797 1943 secunda
1829 1887 2145 1954 baareditas,

576 1978 789 2048 inquit,
819 1977 1073 2047 praeclara
1106 1977 1437 2047 probataque
1463 1978 1594 2034 mihi
1620 1987 1722 2036 est.

650 2068 819 2124 Vens.
852 2070 906 2123 8.
952 2067 1301 2125 Providebam
1332 2070 1615 2125 Dominum
1643 2072 1700 2126 in
1728 2080 2005 2140 conspectu
2034 2088 2145 2126 meo

576 2176 802 2230 semper,
830 2162 1079 2228 quoniam
1110 2179 1142 2216 a
1169 2160 1372 2219 dextris
1403 2171 1481 2217 est
1510 2162 1670 2226 mihi,
1704 2179 1769 2219 ue
1797 2178 2142 2228 commovear.

582 2248 681 2303 Vir
718 2261 941 2307 sanctus
985 2268 1107 2306 cum
1151 2251 1440 2308 Dominum
1484 2254 1538 2309 in
1580 2255 1755 2310 oculis
1788 2256 1903 2310 suis
1933 2271 2147 2325 semper

580 2355 704 2396 esse
726 2355 911 2396 secum
940 2349 1185 2412 reputet,
1217 2358 1559 2413 nequaquam
1586 2344 1809 2398 ﬂuctuat
1834 2362 1847 2411 ;
1879 2344 1985 2399 imo
2016 2358 2144 2402 vero

578 2432 845 2489 Dominus
887 2451 918 2489 a
963 2434 1172 2490 dextris
1212 2435 1348 2506 justi
1396 2435 1498 2491 viri
1549 2437 1737 2492 firmus
1778 2436 2054 2497 consistit.
2101 2435 2144 2490 E

576 2540 847 2583 converso
876 2536 1059 2583 autem
1084 2529 1153 2585 de
1180 2526 1320 2585 Juda
1362 2530 1602 2586 dicitur:
1648 2529 1717 2584 Et
1759 2529 2004 2593 diabolus
2043 2538 2144 2585 stet

574 2638 610 2675 α
636 2620 837 2677 dextris
866 2622 981 2692 ejus
1013 2622 1080 2678 “.

1017 2734 1275 2792 ORATIO
1310 2735 1521 2791 DAVID
1557 2734 1700 2791 XVI.

645 2865 818 2929 Vnus.
861 2872 912 2925 1.
959 2870 1209 2935 Exaudi,
1242 2869 1497 2929 Domine.
1523 2870 1797 2939 justitiam
1825 2886 2025 2934 meam,
2060 2872 2146 2925 in-

572 2962 723 3019 tende
754 2962 1176 3031 deprecationem
1208 2978 1403 3017 meam.
1439 2961 1674 3015 Auribus
1707 2963 1909 3033 percipe
1942 2963 2143 3019 oratio-

574 3072 692 3110 nem
718 3071 891 3109 meam
911 3097 926 3119 ,
955 3070 1057 3108 non
1082 3055 1136 3109 in
1169 3054 1325 3109 labiis
1352 3054 1572 3109 dolosis.
1604 3051 1860 3111 Oratione
1887 3070 1985 3111 sua
2011 3071 2142 3126 sup-

2320 1163 2404 1217 Σὺ
2443 1158 2505 1216 εἷ
2540 1166 2574 1217 ό
2618 1161 3038 1217 ἀποκαθιστῶ
3084 1163 3199 1229 τὴν
3247 1165 3652 1231 κληρονομίαν
3692 1182 3833 1235 μου

2248 1254 2396 1323 ἐμοί.
2427 1255 2599 1308 Πάλαι
2635 1255 2733 1325 μὲν
2764 1254 2894 1326 γὰρ,
2926 1257 3108 1326 φησὶν,
3138 1254 3272 1326 ἄλλη
3292 1272 3377 1318 τις
3391 1250 3459 1326 ἦν
3481 1256 3831 1329 κληρονομία

2254 1365 2375 1418 μου,
2407 1349 2500 1401 καὶ
2522 1347 2655 1401 ἄλλα
2681 1346 3034 1418 σχοινίσματά
3057 1364 3178 1418 μου.
3209 1350 3337 1401 Ὅτε
3362 1346 3472 1420 γὰρ
3496 1347 3829 1418 διεμέριζεν

2249 1444 2283 1495 ό
2303 1441 2325 1457 "
2336 1442 2592 1508 Υψιστος
2609 1440 2777 1507 ἔθνη,
2795 1436 3025 1512 ἐγενήθη
3043 1441 3213 1509 μερὶς
3227 1441 3447 1508 Κυρίου
3461 1441 3605 1507 λαὸς
3624 1442 3828 1498 αὐτοῦ

2261 1528 2484 1590 Ἰακὼϐ,
2516 1530 2845 1599 σχοίνισμα
2887 1531 3290 1601 κληρονομίας
3330 1531 3516 1586 αὐτοῦ
3573 1533 3825 1604 Ἰσραήλ.

2260 1621 2418 1675 Ἀλλὰ
2441 1621 2562 1674 τότε
2590 1620 2688 1691 μὲν
2717 1622 2872 1692 μερὶς
2894 1620 2986 1674 καὶ
3008 1619 3360 1692 κληρονομία,
3378 1622 3471 1675 καὶ
3488 1622 3829 1695 σχοινισμαό

2246 1710 2507 1782 πρότερος
2529 1705 2596 1781 ἦν
2621 1709 2767 1772 λαός*
2795 1704 2854 1763 οὗ
2875 1708 3220 1771 διαπεσόντος
3235 1709 3330 1761 καὶ
3349 1708 3647 1781 ἀποϐλλήτου
3662 1727 3826 1778 γενον

2249 1806 2410 1877 μένου
2433 1804 2522 1859 διὰ
2547 1802 2646 1867 τὰς
2671 1802 2920 1867 ἀσεϐείας
2942 1802 3141 1866 αὐτῶν,
3171 1802 3339 1873 ἑτέρα
3369 1801 3525 1874 μερὶς
3555 1802 3649 1857 καὶ
3680 1802 3828 1860 ἄλλα

2250 1896 2478 1967 σχοινία,
2495 1896 2589 1949 καὶ
2608 1896 2783 1967 ἕτεροι
2808 1895 2998 1966 κλῆροι
3020 1894 3140 1951 ἀντὶ
3159 1893 3264 1948 τῶν
3292 1894 3573 1965 προτέρων
3594 1895 3825 1953 ἐκείνων

2247 1987 2508 2057 ἐδόθησαν
2541 2004 2630 2059 μοι
2653 1988 2722 2041 ἐν
2742 1986 2866 2054 τοῖς
2889 1989 3246 2055 κρατίστοις.
3283 1989 3430 2060 Αὕτη
3466 1990 3595 2059 γὰρ,
3628 1990 3825 2061 φησὶν,

2248 2082 2281 2152 ὴ
2306 2079 2532 2152 δευτέρα
2557 2081 2821 2153 κρατίστη
2854 2081 2949 2136 καὶ
2973 2080 3283 2151 ἀρέσκουσά
3314 2080 3404 2151 μοί
3432 2081 3597 2135 ἐστιν.

2313 2172 2681 2243 Προωρώμην
2712 2174 2821 2228 τὸν
2847 2175 3068 2242 Κύριον
3097 2172 3351 2228 ἐνώπιόν
3372 2190 3493 2244 μου
3530 2172 3633 2227 διὰ
3661 2187 3823 2235 star-

2246 2268 2366 2329 τός·
2407 2266 2495 2319 ὅτι
2529 2266 2598 2320 ἐκ
2634 2264 2848 2330 δεξιῶν
2873 2283 2991 2335 μου
3023 2267 3216 2333 ἐστὶν,
3255 2268 3356 2321 ἵνα
3384 2266 3471 2335 μὴ
3515 2266 3821 2322 σαλευθῶ.

2256 2357 2315 2411 '0
2353 2357 2527 2425 ἅγιος,
2568 2358 2654 2410 ἀεὶ
2696 2356 3038 2427 λογιζόμενος
3069 2358 3128 2411 ἐν
3153 2357 3447 2428 ὀφθαλμοῖς
3468 2358 3633 2412 αὑτοῦ
3675 2353 3820 2413 εἶναι

2242 2447 2335 2502 τὸν
2378 2448 2602 2520 Κύριον,
2646 2450 2708 2503 οὗ
2760 2450 3063 2504 σαλεύεταιο
3108 2449 3241 2504 ἀλλὰ
3280 2449 3490 2521 βέϐαιος
3522 2450 3751 2521 ἕστηκεν
3788 2450 3821 2503 6

2244 2542 2449 2612 Κύριος
2480 2543 2544 2595 ὲκ
2562 2542 2750 2608 δεξιῶν
2776 2542 2871 2597 τοῦ
2907 2542 3136 2597 δικαίου.
3163 2544 3296 2615 Περὶ
3320 2543 3378 2596 δὲ
3407 2543 3499 2597 τοῦ
3536 2542 3723 2608 Ἰούδα,
3762 2542 3817 2601 Ὁ

2243 2632 2522 2701 διάϐολος
2549 2635 2768 2701 στήτω,
2796 2635 2981 2707 φησιν,
3004 2635 3074 2690 ἐκ
3098 2634 3311 2700 δεξιῶν
3333 2635 3541 2689 αὐτοῦ.

2586 2746 2958 2800 ΠΡΟΣΕΥΧΗ
2997 2747 3083 2799 ΤΩ
3121 2746 3319 2799 ΔΔΥΙΔ
3356 2747 3473 2814 IG".

2310 2860 2712 2925 Είσοὶκουσον,
2740 2862 2935 2930 Κύριε,
2967 2861 3356 2930 δικαιοσύνης
3378 2879 3516 2931 μου,
3550 2860 3815 2932 πρόσκες

2243 2949 2319 3019 τῇ
2360 2950 2564 3018 δεήσει
2600 2968 2739 3021 μου.
2800 2951 3102 3007 Ἐνώτισαι
3148 2952 3263 3021 τὴν
3305 2953 3652 3024 προσευχήν
3692 2974 3815 3025 μου

2243 3042 2356 3094 οὐκ
2388 3039 2458 3092 ἐν
2488 3041 2719 3108 χείλεσι
2762 3040 3006 3109 δολίοις.
3060 3042 3313 3095 Ἱκετεύει
3340 3042 3427 3096 διὰ
3457 3046 3556 3116 τῆς
3586 3062 3815 3116 προσευ-

574 3147 775 3216 plicat,
807 3157 862 3200 ιιι
890 3144 1031 3203 Deus
1058 3146 1348 3209 exaudiat,
1379 3162 1488 3201 non
1519 3146 1733 3217 quidem
1776 3162 1996 3211 vocem,
2026 3164 2139 3203 non

2242 3135 2343 3204 χῆς
2376 3132 2465 3186 τὸν
2498 3132 2629 3186 Θεὸν
2657 3133 2929 3206 ἀκροατὴν
2951 3134 3221 3203 γενέσθαι,
3253 3136 3312 3188 οὐ
3336 3139 3434 3207 τῆς
3461 3140 3661 3207 φωνῆς,
3692 3138 3813 3192 οὐδὲ

574 3237 741 3293 verba
763 3253 863 3293 sua
932 3238 1026 3294 sed
1056 3239 1311 3294 virtutem
1338 3258 1351 3295 :
1380 3255 1443 3295 ac
1470 3240 1513 3295 si
1540 3239 1788 3295 videlicet
1802 3239 2013 3310 justitia
2038 3255 2139 3297 sua

2241 3222 2349 3277 τῶν
2383 3224 2643 3297 ῥημάτων
2669 3223 2854 3289 αὑτοῦ,
2880 3224 2994 3278 ἀλλ’
3024 3225 3193 3297 αὐτῆς
3218 3230 3315 3299 τῆς
3339 3229 3395 3280 ὲν
3419 3228 3565 3301 αὐτῷ
3589 3231 3809 3302 ἀρετῆς,

573 3345 643 3393 ex
690 3328 859 3400 gestis
902 3329 1165 3399 Operibus
1204 3330 1477 3410 clamitet,
1507 3331 1828 3402 divinasque
1855 3346 2017 3388 aures
2044 3332 2141 3388 de-

576 3422 832 3477 mulceat.
879 3418 1066 3490 Neque
1109 3422 1255 3477 enim
1298 3422 1606 3494 quispiam,
1637 3423 2009 3494 improborum
2036 3423 2140 3479 sibi

570 3513 825 3569 conscius
876 3510 1180 3569 facinorum
1203 3554 1218 3579 ,
1248 3516 1423 3570 ’talem
1451 3514 1612 3570 facile
1638 3514 1903 3584 proferret
1929 3530 2138 3570 vocem.

570 3603 708 3663 lllud
755 3624 918 3679 porro
944 3627 957 3663 :
995 3605 1216 3661 Intende
1235 3605 1649 3677 deprecationem
1678 3622 1846 3659 meam
1866 3646 1881 3669 ,
1908 3605 2032 3675 jure
2057 3604 2143 3659 di-

569 3699 713 3753 xerit
736 3700 822 3753 vir
846 3700 936 3753 ille
963 3699 1224 3767 probatus
1251 3712 1314 3750 ac
1344 3696 1703 3759 exercitatus,
1729 3696 1821 3764 qui
1850 3694 1906 3748 in
1932 3694 2141 3749 orando

571 3789 766 3860 dignas
795 3788 906 3843 Deo
934 3788 1133 3842 emittit
1163 3786 1593 3857 supplicationes
1614 3823 1629 3848 ,
1671 3790 1763 3857 qui
1812 3802 1923 3841 non
1973 3802 2140 3857 parva

571 3880 818 3951 quadam
860 3879 1097 3948 villaque
1138 3877 1415 3948 postulat.
1456 3892 1633 3946 neque
1675 3878 1776 3947 pro
1816 3878 2138 3934 mortalibus

574 3970 940 4040 humanisque
975 3970 1137 4024 rebus
1170 3968 1340 4025 Deum
1367 3976 1644 4039 precatur.
1681 3969 1915 4039 Idipsum
1952 3968 2141 4024 Salva-

573 4068 660 4113 tor
686 4059 873 4115 docuit
898 4058 1027 4111 talia
1053 4058 1198 4113 fatus
1226 4077 1240 4112 :
1286 4051 1481 4124 Magna
1502 4054 1681 4121 petite,
1713 4064 1761 4108 et
1788 4072 1954 4125 parua
1993 4057 2140 4126 adji-

571 4150 776 4203 cientur
798 4146 939 4205 vobis
964 4147 1028 4204 ⁸⁸.
1055 4146 1242 4202 Tertio
1268 4154 1449 4201 autem
1481 4154 1755 4217 precatur,
1780 4156 1842 4201 ut
1868 4146 1983 4216 ipsa
2010 4161 2139 4201 ora-

570 4243 738 4297 tionis
781 4241 950 4296 verba
996 4241 1224 4296 auribus
1264 4239 1567 4310 percipiat,
1601 4248 1689 4304 et,
1721 4246 1782 4294 ut
1810 4239 1884 4292 ita
1915 4238 2135 4304 dicam,

568 4333 639 4391 de
682 4336 801 4406 ipsa
843 4349 981 4389 voce
1019 4332 1266 4403 iudicet,
1309 4332 1454 4404 quod
1500 4348 1610 4388 non
1641 4332 1697 4386 in
1729 4332 1888 4386 labiis
1929 4329 2138 4385 dolosis

567 4426 779 4498 prolata
809 4426 903 4480 sit.
932 4424 1260 4495 Plerumque
1287 4425 1434 4480 enim
1463 4424 1721 4494 praeclara
1751 4423 2046 4493 loquimur,
2074 4438 2138 4477 ac

567 4516 750 4570 verbis
785 4516 988 4574 utimur
1016 4530 1078 4572 ex
1114 4513 1397 4584 Scriptura
1425 4514 1608 4569 divina
1635 4512 1971 4583 depromptis
1995 4529 2009 4579 ;
2039 4512 2135 4567 sed

569 4622 679 4662 non
709 4609 956 4678 purgatis
984 4608 1167 4666 labiis.
1198 4583 1265 4661 Et
1293 4622 1424 4662 vero
1452 4613 1754 4663 occurrunt
1784 4621 1927 4675 saepe
1956 4602 2136 4658 bomi~
2163 4583 2212 4641 D

571 4711 709 4760 nes,
759 4696 854 4765 qui
903 4695 1386 4760 indiscriminatim
1434 4695 1741 4757 conviciis,
1797 4693 2130 4758 calumniis,

570 4785 873 4841 mendaciis
892 4824 911 4851 ,
940 4785 1304 4847 fraudulentis
1331 4786 1512 4840 verbis
1535 4823 1551 4848 ,
1582 4785 1845 4856 periuriis
1872 4827 1888 4853 ,
1915 4785 2134 4840 obscae-

571 4878 658 4932 nis
699 4877 898 4942 dictis,
940 4877 1172 4946 aliisque
1213 4878 1466 4931 absurdis
1505 4879 1736 4933 vocibus
1782 4879 1901 4939 usi,
1945 4875 2133 4932 confe-

573 4968 700 5024 stim
728 4974 940 5022 mutato
965 4982 1214 5023 sermone
1233 5007 1247 5030 ,
1291 4968 1546 5040 precibus
1588 4968 1756 5024 Deum
1785 4968 2130 5038 compellant.

573 5059 645 5113 At
686 5060 839 5115 solus
880 5059 966 5114 vir
1001 5066 1260 5125 sanctus,
1288 5070 1336 5116 ct
1380 5061 1620 5131 linguam
1659 5068 1715 5127 et
1756 5060 1897 5114 labia
1928 5073 2137 5113 vocem-

571 5166 679 5222 que
704 5152 881 5222 ipsam
909 5167 973 5206 ac
997 5152 1162 5207 verba
1190 5154 1277 5209 vel
1308 5142 1408 5209 usu
1434 5153 1652 5210 tritiora
1678 5161 1942 5224 expurgat
1967 5169 1981 5218 ;
2011 5166 2137 5221 gna-

570 5248 848 5315 rusillius
874 5248 1001 5303 dicti
1032 5269 1044 5304 :
1081 5248 1155 5304 De
1184 5252 1326 5304 omni
1353 5249 1505 5305 verba
1533 5252 1701 5309 otioso
1733 5250 1990 5303 rationem
2021 5245 2134 5300 red-

569 5341 703 5396 detis
741 5341 799 5395 in
836 5340 922 5396 die
946 5341 1140 5411 judicii
1182 5343 1247 5374 ‘7'
1294 5341 1437 5398 Deus
1482 5343 1754 5413 siquidem
1794 5339 2133 5405 orationem,

573 5447 681 5489 non
708 5432 870 5489 labiis
894 5433 1099 5490 dolosis
1121 5475 1135 5499 ,
1170 5433 1268 5490 sed
1299 5441 1530 5505 purgata
1562 5434 1746 5503 lingua
1771 5471 1787 5495 ,
1820 5429 2133 5497 divinisque

572 5525 916 5582 sermonibus
957 5526 1285 5582 meditandis
1326 5534 1545 5581 assueta
1578 5525 1844 5594 prolatam
1865 5562 1881 5587 ,
1910 5522 2132 5577 auribus

575 5617 824 5691 percipit.
876 5615 1244 5681 Quamobrem
1300 5631 1424 5671 cum
1473 5616 1540 5670 de
1592 5615 1806 5683 justitia
1863 5613 2127 5682 loquitur,

646 5767 904 5833 ",Llatth.
950 5785 1098 5836 xxvi,
1143 5770 1230 5827 '59.
1308 5770 1350 5802 ⁵⁸
1380 5768 1537 5827 Deut.
1579 5786 1751 5836 xxxii,
1798 5769 1852 5836 8,
1905 5769 1955 5825 9.

2241 3313 2430 3391 ὥσπερ
2460 3316 2670 3387 βοώσης
2696 3316 2783 3371 διὰ
2812 3316 2921 3370 τῶν
2960 3318 3210 3390 πράξεων
3230 3323 3328 3391 τῆς
3355 3319 3695 3394 δικαιοσύνης
3719 3325 3816 3377 καὶ

2239 3408 2594 3481 δυσωπούσ-ης
2625 3409 2722 3481 τὴν
2756 3408 2905 3464 θείαν
2936 3411 3127 3483 ἀκοήν.
3154 3412 3266 3465 Οὐκ
3287 3411 3351 3465 ἂν
3376 3413 3479 3486 γάρ
3502 3431 3603 3480 τις,
3637 3415 3816 3487 ἐαυτῷ

2242 3498 2423 3569 φαῦλα
2464 3498 2736 3565 συνειδὼς,
2771 3500 2968 3572 ῥᾳδίως
2998 3501 3065 3555 ἂν
3093 3501 3349 3574 τοιαύτην
3392 3507 3571 3576 ἀφῆκε
3606 3507 3813 3578 φωνήν.

2240 3592 2313 3645 T6
2342 3591 2420 3656 δὲ,
2466 3595 2739 3661 Πρόσχες
2775 3591 2851 3662 τῇ
2891 3592 3096 3660 δεήσει
3119 3613 3257 3665 μου,
3293 3597 3434 3652 εῐποι
3463 3597 3528 3652 ἂν
3556 3599 3758 3665 ἐκεῖνος
3783 3603 3816 3653 6

2241 3682 2698 3755 βεϐασανισμένος
2736 3685 2829 3738 καὶ
2858 3686 3170 3758 πρεπούσας
3203 3688 3320 3759 Θεῷ
3353 3693 3409 3742 ὲν
3442 3692 3505 3761 τῇ
3539 3695 3814 3766 προσευχῇ

2239 3776 2578 3846 ἀναπέμπων
2616 3776 2847 3848 δεήσεις,
2890 3781 2919 3831 6
2965 3780 3038 3850 μὴ
3078 3779 3170 3832 ἐπὶ
3208 3784 3424 3852 μικροῖς
3457 3782 3688 3848 καὶτοῖς
3716 3800 3813 3838 τυ-

2239 3867 2424 3938 χοῦσιν
2468 3869 2752 3941 αἰτήμασι,
2800 3869 2921 3941 μηδ’
2960 3873 3053 3926 ἐπὶ
3085 3871 3298 3943 θνητοῖς
3331 3875 3422 3927 καὶ
3454 3874 3814 3947 ἀνθρωπίνοις

2241 3959 2573 4029 παρακαλῶν
2599 3961 2690 4014 τὸν
2717 3961 2868 4017 Θεόν;
2897 3962 3067 4017 Τοῦτο
3093 3963 3221 4033 γοῦν
3246 3966 3338 4019 καὶ⁸
3361 3968 3390 4019 6
3420 3966 3609 4037 Σωτὴρ
3639 3967 3813 4021 ἐδίδα-

2242 4067 2338 4105 σκε
2362 4049 2556 4119 λέγων’
2589 4050 2810 4104 Αἰτεῖτε
2834 4051 2907 4105 τὰ
2931 4050 3185 4122 μεγάλα.
3206 4052 3305 4106 καὶ
3332 4051 3407 4106 τὰ
3426 4054 3605 4123 μικρὰ
3626 4067 3811 4124 προσ-

2238 4141 2551 4209 τεθήσεται
2575 4141 2735 4212 ὐμῖν.
2761 4141 2870 4195 Καὶ
2894 4143 3075 4213 τρίτον
3095 4142 3153 4195 δὲ
3179 4144 3428 4207 ἱκετεύει,
3454 4146 3548 4200 καὶ
3573 4146 3712 4200 αὐτὰ
3737 4148 3813 4203 τὰ

2239 4235 2459 4306 ῥήματα
2497 4237 2596 4304 τῆς
2634 4236 2941 4305 προσευχῆς
2985 4233 3361 4295 ὲνωτίσασθαι,
3401 4232 3581 4305 κρῖναί
3620 4247 3702 4296 τε,
3731 4230 3812 4295 ὡς

2236 4328 2431 4389 εἰπεῖν,
2464 4327 2558 4379 καὶ
2591 4325 2758 4397 αὐτὴν
2785 4325 2887 4396 τὴν
2919 4323 3123 4395 φωνὴν,
3163 4324 3245 4377 ὅτι
3278 4322 3354 4394 μὴ
3394 4324 3451 4375 ὲν
3487 4321 3688 4394 χείλεσι
3721 4321 3814 4376 δο-

2236 4416 2371 4480 λίοις
2409 4416 2760 4488 προφέρεται.
2800 4414 3066 4478 Πολλάκις
3095 4413 3204 4486 γὰρ
3234 4413 3407 4485 σεμνὰ
3440 4409 3810 4482 φθεγγόμεθα,

2237 4508 2331 4560 καὶ
2358 4507 2537 4576 λόγοις
2565 4505 2825 4578 χρώμεθα
2857 4509 2966 4568 τοῖς
2996 4504 3102 4558 ἀπὸ
3131 4504 3238 4557 τῶν
3272 4504 3429 4558 θείων
3459 4502 3710 4575 Γραφῶν,
3745 4504 3810 4556 οὐ

2238 4599 2666 4672 κεκαθαρμένοις
2680 4601 2792 4661 τοῖς
2806 4597 3055 4667 χείλεσιν.
3083 4596 3221 4667 Ἤδη
3242 4596 3299 4649 δέ
3317 4613 3481 4660 τινες,
3504 4596 3814 4667 ἀδιαφόρως

2236 4691 2522 4763 λοιδορίαις
2566 4690 2710 4744 κατά
2747 4705 2907 4742 τινων
2957 4689 3313 4762 χρησάμενοι,
3361 4688 3394 4760 ἢ
3440 4687 3729 4751 διαϐολαῖς,
3769 4687 3811 4759 ἢ

2236 4780 2628 4852 ψευδολογίαις,
2662 4779 2695 4849 ἢ
2736 4778 2992 4841 ἀπάταις,
3033 4778 3065 4849 ἣ
3100 4777 3426 4849 ἐπιορκίαις,
3471 4777 3503 4848 ἢ
3545 4778 3813 4850 αἰσχρορ-

2238 4871 2589 4946 ρημοσύναις,
2624 4871 2657 4942 ἢ
2692 4870 2871 4933 ἄλλοις
2897 4871 3036 4924 τισὶν
3068 4869 3289 4932 ἀτόποις
3330 4871 3554 4937 φωναῖς,
3598 4869 3813 4942 ἁθρόως

2242 4964 2665 5037 μεταϐάλλοντες
2703 4962 2762 5015 ὲν
2794 4964 2861 5033 τῇ
2904 4963 3179 5033 προσευχῇ
3208 4960 3300 5013 τὸν
3329 4960 3460 5014 Θεὸν
3491 4959 3815 5015 ἐπικαλοῦν-

2239 5073 2350 5109 ται.
2386 5055 2560 5118 Μόνος
2586 5054 2643 5107 δὲ
2671 5055 2700 5106 6
2729 5053 2883 5122 ἅγιος
2915 5054 3008 5106 καὶ
3038 5052 3136 5121 τὴν
3158 5051 3403 5121 γλῶτταν
3427 5051 3592 5106 αὐτοῦ
3617 5052 3713 5107 καὶ
3741 5052 3815 5105 τὰ

2240 5148 2415 5218 χείλη,
2434 5148 2529 5200 καὶ
2548 5145 2645 5216 τὴν
2665 5146 2846 5216 φωνὴν
2872 5144 3059 5215 αὐτὴν,
3088 5146 3183 5198 καὶ
3203 5144 3271 5198 τὰ
3293 5143 3447 5197 κοινὰ
3470 5145 3686 5215 ῥήματα
3710 5160 3814 5198 κα·-

2236 5241 2443 5311 θαίρει’
2484 5237 2637 5302 εἰδὼς
2663 5238 2968 5310 εἰρημένον·
2988 5236 3125 5305 Περὶ
3158 5236 3382 5302 παντὸς
3411 5235 3597 5305 ἀργοῦ
3621 5233 3815 5304 ῥήμα-

2237 5349 2341 5399 τος
2377 5329 2596 5384 δώσετε
2637 5330 2823 5400 ,λόγον
2851 5328 2921 5382 ὲν
2958 5328 3147 5398 ἡμέρᾳ
3186 5329 3454 5396 κρίσεως.
3490 5325 3813 5399 Προσευχῆς

2238 5424 2346 5494 γὰρ
2386 5424 2447 5476 οὐ
2489 5422 2576 5476 διὰ
2614 5422 2837 5493 χειλέων
2880 5422 3067 5475 δολίων
3113 5419 3580 5492 προσφερομένης,
3624 5417 3715 5474 διὰ
3750 5417 3812 5472 δὲ

2239 5516 2483 5588 γλώττης
2524 5514 2960 5587 κεκαθαρμένης,
3002 5514 3097 5567 καὶ
3132 5513 3201 5569 τὰ
3242 5512 3361 5566 θεῖα
3390 5512 3545 5580 λόγια
3577 5511 3809 5582 μελετᾷν

2238 5610 2567 5682 εἰθισμένης,
2616 5608 2926 5671 ὲνωτίζεται
2968 5609 2996 5660 6
3027 5606 3178 5669 Θεός.
3225 5605 3314 5657 Διὸ
3343 5606 3436 5658 ἐπὶ
3470 5603 3569 5675 μὲν
3605 5601 3702 5674 τῆς
3726 5600 3807 5661 δι-

2034 5770 2077 5801 ⁸⁵
2110 5769 2252 5827 Psal.
2298 5784 2415 5834 ειη,
2467 5767 2520 5823 6.
2598 5762 2850 5819 “Matth.
2873 5779 2941 5827 γι,
2971 5762 3059 5816 55.
3136 5761 3177 5797 ⁸⁷
3204 5759 3389 5815 Matth.
3438 5775 3535 5826 xu,
3569 5756 3659 5813 56.
