4042 6210
232 346 328 402 ιιι

1349 310 1850 388 connanran‘u
1872 322 1954 379 1N
1992 304 2331 378 PSALMOS.

3352 300 3458 376 iss

231 457 541 527 καιοσύνης,
567 450 950 511 εἰσάκουσον,
976 446 1208 516 ἐλέγετο,
1233 448 1323 499 ἐπὶ
1340 446 1395 499 δὲ
1411 449 1509 517 τῆς
1531 446 1786 517 δεήσεως,

1893 435 2109 501 exaudi,
2132 433 2334 503 inquit;
2358 423 2485 486 cum
2510 427 2579 483 de
2604 426 2989 497 deprecatione
3007 468 3022 492 ,
3050 413 3256 484 intende
3279 447 3298 495 ;
3334 446 3462 488 cum

229 552 513 621 πρόσχες·
546 545 639 598 ἐπὶ
667 542 724 596 δὲ
751 543 847 612 τῆς
872 539 958 593 διὰ
984 538 1203 609 χειλέων
1243 537 1656 610 προφερομένης
1685 554 1796 606 φω-

230 644 348 715 νῆς,
387 635 681 692 ὲνὼτισαι.
720 630 854 703 Τρία
885 629 1013 698 γοῦν
1042 630 1276 700 ᾐτήσατο
1306 628 1393 682 διὰ
1423 629 1532 682 τῶν
1569 644 1794 700 προκει-

233 731 434 802 μένων,
463 723 732 799 προτάξας
756 721 860 775 τῶν
892 720 983 774 δύο
1008 722 1069 773 τὸ
1097 724 1361 792 κρεῖττον.

316 819 702 887 Ἑδοκίμασας
736 813 849 882 τὴν
891 812 1141 882 καρδίαν
1168 829 1309 881 μου.
1347 810 1665 880 ἐπεσκέψω
1690 827 1797 864 νυ-

234 911 398 977 κτός·
426 907 730 978 ἐπύρωσάς
759 922 854 974 με,
900 905 996 957 καὶ
1036 905 1148 971 οὐχ
1175 902 1385 970 εὑρέθη
1418 902 1488 955 ὲν
1515 902 1643 971 ἐμοὶ
1672 900 1797 955 ἀδι-

237 1003 360 1057 κία.
393 1001 481 1064 Ὠς
512 1000 602 1071 τὴν
625 997 964 1070 ἀνθρωπίνην
986 995 1269 1048 ἀσθένειαν
1294 993 1606 1064 ὑπερϐαίνει
1632 995 1664 1065 ἡ
1688 993 1796 1047 τῶν

240 1090 603 1164 προκειμένων
626 1091 827 1143 διάνοια
849 1089 861 1142 ι
885 1088 981 1152 Τίς
993 1087 1102 1159 γὰρ
1116 1089 1446 1159 καυχήσεται
1470 1087 1639 1158 ἁγνὴν
1654 1085 1795 1156 ἔχειν

238 1182 488 1255 καρδίανς
515 1182 605 1236 καὶ
632 1182 715 1245 τίς
742 1180 1177 1254 παρρησιάζεται
1197 1179 1373 1248 λέγων
1400 1178 1638 1249 καθαρὸς
1658 1175 1794 1230 εἶναι

237 1272 342 1325 ἀπὸ
354 1271 627 1343 ἁμαρτιῶν
646 1287 661 1338 ;
679 1271 840 1343 Μόνῳ
854 1270 1139 1343 τοιγαροῦν
1156 1270 1382 1343 ἁρμόζοι
1409 1269 1556 1340 αὐτῷ
1579 1268 1796 1341 Χριστῷ

234 1359 408 1431 λέγειν
441 1362 507 1416 τά
535 1362 905 1434 προκείμενα.
940 1364 1247 1435 Μήποτε’δὲ
1278 1364 1376 1435 τὴν
1427 1364 1507 1425 εἰς
1550 1360 1639 1415 τὸν
1664 1361 1796 1432 ᾅδην

231 1452 465 1518 κάθοδον,
491 1454 586 1509 καὶ
607 1456 697 1508 τὸν
717 1457 773 1508 ὲν
801 1454 879 1525 τῷ
896 1454 1109 1526 θανάτῳ
1129 1455 1324 1527 χῶρον,
1346 1453 1516 1508 νύκτα
1532 1452 1796 1524 κέκληκεν

229 1544 320 1598 ἐπὶ
347 1544 440 1599 τοῦ
472 1547 770 1618 πάροντος;
802 1547 866 1599 Et
897 1546 1006 1618 γὰρ
1030 1547 1125 1600 καὶ⁵
1146 1548 1204 1600 ὲν
1224 1546 1379 1600 νυκτὶ
1398 1545 1622 1615 γέγονεν
1641 1545 1697 1598 ὲν
1720 1542 1796 1614 τῷ

225 1634 398 1708 καιρῷ
409 1636 518 1690 τῶν
534 1636 903 1710 πειρατηρίων
916 1639 1008 1692 καὶ
1020 1639 1075 1690 ἐν
1091 1636 1168 1709 τῷ
1185 1637 1442 1709 σκοτεινῷ
1457 1635 1549 1691 καὶ
1565 1637 1798 1706 άφεγγεῖ

221 1723 373 1796 τόπῳ
396 1726 492 1780 τοῦ
520 1727 773 1781 θανάτου⁴
803 1727 939 1781 ἀλλά
965 1728 1333 1799 δοκιμασθεὶς,
1364 1728 1666 1799 ἐπισκοπῆς
1696 1729 1793 1797 τῆς

1898 530 1966 586 de
1992 543 2126 584 voce
2155 525 2316 581 labiis
2341 524 2584 595 prolata,
2619 522 2841 577 auribus
2865 522 3088 591 percipe.
3119 520 3250 603 Tria
3278 522 3462 594 itaque

1898 621 2062 677 dictis
2086 617 2401 688 huiusmodi
2433 616 2694 686 postulat,
2719 622 2773 670 et
2801 612 2948 684 quod
2972 617 3321 685 praestantius
3347 627 3468 674 erat

1898 712 2115 767 duobus
2143 710 2265 764 aliis
2295 707 2581 777 praemisit.

1969 801 2137 858 Vens.
2174 802 2228 855 5.
2267 799 2521 854 Probasti
2558 814 2650 852 cor
2690 814 2861 852 meum
2901 806 2950 852 et
2995 798 3230 852 uisitasti
3272 808 3423 854 nocte
3447 837 3466 866 ,

1898 898 2014 967 igne
2054 913 2136 950 me
2179 894 2536 959 examinasti,
2579 903 2628 946 et
2670 909 2775 946 non
2814 902 2892 946 est
2931 893 3139 949 inventa
3166 894 3220 947 in
3250 909 3332 947 me
3359 895 3468 949 ini-

1896 991 2092 1059 quitas.
2130 988 2404 1055 Quantum
2446 987 2737 1039 humanam
2765 984 3133 1039 inﬁrmitatem
3173 996 3467 1056 exsuperat

1897 1079 2211 1151 bujusmodi
2256 1079 2548 1134 verborum
2576 1077 2850 1132 sententia
2879 1077 2892 1129 !
2925 1074 3059 1141 Quis
3088 1074 3235 1130 enim
3263 1074 3331 1132 de
3372 1091 3468 1132 ca-

1898 1175 2084 1230 stitate
2123 1172 2306 1228 cordis
2340 1170 2711 1243 gloriabitur?
2739 1168 2875 1236 Quis
2903 1166 3243 1224 conﬁdenter
3271 1167 3422 1223 dicat
3447 1186 3462 1223 :

1895 1264 2077 1321 Purus
2118 1278 2240 1320 sum
2283 1279 2314 1316 a
2361 1261 2643 1333 peccatis?
2687 1259 2814 1315 Herc
2855 1274 2988 1314 sane
3028 1275 3171 1314 unus
3215 1257 3467 1315 Christus
3504 1322 3513 1340 ι

1894 1373 2024 1413 vere
2053 1372 2117 1412 ac
2148 1361 2513 1426 congruenter
2540 1354 2723 1409 dicere
2747 1356 2945 1409 valeat.
2972 1354 3169 1406 Annon
3200 1366 3360 1406 suum
3392 1348 3463 1407 ad

1896 1449 2102 1505 inferos
2128 1448 2490 1511 descensum,
2520 1455 2685 1517 atque
2729 1447 2910 1500 locum
2955 1445 3108 1499 illum
3150 1445 3204 1498 in
3245 1444 3466 1515 regione

1896 1541 2110 1607 mortis,
2138 1547 2355 1615 noctem
2387 1540 2441 1593 in
2469 1540 2724 1609 praesenti
2753 1538 2968 1593 vocavit
2989 1538 3012 1591 ?
3032 1536 3295 1603 Quamvis
3319 1536 3467 1592 enim

1898 1635 1954 1689 in
1982 1644 2146 1690 nocte
2174 1633 2339 1689 fuerit
2369 1648 2434 1688 ac
2474 1632 2529 1686 in
2573 1640 2818 1702 tempore
2861 1632 3260 1694 tentationum,
3302 1629 3468 1700 inque

1898 1725 2207 1782 tenebrosis
2267 1724 2691 1795 caliginosisque
2741 1722 2937 1780 mortis
2979 1722 3336 1792 regionibus,
3385 1728 3469 1775 at-

223 1818 373 1888 παρά
398 1818 494 1873 τοῦ
527 1819 741 1892 [ἰατρὸς
783 1819 1008 1905 ἠξίωται
1046 1819 1134 1873 διὰ
1168 1823 1270 1892 τῆς
1300 1820 1665 1883 ἀναστάσεως,
1702 1819 1791 1872 καὶ

1899 1827 2079 1873 tamen
2111 1817 2403 1887 probatus,
2436 1824 2661 1887 paterna
2692 1814 3007 1871 visitatione
3031 1814 3227 1885 dignus
3249 1813 3468 1868 habitus

219 1908 425 1983 ταύτης
466 1910 782 1984 τετύχηκεν.
839 1912 1179 1987 Ἐπειδήπερ,
1220 1907 1308 1966 οἷα
1339 1913 1539 1984 χρυσὸς
1575 1914 1633 1966 ὲν
1660 1916 1791 1986 πυρὶ

225 2000 463 2073 βληθεὶς,
492 2002 741 2076 λαμπρὸς
767 2005 858 2058 καὶ
887 2003 1124 2077 καθαρὸς
1143 2004 1565 2075 διαμεμένηκεν.
1616 2004 1794 2058 Ἐπει-

222 2092 290 2165 δὴ
320 2095 479 2165 μόνος
519 2095 630 2151 τῶν
662 2094 721 2162 ἐξ
750 2097 947 2161 αίῶνος
991 2097 1285 2166 ἁμαρτίαν
1327 2096 1791 2165 οὐκὲποὶησεν,

220 2183 369 2241 οὐδὲ
385 2189 596 2258 εὑρέθη
628 2188 828 2255 δόλος,
866 2188 1006 2243 κατὰ
1033 2190 1125 2243 τὸν
1169 2189 1416 2252 Ἡσαΐαν,
1450 2190 1520 2243 ἐν
1545 2188 1625 2256 τῷ
1657 2192 1795 2245 στό·

220 2293 363 2347 part
388 2281 596 2336 αὐτοῦ.

297 2371 485 2440 Ὅπως
516 2374 594 2428 ἂν
627 2374 714 2443 μὴ
761 2373 1012 2444 λαλήσῃ
1056 2374 1122 2429 τὸ
1153 2374 1348 2443 στόμα
1388 2391 1509 2444 μου
1551 2374 1625 2428 τὰ
1650 2374 1795 2445 ἔργα

227 2460 341 2517 τῶν
366 2465 707 2533 ἀνθρώπων,
735 2466 833 2521 διὰ
855 2467 996 2533 τοὺς
1022 2467 1243 2537 λόγους
1268 2465 1386 2520 τῶν
1408 2466 1660 2536 χειλέων
1675 2484 1793 2522 σου

226 2553 336 2623 ἐγὼ
365 2557 637 2626 ἐφύλαξα
671 2558 852 2625 ὁδοὺς
884 2558 1179 2627 σκληράς.
1222 2558 1280 2612 ’0
1305 2558 1363 2612 δὲ
1390 2559 1682 2629 Σύμμαχος
1712 2560 1791 2612 εί-

228 2645 359 2703 πών·
408 2650 545 2720 Ἐγὼ
571 2650 969 2720 ἐφυλαξάμην
993 2650 1171 2716 ὀδοὺς
1197 2649 1563 2720 παραϐἀτου,
1598 2651 1793 2722 ἑτέραν

229 2739 527 2811 παρέστησε
556 2741 810 2797 διάνοιαν
838 2742 915 2806 ὡς
940 2741 1034 2796 τοῦ
1069 2743 1165 2815 τὴν
1195 2743 1357 2815 εὐχὴν
1393 2744 1793 2815 διαπέμποντος

229 2830 402 2885 πάντα
431 2833 712 2906 ἄνθρωπον
757 2835 1080 2907 παραϐάτην
1126 2836 1438 2906 φεύγοντος,
1478 2839 1572 2891 καὶ
1613 2839 1794 2903 πάσας

235 2918 326 2983 τὰς
360 2923 467 2976 τῶν
497 2925 751 2981 τοιούτων
794 2928 965 2992 ὁδοὺς,
1011 2926 1098 2981 διὰ
1137 2929 1199 2983 τὸ
1244 2928 1484 2999 χαλεπάς
1523 2926 1664 2983 εἶναι
1700 2928 1793 2982 καὶ

229 3011 602 3088 ἀποσκλήρους
630 3019 805 3082 πάσας
832 3018 930 3083 τὰς
962 3019 1103 3074 κατὰ
1134 3020 1330 3075 κακίαν
1352 3020 1595 3093 πράξεις.

285 3106 654 3178 Κατάτρτισαι
702 3110 775 3164 τὰ
824 3111 1153 3181 διαδήματα
1174 3130 1291 3182 μου
1316 3114 1386 3167 ἐν
1410 3114 1536 3179 ταῖς
1574 3113 1792 3181 τρίϐοις

215 3211 351 3265 σου,
377 3198 492 3255 ἵνα
507 3201 595 3272 μὴ
631 3202 972 3258 σαλευθῶσι
1002 3204 1073 3257 τὰ
1096 3204 1427 3273 διαδήματά
1451 3222 1589 3274 μου.
1632 3205 1793 3257 ’Υπο-

225 3288 481 3360 γραμμὴν
519 3292 650 3364 ἡμῖν
678 3293 770 3347 καὶ
815 3294 902 3347 διά
942 3292 1144 3348 τούτων
1204 3294 1476 3366 παρέσχεν
1523 3297 1556 3348 ὁ
1581 3296 1790 3367 Σωτὴρ,

224 3380 494 3437 παιδεύων
555 3384 763 3455 μήποτε
801 3386 1198 3458 ὲπιτρίὸεσθαι,
1228 3386 1362 3458 μηδὲ
1396 3387 1536 3458 μέγα
1562 3389 1647 3458 ἐφ’
1670 3389 1796 3441 ἐαυ-

223 3471 336 3534 toi;
360 3476 596 3545 φρονεῖν.
636 3470 710 3529 Εὖ
739 3474 795 3528 δὲ
835 3478 928 3531 καὶ
959 3477 1202 3549 ἀκριδῶς
1228 3478 1536 3544 πεπεῖσθαι,
1572 3479 1648 3543 ὡς
1667 3480 1795 3533 πάν-

223 3576 342 3616 τοτε
364 3568 463 3637 τῆς
490 3566 641 3638 παρὰ
665 3566 755 3621 τοῦ
778 3567 912 3622 Θεοῦ
941 3568 1167 3640 δεόμεθα
1194 3569 1463 3641 βοηθείας,
1482 3570 1568 3625 ἴνα
1593 3570 1670 3643 μὴ
1700 3588 1794 3625 σα-

221 3648 379 3728 λευθῇ
435 3658 590 3729 ἡμῶν
633 3659 705 3713 τὰ
739 3659 1066 3733 διαϐήματα,
1098 3661 1193 3713 καὶ
1254 3662 1335 3723 είς
1391 3660 1451 3714 τὸ
1483 3661 1792 3733 ἐφαρμόσαι

219 3749 335 3811 ταῖς
360 3749 557 3803 ἑαυτοῦ
582 3750 785 3823 τρίϐοις
814 3753 940 3815 τοὺς
962 3751 1258 3823 ἡμετέρους
1287 3752 1473 3816 πόδας.

289 3842 737 3913 Θαυμὰστωσον
765 3843 837 3898 τὰ
866 3844 1006 3914 ὲλέη
1036 3860 1152 3899 σου
1186 3846 1218 3897 ό
1238 3842 1437 3905 σώζων
1458 3844 1599 3911 τοὺς
1619 3845 1791 3899 ἐλπί-

218 3929 421 4002 ζοντας
471 3935 571 3989 ἐπὶ
605 3930 700 3986 σέ.
725 3936 917 4002 Σώζων
945 3937 1001 3991 δὲ
1034 3938 1246 4009 εἴρηται
1291 3936 1417 4001 τοὺς
1478 3936 1792 4003 ἐλπίζοντας

214 4024 294 4088 είς
326 4025 514 4091 αὐτὸν,
538 4027 598 4080 οὐ
638 4027 762 4091 τοὺς
808 4030 872 4081 ὲκ
900 4029 1211 4099 σπέρματος
1256 4027 1490 4099 Ἰσραὴλ,
1520 4028 1640 4081 οὐδὲ
1667 4029 1791 4093 τοὺς

212 4117 352 4173 κατά
383 4116 482 4172 τὸν
508 4117 669 4189 νόμον
698 4119 972 4183 Μωῦσέως
1025 4118 1291 4190 βιοῦντας⁸
1324 4120 1436 4173 ἀλλ’
1459 4118 1644 4190 ὥσπερ
1667 4137 1791 4174 και-

213 4206 308 4281 νὴν
337 4209 462 4264 ὁδὸν
489 4210 813 4283 εὑράμενος,
845 4210 1032 4275 σώζων
1056 4211 1298 4281 ἀνεφάνη
1344 4213 1470 4275 τοὺς
1502 4214 1583 4276 εἰς
1630 4212 1790 4265 αὑτὸν

212 4300 538 4370 ὴλπικὸτας.
561 4301 739 4357 Mere;
767 4302 898 4374 γὰρ,
929 4304 1089 4375 φησὶν
1125 4303 1154 4355 ὁ
1192 4302 1529 4368 Ἀπόστολος,
1564 4308 1786 4370 πίστις,

214 4391 415 4460 ἐλπὶς,
446 4394 664 4466 ἀγάπη·
699 4394 769 4450 τὰ
802 4397 928 4469 τρία
959 4397 1128 4451 ταῦτα
1154 4400 1584 4470 συμπέπλεκται,
1603 4397 1791 4469 ὥσπερ

1894 1918 1978 1965 est
2010 1900 2119 1980 per
2162 1910 2622 1966 resurrectionem
2669 1923 2836 1978 quam
2881 1906 3141 1962 obtinuit.
3194 1904 3467 1972 Quoniam

1894 2017 1995 2057 ceu
2020 2017 2213 2056 aurmn
2241 2003 2350 2072 igni
2374 2001 2633 2055 traditum
2656 2043 2671 2068 ,
2698 1999 3018 2070 Splendidus
3040 2014 3318 2070 purusque
3342 2014 3465 2068 per-

1892 2096 2115 2149 mansit.
2146 2093 2307 2150 Solus
2333 2095 2478 2150 enim
2507 2110 2572 2149 ex
2601 2094 2669 2149 iis
2697 2097 2790 2164 qui
2817 2109 2845 2147 a
2870 2094 3069 2148 saeculo
3097 2091 3315 2149 fuerunt
3345 2107 3465 2162 pee-

1893 2197 2069 2241 eatum
2104 2204 2206 2242 non
2257 2187 2416 2257 fecit,
2467 2203 2662 2258 neque,
2695 2187 2996 2242 secundum
3025 2185 3255 2252 Isaiam,
3287 2185 3466 2240 inven-

1894 2288 1979 2333 tus
2002 2288 2082 2333 est
2103 2279 2257 2359 dolus
2288 2281 2341 2333 in
2376 2296 2463 2334 ore
2493 2280 2607 2349 ejus
2624 2279 2690 2334 “.

1965 2369 2131 2426 Vrsas.
2172 2373 2225 2426 4.
2274 2371 2341 2426 Ut
2375 2389 2478 2427 non
2518 2371 2767 2442 loquatur
2802 2389 2859 2426 os
2890 2388 3064 2427 meum
3098 2388 3257 2442 opera
3292 2371 3465 2428 homi-

1895 2478 2055 2528 num,
2090 2472 2303 2530 propter
2335 2462 2493 2515 verba
2523 2461 2791 2514 labiorum
2824 2471 3033 2515 tuorum
3073 2478 3166 2531 ego
3207 2461 3467 2517 custodiri

1894 2557 2006 2610 vias
2058 2555 2243 2609 duras.
2299 2553 2660 2626 Symmachus
2706 2570 2833 2609 cum
2882 2554 2993 2609 ait:
3041 2552 3155 2625 Ego
3198 2554 3466 2610 observavi

1894 2651 2008 2703 eius
2064 2648 2539 2717 praevaricatoris,
2605 2646 2768 2699 aliam
2824 2646 3044 2715 praefert
3103 2648 3467 2709 sententiam,

1894 2742 2053 2811 quasi
2090 2741 2300 2797 scilicet
2335 2741 2382 2796 is
2415 2740 2509 2811 qui
2557 2739 2862 2794 orationem
2909 2738 3144 2802 emittit,
3196 2738 3265 2792 ab
3314 2740 3465 2792 omni

1894 2831 2115 2887 homine
2150 2833 2571 2902 praevaricatore
2608 2827 2885 2894 declinet;
2922 2835 3087 2898 atque
3136 2841 3328 2887 omnes
3382 2835 3465 2881 ta-

1895 2921 2029 2976 lium
2080 2922 2324 2976 virorum
2376 2921 2637 2983 semitas,
2691 2934 2969 2991 pravaque
3020 2934 3220 2990 opera,
3274 2926 3465 2990 utpote

1895 3016 2033 3071 dum
2071 3024 2125 3070 et
2165 3031 2357 3087 aSpera
2398 3023 2703 3069 aversetur.

1966 3107 2133 3162 Vens.
2165 3108 2217 3161 5.
2260 3105 2464 3176 Perﬁce
2501 3121 2710 3176 gressus
2744 3120 2882 3158 meos
2911 3104 2965 3158 in
3004 3105 3207 3159 semitis
3250 3104 3376 3167 tuis,
3401 3112 3461 3159 ut

1896 3217 1997 3255 non
2029 3214 2335 3253 moveantur
2371 3200 2589 3269 vestigia
2621 3216 2754 3253 mea.
2792 3198 3080 3270 Exemplar
3111 3202 3269 3257 nobis
3312 3201 3465 3270 hisce

1895 3291 2078 3347 verbis
2121 3290 2371 3345 admovet
2408 3288 2694 3358 Salvator;
2736 3290 3120 3361 admonetque,
3150 3307 3273 3346 cum
3308 3301 3367 3348 ut
3396 3306 3469 3349 ne

1896 3388 2078 3443 animo
2114 3386 2447 3458 frangamur,
2492 3394 2608 3440 tum
2653 3402 2722 3441 ne
2749 3401 3006 3455 magnum
3037 3385 3105 3440 de
3135 3385 3292 3441 nobis
3326 3387 3467 3456 ipsis

1895 3478 2201 3549 sapiamus,
2231 3478 2501 3549 planeque
2542 3486 2879 3548 compertum
2913 3492 2978 3533 ac
3006 3493 3329 3548 persuasum
3365 3478 3468 3531 ha-

1896 3569 2144 3636 beamus,
2193 3585 2295 3626 nos
2323 3569 2511 3626 divino
2556 3584 2772 3639 semper
2801 3583 2961 3639 egere
2993 3569 3218 3632 auxilio,
3258 3575 3320 3621 ut
3352 3582 3463 3624 non

1894 3668 2219 3717 moveantur
2251 3662 2479 3732 vestigia
2508 3668 2722 3724 nostra,
2760 3667 2931 3730 utque
2960 3660 3127 3731 pedes
3156 3666 3376 3715 nostros
3403 3660 3461 3714 in

1894 3753 2103 3807 semitis
2134 3752 2254 3821 ejus
2286 3761 2435 3807 recte
2461 3765 2872 3821 componamus.
3258 3736 3263 3741 ⁷

1962 3843 2129 3900 Vens.
2164 3845 2213 3899 7.
2256 3843 2493 3913 Miriﬁca
2538 3844 2927 3898 misericordias
2976 3852 3117 3907 tuas,
3162 3844 3251 3916 qui
3288 3844 3461 3900 salvos

1895 3934 2028 4005 facis
2072 3943 2338 4003 sperantes
2376 3934 2528 3988 inte.
2560 3930 2665 3999 Qui
2697 3932 2876 3987 salvos
2903 3931 3056 3997 facit,
3096 3933 3293 4003 inquit,
3337 3948 3463 4004 spei

1848 4090 1861 4105 ο
1893 4032 2079 4083 rantes
2107 4026 2161 4080 in
2205 4040 2286 4090 se,
2317 4040 2430 4080 non
2458 4038 2554 4080 eos
2583 4024 2677 4095 qui
2707 4039 2772 4079 ex
2812 4023 3021 4080 semine
3052 4022 3267 4080 lsraclis
3309 4034 3459 4091 sunt,

1891 4136 2071 4192 neque
2100 4134 2196 4175 eos
2220 4120 2312 4189 qui
2337 4117 2636 4175 secundum
2662 4116 2864 4189 Moysis
2889 4116 3060 4187 legem
3083 4117 3246 4173 vitam
3271 4126 3460 4187 agunt,

1892 4214 2009 4277 sed,
2048 4212 2205 4284 quasi
2247 4226 2391 4267 nova
2432 4218 2659 4281 reperta
2690 4208 2800 4275 via,
2853 4209 3081 4265 salutem
3115 4208 3464 4279 sperantibus

1893 4306 1949 4360 in
1974 4320 2033 4361 se
2062 4303 2314 4360 conferre
2338 4308 2650 4373 compertus
2688 4306 2791 4355 est.
2833 4298 3051 4354 Manent
3089 4300 3256 4363 enim,
3286 4299 3467 4368 inquit

1890 4397 2205 4467 Apostolus,
2230 4397 2382 4467 ﬁdes,
2417 4411 2555 4465 spes,
2588 4394 2821 4448 charitas
2852 4393 2896 4427 "
2929 4411 2941 4446 :
2967 4393 3070 4449 tria
3095 4392 3208 4446 lucc
3221 4406 3320 4445 ceu
3345 4393 3469 4446 vin-

218 4480 312 4551 ὑφ’
352 4482 433 4536 ἑνὶ
449 4483 629 4557 δεσμῷ
659 4488 1082 4558 κατεσφιγμένα.
1112 4484 1203 4541 Διὸ
1239 4488 1337 4560 τὴν
1369 4488 1547 4542 πίστιν
1600 4490 1666 4559 τῇ
1700 4487 1788 4540 ὲλ-

1893 4491 2018 4546 culo
2054 4491 2244 4545 eodem
2283 4489 2509 4544 astricta
2552 4492 2974 4541 connectuntur.
3016 4483 3361 4553 Quapropter
3401 4486 3466 4539 ti-

219 4572 338 4627 πίδι
364 4574 621 4629 συνάπτει
642 4576 832 4647 λέγων’
868 4579 1041 4633 ’Ἐστι
1070 4576 1137 4631 δὲ
1162 4578 1365 4644 πίστις
1396 4575 1789 4646 ἐλπιζομένων

215 4665 560 4732 ὑπόστασις
583 4667 950 4739 πραγμάτων,
989 4668 1237 4739 ἐλεγχος
1284 4671 1357 4723 οὐ
1375 4666 1785 4738 βλεπομένων·

212 4756 395 4811 ταῦτα
426 4758 470 4811 δ’
504 4758 563 4825 ἐξ
583 4760 800 4833 ἀγάπης
825 4762 926 4833 τῆς
957 4762 1094 4833 πρὸς
1144 4763 1236 4816 τὸν
1272 4760 1402 4814 Θεὸν
1446 4760 1657 4830 φύεται·
1695 4761 1788 4814 καὶ

214 4848 283 4902 δι’
306 4847 486 4902 αὐτῶν
516 4846 678 4903 πάλιν
704 4852 737 4921 ἡ
763 4852 840 4915 εἰς
870 4850 1000 4905 Θεὸν
1029 4851 1217 4922 ἀγάπη
1264 4849 1608 4920 κρατύνεται.

299 5020 405 5084 Ἕκ
432 5027 551 5082 τῶν
584 5029 1035 5096 ἀνθεστηκότων
1059 5028 1133 5098 τῇ
1153 5028 1322 5098 δεξιᾷ
1355 5042 1471 5084 σου
1507 5027 1775 5098 φύλαξόν

207 5140 308 5193 με,
341 5122 538 5189 Κύριε,
568 5121 648 5186 ὡς
670 5122 855 5188 κόρην
897 5120 1222 5190 ὀφθαλμοῦ.
1265 5124 1368 5176 Ἐν
1421 5118 1618 5189 σκέπῃ
1670 5116 1785 5172 τῶν

213 5214 527 5284 πτερύγων
580 5231 697 5268 σου
770 5212 1098 5279 σκεπάσεις
1150 5231 1226 5283 με
1284 5213 1403 5269 ἀπὸ
1461 5211 1782 5281 προσώπου

210 5306 454 5363 ἀσεϐῶν
484 5305 604 5360 τῶν
644 5302 1226 5373 ταλαιπωρησάντων
1250 5323 1347 5376 με.
1408 5306 1517 5359 Καὶ
1547 5307 1653 5368 πᾶς
1691 5305 1788 5374 μὲν

213 5398 426 5461 δίκαιος
450 5397 883 5470 προσευχόμενος
936 5395 1130 5450 δείσθω
1178 5397 1270 5450 τοῦ
1331 5396 1486 5459 Θεοῦ,
1527 5399 1623 5469 τῆς
1660 5394 1785 5467 παρ’

211 5489 381 5545 αὐτοῦ
406 5488 791 5557 καταξιοῦσθαι
843 5490 1107 5560 φυλακῆς·
1146 5488 1422 5558 ὁμολογῶν
1478 5488 1550 5559 μὴ
1608 5488 1789 5551 ἱκανὸς

215 5578 355 5638 εἶναι
388 5581 558 5652 φύλαξ
586 5582 745 5645 αὐτὸς
766 5580 957 5636 ἑαυτοῦ
982 5580 1224 5649 γίνεσθαι
1243 5580 1333 5633 διὰ
1361 5580 1422 5631 τὸ
1454 5578 1651 5651 πλῆθος
1682 5580 1787 5632 τῶν

1893 4578 2014 4634 dem
2034 4579 2150 4649 spei
2177 4578 2429 4648 copulat,
2456 4577 2585 4630 dum
2614 4575 2689 4629 ait
2720 4591 2733 4627 :
2758 4572 2855 4627 Est
2885 4584 3060 4628 autem
3086 4575 3215 4643 ﬁdes
3245 4593 3466 4646 speran-

1894 4672 2087 4725 darum
2119 4669 2414 4725 substantia
2438 4684 2634 4732 rerum,
2668 4678 3030 4739 argumentum
3059 4684 3161 4722 non
3200 4684 3463 4738 apparen-

1895 4763 2027 4816 tium
2059 4761 2127 4814 ⁵ο.
2160 4759 2285 4815 Ηιεο
2324 4774 2488 4829 porro
2528 4774 2598 4814 ex
2643 4772 2754 4813 una
2800 4772 2928 4830 erga
2972 4757 3142 4814 Deum
3195 4759 3464 4816 charitate

1897 4853 2184 4918 oriuntur;
2224 4852 2401 4922 iisque
2431 4850 2673 4907 vicissim
2710 4851 2951 4906 charitas
2991 4866 3120 4921 erga
3155 4847 3325 4906 Deum
3371 4867 3463 4905 ro-

1893 4945 2139 5001 boratur.
3487 4942 3492 4953 '

1964 5034 2131 5091 Vens.
2171 5035 2226 5100 8,
2262 5036 2397 5113 9.,A
2434 5033 2792 5090 resistentibus
2838 5034 3066 5088 dextera:
3106 5044 3210 5088 tua:
3254 5034 3461 5088 custodi

1892 5143 1994 5191 me,
2021 5125 2263 5190 Domine,
2299 5134 2357 5179 ut
2395 5124 2648 5194 pupillam
2681 5124 2845 5185 oculi.
2876 5120 2982 5176 Sub
3018 5124 3205 5177 umbra
3251 5124 3461 5177 alarum

1891 5225 2099 5269 tuarum
2143 5223 2377 5285 proteges
2426 5230 2526 5277 me,
2572 5229 2605 5266 a
2641 5212 2777 5282 facie
2812 5214 3094 5282 impiorum
3131 5213 3220 5283 qui
3254 5228 3334 5266 nte
3377 5212 3463 5280 af-

1888 5306 2162 5375 ﬂixerunt.
2193 5304 2383 5360 Justus
2413 5304 2665 5373 quilibet,
2701 5319 2824 5357 cum
2860 5310 3133 5373 precatur,
3165 5316 3196 5355 a
3226 5300 3335 5355 Deo
3364 5301 3459 5353 ob-

1890 5398 2288 5468 nixepostulet
2323 5397 2400 5453 uti
2431 5414 2490 5454 se
2535 5397 2786 5452 custodia
2824 5412 2924 5451 sua
2956 5395 3249 5466 dignetur;
3282 5391 3457 5445 fatea-

1892 5500 2088 5560 ml‘(lue
2122 5506 2202 5552 se.
2234 5507 2347 5562 prae
2375 5490 2816 5548 adversariorum
2845 5486 3213 5547 multitudine,
3252 5480 3317 5535 ad
3354 5497 3453 5535 cu-

1892 5578 2124 5633 stodiam
2176 5577 2262 5633 sui
2295 5578 2517 5635 minime
2550 5575 2804 5634 idoneum
2831 5591 2954 5634 esse
2981 5592 2995 5629 :
3032 5577 3184 5641 roget
3216 5569 3344 5625 item
3379 5569 3455 5626 uti

288 5762 332 5823 ξ’
370 5759 475 5822 lsi.
500 5777 615 5831 Lm,
646 5761 742 5831 l9;
786 5760 804 5814 Ι
836 5761 981 5819 Petr.
1024 5777 1083 5829 ιι,
1108 5760 1196 5818 22.
1273 5762 1316 5795 δ’
1350 5760 1371 5814 l
1402 5759 1528 5817 Cor.
1550 5774 1670 5825 xm,
1706 5761 1787 5815 l3.

1893 5761 1908 5792 ι’
1943 5756 2107 5818 llebr.
2138 5774 2213 5826 ιιι,
2255 5759 2300 5817 ι.
