4042 6210
251 300 359 374 165

1390 292 1897 357 ῸΟΠΙΙΕΝΤΑΗΙΑ
1935 292 2002 349 IN
2033 290 2379 349 .PSALMGS.

3414 301 3517 356 966

251 430 323 484 ex
349 422 757 488 καταδύσεως’
798 418 828 475 6
852 420 909 474 δὲ
935 416 1248 491 Σύμμαχος⁸
1272 418 1348 489 (Ι)
1407 419 1550 472 Ἀπὸ
1605 414 1838 485 νεκρῶν

1942 419 2199 482 precatur
2234 413 2398 468 etiam
2424 412 2492 467 ab
2531 412 2599 469 iis
2632 392 2873 484 qui'jam
2907 413 3049 470 inter
3082 422 3330 492 mortuos
3360 431 3513 472 com-

251 519 372 575 ἀπὸ
404 515 838 573 ἐνδεδυκότων.
888 511 1175 582 Ῥυσθῆναι
1211 510 1320 581 γάρ
1348 508 1564 581 εὔχεται
1597 508 1692 562 καὶ
1726 506 1838 562 ἀπὸ

251 611 365 665 τῶν
389 611 449 665 ὲν
478 608 696 680 νεκροῖς
753 603 853 675 ἤδη
911 602 1305 672 λελογισμένων
1353 601 1442 655 διὰ
1491 601 1554 655 τὸ
1602 600 1837 671 πάμπαν

253 698 590 772 ὲστερῆσθαι
616 699 715 767 τῆς
735 694 874 749 κατὰ
902 693 1032 747 Θεὸν
1065 693 1229 762 ζωῆς.
1272 692 1420 746 Ἀντὶ
1467 692 1524 746 δὲ
1573 692 1691 757 τοῦ,
1716 692 1841 747 δια-

252 791 513 864 μέρισον
539 787 777 853 αὐτοὺς,
815 788 845 840 6
884 786 980 857 μὲν
1012 784 1242 849 Ἀκύλας
1270 786 1631 858 ἡρμήνεῡσεν,
1656 786 1840 854 μέρος

257 883 465 939 αὐτῶν
484 882 555 936 ὲν
584 879 711 949 ζωῇ·
741 883 768 933 6
788 879 843 932 δὲ
876 878 1190 950 Σύμμαχος,
1237 878 1277 947 ἠ
1322 877 1492 946 μερὶς
1540 876 1740 931 αὐτῶν
1770 878 1841 930 ἐν

260 976 463 1037 ζῶσιν.
489 974 730 1029 Διδάσκει
761 972 817 1025 δὲ
845 971 935 1026 διὰ
963 970 1189 1034 τούτων,
1223 970 1298 1034 ὡς
1334 970 1443 1024 τῶν
1499 969 1596 1041 μὲν
1627 967 1838 1023 ἀσεϐῶν

262 1067 362 1122 καὶ
407 1051 518 1120 τῶν
546 1063 801 1127 πολλάκις
829 1062 1236 1134 ὠνομασμένων
1266 1059 1478 1132 ἐχθρῶν
1525 1059 1618 1114 τοῦ
1644 1059 1779 1113 Θεοῦ
1802 1060 1837 1131 ἡ

268 1159 451 1232 μερὶς,
486 1158 580 1212 καὶ
600 1159 629 1212 6
657 1155 879 1229 κλῆρος,
897 1155 993 1211 καὶ
1021 1156 1172 1209 πᾶσα
1194 1155 1229 1226 ἡ
1254 1151 1543 1225 περιουσία
1565 1154 1623 1205 ὲν
1645 1152 1710 1221 τῇ
1736 1167 1841 1204 πα-

268 1249 436 1322 ρούσῃ
483 1248 592 1320 ζωῇ
621 1249 878 1319 τυγχάνει
911 1248 1004 1302 καὶ
1026 1248 1084 1300 ὲν
1109 1246 1186 1317 τῷ
1217 1245 1399 1317 θνητῷ
1433 1244 1552 1316 βίον
1585 1245 1643 1296 ὲν
1673 1237 1717 1311 ᾧ
1743 1242 1838 1297 καὶ

260 1341 505 1413 ἐπλήσθη
528 1342 564 1412 ἡ
595 1342 810 1415 γαστὴρ
838 1341 1018 1397 αὐτῶν
1045 1338 1227 1412 πάσης
1280 1339 1509 1412 τροφῆς,
1533 1337 1627 1390 καὶ
1660 1338 1841 1408 πάσης

255 1435 633 1503 ἀπολαύσεως,
664 1436 759 1490 καὶ
807 1434 1037 1506 τρυφῆς.
1100 1431 1258 1486 Ἀλλὰ
1308 1432 1402 1486 καὶ
1430 1430 1552 1485 τῶν
1590 1448 1842 1500 κεκρυμ-

247 1526 450 1598 μένων
472 1544 592 1584 σου
621 1528 805 1601 φησίνο
841 1527 956 1581 ἀνθ’
988 1518 1050 1580 οὗ
1082 1528 1112 1580 6
1159 1524 1454 1597 Σύμμαχος
1475 1524 1838 1597 ἡρμήνευσεν,

250 1620 499 1675 καὶτῶν
561 1619 887 1677 ἀποθέτων.
917 1619 1059 1673 Ὅσα
1090 1616 1199 1688 γάρ
1253 1619 1401 1671 ἐστιν
1453 1616 1513 1670 ὲν
1541 1615 1620 1687 τῷ
1664 1615 1842 1689 θνητῷ

251 1711 353 1784 βίῳ
386 1715 485 1768 καὶ
511 1716 583 1787 τῇ
611 1714 778 1784 θνητῇ
802 1712 917 1784 ζωῇ
946 1711 1125 1782 τίμια,
1174 1710 1286 1764 τῶν
1304 1707 1675 1782 νομιζομένων
1707 1711 1841 1764 ἀπο-

248 1801 424 1857 θέτων
458 1804 557 1857 καὶ
586 1801 940 1875 ἀποκρύφων,
959 1801 1273 1872 ἐσχήκασιν.

317 1896 491 1950 Αὐτοὶ
528 1895 658 1965 γοῦν
684 1894 778 1949 καὶ
830 1886 1029 1966 χρυσὸν
1067 1892 1161 1946 καὶ
1207 1890 1449 1963 ἄργυρον
1506 1891 1602 1945 καὶ
1654 1892 1834 1947 πάντα

247 1990 356 2061 γῆς
395 1986 653 2062 μέταλλα·
688 1986 1156 2059 περιειργάσαντο,
1203 1986 1384 2050 λίθους
1428 2001 1489 2038 τε
1548 1984 1837 2049 παντοίους

245 2082 472 2154 τιμίους
523 2082 617 2137 καὶ
674 2080 977 2144 πολυτελεῖς
1040 2078 1430 2152 ὲξηρεύνησαν,
1486 2074 1598 2133 καῖ
1633 2077 1835 2132 τούτω)

245 2173 512 2230 ἁπάντων
542 2171 908 2246 ἐπλήσθησαν·
934 2171 1137 2227 τέκνων
1166 2170 1223 2224 δὲ
1247 2171 1341 2226 καὶ
1374 2170 1526 2235 υίῶν,
1543 2171 1637 2224 καὶ
1670 2170 1836 2240 θυγα-

243 2265 426 2340 τέρων
456 2267 885 2340 ἐνεφορήθησαν.
909 2264 999 2319 Διὸ
1028 2264 1288 2334 ἐπιλέγει·
1342 2261 1838 2334 Ἐχορτάσθησαν

243 2355 416 2414 υἱῶν.
447 2353 560 2415 Κα⁶ι
585 2361 646 2413 ού
671 2359 828 2430 μόνον
855 2375 919 2428 γε
945 2353 1097 2413 αὐτοὶ
1147 2356 1351 2411 τούτων
1406 2355 1833 2429 ἐχορτάσθησαν,

244 2449 361 2503 ἀλλ’
391 2448 797 2522 ἐμπλησθέντες
849 2448 999 2502 αύτοί
1045 2465 1106 2502 τε
1151 2448 1425 2520 πρότεροι,
1481 2447 1715 2519 κλήρους
1740 2448 1835 2502 καὶ

243 2539 506 2612 διαδοχὰς
528 2544 637 2606 τοῖς
663 2542 777 2614 μετ’
811 2534 1008 2606 αὑτοὺς
1055 2540 1299 2610 ἐγγόνοις
1359 2542 1832 2598 καταλελοίπασιν.

251 2632 453 2697 Ἄλλος
477 2631 657 2704 φησίν·
689 2632 751 2686 El
790 2629 989 2702 καὶτῷ
1020 2630 1233 2700 θανάτῳ
1280 2630 1502 2696 τούτους
1534 2629 1833 2702 παραπέμῑ-

246 2720 350 2791 ψαι
385 2722 473 2775 σοι
496 2723 694 2795 ῥᾴδιον,
724 2716 1049 2776 ὧΔέσποτα·
1087 2719 1199 2774 ἀλλ’
1233 2716 1327 2776 οὖν
1378 2719 1603 2775 ἱκετεύω
1628 2718 1836 2784 ζῶντας

248 2810 456 2878 αὐτοὺς
482 2814 861 2885 σκεδασθῆναι,
896 2814 991 2868 καὶ
1020 2814 1118 2885 τὴν
1150 2815 1325 2886 κακὴν
1371 2813 1551 2868 αὐτῶν
1608 2811 1836 2884 συμφω-

248 2901 377 2957 νίαν
416 2903 751 2975 διαλυθῆναι,
781 2904 876 2958 καὶ
905 2903 1013 2956 τῶν
1040 2903 1415 2975 ἀποκειμένων
1440 2920 1520 2957 σοι
1552 2902 1834 2975 τιμωριῶν

250 2997 577 3064 μετασχεῖν.
618 2994 772 3049 Ούτω
797 2994 905 3066 γὰρ
930 2996 987 3048 ὲν
1015 2997 1082 3067 τῇ
1115 2995 1323 3069 μεγάλῃ
1376 2996 1487 3067 ᾠδῇ
1543 2995 1638 3049 τοῦ
1667 2996 1835 3050 Μωῠ-

246 3084 397 3151 σέως
421 3084 590 3152 αὐτὸς
610 3089 639 3141 6
665 3087 797 3150 Θεὸς
829 3105 992 3159 φησιν
1021 3098 1034 3117 ⁸
1070 3090 1190 3141 Οὐκ
1229 3087 1355 3141 ιδοὺ
1405 3088 1591 3142 ταῦτα
1639 3088 1836 3142 πάντα

1941 510 2224 572 putantur,
2257 505 2384 573 quia
2417 504 2530 559 vita
2570 505 2684 571 illa,
2711 521 2833 577 qua:
2876 507 3174 562 secundum
3200 506 3367 565 Deum
3400 518 3511 577 est,

1940 596 2158 664 penitus
2189 596 2493 665 privantur.
2539 597 2678 652 lllud
2708 605 2912 663 autem,
2958 598 3131 654 divide
3172 607 3512 681 eos..Aqttila,

1943 701 2068 755 pars
2096 702 2279 741 eorum
2311 688 2365 740 in
2407 689 2538 751 vita,
2570 689 2993 760 interpretatur;
3025 689 3385 763 Symmachus
3418 709 3516 750 au-

1942 784 2074 839 tem,
2105 793 2231 843 pars
2254 794 2433 831 eorum
2459 779 2516 832 in
2548 779 2851 854 viventibus.
2877 779 2974 836 His
3002 796 3168 851 porro
3193 784 3375 847 docet,
3412 784 3515 838 im-

1941 866 2158 935 piorum
2190 872 2246 920 et
2288 866 2635 921 inimicorum
2670 866 2787 933 Dei,
2831 868 2923 937 qui
2957 870 3013 921 in
3061 868 3147 923 his
3192 869 3514 939 plerumque

1943 964 2340 1023 memorantur,
2369 958 2697 1027 portionem,
2728 966 2928 1013 sortem
2957 974 3255 1031 omnesque
3285 961 3515 1017 faculta-

1942 1062 2026 1110 tes
2056 1055 2112 1109 in
2155 1053 2259 1109 hac
2289 1054 2547 1125 praesenti
2580 1060 2635 1109 et
2672 1054 2890 1108 mortali
2922 1054 3035 1111 vita
3081 1056 3216 1111 sitas
3246 1071 3387 1121 esse,
3423 1058 3515 1113 ubi

1941 1156 2130 1203 venter
2156 1161 2347 1203 eorum
2371 1146 2520 1202 omni
2559 1145 2804 1200 ciborum
2836 1160 3054 1217 genere,
3079 1148 3223 1202 omni
3259 1147 3517 1205 felicitate

1943 1254 2007 1294 ac
2042 1240 2321 1309 voluptate
2367 1240 2630 1309 repletur.
2693 1238 2807 1293 lmo
2862 1238 3027 1293 etiam
3068 1240 3133 1294 de
3190 1239 3515 1295 absconditis

1944 1332 2088 1396 tuis;
2119 1331 2282 1403 cujus
2313 1331 2435 1385 loco
2483 1330 2848 1403 Symmachus
2887 1330 3298 1402 interpretatur,
3351 1342 3402 1391 et
3442 1350 3517 1391 re-
3556 1319 3565 1335 ³

1942 1426 2129 1495 positis
2174 1427 2299 1481 tuis.
2337 1424 2616 1496 Siquidem
2656 1442 2848 1482 eorum
2893 1428 3136 1482 omnium
3165 1445 3288 1499 quae
3327 1430 3382 1485 in
3411 1432 3516 1488 hac

1942 1517 2163 1571 mortali
2190 1518 2301 1572 vita
2348 1528 2648 1573 occurrunt
2676 1519 3064 1589 pretiosorum,
3094 1535 3215 1590 quae
3249 1522 3393 1578 inter
3429 1538 3516 1580 re-

1943 1610 2164 1666 condita
2199 1617 2254 1667 et
2283 1610 2469 1666 abdita
2499 1619 2905 1681 computantur,
2937 1613 3094 1683 potiti
3123 1621 3275 1672 sunt.

2014 1873 2097 1928 Illi
2145 1873 2331 1945 itaque
2382 1871 2597 1939 aurum,
2654 1882 2966 1945 argentum,
3013 1877 3308 1948 omniaque
3355 1887 3514 1937 terrae

1941 1964 2159 2019 metalla
2206 1978 2420 2019 summa
2467 1961 2600 2019 cura
2638 1962 3104 2036 perduisi'verunt,
3138 1968 3346 2039 lapides
3389 1988 3515 2042 prec

1943 2054 2116 2112 tiosos
2152 2057 2238 2112 vel
2279 2056 2598 2112 rarissimos
2640 2057 2885 2137 cujusvis
2932 2059 3149 2128 generis
3185 2065 3517 2135 pervestiga-

1941 2154 2093 2209 runt,
2128 2146 2303 2217 iisque
2326 2148 2585 2204 omnibus
2616 2148 2899 2219 adimpleti
2932 2158 3061 2205 sunt
3095 2169 3109 2205 :
3144 2150 3268 2208 liliis
3303 2168 3517 2210 mascu-

1942 2237 2013 2293 lis
2046 2236 2333 2295 feminisve
2366 2234 2600 2294 saturati
2628 2249 2777 2297 sunt.
2806 2225 3172 2317 Quamobrem
3208 2244 3511 2317 subjungit,

1943 2330 2177 2384 saturati
2215 2324 2340 2383 sunt
2367 2330 2518 2398 ﬁliis.
2562 2329 2750 2402 Neque
2802 2316 2878 2388 illi
2927 2324 3137 2391 tantum
3183 2336 3252 2393 iis
3284 2316 3514 2394 saturati

1944 2430 2114 2486 sunt;
2146 2420 2240 2475 sed
2268 2429 2557 2492 postquam
2597 2423 2703 2498 ipsi
2738 2425 2951 2495 priores
2985 2427 3051 2482 ad
3085 2427 3393 2484 satietatem
3426 2446 3517 2488 us.

1942 2530 2049 2585 que
2080 2514 2147 2570 iis
2181 2523 2311 2568 sunt
2335 2515 2443 2579 usi,
2470 2516 2839 2591 barreditatem
2872 2521 3388 2593 successionemque
3418 2540 3517 2581 ne-

1942 2606 2162 2676 potibus
2188 2606 2542 2663 transmisere
2584 2609 2721 2665 suis.
2761 2609 2918 2666 Alius
2962 2611 3043 2667 sic
3079 2613 3510 2685 interpretatur:

1944 2698 2191 2763 Etiamsi,
2225 2700 2426 2771 inquit,
2474 2689 2736 2771 perfacile
2783 2698 2882 2759 tibi
2939 2704 3032 2768 sit,
3066 2704 3316 2772 Domine,
3366 2708 3517 2778 ipsos

1942 2796 2120 2844 morte
2145 2787 2355 2845 allicere
2381 2809 2393 2845 :
2432 2797 2508 2853 at,
2545 2806 2731 2862 quaeso
2751 2799 2823 2857 te,
2849 2793 3100 2852 homines
3121 2794 3250 2851 dum
3273 2796 3376 2852 hac
3405 2800 3513 2861 vita

1944 2880 2203 2938 fruuntur
2220 2882 2525 2954 disjungas,
2551 2882 2963 2957 improbamque
2990 2887 3136 2943 illam
3167 2891 3516 2946 concordiam

1943 2976 2203 3050 dissipes,
2251 2986 2312 3032 ut
2352 2993 2383 3032 a
2425 2986 2479 3035 te
2518 2980 2790 3056 repositas
2827 2981 3130 3038 sceleribus
3178 2985 3294 3039 suis
3327 2999 3519 3055 poenas

1942 3066 2117 3124 luant.
2142 3068 2221 3123 ita
2252 3070 2394 3125 enim
2418 3068 2474 3123 in
2506 3085 2703 3147 magno
2735 3068 2938 3144 Moysis
2976 3073 3194 3129 cantico
3217 3072 3361 3132 Deus
3399 3075 3517 3148 ipse

230 3165 567 3246 συνῆκται
598 3179 734 3249 παρ’
765 3178 913 3248 ἐμοὶ,
941 3178 1039 3233 καί
1063 3178 1456 3247 ἐσφράγισται
1479 3180 1548 3232 ἐν
1590 3179 1714 3245 τοῖς
1743 3183 1838 3248 θη-

1945 3161 2189 3231 loquitur
2225 3160 2459 3216 :Annon
2498 3176 2612 3215 ecce
2655 3161 2767 3216 haec
2814 3164 2993 3217 omnia
3031 3176 3349 3236 congregata
3394 3176 3517 3221 sunt

237 3267 513 3340 σαυροΐς
530 3288 672 3342 porr
702 3271 772 3325 ἐν
792 3269 979 3340 ἡμέρᾳ
1005 3268 1367 3335 ἐκδικήσεως
1418 3269 1838 3336 ἀνταποδώσω,

240 3360 318 3419 ἐν
347 3364 543 3432 καιρῷ
580 3352 729 3417 ὅταν
755 3358 967 3432 σφα.ιῇ
992 3364 1027 3417 ὀ
1053 3360 1209 3428 ποῦς
1255 3360 1472 3415 αὐτῶν.
1518 3356 1629 3415 Καὶ
1687 3362 1842 3416 τοῦτο

243 3453 305 3511 δὲ
338 3458 370 3510 6
405 3442 710 3528 Σύμμαχος
731 3452 903 3518 οὕτως
951 3452 1282 3525 ἠρμῆνευσε·
1321 3451 1843 3520 Χορτασθήσονται

240 3541 392 3615 υἱοὶ,
425 3547 527 3601 καὶ
553 3544 863 3615 ἀφήσουσι
889 3543 962 3597 τὰ
1002 3543 1269 3611 λείψανα
1323 3539 1523 3595 αὐτῶν
1572 3540 1698 3608 τοῖς
1728 3558 1838 3610 νη-

240 3640 412 3705 πίοις
443 3636 667 3692 αὐτῶν.
704 3631 854 3699 Οἶδα,
889 3634 1073 3706 φησὶν,
1098 3635 1180 3687 ὅτι
1224 3631 1320 3704 τὴν
1371 3631 1585 3686 δικαίαν
1615 3649 1708 3686 σου
1759 3649 1841 3685 τι-

239 3722 473 3804 μωρίαν
508 3727 570 3781 ού
608 3725 766 3798 μόνον
796 3724 978 3788 αὐτοῖς
1011 3721 1253 3786 ἐπάξεις,
1276 3720 1411 3775 ἀλλὰ
1444 3720 1537 3774 καὶ
1564 3722 1678 3783 τοῖς
1700 3720 1838 3774 υἱέσι

234 3825 338 3879 αα).
371 3822 494 3885 τοῖς
532 3815 775 3889 ἐγγόνοις
823 3816 927 3869 τῶν
974 3814 1254 3886 προγόνων
1312 3812 1571 3885 πονηρίαν
1600 3829 1841 3884 μιμησα-

237 3919 459 3991 μένοις.
495 3913 571 3967 Τδ
592 3911 669 3977 δὲ,
699 3907 1234 3982 χορτασθήσονται,
1284 3908 1405 3961 ἀντὶ
1430 3905 1548 3972 τοῦ,
1576 3908 1655 3970 εἰς
1678 3905 1839 3978 κόρον

240 4008 547 4083 μεθέξουσι
572 4004 680 4058 τῶν
702 4000 905 4057 κακῶν.

326 4098 492 4171 Ἐγὼ
547 4095 615 4150 δὲ
667 4096 738 4149 ἐν
767 4092 1118 4160 δικαιοσύνῃ
1173 4089 1509 4160 ὀφθήσομαι
1566 4088 1646 4156 τῷ
1695 4105 1840 4156 προ-

237 4191 443 4257 σώπφ
477 4201 617 4242 σου’
664 4181 1154 4255 χορτασθήσομαι
1200 4180 1270 4233 ἐν
1323 4177 1403 4244 τῷ
1446 4177 1706 4248 ὀφθῆναι
1736 4195 1842 4248 μοι

232 4286 365 4356 τὴν
392 4277 591 4348 δόξαν
617 4294 754 4335 σου.
799 4274 1022 4330 Ἐκεῖνοι
1069 4274 1165 4344 μὲν
1198 4271 1449 4336 τοιαύτας
1485 4269 1716 4325 δώσουσι
1758 4270 1840 4324 δί-

232 4395 375 4444 κας·
407 4374 523 4446 ἐγὼ
543 4373 600 4429 δὲ
630 4375 745 4436 τοῖς
775 4369 927 4442 παρὰ
947 4368 1045 4439 τῆς
1080 4365 1296 4429 δικαίας
1328 4364 1584 4435 προνοίας
1616 4362 1841 4433 ἀγαθοῖς

237 4466 608 4541 ἐντρυφήσω,
638 4466 831 4536 πεῖραν
868 4459 1132 4533 μεγίστην
1156 4458 1256 4528 τῆς
1285 4457 1386 4528 σῆς
1420 4456 1737 4527 εὐεργεσίας
1754 4456 1840 4509 δε-

1943 3253 2082 3322 apud
2112 3269 2213 3318 me,
2242 3261 2293 3307 et
2324 3253 2535 3323 signata
2568 3253 2623 3305 in
2662 3252 2921 3308 thesauris
2952 3255 3078 3309 meis
3104 3270 3122 3308 :
3145 3255 3199 3309 iu
3233 3254 3319 3311 die
3356 3246 3519 3312 ulline

1941 3346 2025 3402 nis
2077 3344 2388 3410 retribuam,
2447 3362 2548 3417 quo
2575 3354 2801 3414 tempore
2853 3346 3059 3401 labetur
3105 3365 3193 3418 pes
3247 3365 3428 3403 eorum
3448 3350 3515 3403 ⁸³.

1943 3435 2071 3492 llaec
2102 3437 2176 3492 ita
2206 3435 2568 3508 Symmachus
2604 3438 3012 3508 interpretatur,
3056 3439 3438 3493 saturabuulur
3457 3441 3519 3510 ﬁ-

1944 3527 2051 3591 liis,
2075 3536 2125 3582 et
2159 3526 2422 3582 dimittent
2460 3527 2709 3600 reliquias
2752 3543 2880 3582 suas
2923 3529 3156 3597 parvulis
3200 3530 3332 3584 suis.
3356 3528 3515 3597 Novi,

1944 3619 2143 3690 inquit,
2181 3626 2235 3674 te
2263 3635 2373 3674 non
2403 3619 2563 3674 modo
2593 3619 2834 3675 debitum
2869 3617 2938 3674 iis
2980 3619 3305 3690 supplicium
3334 3621 3519 3676 illaut-

1944 3728 2091 3778 rum,
2125 3712 2222 3769 sed
2259 3712 2423 3767 etiam
2456 3711 2582 3767 llliis
2621 3727 2687 3767 ac
2717 3710 3011 3781 nepotibus
3053 3726 3266 3778 eorum,
3305 3714 3351 3769 si
3386 3716 3514 3786 qui-

1944 3804 2068 3860 dem
2102 3816 2330 3859 avorum
2366 3802 2665 3873 nequitiam
2695 3803 2997 3858 imitentur.
3020 3790 3158 3858 Illud
3192 3812 3393 3873 autem,
3421 3823 3517 3863 sa~

1945 3894 2291 3959 turabuntur,
2323 3893 2378 3950 id
2398 3903 2503 3961 est,
2534 3894 2600 3950 ad
2625 3895 2933 3951 satietatem
2963 3902 3017 3951 et
3039 3882 3317 3951 fastidium
3345 3912 3517 3970 usque

1941 3987 2105 4043 malis
2135 4002 2256 4044 sese
2284 3986 2504 4044 dedent.
2676 3990 2677 3995 ‘

2013 4079 2183 4136 Vens.
2220 4079 2308 4135 15.
2347 4078 2458 4151 Ego
2489 4088 2666 4135 autem
2694 4081 2750 4134 in
2765 4080 2984 4150 justitia
3013 4081 3273 4151 apparebo
3303 4099 3518 4155 conspe-

1941 4174 2050 4227 ctui
2085 4182 2197 4240 tuo,
2238 4174 2478 4229 satiabor
2521 4190 2640 4228 cum
2686 4174 2993 4244 apparuerit
3034 4174 3162 4229 mihi
3190 4173 3364 4245 gloria
3397 4185 3511 4231 tua.

1940 4264 2023 4320 illi
2053 4266 2272 4338 quidem
2300 4266 2616 4338 hujusmodi
2662 4282 2857 4337 poenas
2896 4266 3127 4323 dabunt.
3173 4254 3287 4338 Ego
3332 4278 3515 4323 autem

1941 4360 2148 4429 paratis
2180 4374 2212 4413 a
2238 4359 2389 4429 justo
2420 4358 2759 4431 providentia
2808 4365 2899 4411 tua
2930 4356 3084 4412 fruar
3116 4358 3298 4423 bonis,
3337 4356 3516 4411 maxi-

1941 4465 2202 4520 mumque
2244 4450 2613 4506 beneﬁcentia
2654 4457 2762 4504 tuae
2804 4465 3017 4505 sumam
3061 4449 3513 4519 experimentum.

573 4519 714 4625 ’ἐγὼ
732 4519 795 4608 δὲ
826 4519 892 4626 ei.)
928 4519 1249 4624 πορισθείῇ
1294 4519 1384 4620 μοι
1438 4519 1752 4620 διιέαιοσύνῃ
1776 4566 1837 4602 τε

1943 4539 2056 4612 Ego
2089 4519 2223 4596 sane
2248 4541 2475 4610 justitiaa
2511 4548 2675 4610 atque
2705 4541 2919 4604 virtuti,
2958 4539 3118 4609 cujus
3157 4546 3347 4594 auctor
3381 4539 3518 4595 mihi

232 4647 350 4706 ml-
404 4645 575 4716 ἀρετῇ
615 4642 830 4715 θαρρῶν
893 4641 1461 4711 πεπαρρησιασμένως
1501 4638 1839 4709 ὀφθήσομαι

231 4739 331 4808 τῷ
365 4735 671 4807 προσώπῳ
699 4749 835 4789 σου.
881 4731 994 4787 Καὶ
1026 4730 1165 4802 αὕτη
1202 4730 1291 4802 μοί
1322 4732 1469 4784 ἐστιν
1523 4729 1696 4798 ἐλπὶς,
1741 4730 1838 4785 καὶ

233 4828 421 4898 οὗτος
457 4830 628 4902 μέγας
678 4828 890 4900 κλῆροςο
948 4819 1010 4881 οὗ
1065 4833 1194 4877 ποτε
1248 4822 1693 4895 πληρωθήσομαι,
1748 4825 1840 4879 καὶ

232 4918 701 4998 χορτασθήσομαι
745 4919 924 4992 πάσης
983 4918 1227 4995 τρυφῆς,
1262 4921 1320 4973 ἐν
1348 4915 1429 4989 τῷ
1470 4916 1701 4989 ὀφθῆναι
1741 4915 1840 4988 τὴν

231 5012 420 5084 δόξαν
444 5029 538 5066 σου
565 5014 625 5066 ἐν
651 5015 717 5085 τῇ
741 5012 846 5067 τῶν
869 5012 1110 5086 οὐρανῶν
1140 5011 1404 5085 βασιλείᾳ.

842 5126 1138 5181 ΨᾹΔΜΟΣ
1184 5126 1279 5183 lZ'.

306 5219 438 5287 Εἰς
468 5219 535 5274 τὸ
562 5212 738 5286 τέλος
770 5213 849 5284 τῷ
893 5218 1059 5275 παιδί
1084 5219 1298 5288 Κυρίου
1321 5211 1402 5286 τῷ
1428 5208 1628 5280 Δαυῗδ,
1645 5212 1683 5270 ἄ
1699 5212 1838 5268 ἐλά-

226 5319 426 5385 λησε
453 5307 534 5382 τῷ
580 5312 775 5380 Κυρίῳ
824 5300 966 5376 τοὺς
1000 5310 1222 5380 λόγους
1270 5306 1382 5377 τῆς
1405 5306 1564 5376 ᾠδῆς
1593 5307 1835 5374 ταύτης,

317 5474 375 5507 ⁸³
424 5470 584 5528 Deut.
628 5480 803 5533 nxu,
862 5467 952 5524 3'4.

1944 4631 2121 4694 fuisti.
2147 4635 2409 4696 conlisus,
2442 4638 2560 4687 tuta
2581 4631 2916 4688 conscientia
2940 4629 3199 4701 apparebo
3221 4632 3520 4700 conspectui

1947 4735 2059 4779 tuo.
2086 4723 2202 4779 Hac
2232 4724 2288 4779 in
2331 4739 2429 4794 spe
2475 4738 2704 4779 versor:
2733 4723 2850 4779 haec
2891 4722 3027 4778 mihi
3065 4736 3263 4794 magna
3293 4715 3518 4779 baeredi-
3572 4743 3583 4747 ν

1944 4824 2053 4880 tas,
2102 4830 2210 4886 qua
2264 4814 2536 4887 replebor,
2588 4820 2643 4870 et
2694 4812 2760 4868 ad
2808 4813 3113 4869 satietatem
3164 4826 3340 4882 usque
3369 4809 3519 4866 omni

1945 4910 2225 4980 voluptate
2260 4907 2436 4976 fruar,
2469 4922 2594 4964 cum
2636 4907 2692 4962 in
2718 4921 2886 4979 regno
2908 4906 3173 4965 caelorum
3204 4903 3518 4977 apparuerit

1949 5001 2124 5076 gloria
2153 5009 2266 5058 tua.

2468 5110 2793 5168 PSALMUS
2829 5110 2993 5166 XVII.

2019 5204 2185 5260 Vens.
2223 5205 2274 5260 1.
2300 5203 2368 5259 In
2389 5203 2546 5274 ﬁnem
2563 5219 2723 5273 puero
2741 5202 2944 5258 domini
2962 5200 3151 5267 David,
3173 5216 3290 5273 qua
3313 5201 3517 5255 locutus

1946 5311 2024 5356 est
2077 5300 2304 5357 Domino
2342 5298 2498 5355 verba
2540 5298 2736 5354 cantici
2768 5296 2950 5368 hujus,
2981 5296 3040 5353 in
3076 5295 3162 5351 die
3189 5311 3295 5365 qua
3322 5290 3512 5360 eripuit

322 5618 419 5691 (ι)
456 5608 583 5669 Haec
624 5618 755 5667 sunt
814 5603 1078 5663 Hebraica
1128 5593 1316 5663 verba,
1360 5597 1533 5657 num
1564 5576 1721 5681 Dp'in
1756 5576 1913 5656 15m:
1950 5600 2181 5655 omnia.
2211 5592 2419 5665 Aquilae
2459 5596 2839 5666 interpretatio
2876 5595 3004 5691 huic
3064 5582 3516 5691 prorsushsimilis

238 5675 445 5768 fertur
476 5702 908 5779 aputhrusium
937 5707 996 5779 et
1014 5696 1153 5751 alios
1183 5713 1200 5779 ξ
1228 5691 1322 5779 sed
1338 5675 1838 5779 Symmachi-versi

1942 5689 2103 5779 'itiata
2138 5690 2380 5772 occurrit
2401 5689 2835 5779 .ilbidemAKiipte
2873 5686 2981 5742 ἀπὸ
3023 5683 3129 5737 τῶν
3162 5675 3518 5738 ἐνδεδοκότων

238 5759 752 5855 ξ’μίξρὶςτένήζωῇ.
786 5772 854 5827 At
876 5771 1038 5827 lectio
1077 5759 1264 5822 nostra
1307 5759 1595 5826 sincerior,
1620 5774 1742 5830 quae
1774 5760 1826 5812 in
1850 5762 2103 5817 omnibus
2130 5776 2262 5817 mss.
2293 5761 2543 5817 similiter
2571 5759 2814 5816 effertur.
