3980 6214
548 274 656 334 ιοτ
710 255 723 267 ’

1254 268 1523 330 unseen
1557 270 2040 329 cmsameusns
2068 258 2221 331 our.
2245 252 2427 331 rans
2457 250 2546 333 tu.
2570 307 2639 317 -
2667 270 3079 332 EXEGETICA.

3679 272 3794 331 168

536 410 655 450 eum
673 393 930 448 Dominus
952 392 1015 447 de
1030 408 1187 446 manu
1209 395 1440 446 omnium
1459 393 1793 445 inimicorum
1815 390 1952 458 ejus,
1970 400 2020 444 et
2046 390 2093 443 d4

2207 391 2278 443 ἐν
2303 389 2491 459 ἡμέρᾳ
2545 384 2586 461 ᾗ
2637 391 2934 458 ἐρρύσατο
2980 388 3168 443 αὐτὸν
3212 390 3427 465 Κύριος
3487 388 3555 441 ἐκ
3594 389 3796 457 χειρὸς

537 504 700 543 manu
729 485 881 549 Saul,
923 496 972 540 et
1011 486 1171 540 dixit.
1203 485 1568 556 Symmachus
1599 482 1917 539 :Canttcum
1945 488 2109 537 victo-

538 580 633 648 ria:
657 579 794 633 servi
834 577 1049 632 Domini
1070 576 1265 631 David.

605 749 715 808 Par
742 752 888 807 enim
924 749 1027 805 fuit
1059 765 1161 806 nos
1201 767 1268 806 ex
1307 751 1426 823 ipso
1466 751 1677 821 psalmo
1707 749 1973 814 ediscere,
2005 750 2112 804 Da-

536 842 737 907 videm,
781 842 1073 896 occasione
1111 842 1354 897 victoriae
1396 842 1464 897 de
1494 841 1733 896 inimicis
1778 852 1833 894 et
1859 841 2108 897 hostibus

534 932 721 1005 parta},
769 933 948 987 omnis
979 933 1217 988 victoriae
1251 935 1484 999 auctori,
1524 935 1618 1004 qui
1656 933 1780 988 ideo
1811 935 2105 998 νικοποιός,

533 1025 589 1080 id
621 1033 705 1080 est
738 1020 973 1075 victorim
994 1019 1230 1089 effector,
1258 1024 1482 1091 dicitur,
1531 1025 1677 1096 quod
1720 1027 1957 1081 victores
1998 1026 2109 1081 eili-

533 1115 664 1181 ciat,
693 1116 1077 1186 triumphalem
1108 1117 1254 1172 hunc
1282 1118 1539 1189 hymnum
1565 1133 1943 1174 consecrasse.
1967 1118 2108 1184 Quia

532 1207 659 1264 item
695 1209 782 1263 hic
812 1210 1045 1279 hymnus
1079 1209 1194 1264 sive
1235 1212 1508 1264 Canticum
1550 1210 1899 1280 triumphale,
1944 1208 2109 1265 Davi-

530 1299 619 1357 dis
641 1301 845 1356 dicitur
878 1315 1022 1356 esse.
1074 1301 1252 1372 Atque
1293 1302 1348 1355 in
1381 1302 1539 1372 ﬁnem
1572 1302 1895 1357 inscribitur
1923 1320 1938 1356 :
1970 1318 2110 1372 quo-

531 1393 677 1449 niam
720 1394 926 1449 scilicet
962 1394 1252 1463 postremis
1321 1394 1442 1449 vitae
1480 1395 1603 1464 ejus
1642 1395 1823 1458 annis,
1872 1407 1936 1448 ac
1985 1402 2107 1465 post

529 1487 714 1541 omnia
737 1502 859 1555 quae
884 1486 941 1540 in
965 1485 1192 1540 historia
1226 1485 1477 1541 feruntur
1500 1486 1621 1553 ejus
1649 1500 1838 1557 opera,
1863 1501 2109 1556 pronun-

531 1580 703 1633 tiatus
732 1585 850 1644 est;
886 1586 982 1634 aut
1013 1580 1140 1649 quia
1173 1579 1515 1648 prophetiam
1543 1594 1732 1633 eorum
1767 1594 1889 1649 qua:
1914 1579 1968 1632 in
2001 1578 2108 1633 fine

530 1672 714 1727 saeculi
745 1670 1047 1726 obventura
1071 1678 1199 1726 sunt
1227 1673 1513 1738 enuntiat;
1546 1672 1660 1727 sive
1691 1673 1852 1726 tertio
1880 1672 2005 1742 quia
2036 1672 2104 1727 ad

2211 481 2453 535 πάντων
2476 479 2595 534 τῶν
2621 480 2853 551 ἐχθρῶν
2874 479 3082 546 αὐτοῦ,
3117 479 3216 532 καί
3249 477 3318 532 ἐκ
3342 478 3537 548 χειρὸς
3563 478 3792 544 Σαοὺλ,

2212 572 2311 624 καὶ
2336 571 2486 625 εἷπε.
2539 568 2851 641 Σύμμαχος
2898 568 3217 623 Ἑπινίκιον
3260 568 3367 622 τοῦ
3416 566 3641 621 δούλου
3667 570 3795 621 Κυ-

2203 666 2341 733 ρίου
2374 663 2482 718 τοῦ
2513 662 2712 718 Δαυῖδ.

2276 752 2419 806 Ἔδει
2443 752 2551 824 γὰρ
2576 754 2722 824 ἡμᾶς
2780 752 3094 823 ἀναγκαίως
3122 751 3231 805 ἀπὸ
3270 750 3365 805 τοῦ
3391 749 3605 822 ψαλμοῦ
3642 751 3797 820 γνῶ-

2209 862 2317 908 ναι,
2361 845 2444 897 ὅτι
2499 843 2592 896 ἐπὶ
2633 846 2754 908 ταῖς
2810 844 2985 907 νίκαις
3046 846 3165 907 ταῖς
3209 842 3351 897 κατὰ
3400 841 3508 895 τῶν
3576 842 3795 916 ἐχθρῶν

2210 937 2304 989 καὶ
2344 934 2615 1005 πολεμίων
2655 935 2746 989 τὸν
2799 935 3156 1007 προκείμενον
3204 934 3372 1005 ῦμνον
3412 934 3676 989 ἐπινίκιον
3710 936 3797 1009 τῷ

2210 1030 2391 1101 πάσης
2453 1029 2610 1099 νίκης
2673 1029 2830 1099 αίτίῳ
2859 1068 2874 1093 ,
2925 1027 3004 1099 τῷ
3062 1029 3156 1082 καὶ
3193 1027 3420 1099 νικητὰς
3473 1028 3795 1101 ἀπερῨαζο-

2212 1121 2376 1192 μένῳ,
2411 1122 2505 1175 καὶ
2545 1121 2633 1175 διὰ
2656 1120 2813 1174 τοῦτο
2834 1120 3091 1191 νικοποιῷ
3124 1120 3467 1192 κεκλημένῳ,
3521 1121 3792 1194 ἀνέθηκεν

2206 1216 2236 1266 ό
2264 1213 2445 1266 Δαυῖδ’
2482 1214 2575 1267 καὶ
2614 1213 2696 1266 ὃτι
2740 1213 3003 1276 ὲπινίκιος
3029 1206 3184 1276 οὗτος
3228 1214 3257 1264 ὁ
3306 1212 3473 1283 ὕμνος
3507 1213 3541 1285 ἢ
3594 1216 3627 1285 ή

2208 1306 2422 1377 εἴρηται
2452 1304 2545 1359 τοῦ
2574 1305 2754 1358 Δαυΐδ.
2776 1306 2882 1369 Εἰς
2907 1304 2973 1357 τὸ
3003 1304 3177 1371 τέλος
3199 1304 3277 1370 δὲ,
3303 1306 3420 1376 ἦτοι
3452 1303 3540 1359 διὰ
3566 1306 3628 1359 τὸ
3643 1307 3793 1377 ἀμφὶ

2207 1400 2331 1460 τοὺς
2369 1397 2711 1460 τελευταίους
2732 1399 2833 1468 τῆς
2861 1398 3006 1469 ζωῆς
3040 1397 3205 1451 αὑτοῦ
3243 1398 3487 1469 χρόνους,
3522 1400 3617 1453 καὶ¹
3648 1398 3793 1469 μετὰ

2208 1490 2388 1553 πάσας
2415 1489 2579 1542 αὐτοῦ
2607 1490 2705 1554 τὰς
2731 1489 2954 1562 πράξεις
2985 1489 3082 1552 τὰς
3138 1490 3443 1561 φερομένας
3463 1492 3521 1543 ὲν
3543 1494 3610 1562 τῇ
3644 1492 3791 1545 ἱστο-

2208 1584 2303 1655 ρίᾳ
2351 1582 2617 1653 λελέχθαι·
2662 1582 2695 1654 ἢ
2751 1583 2839 1636 διὰ
2881 1583 2942 1636 τὸ
2992 1582 3327 1656 προφητείας
3372 1584 3649 1655 περιέχειν
3678 1584 3791 1638 τῶν

2211 1674 2509 1746 μελλόντων
2568 1674 2787 1729 ἔσεσθαι
2832 1676 2925 1728 ἐπὶ
2991 1675 3271 1747 συντελείᾳ
3332 1674 3428 1728 τοῦ
3482 1675 3698 1755 αἰῶνος·
3750 1676 3789 1749 ἢ

528 1777 593 1818 ea
627 1778 747 1833 qua:
790 1763 844 1816 in
896 1771 1170 1833 postrema
1212 1763 1377 1831 hujus
1409 1763 1597 1834 hymni
1644 1772 1801 1833 parte
1832 1764 2093 1829 feruntur,

2207 1766 2408 1838 τρίτον,
2431 1766 2519 1819 διὰ
2554 1766 2616 1819 τὺ
2652 1768 2744 1819 ἐπὶ
2779 1765 2850 1819 τὰ
2873 1767 3000 1838 τέλη
3053 1767 3162 1821 τῶν
3192 1768 3583 1840 ἐμφερομένων
3611 1752 3791 1837 λόγων

527 1855 700 1924 lector
728 1857 1043 1911 remittitur.
1070 1853 1128 1909 In
1148 1870 1258 1925 quo
1282 1853 1529 1928 [triplici]
1563 1856 1689 1919 tlne,
1722 1857 1938 1911 vocatio
1968 1871 2100 1926 gens

526 1948 661 2003 tium
694 1956 747 2002 et
771 1948 1053 2018 prophetia
1082 1947 1149 2002 de
1178 1946 1422 2001 Christo.
1455 1946 1568 2001 Hoc
1598 1956 1782 2002 autem
1820 1947 1979 2002 modo
2012 1962 2103 2001 va-

524 2041 809 2106 ticinatur,
836 2049 895 2093 ut
934 2034 1154 2094 Saulem
1191 2056 1316 2095 cum
1353 2039 1477 2094 aliis
1521 2040 1777 2094 omnibus
1817 2055 1921 2094 una
1953 2055 2102 2094 com-

524 2129 814 2199 plectatur.
875 2129 996 2183 Alia
1059 2136 1279 2200 quoque
1325 2132 1535 2185 ratione
1580 2132 1758 2200 ipsum
1817 2130 1885 2185 de
1932 2146 2098 2185 manu

528 2214 659 2273 Saul
691 2220 943 2274 liberavit
970 2239 985 2276 :
1020 2219 1334 2292 frequenter
1362 2222 1506 2276 enim
1530 2236 1627 2290 per
1655 2212 1868 2274 manuni
1906 2221 2102 2275 intelli-

523 2311 671 2382 gitur
707 2326 868 2382 opus.
898 2311 1067 2382 Igitur
1100 2313 1193 2383 qui
1236 2314 1488 2368 liberavit
1520 2311 1773 2367 Davidem
1806 2326 1872 2367 ex
1921 2298 2129 2371 omni-1

524 2402 629 2458 bus
661 2402 898 2457 inimicis
927 2404 1064 2470 suis,
1092 2405 1217 2473 jure
1240 2419 1304 2459 ac
1332 2413 1734 2472 consequenter
1762 2402 1943 2472 ipsum
1982 2417 2101 2456 mar

517 2495 735 2567 ﬁoribus
778 2496 1057 2551 beneficiis
1087 2497 1423 2561 devinciens,
1458 2512 1527 2550 ex
1560 2495 1662 2549 hac
1696 2493 1877 2550 Saulis
1910 2511 2096 2560 manu,

523 2590 640 2646 siVe
663 2605 849 2660 opere,
896 2591 1102 2661 pariter
1134 2588 1374 2661 eripuit,
1420 2597 1480 2643 ut
1515 2605 1622 2643 non
1658 2588 1811 2659 paria
1845 2604 1969 2643 cum
2004 2589 2098 2644 illo

522 2665 824 2750 pateretur.

593 2772 760 2831 Vens.
795 2773 852 2839 2,
887 2775 921 2829 5
982 2774 1217 2845 Diligam
1255 2783 1323 2834 le,
1366 2772 1608 2838 Domine,
1641 2773 1899 2842 fortitudo
1941 2789 2096 2829 mea:

521 2865 780 2922 Dominus
809 2869 1203 2938 ﬁrmamentum
1242 2882 1410 2919 meum
1441 2875 1491 2919 et
1516 2866 1781 2935 refugium
1821 2881 2015 2931 meum,
2042 2877 2094 2920 et

523 2960 775 3016 liberator
804 2975 966 3013 meus.
1001 2958 1144 3013 Deus
1183 2968 1327 3012 meus
1358 2958 1574 3026 adiutor
1603 2973 1767 3024 meus,
1796 2966 1846 3011 et
1874 2956 2094 3025 sperabo

2206 1858 2300 1909 τοῦ
2324 1856 2682 1928 προκειμένου
2735 1854 2906 1927 ὕμνου
2930 1856 3021 1909 τὸν
3060 1857 3459 1926 ἐντυγχάνοντα
3492 1855 3789 1927 παραπέμ-

2207 1962 2346 2001 πειν·
2384 1950 2442 2001 ὲν
2468 1942 2550 2011 οἷς
2601 1946 2861 2019 τέλεσινή
2892 1947 3085 2017 κλῆσις
3122 1947 3230 2001 τῶν
3276 1946 3444 2000 ἐθνῶν
3467 1946 3563 2001 καὶ
3594 1950 3628 2017 ὴ
3660 1947 3788 2019 περὶ

2174 2039 2298 2092 ’τοῦ
2333 2039 2569 2109 Χριστοῦ
2607 2040 2933 2111 προφητεία.
2998 2039 3200 2093 Τοῦτον
3245 2039 3491 2103 θεσπίζει
3532 2038 3625 2092 τὸν
3662 2039 3777 2109 τρό-

2205 2147 2325 2193 πον,
2357 2131 3027 2203 συμπαραλαμϐανομένου
3056 2136 3169 2194 τοῖς
3197 2132 3333 2183 πᾶσι
3361 2130 3453 2184 καὶ
3481 2129 3573 2184 τοῦ
3591 2130 3786 2186 Σαούλ.

2212 2224 2321 2278 Καὶ
2345 2222 2516 2287 ἄλλως
2545 2220 2602 2273 δὲ
2630 2220 2789 2274 αὐτὸν
2823 2222 2886 2273 ὲκ
2931 2219 3112 2291 χειρὸς
3146 2220 3319 2274 Σαοὺλ
3361 2208 3650 2293 ἐρρύσατο,
3683 2225 3783 2297 τῆς

2210 2312 2392 2384 χειρὸς
2434 2311 2690 2374 πολλάκις
2742 2311 2860 2364 ἀντὶ
2895 2311 3143 2380 πράξεως
3190 2311 3776 2387 παραλαμϐανομένης,

2209 2404 2447 2465 Εἰκότως
2496 2398 2589 2455 οῦν
2636 2403 2664 2453 ὁ
2708 2400 3008 2472 ῥυσάμενος
3057 2400 3219 2454 Δαυτδ
3278 2404 3341 2455 ὲκ
3404 2404 3621 2458 πάντων
3669 2407 3778 2459 τῶν

2211 2494 2418 2565 ἐχθρῶν
2444 2492 2630 2555 αὑτοῦ,
2669 2493 2926 2564 μειζόνως
2958 2493 3119 2546 αὐτὸν
3161 2493 3494 2564 εὐεργετῶν,
3529 2496 3623 2549 καὶ
3649 2497 3770 2551 ταύ·

2209 2603 2308 2658 της
2356 2586 2455 2655 τῆς
2489 2584 2669 2655 χειρὸς
2708 2582 2802 2637 τοῦ
2852 2583 3040 2649 Σαοὺλ,
3091 2584 3336 2639 τουτέστι
3380 2587 3480 2656 τῆς
3525 2590 3779 2660 πράξεως

2210 2676 2397 2741 αὐτοῦ,
2433 2677 2720 2749 ἐρρύσατο,
2746 2676 2821 2740 ὡς
2858 2676 2935 2748 μὴ
2964 2677 3031 2730 τά
3054 2678 3214 2748 ὅμοια
3242 2678 3433 2732 παθεῖν
3462 2680 3676 2751 ἐκείνῳ.

2283 2765 2601 2836 Ἀγαπήσω
2627 2782 2722 2829 σε,
2770 2766 2968 2833 Κύριε,
3002 2766 3180 2834 ἰσχύς
3213 2781 3352 2833 μου·
3388 2764 3599 2832 Κύριος
3636 2777 3781 2817 στε-

2192 2854 2394 2925 ρέωμά
2412 2874 2532 2927 μου
2559 2856 2657 2910 καί
2685 2855 2997 2926 καταφυγή
3036 2872 3178 2925 μου,
3228 2855 3335 2927 καὶ,
3351 2856 3584 2924 ρὐτης
3633 2874 3779 2925 μου.

2213 2948 2275 3002 ὀ
2310 2950 2453 3014 Θεός
2476 2967 2616 3018 μου,
2642 2950 2869 3016 ,ϐοηθός
2893 2965 3037 3017 μου,
3060 2947 3159 3001 καὶ
3200 2947 3387 3001 ἐλπιώ
3428 2947 3521 3000 ἐπ’
3571 2948 3778 3001 αὐτόν’

521 3052 580 3106 in
606 3068 723 3106 eum
750 3065 767 3104 :
789 3058 1052 3120 protector
1076 3065 1220 3103 meus
1250 3058 1298 3103 et
1334 3064 1497 3101 cornu
1530 3048 1723 3102 salutis
1742 3064 1868 3102 mea:
1894 3058 1941 3101 et
1969 3065 2093 3103 sus-

2200 3040 2653 3108 ὐπερασπιστής
2717 3058 2858 3110 μου,
2925 3040 3025 3094 καὶ
3070 3038 3247 3109 κέρας
3291 3038 3404 3108 τῆς
3481 3039 3778 3108 σωτηρίας

519 3152 696 3212 ceptor
744 3118 888 3195 meus
930 3182 944 3195 .
989 3179 1003 3193 .
1050 3181 1064 3196 .
1111 3180 1125 3195 .
1170 3180 1186 3194 .
1245 3182 1259 3195 .
1306 3178 1320 3193 .
1394 3139 1512 3192 Alia
1560 3147 1777 3209 quoque
1827 3140 2093 3194 sententia

2200 3152 2351 3203 μου,
2405 3133 2503 3188 καί
2560 3135 2938 3202 ἀντιλήπτωρ
2992 3151 3110 3202 μου
3152 3169 3167 3187 .
3213 3173 3228 3186 .
3271 3170 3287 3188 .
3331 3172 3347 3187 .
3394 3171 3408 3185 .
3449 3129 3560 3185 Καὶ
3604 3132 3780 3198 ἄλλως

519 3230 689 3288 Deum
720 3240 881 3286 vocat
908 3229 1303 3294 fortitudinem,
1334 3230 1626 3283 humanam
1651 3229 1919 3285 conﬁtens
1946 3232 2099 3285 inﬁr-

517 3324 792 3388 mitatem,
839 3337 962 3393 qua:
1004 3322 1124 3377 sine
1156 3319 1268 3376 Deo
1299 3320 1435 3375 nihil
1484 3335 1647 3391 agere
1683 3321 1891 3388 valeat;
1927 3337 2097 3391 quare

518 3414 603 3472 sic
650 3415 727 3469 ait
763 3414 964 3470 Paulus
992 3433 1005 3469 :
1036 3411 1230 3468 Omnia
1268 3428 1482 3481 possum
1533 3412 1585 3465 in
1624 3402 1836 3466 Christo
1885 3412 1975 3483 qui
2015 3427 2095 3466 me

518 3507 785 3579 confortat
808 3506 875 3562 ⁸⁸.
912 3507 1112 3578 Aquila
1144 3520 1310 3576 porro
1354 3515 1407 3560 et
1449 3502 1831 3576 Symmachus,
1877 3504 1997 3558 vice
2026 3503 2093 3557 il-

518 3599 648 3664 lius,
710 3599 1002 3671 fortitudo,
1049 3609 1257 3669 petram
1306 3596 1646 3666 interpretati
1705 3605 1874 3651 sunt:
1910 3596 2093 3666 aitque

516 3708 750 3762 magnus
797 3692 1094 3762 Apostolus
1124 3709 1138 3745 :
1166 3689 1331 3743 Petra
1371 3697 1548 3742 autem
1594 3699 1710 3741 erat
1753 3685 1995 3742 Christus
2019 3686 2086 3741 ⁸⁵.

515 3780 652 3835 Cum
685 3795 850 3849 supra
892 3788 1101 3849 petram
1134 3778 1297 3841 hanc,
1329 3777 1550 3832 domum
1582 3793 1735 3831 suam
1775 3778 1940 3832 David
1967 3777 2090 3831 fun-

514 3869 723 3937 dasset,
751 3871 949 3926 similis
988 3877 1105 3925 erat
1142 3870 1253 3923 viro
1274 3869 1518 3936 sapienti,
1550 3870 1639 3937 qui
1666 3868 1949 3938 mdiﬁcavit
1987 3867 2087 3921 do-

515 3978 661 4017 mum
700 3977 854 4015 suam
894 3975 1057 4031 supra
1101 3959 1391 4029 petram“.
1443 3956 1787 4028 QuaprOpter
1831 3957 2085 4012 omnibus

513 4053 755 4109 inimicis
793 4052 933 4117 suis,
989 4052 1082 4121 qui
1118 4051 1333 4121 pluvia,
1373 4056 1661 4103 ventorum
1715 4056 1769 4102 et
1798 4046 2084 4101 ﬂuminum

512 4144 687 4199 instar
719 4143 1114 4214 impingehant,
1169 4140 1422 4210 superior
1469 4138 1696 4193 ell‘ectus
1736 4147 1841 4192 est.
1878 4134 2081 4190 Verum

511 4235 1057 4308 neque‘satellitibus
1107 4247 1173 4287 ac
1220 4229 1485 4287 exercitui
1541 4228 1785 4284 conﬁsus
1835 4234 1940 4293 est,
1984 4226 2082 4283 sed

509 4329 621 4389 Deo
643 4345 804 4402 quem
835 4328 1026 4383 habuit
1053 4325 1459 4397 Opitulatorem,
1485 4322 1635 4377 omni
1664 4336 1860 4392 genere
1895 4309 2091 4374 armo-'

507 4438 629 4478 rum
677 4425 1007 4479 instructum
1049 4428 1104 4476 et
1149 4433 1321 4475 cornu
1369 4417 1587 4481 salutis,
1624 4415 1696 4469 ita
1740 4420 1799 4468 ut
1827 4413 2075 4470 diceret:

509 4512 576 4571 In
606 4524 653 4570 te
676 4517 914 4570 inimicos
948 4523 1156 4569 nostros
1186 4511 1553 4569 ventilabimus
1576 4526 1739 4565 cornu
1759 4510 1826 4564 ⁵⁷.

578 4605 746 4664 Vens.
810 4609 931 4663 5‘7.
976 4606 1445 4664 Circumdetlerunt
1524 4620 1605 4658 me
1666 4602 1873 4657 datores
1934 4616 2077 4653 mor-

509 4699 598 4764 tis,
622 4709 670 4754 et
703 4709 955 4755 torrentes
982 4701 1280 4771 iniquitatis
1308 4696 1751 4753 conturbauerunt
1774 4711 1875 4749 me.
1912 4692 2078 4748 Dole-

507 4808 590 4846 res
620 4791 811 4862 inferni
849 4792 1310 4846 circumdederunt
1342 4806 1443 4853 me,
1474 4793 1967 4856 prwoccupaverunt
1997 4800 2078 4838 me

506 4880 681 4952 laquei
714 4883 918 4935 mortis.
956 4878 1021 4934 In
1072 4879 1412 4935 tribulatione
1444 4893 1561 4931 mea
1611 4877 1845 4930 inuocaui
1899 4874 2078 4928 Domi-

505 4987 653 5037 num,
687 4982 737 5026 et
785 4972 853 5026 ad
891 4972 1059 5026 Deum
1115 4988 1287 5026 meum
1320 4969 1567 5024 clamavi.
1600 4967 1669 5022 Et
1705 4966 1972 5022 exaudiuit
2015 4966 2079 5020 de

507 5063 695 5129 templo
733 5074 915 5118 sancto
951 5080 1046 5118 sua
1078 5080 1251 5118 vocem
1296 5080 1488 5130 meam,
1512 5072 1570 5118 et
1610 5061 1811 5131 clamor
1843 5075 1989 5113 meus
2021 5058 2077 5111 in

506 5165 778 5223 conspectu
797 5154 912 5224 ejus
945 5155 1181 5208 introibit
1207 5156 1259 5209 in
1288 5171 1442 5211 aures
1469 5154 1603 5225 ejus.
1639 5151 1738 5207 His
1769 5151 1929 5206 docet
1965 5161 2075 5219 quo

505 5254 666 5317 pacto
699 5260 729 5299 a
749 5246 1091 5302 torrentibus
1130 5246 1441 5317 iniquitatis
1466 5246 1740 5309 turbatus,
1763 5251 1819 5300 et
1847 5240 2075 5311 reliquis

504 5355 626 5411 quae
654 5340 817 5410 supra
865 5348 1239 5396 memorantur
1280 5340 1439 5394 malis
1482 5337 1912 5401 circumventus,
1947 5349 2072 5389 cum

505 5449 565 5490 se
593 5435 648 5489 in
680 5434 924 5506 periculo
952 5434 1310 5489 constitutum
1344 5448 1464 5488 esse
1494 5432 1739 5493 sentiret,
1772 5428 1841 5483 ad
1874 5426 2071 5482 salutis

503 5541 617 5584 sum
647 5536 864 5598 portum
905 5525 1170 5596 confugit.
1208 5522 1576 5591 Quamobrem
1612 5523 1724 5579 ait:
1759 5517 2072 5574 lntribula-

2198 3224 2254 3277 δὲ
2283 3227 2436 3296 ἰσχὺν
2465 3225 2621 3278 καλεῖ
2643 3225 2733 3277 τὸν
2760 3223 2913 3289 Θεὸν,
2963 3223 3237 3295 ὁμολογῶν
3280 3223 3377 3295 τὴν
3430 3224 3778 3295 ἀνθρωπίνην

2198 3317 2502 3383 ἀσθένειαν,
2535 3317 2627 3371 καὶ
2650 3316 2725 3382 ὡς
2757 3316 2910 3371 οὐδὲν
2960 3314 3025 3369 ἂν
3060 3315 3281 3386 ἴσχυσεν
3317 3315 3447 3370 ἄνευ
3494 3314 3652 3368 Θεοῦ·
3679 3316 3778 3369 καὶ

2196 3408 2409 3474 Παῦλος
2460 3410 2573 3481 γὰρ
2605 3404 2729 3481 ἔφη·
2767 3406 2969 3462 Πάντα
3036 3410 3224 3477 ἰσχύω
3270 3408 3342 3461 ἐν
3392 3406 3475 3474 τῷ
3518 3406 3779 3461 ἐνδυνα-

2190 3500 2406 3570 μοῦντί
2427 3519 2503 3571 με
2526 3500 2780 3569 Χριστῷ.
2820 3500 3049 3565 Ἀκύλας
3100 3501 3157 3555 δὲ
3192 3501 3286 3554 καὶ
3329 3499 3623 3572 Σύμμαχος
3653 3490 3780 3553 ἀντὶ

2193 3593 2308 3658 τοῦ,
2340 3593 2662 3661 στερέωμα,
2699 3593 2903 3661 πέτραν
2932 3594 3303 3664 ήρμήνευσαν·
3328 3592 3434 3664 ἔφη
3484 3592 3543 3646 δὲ
3597 3595 3691 3647 καὶ
3748 3596 3780 3648 ό

2195 3686 2370 3757 μέγας
2386 3685 2721 3750 Ἀπόστολος⁸
2740 3686 2801 3739 Ἡ
2813 3685 2996 3753 πέτρα
3011 3684 3078 3738 δὲ
3091 3682 3169 3755 ἦν
3183 3689 3215 3740 ό
3225 3686 3497 3755 Χριστός.
3514 3686 3637 3739 Ἐπὶ
3650 3687 3780 3741 ταύ-

2189 3797 2289 3851 την
2317 3779 2413 3851 τὴν
2444 3779 2648 3850 πέτραν
2666 3780 2765 3851 τὴν
2788 3779 2979 3833 ἑαυτοῦ
3009 3778 3185 3832 οἰκίαν
3219 3778 3520 3849 οἰκοδομῶν
3539 3779 3568 3832 ὁ
3585 3778 3774 3844 Δαυῒδ,

2190 3869 2513 3941 ἀφωμοίωτο
2551 3868 2632 3935 τῷ
2681 3870 2944 3940 φρονίμῳ
2994 3870 3074 3937 τῷ
3146 3869 3605 3940 οἰκοδομήσαντι
3654 3870 3777 3938 τὴν

2187 3960 2404 4016 ἑαυτοῦ
2451 3963 2648 4015 οἰκίαν
2692 3962 2791 4014 ἐπὶ
2825 3960 2941 4030 τὴν
2993 3964 3238 4031 πέτραν.
3289 3963 3381 4017 Διὸ
3430 3963 3523 4017 καὶ
3551 3963 3773 4018 πάντων

2186 4055 2448 4124 κρείττων
2469 4054 2705 4122 ἐγένετο,
2750 4053 2860 4107 τῶν
2896 4053 3053 4109 ὑετοῦ
3113 4054 3292 4126 δίκην,
3341 4056 3664 4127 πνευμάτων
3707 4071 3771 4109 τε

2185 4146 2281 4200 καὶ
2309 4143 2567 4215 ποταμῶν
2606 4144 3048 4216 προσϐαλλόντων
3097 4146 3245 4217 αὐτῷ
3291 4146 3586 4218 πολεμίων.
3623 4146 3769 4200 Ἀλλ’

2183 4237 2302 4292 οὐδὲ
2330 4237 2422 4290 ἐπὶ
2450 4236 2786 4308 δορυφόρους
2838 4237 3063 4308 ἤλπιζεν
3111 4238 3144 4308 ἢ
3205 4232 3454 4311 στρατόν,
3514 4236 3629 4292 ἀλλ’
3670 4238 3770 4292 ἐπὶ

2181 4326 2332 4392 Θεὸν,
2378 4326 2567 4398 βοηθὸν
2601 4327 2762 4380 αὐτὸν
2788 4326 2948 4397 ἔχων,
2974 4327 3274 4381 πανοπλίαν
3299 4328 3393 4382 καὶ
3422 4328 3610 4400 κέρας·
3632 4328 3767 4382 ὥστ’

2182 4416 2249 4471 ἂν
2277 4417 2450 4472 εἰπεῖν
2480 4417 2575 4471 καὶ
2601 4417 2782 4470 αὐτόν·
2828 4417 2925 4472 Ἐν
2959 4416 3058 4471 σοι
3114 4417 3256 4483 τοὺς
3297 4418 3553 4487 ἐχθροὺς
3594 4418 3768 4489 ἡμῶν

2181 4507 2584 4577 κερατιοῦμεν.

2249 4599 2581 4668 Περιέσχον
2627 4616 2706 4668 με
2753 4598 2961 4665 ὠδῖνες
2996 4598 3256 4654 θανάτου
3306 4601 3406 4656 καὶ
3456 4603 3767 4672 χείμαρροι

2181 4691 2429 4760 ἀνομίας
2449 4688 2817 4759 ἐξετάραξὰν
2830 4706 2926 4759 με.
2960 4690 3179 4758 Ὠδῖνες
3199 4690 3347 4759 ᾅδου
3369 4695 3770 4762 περιεκύκλω-

2182 4781 2303 4836 σάν
2323 4799 2420 4852 με,
2463 4780 2853 4850 προέφθασάν
2874 4797 2952 4851 με
2973 4782 3220 4852 παγίδος
3251 4783 3529 4839 θανάτου.
3558 4784 3668 4837 Καὶ
3691 4785 3769 4838 ἐν

2183 4874 2266 4942 τῷ
2293 4875 2600 4930 θλίϐεσθαι
2618 4890 2694 4944 με
2716 4873 3181 4944 ἐπεκαλεσάμην
3210 4876 3319 4931 τὸν
3369 4878 3608 4946 Κύριον,
3661 4876 3770 4932 καὶ

2184 4968 2333 5037 πρὸς
2358 4968 2464 5023 τὸν
2511 4968 2658 5021 Θεόν
2697 4985 2818 5037 μου
2843 4964 3155 5036 ἐκέκραξα.
3194 4969 3496 5024 Ἤκουσεν
3514 4969 3582 5022 ἐκ
3606 4969 3765 5025 ναοῦ

2182 5060 2354 5130 ἁγίου
2387 5061 2572 5114 αὐτοῦ
2601 5059 2716 5129 τὴν
2752 5058 2961 5129 φωνήν
2980 5078 3121 5131 μου,
3160 5062 3258 5115 καί
3299 5063 3337 5130 ἡ
3364 5060 3592 5130 κραυγή
3635 5078 3767 5129 μου

2182 5150 2438 5206 ἐνώπιον
2465 5150 2652 5205 αὐτοῦ
2683 5153 3094 5227 εἰσελεύσεται
3144 5155 3234 5220 εἰς
3262 5152 3335 5206 τὰ
3379 5147 3498 5206 ὦτα
3542 5151 3755 5206 αὐτοῦ.

2180 5244 2427 5297 Διδάσκει
2451 5242 2540 5296 διὰ
2569 5242 2773 5299 τούτων
2798 5243 2917 5298 τίνα
2949 5245 3167 5317 τρόπον,
3217 5245 3307 5298 καὶ
3339 5243 3444 5297 ὑπὸ
3482 5243 3592 5297 τῶν
3643 5261 3765 5316 χει.

2182 5336 2405 5408 μάρρων
2437 5336 2534 5405 τῆς
2554 5336 2786 5406 ἀνομίας
2806 5338 3229 5409 ταρασσόμενος,
3259 5337 3353 5389 καὶ
3399 5334 3471 5388 τὰ
3492 5334 3654 5389 λοιπά
3687 5337 3761 5391 τὰ

2176 5426 2545 5499 προειρημένα
2589 5428 2843 5498 πάσχων,
2872 5429 3067 5500 ¹ᾔσθετο
3112 5426 3275 5483 αὑτοῦ
3330 5426 3754 5490 κινδυνεύοντος,

2175 5520 2267 5574 ἐπὶ
2287 5519 2377 5573 τὸν
2404 5518 2601 5589 λιμένα
2627 5519 2729 5593 τῆς
2747 5521 2939 5577 ἑαυτοῦ
2984 5522 3254 5595 σωτηρίας
3285 5519 3607 5616 κατέφευγε.
3654 5519 3759 5577 Διό

574 5706 621 5740 ⁸⁸
655 5705 886 5780 Philipp.
942 5725 1013 5775 tv,
1055 5708 1139 5763 i5.
1215 5709 1303 5765 "l
1338 5706 1462 5764 Cor.
1513 5723 1563 5770 ι,
1605 5705 1652 5761 l.
1734 5704 1778 5736 ⁸⁸
1805 5698 1993 5757 Matth.
2019 5704 2130 5771 gvu,
2157 5694 2247 5752 ‘2‘l.
2327 5697 2536 5755 “Psal.
2572 5713 2731 5766 um,
2766 5698 2820 5752 6.

3779 4522 3786 4571 ί
