4066 6218
239 298 350 352 969
1403 317 1906 375 COMMENTARIA
1945 319 2008 374 IN
2050 321 2387 377 PSALMOS.
3380 328 3482 384 1ἳο

237 431 430 485 φησιν·
484 418 606 471 Ἔν
644 420 721 486 τῷ
751 425 1053 480 θλίϐεσθαι
1103 429 1558 504 ἐπεκαλεσάμην
1586 436 1691 489 τὸν
1719 439 1788 489 Κι

1887 439 2072 496 itione
2124 455 2237 492 mea
2280 440 2510 494 invocavi
2561 438 2863 506 Dominum,
2912 450 2961 495 et
3005 441 3072 496 ad
3112 441 3277 496 Deum
3312 457 3482 499 meum

235 522 387 602 ριρν,
421 509 530 562 καὶ
578 512 751 602 Δπρὸς
820 516 926 570 τὸν
977 521 1123 574 Θεόν
1173 538 1293 590 μου
1335 525 1648 593 ἐκέκραξα.
1698 523 1788 580 Ei:

1935 529 2175 586 clamavi.
2216 529 2421 586 Exinde
2462 531 2619 585 docet
2670 548 2728 587 se
2773 547 2803 585 a
2846 546 3012 602 scopo
3063 534 3283 589 minime
3323 535 3482 590 aber-

233 594 504 661 διδάσκει,
558 599 649 664 ὡς
705 605 804 658 οὐκ
847 608 1110 680 ἠστόχησε
1180 611 1274 664 τοῦ
1344 616 1544 669 σκοποῦ
1609 617 1788 672 τοιαῦτ

1931 637 2103 686 rasse,
2135 637 2255 676 cum
2291 622 2382 676 tali
2414 623 2606 678 ﬁducia
2637 625 2828 695 plenus
2864 635 3044 694 esset;
3069 643 3194 682 nam
3231 643 3344 696 spes
3376 646 3480 683 non

233 687 568 788 πιστεύσας·
603 694 652 760 ἡ
679 697 787 768 γὰρ
815 697 992 766 ἐλπὶς
1015 704 1084 756 οὐ
1108 708 1509 776 καταισχύνει.
1527 708 1618 761 Διὸ
1642 711 1788 780 ἐπιφε

1931 713 2200 782 confundit
2222 716 2287 768 ⁸⁸.
2321 713 2552 785 Ideoque
2598 687 2877 788 subjungit
2905 738 2917 773 :
2945 687 3228 774 Exaudivit
3257 687 3320 775 de
3357 730 3480 776 tem-

235 795 336 872 ρειο
375 781 708 838 Ἤκουσεν
729 786 797 840 ἐκ
823 791 974 845 ναοῦ
1005 793 1171 863 ἁγίου
1199 798 1382 852 αὐτοῦ
1438 800 1643 869 φωνῆς
1687 821 1788 871 μοι

1926 802 2012 872 pio
2035 814 2216 858 sancto
2242 821 2335 860 suo
2365 823 2536 860 vocem
2567 824 2755 872 nteant,
2784 818 2832 862 et
2863 809 3065 864 clamor
3094 829 3234 866 meus
3273 813 3326 865 in
3359 827 3481 867 con-

234 871 328 924 καὶ
359 873 401 940 ἠ
439 875 702 945 κραυγή
733 897 852 948 μου
913 884 1166 940 ἐνώπιον
1210 889 1394 944 αὐτοῦ
1425 895 1788 949 εἰσελεύσετι

1927 871 2104 963 spectu
2160 895 2272 965 ejus
2318 897 2558 951 introibit
2607 900 2661 952 in
2705 916 2856 954 aures
2881 901 3014 969 ejus.
3059 901 3338 973 Templum
3382 903 3476 960 Dei

234 967 314 1030 εὶς
343 966 418 1020 τὰ
469 963 622 1023 ὦτα
666 975 871 1028 αὐτοῦ.
901 977 1045 1031 Ναὸν
1083 980 1139 1033 δὲ
1179 983 1313 1036 Θεοῦ
1345 986 1401 1038 ἐν
1435 987 1644 1052 τούτοις
1679 995 1788 1045 fecit

1927 963 2200 1054 quodnam
2252 1002 2283 1040 a
2322 987 2521 1044 Davide
2579 991 2868 1045 memorari
2918 991 3005 1046 hic
3049 963 3473 1064 intelligendum,

234 1058 334 1130 χρὴ
357 1065 525 1151 νοεῖν
563 1063 967 1132 λέγεσθαι·ὑπὸ
987 1071 1079 1125 τοῦ
1102 1075 1279 1139 Δαυῖδ,
1310 1079 1494 1148 μήπω
1519 1080 1610 1134 τοῦ
1638 1084 1695 1135 ἐν
1735 1084 1788 1137 ἰε

1925 1091 2050 1130 cum
2078 1077 2564 1151 ilierosolymitana
2592 1081 2786 1138 domus
2832 1084 3069 1138 nondum
3123 1086 3355 1141 excitata
3395 1102 3478 1142 es-

237 1150 563 1222 ροσολῦμοις
611 1155 758 1219 οἴκου
811 1162 1336 1232 κατεσκευασμένου,
1385 1167 1416 1238 ἢ
1465 1168 1679 1233 πάντως
1721 1187 1822 1224 που

237 1238 326 1311 τὴν
368 1243 718 1316 ἐπουράνιον
744 1248 896 1304 πόλιν
939 1251 1034 1304 τοῦ
1062 1253 1216 1319 Θεοῦ,
1275 1258 1368 1310 καὶ
1399 1260 1498 1330 τὴν
1545 1260 1656 1314 ἄνω
1726 1263 1822 1316 Ἰε-

244 1336 534 1407 ρουσαλὴμ,
575 1335 650 1412 ἧς
672 1340 837 1396 εἰκὼν
878 1343 1170 1415 ἐτύγχανεν
1214 1350 1242 1401 ὁ
1275 1352 1365 1404 ἐπὶ
1405 1353 1504 1424 τῆς
1532 1355 1634 1424 γῆς
1689 1373 1823 1409 κατ-

238 1431 645 1500 εσκευασμένος
664 1434 799 1498 νεώς
820 1451 836 1500 ;

301 1521 405 1573 Καὶ
437 1522 755 1594 ἐσαλεύθη
790 1528 887 1581 καὶ
928 1530 1208 1600 ἔντρομος
1235 1534 1485 1606 ἐγενήθη
1524 1542 1562 1608 ἡ
1599 1539 1694 1611 γῆ,
1723 1544 1818 1596 καὶ

240 1609 304 1663 τὰ
331 1614 586 1682 θεμέλια
613 1616 734 1672 τῶν
765 1619 950 1687 ὀρέων
982 1623 1398 1695 ἐταράχθησαν
1432 1633 1530 1685 καὶ
1563 1609 1816 1689 ἐσαλεύ-

242 1708 456 1771 θησαν,
507 1708 601 1763 ὅτι
649 1711 916 1781 ὠργίσθη
974 1716 1177 1783 αὐτοῖς
1221 1721 1255 1771 ό
1299 1723 1460 1788 Θεός.
1507 1725 1816 1781 Λευκότατα

244 1798 603 1868 προφητεῦων
633 1801 726 1872 τὴν
771 1803 1072 1861 κατάϐασιν
1104 1807 1194 1861 τοῦ
1224 1811 1430 1883 Κυρίου
1472 1813 1558 1868 διὰ
1594 1816 1685 1870 τὸν
1714 1817 1811 1872 Θά-

246 1884 409 1938 νατον
441 1889 542 1940 καὶ
580 1891 702 1953 τοὺς
725 1892 1059 1971 χειμάρρους
1095 1897 1193 1966 τῆς
1227 1899 1473 1970 ἀνομίας,
1511 1901 1600 1956 διά
1626 1921 1684 1956 τε
1713 1903 1810 1970 τὰς

254 1975 454 2040 ὠδῖνας
487 1979 578 2032 τοῦ
607 1980 725 2051 ᾷδου
760 1986 848 2038 καὶ
877 1985 979 2049 τὰς
1016 1988 1246 2057 παγίδας
1279 1991 1374 2045 τοῦ
1427 1993 1679 2060 θανάτου,
1714 1995 1810 2067 τὴν

261 2063 328 2132 ἐξ
365 2067 597 2140 οὐρανῶν
627 2074 914 2132 κατάϐασιν
945 2081 1330 2150 πεποιημένου.
1377 2085 1499 2137 Ἐπὶ
1539 2089 1604 2158 τῇ
1639 2105 1807 2141 κατα-

262 2157 414 2212 ϐάσει
449 2163 605 2217 αὐτοῦ
657 2167 776 2220 τίνα
822 2169 1135 2242 πέπρακται
1182 2176 1553 2248 προδιηγεῖται
1600 2178 1802 2247 λέγων’

263 2252 360 2340 lia)
386 2254 676 2326 ἐσαλεύθη
707 2260 805 2314 καὶ
852 2263 1136 2335 ἔντρομος
1175 2267 1426 2339 ἐγενήθη
1465 2272 1504 2339 ’ἡ
1542 2271 1616 2340 γῆ
1642 2288 1654 2300 ·
1689 2273 1804 2326 ἀνθ’

256 2336 310 2396 οὗ
347 2344 566 2410 ’Δκῦλας
608 2351 775 2421 φησι·
805 2355 910 2408 Καὶ
943 2356 1185 2427 ἐκινήθη
1216 2336 1333 2414 βίαι
1361 2336 1613 2432 eam
1634 2365 1673 2433 ἡ
1704 2364 1798 2434 τῆ.

253 2434 520 2525 μαρτυρεί
552 2441 611 2492 δὲ
638 2441 716 2512 τῷ
741 2443 883 2515 λόγῳ
909 2446 970 2499 τὸ
994 2447 1173 2519 ἔργον.
1223 2451 1310 2515 Ὦς
1347 2452 1457 2523 γὰρ
1485 2453 1740 2525 ἐπεδήμει
1772 2457 1800 2508 ὁ

263 2523 398 2590 ’Υἱὸς
435 2529 529 2582 τοῦ
563 2530 701 2584 Θεοῦ
729 2535 794 2604 τῇ
827 2537 896 2606 γῇ
919 2537 1058 2592 κατὰ
1082 2540 1181 2611 τὴν
1209 2539 1469 2613 ἐνσαρκον
1499 2523 1663 2598 αὑτοῦ
1695 2562 1800 2600 πα-

259 2621 478 2690 ρουσίαν,
521 2625 728 2691 πάντες
758 2633 806 2680 ot
839 2629 898 2682 τὸ
944 2631 1042 2701 τῆς
1089 2632 1187 2703 γῆς
1224 2639 1478 2706 στοιχεῖον
1526 2637 1799 2702 οἰκοῦντες

260 2711 560 2786 ἐκινήθησαν
590 2717 686 2772 καὶ
721 2721 1066 2792 ἐσείσθησανο
1100 2726 1248 2780 πᾶσά
1269 2744 1330 2780 τε
1351 2727 1486 2799 ἀκοὴ
1517 2728 1794 2800 Ἑλληνική

263 2819 315 2854 τε
339 2806 424 2858 καὶ
455 2807 728 2881 βάρϐαρος
753 2811 1047 2884 ἐπληροῦτο
1085 2817 1184 2887 τῆς
1228 2819 1354 2891 περὶ
1383 2818 1546 2874 αὐτοῦ
1588 2821 1791 2891 φήμης.

269 2892 344 2982 Τὰ
363 2895 413 2947 δὲ
433 2898 691 2971 λεγόμενα
720 2903 830 2956 τῶν
853 2904 1020 2976 ὀρέων
1050 2907 1270 2978 οεμὲλια
1299 2911 1668 2982 ἐταράχθησαν
1701 2911 1795 2966 καὶ

276 2981 634 3060 ἐσαλεῦθησαν·
669 2995 702 3064 ἢ
749 2995 887 3049 κατὰ
918 2997 1009 3050 τὸν
1049 2997 1361 3071 Σύμμαχον,
1405 2981 1790 3072 περιετράπη-

1926 1177 2042 1235 set;
2075 1170 2178 1226 nisi
2220 1172 2494 1228 caelestem
2530 1172 2621 1228 Dei
2661 1175 2954 1239 civitatem,
3005 1191 3290 1246 supernam
3325 1177 3472 1232 illam

1921 1260 2242 1328 Jerusalem,
2275 1265 2432 1334 cujus
2467 1266 2645 1335 imago
2668 1267 2770 1321 fuit
2795 1268 3053 1337 templum
3091 1269 3143 1322 in
3173 1277 3316 1325 terra
3343 1286 3474 1326 eon-

1923 1359 2225 1412 structum?

1991 1533 2156 1591 Vens.
2197 1534 2251 1590 8.
2279 1533 2554 1591 Commota
2575 1547 2652 1592 est
2681 1546 2739 1596 ει,
2756 1540 3065 1593 contremuit
3089 1548 3250 1607 terra,
3274 1540 3469 1610 funda-

1919 1638 2094 1684 menta
2138 1631 2388 1683 montium
2440 1630 2750 1685 conturbata
2779 1643 2899 1686 sunt
2941 1642 2990 1686 et
3046 1642 3303 1688 commota
3325 1642 3467 1700 sunt,

1918 1722 2164 1790 quoniam
2211 1723 2380 1777 iratus
2412 1732 2490 1778 est
2535 1725 2610 1778 eis
2651 1723 2813 1778 Deus.
2859 1722 2982 1780 lstis
3027 1723 3470 1781 manifestissime

1846 1783 1887 1838 Β
1917 1810 2244 1865 vaticinatur
2299 1810 2540 1866 futurum
2601 1812 2815 1868 Domini
2869 1811 3191 1868 descensum
3246 1823 3468 1884 propter
3547 1879 3550 1882 ,

1913 1911 2162 1966 mortem,
2187 1919 2399 1958 necnon
2423 1912 2645 1974 propter
2695 1914 2965 1962 torrentes
3007 1907 3333 1976 iniquitatis,
3369 1907 3467 1962 do-

1910 1992 2054 2049 lores
2107 1993 2329 2060 inferni,
2398 2004 2451 2051 et
2488 1997 2712 2067 laqueos
2745 1999 2977 2066 mortis;
3028 2016 3146 2070 qua:
3199 2001 3254 2056 in
3299 2017 3466 2057 causa

1909 2082 2060 2140 fuere
2085 2101 2183 2141 cur
2210 2101 2277 2141 ex
2310 2087 2466 2141 caelis
2498 2088 2870 2145 descenderet.
2912 2088 2970 2144 In
2995 2090 3258 2148 descensu
3282 2105 3462 2148 autem

1906 2177 2026 2246 ejus
2046 2194 2290 2248 quaenam
2317 2187 2466 2250 gesta
2491 2181 2619 2243 sint,
2655 2181 2808 2250 prius
2831 2183 3104 2237 enarravit
3142 2184 3228 2240 bis
3261 2185 3457 2241 verbis:

1906 2270 2180 2327 Commota
2205 2283 2282 2327 est
2318 2283 2368 2328 et
2404 2275 2716 2329 contremuit
2745 2285 2885 2330 terra
2915 2294 2932 2330 :
2957 2292 3054 2347 pro
3094 2293 3200 2347 quo
3239 2278 3456 2350 Aquila,

1904 2371 2047 2416 mota
2063 2372 2138 2417 est
2166 2374 2214 2418 et
2231 2381 2484 2420 concussa
2507 2376 2583 2420 est
2616 2375 2777 2432 terra,
2803 2368 3213 2440 interpretatur.
3236 2369 3302 2425 Et
3328 2386 3460 2427 sane

1902 2455 2031 2511 dicti
2053 2456 2198 2512 illius
2225 2458 2509 2513 veritatem
2540 2474 2628 2514 res
2655 2458 2770 2528 ipsa
2787 2469 2937 2530 gesta
2955 2461 3281 2518 testiﬁcatur
3300 2479 3314 2514 :
3335 2478 3458 2516 cum

1901 2545 2046 2601 enim
2071 2543 2242 2601 Filius
2263 2544 2356 2601 Dei
2382 2546 2436 2600 in
2458 2553 2626 2612 terra,
2657 2554 2899 2618 tempore
2927 2549 3192 2605 adventus
3220 2550 3304 2606 sui
3335 2566 3459 2605 car-

1900 2637 2059 2703 nalis,
2091 2637 2574 2709 peregrinabatur;
2610 2647 2878 2708 quotquot
2918 2647 3193 2694 terrenum
3221 2643 3457 2697 elemen-

1898 2737 2012 2783 tum
2057 2727 2322 2795 incolunt,
2378 2729 2636 2784 commoti
2679 2743 2743 2784 ac
2793 2731 3044 2786 concussi
3076 2740 3222 2796 sunt,
3268 2747 3333 2787 ac
3360 2749 3457 2804 per

1896 2819 2204 2876 Graecorum
2232 2820 2704 2892 barbarorumque
2750 2836 2911 2878 aures
2940 2821 3139 2893 ubique
3163 2821 3304 2878 tanta
3331 2824 3451 2894 ejus

1895 2912 2198 2982 percrebuit
2224 2927 2237 2962 :
2279 2927 2342 2966 ea
2366 2927 2497 2968 vero
2526 2927 2646 2983 qua:
2676 2911 3025 2969 fundamenta
3059 2915 3319 2970 montium
3354 2933 3452 2973 vo-

1893 3013 2106 3069 cantur,
2131 3004 2452 3060 conturbata
2490 3017 2618 3062 sunt
2644 3016 2696 3062 et
2720 3015 2989 3062 commota
3021 3013 3167 3070 sunt,
3197 3007 3451 3078 veljuxta

273 3087 403 3175 σαν,
435 3077 770 3175 ὃτι-ὠργίσθη
817 3087 1038 3161 αὐζοῖς.
1077 3089 1212 3161 Ὀρη
1238 3091 1295 3144 δὲ
1325 3086 1392 3163 ἦν
1423 3092 1492 3146 τὰ
1523 3093 1788 3164 ὑψώματα

1894 3096 2299 3167 Symmachum,
2332 3099 2678 3152 circumversa
2715 3109 2857 3161 sunt,
2883 3101 3316 3169 quoniamiratus
3375 3111 3452 3155 est

269 3160 334 3213 τὰ
355 3164 663 3236 ἐπαιρόμενα
687 3173 824 3226 κατὰ
848 3173 947 3245 τῆς
974 3175 1222 3244 γνώσεως
1242 3180 1336 3234 τοῦ
1357 3180 1512 3246 Θεοῦ,
1533 3182 1786 3256 δυνάμεις

1887 3160 1980 3241 eis.
2008 3185 2213 3242 Montes
2241 3160 2418 3242 autem
2441 3160 2969 3246 erantsublimitatcs
2989 3207 3178 3246 omnes
3205 3207 3324 3262 quae
3351 3192 3447 3245 ad-

257 3254 393 3318 τινὲς
433 3258 804 3331 ἀντικείμεναι,
843 3266 901 3319 αἱ
942 3267 1034 3321 τὸν
1080 3271 1288 3343 μακρὸν
1319 3272 1492 3327 αἰῶνα
1538 3254 1787 3340 τοὺςέπδ⁹

253 3345 347 3415 γῆς
366 3348 606 3415 ἅπαντας
627 3355 1074 3429 ἀποπλανήσασαι
1097 3360 1186 3416 διὰ
1214 3363 1316 3432 τῆς
1348 3363 1604 3419 πολυθέου
1631 3368 1788 3422 δεισιο

245 3431 524 3524 δαιμονίας.
557 3440 773 3497 Τούτων
803 3439 894 3499 οῦν
912 3445 1097 3516 ὀρέων
1110 3451 1186 3508 τὰ
1199 3431 1438 3524 θεμέλια
1455 3456 1694 3511 τουτέστι
1718 3458 1786 3513 τὰ

406 3531 502 3582 καὶ
528 3533 580 3585 οἱ
614 3533 885 3607 λογισμοὶ,
911 3538 1009 3612 τῆς
1041 3540 1133 3596 τοῦ
1166 3523 1370 3616 Κυρίου
1402 3547 1680 3619 δυνάμεως
1701 3552 1785 3606 αἱ·

240 3616 479 3691 σθόμενα,
512 3621 956 3695 ἐταράχθησαν,
987 3625 1075 3682 ὅτι
1096 3633 1359 3704 ὠργίσθη
1390 3616 1611 3696 αὐτοῖς.

285 3887 350 3981 τί
371 3886 472 3981 οὖν
495 3891 712 3964 ἐνεργεῖ
728 3897 762 3966 ή
778 3897 912 3971 ὀργὴ
928 3899 1068 3954 κατὰ
1082 3901 1186 3955 τῶν
1203 3905 1570 3961 ἀποδοθέντων
1584 3907 1774 3981 ὀρέων,

226 3977 338 4048 tsi;
360 3980 603 4037 διδάσκει
625 3984 824 4054 λέγων·
858 3989 1050 4060 Ἁνέθιρ
1075 3995 1301 4062 καπνὸς
1319 3997 1388 4051 ἐν
1406 3999 1552 4069 ὀργῇ
1571 3977 1774 4058 αὐτοῦ.

228 4070 426 4146 Ὥσπερ
472 4077 582 4148 γὰρ
621 4077 780 4132 δαλοῦ
831 4084 1117 4154 καιομένου
1165 4087 1270 4141 ὑπὸ
1321 4092 1512 4161 πυρὸς,
1541 4094 1775 4152 κᾶπειτα

222 4161 595 4258 σβεννυμένου,
643 4172 848 4237 καπνὸς
895 4175 1217 4244 ἀποδίδοται,
1246 4181 1337 4235 τὸν
1385 4183 1545 4238 αὐτὸν
1577 4187 1775 4258 τρόπον

218 4256 266 4306 αἱ
290 4257 668 4330 ἀεκικείμεναι
691 4261 964 4336 δυνάμεις,
1006 4270 1172 4324 πάλαι
1213 4274 1311 4344 μὲν
1343 4256 1777 4356 πρότερον-πυρὶ

215 4349 710 4444 παραϐαλλδμεναι,
727 4356 823 4420 τὰς
846 4358 952 4412 τῶν
992 4361 1290 4435 ἀνθρώπιον
1313 4368 1488 4439 ψυχὰς
1518 4349 1777 4444 κατέφλε-

1887 3293 2078 3333 versus
2101 3279 2482 3348 cogitationem
2512 3279 2603 3336 Dei
2629 3281 2997 3351 erigebantur,
3028 3283 3236 3339 sciliCct
3262 3283 3449 3339 adver-

1887 3368 2044 3424 sariae
2075 3368 2321 3438 quaedam
2368 3378 2685 3440 potestates,
2721 3387 2842 3442 qua:
2894 3389 2990 3442 per
3024 3373 3182 3445 longa
3219 3378 3446 3432 saeculo-

1887 3475 2008 3515 rum
2031 3461 2203 3532 spatia
2237 3462 2540 3532 terrigenas
2568 3478 2757 3520 omnes
2814 3464 2870 3518 in
2915 3466 3292 3536 multiplicium
3315 3469 3446 3524 deov

1884 3565 2007 3606 rum
2065 3553 2507 3621 superstitionem
2573 3564 2735 3623 atque
2787 3571 3028 3612 errorem
3084 3557 3440 3616 abduxerunt.

1884 3640 2086 3698 Horum
2118 3643 2280 3714 igitur
2308 3646 2562 3700 montium
2600 3645 2966 3714 fundamenta,
3028 3649 3082 3704 id
3120 3657 3204 3706 est
3247 3651 3440 3708 altiora

1883 3733 2108 3789 consilia
2135 3746 2190 3788 et
2222 3736 2599 3805 cogitationes,
2634 3736 2844 3792 Domini
2875 3738 3128 3795 virtutem
3160 3757 3283 3796 cum
3309 3757 3438 3812 per-

1882 3823 2259 3888 sentiscerent,
2289 3825 2599 3880 conturbata
2616 3836 2756 3892 sunt,
2781 3830 3026 3898 quoniam
3060 3831 3229 3886 iratus
3253 3833 3436 3890 estcis.

1954 3913 2114 3970 Vens.
2152 3915 2204 3980 9,
2237 3917 2322 3972 10.
2350 3917 2490 3982 Quid
2535 3917 2715 3989 itaque
2744 3930 2998 3989 operetur
3036 3924 3112 3978 ira
3181 3924 3438 3982 adversus

1879 4015 2094 4063 montes
2121 4008 2243 4063 illos
2272 4010 2376 4064 sibi
2407 4009 2660 4075 traditos,
2684 4011 2880 4069 deinde
2917 4015 3088 4084 aperit
3119 4015 3270 4072 hisce
3315 4033 3436 4073 ver.

1878 4100 2002 4154 bis:
2038 4099 2283 4155 Ascendit
2314 4103 2490 4170 fumus
2526 4105 2680 4160 inira
2700 4105 2834 4174 ejus.
2867 4104 3016 4162 Sicut
3066 4108 3207 4162 enim
3273 4111 3435 4164 torris

1879 4189 2080 4260 ignitus
2101 4191 2148 4246 si
2169 4193 2564 4262 exstinguatur,
2593 4204 2721 4250 tunc
2774 4196 2956 4253 fumus
2984 4199 3270 4266 emittitur,
3314 4200 3434 4270 pari

1877 4280 2039 4336 modo
2060 4282 2382 4338 adversariae
2413 4293 2708 4354 potestates
2737 4286 2850 4356 jam
2874 4288 3080 4358 pridem
3103 4289 3358 4358 conjecta:
3375 4292 3429 4345 in

1877 4373 2093 4443 ignem,
2145 4374 2422 4431 hominum
2470 4379 2680 4433 animas
2742 4378 3100 4434 incendebant
3149 4381 3431 4435 combure—

211 4453 304 4504 τον
333 4443 423 4492 καὶ
454 4443 732 4509 ἐξέκαιον·
771 4450 891 4504 ἐπεὶ
921 4451 966 4505 δ’
1005 4455 1289 4512 ἐσϐέννυτο
1331 4463 1510 4516 αὐτῶν
1551 4467 1613 4519 τὸ
1657 4467 1768 4541 πῦρ

1887 4464 2110 4534 bantque
2135 4483 2148 4531 ;
2181 4466 2305 4535 igne
2333 4474 2512 4520 autem
2530 4468 2599 4521 ab
2623 4467 2703 4522 ira
2723 4467 2934 4522 Domini
2949 4472 3238 4535 exstincto,
3267 4471 3430 4525 emis-

211 4532 453 4625 ὒπδᾉτῆς
488 4537 660 4607 ὀργῆς
685 4539 778 4593 τοῦ
808 4543 1031 4615 Κυρίου,
1062 4547 1130 4601 τὰ
1163 4554 1360 4621 σημεῖα
1387 4557 1488 4625 τῇς
1535 4532 1770 4624 σϐέσεως

209 4623 386 4717 ait:er
431 4626 624 4698 ἐδήλου
667 4632 704 4685 ὁ,
740 4631 799 4698 ἐξ
841 4634 1018 4690 αὐτῶν
1048 4623 1500 4715 ἀναπεμπόμενος
1545 4623 1765 4717 καπνός,

209 4711 319 4768 Εἶθ’
350 4717 479 4787 ἑξῆς
510 4720 756 4792 εἴρηται·
785 4727 895 4778 Καὶ
927 4728 1046 4797 πῦρ
1073 4731 1191 4786 ἀπὸ
1227 4711 1548 4802 προσώπου
1579 4711 1766 4800 αὐτοῦ

206 4811 738 4879 καταφλεγήσεταιο
754 4815 1041 4888 ἄνθρακες
1058 4822 1418 4894 ἀνήφθησαν
1436 4831 1536 4884 ἀπ’
1556 4835 1762 4890 αὑτοῦ.

205 4898 388 4954 Ταῦτα
418 4903 530 4974 γὰρ
557 4903 588 4955 ὀ
613 4907 708 4959 τοῦ
749 4909 880 4963 Θεοῦ
931 4912 1056 4978 Υἱὸς
1096 4917 1315 4988 ἐνήργει
1360 4923 1579 4992 ἀφανῶς
1619 4930 1759 4984 κατὰ

203 4993 308 5043 τῶν
339 4995 731 5067 ἀντικειμένων
759 5001 1056 5073 δυνάμεων,
1090 5006 1150 5060 τὸ
1187 5009 1296 5083 πῦρ
1343 5014 1502 5068 αὐτὸν
1536 5018 1757 5084 σϐεννὺς

203 5083 373 5155 ἑτέρῳ
397 5089 533 5160 πυρὶ
562 5091 823 5160 κρείττονι
867 5097 958 5149 καὶ
983 5096 1350 5175 δυνατωτέρῳ.
1381 5106 1474 5158 Διὸ
1512 5083 1756 5165 λέλεκται

202 5176 350 5245 παρὰ
380 5177 629 5230 Μωῦσεῖ·
682 5181 732 5232 '0
768 5183 911 5250 Θεὸς
946 5187 1112 5254 ἡμῶν
1151 5191 1270 5260 πῦρ
1311 5200 1758 5256 καταναλίσκον

191 5720 194 5724 η
263 5692 305 5725 ⁸⁸
329 5694 481 5753 Rom.
517 5716 571 5764 τ’,
614 5700 667 5754 5.
746 5703 793 5734 ⁵⁸
820 5703 977 5761 Deut.
1011 5726 1086 5774 tv,
1115 5710 1204 5766 2i.
1283 5716 1326 5749 ⁸⁸
1349 5715 1488 5774 Psal.
1528 5737 1666 5789 xcvi,
1704 5725 1754 5780 '5.

464 5794 744 5855 Ριτιιοι.
776 5794 892 5860 (in.
923 5801 1155 5888 XXIII.

1870 4572 1966 4617 sus
2009 4559 2134 4613 inde
2176 4557 2357 4614 fumus
2411 4560 2788 4614 exstinctionis
2817 4561 2969 4632 signa
2993 4561 3180 4616 edidit.
3223 4561 3428 4619 Deinde

1872 4652 2045 4722 pergit
2081 4652 2282 4716 dicere,
2319 4660 2367 4706 et
2414 4653 2546 4722 ignis
2583 4671 2615 4706 a
2649 4653 2784 4722 facie
2810 4654 2923 4722 ejus
2946 4655 3268 4720 exardescet,
3299 4673 3423 4709 car-

1870 4742 2026 4796 bones
2056 4744 2289 4797 succensi
2315 4753 2436 4796 sunt
2466 4743 2532 4797 ab
2555 4761 2636 4800 eo.
2673 4745 2798 4800 Haec
2828 4747 3008 4800 omnia
3029 4748 3173 4801 enim
3205 4746 3299 4802 Dei
3329 4747 3423 4802 Fi-

1870 4833 1977 4890 lius
2005 4841 2194 4889 contra
2221 4835 2560 4907 adversarias
2577 4844 2878 4907 potestates
2901 4839 3038 4892 clam
3067 4840 3418 4908 operabatur,

1866 4928 1957 4996 qui
1987 4942 2174 4982 eorum
2219 4927 2395 4998 ignem
2439 4929 2611 4984 altero
2659 4930 2780 4999 igne
2808 4932 3097 5000 potentiori
3131 4947 3195 4986 ac
3233 4933 3423 4988 arden-

1867 5017 1992 5072 tiori
2042 5017 2396 5073 exstinxerat.
2447 5017 2627 5084 Quare
2690 5019 2830 5088 apud
2881 5019 3117 5091 Moyscm
3170 5022 3416 5077 dicitur:

1862 5107 2003 5162 Deus
2030 5118 2206 5163 noster
2235 5109 2367 5179 ignis
2418 5125 2725 5164 consumens
2768 5119 2845 5164 est
2873 5111 2941 5175 ⁵⁸,
2974 5119 3027 5166 et
3067 5113 3123 5166 in
3152 5115 3414 5181 psalmis:
3512 5169 3517 5176 ,

1866 5197 2009 5269 Ignis
2030 5211 2149 5256 ante
2173 5203 2340 5271 ipsum
2369 5205 2642 5272 praecedet,
2671 5216 2719 5260 et
2735 5206 3084 5275 inﬂammabit
3118 5208 3173 5260 in
3195 5208 3415 5261 circuitu

1861 5293 2102 5348 inimicos
2129 5296 2240 5365 ejus
2261 5295 2304 5326 “°
2327 5314 2340 5363 ;
2366 5312 2430 5352 ac
2446 5313 2664 5352 rursum
2704 5315 2717 5351 :
2752 5298 2892 5352 Deus
2928 5299 3203 5368 manifeste
3228 5298 3410 5362 veniet,

1861 5382 2002 5439 Deus
2025 5393 2216 5454 noster,
2241 5395 2290 5440 et
2343 5403 2446 5440 non
2494 5388 2705 5442 silebit:
2737 5389 2868 5458 ignis
2911 5390 2966 5443 in
3005 5399 3278 5458 conspectu
3299 5386 3411 5454 ejus

1859 5479 2180 5545 exardescet,
2223 5490 2270 5533 et
2302 5481 2358 5533 in
2406 5483 2630 5535 circuitu
2674 5482 2787 5551 ejus
2822 5491 3098 5551 tempestas
3143 5478 3318 5534 valida
3341 5478 3408 5528 ⁶¹.

1859 5569 2015 5625 Hunc
2031 5571 2191 5627 etiam
2235 5571 2412 5642 ignem
2463 5573 2710 5631 Salvator
2741 5574 3040 5630 indicavit:
3078 5573 3252 5642 Ignem
3295 5567 3408 5622 veni

1835 5727 1874 5758 ⁶¹
1921 5727 2059 5781 Psal.
2112 5743 2257 5790 Χιις,
2307 5730 2357 5783 5.

3129 5831 3166 5885 ii
