3980 6214
563 263 659 323 ΠΙ

1253 263 1520 322 EUSEBII
1559 259 2034 320 CESABIENSIS
2069 259 2219 315 OPP.
2259 255 2439 314 PARS
2471 253 2557 312 Ill.
2588 285 2645 298 -
2699 252 3107 310 EXEGETICA.

3660 249 3768 306 ηε

558 382 762 437 mittere
786 383 839 436 in
857 391 1068 446 terram,
1095 390 1142 436 et
1171 381 1295 451 quid
1326 382 1438 437 volo
1469 382 1516 434 si
1525 381 1641 451 jam
1660 396 1907 435 accensus
1929 379 1998 433 sit
2022 378 2106 434 “?

2221 374 2591 442 καυθήσεται,
2620 370 2720 426 καὶ
2767 370 2973 436 κύκλῳ
3001 366 3185 423 αὐτοῦ
3227 363 3493 433 namq-lc;
3519 361 3776 431 σφόδρα.

560 471 684 528 Haec
714 487 876 543 porro
923 474 1102 527 omnia
1147 471 1296 526 facta
1355 481 1503 535 sunt,
1544 472 1799 542 quoniam
1842 470 2111 524 inclinavit

557 561 713 614 caelos
744 570 792 616 et
826 560 1105 616 descendit.
1136 559 1320 630 Neque
1343 576 1512 614 unum
1545 558 1890 616 solummodo
1913 558 2111 612 coelum

559 653 882 720 inclinavit;
915 654 1007 709 sed
1038 668 1226 708 omnes
1273 660 1539 723 quotquot
1591 660 1719 708 sunt
1762 652 1951 707 caelos.
1975 649 2109 704 Nam

556 745 861 802 humiliatio
887 745 1228 802 celsitudinis
1258 748 1376 816 ejus
1403 755 1457 801 et
1478 746 1776 803 exinanitio
1808 743 2110 800 divinitatis

556 834 695 906 ejus,
733 837 1060 907 supradictis
1105 837 1287 893 verbis
1314 838 1654 894 indicantur.
1705 835 1842 891 Cum
1877 835 2110 890 maxima

556 924 702 981 enim
719 926 963 996 emphasi
988 925 1310 981 descensum
1337 928 1457 996 ejus
1478 926 1749 997 signiﬁcat
1773 925 1858 981 his
1882 925 2062 981 verbis
2093 942 2105 977 :

560 1016 840 1073 Inclinavit
875 1020 1066 1083 caelos;
1099 1019 1458 1090 eumdemque
1483 1019 1806 1075 descensum
1850 1033 2110 1089 corporeo

554 1125 780 1180 prorsus
811 1125 960 1165 more
988 1110 1259 1181 exprimit.

621 1286 785 1342 Vens.
842 1286 1025 1342 11-15.
1099 1286 1167 1340 Et
1203 1288 1371 1359 caligo
1441 1289 1535 1342 sub
1592 1287 1807 1359 pedibus
1852 1288 1986 1357 ejus.
2043 1285 2113 1339 Et

554 1380 789 1435 ascendit
810 1396 965 1448 super
986 1379 1249 1434 cherubim
1271 1389 1320 1435 et
1340 1380 1554 1446 volavit,
1581 1381 1772 1435 volavit
1800 1396 1956 1450 super
1983 1396 2112 1449 pen-

2211 467 2378 521 Τοῢτο
2425 467 2481 519 δὲ
2507 466 2602 519 καὶ
2641 464 2801 527 αὐτὸς
2832 467 2861 517 ὀ
2891 460 3078 533 Σωτὴρ
3121 456 3372 529 ἐδηλοῦτο
3398 453 3527 527 πῦρ,
3560 454 3774 523 λέγων’

2208 562 2335 629 Πῦρ
2378 560 2568 629 ἦλθον
2592 558 2812 624 βαλεῖν
2850 557 2947 610 ἐπὶ
2981 556 3094 622 τὴν
3110 553 3245 624 γῆν,
3286 550 3469 605 καὶτί
3507 550 3680 613 θέλω,
3725 551 3781 603 ει

2211 654 2327 723 ἢδη
2386 652 2658 721 ἀνήφθης
2712 650 2896 704 Ταῦτα
2957 651 3133 703 πάντα
3194 644 3420 715 ἐγίνετο,
3478 640 3779 711 ἐπειδήπερ

2208 744 2448 800 ἔκλινεν
2483 743 2774 813 οὐρανοὺς
2813 742 2912 795 καί
2954 739 3187 807 κατέϐη.
3215 738 3324 807 Οὐχ
3350 737 3445 789 ἕνα
3473 734 3529 787 δὲ
3549 731 3780 804 οὐρανὸν

2209 834 2435 903 ἔκλινεν,
2464 834 2597 888 ἀλλά
2629 834 2753 897 τοὺς
2797 832 3003 894 πάντας
3047 832 3159 883 ὅσοι
3205 828 3334 881 ποτέ
3370 827 3525 879 εἰσιν.
3566 824 3629 877 Ἡ
3668 822 3780 894 γὰρ

2211 927 2534 990 ταπείνωσις
2567 924 2661 979 τοῦ
2695 924 2863 994 ὓψους
2892 921 3055 977 αὑτοῦ
3082 923 3177 976 καὶ
3209 923 3243 992 ἡ
3277 921 3508 982 κένωσις
3532 917 3630 988 τῆς
3657 913 3780 969 θεό-

2208 1036 2368 1089 τητος
2404 1016 2655 1089 ἐδηλοῦτο
2689 1015 2780 1069 διὰ
2817 1008 2924 1068 τῶν
2953 1013 3278 1085 εἰρημένων.
3322 1007 3782 1081 Ἐμφατικώτατα

2206 1110 2316 1185 γάρ
2370 1110 2468 1181 τὴν
2515 1109 2812 1163 κατάϐασιν
2866 1105 3061 1169 αὐτοῦ,
3122 1106 3398 1157 Ἕκλινεν
3453 1101 3777 1168 οἱιοανούςο

2211 1199 2668 1273 ωματικώτερον
2701 1200 2800 1269 τὴν
2831 1196 3055 1252 κάθοδον
3085 1193 3248 1249 αὐτοῦ
3281 1193 3579 1264 σημαίνων.

2280 1294 2395 1350 Kal
2436 1295 2659 1364 γνόφος
2703 1291 2821 1347 ὑπὸ
2847 1289 2990 1356 τοὺς
3026 1287 3215 1354 πόδας
3242 1286 3428 1340 αὐτοῦ
3462 1284 3560 1337 καὶ
3600 1282 3783 1352 ἐπέϐη

2212 1388 2311 1443 ἐπὶ
2338 1387 2560 1458 χεροὺϐ
2581 1386 2677 1456 (1),
2704 1383 2799 1437 καὶ
2831 1379 3155 1447 ἐπετάσθη,
3184 1377 3485 1445 ἐπετάσθη
3511 1376 3609 1430 ἐπὶ
3641 1392 3781 1430 πτε-

556 1490 654 1526 nas
676 1479 963 1526 ventorum.
982 1471 1092 1528 i’er
1131 1472 1416 1544 caliginem
1445 1482 1500 1530 et
1530 1473 1782 1529 tenebras
1806 1474 1946 1539 illas,
1974 1473 2112 1527 clam

2221 1482 2407 1551 ρύγων
2441 1477 2692 1549 ἀνέμων.
2729 1477 2806 1546 Τῇ
2858 1475 2955 1546 μὲν
3001 1468 3094 1527 οὖν
3137 1471 3332 1542 ὁμίχλῃ
3365 1470 3461 1523 καὶ
3489 1467 3565 1539 τῷ
3602 1468 3785 1539 γνόφῳ

553 1571 608 1618 et
632 1578 829 1619 arcana
851 1566 1059 1621 ratione
1081 1581 1237 1622 suam
1261 1566 1561 1623 secundum
1583 1565 1858 1621 hominem
1895 1579 2118 1620 ωοοαο-

554 1656 719 1710 miam
745 1656 1049 1713 adumbrat.
1071 1660 1403 1728 Demumque
1446 1658 1637 1713 eodem
1662 1658 1951 1714 revertitur
1973 1655 2116 1712 unde

2214 1574 2275 1629 τὸ
2301 1572 2522 1645 λεληθὸς
2553 1571 2647 1625 καὶ
2676 1571 2991 1641 ἀπόκρυφον
3036 1565 3331 1636 παρίστησι
3371 1563 3468 1633 τῆς
3507 1560 3647 1614 κατά
3689 1561 3783 1614 ἀν-

2216 1667 2432 1738 θρωπον
2468 1664 2631 1719 αὐτοῦ
2672 1661 3009 1733 οἰκονομίας·
3061 1658 3307 1711 ἐπάνεισι
3336 1656 3395 1709 δὲ
3438 1653 3623 1707 λοιπὸν
3661 1652 3785 1707 ὅθεν

552 1747 832 1819 profectus
874 1756 991 1804 erat
1028 1769 1040 1805 :
1073 1765 1137 1804 ac
1193 1750 1249 1804 in
1295 1750 1468 1805 caelos
1498 1749 1746 1806 ascendit
1775 1764 1899 1804 cum
1921 1748 2112 1804 ehem-

2221 1759 2314 1813 καὶ
2342 1757 2525 1828 παρῆν
2550 1772 2563 1787 ο
2594 1757 2674 1819 εἰς
2706 1752 2968 1827 οὐρανούς
2995 1770 3055 1806 τε
3088 1748 3241 1821 ἀνῄει
3272 1750 3365 1802 καὶ
3406 1747 3542 1818 μετά
3568 1746 3663 1800 τοῦ
3699 1765 3786 1817 χε-

553 1839 685 1895 bino
728 1847 783 1896 et
807 1841 1041 1907 volavit;
1090 1839 1306 1894 tametsi
1364 1854 1471 1894 non
1504 1853 1629 1894 cum
1661 1839 1782 1909 ipso
1814 1837 2114 1897 cherubino

552 1929 903 1984 descenderat
933 1949 947 1985 :
979 1928 1098 1987 sine
1149 1928 1451 1984 cherubino
1468 1926 1978 1997 quippe'inclinavit
2000 1926 2113 1996 ipse

552 2022 721 2077 cmlos
774 2028 827 2075 et
870 2020 1166 2077 descendit.
1220 2019 1277 2075 In
1325 2021 1499 2077 reditu
1552 2029 1730 2074 autem
1781 2016 2113 2074 diciturzEt

552 2114 787 2169 ascendit
837 2131 993 2185 super
1030 2113 1293 2168 cherubim
1348 2123 1398 2168 et
1454 2103 1667 2179 volavit,
1721 2128 1845 2168 cum
1886 2127 2115 2183 corpore

553 2207 761 2263 scilicet
786 2208 928 2279 quod
950 2215 1343 2279 assumpserat.
1377 2206 1484 2263 lllm
1508 2223 1672 2279 porro
1718 2207 1913 2262 divinae
1939 2206 2111 2259 virtu-

551 2309 638 2356 tes
664 2301 840 2371 ipsum
879 2302 960 2356 sic
1019 2302 1402 2357 ascendentem
1456 2300 1813 2370 conspicatae,
1878 2298 2115 2353 circum-

554 2400 796 2447 astantes
824 2393 1116 2448 satellitum
1142 2409 1314 2458 more,
1349 2392 1637 2447 Dominum
1672 2390 1968 2462 stipabant,
1995 2389 2113 2459 ejus

554 2499 841 2540 ascensum
888 2486 1223 2541 celebrantes
1271 2486 1458 2556 sicque
1494 2484 1898 2541 vociferantes:
1942 2481 2114 2536 Attol-

555 2575 646 2630 Iite
666 2586 868 2646 portas,
897 2578 1176 2647 principes,
1240 2588 1460 2642 vestras,
1510 2587 1561 2631 et
1611 2576 1907 2640 elevamini,
1949 2586 2113 2644 porta

554 2664 846 2728 eternales,
877 2674 926 2720 et
953 2666 1187 2721 introibit
1216 2666 1323 2721 Rea:
1370 2668 1550 2738 gloria:
1580 2667 1643 2721 ³³.
1686 2668 1903 2737 lmpleta
1933 2674 2112 2721 autem

552 2755 741 2813 isthzec
769 2766 895 2813 sunt
923 2774 988 2814 eo
1017 2766 1277 2829 tempore,
1317 2775 1425 2830 quo
1481 2761 1537 2813 in
1568 2760 1936 2829 apostolorum
1966 2760 2113 2814 Acti-

552 2852 657 2908 bus
683 2858 978 2906 narratur:
1010 2850 1218 2905 Etcum
1248 2852 1356 2905 haec
1384 2851 1623 2914 dixisset,
1673 2850 1961 2904 videntibus
2004 2850 2111 2905 illis

552 2943 779 2999 elevatus
831 2954 929 3007 est,
965 2953 1013 2997 et
1049 2943 1205 2999 nubes
1228 2945 1451 3013 suscepit
1483 2961 1600 2999 eum
1632 2960 1697 2998 ea:
1725 2944 1888 2998 oculis
1908 2959 2108 2999 eorum.

548 3032 786 3105 Cumque
810 3036 1134 3091 intuerentur
1153 3052 1269 3090 eum
1297 3046 1499 3091 euntem
1523 3037 1576 3091 in
1600 3036 1785 3090 caelum
1808 3035 1875 3089 “.

624 3207 905 3266 Latentem
938 3211 1083 3265 illam
1136 3218 1191 3267 et
1218 3212 1486 3268 occultam
1523 3211 1821 3269 Salvatoris
1852 3227 1974 3267 cum
2010 3212 2113 3267 hoc

554 3302 817 3369 minibus,
844 3304 916 3359 ab
960 3319 1190 3361 ascensu
1248 3320 1351 3361 suo
1396 3305 1461 3360 ad
1513 3306 1619 3363 hoc
1670 3321 1843 3377 usque
1877 3313 2110 3376 tempus,

552 3394 1021 3450 conversationem
1052 3395 1137 3451 his
1166 3397 1349 3453 verbis
1388 3396 1592 3452 indicat
1623 3416 1635 3450 :
1671 3395 1740 3450 Et
1779 3397 1952 3465 posuit
1985 3406 2115 3450 tene-

556 3481 682 3539 bras
716 3484 994 3541 latibulum
1016 3503 1192 3553 suum,
1220 3488 1273 3542 in
1298 3489 1521 3542 circuitu
1563 3488 1677 3558 ejus
1708 3487 2113 3542 tabernaculum

548 3575 687 3646 ejus,
713 3578 980 3633 tenebrosa
1002 3596 1138 3650 aqua
1154 3582 1208 3635 in
1232 3581 1452 3637 nubibus
1479 3582 1637 3636 aeris.
1675 3579 1887 3636 Nemini
1916 3580 2115 3651 quippe

552 3666 687 3723 iatet
711 3682 819 3738 quo
846 3676 1005 3738 pacto
1026 3670 1309 3726 nobiscum
1336 3679 1584 3728 versetur
1603 3711 1618 3736 ,
1652 3670 1951 3727 secundum
1980 3670 2112 3725 illud

557 3759 626 3813 ab
685 3774 752 3813 eo
798 3758 999 3816 dictum
1035 3781 1047 3815 :
1082 3761 1214 3817 Ecce
1261 3780 1353 3834 ego
1407 3764 1671 3819 vobiscum
1694 3780 1812 3818 sum
1872 3760 2113 3817 omnibus

547 3850 736 3905 diebus
762 3866 921 3922 usque
952 3851 1020 3905 ad
1044 3856 1546 3910 consummationem
1596 3857 1779 3912 saeculi
1811 3858 1880 3912 ⁸⁸.
1911 3855 2115 3911 Taber-

556 3942 811 3997 naculum
846 3958 1010 4013 porro
1032 3944 1215 4014 ipsius
1269 3962 1379 4001 non
1413 3946 1560 4001 aliud
1604 3946 1894 4018 signiﬁcat.
1948 3960 2111 4017 quam

559 4040 800 4088 sanctam
822 4033 1119 4090 Ecclesiam
1156 4036 1301 4106 ejus,
1358 4037 1415 4091 in
1456 4053 1563 4109 qua
1594 4054 1654 4094 se
1704 4039 2110 4093 tabernaculum

556 4125 859 4195 positurum
899 4127 1170 4197 pollicitus
1197 4139 1280 4183 est
1303 4144 1425 4184 cum
1452 4130 1588 4184 dixit
1622 4146 1634 4181 :
1661 4129 1759 4185 Ubi
1780 4129 1884 4185 duo
1910 4131 1989 4185 vel
2009 4140 2111 4186 tres

554 4220 853 4291 congregati
875 4220 1068 4290 fuerint
1100 4221 1154 4274 in
1182 4222 1388 4275 nomine
1428 4238 1559 4288 meo,
1597 4223 1710 4276 illic
1731 4239 1847 4277 sum
1869 4223 1923 4276 in
1944 4221 2113 4277 medio

545 4326 734 4367 eorum
785 4312 851 4368 “.
895 4310 1344 4383 Quandoquidem
1393 4328 1523 4370 vero
1583 4313 1878 4384 prophetiae
1935 4313 2111 4383 ipsum

549 4411 866 4474 spectantes
891 4404 1189 4477 caliginoso
1205 4411 1257 4459 et
1272 4404 1508 4460 obscuro
1534 4419 1685 4460 more
1713 4404 1937 4475 prolata:
1959 4410 2109 4471 sunt,

548 4497 674 4564 jure
717 4497 1019 4568 adjicitur:
1061 4497 1356 4554 Tenebrosa
1405 4514 1543 4569 aqua
1591 4498 1644 4551 in
1688 4496 1910 4551 nubibus
1954 4498 2112 4551 aeris.

555 4586 679 4640 Prae
704 4589 907 4659 fulgore
950 4591 1005 4644 in
1054 4600 1328 4661 conspectu
1376 4591 1490 4661 ejus
1556 4589 1713 4644 nubes
1769 4590 2112 4655 transierunt,

549 4678 754 4746 grando
788 4690 837 4735 et
867 4681 1116 4736 carbones
1145 4684 1301 4753 ignis.
1353 4682 1509 4749 Quod
1547 4690 1727 4738 autem
1767 4683 1961 4746 nubes,
1988 4697 2115 4752 pro-

552 4772 769 4840 phetas,
797 4788 859 4825 ac
885 4773 1120 4842 pluviam
1153 4790 1219 4829 ex
1258 4774 1495 4829 nubibus
1553 4773 1850 4844 delapsam,
1879 4774 2114 4846 prophe-

550 4864 691 4918 ticos
752 4879 1030 4920 sermones
1089 4865 1322 4936 Spiritus
1352 4876 1575 4923 sanctus
1617 4868 1789 4943 soleat
1841 4868 2114 4938 appellare

552 4956 768 5011 docebit
794 4956 960 5013 Isaias
991 4960 1105 5029 qui,
1140 4960 1597 5031 quemadmodum
1628 4960 1830 5015 dictum
1863 4968 1968 5023 est,
2015 4974 2113 5030 po-

552 5053 739 5123 pulum
795 5055 1008 5109 vineam
1061 5058 1369 5126 compellat,
1405 5060 1588 5129 aitque
1627 5059 1801 5114 nubes
1830 5074 1937 5112 non
1974 5059 2113 5112 ultra

550 5146 787 5217 pluviam
817 5148 917 5218 ipsi
945 5149 1360 5206 subministrare
1382 5152 1447 5206 "’~.

619 5238 785 5296 νεκε.
811 5241 897 5295 14.
934 5241 1003 5295 Et
1033 5244 1256 5297 intonuit
1283 5243 1345 5298 de
1366 5245 1494 5299 caelo
1514 5244 1791 5311 Dominus,
1830 5253 1878 5298 et
1900 5244 2111 5297 Altissi-

549 5350 666 5390 mus
681 5332 823 5389 dedit
845 5351 1016 5390 vocem
1034 5352 1204 5390 suam.
1251 5337 1309 5391 ln
1341 5336 1597 5407 praesenti
1626 5338 1886 5392 docemur
1910 5349 1973 5388 ca
1989 5348 2109 5403 qua:

2222 1849 2438 1924 ρουϐὶμ,
2466 1848 2559 1919 καὶ
2583 1846 2885 1916 ἐπετάσθη·
2910 1844 3085 1901 καίτοι
3112 1842 3186 1914 μὴ
3216 1842 3313 1896 σὺν
3337 1838 3485 1910 αὐτῷ
3512 1838 3782 1902 καταϐάς·

2219 1943 2340 2013 δίχα
2380 1941 2488 2013 γὰρ
2534 1940 2629 1994 τοῦ
2672 1938 2938 2011 χερουσὶμ
2980 1936 3185 1989 ἔκλινεν
3213 1934 3475 2006 οὐρανοὺς
3501 1932 3663 1994 αὐτὸς
3695 1932 3787 1985 καὶ

2220 2032 2447 2104 κατέϐη.
2493 2034 2580 2086 Ἐν
2632 2030 2689 2083 δὲ
2732 2031 2797 2100 τῇ
2842 2027 3082 2098 ὲπανόόῳ
3130 2026 3407 2080 λέλεκταιο
3454 2024 3562 2079 Kal
3605 2022 3786 2093 ἐπέϐη

2219 2124 2317 2179 ἐπὶ
2354 2125 2632 2194 χερουόὶμ
2659 2121 2755 2175 καὶ
2784 2120 3104 2188 ἐπετάσθη,
3139 2118 3255 2191 μεθ’
3286 2113 3345 2172 οὗ
3373 2117 3660 2188 ἀνείληφεν
3686 2114 3787 2170 σώ-

2224 2236 2410 2291 ματος.
2431 2218 2541 2272 Καὶ
2564 2216 2749 2287 ἐπειδὴ
2773 2214 3133 2269 ἀναϐαίνοντα
3154 2211 3325 2273 οὕτως
3346 2209 3610 2282 ἐθεώρουν
3628 2208 3789 2264 αὐτὸν

2220 2310 2277 2362 αἱ
2310 2308 2565 2379 δυνάμεις
2593 2307 2648 2360 al
2682 2304 2843 2367 θεῖαι,
2872 2303 3002 2375 περ)⁸
3027 2302 3186 2356 αὑτὸν
3222 2299 3507 2371 γενόμεναι
3533 2298 3788 2370 ἐδορυφό-

2223 2419 2347 2474 ρουν
2399 2399 2559 2454 αὐτοῦ
2616 2397 2713 2470 τὴν
2769 2397 2951 2452 ἄνοδον
3001 2394 3295 2449 ἐπιδοῶσαι
3357 2393 3451 2447 καί¹
3495 2391 3785 2460 λέγουσαν

2222 2493 2426 2559 Ἄρατε
2467 2488 2575 2553 τὰς
2603 2489 2893 2552 πύλας,οἱ
2924 2486 3232 2555 ἄρχοντες,
3269 2481 3456 2553 ὑμῶν,
3484 2480 3583 2537 καὶ
3607 2480 3791 2549 έπάρο

2219 2587 2378 2652 θητε,
2405 2583 2588 2636 πύλαι
2614 2578 2852 2643 αὶώνιοι,
2879 2578 2976 2631 καὶ
3001 2576 3410 2632 εἰσελεύσεται
3438 2578 3470 2628 ό
3488 2574 3792 2641 ,βασιλεὺς

2218 2670 2326 2740 τῆς
2355 2671 2556 2739 δόξης.
2607 2665 2938 2740 Ἐπληροῦτο
2963 2666 3019 2719 δὲ
3047 2664 3219 2719 ταῦτα
3258 2663 3405 2716 κατά
3449 2662 3538 2715 τὸν
3575 2660 3791 2731 καιρὸν,

2218 2764 2339 2818 καθ’
2381 2765 2435 2817 ὃν
2485 2780 2646 2833 φησιν
2691 2764 2725 2832 ἡ
2759 2760 2952 2832 Γραφὴ
2981 2758 3090 2812 τῶν
3132 2757 3389 2828 Πράξεων
3416 2753 3518 2807 τῶν
3550 2752 3793 2806 ἀποστό-

2216 2852 2325 2908 λων
2343 2872 2357 2886 ο
2375 2854 2483 2909 Kal
2511 2854 2697 2908 ταῦτα
2717 2852 2919 2917 εἰπὼν,
2942 2850 3299 2915 ,βλεπόντων
3317 2844 3512 2901 αὐτῶν
3531 2841 3790 2911 ἐπήρθη,

2218 2948 2315 3001 καὶ
2348 2946 2573 3015 νεφέλη
2606 2943 2899 2999 ἀνέλαϐεν
2932 2942 3121 2996 αὑτὸν
3148 2940 3267 2995 ἀπὸ
3304 2937 3422 2992 τῶν
3466 2934 3786 3007 ὀφθαλμῶν

2217 3040 2434 3095 αὐτῶν.
2460 3038 2568 3093 Καὶ
2593 3037 2673 3103 ὡς
2704 3035 3068 3101 ἀτενίζοντες
3094 3028 3256 3104 ἦσαν
3279 3034 3366 3096 εὶς
3392 3027 3791 3096 corbitam-or

2142 3108 2186 3165 ϐ
2218 3129 2621 3201 πορευομένου
2647 3128 2853 3183 αὐτοῦ.

2291 3224 2400 3296 Τὴν
2429 3223 2611 3294 ἀφανῆ
2647 3222 2741 3276 καὶ
2781 3219 3148 3276 λανθάνουσαν
3180 3215 3274 3271 τοῦ
3303 3215 3557 3286 Σωτῆρος
3581 3213 3794 3284 διατρι-

2220 3316 2340 3389 ϐὴν,
2368 3317 2433 3388 ἥν
2467 3316 2564 3369 σὺν
2589 3312 2893 3385 ἀνθρώποις
2949 3309 3115 3363 εἰσέτι
3145 3307 3238 3362 καὶ
3268 3305 3363 3360 νῦν
3395 3308 3624 3359 ποιεῖται
3652 3300 3797 3374 μετὰ

2218 3406 2315 3478 τὴν
2340 3406 2623 3478 ἀνάληψιν,
2675 3404 2913 3459 διδάσκει
2944 3401 3143 3468 λέγων·
3199 3397 3310 3453 Kal
3354 3396 3519 3451 ἔθετο
3570 3394 3796 3458 σκότος

2220 3498 2579 3568 ἀποκρυφὴν
2596 3498 2804 3559 αὐτοῦ,
2837 3496 3044 3561 κύκλῳ
3069 3490 3257 3547 αὐτοῦ
3295 3491 3333 3559 ὴ
3358 3486 3558 3555 σκηνὴ
3579 3484 3794 3549 αὑτοῦ,

2221 3591 2535 3644 σκοτεινὸν
2562 3586 2717 3655 ὕδωρ
2741 3588 2811 3650 ἐν
2843 3585 3123 3654 νεφέλαις
3177 3581 3384 3650 ἀέρων.
3436 3578 3511 3632 Οὐ
3540 3575 3797 3633 λανθάνει

2221 3681 2329 3753 γὰρ
2355 3681 2482 3743 τοὺς
2511 3678 2715 3740 πάντας
2745 3678 2892 3741 ὅπως
2929 3673 3173 3728 σύνεστιν
3213 3674 3344 3743 ἡμῖν
3376 3666 3517 3724 κατά
3551 3666 3611 3719 τὸ
3635 3668 3796 3736 εἰρη-

2224 3772 2380 3843 μένον
2409 3768 2499 3821 ὑπ*
2528 3765 2711 3821 αὑτοῦ·
2755 3764 2910 3819 Ἰδοὺ
2953 3763 3066 3834 ἐγὼ
3084 3764 3211 3834 μεθ’
3238 3760 3405 3832 ὑμῶν
3446 3762 3562 3828 εἰμι
3585 3755 3797 3823 πάσας

2223 3863 2330 3929 τὰς
2353 3860 2576 3931 ἡμέρας
2593 3859 2705 3925 ἕως
2728 3856 2840 3926 τῆς
2857 3857 3213 3923 συντελείας
3234 3854 3340 3910 τοῦ
3365 3851 3594 3917 αἰῶνος.
3645 3850 3801 3921 Σκη-

2223 3954 2319 4027 νὴν
2346 3954 2403 4007 δὲ
2420 3950 2583 4007 αὐτοῦ
2626 3950 2880 4021 σημαίνει
2912 3949 3010 4020 οὐχ
3056 3948 3302 4021 ἑτέρανῆ
3337 3946 3434 4016 τὴν
3459 3942 3620 4012 ἁγίαν
3663 3940 3799 3997 Ἐκ-

2222 4048 2446 4120 κλησίαν
2466 4045 2649 4100 αὐτοῦ·
2681 4046 2737 4098 ὲν
2849 4041 3267 4112 κατασκηνῶσαι
3287 4035 3671 4110 ἐπηγγείλατο,
3705 4033 3795 4088 εἰ-

2222 4139 2356 4194 πών·
2390 4141 2571 4193 Ὅπου
2592 4137 2700 4191 δύο
2726 4134 2764 4205 ἡ
2786 4135 2940 4205 τρεῖς
2975 4131 3341 4204 συνηγμένοι
3370 4130 3529 4185 εἰσὶν
3579 4129 3667 4192 εις
3722 4124 3797 4180 τὸ

2220 4232 2366 4302 ἐμὸν
2399 4231 2602 4301 ὄνομα,
2637 4230 2763 4284 ἐκεῖ
2785 4232 2901 4299 εἰμι
2936 4228 3007 4281 ἐν
3026 4227 3195 4298 μέσῳ
3221 4223 3437 4280 αὐτῶν.
3487 4220 3707 4289 Ἐπειδὴ
3733 4219 3799 4272 δὲ

2223 4326 2318 4379 καὶ
2343 4326 2399 4377 αἰ
2428 4324 2554 4394 περὶ
2583 4322 2746 4376 αὐτοῦ
2775 4323 3097 4392 προφητεῖαι
3128 4315 3413 4378 σκοτεινῶς
3437 4313 3680 4385 εἴρηνται
3699 4311 3802 4365 καὶ

2149 4457 2192 4511 D
2223 4414 2730 4488 ὲπικεκρυμμένως,
2765 4411 2986 4473 εἰκότως
3014 4408 3139 4479 ἑξῆς
3188 4406 3427 4511 λέγεται·
3455 4400 3801 4511 :‘Jxoz'etrbr

2221 4509 2378 4578 ὕδωρ
2416 4508 2487 4563 έν
2511 4506 2791 4577 νεφέλαις
2814 4500 3021 4570 ἀέρων.
3064 4497 3205 4553 Ἀπὸ
3224 4494 3335 4563 τῆς
3362 4491 3803 4563 τηλαυγ-ήσεως

2192 4640 2195 4643 λ
2221 4598 2474 4653 ἐνώπιον
2504 4595 2687 4651 αὐτοῦ
2715 4596 2774 4649 αἱ
2799 4591 3044 4661 νεφέλαι
3094 4587 3363 4657 διῆλθον,
3391 4585 3636 4655 ’χάλαζα
3690 4585 3803 4639 καὶ

2221 4692 2509 4761 ἄνθρακες
2536 4692 2742 4760 πυρός.
2775 4688 2897 4741 Ὅτι
2923 4685 3031 4756 γάρ
3060 4683 3288 4754 νεφέλας
3329 4682 3453 4745 τοὺς
3480 4681 3802 4752 προφήτας,

2223 4785 2315 4839 καὶ
2341 4785 2433 4838 τὸν
2453 4783 2512 4849 ἐξ
2535 4781 2712 4837 αὐτῶν
2746 4779 3037 4851 φερόμενον
3070 4776 3242 4839 ὑετὸν,
3274 4773 3470 4845 δηλαδὴ
3504 4772 3630 4835 τοὺς
3654 4788 3795 4843 προ»

2220 4875 2476 4946 φητικοὺς
2494 4872 2705 4940 λόγους,
2738 4868 2800 4922 τὸ
2846 4866 3070 4937 Πνεῦμα
3099 4866 3159 4918 τὸ
3204 4864 3344 4917 θεῖον
3375 4860 3562 4916 εἴωθεν
3591 4860 3806 4931 ὀνομά-

2221 4965 2351 5029 ζειν,
2386 4963 2583 5029 διδάξει
2619 4962 2860 5023 Ἡσαΐας,
2921 4956 3291 5027 ἀλληγορικῶς
3334 4953 3426 5007 τὸν
3452 4952 3578 5004 λαὸν
3609 4952 3805 5022 ἀμπεο

2220 5056 2360 5110 λῶνα
2381 5052 2712 5127 προσειπὼν,
2744 5051 2887 5106 καθά
2938 5051 3172 5122 εἴρηται,
3206 5047 3300 5100 καὶ
3327 5044 3554 5114 νεφέλας
3589 5041 3805 5114 μηκέτι

2220 5150 2298 5211 εἰς
2322 5148 2485 5200 αὑτὸν
2513 5146 2663 5199 ὑετὸν
2695 5142 2981 5215 φερούσας.

2289 5239 2398 5294 Καὶ
2447 5238 2809 5308 ἐϐρόντησεν
2864 5236 2932 5301 ἐξ
3000 5234 3253 5303 ούρανοῦ
3299 5232 3542 5299 Κύριος,
3593 5228 3694 5283 καὶ
3760 5233 3803 5286 ό

2219 5334 2514 5401 ’Ύψιστος
2538 5330 2722 5385 ἔδωκε
2740 5328 2949 5399 φωνὴν
2978 5327 3179 5383 αὐτοῦ.
3217 5325 3461 5380 Διδάσκει
3491 5324 3549 5376 ὲν
3573 5320 3652 5393 τῷ
3683 5336 3803 5383 πα-

617 5491 815 5572 f'Luc.
859 5508 979 5572 με,
1034 5492 1121 5548 49.
1200 5490 1413 5548 "Psal.
1442 5491 1748 5563 xx;tl,7,9.
1829 5492 1873 5525 ⁸⁸
1894 5491 2013 5549 Act.
2054 5507 2093 5558 ι,
2156 5489 2209 5558 9,
2274 5489 2360 5546 lO.
2436 5486 2715 5572 “'Matth.‘
2746 5500 2941 5551 xxvru,
2981 5483 3070 5540 20.
3146 5481 3193 5515 “
3241 5478 3429 5536 Matth.
3478 5491 3652 5545 mn,
3686 5472 3793 5540 20.

547 5561 592 5592 "’
621 5559 723 5617 lsa.
768 5579 821 5627 v,
857 5562 904 5629 Ι,
933 5562 984 5619 li.

617 5716 693 5785 (ί)
734 5718 953 5803 Μοδειιιί
980 5733 1151 5789 marg.
1192 5716 1477 5790 χερουδίμ.
