  <div class='ocr_page' id='page_1' title='image "/cluster/home/n/w/nwhite01/storage/ocr_20150623/23/hvd.32044073501116/092.png"; bbox 0 0 4042 6210; ppageno 0'>
   <div class='ocr_carea' id='block_1_1' title="bbox 192 335 299 396">
    <p class='ocr_par' dir='ltr' id='par_1_1' title="bbox 192 335 299 396">
     <span class='ocr_line' id='line_1_1' title="bbox 192 335 299 396; baseline 0.009 -1"><span class='ocrx_word' id='word_1_1' title='bbox 192 335 299 396; x_wconf 56' lang='lat'><strong>€73</strong></span> 
     </span>
    </p>
   </div>
   <div class='ocr_carea' id='block_1_2' title="bbox 1314 333 2301 393">
    <p class='ocr_par' dir='ltr' id='par_1_2' title="bbox 1314 333 2301 393">
     <span class='ocr_line' id='line_1_2' title="bbox 1314 333 2301 393; baseline -0.002 0"><span class='ocrx_word' id='word_1_2' title='bbox 1314 335 1817 393; x_wconf 73' lang='lat' dir='ltr'><strong>COMMENTARIA</strong></span> <span class='ocrx_word' id='word_1_3' title='bbox 1856 334 1920 389; x_wconf 85' lang='lat' dir='ltr'><strong>IN</strong></span> <span class='ocrx_word' id='word_1_4' title='bbox 1964 333 2301 392; x_wconf 78' lang='lat' dir='ltr'><strong>PSALMOS.</strong></span> 
     </span>
    </p>
   </div>
   <div class='ocr_carea' id='block_1_3' title="bbox 3329 332 3432 388">
    <p class='ocr_par' dir='ltr' id='par_1_3' title="bbox 3329 332 3432 388">
     <span class='ocr_line' id='line_1_3' title="bbox 3329 332 3432 388; baseline 0.019 -2"><span class='ocrx_word' id='word_1_5' title='bbox 3329 332 3432 388; x_wconf 59' lang='lat'><strong>174</strong></span> 
     </span>
    </p>
   </div>
   <div class='ocr_carea' id='block_1_4' title="bbox 192 452 1771 529">
    <p class='ocr_par' dir='ltr' id='par_1_4' title="bbox 192 454 1760 529">
     <span class='ocr_line' id='line_1_4' title="bbox 192 454 1760 529; baseline -0.002 -17"><span class='ocrx_word' id='word_1_6' title='bbox 192 454 335 529; x_wconf 79' lang='grc' dir='ltr'>ρόντι</span> <span class='ocrx_word' id='word_1_7' title='bbox 362 458 390 511; x_wconf 86' lang='lat'><strong>6</strong></span> <span class='ocrx_word' id='word_1_8' title='bbox 414 457 568 527; x_wconf 85' lang='grc' dir='ltr'>λόγος</span> <span class='ocrx_word' id='word_1_9' title='bbox 594 455 674 511; x_wconf 82' lang='grc' dir='ltr'><strong>τὰ,</strong></span> <span class='ocrx_word' id='word_1_10' title='bbox 699 454 837 527; x_wconf 75' lang='grc' dir='ltr'>μετὰ</span> <span class='ocrx_word' id='word_1_11' title='bbox 858 455 955 527; x_wconf 79' lang='grc' dir='ltr'><strong>τὴν</strong></span> <span class='ocrx_word' id='word_1_12' title='bbox 979 456 1243 528; x_wconf 76' lang='grc' dir='ltr'>ἀνάληψιν</span> <span class='ocrx_word' id='word_1_13' title='bbox 1275 457 1367 510; x_wconf 89' lang='grc' dir='ltr'><strong>τοῦ</strong></span> <span class='ocrx_word' id='word_1_14' title='bbox 1400 457 1648 528; x_wconf 81' lang='grc' dir='ltr'><strong>Σωτῆρος</strong></span> <span class='ocrx_word' id='word_1_15' title='bbox 1673 456 1760 509; x_wconf 82' lang='grc' dir='ltr'><strong>διὰ</strong></span> 
     </span>
    </p>
   </div>
   <div class='ocr_carea' id='block_1_5' title="bbox 1874 452 3433 529">
    <p class='ocr_par' dir='ltr' id='par_1_5' title="bbox 1874 452 3433 525">
     <span class='ocr_line' id='line_1_5' title="bbox 1874 452 3433 525; baseline -0.004 -14"><span class='ocrx_word' id='word_1_16' title='bbox 1874 463 1987 525; x_wconf 84' lang='lat' dir='ltr'><strong>post</strong></span> <span class='ocrx_word' id='word_1_17' title='bbox 2035 454 2335 510; x_wconf 86' lang='lat' dir='ltr'><strong>Salvatoris</strong></span> <span class='ocrx_word' id='word_1_18' title='bbox 2394 469 2683 512; x_wconf 81' lang='lat' dir='ltr'><strong>ascensum</strong></span> <span class='ocrx_word' id='word_1_19' title='bbox 2715 470 2814 525; x_wconf 80' lang='lat' dir='ltr'><strong>per:</strong></span> <span class='ocrx_word' id='word_1_20' title='bbox 2850 454 2971 524; x_wconf 83' lang='lat' dir='ltr'><strong>ejus</strong></span> <span class='ocrx_word' id='word_1_21' title='bbox 3022 452 3251 511; x_wconf 72' lang='lat' dir='ltr'><strong>virtutes</strong></span> <span class='ocrx_word' id='word_1_22' title='bbox 3281 458 3433 521; x_wconf 82' lang='lat' dir='ltr'><strong>gesta</strong></span> 
     </span>
    </p>
   </div>
   <div class='ocr_carea' id='block_1_6' title="bbox 188 548 1762 623">
    <p class='ocr_par' dir='ltr' id='par_1_6' title="bbox 188 548 1762 623">
     <span class='ocr_line' id='line_1_6' title="bbox 188 548 1762 623; baseline -0.001 -19"><span class='ocrx_word' id='word_1_23' title='bbox 188 549 287 622; x_wconf 77' lang='grc' dir='ltr'><strong>τῆς</strong></span> <span class='ocrx_word' id='word_1_24' title='bbox 317 549 482 604; x_wconf 85' lang='grc' dir='ltr'>αὐτοῦ</span> <span class='ocrx_word' id='word_1_25' title='bbox 514 550 794 620; x_wconf 82' lang='grc' dir='ltr'>δυνάμεως</span> <span class='ocrx_word' id='word_1_26' title='bbox 831 549 1300 623; x_wconf 82' lang='grc' dir='ltr'>καταπραχθὲντα,</span> <span class='ocrx_word' id='word_1_27' title='bbox 1338 549 1524 619; x_wconf 74' lang='grc' dir='ltr'>σαφῶς</span> <span class='ocrx_word' id='word_1_28' title='bbox 1550 549 1606 602; x_wconf 81' lang='grc' dir='ltr'>δὲ</span> <span class='ocrx_word' id='word_1_29' title='bbox 1665 548 1762 620; x_wconf 78' lang='grc' dir='ltr'>τὴν</span> 
     </span>
    </p>
   </div>
   <div class='ocr_carea' id='block_1_7' title="bbox 188 639 1759 713">
    <p class='ocr_par' dir='ltr' id='par_1_7' title="bbox 188 639 1759 713">
     <span class='ocr_line' id='line_1_7' title="bbox 188 639 1759 713; baseline -0.001 -18"><span class='ocrx_word' id='word_1_30' title='bbox 188 640 374 695; x_wconf 75' lang='grc' dir='ltr'>ἄνοδον</span> <span class='ocrx_word' id='word_1_31' title='bbox 403 639 566 695; x_wconf 82' lang='grc' dir='ltr'>αὑτοῦ</span> <span class='ocrx_word' id='word_1_32' title='bbox 591 642 898 713; x_wconf 78' lang='grc' dir='ltr'><strong>παρέστησε</strong></span> <span class='ocrx_word' id='word_1_33' title='bbox 918 640 1006 694; x_wconf 84' lang='grc' dir='ltr'><strong>διὰ</strong></span> <span class='ocrx_word' id='word_1_34' title='bbox 1035 642 1144 695; x_wconf 87' lang='grc' dir='ltr'>τῶν</span> <span class='ocrx_word' id='word_1_35' title='bbox 1174 642 1545 713; x_wconf 82' lang='grc' dir='ltr'><strong>προκειμένων</strong></span> <span class='ocrx_word' id='word_1_36' title='bbox 1575 640 1759 693; x_wconf 82' lang='grc' dir='ltr'>εἰπών’</span> 
     </span>
    </p>
   </div>
   <div class='ocr_carea' id='block_1_8' title="bbox 188 732 1765 806">
    <p class='ocr_par' dir='ltr' id='par_1_8' title="bbox 188 732 1765 806">
     <span class='ocr_line' id='line_1_8' title="bbox 188 732 1765 806; baseline -0.002 -18"><span class='ocrx_word' id='word_1_37' title='bbox 188 734 300 788; x_wconf 75' lang='grc' dir='ltr'><strong>Καὶ</strong></span> <span class='ocrx_word' id='word_1_38' title='bbox 319 734 691 802; x_wconf 78' lang='grc' dir='ltr'>ἐϐρόντησεν</span> <span class='ocrx_word' id='word_1_39' title='bbox 710 732 780 797; x_wconf 79' lang='grc' dir='ltr'><strong>ἐξ</strong></span> <span class='ocrx_word' id='word_1_40' title='bbox 811 733 1093 801; x_wconf 82' lang='grc' dir='ltr'>οὐρανοῦ.</span> <span class='ocrx_word' id='word_1_41' title='bbox 1133 733 1256 797; x_wconf 79' lang='grc' dir='ltr'>Πῶς</span> <span class='ocrx_word' id='word_1_42' title='bbox 1287 733 1344 786; x_wconf 87' lang='grc' dir='ltr'>δὲ</span> <span class='ocrx_word' id='word_1_43' title='bbox 1379 732 1705 806; x_wconf 71' lang='grc' dir='ltr'>ἐϐρόντησεν</span> <span class='ocrx_word' id='word_1_44' title='bbox 1737 733 1765 785; x_wconf 98' lang='lat'><strong>6</strong></span> 
     </span>
    </p>
   </div>
   <div class='ocr_carea' id='block_1_9' title="bbox 185 822 1765 895">
    <p class='ocr_par' dir='ltr' id='par_1_9' title="bbox 185 822 1765 895">
     <span class='ocr_line' id='line_1_9' title="bbox 185 822 1765 895; baseline 0.001 -18"><span class='ocrx_word' id='word_1_45' title='bbox 185 824 451 895; x_wconf 83' lang='grc' dir='ltr'><strong>ἀνωτέρω</strong></span> <span class='ocrx_word' id='word_1_46' title='bbox 482 823 666 887; x_wconf 81' lang='grc' dir='ltr'>κλίνας</span> <span class='ocrx_word' id='word_1_47' title='bbox 693 824 817 886; x_wconf 87' lang='grc' dir='ltr'>τοὺς</span> <span class='ocrx_word' id='word_1_48' title='bbox 847 823 1110 893; x_wconf 77' lang='grc' dir='ltr'>οὐρανοὺς</span> <span class='ocrx_word' id='word_1_49' title='bbox 1164 824 1259 876; x_wconf 81' lang='grc' dir='ltr'>καὶ</span> <span class='ocrx_word' id='word_1_50' title='bbox 1287 822 1551 890; x_wconf 71' lang='grc' dir='ltr'>καταϐὰς,</span> <span class='ocrx_word' id='word_1_51' title='bbox 1606 825 1655 879; x_wconf 86' lang='grc' dir='ltr'><strong>εἰ</strong></span> <span class='ocrx_word' id='word_1_52' title='bbox 1687 823 1765 895; x_wconf 83' lang='grc' dir='ltr'>μὴ</span> 
     </span>
    </p>
   </div>
   <div class='ocr_carea' id='block_1_10' title="bbox 185 913 1768 986">
    <p class='ocr_par' dir='ltr' id='par_1_10' title="bbox 185 913 1768 986">
     <span class='ocr_line' id='line_1_10' title="bbox 185 913 1768 986; baseline -0.001 -18"><span class='ocrx_word' id='word_1_53' title='bbox 185 914 408 978; x_wconf 81' lang='grc' dir='ltr'>πάντως</span> <span class='ocrx_word' id='word_1_54' title='bbox 454 913 796 981; x_wconf 86' lang='grc' dir='ltr'>ἀνεληλύθει;</span> <span class='ocrx_word' id='word_1_55' title='bbox 860 915 996 986; x_wconf 80' lang='grc' dir='ltr'>ὅπερ</span> <span class='ocrx_word' id='word_1_56' title='bbox 1040 914 1295 985; x_wconf 80' lang='grc' dir='ltr'><strong>ἐδηλοῦτο</strong></span> <span class='ocrx_word' id='word_1_57' title='bbox 1356 915 1444 969; x_wconf 82' lang='grc' dir='ltr'><strong>διὰ</strong></span> <span class='ocrx_word' id='word_1_58' title='bbox 1484 914 1601 969; x_wconf 87' lang='grc' dir='ltr'>τοῦ·</span> <span class='ocrx_word' id='word_1_59' title='bbox 1657 914 1768 972; x_wconf 75' lang='grc' dir='ltr'><strong>Καὶ</strong></span> 
     </span>
    </p>
   </div>
   <div class='ocr_carea' id='block_1_11' title="bbox 183 1004 1763 1075">
    <p class='ocr_par' dir='ltr' id='par_1_11' title="bbox 183 1004 1763 1075">
     <span class='ocr_line' id='line_1_11' title="bbox 183 1004 1763 1075; baseline 0 -17"><span class='ocrx_word' id='word_1_60' title='bbox 183 1004 372 1074; x_wconf 79' lang='grc' dir='ltr'>ἐπέϐη</span> <span class='ocrx_word' id='word_1_61' title='bbox 414 1005 511 1061; x_wconf 83' lang='grc' dir='ltr'><strong>ἐπί</strong></span> <span class='ocrx_word' id='word_1_62' title='bbox 537 1006 815 1075; x_wconf 73' lang='grc' dir='ltr'>χερουόἶμ</span> <span class='ocrx_word' id='word_1_63' title='bbox 848 1004 946 1059; x_wconf 79' lang='grc' dir='ltr'>καὶ</span> <span class='ocrx_word' id='word_1_64' title='bbox 966 1006 1287 1072; x_wconf 81' lang='grc' dir='ltr'>ἑπετάσθη,</span> <span class='ocrx_word' id='word_1_65' title='bbox 1338 1004 1638 1074; x_wconf 81' lang='grc' dir='ltr'>ἐπετάσθη</span> <span class='ocrx_word' id='word_1_66' title='bbox 1667 1006 1763 1059; x_wconf 82' lang='grc' dir='ltr'><strong>ἐπί</strong></span> 
     </span>
    </p>
   </div>
   <div class='ocr_carea' id='block_1_12' title="bbox 185 1094 1765 1167">
    <p class='ocr_par' dir='ltr' id='par_1_12' title="bbox 185 1094 1765 1167">
     <span class='ocr_line' id='line_1_12' title="bbox 185 1094 1765 1167; baseline -0.001 -17"><span class='ocrx_word' id='word_1_67' title='bbox 185 1096 496 1165; x_wconf 68' lang='grc' dir='ltr'>πτερύγων</span> <span class='ocrx_word' id='word_1_68' title='bbox 524 1094 777 1165; x_wconf 82' lang='grc' dir='ltr'>ἀνέμων.</span> <span class='ocrx_word' id='word_1_69' title='bbox 809 1094 1017 1148; x_wconf 74' lang='grc' dir='ltr'>Οὐκοῦν</span> <span class='ocrx_word' id='word_1_70' title='bbox 1063 1094 1441 1149; x_wconf 75' lang='grc' dir='ltr'>ἀποδέδεικται</span> <span class='ocrx_word' id='word_1_71' title='bbox 1470 1094 1765 1167; x_wconf 81' lang='grc' dir='ltr'>κατεληλυ-</span> 
     </span>
    </p>
   </div>
   <div class='ocr_carea' id='block_1_13' title="bbox 187 1179 1772 1258">
    <p class='ocr_par' dir='ltr' id='par_1_13' title="bbox 187 1179 1772 1258">
     <span class='ocr_line' id='line_1_13' title="bbox 187 1179 1772 1258; baseline -0.003 -19"><span class='ocrx_word' id='word_1_72' title='bbox 187 1184 320 1251; x_wconf 86' lang='grc' dir='ltr'>θὼς,</span> <span class='ocrx_word' id='word_1_73' title='bbox 343 1181 461 1240; x_wconf 77' lang='grc' dir='ltr'>εἶτα</span> <span class='ocrx_word' id='word_1_74' title='bbox 493 1184 631 1256; x_wconf 74' lang='grc' dir='ltr'>μετὰ</span> <span class='ocrx_word' id='word_1_75' title='bbox 685 1182 778 1237; x_wconf 86' lang='grc' dir='ltr'><strong>τοῦ</strong></span> <span class='ocrx_word' id='word_1_76' title='bbox 836 1182 1104 1258; x_wconf 73' lang='grc' dir='ltr'>χερουϐὶμ</span> <span class='ocrx_word' id='word_1_77' title='bbox 1158 1182 1518 1254; x_wconf 78' lang='grc' dir='ltr'><strong>ἀνεληλυθώς·</strong></span> <span class='ocrx_word' id='word_1_78' title='bbox 1568 1179 1662 1236; x_wconf 82' lang='grc' dir='ltr'>εἶτ’</span> <span class='ocrx_word' id='word_1_79' title='bbox 1709 1182 1772 1249; x_wconf 50' lang='grc' dir='ltr'><strong>ἔξω</strong></span> 
     </span>
    </p>
   </div>
   <div class='ocr_carea' id='block_1_14' title="bbox 188 1274 1767 1349">
    <p class='ocr_par' dir='ltr' id='par_1_14' title="bbox 188 1274 1767 1349">
     <span class='ocr_line' id='line_1_14' title="bbox 188 1274 1767 1349; baseline -0.004 -16"><span class='ocrx_word' id='word_1_80' title='bbox 188 1277 418 1349; x_wconf 78' lang='grc' dir='ltr'>οὐρανοῦ</span> <span class='ocrx_word' id='word_1_81' title='bbox 444 1275 700 1349; x_wconf 84' lang='grc' dir='ltr'>βροντῶν,</span> <span class='ocrx_word' id='word_1_82' title='bbox 725 1276 821 1330; x_wconf 81' lang='grc' dir='ltr'>καὶ</span> <span class='ocrx_word' id='word_1_83' title='bbox 853 1276 980 1346; x_wconf 80' lang='grc' dir='ltr'><strong>ἑξῆς</strong></span> <span class='ocrx_word' id='word_1_84' title='bbox 1008 1275 1077 1329; x_wconf 85' lang='grc' dir='ltr'><strong>τὰ</strong></span> <span class='ocrx_word' id='word_1_85' title='bbox 1107 1275 1574 1347; x_wconf 81' lang='grc' dir='ltr'>ἀναγεγραμμένα</span> <span class='ocrx_word' id='word_1_86' title='bbox 1596 1274 1767 1346; x_wconf 71' lang='grc' dir='ltr'>πράτο</span> 
     </span>
    </p>
   </div>
   <div class='ocr_carea' id='block_1_15' title="bbox 188 1366 1769 1439">
    <p class='ocr_par' dir='ltr' id='par_1_15' title="bbox 188 1366 1769 1439">
     <span class='ocr_line' id='line_1_15' title="bbox 188 1366 1769 1439; baseline -0.001 -17"><span class='ocrx_word' id='word_1_87' title='bbox 188 1368 298 1428; x_wconf 80' lang='grc' dir='ltr'>τῶν</span> <span class='ocrx_word' id='word_1_88' title='bbox 329 1368 469 1422; x_wconf 74' lang='grc' dir='ltr'>κατὰ</span> <span class='ocrx_word' id='word_1_89' title='bbox 496 1367 604 1422; x_wconf 89' lang='grc' dir='ltr'>τῶν</span> <span class='ocrx_word' id='word_1_90' title='bbox 634 1367 843 1439; x_wconf 76' lang='grc' dir='ltr'>ἐχθρῶν</span> <span class='ocrx_word' id='word_1_91' title='bbox 889 1366 1075 1421; x_wconf 80' lang='grc' dir='ltr'>αὑτοῦ.</span> <span class='ocrx_word' id='word_1_92' title='bbox 1112 1368 1333 1438; x_wconf 85' lang='grc' dir='ltr'>Πρῶτον</span> <span class='ocrx_word' id='word_1_93' title='bbox 1357 1368 1453 1438; x_wconf 75' lang='grc' dir='ltr'><strong>μὲν</strong></span> <span class='ocrx_word' id='word_1_94' title='bbox 1484 1367 1603 1422; x_wconf 81' lang='grc' dir='ltr'><strong>ἀπὸ</strong></span> <span class='ocrx_word' id='word_1_95' title='bbox 1660 1367 1769 1437; x_wconf 80' lang='grc' dir='ltr'>τῆς</span> 
     </span>
    </p>
   </div>
   <div class='ocr_carea' id='block_1_16' title="bbox 185 1458 1769 1530">
    <p class='ocr_par' dir='ltr' id='par_1_16' title="bbox 185 1458 1769 1530">
     <span class='ocr_line' id='line_1_16' title="bbox 185 1458 1769 1530; baseline 0.001 -17"><span class='ocrx_word' id='word_1_96' title='bbox 185 1459 615 1528; x_wconf 77' lang='grc' dir='ltr'>τηλαυγήσεως</span> <span class='ocrx_word' id='word_1_97' title='bbox 669 1458 857 1513; x_wconf 83' lang='grc' dir='ltr'>αὐτοῦ</span> <span class='ocrx_word' id='word_1_98' title='bbox 914 1459 1169 1513; x_wconf 82' lang='grc' dir='ltr'>ἐνώπιον</span> <span class='ocrx_word' id='word_1_99' title='bbox 1196 1459 1385 1514; x_wconf 81' lang='grc' dir='ltr'>αὐτοῦ</span> <span class='ocrx_word' id='word_1_100' title='bbox 1435 1463 1493 1513; x_wconf 84' lang='grc' dir='ltr'><strong>αἰ</strong></span> <span class='ocrx_word' id='word_1_101' title='bbox 1521 1461 1769 1530; x_wconf 68' lang='grc' dir='ltr'>νεφέλαι</span> 
     </span>
    </p>
   </div>
   <div class='ocr_carea' id='block_1_17' title="bbox 185 1548 1769 1621">
    <p class='ocr_par' dir='ltr' id='par_1_17' title="bbox 185 1548 1769 1621">
     <span class='ocr_line' id='line_1_17' title="bbox 185 1548 1769 1621; baseline 0.001 -15"><span class='ocrx_word' id='word_1_102' title='bbox 185 1549 373 1607; x_wconf 85' lang='grc' dir='ltr'>αὐτοῦ</span> <span class='ocrx_word' id='word_1_103' title='bbox 396 1551 672 1620; x_wconf 79' lang='grc' dir='ltr'>διῆλθον,</span> <span class='ocrx_word' id='word_1_104' title='bbox 702 1548 928 1620; x_wconf 80' lang='grc' dir='ltr'>χάλαζα</span> <span class='ocrx_word' id='word_1_105' title='bbox 968 1552 1065 1604; x_wconf 80' lang='grc' dir='ltr'>καὶ</span> <span class='ocrx_word' id='word_1_106' title='bbox 1098 1550 1389 1619; x_wconf 80' lang='grc' dir='ltr'>ἄνθρακες</span> <span class='ocrx_word' id='word_1_107' title='bbox 1433 1554 1642 1621; x_wconf 78' lang='grc' dir='ltr'>πυρός.</span> <span class='ocrx_word' id='word_1_108' title='bbox 1684 1555 1769 1619; x_wconf 83' lang='grc' dir='ltr'>Ὠς</span> 
     </span>
    </p>
   </div>
   <div class='ocr_carea' id='block_1_18' title="bbox 189 1642 1769 1716">
    <p class='ocr_par' dir='ltr' id='par_1_18' title="bbox 189 1642 1769 1716">
     <span class='ocr_line' id='line_1_18' title="bbox 189 1642 1769 1716; baseline -0.001 -18"><span class='ocrx_word' id='word_1_109' title='bbox 189 1644 296 1716; x_wconf 78' lang='grc' dir='ltr'><strong>γὰρ</strong></span> <span class='ocrx_word' id='word_1_110' title='bbox 328 1644 421 1700; x_wconf 77' lang='grc' dir='ltr'><strong>ἐπὶ</strong></span> <span class='ocrx_word' id='word_1_111' title='bbox 447 1644 546 1715; x_wconf 80' lang='grc' dir='ltr'>τῆς</span> <span class='ocrx_word' id='word_1_112' title='bbox 578 1642 853 1712; x_wconf 79' lang='grc' dir='ltr'><strong>Αἰγύπτου</strong></span> <span class='ocrx_word' id='word_1_113' title='bbox 882 1642 1023 1695; x_wconf 80' lang='grc' dir='ltr'>κατὰ</span> <span class='ocrx_word' id='word_1_114' title='bbox 1066 1642 1166 1715; x_wconf 80' lang='grc' dir='ltr'>τὴν</span> <span class='ocrx_word' id='word_1_115' title='bbox 1196 1642 1425 1713; x_wconf 70' lang='grc' dir='ltr'>ἑϐδόμην</span> <span class='ocrx_word' id='word_1_116' title='bbox 1453 1644 1665 1715; x_wconf 86' lang='grc' dir='ltr'>πληγὴν</span> <span class='ocrx_word' id='word_1_117' title='bbox 1689 1644 1769 1697; x_wconf 79' lang='grc' dir='ltr'>εί-</span> 
     </span>
    </p>
   </div>
   <div class='ocr_carea' id='block_1_19' title="bbox 188 1733 1768 1807">
    <p class='ocr_par' dir='ltr' id='par_1_19' title="bbox 188 1733 1768 1807">
     <span class='ocr_line' id='line_1_19' title="bbox 188 1733 1768 1807; baseline 0.001 -19"><span class='ocrx_word' id='word_1_118' title='bbox 188 1752 370 1807; x_wconf 85' lang='grc' dir='ltr'>ρηται·</span> <span class='ocrx_word' id='word_1_119' title='bbox 401 1736 618 1803; x_wconf 81' lang='grc' dir='ltr'>Κύριος</span> <span class='ocrx_word' id='word_1_120' title='bbox 640 1733 707 1787; x_wconf 82' lang='grc' dir='ltr'>δὲ</span> <span class='ocrx_word' id='word_1_121' title='bbox 728 1733 918 1787; x_wconf 76' lang='grc' dir='ltr'>ἔδωκε</span> <span class='ocrx_word' id='word_1_122' title='bbox 958 1733 1168 1802; x_wconf 70' lang='grc' dir='ltr'>φωνὴν</span> <span class='ocrx_word' id='word_1_123' title='bbox 1211 1735 1308 1788; x_wconf 78' lang='grc' dir='ltr'>καὶ</span> <span class='ocrx_word' id='word_1_124' title='bbox 1350 1733 1632 1802; x_wconf 80' lang='grc' dir='ltr'>χάλαζαν,</span> <span class='ocrx_word' id='word_1_125' title='bbox 1670 1736 1768 1790; x_wconf 80' lang='grc' dir='ltr'><strong>καί</strong></span> 
     </span>
    </p>
   </div>
   <div class='ocr_carea' id='block_1_20' title="bbox 186 1823 1764 1897">
    <p class='ocr_par' dir='ltr' id='par_1_20' title="bbox 186 1823 1764 1897">
     <span class='ocr_line' id='line_1_20' title="bbox 186 1823 1764 1897; baseline 0.001 -17"><span class='ocrx_word' id='word_1_126' title='bbox 186 1826 471 1896; x_wconf 77' lang='grc' dir='ltr'>διέτρεχε,</span> <span class='ocrx_word' id='word_1_127' title='bbox 503 1824 656 1897; x_wconf 77' lang='grc' dir='ltr'>φησὶ,</span> <span class='ocrx_word' id='word_1_128' title='bbox 692 1825 755 1878; x_wconf 86' lang='grc' dir='ltr'>τὸ</span> <span class='ocrx_word' id='word_1_129' title='bbox 783 1824 901 1892; x_wconf 83' lang='grc' dir='ltr'>πῦρ</span> <span class='ocrx_word' id='word_1_130' title='bbox 933 1823 1033 1877; x_wconf 76' lang='grc' dir='ltr'><strong>ἐπὶ</strong></span> <span class='ocrx_word' id='word_1_131' title='bbox 1065 1823 1172 1892; x_wconf 83' lang='grc' dir='ltr'>τῆς</span> <span class='ocrx_word' id='word_1_132' title='bbox 1218 1826 1350 1896; x_wconf 73' lang='grc' dir='ltr'><strong>γῆς’</strong></span> <span class='ocrx_word' id='word_1_133' title='bbox 1398 1826 1493 1880; x_wconf 81' lang='grc' dir='ltr'><strong>καί</strong></span> <span class='ocrx_word' id='word_1_134' title='bbox 1518 1826 1764 1895; x_wconf 75' lang='grc' dir='ltr'>ἔϐρεξεν</span> 
     </span>
    </p>
   </div>
   <div class='ocr_carea' id='block_1_21' title="bbox 188 1912 1762 1989">
    <p class='ocr_par' dir='ltr' id='par_1_21' title="bbox 188 1912 1762 1989">
     <span class='ocr_line' id='line_1_21' title="bbox 188 1912 1762 1989; baseline 0.002 -19"><span class='ocrx_word' id='word_1_135' title='bbox 188 1918 405 1986; x_wconf 80' lang='grc' dir='ltr'>Κύριος</span> <span class='ocrx_word' id='word_1_136' title='bbox 431 1918 528 1975; x_wconf 60' lang='grc' dir='ltr'><strong>ἐπὶ</strong></span> <span class='ocrx_word' id='word_1_137' title='bbox 553 1916 672 1985; x_wconf 77' lang='grc' dir='ltr'><strong>γῆν</strong></span> <span class='ocrx_word' id='word_1_138' title='bbox 697 1917 1022 1985; x_wconf 76' lang='grc' dir='ltr'><strong>Αἰγύπτου.</strong></span> <span class='ocrx_word' id='word_1_139' title='bbox 1066 1912 1185 1971; x_wconf 82' lang='grc' dir='ltr'><strong>Ἦν</strong></span> <span class='ocrx_word' id='word_1_140' title='bbox 1222 1917 1290 1971; x_wconf 88' lang='grc' dir='ltr'>δὲ</span> <span class='ocrx_word' id='word_1_141' title='bbox 1329 1921 1368 1987; x_wconf 76' lang='grc' dir='ltr'><strong><em>ἠ</em></strong></span> <span class='ocrx_word' id='word_1_142' title='bbox 1403 1919 1630 1989; x_wconf 76' lang='grc' dir='ltr'>χάλαζα</span> <span class='ocrx_word' id='word_1_143' title='bbox 1662 1921 1762 1975; x_wconf 78' lang='grc' dir='ltr'><strong>καί</strong></span> 
     </span>
    </p>
   </div>
   <div class='ocr_carea' id='block_1_22' title="bbox 189 2004 1760 2082">
    <p class='ocr_par' dir='ltr' id='par_1_22' title="bbox 189 2004 1760 2082">
     <span class='ocr_line' id='line_1_22' title="bbox 189 2004 1760 2082; baseline 0.002 -18"><span class='ocrx_word' id='word_1_144' title='bbox 189 2006 259 2065; x_wconf 86' lang='grc' dir='ltr'>τὸ</span> <span class='ocrx_word' id='word_1_145' title='bbox 287 2006 408 2075; x_wconf 71' lang='grc' dir='ltr'>πῦρ</span> <span class='ocrx_word' id='word_1_146' title='bbox 432 2004 714 2077; x_wconf 72' lang='grc' dir='ltr'>φλογίζον</span> <span class='ocrx_word' id='word_1_147' title='bbox 738 2007 807 2061; x_wconf 86' lang='grc' dir='ltr'>ἐν</span> <span class='ocrx_word' id='word_1_148' title='bbox 838 2007 911 2079; x_wconf 81' lang='grc' dir='ltr'>τῇ</span> <span class='ocrx_word' id='word_1_149' title='bbox 962 2008 1208 2078; x_wconf 75' lang='grc' dir='ltr'><strong>χαλάζῃ.</strong></span> <span class='ocrx_word' id='word_1_150' title='bbox 1250 2010 1541 2076; x_wconf 81' lang='grc' dir='ltr'>Ἑπιίταξε</span> <span class='ocrx_word' id='word_1_151' title='bbox 1601 2013 1669 2067; x_wconf 88' lang='grc' dir='ltr'>δὲ</span> <span class='ocrx_word' id='word_1_152' title='bbox 1720 2016 1760 2082; x_wconf 76' lang='grc' dir='ltr'><em>ἠ</em></span> 
     </span>
    </p>
   </div>
   <div class='ocr_carea' id='block_1_23' title="bbox 190 2096 1762 2169">
    <p class='ocr_par' dir='ltr' id='par_1_23' title="bbox 190 2096 1762 2169">
     <span class='ocr_line' id='line_1_23' title="bbox 190 2096 1762 2169; baseline 0.004 -17"><span class='ocrx_word' id='word_1_153' title='bbox 190 2096 421 2168; x_wconf 78' lang='grc' dir='ltr'>χάλαζα</span> <span class='ocrx_word' id='word_1_154' title='bbox 464 2097 533 2151; x_wconf 84' lang='grc' dir='ltr'>ἐν</span> <span class='ocrx_word' id='word_1_155' title='bbox 578 2097 745 2167; x_wconf 80' lang='grc' dir='ltr'><strong>πάσῃ</strong></span> <span class='ocrx_word' id='word_1_156' title='bbox 790 2097 868 2168; x_wconf 72' lang='grc' dir='ltr'><strong>τῇ</strong></span> <span class='ocrx_word' id='word_1_157' title='bbox 897 2100 1214 2169; x_wconf 75' lang='grc' dir='ltr'><strong>Αἰγύπτου·</strong></span> <span class='ocrx_word' id='word_1_158' title='bbox 1246 2102 1341 2161; x_wconf 77' lang='grc' dir='ltr'>καὶ</span> <span class='ocrx_word' id='word_1_159' title='bbox 1386 2102 1557 2155; x_wconf 88' lang='grc' dir='ltr'>ταῦτα</span> <span class='ocrx_word' id='word_1_160' title='bbox 1588 2104 1762 2163; x_wconf 82' lang='grc' dir='ltr'>πάντα</span> 
     </span>
    </p>
   </div>
   <div class='ocr_carea' id='block_1_24' title="bbox 191 2189 1763 2264">
    <p class='ocr_par' dir='ltr' id='par_1_24' title="bbox 191 2189 1763 2264">
     <span class='ocr_line' id='line_1_24' title="bbox 191 2189 1763 2264; baseline 0.001 -19"><span class='ocrx_word' id='word_1_161' title='bbox 191 2189 409 2259; x_wconf 73' lang='grc' dir='ltr'>ἐγένετο</span> <span class='ocrx_word' id='word_1_162' title='bbox 436 2190 524 2244; x_wconf 82' lang='grc' dir='ltr'><strong>ἵνα</strong></span> <span class='ocrx_word' id='word_1_163' title='bbox 554 2192 583 2244; x_wconf 90' lang='lat'><strong>6</strong></span> <span class='ocrx_word' id='word_1_164' title='bbox 624 2190 751 2254; x_wconf 83' lang='grc' dir='ltr'>λαὸς</span> <span class='ocrx_word' id='word_1_165' title='bbox 774 2190 868 2243; x_wconf 90' lang='grc' dir='ltr'><strong>τοῦ</strong></span> <span class='ocrx_word' id='word_1_166' title='bbox 897 2190 1031 2245; x_wconf 87' lang='grc' dir='ltr'>Θεοῦ</span> <span class='ocrx_word' id='word_1_167' title='bbox 1075 2191 1387 2264; x_wconf 79' lang='grc' dir='ltr'><strong>ἐλευθερίας</strong></span> <span class='ocrx_word' id='word_1_168' title='bbox 1420 2194 1520 2264; x_wconf 81' lang='grc' dir='ltr'>τῆς</span> <span class='ocrx_word' id='word_1_169' title='bbox 1553 2195 1642 2246; x_wconf 83' lang='grc' dir='ltr'><strong>ὑπ’</strong></span> <span class='ocrx_word' id='word_1_170' title='bbox 1667 2196 1763 2255; x_wconf 78' lang='grc' dir='ltr'>Δί-</span> 
     </span>
    </p>
   </div>
   <div class='ocr_carea' id='block_1_25' title="bbox 191 2281 1764 2357">
    <p class='ocr_par' dir='ltr' id='par_1_25' title="bbox 191 2281 1764 2357">
     <span class='ocr_line' id='line_1_25' title="bbox 191 2281 1764 2357; baseline 0.002 -22"><span class='ocrx_word' id='word_1_171' title='bbox 191 2281 439 2352; x_wconf 79' lang='grc' dir='ltr'>γυπτίοις</span> <span class='ocrx_word' id='word_1_172' title='bbox 466 2281 711 2345; x_wconf 80' lang='grc' dir='ltr'><strong>δουλείας</strong></span> <span class='ocrx_word' id='word_1_173' title='bbox 735 2283 917 2351; x_wconf 81' lang='grc' dir='ltr'>τυχεῖν</span> <span class='ocrx_word' id='word_1_174' title='bbox 949 2281 1170 2355; x_wconf 76' lang='grc' dir='ltr'>δυνηθῇ.</span> <span class='ocrx_word' id='word_1_175' title='bbox 1225 2283 1328 2335; x_wconf 84' lang='grc' dir='ltr'><strong>Τὸν</strong></span> <span class='ocrx_word' id='word_1_176' title='bbox 1355 2284 1516 2338; x_wconf 82' lang='grc' dir='ltr'>αὐτὸν</span> <span class='ocrx_word' id='word_1_177' title='bbox 1564 2284 1764 2357; x_wconf 80' lang='grc' dir='ltr'>τρόπον</span> 
     </span>
    </p>
   </div>
   <div class='ocr_carea' id='block_1_26' title="bbox 191 2372 1765 2445">
    <p class='ocr_par' dir='ltr' id='par_1_26' title="bbox 191 2372 1765 2445">
     <span class='ocr_line' id='line_1_26' title="bbox 191 2372 1765 2445; baseline 0.002 -19"><span class='ocrx_word' id='word_1_178' title='bbox 191 2372 285 2426; x_wconf 77' lang='grc' dir='ltr'>καὶ</span> <span class='ocrx_word' id='word_1_179' title='bbox 317 2372 548 2433; x_wconf 74' lang='grc' dir='ltr'>ἐνταῦθα</span> <span class='ocrx_word' id='word_1_180' title='bbox 579 2373 676 2437; x_wconf 81' lang='grc' dir='ltr'>τὰς</span> <span class='ocrx_word' id='word_1_181' title='bbox 704 2372 765 2438; x_wconf 82' lang='grc' dir='ltr'>ἐξ</span> <span class='ocrx_word' id='word_1_182' title='bbox 788 2372 957 2426; x_wconf 80' lang='grc' dir='ltr'>ἐθνῶν</span> <span class='ocrx_word' id='word_1_183' title='bbox 1001 2373 1323 2445; x_wconf 80' lang='grc' dir='ltr'>Ἑκκλησίας</span> <span class='ocrx_word' id='word_1_184' title='bbox 1380 2375 1472 2428; x_wconf 77' lang='grc' dir='ltr'>καὶ</span> <span class='ocrx_word' id='word_1_185' title='bbox 1504 2375 1602 2441; x_wconf 67' lang='grc' dir='ltr'><strong>τὰς</strong></span> <span class='ocrx_word' id='word_1_186' title='bbox 1658 2376 1765 2430; x_wconf 91' lang='grc' dir='ltr'>τῶν</span> 
     </span>
    </p>
   </div>
   <div class='ocr_carea' id='block_1_27' title="bbox 187 2463 1765 2540">
    <p class='ocr_par' dir='ltr' id='par_1_27' title="bbox 187 2463 1765 2540">
     <span class='ocr_line' id='line_1_27' title="bbox 187 2463 1765 2540; baseline 0.002 -22"><span class='ocrx_word' id='word_1_187' title='bbox 187 2463 491 2537; x_wconf 82' lang='grc' dir='ltr'>ἀνθρώπων</span> <span class='ocrx_word' id='word_1_188' title='bbox 509 2464 685 2537; x_wconf 77' lang='grc' dir='ltr'>ψυχὰς</span> <span class='ocrx_word' id='word_1_189' title='bbox 715 2465 814 2535; x_wconf 83' lang='grc' dir='ltr'>τῆς</span> <span class='ocrx_word' id='word_1_190' title='bbox 846 2465 950 2519; x_wconf 80' lang='grc' dir='ltr'><strong>ὑπὸ</strong></span> <span class='ocrx_word' id='word_1_191' title='bbox 976 2467 1075 2537; x_wconf 80' lang='grc' dir='ltr'>τὴν</span> <span class='ocrx_word' id='word_1_192' title='bbox 1119 2465 1275 2521; x_wconf 79' lang='grc' dir='ltr'>ἄθεον</span> <span class='ocrx_word' id='word_1_193' title='bbox 1329 2465 1765 2540; x_wconf 80' lang='grc' dir='ltr'>εἰδωλολατρείαν</span> 
     </span>
    </p>
   </div>
   <div class='ocr_carea' id='block_1_28' title="bbox 192 2558 1763 2633">
    <p class='ocr_par' dir='ltr' id='par_1_28' title="bbox 192 2558 1763 2633">
     <span class='ocr_line' id='line_1_28' title="bbox 192 2558 1763 2633; baseline -0.001 -18"><span class='ocrx_word' id='word_1_194' title='bbox 192 2558 436 2624; x_wconf 72' lang='grc' dir='ltr'>καὶτοὺς</span> <span class='ocrx_word' id='word_1_195' title='bbox 492 2558 761 2631; x_wconf 75' lang='grc' dir='ltr'>πονηροὺς</span> <span class='ocrx_word' id='word_1_196' title='bbox 790 2559 1048 2631; x_wconf 87' lang='grc' dir='ltr'>δαίμονας</span> <span class='ocrx_word' id='word_1_197' title='bbox 1103 2560 1379 2632; x_wconf 61' lang='grc' dir='ltr'>ὑπταγῆς</span> <span class='ocrx_word' id='word_1_198' title='bbox 1445 2559 1763 2633; x_wconf 67' lang='grc' dir='ltr'>ἐλευθερῶν,</span> 
     </span>
    </p>
   </div>
   <div class='ocr_carea' id='block_1_29' title="bbox 192 2646 1766 2720">
    <p class='ocr_par' dir='ltr' id='par_1_29' title="bbox 192 2646 1766 2720">
     <span class='ocr_line' id='line_1_29' title="bbox 192 2646 1766 2720; baseline 0.003 -22"><span class='ocrx_word' id='word_1_199' title='bbox 192 2646 334 2699; x_wconf 86' lang='grc' dir='ltr'>κατὰ</span> <span class='ocrx_word' id='word_1_200' title='bbox 355 2646 462 2700; x_wconf 91' lang='grc' dir='ltr'><strong>τῶν</strong></span> <span class='ocrx_word' id='word_1_201' title='bbox 491 2650 697 2719; x_wconf 83' lang='grc' dir='ltr'>νοητῶν</span> <span class='ocrx_word' id='word_1_202' title='bbox 722 2649 1033 2717; x_wconf 78' lang='grc' dir='ltr'>Αἰγυπτίων</span> <span class='ocrx_word' id='word_1_203' title='bbox 1081 2648 1232 2718; x_wconf 74' lang='grc' dir='ltr'>ἠφίει</span> <span class='ocrx_word' id='word_1_204' title='bbox 1272 2648 1509 2720; x_wconf 73' lang='grc' dir='ltr'>χάλαζαν</span> <span class='ocrx_word' id='word_1_205' title='bbox 1539 2652 1631 2704; x_wconf 66' lang='grc' dir='ltr'>καὶ</span> <span class='ocrx_word' id='word_1_206' title='bbox 1672 2651 1766 2705; x_wconf 84' lang='grc' dir='ltr'><strong>ἄν-</strong></span> 
     </span>
    </p>
   </div>
   <div class='ocr_carea' id='block_1_30' title="bbox 196 2734 1765 2815">
    <p class='ocr_par' dir='ltr' id='par_1_30' title="bbox 196 2734 1765 2815">
     <span class='ocr_line' id='line_1_30' title="bbox 196 2734 1765 2815; baseline 0.006 -28"><span class='ocrx_word' id='word_1_207' title='bbox 196 2734 401 2808; x_wconf 83' lang='grc' dir='ltr'>θρακας</span> <span class='ocrx_word' id='word_1_208' title='bbox 428 2741 597 2812; x_wconf 82' lang='grc' dir='ltr'>πυρὸς</span> <span class='ocrx_word' id='word_1_209' title='bbox 630 2743 657 2794; x_wconf 94' lang='lat'><strong>6</strong></span> <span class='ocrx_word' id='word_1_210' title='bbox 687 2740 779 2794; x_wconf 76' lang='grc' dir='ltr'><strong>ἐπὶ</strong></span> <span class='ocrx_word' id='word_1_211' title='bbox 804 2740 898 2794; x_wconf 89' lang='grc' dir='ltr'><strong>τοῦ</strong></span> <span class='ocrx_word' id='word_1_212' title='bbox 949 2742 1217 2814; x_wconf 74' lang='grc' dir='ltr'>χερουόὶμ</span> <span class='ocrx_word' id='word_1_213' title='bbox 1266 2742 1509 2807; x_wconf 81' lang='grc' dir='ltr'>ἀναπτὰς</span> <span class='ocrx_word' id='word_1_214' title='bbox 1542 2742 1765 2815; x_wconf 84' lang='grc' dir='ltr'>Κύριος.</span> 
     </span>
    </p>
   </div>
   <div class='ocr_carea' id='block_1_31' title="bbox 195 2819 1771 2904">
    <p class='ocr_par' dir='ltr' id='par_1_31' title="bbox 195 2819 1771 2904">
     <span class='ocr_line' id='line_1_31' title="bbox 195 2819 1771 2904; baseline 0.007 -26"><span class='ocrx_word' id='word_1_215' title='bbox 195 2819 360 2898; x_wconf 78' lang='grc' dir='ltr'>οἶμαι</span> <span class='ocrx_word' id='word_1_216' title='bbox 388 2828 447 2883; x_wconf 80' lang='grc' dir='ltr'>δὲ</span> <span class='ocrx_word' id='word_1_217' title='bbox 475 2829 575 2892; x_wconf 83' lang='grc' dir='ltr'><strong>τὰς</strong></span> <span class='ocrx_word' id='word_1_218' title='bbox 621 2829 762 2883; x_wconf 75' lang='grc' dir='ltr'>κατὰ</span> <span class='ocrx_word' id='word_1_219' title='bbox 784 2830 896 2884; x_wconf 88' lang='grc' dir='ltr'><strong>τῶν</strong></span> <span class='ocrx_word' id='word_1_220' title='bbox 948 2830 1158 2885; x_wconf 76' lang='grc' dir='ltr'>ἀσεϐῶν</span> <span class='ocrx_word' id='word_1_221' title='bbox 1207 2832 1583 2904; x_wconf 82' lang='grc' dir='ltr'>τιμωρητικὰς</span> <span class='ocrx_word' id='word_1_222' title='bbox 1614 2834 1771 2890; x_wconf 79' lang='grc' dir='ltr'>δυνά-</span> 
     </span>
    </p>
   </div>
   <div class='ocr_carea' id='block_1_32' title="bbox 199 2919 1771 2996">
    <p class='ocr_par' dir='ltr' id='par_1_32' title="bbox 199 2919 1771 2996">
     <span class='ocr_line' id='line_1_32' title="bbox 199 2919 1771 2996; baseline 0.005 -24"><span class='ocrx_word' id='word_1_223' title='bbox 199 2934 321 2987; x_wconf 82' lang='grc' dir='ltr'>μεις</span> <span class='ocrx_word' id='word_1_224' title='bbox 353 2919 592 2990; x_wconf 75' lang='grc' dir='ltr'>χάλαζαν</span> <span class='ocrx_word' id='word_1_225' title='bbox 626 2923 720 2977; x_wconf 75' lang='grc' dir='ltr'>καὶ</span> <span class='ocrx_word' id='word_1_226' title='bbox 746 2921 1024 2993; x_wconf 64' lang='grc' dir='ltr'>ἄνθρακας</span> <span class='ocrx_word' id='word_1_227' title='bbox 1051 2924 1220 2996; x_wconf 81' lang='grc' dir='ltr'>πυρὸς</span> <span class='ocrx_word' id='word_1_228' title='bbox 1262 2924 1640 2996; x_wconf 78' lang='grc' dir='ltr'>ὀνομάζεσθαι.</span> <span class='ocrx_word' id='word_1_229' title='bbox 1670 2931 1771 2980; x_wconf 89' lang='grc' dir='ltr'><strong>Δυ-</strong></span> 
     </span>
    </p>
   </div>
   <div class='ocr_carea' id='block_1_33' title="bbox 197 3006 1770 3089">
    <p class='ocr_par' dir='ltr' id='par_1_33' title="bbox 197 3006 1770 3089">
     <span class='ocr_line' id='line_1_33' title="bbox 197 3006 1770 3089; baseline 0.006 -28"><span class='ocrx_word' id='word_1_230' title='bbox 197 3006 390 3079; x_wconf 73' lang='grc' dir='ltr'>νάμεις</span> <span class='ocrx_word' id='word_1_231' title='bbox 418 3010 599 3064; x_wconf 80' lang='grc' dir='ltr'>τοίνυν</span> <span class='ocrx_word' id='word_1_232' title='bbox 628 3012 859 3083; x_wconf 75' lang='grc' dir='ltr'>τιμωροὶ</span> <span class='ocrx_word' id='word_1_233' title='bbox 890 3013 985 3066; x_wconf 73' lang='grc' dir='ltr'>καὶ</span> <span class='ocrx_word' id='word_1_234' title='bbox 1011 3014 1347 3081; x_wconf 79' lang='grc' dir='ltr'>κολαστικαὶ,</span> <span class='ocrx_word' id='word_1_235' title='bbox 1366 3016 1442 3088; x_wconf 80' lang='grc' dir='ltr'>τῷ</span> <span class='ocrx_word' id='word_1_236' title='bbox 1472 3016 1770 3089; x_wconf 79' lang='grc' dir='ltr'>βουλήματι</span> 
     </span>
    </p>
   </div>
   <div class='ocr_carea' id='block_1_34' title="bbox 194 3096 1772 3176">
    <p class='ocr_par' dir='ltr' id='par_1_34' title="bbox 194 3096 1772 3176">
     <span class='ocr_line' id='line_1_34' title="bbox 194 3096 1772 3176; baseline 0.005 -22"><span class='ocrx_word' id='word_1_237' title='bbox 194 3096 292 3159; x_wconf 78' lang='grc' dir='ltr'><strong>τοῦ</strong></span> <span class='ocrx_word' id='word_1_238' title='bbox 325 3098 528 3169; x_wconf 78' lang='grc' dir='ltr'>Κυρίου</span> <span class='ocrx_word' id='word_1_239' title='bbox 561 3101 780 3170; x_wconf 83' lang='grc' dir='ltr'>ἀφανῶς</span> <span class='ocrx_word' id='word_1_240' title='bbox 812 3102 1312 3176; x_wconf 81' lang='grc' dir='ltr'>ὲξυπηρετούμεναι</span> <span class='ocrx_word' id='word_1_241' title='bbox 1358 3107 1498 3171; x_wconf 77' lang='grc' dir='ltr'>κατὰ</span> <span class='ocrx_word' id='word_1_242' title='bbox 1522 3109 1628 3161; x_wconf 89' lang='grc' dir='ltr'>τῶν</span> <span class='ocrx_word' id='word_1_243' title='bbox 1653 3109 1772 3162; x_wconf 84' lang='grc' dir='ltr'>δαι-</span> 
     </span>
    </p>
   </div>
   <div class='ocr_carea' id='block_1_35' title="bbox 197 3165 1847 3271">
    <p class='ocr_par' dir='ltr' id='par_1_35' title="bbox 197 3165 1847 3271">
     <span class='ocr_line' id='line_1_35' title="bbox 197 3165 1847 3271; baseline 0.007 -27"><span class='ocrx_word' id='word_1_244' title='bbox 197 3192 380 3261; x_wconf 82' lang='grc' dir='ltr'>μόνων</span> <span class='ocrx_word' id='word_1_245' title='bbox 411 3165 519 3245; x_wconf 78' lang='grc' dir='ltr'>τῶν</span> <span class='ocrx_word' id='word_1_246' title='bbox 544 3165 643 3264; x_wconf 67' lang='grc' dir='ltr'><strong>τὴν</strong></span> <span class='ocrx_word' id='word_1_247' title='bbox 672 3165 928 3248; x_wconf 77' lang='grc' dir='ltr'>πολύθεον</span> <span class='ocrx_word' id='word_1_248' title='bbox 960 3165 1167 3269; x_wconf 62' lang='grc' dir='ltr'>πλάνην</span> <span class='ocrx_word' id='word_1_249' title='bbox 1224 3165 1609 3271; x_wconf 46' lang='grc' dir='ltr'>ὲνερνοῦντων,</span> <span class='ocrx_word' id='word_1_250' title='bbox 1640 3202 1775 3255; x_wconf 72' lang='grc' dir='ltr'><strong>πάνο</strong></span> <span class='ocrx_word' id='word_1_251' title='bbox 1800 3165 1847 3228; x_wconf 76' lang='lat' dir='ltr'>C</span> 
     </span>
    </p>
   </div>
   <div class='ocr_carea' id='block_1_36' title="bbox 193 3283 1777 3357">
    <p class='ocr_par' dir='ltr' id='par_1_36' title="bbox 193 3283 1777 3357">
     <span class='ocr_line' id='line_1_36' title="bbox 193 3283 1777 3357; baseline 0.007 -21"><span class='ocrx_word' id='word_1_252' title='bbox 193 3298 295 3347; x_wconf 86' lang='grc' dir='ltr'><strong>τας</strong></span> <span class='ocrx_word' id='word_1_253' title='bbox 316 3283 515 3348; x_wconf 79' lang='grc' dir='ltr'>αὐτοὺς</span> <span class='ocrx_word' id='word_1_254' title='bbox 547 3284 798 3355; x_wconf 69' lang='grc' dir='ltr'>ἧλαυνον.</span> <span class='ocrx_word' id='word_1_255' title='bbox 834 3286 926 3339; x_wconf 85' lang='grc' dir='ltr'><strong>Διὸ</strong></span> <span class='ocrx_word' id='word_1_256' title='bbox 958 3286 1144 3357; x_wconf 80' lang='grc' dir='ltr'>σχεδὸν</span> <span class='ocrx_word' id='word_1_257' title='bbox 1205 3288 1382 3351; x_wconf 84' lang='grc' dir='ltr'>πάντα</span> <span class='ocrx_word' id='word_1_258' title='bbox 1417 3291 1596 3351; x_wconf 72' lang='grc' dir='ltr'>αὐτῶν</span> <span class='ocrx_word' id='word_1_259' title='bbox 1623 3292 1777 3347; x_wconf 82' lang='grc' dir='ltr'>ἐκλέ-</span> 
     </span>
    </p>
   </div>
   <div class='ocr_carea' id='block_1_37' title="bbox 192 3374 1770 3455">
    <p class='ocr_par' dir='ltr' id='par_1_37' title="bbox 192 3374 1770 3455">
     <span class='ocr_line' id='line_1_37' title="bbox 192 3374 1770 3455; baseline 0.008 -28"><span class='ocrx_word' id='word_1_260' title='bbox 192 3374 349 3428; x_wconf 85' lang='grc' dir='ltr'>λοιπε</span> <span class='ocrx_word' id='word_1_261' title='bbox 376 3374 445 3429; x_wconf 84' lang='grc' dir='ltr'><strong>τὰ</strong></span> <span class='ocrx_word' id='word_1_262' title='bbox 463 3378 791 3449; x_wconf 82' lang='grc' dir='ltr'><strong>χρηστήρια,</strong></span> <span class='ocrx_word' id='word_1_263' title='bbox 851 3379 944 3441; x_wconf 78' lang='grc' dir='ltr'>καὶ</span> <span class='ocrx_word' id='word_1_264' title='bbox 1003 3380 1059 3434; x_wconf 91' lang='grc' dir='ltr'><strong>αἰ</strong></span> <span class='ocrx_word' id='word_1_265' title='bbox 1095 3384 1344 3452; x_wconf 84' lang='grc' dir='ltr'>μαντεῖαι</span> <span class='ocrx_word' id='word_1_266' title='bbox 1381 3383 1770 3455; x_wconf 85' lang='grc' dir='ltr'><strong>κατελύθησαν·</strong></span> 
     </span>
    </p>
   </div>
   <div class='ocr_carea' id='block_1_38' title="bbox 197 3463 1776 3545">
    <p class='ocr_par' dir='ltr' id='par_1_38' title="bbox 197 3463 1776 3545">
     <span class='ocr_line' id='line_1_38' title="bbox 197 3463 1776 3545; baseline 0.008 -28"><span class='ocrx_word' id='word_1_267' title='bbox 197 3463 392 3537; x_wconf 66' lang='grc' dir='ltr'>ἔρημοι</span> <span class='ocrx_word' id='word_1_268' title='bbox 422 3483 480 3518; x_wconf 87' lang='grc' dir='ltr'><strong>τε</strong></span> <span class='ocrx_word' id='word_1_269' title='bbox 506 3466 686 3520; x_wconf 83' lang='grc' dir='ltr'>αὐτῶν</span> <span class='ocrx_word' id='word_1_270' title='bbox 748 3468 1089 3540; x_wconf 84' lang='grc' dir='ltr'>κατέστησαν</span> <span class='ocrx_word' id='word_1_271' title='bbox 1110 3471 1157 3523; x_wconf 88' lang='grc' dir='ltr'><strong>οί</strong></span> <span class='ocrx_word' id='word_1_272' title='bbox 1189 3471 1328 3526; x_wconf 86' lang='grc' dir='ltr'>ναοί·</span> <span class='ocrx_word' id='word_1_273' title='bbox 1386 3472 1676 3545; x_wconf 81' lang='grc' dir='ltr'>σεσύληται</span> <span class='ocrx_word' id='word_1_274' title='bbox 1709 3476 1776 3529; x_wconf 83' lang='grc' dir='ltr'><strong>τὰ</strong></span> 
     </span>
    </p>
   </div>
   <div class='ocr_carea' id='block_1_39' title="bbox 196 3557 1775 3638">
    <p class='ocr_par' dir='ltr' id='par_1_39' title="bbox 196 3557 1775 3638">
     <span class='ocr_line' id='line_1_39' title="bbox 196 3557 1775 3638; baseline 0.006 -27"><span class='ocrx_word' id='word_1_275' title='bbox 196 3557 555 3629; x_wconf 80' lang='grc' dir='ltr'>ἀφιερώματα</span> <span class='ocrx_word' id='word_1_276' title='bbox 585 3558 801 3631; x_wconf 78' lang='grc' dir='ltr'><strong>ἀοράτῳ</strong></span> <span class='ocrx_word' id='word_1_277' title='bbox 824 3561 917 3614; x_wconf 76' lang='grc' dir='ltr'>καὶ</span> <span class='ocrx_word' id='word_1_278' title='bbox 944 3563 1141 3631; x_wconf 69' lang='grc' dir='ltr'>ἁφανεῖ</span> <span class='ocrx_word' id='word_1_279' title='bbox 1168 3563 1415 3635; x_wconf 79' lang='grc' dir='ltr'>δυνάμει·</span> <span class='ocrx_word' id='word_1_280' title='bbox 1448 3564 1543 3619; x_wconf 91' lang='grc' dir='ltr'><strong>τοῦ</strong></span> <span class='ocrx_word' id='word_1_281' title='bbox 1570 3566 1775 3638; x_wconf 89' lang='grc' dir='ltr'>Κυρίου</span> 
     </span>
    </p>
   </div>
   <div class='ocr_carea' id='block_1_40' title="bbox 196 3648 1779 3730">
    <p class='ocr_par' dir='ltr' id='par_1_40' title="bbox 196 3648 1779 3730">
     <span class='ocr_line' id='line_1_40' title="bbox 196 3648 1779 3730; baseline 0.006 -26"><span class='ocrx_word' id='word_1_282' title='bbox 196 3648 370 3704; x_wconf 87' lang='grc' dir='ltr'>ταῦτα</span> <span class='ocrx_word' id='word_1_283' title='bbox 397 3650 572 3704; x_wconf 82' lang='grc' dir='ltr'>πάντα</span> <span class='ocrx_word' id='word_1_284' title='bbox 598 3651 736 3721; x_wconf 81' lang='grc' dir='ltr'>μετὰ</span> <span class='ocrx_word' id='word_1_285' title='bbox 762 3653 860 3723; x_wconf 84' lang='grc' dir='ltr'><strong>τὴν</strong></span> <span class='ocrx_word' id='word_1_286' title='bbox 882 3654 961 3717; x_wconf 89' lang='grc' dir='ltr'><strong>είς</strong></span> <span class='ocrx_word' id='word_1_287' title='bbox 981 3654 1244 3726; x_wconf 80' lang='grc' dir='ltr'>οὐρανοὺς</span> <span class='ocrx_word' id='word_1_288' title='bbox 1272 3656 1456 3710; x_wconf 79' lang='grc' dir='ltr'>ἄνοδον</span> <span class='ocrx_word' id='word_1_289' title='bbox 1489 3658 1779 3730; x_wconf 78' lang='grc' dir='ltr'>διαπραξα-</span> 
     </span>
    </p>
   </div>
   <div class='ocr_carea' id='block_1_41' title="bbox 199 3741 386 3813">
    <p class='ocr_par' dir='ltr' id='par_1_41' title="bbox 199 3741 386 3813">
     <span class='ocr_line' id='line_1_41' title="bbox 199 3741 386 3813; baseline 0.005 -15"><span class='ocrx_word' id='word_1_290' title='bbox 199 3741 386 3813; x_wconf 62' lang='grc' dir='ltr'>μένου.</span> 
     </span>
    </p>
   </div>
   <div class='ocr_carea' id='block_1_42' title="bbox 269 3833 1772 3908">
    <p class='ocr_par' dir='ltr' id='par_1_42' title="bbox 269 3833 1772 3908">
     <span class='ocr_line' id='line_1_42' title="bbox 269 3833 1772 3908; baseline 0.007 -23"><span class='ocrx_word' id='word_1_291' title='bbox 269 3833 382 3889; x_wconf 78' lang='grc' dir='ltr'><strong>Καὶ</strong></span> <span class='ocrx_word' id='word_1_292' title='bbox 406 3833 791 3899; x_wconf 76' lang='grc' dir='ltr'>ἐξαπέστειλε</span> <span class='ocrx_word' id='word_1_293' title='bbox 814 3836 974 3905; x_wconf 79' lang='grc' dir='ltr'>,ϐέλη</span> <span class='ocrx_word' id='word_1_294' title='bbox 1002 3838 1103 3891; x_wconf 77' lang='grc' dir='ltr'><strong>καί</strong></span> <span class='ocrx_word' id='word_1_295' title='bbox 1127 3838 1495 3908; x_wconf 78' lang='grc' dir='ltr'>ἐσκόρπισεν</span> <span class='ocrx_word' id='word_1_296' title='bbox 1528 3841 1772 3907; x_wconf 83' lang='grc' dir='ltr'>αὐτοὺς,</span> 
     </span>
    </p>
   </div>
   <div class='ocr_carea' id='block_1_43' title="bbox 196 3926 1777 4000">
    <p class='ocr_par' dir='ltr' id='par_1_43' title="bbox 196 3926 1777 4000">
     <span class='ocr_line' id='line_1_43' title="bbox 196 3926 1777 4000; baseline 0.004 -19"><span class='ocrx_word' id='word_1_297' title='bbox 196 3926 293 3981; x_wconf 84' lang='grc' dir='ltr'><strong>καί</strong></span> <span class='ocrx_word' id='word_1_298' title='bbox 334 3927 648 3994; x_wconf 77' lang='grc' dir='ltr'>ἀστραπὰς</span> <span class='ocrx_word' id='word_1_299' title='bbox 704 3927 1006 3995; x_wconf 77' lang='grc' dir='ltr'><strong>ἐπλήθυνε</strong></span> <span class='ocrx_word' id='word_1_300' title='bbox 1058 3930 1155 3985; x_wconf 82' lang='grc' dir='ltr'><strong>καί</strong></span> <span class='ocrx_word' id='word_1_301' title='bbox 1210 3931 1621 4000; x_wconf 74' lang='grc' dir='ltr'>συνετάραξεν</span> <span class='ocrx_word' id='word_1_302' title='bbox 1678 3936 1777 3989; x_wconf 86' lang='grc' dir='ltr'><strong>αὐ-</strong></span> 
     </span>
    </p>
   </div>
   <div class='ocr_carea' id='block_1_44' title="bbox 195 4017 1778 4093">
    <p class='ocr_par' dir='ltr' id='par_1_44' title="bbox 195 4017 1778 4093">
     <span class='ocr_line' id='line_1_44' title="bbox 195 4017 1778 4093; baseline 0.005 -22"><span class='ocrx_word' id='word_1_303' title='bbox 195 4020 360 4085; x_wconf 82' lang='grc' dir='ltr'>τούς.</span> <span class='ocrx_word' id='word_1_304' title='bbox 389 4017 499 4073; x_wconf 82' lang='grc' dir='ltr'>Καί</span> <span class='ocrx_word' id='word_1_305' title='bbox 536 4018 827 4087; x_wconf 66' lang='grc' dir='ltr'>ὤφθησαν</span> <span class='ocrx_word' id='word_1_306' title='bbox 858 4024 917 4077; x_wconf 85' lang='grc' dir='ltr'><strong>αἰ</strong></span> <span class='ocrx_word' id='word_1_307' title='bbox 945 4024 1127 4093; x_wconf 56' lang='grc' dir='ltr'>ἐτη-παὶ</span> <span class='ocrx_word' id='word_1_308' title='bbox 1187 4023 1305 4078; x_wconf 82' lang='grc' dir='ltr'><strong>τῶν</strong></span> <span class='ocrx_word' id='word_1_309' title='bbox 1362 4024 1617 4089; x_wconf 84' lang='grc' dir='ltr'>ὑδάτων,</span> <span class='ocrx_word' id='word_1_310' title='bbox 1678 4027 1778 4081; x_wconf 78' lang='grc' dir='ltr'>καὶ</span> 
     </span>
    </p>
   </div>
   <div class='ocr_carea' id='block_1_45' title="bbox 196 4112 1773 4188">
    <p class='ocr_par' dir='ltr' id='par_1_45' title="bbox 196 4112 1773 4188">
     <span class='ocr_line' id='line_1_45' title="bbox 196 4112 1773 4188; baseline 0.004 -22"><span class='ocrx_word' id='word_1_311' title='bbox 196 4112 597 4181; x_wconf 74' lang='grc' dir='ltr'>ἀπεκαλύφθη</span> <span class='ocrx_word' id='word_1_312' title='bbox 650 4112 722 4166; x_wconf 85' lang='grc' dir='ltr'>τὰ</span> <span class='ocrx_word' id='word_1_313' title='bbox 785 4114 1027 4183; x_wconf 83' lang='grc' dir='ltr'>θεμέλια</span> <span class='ocrx_word' id='word_1_314' title='bbox 1078 4117 1187 4185; x_wconf 82' lang='grc' dir='ltr'>τῆς</span> <span class='ocrx_word' id='word_1_315' title='bbox 1232 4119 1599 4188; x_wconf 82' lang='grc' dir='ltr'>οἰκουμένης·</span> <span class='ocrx_word' id='word_1_316' title='bbox 1655 4119 1773 4174; x_wconf 83' lang='grc' dir='ltr'><strong>ἀπὸ</strong></span> 
     </span>
    </p>
   </div>
   <div class='ocr_carea' id='block_1_46' title="bbox 198 4201 1775 4278">
    <p class='ocr_par' dir='ltr' id='par_1_46' title="bbox 198 4201 1775 4278">
     <span class='ocr_line' id='line_1_46' title="bbox 198 4201 1775 4278; baseline 0.006 -23"><span class='ocrx_word' id='word_1_317' title='bbox 198 4201 594 4272; x_wconf 79' lang='grc' dir='ltr'>ἐπιτιμήσεώς</span> <span class='ocrx_word' id='word_1_318' title='bbox 626 4220 764 4268; x_wconf 85' lang='grc' dir='ltr'>σου,</span> <span class='ocrx_word' id='word_1_319' title='bbox 806 4206 1004 4274; x_wconf 78' lang='grc' dir='ltr'>Κύριε,</span> <span class='ocrx_word' id='word_1_320' title='bbox 1037 4207 1153 4262; x_wconf 82' lang='grc' dir='ltr'><em>ἀπὸ</em></span> <span class='ocrx_word' id='word_1_321' title='bbox 1198 4209 1578 4278; x_wconf 82' lang='grc' dir='ltr'>ἐμπνεύσεως</span> <span class='ocrx_word' id='word_1_322' title='bbox 1604 4211 1775 4273; x_wconf 69' lang='grc' dir='ltr'>πνεύ-</span> 
     </span>
    </p>
   </div>
   <div class='ocr_carea' id='block_1_47' title="bbox 194 4296 1775 4374">
    <p class='ocr_par' dir='ltr' id='par_1_47' title="bbox 194 4296 1775 4374">
     <span class='ocr_line' id='line_1_47' title="bbox 194 4296 1775 4374; baseline 0.005 -26"><span class='ocrx_word' id='word_1_323' title='bbox 194 4313 383 4364; x_wconf 81' lang='grc' dir='ltr'>ματος</span> <span class='ocrx_word' id='word_1_324' title='bbox 406 4296 590 4368; x_wconf 79' lang='grc' dir='ltr'>ὀργῆς</span> <span class='ocrx_word' id='word_1_325' title='bbox 645 4313 781 4352; x_wconf 89' lang='grc' dir='ltr'>σου.</span> <span class='ocrx_word' id='word_1_326' title='bbox 818 4299 1053 4370; x_wconf 81' lang='grc' dir='ltr'>Θεμέλια</span> <span class='ocrx_word' id='word_1_327' title='bbox 1083 4303 1402 4374; x_wconf 78' lang='grc' dir='ltr'>οἰκουμένης</span> <span class='ocrx_word' id='word_1_328' title='bbox 1428 4304 1640 4373; x_wconf 87' lang='grc' dir='ltr'>νοήσεις</span> <span class='ocrx_word' id='word_1_329' title='bbox 1676 4304 1775 4371; x_wconf 72' lang='grc' dir='ltr'><strong>τὰς</strong></span> 
     </span>
    </p>
   </div>
   <div class='ocr_carea' id='block_1_48' title="bbox 199 4386 1776 4468">
    <p class='ocr_par' dir='ltr' id='par_1_48' title="bbox 199 4386 1776 4468">
     <span class='ocr_line' id='line_1_48' title="bbox 199 4386 1776 4468; baseline 0.005 -28"><span class='ocrx_word' id='word_1_330' title='bbox 199 4386 297 4458; x_wconf 81' lang='grc' dir='ltr'>τῆς</span> <span class='ocrx_word' id='word_1_331' title='bbox 320 4389 514 4457; x_wconf 83' lang='grc' dir='ltr'>σοφίας</span> <span class='ocrx_word' id='word_1_332' title='bbox 534 4388 627 4443; x_wconf 90' lang='grc' dir='ltr'><strong>τοῦ</strong></span> <span class='ocrx_word' id='word_1_333' title='bbox 647 4388 782 4443; x_wconf 82' lang='grc' dir='ltr'>Θεοῦ</span> <span class='ocrx_word' id='word_1_334' title='bbox 798 4391 1073 4462; x_wconf 82' lang='grc' dir='ltr'>δυνάμεις,</span> <span class='ocrx_word' id='word_1_335' title='bbox 1098 4393 1163 4446; x_wconf 85' lang='grc' dir='ltr'><strong>δι’</strong></span> <span class='ocrx_word' id='word_1_336' title='bbox 1194 4386 1268 4447; x_wconf 85' lang='grc' dir='ltr'><strong>ὧν</strong></span> <span class='ocrx_word' id='word_1_337' title='bbox 1284 4395 1377 4447; x_wconf 80' lang='grc' dir='ltr'>καὶ</span> <span class='ocrx_word' id='word_1_338' title='bbox 1408 4394 1572 4449; x_wconf 82' lang='grc' dir='ltr'>πάλαι</span> <span class='ocrx_word' id='word_1_339' title='bbox 1591 4397 1624 4466; x_wconf 78' lang='grc' dir='ltr'><strong>ἡ</strong></span> <span class='ocrx_word' id='word_1_340' title='bbox 1646 4395 1776 4468; x_wconf 77' lang='grc' dir='ltr'>σύμ-</span> 
     </span>
    </p>
   </div>
   <div class='ocr_carea' id='block_1_49' title="bbox 1868 544 3437 617">
    <p class='ocr_par' dir='ltr' id='par_1_49' title="bbox 1868 544 3437 617">
     <span class='ocr_line' id='line_1_49' title="bbox 1868 544 3437 617; baseline -0.004 -15"><span class='ocrx_word' id='word_1_341' title='bbox 1868 557 2044 615; x_wconf 89' lang='lat' dir='ltr'><strong>sunt;</strong></span> <span class='ocrx_word' id='word_1_342' title='bbox 2093 547 2439 617; x_wconf 88' lang='lat' dir='ltr'><strong>dilucideque</strong></span> <span class='ocrx_word' id='word_1_343' title='bbox 2489 563 2779 603; x_wconf 86' lang='lat' dir='ltr'><strong>ascensum</strong></span> <span class='ocrx_word' id='word_1_344' title='bbox 2809 547 2929 615; x_wconf 88' lang='lat' dir='ltr'><strong>ejus</strong></span> <span class='ocrx_word' id='word_1_345' title='bbox 2974 545 3061 601; x_wconf 88' lang='lat' dir='ltr'><strong>bis</strong></span> <span class='ocrx_word' id='word_1_346' title='bbox 3108 544 3437 614; x_wconf 75' lang='lat' dir='ltr'><strong>significavit</strong></span> 
     </span>
    </p>
   </div>
   <div class='ocr_carea' id='block_1_50' title="bbox 1867 638 3435 708">
    <p class='ocr_par' dir='ltr' id='par_1_50' title="bbox 1867 638 3435 708">
     <span class='ocr_line' id='line_1_50' title="bbox 1867 638 3435 708; baseline -0.002 -14"><span class='ocrx_word' id='word_1_347' title='bbox 1867 640 2045 695; x_wconf 81' lang='lat' dir='ltr'><strong>verbis</strong></span> <span class='ocrx_word' id='word_1_348' title='bbox 2070 655 2083 689; x_wconf 91' lang='lat'><strong>:</strong></span> <span class='ocrx_word' id='word_1_349' title='bbox 2119 638 2187 693; x_wconf 85' lang='lat' dir='ltr'><strong>Et</strong></span> <span class='ocrx_word' id='word_1_350' title='bbox 2214 639 2439 693; x_wconf 74' lang='lat' dir='ltr'><strong>intonuit</strong></span> <span class='ocrx_word' id='word_1_351' title='bbox 2464 638 2528 693; x_wconf 86' lang='lat' dir='ltr'><strong>de</strong></span> <span class='ocrx_word' id='word_1_352' title='bbox 2550 639 2700 695; x_wconf 77' lang='grc' dir='ltr'>ειειο.</span> <span class='ocrx_word' id='word_1_353' title='bbox 2723 638 3005 704; x_wconf 84' lang='lat' dir='ltr'><strong>Quomodo</strong></span> <span class='ocrx_word' id='word_1_354' title='bbox 3026 639 3323 694; x_wconf 88' lang='lat' dir='ltr'><strong>intonuerit</strong></span> <span class='ocrx_word' id='word_1_355' title='bbox 3342 638 3435 708; x_wconf 93' lang='lat' dir='ltr'><strong>qui</strong></span> 
     </span>
    </p>
   </div>
   <div class='ocr_carea' id='block_1_51' title="bbox 1867 729 3431 802">
    <p class='ocr_par' dir='ltr' id='par_1_51' title="bbox 1867 729 3431 802">
     <span class='ocr_line' id='line_1_51' title="bbox 1867 729 3431 802; baseline -0.003 -15"><span class='ocrx_word' id='word_1_356' title='bbox 1867 732 2121 802; x_wconf 80' lang='lat' dir='ltr'><strong>superius</strong></span> <span class='ocrx_word' id='word_1_357' title='bbox 2173 731 2343 786; x_wconf 64' lang='lat' dir='ltr'><strong>caelos</strong></span> <span class='ocrx_word' id='word_1_358' title='bbox 2402 729 2700 786; x_wconf 82' lang='lat' dir='ltr'><strong>inclinasse</strong></span> <span class='ocrx_word' id='word_1_359' title='bbox 2751 745 2814 784; x_wconf 92' lang='lat' dir='ltr'><strong>ac</strong></span> <span class='ocrx_word' id='word_1_360' title='bbox 2845 729 3198 785; x_wconf 87' lang='lat' dir='ltr'><strong>descendisse</strong></span> <span class='ocrx_word' id='word_1_361' title='bbox 3240 729 3431 791; x_wconf 82' lang='lat' dir='ltr'><strong>fertur.</strong></span> 
     </span>
    </p>
   </div>
   <div class='ocr_carea' id='block_1_52' title="bbox 1866 817 3436 895">
    <p class='ocr_par' dir='ltr' id='par_1_52' title="bbox 1866 817 3436 895">
     <span class='ocr_line' id='line_1_52' title="bbox 1866 817 3436 895; baseline -0.006 -13"><span class='ocrx_word' id='word_1_362' title='bbox 1866 824 1974 882; x_wconf 85' lang='lat' dir='ltr'><strong>nisi</strong></span> <span class='ocrx_word' id='word_1_363' title='bbox 2021 837 2245 895; x_wconf 84' lang='lat' dir='ltr'><strong>prorsus</strong></span> <span class='ocrx_word' id='word_1_364' title='bbox 2275 820 2658 877; x_wconf 75' lang='lat' dir='ltr'><strong>ascendisset?</strong></span> <span class='ocrx_word' id='word_1_365' title='bbox 2689 820 2832 895; x_wconf 89' lang='lat' dir='ltr'><strong>quod</strong></span> <span class='ocrx_word' id='word_1_366' title='bbox 2882 819 3067 892; x_wconf 89' lang='lat' dir='ltr'><strong>utique</strong></span> <span class='ocrx_word' id='word_1_367' title='bbox 3097 820 3246 873; x_wconf 86' lang='lat' dir='ltr'><strong>hisce</strong></span> <span class='ocrx_word' id='word_1_368' title='bbox 3275 817 3436 881; x_wconf 86' lang='lat' dir='ltr'><strong>dictis</strong></span> 
     </span>
    </p>
   </div>
   <div class='ocr_carea' id='block_1_53' title="bbox 1867 908 3437 985">
    <p class='ocr_par' dir='ltr' id='par_1_53' title="bbox 1867 908 3437 985">
     <span class='ocr_line' id='line_1_53' title="bbox 1867 908 3437 985; baseline -0.006 -14"><span class='ocrx_word' id='word_1_369' title='bbox 1867 913 2292 985; x_wconf 77' lang='lat' dir='ltr'><strong>comprobantur</strong></span> <span class='ocrx_word' id='word_1_370' title='bbox 2319 930 2332 966; x_wconf 91' lang='lat'><strong>:</strong></span> <span class='ocrx_word' id='word_1_371' title='bbox 2374 910 2445 964; x_wconf 90' lang='lat' dir='ltr'><strong>Et</strong></span> <span class='ocrx_word' id='word_1_372' title='bbox 2476 910 2709 967; x_wconf 74' lang='lat' dir='ltr'><strong>ascendit</strong></span> <span class='ocrx_word' id='word_1_373' title='bbox 2737 926 2892 980; x_wconf 96' lang='lat' dir='ltr'><strong>super</strong></span> <span class='ocrx_word' id='word_1_374' title='bbox 2914 908 3175 963; x_wconf 82' lang='lat' dir='ltr'><strong>cherubim</strong></span> <span class='ocrx_word' id='word_1_375' title='bbox 3211 918 3259 962; x_wconf 88' lang='lat' dir='ltr'><strong>et</strong></span> <span class='ocrx_word' id='word_1_376' title='bbox 3293 909 3437 962; x_wconf 82' lang='lat' dir='ltr'><strong>vola-</strong></span> 
     </span>
    </p>
   </div>
   <div class='ocr_carea' id='block_1_54' title="bbox 1869 1000 3433 1072">
    <p class='ocr_par' dir='ltr' id='par_1_54' title="bbox 1869 1000 3433 1072">
     <span class='ocr_line' id='line_1_54' title="bbox 1869 1000 3433 1072; baseline -0.006 -9"><span class='ocrx_word' id='word_1_377' title='bbox 1869 1008 1956 1071; x_wconf 83' lang='lat' dir='ltr'><strong>vit,</strong></span> <span class='ocrx_word' id='word_1_378' title='bbox 2000 1006 2187 1063; x_wconf 80' lang='lat' dir='ltr'><strong>volavit</strong></span> <span class='ocrx_word' id='word_1_379' title='bbox 2219 1018 2373 1072; x_wconf 89' lang='lat' dir='ltr'><strong>super</strong></span> <span class='ocrx_word' id='word_1_380' title='bbox 2396 1018 2593 1071; x_wconf 79' lang='lat' dir='ltr'><strong>pennas</strong></span> <span class='ocrx_word' id='word_1_381' title='bbox 2616 1010 2907 1057; x_wconf 86' lang='lat' dir='ltr'><strong>ventorum.</strong></span> <span class='ocrx_word' id='word_1_382' title='bbox 2936 1000 3433 1069; x_wconf 82' lang='lat' dir='ltr'><strong>Gommonstratuut</strong></span> 
     </span>
    </p>
   </div>
   <div class='ocr_carea' id='block_1_55' title="bbox 1868 1092 3437 1175">
    <p class='ocr_par' dir='ltr' id='par_1_55' title="bbox 1868 1092 3437 1175">
     <span class='ocr_line' id='line_1_55' title="bbox 1868 1092 3437 1175; baseline -0.006 -21"><span class='ocrx_word' id='word_1_383' title='bbox 1868 1114 1996 1171; x_wconf 90' lang='lat' dir='ltr'><strong>ergo</strong></span> <span class='ocrx_word' id='word_1_384' title='bbox 2014 1096 2126 1175; x_wconf 73' lang='lat' dir='ltr'><strong>iuit</strong></span> <span class='ocrx_word' id='word_1_385' title='bbox 2147 1096 2324 1167; x_wconf 90' lang='lat' dir='ltr'><strong>ipsum</strong></span> <span class='ocrx_word' id='word_1_386' title='bbox 2354 1092 2724 1157; x_wconf 85' lang='lat' dir='ltr'><strong>descendisse,</strong></span> <span class='ocrx_word' id='word_1_387' title='bbox 2756 1092 2952 1147; x_wconf 90' lang='lat' dir='ltr'><strong>deinde</strong></span> <span class='ocrx_word' id='word_1_388' title='bbox 2979 1108 3102 1146; x_wconf 91' lang='lat' dir='ltr'><strong>eum</strong></span> <span class='ocrx_word' id='word_1_389' title='bbox 3138 1092 3437 1147; x_wconf 89' lang='lat' dir='ltr'><strong>cberubino</strong></span> 
     </span>
    </p>
   </div>
   <div class='ocr_carea' id='block_1_56' title="bbox 1869 1184 3436 1271">
    <p class='ocr_par' dir='ltr' id='par_1_56' title="bbox 1869 1184 3436 1271">
     <span class='ocr_line' id='line_1_56' title="bbox 1869 1184 3436 1271; baseline -0.006 -23"><span class='ocrx_word' id='word_1_390' title='bbox 1869 1190 2201 1271; x_wconf 67' lang='lat' dir='ltr'><strong>ascendisse,</strong></span> <span class='ocrx_word' id='word_1_391' title='bbox 2272 1195 2393 1258; x_wconf 86' lang='lat' dir='ltr'><strong>post</strong></span> <span class='ocrx_word' id='word_1_392' title='bbox 2442 1200 2506 1240; x_wconf 80' lang='lat' dir='ltr'><strong>ex</strong></span> <span class='ocrx_word' id='word_1_393' title='bbox 2554 1185 2694 1240; x_wconf 65' lang='lat' dir='ltr'><strong>caelo</strong></span> <span class='ocrx_word' id='word_1_394' title='bbox 2745 1184 3079 1246; x_wconf 84' lang='lat' dir='ltr'><strong>intonuisse;</strong></span> <span class='ocrx_word' id='word_1_395' title='bbox 3124 1185 3340 1250; x_wconf 87' lang='lat' dir='ltr'><strong>demum</strong></span> <span class='ocrx_word' id='word_1_396' title='bbox 3371 1199 3436 1239; x_wconf 89' lang='lat' dir='ltr'><strong>ea</strong></span> 
     </span>
    </p>
   </div>
   <div class='ocr_carea' id='block_1_57' title="bbox 1869 1264 3439 1357">
    <p class='ocr_par' dir='ltr' id='par_1_57' title="bbox 1869 1264 3439 1357">
     <span class='ocr_line' id='line_1_57' title="bbox 1869 1264 3439 1357; baseline -0.004 -21"><span class='ocrx_word' id='word_1_397' title='bbox 1869 1264 2063 1337; x_wconf 69' lang='lat' dir='ltr'><strong>contra</strong></span> <span class='ocrx_word' id='word_1_398' title='bbox 2086 1279 2339 1338; x_wconf 85' lang='lat' dir='ltr'><strong>inimicos</strong></span> <span class='ocrx_word' id='word_1_399' title='bbox 2362 1292 2494 1334; x_wconf 90' lang='lat' dir='ltr'><strong>suos</strong></span> <span class='ocrx_word' id='word_1_400' title='bbox 2531 1277 2851 1348; x_wconf 81' lang='lat' dir='ltr'><strong>designasse</strong></span> <span class='ocrx_word' id='word_1_401' title='bbox 2908 1291 3029 1357; x_wconf 67' lang='lat' dir='ltr'><strong>qum</strong></span> <span class='ocrx_word' id='word_1_402' title='bbox 3072 1276 3125 1329; x_wconf 90' lang='lat' dir='ltr'><strong>in</strong></span> <span class='ocrx_word' id='word_1_403' title='bbox 3160 1278 3439 1353; x_wconf 60' lang='lat' dir='ltr'><strong>sequenti-</strong></span> 
     </span>
    </p>
   </div>
   <div class='ocr_carea' id='block_1_58' title="bbox 1869 1365 3436 1440">
    <p class='ocr_par' dir='ltr' id='par_1_58' title="bbox 1869 1365 3436 1440">
     <span class='ocr_line' id='line_1_58' title="bbox 1869 1365 3436 1440; baseline -0.006 -11"><span class='ocrx_word' id='word_1_404' title='bbox 1869 1374 1971 1430; x_wconf 87' lang='lat' dir='ltr'><strong>bus</strong></span> <span class='ocrx_word' id='word_1_405' title='bbox 2009 1371 2414 1431; x_wconf 89' lang='lat' dir='ltr'><strong>describuntur.</strong></span> <span class='ocrx_word' id='word_1_406' title='bbox 2463 1367 2650 1422; x_wconf 89' lang='lat' dir='ltr'><strong>Primo</strong></span> <span class='ocrx_word' id='word_1_407' title='bbox 2708 1366 2923 1439; x_wconf 86' lang='lat' dir='ltr'><strong>quidem</strong></span> <span class='ocrx_word' id='word_1_408' title='bbox 2954 1382 3064 1440; x_wconf 69' lang='lat' dir='ltr'><strong>pra:</strong></span> <span class='ocrx_word' id='word_1_409' title='bbox 3094 1366 3297 1438; x_wconf 85' lang='lat' dir='ltr'><strong>fulgore</strong></span> <span class='ocrx_word' id='word_1_410' title='bbox 3323 1365 3436 1435; x_wconf 89' lang='lat' dir='ltr'><strong>ejus</strong></span> 
     </span>
    </p>
   </div>
   <div class='ocr_carea' id='block_1_59' title="bbox 1869 1458 3439 1535">
    <p class='ocr_par' dir='ltr' id='par_1_59' title="bbox 1869 1458 3439 1535">
     <span class='ocr_line' id='line_1_59' title="bbox 1869 1458 3439 1535; baseline -0.003 -17"><span class='ocrx_word' id='word_1_411' title='bbox 1869 1466 1923 1519; x_wconf 89' lang='lat' dir='ltr'><strong>in</strong></span> <span class='ocrx_word' id='word_1_412' title='bbox 1950 1474 2227 1535; x_wconf 86' lang='lat' dir='ltr'><strong>conspectu</strong></span> <span class='ocrx_word' id='word_1_413' title='bbox 2259 1463 2373 1532; x_wconf 85' lang='lat' dir='ltr'><strong>ejus</strong></span> <span class='ocrx_word' id='word_1_414' title='bbox 2397 1464 2555 1516; x_wconf 89' lang='lat' dir='ltr'><strong>nubes</strong></span> <span class='ocrx_word' id='word_1_415' title='bbox 2603 1460 2949 1523; x_wconf 87' lang='lat' dir='ltr'><strong>transierunt,</strong></span> <span class='ocrx_word' id='word_1_416' title='bbox 2980 1458 3180 1529; x_wconf 90' lang='lat' dir='ltr'><strong>grando</strong></span> <span class='ocrx_word' id='word_1_417' title='bbox 3216 1468 3264 1512; x_wconf 89' lang='lat' dir='ltr'><strong>et</strong></span> <span class='ocrx_word' id='word_1_418' title='bbox 3317 1475 3439 1513; x_wconf 89' lang='lat' dir='ltr'><strong>car-</strong></span> 
     </span>
    </p>
   </div>
   <div class='ocr_carea' id='block_1_60' title="bbox 1873 1551 3439 1627">
    <p class='ocr_par' dir='ltr' id='par_1_60' title="bbox 1873 1551 3439 1627">
     <span class='ocr_line' id='line_1_60' title="bbox 1873 1551 3439 1627; baseline -0.001 -18"><span class='ocrx_word' id='word_1_419' title='bbox 1873 1559 2027 1611; x_wconf 86' lang='lat' dir='ltr'><strong>bones</strong></span> <span class='ocrx_word' id='word_1_420' title='bbox 2049 1556 2202 1627; x_wconf 86' lang='lat' dir='ltr'><strong>ignis.</strong></span> <span class='ocrx_word' id='word_1_421' title='bbox 2234 1554 2388 1609; x_wconf 90' lang='lat' dir='ltr'><strong>Sicut</strong></span> <span class='ocrx_word' id='word_1_422' title='bbox 2403 1554 2547 1610; x_wconf 90' lang='lat' dir='ltr'><strong>enim</strong></span> <span class='ocrx_word' id='word_1_423' title='bbox 2571 1552 2640 1608; x_wconf 89' lang='lat' dir='ltr'><strong>de</strong></span> <span class='ocrx_word' id='word_1_424' title='bbox 2668 1551 2905 1623; x_wconf 61' lang='lat' dir='ltr'><strong>[Egypto</strong></span> <span class='ocrx_word' id='word_1_425' title='bbox 2932 1552 2987 1605; x_wconf 93' lang='lat' dir='ltr'><strong>in</strong></span> <span class='ocrx_word' id='word_1_426' title='bbox 3021 1552 3250 1621; x_wconf 88' lang='lat' dir='ltr'><strong>septima</strong></span> <span class='ocrx_word' id='word_1_427' title='bbox 3283 1551 3439 1621; x_wconf 86' lang='lat' dir='ltr'><strong>plaga</strong></span> 
     </span>
    </p>
   </div>
   <div class='ocr_carea' id='block_1_61' title="bbox 1872 1643 3439 1714">
    <p class='ocr_par' dir='ltr' id='par_1_61' title="bbox 1872 1643 3439 1714">
     <span class='ocr_line' id='line_1_61' title="bbox 1872 1643 3439 1714; baseline -0.004 -13"><span class='ocrx_word' id='word_1_428' title='bbox 1872 1656 2148 1710; x_wconf 83' lang='lat' dir='ltr'><strong>narratur,</strong></span> <span class='ocrx_word' id='word_1_429' title='bbox 2185 1646 2438 1706; x_wconf 79' lang='lat' dir='ltr'><strong>Dominus</strong></span> <span class='ocrx_word' id='word_1_430' title='bbox 2468 1654 2642 1707; x_wconf 83' lang='lat' dir='ltr'><strong>autem</strong></span> <span class='ocrx_word' id='word_1_431' title='bbox 2669 1644 2812 1699; x_wconf 86' lang='lat' dir='ltr'><strong>dedit</strong></span> <span class='ocrx_word' id='word_1_432' title='bbox 2866 1659 3036 1701; x_wconf 80' lang='lat' dir='ltr'><strong>vocem</strong></span> <span class='ocrx_word' id='word_1_433' title='bbox 3055 1652 3104 1697; x_wconf 88' lang='lat' dir='ltr'><strong>et</strong></span> <span class='ocrx_word' id='word_1_434' title='bbox 3128 1643 3439 1714; x_wconf 87' lang='lat' dir='ltr'><strong>grandinem</strong></span> 
     </span>
    </p>
   </div>
   <div class='ocr_carea' id='block_1_62' title="bbox 1873 1735 3440 1809">
    <p class='ocr_par' dir='ltr' id='par_1_62' title="bbox 1873 1735 3440 1809">
     <span class='ocr_line' id='line_1_62' title="bbox 1873 1735 3440 1809; baseline -0.003 -18"><span class='ocrx_word' id='word_1_435' title='bbox 1873 1746 1919 1791; x_wconf 88' lang='lat' dir='ltr'><strong>et</strong></span> <span class='ocrx_word' id='word_1_436' title='bbox 1942 1735 2292 1800; x_wconf 85' lang='lat' dir='ltr'><strong>discurrebat,</strong></span> <span class='ocrx_word' id='word_1_437' title='bbox 2343 1736 2540 1806; x_wconf 86' lang='lat' dir='ltr'><strong>inquit,</strong></span> <span class='ocrx_word' id='word_1_438' title='bbox 2576 1736 2714 1806; x_wconf 88' lang='lat' dir='ltr'><strong>ignis</strong></span> <span class='ocrx_word' id='word_1_439' title='bbox 2762 1751 2919 1807; x_wconf 86' lang='lat' dir='ltr'><strong>super</strong></span> <span class='ocrx_word' id='word_1_440' title='bbox 2943 1747 3137 1798; x_wconf 80' lang='lat' dir='ltr'><strong>terram</strong></span> <span class='ocrx_word' id='word_1_441' title='bbox 3171 1735 3440 1809; x_wconf 82' lang='lat' dir='ltr'><strong>:pluitque</strong></span> 
     </span>
    </p>
   </div>
   <div class='ocr_carea' id='block_1_63' title="bbox 1802 1808 3434 1899">
    <p class='ocr_par' dir='ltr' id='par_1_63' title="bbox 1802 1808 3434 1899">
     <span class='ocr_line' id='line_1_63' title="bbox 1802 1808 3434 1899; baseline 0 -17"><span class='ocrx_word' id='word_1_442' title='bbox 1802 1808 2131 1883; x_wconf 86' lang='lat' dir='ltr'><strong>BDominus</strong></span> <span class='ocrx_word' id='word_1_443' title='bbox 2182 1844 2336 1898; x_wconf 82' lang='lat' dir='ltr'><strong>super</strong></span> <span class='ocrx_word' id='word_1_444' title='bbox 2402 1838 2598 1881; x_wconf 86' lang='lat' dir='ltr'><strong>terram</strong></span> <span class='ocrx_word' id='word_1_445' title='bbox 2648 1826 2889 1898; x_wconf 65' lang='lat' dir='ltr'><strong>zEgypti.</strong></span> <span class='ocrx_word' id='word_1_446' title='bbox 2938 1826 3168 1897; x_wconf 85' lang='lat' dir='ltr'><strong>Eratque</strong></span> <span class='ocrx_word' id='word_1_447' title='bbox 3210 1808 3434 1899; x_wconf 83' lang='lat' dir='ltr'><strong>grando,</strong></span> 
     </span>
    </p>
   </div>
   <div class='ocr_carea' id='block_1_64' title="bbox 1868 1917 3439 1991">
    <p class='ocr_par' dir='ltr' id='par_1_64' title="bbox 1868 1917 3439 1991">
     <span class='ocr_line' id='line_1_64' title="bbox 1868 1917 3439 1991; baseline -0.001 -17"><span class='ocrx_word' id='word_1_448' title='bbox 1868 1921 2103 1991; x_wconf 83' lang='lat' dir='ltr'><strong>ignisque</strong></span> <span class='ocrx_word' id='word_1_449' title='bbox 2132 1920 2321 1974; x_wconf 85' lang='lat' dir='ltr'><strong>ardens</strong></span> <span class='ocrx_word' id='word_1_450' title='bbox 2364 1920 2417 1973; x_wconf 90' lang='lat' dir='ltr'><strong>in</strong></span> <span class='ocrx_word' id='word_1_451' title='bbox 2446 1919 2720 1990; x_wconf 85' lang='lat' dir='ltr'><strong>grandine.</strong></span> <span class='ocrx_word' id='word_1_452' title='bbox 2762 1917 2829 1973; x_wconf 87' lang='lat' dir='ltr'><strong>Et</strong></span> <span class='ocrx_word' id='word_1_453' title='bbox 2861 1920 3116 1988; x_wconf 84' lang='lat' dir='ltr'><strong>percussit</strong></span> <span class='ocrx_word' id='word_1_454' title='bbox 3161 1919 3361 1989; x_wconf 88' lang='lat' dir='ltr'><strong>grando</strong></span> <span class='ocrx_word' id='word_1_455' title='bbox 3386 1919 3439 1974; x_wconf 89' lang='lat' dir='ltr'><strong>in</strong></span> 
     </span>
    </p>
   </div>
   <div class='ocr_carea' id='block_1_65' title="bbox 1870 2009 3440 2081">
    <p class='ocr_par' dir='ltr' id='par_1_65' title="bbox 1870 2009 3440 2081">
     <span class='ocr_line' id='line_1_65' title="bbox 1870 2009 3440 2081; baseline -0.001 -16"><span class='ocrx_word' id='word_1_456' title='bbox 1870 2012 2011 2065; x_wconf 87' lang='lat' dir='ltr'><strong>omni</strong></span> <span class='ocrx_word' id='word_1_457' title='bbox 2043 2021 2184 2065; x_wconf 87' lang='lat' dir='ltr'><strong>terra</strong></span> <span class='ocrx_word' id='word_1_458' title='bbox 2218 2010 2439 2081; x_wconf 61' lang='lat' dir='ltr'><strong>ngypti</strong></span> <span class='ocrx_word' id='word_1_459' title='bbox 2470 2011 2535 2067; x_wconf 80' lang='grc'><strong>⁸⁸.</strong></span> <span class='ocrx_word' id='word_1_460' title='bbox 2576 2009 2700 2066; x_wconf 64' lang='lat' dir='ltr'><strong>llaec</strong></span> <span class='ocrx_word' id='word_1_461' title='bbox 2726 2025 2889 2080; x_wconf 84' lang='lat' dir='ltr'><strong>porro</strong></span> <span class='ocrx_word' id='word_1_462' title='bbox 2936 2009 3118 2064; x_wconf 86' lang='lat' dir='ltr'><strong>omnia</strong></span> <span class='ocrx_word' id='word_1_463' title='bbox 3150 2010 3291 2063; x_wconf 87' lang='lat' dir='ltr'><strong>facta</strong></span> <span class='ocrx_word' id='word_1_464' title='bbox 3313 2019 3440 2064; x_wconf 87' lang='lat' dir='ltr'><strong>sunt</strong></span> 
     </span>
    </p>
   </div>
   <div class='ocr_carea' id='block_1_66' title="bbox 1870 2101 3440 2175">
    <p class='ocr_par' dir='ltr' id='par_1_66' title="bbox 1870 2101 3440 2175">
     <span class='ocr_line' id='line_1_66' title="bbox 1870 2101 3440 2175; baseline -0.002 -17"><span class='ocrx_word' id='word_1_465' title='bbox 1870 2114 1931 2158; x_wconf 91' lang='lat' dir='ltr'><strong>ut</strong></span> <span class='ocrx_word' id='word_1_466' title='bbox 1957 2104 2190 2174; x_wconf 89' lang='lat' dir='ltr'><strong>populus</strong></span> <span class='ocrx_word' id='word_1_467' title='bbox 2225 2102 2320 2158; x_wconf 90' lang='lat' dir='ltr'><strong>Dei</strong></span> <span class='ocrx_word' id='word_1_468' title='bbox 2351 2102 2419 2158; x_wconf 90' lang='lat' dir='ltr'><strong>ab</strong></span> <span class='ocrx_word' id='word_1_469' title='bbox 2441 2102 2817 2175; x_wconf 62' lang='lat' dir='ltr'><strong>Egyptiorum</strong></span> <span class='ocrx_word' id='word_1_470' title='bbox 2867 2102 3129 2158; x_wconf 87' lang='lat' dir='ltr'><strong>servitute</strong></span> <span class='ocrx_word' id='word_1_471' title='bbox 3174 2101 3440 2156; x_wconf 77' lang='lat' dir='ltr'><strong>eximere-</strong></span> 
     </span>
    </p>
   </div>
   <div class='ocr_carea' id='block_1_67' title="bbox 1871 2193 3441 2267">
    <p class='ocr_par' dir='ltr' id='par_1_67' title="bbox 1871 2193 3441 2267">
     <span class='ocr_line' id='line_1_67' title="bbox 1871 2193 3441 2267; baseline 0.003 -18"><span class='ocrx_word' id='word_1_472' title='bbox 1871 2204 1980 2250; x_wconf 85' lang='lat' dir='ltr'><strong>tur.</strong></span> <span class='ocrx_word' id='word_1_473' title='bbox 2012 2194 2213 2251; x_wconf 86' lang='lat' dir='ltr'><strong>Eodem</strong></span> <span class='ocrx_word' id='word_1_474' title='bbox 2248 2211 2477 2267; x_wconf 90' lang='lat' dir='ltr'><strong>prorsus</strong></span> <span class='ocrx_word' id='word_1_475' title='bbox 2527 2194 2690 2252; x_wconf 91' lang='lat' dir='ltr'><strong>modo</strong></span> <span class='ocrx_word' id='word_1_476' title='bbox 2731 2194 2846 2265; x_wconf 89' lang='lat' dir='ltr'><strong>jam</strong></span> <span class='ocrx_word' id='word_1_477' title='bbox 2896 2210 3024 2249; x_wconf 91' lang='lat' dir='ltr'><strong>eum</strong></span> <span class='ocrx_word' id='word_1_478' title='bbox 3056 2193 3331 2249; x_wconf 88' lang='lat' dir='ltr'><strong>Ecclesias</strong></span> <span class='ocrx_word' id='word_1_479' title='bbox 3373 2209 3441 2253; x_wconf 71' lang='lat' dir='ltr'><strong>ex</strong></span> 
     </span>
    </p>
   </div>
   <div class='ocr_carea' id='block_1_68' title="bbox 1875 2276 3441 2362">
    <p class='ocr_par' dir='ltr' id='par_1_68' title="bbox 1875 2276 3441 2362">
     <span class='ocr_line' id='line_1_68' title="bbox 1875 2276 3441 2362; baseline -0.004 -16"><span class='ocrx_word' id='word_1_480' title='bbox 1875 2276 2131 2362; x_wconf 78' lang='lat' dir='ltr'><strong>gentibus</strong></span> <span class='ocrx_word' id='word_1_481' title='bbox 2154 2297 2398 2355; x_wconf 88' lang='lat' dir='ltr'><strong>coactas,</strong></span> <span class='ocrx_word' id='word_1_482' title='bbox 2441 2289 2831 2358; x_wconf 88' lang='lat' dir='ltr'><strong>hominumque</strong></span> <span class='ocrx_word' id='word_1_483' title='bbox 2878 2286 3090 2341; x_wconf 89' lang='lat' dir='ltr'><strong>animas</strong></span> <span class='ocrx_word' id='word_1_484' title='bbox 3126 2302 3157 2339; x_wconf 89' lang='lat' dir='ltr'><strong>a</strong></span> <span class='ocrx_word' id='word_1_485' title='bbox 3182 2286 3441 2341; x_wconf 86' lang='lat' dir='ltr'><strong>servitute</strong></span> 
     </span>
    </p>
   </div>
   <div class='ocr_carea' id='block_1_69' title="bbox 1873 2377 3440 2452">
    <p class='ocr_par' dir='ltr' id='par_1_69' title="bbox 1873 2377 3440 2452">
     <span class='ocr_line' id='line_1_69' title="bbox 1873 2377 3440 2452; baseline -0.003 -18"><span class='ocrx_word' id='word_1_486' title='bbox 1873 2380 2052 2452; x_wconf 69' lang='lat' dir='ltr'><strong>impiae</strong></span> <span class='ocrx_word' id='word_1_487' title='bbox 2068 2379 2381 2436; x_wconf 65' lang='lat' dir='ltr'><strong>idololatria:</strong></span> <span class='ocrx_word' id='word_1_488' title='bbox 2401 2389 2453 2435; x_wconf 91' lang='lat' dir='ltr'><strong>et</strong></span> <span class='ocrx_word' id='word_1_489' title='bbox 2468 2380 2825 2451; x_wconf 78' lang='lat' dir='ltr'><strong>malignorum</strong></span> <span class='ocrx_word' id='word_1_490' title='bbox 2848 2378 3149 2435; x_wconf 86' lang='lat' dir='ltr'><strong>daemonum</strong></span> <span class='ocrx_word' id='word_1_491' title='bbox 3168 2377 3440 2442; x_wconf 71' lang='lat' dir='ltr'><strong>liberaret;</strong></span> 
     </span>
    </p>
   </div>
   <div class='ocr_carea' id='block_1_70' title="bbox 1873 2470 3440 2553">
    <p class='ocr_par' dir='ltr' id='par_1_70' title="bbox 1873 2470 3440 2553">
     <span class='ocr_line' id='line_1_70' title="bbox 1873 2470 3440 2553; baseline -0.003 -24"><span class='ocrx_word' id='word_1_492' title='bbox 1873 2473 2137 2530; x_wconf 89' lang='lat' dir='ltr'><strong>adversus</strong></span> <span class='ocrx_word' id='word_1_493' title='bbox 2192 2471 2569 2543; x_wconf 83' lang='lat' dir='ltr'><strong>intelligibiles</strong></span> <span class='ocrx_word' id='word_1_494' title='bbox 2618 2471 2900 2544; x_wconf 61' lang='lat' dir='ltr'><strong>[Egyptios</strong></span> <span class='ocrx_word' id='word_1_495' title='bbox 2925 2470 3187 2537; x_wconf 86' lang='lat' dir='ltr'><strong>Dominus</strong></span> <span class='ocrx_word' id='word_1_496' title='bbox 3229 2472 3320 2525; x_wconf 89' lang='lat' dir='ltr'><strong>ille</strong></span> <span class='ocrx_word' id='word_1_497' title='bbox 3348 2473 3440 2553; x_wconf 87' lang='lat' dir='ltr'><strong>qui</strong></span> 
     </span>
    </p>
   </div>
   <div class='ocr_carea' id='block_1_71' title="bbox 1875 2562 3441 2637">
    <p class='ocr_par' dir='ltr' id='par_1_71' title="bbox 1875 2562 3441 2637">
     <span class='ocr_line' id='line_1_71' title="bbox 1875 2562 3441 2637; baseline -0.003 -17"><span class='ocrx_word' id='word_1_498' title='bbox 1875 2580 2039 2637; x_wconf 89' lang='lat' dir='ltr'><strong>super</strong></span> <span class='ocrx_word' id='word_1_499' title='bbox 2077 2563 2360 2620; x_wconf 89' lang='lat' dir='ltr'><strong>cherubim</strong></span> <span class='ocrx_word' id='word_1_500' title='bbox 2413 2564 2661 2632; x_wconf 88' lang='lat' dir='ltr'><strong>volavit,</strong></span> <span class='ocrx_word' id='word_1_501' title='bbox 2725 2563 3043 2633; x_wconf 87' lang='lat' dir='ltr'><strong>grandinem</strong></span> <span class='ocrx_word' id='word_1_502' title='bbox 3078 2570 3132 2617; x_wconf 88' lang='lat' dir='ltr'><strong>et</strong></span> <span class='ocrx_word' id='word_1_503' title='bbox 3174 2562 3441 2630; x_wconf 73' lang='lat' dir='ltr'><strong>carbones</strong></span> 
     </span>
    </p>
   </div>
   <div class='ocr_carea' id='block_1_72' title="bbox 1874 2654 3443 2729">
    <p class='ocr_par' dir='ltr' id='par_1_72' title="bbox 1874 2654 3443 2729">
     <span class='ocr_line' id='line_1_72' title="bbox 1874 2654 3443 2729; baseline -0.003 -16"><span class='ocrx_word' id='word_1_504' title='bbox 1874 2657 2016 2729; x_wconf 90' lang='lat' dir='ltr'><strong>ignis</strong></span> <span class='ocrx_word' id='word_1_505' title='bbox 2047 2657 2352 2713; x_wconf 89' lang='lat' dir='ltr'><strong>emittebat.</strong></span> <span class='ocrx_word' id='word_1_506' title='bbox 2395 2656 2650 2717; x_wconf 87' lang='lat' dir='ltr'><strong>Arbitror</strong></span> <span class='ocrx_word' id='word_1_507' title='bbox 2698 2662 2881 2721; x_wconf 86' lang='lat' dir='ltr'><strong>autem</strong></span> <span class='ocrx_word' id='word_1_508' title='bbox 2933 2655 3155 2708; x_wconf 89' lang='lat' dir='ltr'><strong>ultrices</strong></span> <span class='ocrx_word' id='word_1_509' title='bbox 3185 2654 3306 2708; x_wconf 88' lang='lat' dir='ltr'><strong>illas</strong></span> <span class='ocrx_word' id='word_1_510' title='bbox 3346 2654 3443 2709; x_wconf 84' lang='lat' dir='ltr'><strong>ad-</strong></span> 
     </span>
    </p>
   </div>
   <div class='ocr_carea' id='block_1_73' title="bbox 1876 2736 3444 2822">
    <p class='ocr_par' dir='ltr' id='par_1_73' title="bbox 1876 2736 3444 2822">
     <span class='ocr_line' id='line_1_73' title="bbox 1876 2736 3444 2822; baseline -0.004 -16"><span class='ocrx_word' id='word_1_511' title='bbox 1876 2736 2069 2808; x_wconf 85' lang='lat' dir='ltr'><strong>versus</strong></span> <span class='ocrx_word' id='word_1_512' title='bbox 2094 2750 2294 2821; x_wconf 91' lang='lat' dir='ltr'><strong>impios</strong></span> <span class='ocrx_word' id='word_1_513' title='bbox 2324 2757 2545 2822; x_wconf 82' lang='lat' dir='ltr'><strong>paratas</strong></span> <span class='ocrx_word' id='word_1_514' title='bbox 2574 2748 2823 2815; x_wconf 81' lang='lat' dir='ltr'><strong>virtutes,</strong></span> <span class='ocrx_word' id='word_1_515' title='bbox 2882 2745 3201 2817; x_wconf 78' lang='lat' dir='ltr'><strong>grandinem</strong></span> <span class='ocrx_word' id='word_1_516' title='bbox 3239 2753 3293 2800; x_wconf 89' lang='lat' dir='ltr'><strong>et</strong></span> <span class='ocrx_word' id='word_1_517' title='bbox 3322 2759 3444 2800; x_wconf 89' lang='lat' dir='ltr'><strong>car-</strong></span> 
     </span>
    </p>
   </div>
   <div class='ocr_carea' id='block_1_74' title="bbox 1876 2838 3447 2915">
    <p class='ocr_par' dir='ltr' id='par_1_74' title="bbox 1876 2838 3447 2915">
     <span class='ocr_line' id='line_1_74' title="bbox 1876 2838 3447 2915; baseline -0.004 -17"><span class='ocrx_word' id='word_1_518' title='bbox 1876 2843 2045 2901; x_wconf 84' lang='lat' dir='ltr'><strong>bones</strong></span> <span class='ocrx_word' id='word_1_519' title='bbox 2083 2843 2225 2915; x_wconf 80' lang='lat' dir='ltr'><strong>ignis</strong></span> <span class='ocrx_word' id='word_1_520' title='bbox 2239 2844 2443 2899; x_wconf 91' lang='lat' dir='ltr'><strong>vocari.</strong></span> <span class='ocrx_word' id='word_1_521' title='bbox 2468 2840 2713 2897; x_wconf 83' lang='lat' dir='ltr'><strong>Virtutes</strong></span> <span class='ocrx_word' id='word_1_522' title='bbox 2752 2840 2917 2914; x_wconf 86' lang='lat' dir='ltr'><strong>igitur</strong></span> <span class='ocrx_word' id='word_1_523' title='bbox 2949 2839 3054 2893; x_wconf 81' lang='lat' dir='ltr'><strong>illae</strong></span> <span class='ocrx_word' id='word_1_524' title='bbox 3086 2838 3356 2911; x_wconf 88' lang='lat' dir='ltr'><strong>supplicio</strong></span> <span class='ocrx_word' id='word_1_525' title='bbox 3387 2846 3447 2894; x_wconf 84' lang='lat' dir='ltr'><strong>et</strong></span> 
     </span>
    </p>
   </div>
   <div class='ocr_carea' id='block_1_75' title="bbox 1879 2928 3446 3003">
    <p class='ocr_par' dir='ltr' id='par_1_75' title="bbox 1879 2928 3446 3003">
     <span class='ocr_line' id='line_1_75' title="bbox 1879 2928 3446 3003; baseline -0.005 -12"><span class='ocrx_word' id='word_1_526' title='bbox 1879 2938 2071 2994; x_wconf 89' lang='lat' dir='ltr'><strong>ultioni</strong></span> <span class='ocrx_word' id='word_1_527' title='bbox 2100 2937 2405 3003; x_wconf 67' lang='lat' dir='ltr'><strong>destinatae,</strong></span> <span class='ocrx_word' id='word_1_528' title='bbox 2453 2934 2752 3003; x_wconf 83' lang='lat' dir='ltr'><strong>voluntatis</strong></span> <span class='ocrx_word' id='word_1_529' title='bbox 2782 2932 2875 2989; x_wconf 88' lang='lat' dir='ltr'><strong>Dei</strong></span> <span class='ocrx_word' id='word_1_530' title='bbox 2921 2933 3136 2997; x_wconf 85' lang='lat' dir='ltr'><strong>occulto</strong></span> <span class='ocrx_word' id='word_1_531' title='bbox 3169 2946 3317 2985; x_wconf 86' lang='lat' dir='ltr'><strong>more</strong></span> <span class='ocrx_word' id='word_1_532' title='bbox 3347 2928 3446 2984; x_wconf 59' lang='lat' dir='ltr'><strong>ad-</strong></span> 
     </span>
    </p>
   </div>
   <div class='ocr_carea' id='block_1_76' title="bbox 1880 3023 3446 3100">
    <p class='ocr_par' dir='ltr' id='par_1_76' title="bbox 1880 3023 3446 3100">
     <span class='ocr_line' id='line_1_76' title="bbox 1880 3023 3446 3100; baseline -0.003 -17"><span class='ocrx_word' id='word_1_533' title='bbox 1880 3029 2143 3085; x_wconf 81' lang='lat' dir='ltr'><strong>ministrae</strong></span> <span class='ocrx_word' id='word_1_534' title='bbox 2173 3030 2434 3091; x_wconf 78' lang='lat' dir='ltr'><strong>adversus</strong></span> <span class='ocrx_word' id='word_1_535' title='bbox 2481 3030 2757 3085; x_wconf 85' lang='lat' dir='ltr'><strong>daemonas</strong></span> <span class='ocrx_word' id='word_1_536' title='bbox 2784 3029 2876 3100; x_wconf 89' lang='lat' dir='ltr'><strong>qui</strong></span> <span class='ocrx_word' id='word_1_537' title='bbox 2911 3025 3289 3098; x_wconf 78' lang='lat' dir='ltr'><strong>multiplicium</strong></span> <span class='ocrx_word' id='word_1_538' title='bbox 3312 3023 3446 3079; x_wconf 82' lang='lat' dir='ltr'><strong>deo-</strong></span> 
     </span>
    </p>
   </div>
   <div class='ocr_carea' id='block_1_77' title="bbox 1880 3114 3445 3197">
    <p class='ocr_par' dir='ltr' id='par_1_77' title="bbox 1880 3114 3445 3197">
     <span class='ocr_line' id='line_1_77' title="bbox 1880 3114 3445 3197; baseline -0.003 -22"><span class='ocrx_word' id='word_1_539' title='bbox 1880 3136 1999 3175; x_wconf 92' lang='lat' dir='ltr'><strong>rum</strong></span> <span class='ocrx_word' id='word_1_540' title='bbox 2024 3123 2466 3192; x_wconf 82' lang='lat' dir='ltr'><strong>superstitionem</strong></span> <span class='ocrx_word' id='word_1_541' title='bbox 2515 3120 2867 3185; x_wconf 78' lang='lat' dir='ltr'><strong>advexerant,</strong></span> <span class='ocrx_word' id='word_1_542' title='bbox 2899 3120 3046 3197; x_wconf 89' lang='lat' dir='ltr'><strong>ipsos</strong></span> <span class='ocrx_word' id='word_1_543' title='bbox 3100 3133 3290 3173; x_wconf 90' lang='lat' dir='ltr'><strong>omnes</strong></span> <span class='ocrx_word' id='word_1_544' title='bbox 3335 3114 3445 3170; x_wconf 75' lang='lat' dir='ltr'><strong>dae-</strong></span> 
     </span>
    </p>
   </div>
   <div class='ocr_carea' id='block_1_78' title="bbox 1879 3210 3444 3282">
    <p class='ocr_par' dir='ltr' id='par_1_78' title="bbox 1879 3210 3444 3282">
     <span class='ocr_line' id='line_1_78' title="bbox 1879 3210 3444 3282; baseline -0.003 -17"><span class='ocrx_word' id='word_1_545' title='bbox 1879 3226 2072 3266; x_wconf 76' lang='lat' dir='ltr'><strong>monas</strong></span> <span class='ocrx_word' id='word_1_546' title='bbox 2119 3212 2423 3282; x_wconf 80' lang='lat' dir='ltr'><strong>abigebant.</strong></span> <span class='ocrx_word' id='word_1_547' title='bbox 2495 3211 2673 3278; x_wconf 80' lang='lat' dir='ltr'><strong>Quare</strong></span> <span class='ocrx_word' id='word_1_548' title='bbox 2728 3212 2983 3267; x_wconf 86' lang='lat' dir='ltr'><strong>universa</strong></span> <span class='ocrx_word' id='word_1_549' title='bbox 3003 3225 3192 3266; x_wconf 90' lang='lat' dir='ltr'><strong>eorum</strong></span> <span class='ocrx_word' id='word_1_550' title='bbox 3223 3210 3444 3278; x_wconf 82' lang='lat' dir='ltr'><strong>oracula</strong></span> 
     </span>
    </p>
   </div>
   <div class='ocr_carea' id='block_1_79' title="bbox 1880 3302 3445 3375">
    <p class='ocr_par' dir='ltr' id='par_1_79' title="bbox 1880 3302 3445 3375">
     <span class='ocr_line' id='line_1_79' title="bbox 1880 3302 3445 3375; baseline -0.003 -18"><span class='ocrx_word' id='word_1_551' title='bbox 1880 3302 2183 3368; x_wconf 83' lang='lat' dir='ltr'><strong>desierunt,</strong></span> <span class='ocrx_word' id='word_1_552' title='bbox 2232 3302 2491 3357; x_wconf 85' lang='lat' dir='ltr'><strong>vaticinia</strong></span> <span class='ocrx_word' id='word_1_553' title='bbox 2526 3304 2785 3375; x_wconf 86' lang='lat' dir='ltr'><strong>abrogata</strong></span> <span class='ocrx_word' id='word_1_554' title='bbox 2830 3309 2978 3367; x_wconf 87' lang='lat' dir='ltr'><strong>sunt,</strong></span> <span class='ocrx_word' id='word_1_555' title='bbox 3016 3302 3218 3371; x_wconf 90' lang='lat' dir='ltr'><strong>templa</strong></span> <span class='ocrx_word' id='word_1_556' title='bbox 3255 3315 3445 3375; x_wconf 82' lang='lat' dir='ltr'><strong>eorum</strong></span> 
     </span>
    </p>
   </div>
   <div class='ocr_carea' id='block_1_80' title="bbox 1881 3373 3444 3459">
    <p class='ocr_par' dir='ltr' id='par_1_80' title="bbox 1881 3373 3444 3459">
     <span class='ocr_line' id='line_1_80' title="bbox 1881 3373 3444 3459; baseline -0.005 -10"><span class='ocrx_word' id='word_1_557' title='bbox 1881 3394 2115 3459; x_wconf 86' lang='lat' dir='ltr'><strong>deserta,</strong></span> <span class='ocrx_word' id='word_1_558' title='bbox 2152 3395 2392 3457; x_wconf 80' lang='lat' dir='ltr'><strong>sacraria</strong></span> <span class='ocrx_word' id='word_1_559' title='bbox 2429 3373 2693 3450; x_wconf 82' lang='lat' dir='ltr'><strong>invisibili</strong></span> <span class='ocrx_word' id='word_1_560' title='bbox 2732 3408 2796 3448; x_wconf 90' lang='lat' dir='ltr'><strong>ac</strong></span> <span class='ocrx_word' id='word_1_561' title='bbox 2819 3394 3019 3447; x_wconf 87' lang='lat' dir='ltr'><strong>latente</strong></span> <span class='ocrx_word' id='word_1_562' title='bbox 3063 3391 3266 3445; x_wconf 86' lang='lat' dir='ltr'><strong>virtute</strong></span> <span class='ocrx_word' id='word_1_563' title='bbox 3288 3373 3444 3458; x_wconf 80' lang='lat' dir='ltr'><strong>expi-</strong></span> 
     </span>
    </p>
   </div>
   <div class='ocr_carea' id='block_1_81' title="bbox 1883 3479 3447 3559">
    <p class='ocr_par' dir='ltr' id='par_1_81' title="bbox 1883 3479 3447 3559">
     <span class='ocr_line' id='line_1_81' title="bbox 1883 3479 3447 3559; baseline -0.002 -22"><span class='ocrx_word' id='word_1_564' title='bbox 1883 3485 1992 3549; x_wconf 84' lang='lat' dir='ltr'><strong>lata</strong></span> <span class='ocrx_word' id='word_1_565' title='bbox 2024 3483 2265 3549; x_wconf 89' lang='lat' dir='ltr'><strong>fuernnt,</strong></span> <span class='ocrx_word' id='word_1_566' title='bbox 2295 3482 2526 3539; x_wconf 90' lang='lat' dir='ltr'><strong>Domino</strong></span> <span class='ocrx_word' id='word_1_567' title='bbox 2587 3489 2712 3559; x_wconf 86' lang='lat' dir='ltr'><strong>post</strong></span> <span class='ocrx_word' id='word_1_568' title='bbox 2744 3497 2903 3538; x_wconf 89' lang='lat' dir='ltr'><strong>suum</strong></span> <span class='ocrx_word' id='word_1_569' title='bbox 2936 3481 3006 3552; x_wconf 30' lang='lat' dir='ltr'><strong>‘in</strong></span> <span class='ocrx_word' id='word_1_570' title='bbox 3056 3479 3226 3545; x_wconf 71' lang='lat' dir='ltr'><strong>caelos</strong></span> <span class='ocrx_word' id='word_1_571' title='bbox 3255 3492 3447 3546; x_wconf 81' lang='lat' dir='ltr'><strong>ascen-</strong></span> 
     </span>
    </p>
   </div>
   <div class='ocr_carea' id='block_1_82' title="bbox 1884 3558 2635 3645">
    <p class='ocr_par' dir='ltr' id='par_1_82' title="bbox 1884 3558 2635 3645">
     <span class='ocr_line' id='line_1_82' title="bbox 1884 3558 2635 3645; baseline -0.003 -16"><span class='ocrx_word' id='word_1_572' title='bbox 1884 3590 2002 3641; x_wconf 79' lang='lat' dir='ltr'><strong>sum</strong></span> <span class='ocrx_word' id='word_1_573' title='bbox 2020 3575 2133 3642; x_wconf 78' lang='lat' dir='ltr'><strong>haec</strong></span> <span class='ocrx_word' id='word_1_574' title='bbox 2154 3574 2336 3643; x_wconf 81' lang='lat' dir='ltr'><strong>omnia</strong></span> <span class='ocrx_word' id='word_1_575' title='bbox 2354 3558 2635 3645; x_wconf 74' lang='lat' dir='ltr'><strong>operante,</strong></span> 
     </span>
    </p>
   </div>
   <div class='ocr_carea' id='block_1_83' title="bbox 1954 3838 3450 3917">
    <p class='ocr_par' dir='ltr' id='par_1_83' title="bbox 1954 3838 3450 3917">
     <span class='ocr_line' id='line_1_83' title="bbox 1954 3838 3450 3917; baseline -0.005 -15"><span class='ocrx_word' id='word_1_576' title='bbox 1954 3846 2119 3909; x_wconf 69' lang='lat' dir='ltr'><strong>Vsus.</strong></span> <span class='ocrx_word' id='word_1_577' title='bbox 2153 3847 2239 3913; x_wconf 76' lang='grc'><strong>15,</strong></span> <span class='ocrx_word' id='word_1_578' title='bbox 2274 3847 2358 3901; x_wconf 69' lang='grc' dir='ltr'><strong>ιθ.</strong></span> <span class='ocrx_word' id='word_1_579' title='bbox 2396 3845 2463 3899; x_wconf 88' lang='lat' dir='ltr'><strong>Et</strong></span> <span class='ocrx_word' id='word_1_580' title='bbox 2488 3845 2631 3899; x_wconf 90' lang='lat' dir='ltr'><strong>misit</strong></span> <span class='ocrx_word' id='word_1_581' title='bbox 2660 3843 2881 3915; x_wconf 86' lang='lat' dir='ltr'><strong>sagittas</strong></span> <span class='ocrx_word' id='word_1_582' title='bbox 2906 3858 3053 3906; x_wconf 86' lang='lat' dir='ltr'><strong>suas.</strong></span> <span class='ocrx_word' id='word_1_583' title='bbox 3084 3850 3133 3895; x_wconf 88' lang='lat' dir='ltr'><strong>et</strong></span> <span class='ocrx_word' id='word_1_584' title='bbox 3168 3838 3450 3917; x_wconf 83' lang='lat' dir='ltr'><strong>dissipavit</strong></span> 
     </span>
    </p>
   </div>
   <div class='ocr_carea' id='block_1_84' title="bbox 1881 3931 3448 4009">
    <p class='ocr_par' dir='ltr' id='par_1_84' title="bbox 1881 3931 3448 4009">
     <span class='ocr_line' id='line_1_84' title="bbox 1881 3931 3448 4009; baseline -0.005 -14"><span class='ocrx_word' id='word_1_585' title='bbox 1881 3956 1967 3996; x_wconf 87' lang='lat' dir='ltr'><strong>eos</strong></span> <span class='ocrx_word' id='word_1_586' title='bbox 1992 3956 2009 4002; x_wconf 90' lang='lat'><strong><em>;</em></strong></span> <span class='ocrx_word' id='word_1_587' title='bbox 2032 3940 2246 4009; x_wconf 80' lang='lat' dir='ltr'><strong>fulgura</strong></span> <span class='ocrx_word' id='word_1_588' title='bbox 2270 3937 2657 4007; x_wconf 76' lang='lat' dir='ltr'><strong>multiplicauit,</strong></span> <span class='ocrx_word' id='word_1_589' title='bbox 2682 3946 2731 3991; x_wconf 91' lang='lat' dir='ltr'><strong>et</strong></span> <span class='ocrx_word' id='word_1_590' title='bbox 2755 3934 3082 3990; x_wconf 84' lang='lat' dir='ltr'><strong>conturbavit</strong></span> <span class='ocrx_word' id='word_1_591' title='bbox 3103 3951 3211 3989; x_wconf 86' lang='lat' dir='ltr'><strong>eos.</strong></span> <span class='ocrx_word' id='word_1_592' title='bbox 3255 3931 3322 3985; x_wconf 85' lang='lat' dir='ltr'><strong>Et</strong></span> <span class='ocrx_word' id='word_1_593' title='bbox 3356 3948 3448 4001; x_wconf 85' lang='lat' dir='ltr'><strong>ap-</strong></span> 
     </span>
    </p>
   </div>
   <div class='ocr_carea' id='block_1_85' title="bbox 1880 4023 3450 4104">
    <p class='ocr_par' dir='ltr' id='par_1_85' title="bbox 1880 4023 3450 4104">
     <span class='ocr_line' id='line_1_85' title="bbox 1880 4023 3450 4104; baseline -0.009 -15"><span class='ocrx_word' id='word_1_594' title='bbox 1880 4040 2169 4104; x_wconf 88' lang='lat' dir='ltr'><strong>paruerunt</strong></span> <span class='ocrx_word' id='word_1_595' title='bbox 2201 4032 2369 4100; x_wconf 84' lang='lat' dir='ltr'><strong>fontes</strong></span> <span class='ocrx_word' id='word_1_596' title='bbox 2398 4044 2677 4100; x_wconf 87' lang='lat' dir='ltr'><strong>aquarum,</strong></span> <span class='ocrx_word' id='word_1_597' title='bbox 2734 4035 2784 4080; x_wconf 86' lang='lat' dir='ltr'><strong>et</strong></span> <span class='ocrx_word' id='word_1_598' title='bbox 2833 4026 3060 4083; x_wconf 81' lang='lat' dir='ltr'><strong>revelata</strong></span> <span class='ocrx_word' id='word_1_599' title='bbox 3101 4032 3224 4081; x_wconf 88' lang='lat' dir='ltr'><strong>sunt</strong></span> <span class='ocrx_word' id='word_1_600' title='bbox 3262 4023 3450 4093; x_wconf 84' lang='lat' dir='ltr'><strong>funda-</strong></span> 
     </span>
    </p>
   </div>
   <div class='ocr_carea' id='block_1_86' title="bbox 1882 4112 3447 4189">
    <p class='ocr_par' dir='ltr' id='par_1_86' title="bbox 1882 4112 3447 4189">
     <span class='ocr_line' id='line_1_86' title="bbox 1882 4112 3447 4189; baseline -0.008 -9"><span class='ocrx_word' id='word_1_601' title='bbox 1882 4136 2056 4181; x_wconf 88' lang='lat' dir='ltr'><strong>menta</strong></span> <span class='ocrx_word' id='word_1_602' title='bbox 2079 4123 2219 4179; x_wconf 88' lang='lat' dir='ltr'><strong>orbis</strong></span> <span class='ocrx_word' id='word_1_603' title='bbox 2232 4131 2536 4177; x_wconf 89' lang='lat' dir='ltr'><strong>terrarum:</strong></span> <span class='ocrx_word' id='word_1_604' title='bbox 2569 4121 2634 4174; x_wconf 86' lang='lat' dir='ltr'><strong>ab</strong></span> <span class='ocrx_word' id='word_1_605' title='bbox 2666 4112 3023 4189; x_wconf 79' lang='lat' dir='ltr'><strong>increpatione</strong></span> <span class='ocrx_word' id='word_1_606' title='bbox 3044 4125 3159 4180; x_wconf 88' lang='lat' dir='ltr'><strong>tua,</strong></span> <span class='ocrx_word' id='word_1_607' title='bbox 3205 4113 3447 4178; x_wconf 85' lang='lat' dir='ltr'><strong>Domine,</strong></span> 
     </span>
    </p>
   </div>
   <div class='ocr_carea' id='block_1_87' title="bbox 1883 4205 3449 4282">
    <p class='ocr_par' dir='ltr' id='par_1_87' title="bbox 1883 4205 3449 4282">
     <span class='ocr_line' id='line_1_87' title="bbox 1883 4205 3449 4282; baseline -0.01 -9"><span class='ocrx_word' id='word_1_608' title='bbox 1883 4217 1947 4273; x_wconf 80' lang='lat' dir='ltr'><strong>ab</strong></span> <span class='ocrx_word' id='word_1_609' title='bbox 1999 4216 2343 4281; x_wconf 84' lang='lat' dir='ltr'><strong>inspiratione</strong></span> <span class='ocrx_word' id='word_1_610' title='bbox 2382 4213 2600 4282; x_wconf 84' lang='lat' dir='ltr'><strong>spiritus</strong></span> <span class='ocrx_word' id='word_1_611' title='bbox 2656 4212 2752 4265; x_wconf 77' lang='lat' dir='ltr'><strong>ine</strong></span> <span class='ocrx_word' id='word_1_612' title='bbox 2795 4219 2919 4271; x_wconf 1' lang='lat' dir='ltr'><strong>leuat.</strong></span> <span class='ocrx_word' id='word_1_613' title='bbox 2955 4208 3059 4267; x_wconf 84' lang='lat' dir='ltr'><strong>Per</strong></span> <span class='ocrx_word' id='word_1_614' title='bbox 3097 4205 3449 4271; x_wconf 83' lang='lat' dir='ltr'><strong>fundamenta</strong></span> 
     </span>
    </p>
   </div>
   <div class='ocr_carea' id='block_1_88' title="bbox 1881 4299 3444 4375">
    <p class='ocr_par' dir='ltr' id='par_1_88' title="bbox 1881 4299 3444 4375">
     <span class='ocr_line' id='line_1_88' title="bbox 1881 4299 3444 4375; baseline -0.01 -10"><span class='ocrx_word' id='word_1_615' title='bbox 1881 4308 2032 4365; x_wconf 91' lang='lat' dir='ltr'><strong>orbis</strong></span> <span class='ocrx_word' id='word_1_616' title='bbox 2081 4316 2349 4362; x_wconf 84' lang='lat' dir='ltr'><strong>terrarum</strong></span> <span class='ocrx_word' id='word_1_617' title='bbox 2397 4305 2671 4375; x_wconf 86' lang='lat' dir='ltr'><strong>intelligas</strong></span> <span class='ocrx_word' id='word_1_618' title='bbox 2724 4302 3006 4375; x_wconf 56' lang='lat' dir='ltr'><strong>sapientiae</strong></span> <span class='ocrx_word' id='word_1_619' title='bbox 3050 4299 3143 4355; x_wconf 93' lang='lat' dir='ltr'><strong>Dei</strong></span> <span class='ocrx_word' id='word_1_620' title='bbox 3194 4299 3444 4357; x_wconf 88' lang='lat' dir='ltr'><strong>virtutes,</strong></span> 
     </span>
    </p>
   </div>
   <div class='ocr_carea' id='block_1_89' title="bbox 1882 4390 3451 4472">
    <p class='ocr_par' dir='ltr' id='par_1_89' title="bbox 1882 4390 3451 4472">
     <span class='ocr_line' id='line_1_89' title="bbox 1882 4390 3451 4472; baseline -0.01 -17"><span class='ocrx_word' id='word_1_621' title='bbox 1882 4400 2081 4472; x_wconf 81' lang='lat' dir='ltr'><strong>quibus</strong></span> <span class='ocrx_word' id='word_1_622' title='bbox 2108 4398 2237 4453; x_wconf 91' lang='lat' dir='ltr'><strong>olim</strong></span> <span class='ocrx_word' id='word_1_623' title='bbox 2268 4397 2526 4459; x_wconf 87' lang='lat' dir='ltr'><strong>universa</strong></span> <span class='ocrx_word' id='word_1_624' title='bbox 2555 4410 2740 4459; x_wconf 87' lang='lat' dir='ltr'><strong>rerum</strong></span> <span class='ocrx_word' id='word_1_625' title='bbox 2778 4400 2975 4454; x_wconf 85' lang='lat' dir='ltr'><strong>natura</strong></span> <span class='ocrx_word' id='word_1_626' title='bbox 2999 4390 3224 4445; x_wconf 88' lang='lat' dir='ltr'><strong>fundata</strong></span> <span class='ocrx_word' id='word_1_627' title='bbox 3252 4395 3331 4443; x_wconf 89' lang='lat' dir='ltr'><strong>est</strong></span> <span class='ocrx_word' id='word_1_628' title='bbox 3356 4426 3370 4452; x_wconf 94' lang='lat'><strong>,</strong></span> <span class='ocrx_word' id='word_1_629' title='bbox 3396 4393 3451 4440; x_wconf 83' lang='lat' dir='ltr'><strong>et</strong></span> 
     </span>
    </p>
   </div>
   <div class='ocr_carea' id='block_1_90' title="bbox 201 4480 1771 4591">
    <p class='ocr_par' dir='ltr' id='par_1_90' title="bbox 201 4480 1771 4561">
     <span class='ocr_line' id='line_1_90' title="bbox 201 4480 1771 4561; baseline 0.003 -25"><span class='ocrx_word' id='word_1_630' title='bbox 201 4498 350 4536; x_wconf 86' lang='grc' dir='ltr'>πασα</span> <span class='ocrx_word' id='word_1_631' title='bbox 376 4480 550 4545; x_wconf 83' lang='grc' dir='ltr'>κτίσις</span> <span class='ocrx_word' id='word_1_632' title='bbox 582 4482 961 4555; x_wconf 85' lang='grc' dir='ltr'>τεθεμελίωτο,</span> <span class='ocrx_word' id='word_1_633' title='bbox 991 4485 1084 4539; x_wconf 70' lang='grc' dir='ltr'><strong>κα)⁸</strong></span> <span class='ocrx_word' id='word_1_634' title='bbox 1117 4485 1253 4555; x_wconf 85' lang='grc' dir='ltr'>μετὰ</span> <span class='ocrx_word' id='word_1_635' title='bbox 1280 4486 1453 4541; x_wconf 88' lang='grc' dir='ltr'>ταῦτα</span> <span class='ocrx_word' id='word_1_636' title='bbox 1468 4487 1771 4561; x_wconf 84' lang='grc' dir='ltr'>ὲστερεὼθη</span> 
     </span>
    </p>
   </div>
   <div class='ocr_carea' id='block_1_91' title="bbox 1874 4480 3451 4591">
    <p class='ocr_par' dir='ltr' id='par_1_91' title="bbox 1882 4480 3451 4566">
     <span class='ocr_line' id='line_1_91' title="bbox 1882 4480 3451 4566; baseline -0.012 -14"><span class='ocrx_word' id='word_1_637' title='bbox 1882 4501 2069 4566; x_wconf 87' lang='lat' dir='ltr'><strong>postea</strong></span> <span class='ocrx_word' id='word_1_638' title='bbox 2099 4491 2455 4546; x_wconf 85' lang='lat' dir='ltr'><strong>confirmatus</strong></span> <span class='ocrx_word' id='word_1_639' title='bbox 2486 4495 2571 4543; x_wconf 90' lang='lat' dir='ltr'><strong>est</strong></span> <span class='ocrx_word' id='word_1_640' title='bbox 2616 4487 2790 4555; x_wconf 88' lang='lat' dir='ltr'><strong>orbis,</strong></span> <span class='ocrx_word' id='word_1_641' title='bbox 2817 4485 2913 4555; x_wconf 89' lang='lat' dir='ltr'><strong>qui</strong></span> <span class='ocrx_word' id='word_1_642' title='bbox 2944 4499 3053 4539; x_wconf 90' lang='lat' dir='ltr'><strong>non</strong></span> <span class='ocrx_word' id='word_1_643' title='bbox 3084 4480 3451 4538; x_wconf 89' lang='lat' dir='ltr'><strong>commovebi-</strong></span> 
     </span>
    </p>
   </div>
   <div class='ocr_carea' id='block_1_92' title="bbox 203 4572 1775 4650">
    <p class='ocr_par' dir='ltr' id='par_1_92' title="bbox 203 4572 1775 4650">
     <span class='ocr_line' id='line_1_92' title="bbox 203 4572 1775 4650; baseline 0.004 -26"><span class='ocrx_word' id='word_1_644' title='bbox 203 4572 239 4643; x_wconf 78' lang='grc' dir='ltr'><strong>ἡ</strong></span> <span class='ocrx_word' id='word_1_645' title='bbox 267 4572 583 4642; x_wconf 76' lang='grc' dir='ltr'>οἰκουμένη,</span> <span class='ocrx_word' id='word_1_646' title='bbox 635 4574 756 4644; x_wconf 76' lang='grc' dir='ltr'>ἥτις</span> <span class='ocrx_word' id='word_1_647' title='bbox 819 4575 879 4627; x_wconf 81' lang='grc' dir='ltr'>οὐ</span> <span class='ocrx_word' id='word_1_648' title='bbox 932 4575 1339 4647; x_wconf 80' lang='grc' dir='ltr'>σαλευθήσεται.</span> <span class='ocrx_word' id='word_1_649' title='bbox 1371 4578 1433 4641; x_wconf 85' lang='grc' dir='ltr'><strong>Εἰ</strong></span> <span class='ocrx_word' id='word_1_650' title='bbox 1458 4577 1516 4630; x_wconf 82' lang='grc' dir='ltr'>δὲ</span> <span class='ocrx_word' id='word_1_651' title='bbox 1548 4579 1643 4631; x_wconf 77' lang='grc' dir='ltr'>καὶ</span> <span class='ocrx_word' id='word_1_652' title='bbox 1672 4579 1775 4650; x_wconf 80' lang='grc' dir='ltr'><strong>τὴν</strong></span> 
     </span>
    </p>
   </div>
   <div class='ocr_carea' id='block_1_93' title="bbox 216 4661 1775 4746">
    <p class='ocr_par' dir='ltr' id='par_1_93' title="bbox 216 4661 1775 4746">
     <span class='ocr_line' id='line_1_93' title="bbox 216 4661 1775 4746; baseline 0.006 -31"><span class='ocrx_word' id='word_1_653' title='bbox 216 4661 539 4733; x_wconf 84' lang='grc' dir='ltr'>Ἐκκλησίαν</span> <span class='ocrx_word' id='word_1_654' title='bbox 563 4664 655 4715; x_wconf 88' lang='grc' dir='ltr'><strong>τοῦ</strong></span> <span class='ocrx_word' id='word_1_655' title='bbox 691 4665 822 4719; x_wconf 82' lang='grc' dir='ltr'>Θεοῦ</span> <span class='ocrx_word' id='word_1_656' title='bbox 857 4666 952 4737; x_wconf 83' lang='grc' dir='ltr'><strong>τὴν</strong></span> <span class='ocrx_word' id='word_1_657' title='bbox 998 4668 1318 4746; x_wconf 64' lang='grc' dir='ltr'>οἰκουμένην</span> <span class='ocrx_word' id='word_1_658' title='bbox 1365 4668 1567 4733; x_wconf 75' lang='grc' dir='ltr'>ἐθέλοις</span> <span class='ocrx_word' id='word_1_659' title='bbox 1615 4673 1775 4725; x_wconf 59' lang='grc' dir='ltr'>νοεῖν</span> 
     </span>
    </p>
   </div>
   <div class='ocr_carea' id='block_1_94' title="bbox 203 4752 1777 4830">
    <p class='ocr_par' dir='ltr' id='par_1_94' title="bbox 203 4752 1777 4830">
     <span class='ocr_line' id='line_1_94' title="bbox 203 4752 1777 4830; baseline 0.004 -23"><span class='ocrx_word' id='word_1_660' title='bbox 203 4752 453 4824; x_wconf 82' lang='grc' dir='ltr'>θεμέλιον</span> <span class='ocrx_word' id='word_1_661' title='bbox 483 4753 539 4806; x_wconf 82' lang='grc' dir='ltr'>δὲ</span> <span class='ocrx_word' id='word_1_662' title='bbox 572 4754 741 4825; x_wconf 80' lang='grc' dir='ltr'>αὐτῆς</span> <span class='ocrx_word' id='word_1_663' title='bbox 766 4756 979 4827; x_wconf 86' lang='grc' dir='ltr'>πρῶτον</span> <span class='ocrx_word' id='word_1_664' title='bbox 1007 4759 1105 4828; x_wconf 86' lang='grc' dir='ltr'><strong>μὲν</strong></span> <span class='ocrx_word' id='word_1_665' title='bbox 1130 4758 1228 4828; x_wconf 81' lang='grc' dir='ltr'><strong>τὴν</strong></span> <span class='ocrx_word' id='word_1_666' title='bbox 1261 4759 1479 4830; x_wconf 68' lang='grc' dir='ltr'>ἀρραγῆ</span> <span class='ocrx_word' id='word_1_667' title='bbox 1531 4761 1625 4813; x_wconf 76' lang='grc' dir='ltr'>καὶ</span> <span class='ocrx_word' id='word_1_668' title='bbox 1656 4778 1777 4814; x_wconf 90' lang='grc' dir='ltr'>στε-</span> 
     </span>
    </p>
   </div>
   <div class='ocr_carea' id='block_1_95' title="bbox 211 4842 1777 4923">
    <p class='ocr_par' dir='ltr' id='par_1_95' title="bbox 211 4842 1777 4923">
     <span class='ocr_line' id='line_1_95' title="bbox 211 4842 1777 4923; baseline 0.006 -25"><span class='ocrx_word' id='word_1_669' title='bbox 211 4846 335 4914; x_wconf 80' lang='grc' dir='ltr'>ρεὰν</span> <span class='ocrx_word' id='word_1_670' title='bbox 357 4847 583 4915; x_wconf 83' lang='grc' dir='ltr'>πέτραν,</span> <span class='ocrx_word' id='word_1_671' title='bbox 620 4847 702 4916; x_wconf 74' lang='grc' dir='ltr'><strong>ἐφ’</strong></span> <span class='ocrx_word' id='word_1_672' title='bbox 803 4849 1139 4920; x_wconf 80' lang='grc' dir='ltr'>ᾠκοδόμηται</span> <span class='ocrx_word' id='word_1_673' title='bbox 1185 4851 1325 4915; x_wconf 81' lang='grc' dir='ltr'>κατὰ</span> <span class='ocrx_word' id='word_1_674' title='bbox 1350 4853 1429 4904; x_wconf 85' lang='grc' dir='ltr'><strong>τό·</strong></span> <span class='ocrx_word' id='word_1_675' title='bbox 1486 4854 1609 4907; x_wconf 78' lang='grc' dir='ltr'><strong>Ἐπὶ</strong></span> <span class='ocrx_word' id='word_1_676' title='bbox 1662 4854 1777 4923; x_wconf 80' lang='grc' dir='ltr'>τὴν</span> 
     </span>
    </p>
   </div>
   <div class='ocr_carea' id='block_1_96' title="bbox 207 4933 1775 5009">
    <p class='ocr_par' dir='ltr' id='par_1_96' title="bbox 207 4933 1775 5009">
     <span class='ocr_line' id='line_1_96' title="bbox 207 4933 1775 5009; baseline 0.008 -24"><span class='ocrx_word' id='word_1_677' title='bbox 207 4933 429 5002; x_wconf 74' lang='grc' dir='ltr'>πέτραν</span> <span class='ocrx_word' id='word_1_678' title='bbox 475 4933 844 5003; x_wconf 78' lang='grc' dir='ltr'>οἰκοδομήσω</span> <span class='ocrx_word' id='word_1_679' title='bbox 899 4954 1017 5005; x_wconf 80' lang='grc' dir='ltr'><strong>μου</strong></span> <span class='ocrx_word' id='word_1_680' title='bbox 1071 4938 1185 5007; x_wconf 80' lang='grc' dir='ltr'>τὴν</span> <span class='ocrx_word' id='word_1_681' title='bbox 1245 4940 1632 5009; x_wconf 82' lang='grc' dir='ltr'>Ἐκκλησίαν,</span> <span class='ocrx_word' id='word_1_682' title='bbox 1675 4945 1775 4999; x_wconf 76' lang='grc' dir='ltr'>καὶ</span> 
     </span>
    </p>
   </div>
   <div class='ocr_carea' id='block_1_97' title="bbox 208 5024 1778 5103">
    <p class='ocr_par' dir='ltr' id='par_1_97' title="bbox 208 5024 1778 5103">
     <span class='ocr_line' id='line_1_97' title="bbox 208 5024 1778 5103; baseline 0.008 -26"><span class='ocrx_word' id='word_1_683' title='bbox 208 5027 389 5091; x_wconf 79' lang='grc' dir='ltr'>πύλαι</span> <span class='ocrx_word' id='word_1_684' title='bbox 415 5024 563 5093; x_wconf 82' lang='grc' dir='ltr'>ᾅδου</span> <span class='ocrx_word' id='word_1_685' title='bbox 593 5027 663 5080; x_wconf 83' lang='grc' dir='ltr'>οὐ</span> <span class='ocrx_word' id='word_1_686' title='bbox 705 5034 1186 5097; x_wconf 82' lang='grc' dir='ltr'>κατισχύσουσιν</span> <span class='ocrx_word' id='word_1_687' title='bbox 1234 5032 1443 5102; x_wconf 84' lang='grc' dir='ltr'>αὐτῆς.</span> <span class='ocrx_word' id='word_1_688' title='bbox 1505 5035 1565 5091; x_wconf 80' lang='grc' dir='ltr'><strong>Ἠ</strong></span> <span class='ocrx_word' id='word_1_689' title='bbox 1592 5034 1778 5103; x_wconf 77' lang='grc' dir='ltr'>πέτρα</span> 
     </span>
    </p>
   </div>
   <div class='ocr_carea' id='block_1_98' title="bbox 208 5112 1777 5200">
    <p class='ocr_par' dir='ltr' id='par_1_98' title="bbox 208 5112 1777 5200">
     <span class='ocr_line' id='line_1_98' title="bbox 208 5112 1777 5200; baseline 0.011 -33"><span class='ocrx_word' id='word_1_690' title='bbox 208 5112 274 5168; x_wconf 86' lang='grc' dir='ltr'>δὲ</span> <span class='ocrx_word' id='word_1_691' title='bbox 296 5116 374 5185; x_wconf 80' lang='grc' dir='ltr'>ἦν</span> <span class='ocrx_word' id='word_1_692' title='bbox 400 5121 433 5172; x_wconf 83' lang='grc' dir='ltr'><em>ὀ</em></span> <span class='ocrx_word' id='word_1_693' title='bbox 462 5120 733 5185; x_wconf 84' lang='grc' dir='ltr'>Χριστός·</span> <span class='ocrx_word' id='word_1_694' title='bbox 790 5119 822 5189; x_wconf 86' lang='grc' dir='ltr'>ἢ</span> <span class='ocrx_word' id='word_1_695' title='bbox 861 5120 999 5175; x_wconf 74' lang='grc' dir='ltr'>κατὰ</span> <span class='ocrx_word' id='word_1_696' title='bbox 1033 5122 1122 5175; x_wconf 76' lang='grc' dir='ltr'><strong>τὸν</strong></span> <span class='ocrx_word' id='word_1_697' title='bbox 1162 5124 1502 5192; x_wconf 81' lang='grc' dir='ltr'>Ἀπόστολον,</span> <span class='ocrx_word' id='word_1_698' title='bbox 1559 5129 1686 5200; x_wconf 82' lang='grc' dir='ltr'>περὶ</span> <span class='ocrx_word' id='word_1_699' title='bbox 1716 5125 1777 5184; x_wconf 83' lang='grc' dir='ltr'><strong>οῦ</strong></span> 
     </span>
    </p>
   </div>
   <div class='ocr_carea' id='block_1_99' title="bbox 209 5205 1777 5287">
    <p class='ocr_par' dir='ltr' id='par_1_99' title="bbox 209 5205 1777 5287">
     <span class='ocr_line' id='line_1_99' title="bbox 209 5205 1777 5287; baseline 0.009 -27"><span class='ocrx_word' id='word_1_700' title='bbox 209 5205 440 5267; x_wconf 80' lang='grc' dir='ltr'>διδάσκει</span> <span class='ocrx_word' id='word_1_701' title='bbox 473 5211 635 5275; x_wconf 77' lang='grc' dir='ltr'>αὐτὸς</span> <span class='ocrx_word' id='word_1_702' title='bbox 663 5210 855 5279; x_wconf 82' lang='grc' dir='ltr'>λέγων·</span> <span class='ocrx_word' id='word_1_703' title='bbox 891 5214 1174 5282; x_wconf 86' lang='grc' dir='ltr'>Θεμέλιον</span> <span class='ocrx_word' id='word_1_704' title='bbox 1218 5217 1328 5287; x_wconf 78' lang='grc' dir='ltr'><strong>γὰρ</strong></span> <span class='ocrx_word' id='word_1_705' title='bbox 1356 5218 1550 5273; x_wconf 79' lang='grc' dir='ltr'>ἄλλον</span> <span class='ocrx_word' id='word_1_706' title='bbox 1580 5219 1777 5287; x_wconf 80' lang='grc' dir='ltr'>οὐδεὶς</span> 
     </span>
    </p>
   </div>
   <div class='ocr_carea' id='block_1_100' title="bbox 211 5297 1777 5381">
    <p class='ocr_par' dir='ltr' id='par_1_100' title="bbox 211 5297 1777 5381">
     <span class='ocr_line' id='line_1_100' title="bbox 211 5297 1777 5381; baseline 0.011 -32"><span class='ocrx_word' id='word_1_707' title='bbox 211 5297 449 5355; x_wconf 83' lang='grc' dir='ltr'>δύναται</span> <span class='ocrx_word' id='word_1_708' title='bbox 496 5304 683 5360; x_wconf 84' lang='grc' dir='ltr'>θεῖναι</span> <span class='ocrx_word' id='word_1_709' title='bbox 750 5303 909 5373; x_wconf 67' lang='grc' dir='ltr'>παρὰ</span> <span class='ocrx_word' id='word_1_710' title='bbox 961 5306 1068 5360; x_wconf 83' lang='grc' dir='ltr'>τὸν</span> <span class='ocrx_word' id='word_1_711' title='bbox 1144 5308 1435 5379; x_wconf 79' lang='grc' dir='ltr'>κείμενον,</span> <span class='ocrx_word' id='word_1_712' title='bbox 1494 5312 1561 5381; x_wconf 83' lang='grc' dir='ltr'>ὅς</span> <span class='ocrx_word' id='word_1_713' title='bbox 1608 5314 1777 5368; x_wconf 83' lang='grc' dir='ltr'>ἐστιν</span> 
     </span>
    </p>
   </div>
   <div class='ocr_carea' id='block_1_101' title="bbox 226 5390 1775 5475">
    <p class='ocr_par' dir='ltr' id='par_1_101' title="bbox 226 5390 1775 5475">
     <span class='ocr_line' id='line_1_101' title="bbox 226 5390 1775 5475; baseline 0.01 -30"><span class='ocrx_word' id='word_1_714' title='bbox 226 5390 452 5462; x_wconf 76' lang='grc' dir='ltr'>Ἰησοῦς</span> <span class='ocrx_word' id='word_1_715' title='bbox 519 5398 786 5464; x_wconf 80' lang='grc' dir='ltr'>Χριστός·</span> <span class='ocrx_word' id='word_1_716' title='bbox 839 5394 957 5452; x_wconf 84' lang='grc' dir='ltr'>εἶτα</span> <span class='ocrx_word' id='word_1_717' title='bbox 1026 5399 1143 5471; x_wconf 82' lang='grc' dir='ltr'>μετ’</span> <span class='ocrx_word' id='word_1_718' title='bbox 1194 5402 1354 5455; x_wconf 70' lang='grc' dir='ltr'>αὑτὸν</span> <span class='ocrx_word' id='word_1_719' title='bbox 1406 5402 1643 5474; x_wconf 80' lang='grc' dir='ltr'>θεμέλιοι</span> <span class='ocrx_word' id='word_1_720' title='bbox 1676 5404 1775 5475; x_wconf 84' lang='grc' dir='ltr'>τῆς</span> 
     </span>
    </p>
   </div>
   <div class='ocr_carea' id='block_1_102' title="bbox 226 5481 1777 5563">
    <p class='ocr_par' dir='ltr' id='par_1_102' title="bbox 226 5481 1777 5563">
     <span class='ocr_line' id='line_1_102' title="bbox 226 5481 1777 5563; baseline 0.01 -28"><span class='ocrx_word' id='word_1_721' title='bbox 226 5481 541 5558; x_wconf 77' lang='grc' dir='ltr'>Ἐκκλησίας</span> <span class='ocrx_word' id='word_1_722' title='bbox 569 5490 896 5562; x_wconf 68' lang='grc' dir='ltr'>προφητικοὶ</span> <span class='ocrx_word' id='word_1_723' title='bbox 945 5492 1039 5544; x_wconf 76' lang='grc' dir='ltr'>καὶ</span> <span class='ocrx_word' id='word_1_724' title='bbox 1068 5492 1413 5547; x_wconf 84' lang='grc' dir='ltr'>ἀποστολικοὶ</span> <span class='ocrx_word' id='word_1_725' title='bbox 1463 5494 1608 5563; x_wconf 81' lang='grc' dir='ltr'>λόγοι</span> <span class='ocrx_word' id='word_1_726' title='bbox 1638 5496 1777 5550; x_wconf 76' lang='grc' dir='ltr'>κατὰ</span> 
     </span>
    </p>
   </div>
   <div class='ocr_carea' id='block_1_103' title="bbox 216 5570 1774 5657">
    <p class='ocr_par' dir='ltr' id='par_1_103' title="bbox 216 5570 1774 5657">
     <span class='ocr_line' id='line_1_103' title="bbox 216 5570 1774 5657; baseline 0.012 -33"><span class='ocrx_word' id='word_1_727' title='bbox 216 5570 300 5627; x_wconf 82' lang='grc' dir='ltr'><strong>τὸν</strong></span> <span class='ocrx_word' id='word_1_728' title='bbox 343 5577 661 5635; x_wconf 78' lang='grc' dir='ltr'>Ἀπὸστολον</span> <span class='ocrx_word' id='word_1_729' title='bbox 730 5584 997 5653; x_wconf 73' lang='grc' dir='ltr'>φήσανταο</span> <span class='ocrx_word' id='word_1_730' title='bbox 1046 5585 1640 5657; x_wconf 80' lang='grc' dir='ltr'>Ἐποικοδομηθέντες</span> <span class='ocrx_word' id='word_1_731' title='bbox 1676 5590 1774 5643; x_wconf 75' lang='grc' dir='ltr'><strong>ἐπὶ</strong></span> 
     </span>
    </p>
   </div>
   <div class='ocr_carea' id='block_1_104' title="bbox 1881 4573 3450 4659">
    <p class='ocr_par' dir='ltr' id='par_1_104' title="bbox 1881 4573 3450 4659">
     <span class='ocr_line' id='line_1_104' title="bbox 1881 4573 3450 4659; baseline -0.006 -17"><span class='ocrx_word' id='word_1_732' title='bbox 1881 4597 1991 4642; x_wconf 89' lang='lat' dir='ltr'><strong>tur.</strong></span> <span class='ocrx_word' id='word_1_733' title='bbox 2025 4584 2178 4659; x_wconf 78' lang='lat' dir='ltr'><strong>Quod</strong></span> <span class='ocrx_word' id='word_1_734' title='bbox 2225 4584 2272 4640; x_wconf 88' lang='lat' dir='ltr'><strong>si</strong></span> <span class='ocrx_word' id='word_1_735' title='bbox 2309 4598 2405 4652; x_wconf 82' lang='lat' dir='ltr'><strong>per</strong></span> <span class='ocrx_word' id='word_1_736' title='bbox 2443 4581 2631 4636; x_wconf 90' lang='lat' dir='ltr'><strong>orbem</strong></span> <span class='ocrx_word' id='word_1_737' title='bbox 2683 4588 2977 4643; x_wconf 90' lang='lat' dir='ltr'><strong>terrarum,</strong></span> <span class='ocrx_word' id='word_1_738' title='bbox 3028 4574 3327 4633; x_wconf 89' lang='lat' dir='ltr'><strong>Ecclesiam</strong></span> <span class='ocrx_word' id='word_1_739' title='bbox 3356 4573 3450 4632; x_wconf 84' lang='lat' dir='ltr'><strong>Dei</strong></span> 
     </span>
    </p>
   </div>
   <div class='ocr_carea' id='block_1_105' title="bbox 1880 4667 3449 4747">
    <p class='ocr_par' dir='ltr' id='par_1_105' title="bbox 1880 4667 3449 4747">
     <span class='ocr_line' id='line_1_105' title="bbox 1880 4667 3449 4747; baseline -0.006 -16"><span class='ocrx_word' id='word_1_740' title='bbox 1880 4678 2051 4747; x_wconf 88' lang='lat' dir='ltr'><strong>accipi</strong></span> <span class='ocrx_word' id='word_1_741' title='bbox 2074 4674 2230 4739; x_wconf 87' lang='lat' dir='ltr'><strong>velis,</strong></span> <span class='ocrx_word' id='word_1_742' title='bbox 2268 4689 2331 4728; x_wconf 88' lang='lat' dir='ltr'><strong>ac</strong></span> <span class='ocrx_word' id='word_1_743' title='bbox 2357 4672 2404 4727; x_wconf 90' lang='lat' dir='ltr'><strong>si</strong></span> <span class='ocrx_word' id='word_1_744' title='bbox 2442 4671 2855 4733; x_wconf 79' lang='lat' dir='ltr'><strong>fundamentum</strong></span> <span class='ocrx_word' id='word_1_745' title='bbox 2892 4669 3011 4739; x_wconf 90' lang='lat' dir='ltr'><strong>ejus</strong></span> <span class='ocrx_word' id='word_1_746' title='bbox 3058 4667 3264 4738; x_wconf 87' lang='lat' dir='ltr'><strong>cogites</strong></span> <span class='ocrx_word' id='word_1_747' title='bbox 3305 4682 3449 4731; x_wconf 78' lang='lat' dir='ltr'><strong>esse,</strong></span> 
     </span>
    </p>
   </div>
   <div class='ocr_carea' id='block_1_106' title="bbox 1882 4761 3449 4839">
    <p class='ocr_par' dir='ltr' id='par_1_106' title="bbox 1882 4761 3449 4839">
     <span class='ocr_line' id='line_1_106' title="bbox 1882 4761 3449 4839; baseline -0.003 -17"><span class='ocrx_word' id='word_1_748' title='bbox 1882 4770 2056 4839; x_wconf 89' lang='lat' dir='ltr'><strong>primo</strong></span> <span class='ocrx_word' id='word_1_749' title='bbox 2084 4765 2301 4837; x_wconf 83' lang='lat' dir='ltr'><strong>quidem</strong></span> <span class='ocrx_word' id='word_1_750' title='bbox 2354 4764 2642 4827; x_wconf 80' lang='lat' dir='ltr'><strong>infractam</strong></span> <span class='ocrx_word' id='word_1_751' title='bbox 2681 4763 2828 4818; x_wconf 90' lang='lat' dir='ltr'><strong>illam</strong></span> <span class='ocrx_word' id='word_1_752' title='bbox 2862 4770 2915 4817; x_wconf 90' lang='lat' dir='ltr'><strong>et</strong></span> <span class='ocrx_word' id='word_1_753' title='bbox 2961 4761 3191 4818; x_wconf 87' lang='lat' dir='ltr'><strong>solidam</strong></span> <span class='ocrx_word' id='word_1_754' title='bbox 3218 4768 3449 4831; x_wconf 85' lang='lat' dir='ltr'><strong>petram,</strong></span> 
     </span>
    </p>
   </div>
   <div class='ocr_carea' id='block_1_107' title="bbox 1883 4850 3449 4935">
    <p class='ocr_par' dir='ltr' id='par_1_107' title="bbox 1883 4850 3449 4935">
     <span class='ocr_line' id='line_1_107' title="bbox 1883 4850 3449 4935; baseline -0.006 -22"><span class='ocrx_word' id='word_1_755' title='bbox 1883 4862 1938 4913; x_wconf 88' lang='lat' dir='ltr'><strong>in</strong></span> <span class='ocrx_word' id='word_1_756' title='bbox 1967 4874 2073 4935; x_wconf 88' lang='lat' dir='ltr'><strong>qua</strong></span> <span class='ocrx_word' id='word_1_757' title='bbox 2101 4856 2325 4910; x_wconf 86' lang='lat' dir='ltr'><strong>fundata</strong></span> <span class='ocrx_word' id='word_1_758' title='bbox 2353 4862 2455 4922; x_wconf 84' lang='lat' dir='ltr'><strong>est,</strong></span> <span class='ocrx_word' id='word_1_759' title='bbox 2499 4853 2801 4910; x_wconf 89' lang='lat' dir='ltr'><strong>secundum</strong></span> <span class='ocrx_word' id='word_1_760' title='bbox 2853 4852 2986 4908; x_wconf 91' lang='lat' dir='ltr'><strong>illud</strong></span> <span class='ocrx_word' id='word_1_761' title='bbox 3013 4872 3025 4906; x_wconf 87' lang='lat'><strong>:</strong></span> <span class='ocrx_word' id='word_1_762' title='bbox 3052 4850 3225 4921; x_wconf 89' lang='lat' dir='ltr'><strong>Supra</strong></span> <span class='ocrx_word' id='word_1_763' title='bbox 3249 4861 3449 4921; x_wconf 86' lang='lat' dir='ltr'><strong>petram</strong></span> 
     </span>
    </p>
   </div>
   <div class='ocr_carea' id='block_1_108' title="bbox 1885 4935 3451 5019">
    <p class='ocr_par' dir='ltr' id='par_1_108' title="bbox 1885 4935 3451 5019">
     <span class='ocr_line' id='line_1_108' title="bbox 1885 4935 3451 5019; baseline -0.006 -15"><span class='ocrx_word' id='word_1_764' title='bbox 1885 4944 2160 5019; x_wconf 77' lang='lat' dir='ltr'><strong>(ediﬁcabb</strong></span> <span class='ocrx_word' id='word_1_765' title='bbox 2192 4946 2485 5002; x_wconf 85' lang='lat' dir='ltr'><strong>Ecclesiam</strong></span> <span class='ocrx_word' id='word_1_766' title='bbox 2507 4962 2698 5011; x_wconf 85' lang='lat' dir='ltr'><strong>meam,</strong></span> <span class='ocrx_word' id='word_1_767' title='bbox 2727 4955 2775 4999; x_wconf 88' lang='lat' dir='ltr'><strong>et</strong></span> <span class='ocrx_word' id='word_1_768' title='bbox 2796 4952 2964 5013; x_wconf 74' lang='lat' dir='ltr'><strong>portae</strong></span> <span class='ocrx_word' id='word_1_769' title='bbox 3000 4935 3158 5012; x_wconf 79' lang='lat' dir='ltr'><strong>inferi</strong></span> <span class='ocrx_word' id='word_1_770' title='bbox 3180 4959 3284 5009; x_wconf 87' lang='lat' dir='ltr'><strong>non</strong></span> <span class='ocrx_word' id='word_1_771' title='bbox 3312 4958 3451 5013; x_wconf 80' lang='lat' dir='ltr'><strong>pra:-</strong></span> 
     </span>
    </p>
   </div>
   <div class='ocr_carea' id='block_1_109' title="bbox 1885 5034 3453 5109">
    <p class='ocr_par' dir='ltr' id='par_1_109' title="bbox 1885 5034 3453 5109">
     <span class='ocr_line' id='line_1_109' title="bbox 1885 5034 3453 5109; baseline -0.006 -13"><span class='ocrx_word' id='word_1_772' title='bbox 1885 5044 2125 5109; x_wconf 81' lang='lat' dir='ltr'><strong>valebunt</strong></span> <span class='ocrx_word' id='word_1_773' title='bbox 2168 5040 2413 5095; x_wconf 85' lang='lat' dir='ltr'><strong>adversus</strong></span> <span class='ocrx_word' id='word_1_774' title='bbox 2453 5056 2569 5093; x_wconf 76' lang='lat' dir='ltr'><strong>eam</strong></span> <span class='ocrx_word' id='word_1_775' title='bbox 2603 5039 2671 5093; x_wconf 71' lang='lat'><strong>‘9.</strong></span> <span class='ocrx_word' id='word_1_776' title='bbox 2707 5037 2870 5093; x_wconf 81' lang='lat' dir='ltr'><strong>Petra</strong></span> <span class='ocrx_word' id='word_1_777' title='bbox 2934 5046 3109 5090; x_wconf 88' lang='lat' dir='ltr'><strong>autem</strong></span> <span class='ocrx_word' id='word_1_778' title='bbox 3148 5045 3261 5089; x_wconf 86' lang='lat' dir='ltr'><strong>erat</strong></span> <span class='ocrx_word' id='word_1_779' title='bbox 3302 5034 3453 5089; x_wconf 85' lang='lat' dir='ltr'><strong>Chri-</strong></span> 
     </span>
    </p>
   </div>
   <div class='ocr_carea' id='block_1_110' title="bbox 1883 5123 3454 5202">
    <p class='ocr_par' dir='ltr' id='par_1_110' title="bbox 1883 5123 3454 5202">
     <span class='ocr_line' id='line_1_110' title="bbox 1883 5123 3454 5202; baseline -0.008 -14"><span class='ocrx_word' id='word_1_780' title='bbox 1883 5145 1995 5189; x_wconf 83' lang='lat' dir='ltr'><strong>stus</strong></span> <span class='ocrx_word' id='word_1_781' title='bbox 2015 5135 2097 5202; x_wconf 60' lang='lat'><strong>7°;</strong></span> <span class='ocrx_word' id='word_1_782' title='bbox 2126 5142 2220 5186; x_wconf 88' lang='lat' dir='ltr'><strong>aut</strong></span> <span class='ocrx_word' id='word_1_783' title='bbox 2252 5131 2621 5201; x_wconf 83' lang='lat' dir='ltr'><strong>utApostolus</strong></span> <span class='ocrx_word' id='word_1_784' title='bbox 2676 5129 2887 5184; x_wconf 87' lang='lat' dir='ltr'><strong>indicat</strong></span> <span class='ocrx_word' id='word_1_785' title='bbox 2927 5129 3013 5184; x_wconf 87' lang='lat' dir='ltr'><strong>his</strong></span> <span class='ocrx_word' id='word_1_786' title='bbox 3046 5126 3229 5183; x_wconf 89' lang='lat' dir='ltr'><strong>verbis</strong></span> <span class='ocrx_word' id='word_1_787' title='bbox 3260 5147 3273 5181; x_wconf 93' lang='lat'>:</span> <span class='ocrx_word' id='word_1_788' title='bbox 3310 5123 3454 5178; x_wconf 78' lang='lat' dir='ltr'><strong>Fun-</strong></span> 
     </span>
    </p>
   </div>
   <div class='ocr_carea' id='block_1_111' title="bbox 1885 5215 3451 5291">
    <p class='ocr_par' dir='ltr' id='par_1_111' title="bbox 1885 5215 3451 5291">
     <span class='ocr_line' id='line_1_111' title="bbox 1885 5215 3451 5291; baseline -0.008 -13"><span class='ocrx_word' id='word_1_789' title='bbox 1885 5225 2188 5280; x_wconf 81' lang='lat' dir='ltr'><strong>damentum</strong></span> <span class='ocrx_word' id='word_1_790' title='bbox 2221 5224 2360 5277; x_wconf 86' lang='lat' dir='ltr'><strong>enim</strong></span> <span class='ocrx_word' id='word_1_791' title='bbox 2384 5222 2530 5276; x_wconf 89' lang='lat' dir='ltr'><strong>aliud</strong></span> <span class='ocrx_word' id='word_1_792' title='bbox 2572 5238 2719 5277; x_wconf 83' lang='lat' dir='ltr'><strong>nemo</strong></span> <span class='ocrx_word' id='word_1_793' title='bbox 2753 5228 2921 5291; x_wconf 84' lang='lat' dir='ltr'><strong>potest</strong></span> <span class='ocrx_word' id='word_1_794' title='bbox 2953 5237 3160 5291; x_wconf 86' lang='lat' dir='ltr'><strong>ponere,</strong></span> <span class='ocrx_word' id='word_1_795' title='bbox 3186 5229 3376 5288; x_wconf 77' lang='lat' dir='ltr'><strong>prwter</strong></span> <span class='ocrx_word' id='word_1_796' title='bbox 3398 5215 3451 5269; x_wconf 82' lang='lat' dir='ltr'><strong>id</strong></span> 
     </span>
    </p>
   </div>
   <div class='ocr_carea' id='block_1_112' title="bbox 1882 5310 3452 5386">
    <p class='ocr_par' dir='ltr' id='par_1_112' title="bbox 1882 5310 3452 5386">
     <span class='ocr_line' id='line_1_112' title="bbox 1882 5310 3452 5386; baseline -0.008 -17"><span class='ocrx_word' id='word_1_797' title='bbox 1882 5315 2020 5386; x_wconf 88' lang='lat' dir='ltr'><strong>quod</strong></span> <span class='ocrx_word' id='word_1_798' title='bbox 2056 5316 2284 5385; x_wconf 85' lang='lat' dir='ltr'><strong>positum</strong></span> <span class='ocrx_word' id='word_1_799' title='bbox 2314 5324 2411 5379; x_wconf 82' lang='lat' dir='ltr'><strong>est,</strong></span> <span class='ocrx_word' id='word_1_800' title='bbox 2430 5312 2565 5385; x_wconf 85' lang='lat' dir='ltr'><strong>quod</strong></span> <span class='ocrx_word' id='word_1_801' title='bbox 2590 5323 2667 5368; x_wconf 84' lang='lat' dir='ltr'><strong>est</strong></span> <span class='ocrx_word' id='word_1_802' title='bbox 2698 5312 2941 5369; x_wconf 87' lang='lat' dir='ltr'><strong>Christus</strong></span> <span class='ocrx_word' id='word_1_803' title='bbox 2961 5313 3115 5366; x_wconf 85' lang='lat' dir='ltr'><strong>Jesus</strong></span> <span class='ocrx_word' id='word_1_804' title='bbox 3133 5310 3178 5341; x_wconf 74' lang='grc' dir='ltr'>τί</span> <span class='ocrx_word' id='word_1_805' title='bbox 3203 5325 3219 5361; x_wconf 88' lang='grc'><em>;</em></span> <span class='ocrx_word' id='word_1_806' title='bbox 3245 5323 3307 5361; x_wconf 89' lang='lat' dir='ltr'><strong>ac</strong></span> <span class='ocrx_word' id='word_1_807' title='bbox 3331 5313 3452 5374; x_wconf 86' lang='lat' dir='ltr'><strong>post</strong></span> 
     </span>
    </p>
   </div>
   <div class='ocr_carea' id='block_1_113' title="bbox 1884 5398 3449 5478">
    <p class='ocr_par' dir='ltr' id='par_1_113' title="bbox 1884 5398 3449 5478">
     <span class='ocr_line' id='line_1_113' title="bbox 1884 5398 3449 5478; baseline -0.01 -16"><span class='ocrx_word' id='word_1_808' title='bbox 1884 5409 2063 5478; x_wconf 88' lang='lat' dir='ltr'><strong>ipsum</strong></span> <span class='ocrx_word' id='word_1_809' title='bbox 2094 5405 2429 5463; x_wconf 87' lang='lat' dir='ltr'><strong>Salvatorem</strong></span> <span class='ocrx_word' id='word_1_810' title='bbox 2487 5407 2841 5462; x_wconf 86' lang='lat' dir='ltr'><strong>fundamenta</strong></span> <span class='ocrx_word' id='word_1_811' title='bbox 2872 5403 3129 5459; x_wconf 66' lang='lat' dir='ltr'><strong>Ecclesia:</strong></span> <span class='ocrx_word' id='word_1_812' title='bbox 3172 5398 3449 5453; x_wconf 76' lang='lat' dir='ltr'><strong>existimes</strong></span> 
     </span>
    </p>
   </div>
   <div class='ocr_carea' id='block_1_114' title="bbox 1883 5487 3447 5573">
    <p class='ocr_par' dir='ltr' id='par_1_114' title="bbox 1883 5487 3447 5573">
     <span class='ocr_line' id='line_1_114' title="bbox 1883 5487 3447 5573; baseline -0.01 -19"><span class='ocrx_word' id='word_1_813' title='bbox 1883 5514 2005 5555; x_wconf 90' lang='lat' dir='ltr'><strong>esse</strong></span> <span class='ocrx_word' id='word_1_814' title='bbox 2025 5500 2371 5570; x_wconf 84' lang='lat' dir='ltr'><strong>propheticos</strong></span> <span class='ocrx_word' id='word_1_815' title='bbox 2392 5506 2445 5553; x_wconf 89' lang='lat' dir='ltr'><strong>et</strong></span> <span class='ocrx_word' id='word_1_816' title='bbox 2469 5497 2798 5573; x_wconf 84' lang='lat' dir='ltr'><strong>apostolicos</strong></span> <span class='ocrx_word' id='word_1_817' title='bbox 2821 5510 3121 5556; x_wconf 89' lang='lat' dir='ltr'><strong>sermones,</strong></span> <span class='ocrx_word' id='word_1_818' title='bbox 3147 5487 3447 5546; x_wconf 80' lang='lat' dir='ltr'><strong>secundum</strong></span> 
     </span>
    </p>
   </div>
   <div class='ocr_carea' id='block_1_115' title="bbox 1882 5581 3451 5662">
    <p class='ocr_par' dir='ltr' id='par_1_115' title="bbox 1882 5581 3451 5662">
     <span class='ocr_line' id='line_1_115' title="bbox 1882 5581 3451 5662; baseline -0.007 -17"><span class='ocrx_word' id='word_1_819' title='bbox 1882 5590 2126 5662; x_wconf 87' lang='lat' dir='ltr'><strong>Apostoli</strong></span> <span class='ocrx_word' id='word_1_820' title='bbox 2150 5591 2353 5646; x_wconf 88' lang='lat' dir='ltr'><strong>dictum</strong></span> <span class='ocrx_word' id='word_1_821' title='bbox 2385 5587 2840 5659; x_wconf 74' lang='lat' dir='ltr'><strong>:Supera&#39;di/icati</strong></span> <span class='ocrx_word' id='word_1_822' title='bbox 2868 5602 3020 5656; x_wconf 86' lang='lat' dir='ltr'><strong>super</strong></span> <span class='ocrx_word' id='word_1_823' title='bbox 3052 5581 3451 5657; x_wconf 71' lang='lat' dir='ltr'><strong>fundamentum</strong></span> 
     </span>
    </p>
   </div>
   <div class='ocr_carea' id='block_1_116' title="bbox 291 5752 1771 5849">
    <p class='ocr_par' dir='ltr' id='par_1_116' title="bbox 291 5752 1771 5834">
     <span class='ocr_line' id='line_1_116' title="bbox 291 5752 1771 5834; baseline 0.009 -26"><span class='ocrx_word' id='word_1_824' title='bbox 291 5752 519 5814; x_wconf 64' lang='lat' dir='ltr'><strong>“Exod.</strong></span> <span class='ocrx_word' id='word_1_825' title='bbox 548 5775 621 5825; x_wconf 78' lang='grc' dir='ltr'><strong>ιι,</strong></span> <span class='ocrx_word' id='word_1_826' title='bbox 651 5759 739 5827; x_wconf 70' lang='grc'><strong>25,</strong></span> <span class='ocrx_word' id='word_1_827' title='bbox 773 5760 864 5818; x_wconf 63' lang='lat'><strong>25.</strong></span> <span class='ocrx_word' id='word_1_828' title='bbox 941 5763 983 5796; x_wconf 65' lang='grc' dir='ltr'><strong>τ’</strong></span> <span class='ocrx_word' id='word_1_829' title='bbox 1006 5761 1196 5825; x_wconf 81' lang='lat' dir='ltr'><strong>Matth.</strong></span> <span class='ocrx_word' id='word_1_830' title='bbox 1236 5780 1345 5834; x_wconf 75' lang='lat' dir='ltr'><strong>xvi,</strong></span> <span class='ocrx_word' id='word_1_831' title='bbox 1384 5764 1466 5821; x_wconf 88' lang='lat' dir='ltr'><strong>l8.</strong></span> <span class='ocrx_word' id='word_1_832' title='bbox 1543 5765 1586 5797; x_wconf 81' lang='grc' dir='ltr'><strong>⁷ο</strong></span> <span class='ocrx_word' id='word_1_833' title='bbox 1614 5765 1633 5820; x_wconf 86' lang='grc' dir='ltr'><strong>ι</strong></span> <span class='ocrx_word' id='word_1_834' title='bbox 1666 5764 1771 5822; x_wconf 88' lang='lat' dir='ltr'><strong>Cor</strong></span> 
     </span>
    </p>
   </div>
   <div class='ocr_carea' id='block_1_117' title="bbox 1874 5752 2532 5849">
    <p class='ocr_par' dir='ltr' id='par_1_117' title="bbox 1874 5768 2532 5847">
     <span class='ocr_line' id='line_1_117' title="bbox 1874 5768 2532 5847; baseline -0.017 -11"><span class='ocrx_word' id='word_1_835' title='bbox 1874 5805 1886 5836; x_wconf 75' lang='grc' dir='ltr'><strong>ι</strong></span> <span class='ocrx_word' id='word_1_836' title='bbox 1917 5768 2091 5847; x_wconf 55' lang='grc'><strong>4,,,⁷¹</strong></span> <span class='ocrx_word' id='word_1_837' title='bbox 2117 5768 2136 5824; x_wconf 87' lang='grc'><strong>1</strong></span> <span class='ocrx_word' id='word_1_838' title='bbox 2163 5769 2288 5830; x_wconf 86' lang='lat' dir='ltr'><strong>Cor.</strong></span> <span class='ocrx_word' id='word_1_839' title='bbox 2320 5786 2404 5839; x_wconf 80' lang='lat' dir='ltr'><strong>tu,</strong></span> <span class='ocrx_word' id='word_1_840' title='bbox 2446 5770 2532 5835; x_wconf 82' lang='grc' dir='ltr'>ιι.</span> 
     </span>
    </p>
   </div>
  </div>
