3980 6214
584 293 692 353 1‘15

1270 290 1540 348 unseen
1571 289 2048 348 cassamusrs
2073 291 2225 348 opp.
2266 291 2443 348 rans
2480 290 2568 349 ιιι.
2609 326 2678 335 -
2709 256 3118 350 exessum;

3705 296 3799 352 176

582 410 941 482 apostolorum
964 420 1012 467 et
1037 411 1406 482 prophetarum
1424 411 1537 481 ipso
1567 428 1772 466 summa
1801 412 2129 483 augularila-

2240 412 2319 480 τῷ
2345 415 2594 484 θεμελίῳ
2620 413 2739 469 τῶν
2765 416 3123 471 ἀποστόλων
3150 412 3247 469 καὶ
3282 411 3617 483 προφητῶν,
3636 414 3802 483 ὄντος

578 506 699 577 pide
728 504 940 561 Christo
967 504 1095 560 Iesu
1128 506 1206 571 7’;
1266 519 1611 575 nequaquam
1646 519 1677 558 a
1709 506 1955 561 veritatis
1977 518 2144 577 scopo

579 596 938 653 aberraveris.
967 595 1092 650 Haec
1124 595 1288 666 igitur
1327 596 1478 652 orbis
1522 596 1873 652 fundamenta
1907 596 2143 652 revelata

578 701 707 748 sunt
735 708 748 743 :
779 690 1017 746 inimicis
1052 689 1166 755 Dei,
1193 690 1284 760 qui
1303 690 1430 745 olim
1479 690 1682 745 mentis
1724 699 1925 745 nostra:
1954 690 2142 747 oculos

560 783 1030 865 .obtenebrabant,
1055 790 1115 836 ut
1155 798 1225 837 ne
1247 782 1430 837 divina
1460 782 1658 836 intueri
1683 791 1927 855 possent,
1959 781 2141 838 elimi-

576 876 723 931 natis
747 886 800 931 et
826 875 1044 945 fugatis,
1082 890 1145 929 ac
1168 891 1263 946 per
1288 874 1522 930 emissas
1549 873 1703 930 aDeo
1730 873 1959 946 sagittas
1977 872 2144 930 dissi-

576 967 740 1038 patis,
774 965 1085 1038 fugatisque
1110 969 1179 1024 ab
1205 966 1579 1039 increpatione
1610 965 1824 1022 Domini
1867 977 1920 1024 et
1952 968 2020 1024 ab
2053 968 2141 1022 in-

579 1060 878 1129 spiratione
906 1061 1238 1131 spiritusira‘:
1260 1061 1402 1131 ejus.
1437 1060 1626 1116 Merito
1670 1059 1837 1131 igitur
1859 1075 1922 1115 ac
1948 1073 2142 1116 conse-

576 1162 826 1224 quenter,
847 1154 1003 1210 abiis
1031 1153 1201 1224 erepti
1230 1168 1294 1208 ac
1322 1161 1539 1223 recepto
1563 1153 1850 1209 oculorum
1867 1169 1990 1222 usu,
2022 1152 2143 1208 fon-

574 1252 660 1300 tes
692 1259 957 1315 aquarum
1002 1244 1258 1305 vidimus.
1316 1242 1668 1299 fundamenta
1691 1243 1839 1299 orbis
1869 1250 2139 1299 terrarum

574 1338 944 1407 suspeximus.
981 1334 1134 1402 Quod
1178 1343 1339 1391 aetate
1384 1343 1571 1391 nostra
1610 1334 1664 1389 in
1705 1336 1952 1406 plurimis
1985 1346 2141 1392 terrae

573 1427 823 1498 partibus
844 1428 1044 1483 evenit.

644 1606 811 1666 Vens.
848 1608 1041 1666 17-19.
1089 1608 1237 1664 Misit
1286 1608 1351 1664 de
1392 1624 1597 1664 summa
1661 1616 1712 1663 et
1775 1607 1973 1677 accepit
2038 1624 2137 1675 me,

572 1702 861 1772 assumpsit
882 1717 962 1756 me
986 1699 1050 1755 de
1098 1702 1249 1773 aquis
1278 1702 1480 1756 multis.
1538 1699 1853 1756 Demersum
1905 1715 2141 1772 namque

571 1794 775 1863 ipsum,
798 1799 853 1847 et
884 1792 1041 1862 quasi
1090 1792 1366 1863 captivum
1409 1791 1724 1854 abductum,
1759 1791 2137 1848 universorum

570 1884 715 1941 Deus
739 1891 794 1939 et
830 1882 1012 1951 Pater,
1070 1899 1168 1954 per
1223 1882 1420 1938 Filium
1476 1899 1637 1939 suum
1670 1884 1767 1939 abs
1810 1899 1870 1940 se
1910 1884 2137 1940 missum

570 1979 807 2049 excepit.
831 1976 988 2033 Unde
1028 1986 1210 2033 autem
1260 1980 1553 2049 exceperit,
1596 1978 1825 2034 subinde
1865 1978 2139 2051 signiﬁcat

570 2069 659 2126 luis
673 2069 877 2135 verbis,
912 2074 976 2124 de
991 2070 1357 2140 aquismultis.
1382 2070 1472 2124 Ait
1500 2070 1664 2141 igitur
1698 2070 1862 2125 etiam
1895 2072 1950 2126 in
1977 2085 2137 2128 sexa-

567 2162 777 2233 gesimo
806 2168 1001 2216 octavo
1029 2161 1275 2233 psalmo:
1310 2161 1528 2218 Salvum
1568 2178 1647 2217 me
1678 2162 1785 2233 fac,
1823 2163 1990 2228 Deus,
2017 2180 2142 2235 quo-

571 2253 715 2305 niam
737 2251 1070 2306 intraverunt
1101 2268 1252 2322 aquae
1276 2252 1521 2325 usquead
1549 2255 1786 2309 animam
1826 2271 1995 2309 meam
2020 2272 2039 2311 :
2062 2256 2140 2310 in-

542 2346 709 2409 «ﬁxus
736 2363 853 2401 sum
883 2347 937 2400 in
971 2348 1097 2401 limo
1138 2346 1405 2417 profundi,
1439 2357 1488 2404 et
1512 2360 1707 2405 nonest
1734 2351 2034 2409 substantia
2065 2352 2134 2412 ⁷³.

566 2436 649 2490 Ad
669 2437 782 2491 haec
801 2445 1200 2508 consequenter
1229 2454 1361 2495 sane
1381 2439 1437 2494 in
1467 2440 1720 2511 praesenti
1748 2441 1951 2513 gratias
1971 2457 2137 2513 agens

565 2529 648 2583 sic
674 2529 749 2583 ait
775 2549 789 2584 :
818 2521 1115 2599 Assumpsit
1149 2547 1229 2584 me
1252 2530 1315 2586 de
1334 2532 1483 2603 aquis
1507 2531 1707 2588 multis.
1752 2532 2008 2612 Quasnam
2039 2549 2138 2589 au-

565 2627 675 2673 tem
701 2619 811 2675 sint
837 2636 991 2692 aqua:
1027 2621 1154 2689 illae,
1210 2638 1333 2678 mox
1385 2625 1625 2695 apertius
1682 2624 1890 2680 indicat
1920 2626 2001 2682 sic
2055 2626 2136 2682 lo-

2243 504 2669 576 ἀκρογωνιαίου
2730 506 2916 560 αὐτοῦ
2972 504 3177 572 Ἰησοῦ
3237 504 3490 572 Χριστοῦ
3511 522 3524 535 ο
3594 505 3692 559 οὐκ
3740 506 3803 561 ἂν

2245 594 2400 660 ἐκτὸς
2428 594 2609 668 βάλοις
2636 596 2735 667 τῆς
2764 596 3038 669 ἀληθείας.
3061 595 3225 651 Ταῦτ’
3255 590 3349 651 οὖν
3371 596 3437 651 τὰ
3462 596 3681 668 θεμέλια
3710 599 3804 669 τῆς

2242 688 2565 761 οἰκουμένης
2617 688 3086 759 ἀνεκαλύφθησανο
3136 689 3242 743 τῶν
3290 688 3495 761 ἐχθρῶν
3550 686 3642 741 τοῦ
3675 688 3802 741 Θεοῦ

2241 782 2349 836 τῶν
2389 780 2554 835 πάλαι
2598 780 3020 835 ἐπισκοτούντων
3076 780 3144 834 τὰ
3200 780 3299 853 τῆς
3328 780 3505 852 ψυχῆς
3528 778 3681 851 ἡμῶν
3704 779 3804 851 ϐμ-

2246 892 2389 947 ματα
2411 874 2548 946 πρὸς
2591 874 2651 927 τὸ
2701 873 2775 946 μὴ
2817 874 2886 929 τὰ
2913 874 3032 928 θεῖα
3078 874 3294 947 βλέπειν
3341 876 3405 928 ἐκ
3433 873 3607 927 ποδῶν
3648 891 3803 945 μετα-

2244 964 2500 1030 στάντων,
2555 964 2649 1019 καὶ
2707 969 2821 1029 τοῖς
2865 966 3171 1020 ἀποδοθεῖσι
3222 965 3316 1019 τοῦ
3372 965 3575 1038 Κυρίου
3633 965 3803 1036 βέλεσι

2240 1053 2779 1130 διασκορπισθέντων,
2816 1059 3159 1129 πεφευγότων
3205 1076 3266 1112 τε
3309 1058 3415 1113 ἀπὸ
3445 1060 3801 1130 ἐπιτιμήσεως

2240 1149 2466 1225 Κυρίου,
2499 1152 2593 1205 καὶ
2638 1151 2745 1204 ἀπὸ
2799 1151 3148 1223 ἐμπνεύσεως
3178 1151 3486 1222 πνεύματος
3514 1150 3682 1222 ὀργῆς
3706 1150 3801 1203 αὺ-

2240 1241 2356 1297 τοῦ;
2381 1242 2619 1308 Εἰκότως
2663 1238 2754 1297 οὗν
2783 1243 3236 1316 ἐλευθερωθέντες
3276 1242 3480 1297 τούτων
3511 1243 3669 1313 ἡμεῖς
3713 1243 3805 1322 καὶ

2238 1335 2658 1406 ἀναϐλέψαντες,
2693 1335 3001 1408 τάς“πηγὰς
3027 1336 3134 1390 τῶν
3192 1336 3397 1391 ὑδάτων
3447 1334 3801 1407 ἐθεασάμεθα,

2240 1428 2333 1481 καὶ
2362 1427 2431 1481 τὰ
2451 1428 2671 1500 θεμέλια
2702 1429 2799 1501 τῆς
2831 1430 3151 1500 οἰκουμένης
3195 1430 3643 1499 ἐπωπτεύσαμεν.
3695 1428 3804 1481 Καὶ

2239 1518 2396 1572 τοῦτο
2423 1522 2507 1590 ἐφ’
2540 1523 2573 1592 ἢ
2583 1520 2696 1592 μῶν
2726 1522 2781 1574 ἐν
2809 1521 3019 1585 πολλοῖς
3050 1521 3335 1592 γεγένηται
3369 1520 3642 1593 κλίμασιν.

2258 1622 2261 1623 ⁷
2321 1612 2780 1677 Ἐξαπέστειλεν
2809 1614 2877 1680 ἐξ
2902 1615 3120 1684 ὕψους,
3153 1614 3247 1668 καί
3298 1613 3474 1669 ἔλαϐέ
3499 1630 3597 1683 με,
3624 1627 3805 1682 προσ-

2238 1703 2484 1759 ελάϐετό
2505 1723 2582 1776 με
2601 1706 2670 1772 ἐξ
2710 1706 2944 1761 ὑδάτων
2994 1705 3253 1762 πολλῶν.
3288 1705 3671 1759 Καταποθὼτα
3694 1704 3803 1776 γάρ

2170 1774 2213 1830 Β
2237 1795 2399 1848 αὐτὸν
2428 1774 2523 1849 καλ.
2566 1795 2841 1866 ληφθέντα
2870 1796 3059 1868 ῶσπερ
3085 1795 3428 1867 αἰχμάλωτον
3448 1797 3479 1849 6
3506 1794 3615 1848 τῶν
3668 1774 3803 1848 ὅλων

2238 1885 2369 1950 Θεὸς
2402 1888 2494 1940 καὶ
2510 1886 2715 1959 Πατὴρ,
2731 1886 3112 1952 ἐξαποστείλας
3137 1886 3227 1939 τὸν
3244 1885 3434 1940 ἑαυτοῦ
3452 1884 3597 1950 Υίὺν,
3626 1884 3797 1939 ἔλαϐε.

2238 1976 2407 2031 Πόθεν
2436 1976 2492 2030 δὲ
2544 1977 2706 2031 αὐτὸν
2758 1976 2965 2043 ἐλαϐεν,
3016 1977 3144 2048 ἑξῆς
3204 1977 3444 2031 διδάσκει
3492 1976 3682 2045 λέγων,
3733 1976 3799 2039 ἑξ

2238 2068 2471 2123 ὑδάτων
2498 2069 2763 2124 πολλῶν.
2794 2071 2931 2142 Φησὶ
2957 2069 3087 2139 γοῦν
3115 2069 3210 2124 καὶ
3245 2071 3301 2123 ἐν
3338 2068 3612 2141 ἑξηκοστῷ
3638 2068 3801 2140 ὀγδόῳ

2236 2162 2453 2234 ψαλμῷ⁸
2483 2162 2680 2216 Σῶσόν
2705 2179 2802 2232 με,
2842 2164 2875 2216 ό
2902 2161 3063 2229 Θεὸς,
3100 2160 3188 2215 ὅτι
3214 2161 3585 2230 είσήλθοσαν
3620 2161 3802 2217 ὕδατα

2236 2254 2345 2321 ἕως
2365 2253 2568 2326 ψυχῆς
2596 2271 2733 2324 μου⁸
2775 2253 3074 2324 ἐνεπάγην
3108 2255 3195 2321 εις
3242 2253 3402 2322 ὕλην
3441 2253 3656 2320 βυθοῦ,
3704 2257 3799 2310 καὶ

2234 2349 2347 2402 οὐκ
2368 2346 2538 2401 ἔστιν
2566 2347 2915 2413 ὑπόστασις.
2967 2345 3187 2409 Τούτοις
3236 2344 3523 2417 τοιγαροῦν
3581 2345 3803 2399 ἀκολού-

2237 2437 2345 2501 θως
2376 2438 2471 2492 καὶ
2521 2440 2579 2493 ἐν
2635 2441 2746 2502 τοῖς
2796 2439 3171 2509 προκειμένοις
3223 2437 3592 2510 εὐχαριστῶν,
3649 2439 3800 2510 φησί·

2235 2530 2644 2598 Προσελάϐετό
2676 2548 2751 2602 με
2775 2530 2843 2595 ἐξ
2868 2529 3103 2585 ὑδάτων
3146 2529 3414 2586 πολλῶν.
3447 2530 3581 2585 Τίνα
3625 2530 3679 2583 δὲ
3731 2533 3802 2586 τά

2236 2617 2420 2684 ὕδατα,
2445 2620 2692 2692 ἐπιφέρει
2716 2620 3044 2691 σαφέστερον
3073 2618 3259 2673 εἰπών·
3303 2619 3400 2685 Ἐξ
3428 2620 3655 2690 ἐχθρῶν
3678 2638 3799 2691 μου

565 2726 778 2781 quens:
805 2712 882 2768 De
938 2714 1166 2769 inimicis
1213 2717 1342 2769 meis
1385 2717 1717 2785 fortissimis,
1750 2726 1800 2772 et
1834 2718 1899 2773 ab
1938 2720 2005 2774 iis
2045 2722 2129 2791 qui

2234 2709 2506 2765 δυνατῶν
2553 2710 2650 2764 καὶ
2673 2711 2741 2763 ἐκ
2787 2708 2904 2763 τῶν
2919 2709 3260 2779 μισούντων
3275 2726 3372 2779 με,
3397 2700 3482 2762 ὅτι
3522 2709 3805 2777 ἐστερεκὶμ

565 2803 784 2860 oderunt
808 2823 905 2864 me,
930 2807 1178 2876 quoniam
1201 2808 1516 2876 conformati
1531 2820 1650 2863 sunt
1675 2826 1828 2879 super
1854 2828 1952 2867 me.
1982 2813 2129 2868 Prte-

2234 2805 2430 2870 θησαν
2463 2801 2616 2870 ὑπὲρ
2642 2801 2765 2870 ἐμέ.
2788 2798 3180 2870 Προέερθασὰν
3202 2818 3279 2871 με
3307 2800 3377 2854 ἐν
3407 2799 3589 2870 ἡμέρᾳ
3608 2802 3804 2854 κακὼ-

564 2906 811 2954 oenerunt
832 2914 912 2952 me
940 2898 993 2951 in
1005 2895 1397 2968 dieaﬂlictionis
1426 2916 1573 2954 meat.
1605 2899 1729 2955 Haec
1758 2901 1872 2973 ipsa
1896 2900 2129 2972 Spiritus

2231 2894 2386 2962 σεώς
2416 2913 2554 2964 μου.
2590 2894 2702 2949 Καὶ
2726 2893 2897 2948 ταῦτα
2928 2893 2983 2946 δέ
3018 2893 3078 2946 τὸ
3111 2893 3331 2964 Πνεῦμα
3363 2892 3422 2946 τὸ
3460 2892 3608 2961 ἅγιον
3634 2892 3802 2962 εὐαγ-

564 2998 789 3047 sanctus
815 2989 1122 3053 annuntiat,
1147 2989 1273 3044 dum
1298 2990 1374 3049 ait
1391 3005 1515 3046 eum
1545 3000 1886 3063 assumptum
1916 3009 2039 3051 esse
2062 2995 2129 3051 de

2231 2986 2500 3056 γελίζεται
2527 2986 2687 3040 αὐτὸν
2719 2985 3007 3039 ἀναλαϐεῖν
3064 2986 3127 3039 ἐκ
3154 2983 3263 3038 τῶν
3315 2984 3521 3038 πολλῶν
3568 2984 3798 3051 ὑδάτων,

565 3079 722 3150 aquis
747 3079 950 3143 multis,
975 3077 1393 3150 libertatemque
1420 3088 1639 3135 nactum
1675 3095 1739 3137 ex
1766 3083 2005 3140 inimicis
2033 3087 2125 3158 qui

2231 3080 2541 3152 ἐλευθερίαν
2568 3079 2624 3133 δὲ
2661 3079 2760 3151 τὴν
2785 3078 2890 3132 ἀπὸ
2928 3077 3033 3131 τῶν
3071 3077 3277 3149 ἐχθρῶν
3303 3077 3411 3130 τῶν
3438 3077 3603 3131 πάλαι
3626 3093 3801 3132 κατα-

563 3172 742 3243 ipsum
775 3169 903 3227 olim
924 3171 1151 3241 imperio
1172 3172 1457 3227 subactum
1484 3187 1584 3228 suo
1620 3173 1983 3233 detinuerant.

631 3258 799 3318 Vens.
846 3260 938 3323 20,
970 3261 1060 3317 21.
1109 3259 1179 3315 Et
1235 3261 1407 3332 factus
1429 3271 1506 3318 est
1558 3262 1812 3321 Dominus
1866 3278 2129 3338 protector

562 3370 728 3408 meus.
754 3351 822 3408 Et
847 3353 1026 3408 eduxit
1061 3371 1142 3409 me
1164 3355 1221 3409 in
1244 3355 1603 3421 latitudinem,
1628 3358 1832 3413 salvum
1867 3377 1947 3415 me
1969 3362 2129 3431 faciet

561 3445 809 3515 quoniam
839 3445 999 3500 voluit
1024 3461 1122 3500 me.
1149 3443 1222 3499 Et
1242 3446 1491 3500 retribuet
1513 3445 1638 3500 mihi
1661 3446 1919 3503 Dominus
1944 3467 2128 3505 secun-

561 3540 689 3592 dum
700 3538 975 3608 justitiam
1020 3554 1211 3595 meam.
1261 3537 1398 3594 Cum
1454 3538 1877 3609 confessionem,
1925 3543 2123 3614 inquit,

562 3646 755 3701 preces
781 3639 837 3687 et
860 3632 1288 3702 supplicationes
1317 3647 1468 3689 meas
1484 3632 1596 3703 jam
1619 3634 1933 3692 exaudisset
1959 3635 2122 3703 Deus,

562 3720 742 3776 factus
766 3730 851 3775 cst
875 3727 1151 3791 protector
1200 3736 1375 3777 meus.
1417 3720 1500 3777 Me
1545 3723 1743 3794 quippe
1783 3725 2125 3782 subversioni

561 3823 618 3871 et
642 3814 815 3870 ruinae
837 3813 1039 3884 ingenti
1069 3812 1399 3883 proximum,
1422 3814 1469 3870 si
1490 3817 1709 3886 quidem
1751 3826 1876 3889 post
1926 3835 2123 3890 pecca-

561 3913 679 3960 tum
735 3905 790 3960 in
848 3902 1206 3960 defectionem
1288 3906 1504 3975 penitus
1553 3907 1841 3978 prolapsus
1889 3925 2067 3966 essem
2101 3950 2121 3978 ,

559 4003 748 4052 astans
772 3994 907 4064 ipse,
945 4008 1043 4049 ceu
1086 3992 1317 4048 fulcrum
1341 4002 1397 4048 et
1420 3992 1830 4061 adminiculum,
1878 3998 2121 4067 retinuit,

559 4086 778 4158 quando
799 4087 968 4142 misso
991 4085 1058 4141 ad
1078 4101 1162 4141 me
1187 4083 1403 4165 Natban
1450 4087 1739 4158 propheta,
1787 4089 1855 4146 de
1882 4091 2123 4150 admisso

559 4187 784 4254 peccato
802 4195 892 4235 me
915 4180 1182 4251 coarguit,
1217 4185 1270 4234 et
1301 4179 1493 4255 erexit.
1546 4177 1659 4235 lmo
1687 4181 1850 4236 etiam
1902 4182 2122 4240 deduxit

556 4290 639 4329 me
668 4274 722 4328 in
736 4272 1101 4337 latitudinem;
1130 4272 1265 4335 sive,
1289 4273 1447 4343 juxta
1500 4269 1916 4345 Symmachum,
1943 4277 1998 4332 in
2037 4278 2119 4333 ίαν

557 4365 931 4436 tumspatium.
962 4363 1045 4419 Ad
1090 4362 1371 4434 angustias
1427 4361 1626 4434 quippe
1684 4364 1958 4424 redactum
2010 4386 2117 4437 me,

2229 3173 2645 3245 κεκρατηκότων
2671 3171 2834 3227 αὐτοῦ
2865 3170 3135 3241 γενέσθαι.

2301 3267 2407 3322 Καὶ
2456 3266 2688 3338 ἐγένετο
2733 3266 2947 3333 Κύριος
3001 3262 3428 3334 ἀντιστήριγμά
3492 3282 3632 3334 μου.
3684 3263 3799 3317 Kal

2226 3357 2479 3430 ἐξήγαγέ
2497 3375 2574 3429 με
2625 3360 2713 3424 εὶς
2742 3356 3119 3427 πλατυσμὸν,
3139 3356 3395 3425 ῥύσεται
3412 3372 3511 3425 με,
3570 3355 3660 3408 ὅτι
3674 3352 3805 3421 ἠθέ-

2226 3453 2380 3521 λησέ
2396 3469 2491 3522 με.
2536 3450 2645 3505 Καὶ
2697 3448 3106 3505 ἀνταποδώσει
3131 3466 3232 3519 μοι
3264 3449 3477 3516 Κύριος
3508 3446 3653 3500 κατὰ
3684 3444 3804 3515 τὴν

2225 3542 2618 3608 δικαιοσύνην
2628 3558 2768 3611 μου.
2811 3539 2947 3610 Ἤδη
2976 3538 3094 3609 μὲν,
3150 3537 3303 3609 φησὶ,
3348 3539 3446 3609 τῆς
3469 3536 3805 3607 ἐξομολογή-

2228 3632 2363 3697 σεώς
2388 3650 2486 3705 μου
2511 3631 2728 3686 καὶτῶν
2757 3629 3068 3701 προσευχῶν
3094 3629 3189 3683 καὶ
3227 3630 3337 3682 τῶν
3380 3627 3666 3699 ίκετηρίων
3698 3629 3805 3681 ἐπ-

2226 3724 2469 3789 ακούσας
2498 3725 2526 3777 6
2563 3723 2785 3796 Κύριος,
2821 3722 3011 3792 γέγονέ
3046 3739 3136 3793 μοι
3191 3720 3607 3792 ἀντιστήριγμα.
3644 3712 3803 3773 Μέλ-

2222 3817 2381 3873 λοντα
2407 3818 2514 3890 γάρ
2546 3834 2610 3889 με
2642 3816 3082 3890 περιτρέπεσθαι,
3112 3815 3206 3869 καὶ
3235 3815 3374 3886 μέγα
3423 3812 3622 3884 πτῶμα
3670 3812 3805 3867 ὓπο-

2228 3911 2429 3984 μένειν,
2456 3913 2504 3964 εί
2538 3909 2674 3981 μετὰ
2701 3909 2797 3981 τὴν
2825 3909 3096 3983 ἁμαρτίαν
3137 3910 3215 3973 εἰς
3245 3907 3479 3978 παντελῆ
3504 3906 3803 3971 ἐξέπιπτον

2223 4002 2576 4067 ἀποστασίαν,
2617 4002 2776 4067 αὐτὸς
2808 4001 3089 4075 παραστὰς
3112 4001 3338 4073 ἔρεισμά
3384 4017 3475 4071 μοι
3521 3998 3616 4051 καὶ
3641 3998 3804 4053 ἀντι-

2225 4096 2500 4168 στήριγμα
2537 4094 2775 4164 γέγονεν,
2830 4092 3085 4166 ὁπηνίκα,
3139 4094 3229 4147 τὸν
3287 4090 3448 4145 αὑτοῦ
3506 4090 3801 4160 προφήτην

2222 4186 2408 4242 Ναθὰν
2436 4187 2675 4259 πέμψας,
2707 4186 2925 4258 ἐλεγχόν
2955 4205 3042 4259 μοι
3089 4188 3331 4258 ἐπήγαγε
3360 4185 3458 4254 τῆς
3490 4181 3799 4254 ἁμαρτίας,

2222 4279 2316 4333 καὶ
2355 4277 2695 4351 ἀνῶρθωσεν.
2740 4278 2898 4332 Ἀλλὰ
2955 4278 3047 4331 καὶ
3078 4275 3371 4346 ἐξήγαγέν
3407 4291 3483 4344 με
3525 4276 3612 4340 είς
3644 4276 3801 4327 πλα-

2221 4371 2471 4442 τυσμὸν,
2497 4370 2592 4426 καὶ
2618 4373 2704 4438 εὶς
2733 4371 3117 4447 εἰξρυχωρίαν,
3153 4366 3293 4422 κατὰ
3335 4367 3426 4420 τὸν
3471 4364 3802 4436 Σύμμαχον.

555 4474 622 4513 ac
641 4474 811 4528 prope
839 4456 909 4513 de
932 4456 1107 4512 salute
1131 4471 1251 4511 mea
1273 4455 1677 4528 desperantem,
1729 4460 1928 4532 eripuit
1966 4478 2031 4518 ac
2060 4463 2115 4518 in

2231 4462 2694 4535 Στενοχωρηθέντα
2720 4463 2827 4533 γάρ
2862 4479 2949 4533 με,
2980 4460 3072 4514 καὶ
3108 4457 3303 4530 μικροῦ
3336 4459 3445 4511 δεῖν
3483 4458 3803 4526 ἀπογνόντα

553 4546 893 4604 latitudinem
914 4545 1121 4613 eduxit,
1183 4554 1244 4600 ut
1290 4545 1346 4600 in
1395 4546 1560 4604 latius
1592 4551 1830 4619 spatium
1857 4553 2111 4620 deducto,

551 4637 851 4706 recipiendi
887 4637 995 4692 mei
1037 4652 1102 4691 ac
1150 4639 1375 4693 vulnera
1425 4641 1658 4698 sollicite
1704 4645 1929 4701 curandi
1957 4648 2113 4719 copia

551 4726 736 4782 fuerit.
764 4725 1033 4781 Caeterum
1056 4726 1102 4782 is
1125 4742 1209 4782 me
1258 4743 1485 4792 prorsus
1520 4731 1794 4798 liberabit,
1845 4749 1909 4792 ac
1931 4738 2113 4795 delicti

550 4819 760 4875 veniam
775 4819 1054 4887 concedet,
1078 4828 1317 4891 tempore
1348 4825 1612 4882 adventus
1639 4829 1746 4893 sui,
1779 4830 1872 4901 qui
1908 4831 1961 4886 in
1978 4835 2114 4889 vati-

547 4908 693 4965 ciuio
711 4910 903 4964 fertur.
929 4911 1107 4981 lisque
1127 4927 1213 4967 me
1244 4913 1523 4972 beneﬁciis
1546 4918 1815 4975 devinciet
1827 4919 2109 4992 Dominus,

518 5002 794 5071 quoniam
846 5002 1151 5060 voluitme:
1183 5015 1277 5062 aut
1326 5010 1628 5066 secundum
1659 5011 1935 5084 Aquilam,
1989 5033 2113 5088 quo-

544 5094 690 5148 niam
741 5094 901 5150 voluil
928 5096 1112 5164 inme;
1142 5115 1320 5171 neque
1346 5104 1493 5159 enim
1517 5107 1916 5164 convertendus
1932 5124 2107 5173 eram,

2221 4553 2413 4606 ἐαυτοῦ
2444 4552 2539 4624 τὴν
2604 4552 2892 4624 σωτηρίαν,
2952 4549 3216 4620 ἐρρύσατο
3240 4548 3333 4602 καὶ
3359 4551 3438 4613 είς
3474 4547 3803 4618 πλατυσμδν

2222 4644 2506 4717 ἐξήγαγεν,
2540 4645 2614 4709 ὡς
2663 4643 2801 4699 κατὰ
2829 4642 3027 4705 πλάτος
3059 4641 3339 4711 δυνηθῆναι
3396 4640 3629 4713 ἐμαυτὸν
3658 4642 3800 4697 ἁνα-

2220 4737 2422 4802 λαϐεῖν,
2447 4738 2538 4802 καὶ
2564 4737 2659 4806 τῆς
2690 4734 2921 4806 ἐμαυτοῦ
2955 4733 3249 4805 θεραπείας
3290 4733 3602 4804 ἐπιμέλειαν
3630 4734 3803 4805 ποιή-

2216 4830 2431 4884 σασθαι.
2466 4829 2609 4899 Πλὴν
2634 4826 2766 4881 ἀλλὰ
2788 4826 2881 4880 καὶ
2900 4825 3175 4891 παντελῶς
3221 4826 3441 4898 ῥύσεταί
3468 4844 3556 4899 με,
3594 4828 3802 4899 φησὶν,

2210 4922 2385 4987 διδοὺς
2408 4921 2600 4990 ἄφεσιν
2622 4920 2723 4990 τῆς
2751 4920 3021 4991 ἁμαρτίας
3043 4921 3185 4974 κατὰ
3237 4921 3327 4975 τὸν
3370 4920 3803 4993 πρυφητευόμε-

2216 5034 2303 5069 νον
2336 5014 2524 5085 καιρὸν
2548 5014 2647 5084 τῆς
2680 5012 2842 5066 αὑτοῦ
2877 5013 3193 5086 παρουσίας.
3225 5013 3332 5068 Ka‘t
3363 5011 3521 5066 τοῦτο
3563 5015 3803 5084 ποιήσει

2214 5104 2515 5178 εὐεργετῶν
2543 5122 2610 5176 με
2659 5106 2688 5157 6
2740 5104 2962 5177 Κύριος,
3017 5105 3105 5158 ὅτι
3156 5103 3420 5173 ἠθέλησέ
3437 5122 3534 5174 με’
3572 5104 3606 5177 ἢ
3639 5107 3799 5160 κατὰ

544 5202 723 5258 neque
758 5191 1137 5260 coarguendos
1186 5193 1253 5247 de
1298 5203 1544 5264 peccato,
1602 5211 1777 5266 neque
1809 5197 2105 5253 mittendus

2231 5198 2302 5251 ξὺν
2345 5195 2594 5262 Ἀκύλαν,
2645 5197 2733 5252 ὅτι
2777 5197 3072 5268 ἐϐουλήθη
3125 5197 3197 5253 ἐν
3246 5197 3407 5268 ἐμοί’
3451 5197 3511 5249 οὐ
3542 5196 3654 5267 γὰρ
3724 5198 3799 5252 ἂν

541 5279 611 5336 ad
642 5297 727 5338 me
744 5284 1028 5355 propheta,
1056 5285 1160 5341 nisi
1207 5302 1293 5342 me
1333 5289 1540 5343 salvum
1607 5289 1786 5343 facere
1820 5290 2101 5345 voluisset.

2231 5290 2589 5363 ;πεστράφην,
2636 5291 2744 5345 οὐδ’
2806 5291 2873 5345 ἂν
2933 5290 3022 5344 τὸν
3079 5290 3295 5360 ἐλεγχόν
3344 5307 3433 5361 μοι
3489 5289 3795 5360 προσήγα-

540 5369 611 5425 At
635 5372 780 5427 enim
832 5373 980 5438 novi,
1016 5388 1080 5427 ac
1125 5377 1446 5444 persuasum
1489 5377 1646 5444 plane
1696 5376 1889 5440 habeo,
1924 5380 2101 5449 ipsum

2231 5398 2335 5447 'ev,
2397 5382 2590 5437 οὐδ’ἆν
2627 5383 2719 5439 τὸν
2762 5383 3045 5455 προφήτην
3097 5379 3287 5434 ἐαυτοῦ
3343 5379 3478 5451 πρὸς
3534 5380 3634 5449 ἐμὲ
3669 5380 3795 5433 άπ-

539 5470 785 5534 tcmpore
807 5465 943 5535 justi
971 5466 1164 5534 judicii
1191 5466 1299 5529 sui,
1327 5467 1530 5536 peccati
1549 5466 1654 5520 mei
1683 5474 1737 5521 et
1771 5467 2097 5537 facinorum,

2231 5472 2478 5538 ίστάλκει,
2511 5475 2557 5528 εἰ
2591 5474 2665 5547 μὴ
2699 5475 2867 5528 σῶσαὶ
2927 5491 2993 5545 με
3040 5471 3246 5543 ἧθελεν.
3289 5466 3362 5524 Εὖ
3403 5469 3459 5524 δὲ
3511 5464 3630 5523 οἶδα
3685 5468 3795 5522 καὶ

539 5568 661 5623 qua:
698 5556 752 5609 in
798 5556 885 5610 die
937 5557 1165 5611 miseria:
1208 5572 1341 5611 mea:
1396 5562 1722 5627 perpetravi,
1775 5564 2103 5621 mentionem

2231 5564 2452 5637 ικριϐῶς
2499 5566 2819 5638 πέπεισμαι,
2858 5567 2938 5621 δτι
2995 5564 3134 5621 κατὰ
3176 5564 3261 5620 τὸν
3317 5562 3503 5635 καιρὸν
3542 5561 3644 5635 τῆς
3697 5559 3789 5618 διι-

610 5733 654 5764 "
680 5730 875 5796 Ephes.
903 5750 967 5800 ιι,
1003 5735 1090 5789 20.
1168 5737 1213 5769 ⁷³
1244 5735 1387 5793 Psal.
1429 5753 1616 5809 vatn,
1648 5739 1703 5810 2,
1740 5741 1798 5801 '5.
