4042 6210
218 320 325 378 177

1347 312 1856 369 COMMENTANA
1895 310 1963 367 IN
2000 310 2341 369 PSAthOS.

3363 316 3465 371 178

218 436 564 508 καιοκρισίας
596 432 782 497 αὑτοῦ,
834 432 896 483 οὐ
947 428 1317 501 μνημονεύσας
1350 447 1451 499 μου
1489 429 1586 500 τῆς
1617 429 1797 499 ἀμαρ-

1900 424 2108 479 nullam
2168 424 2443 480 facturum
2497 440 2651 491 esse;
2710 425 2804 481 sed
2865 424 3150 483 secundum
3201 424 3468 495 justitiam

217 525 340 588 τιας
368 524 461 577 καὶ
492 521 601 575 τῶν
620 519 996 591 τολμηθέντων
1021 512 1192 589 pot-sv
1219 518 1400 589 ἡμέρᾳ
1426 517 1799 589 ταλαιπωρίας

223 634 349 687 μου,
384 614 538 669 κατὰ
577 612 708 693 thr"
722 611 1113 676 δικαιοσύνην
1160 627 1280 678 μου
1334 608 1631 664 ἀποδώσει
1675 625 1795 677 μοι.

220 707 337 771 Τὰς
352 706 462 778 γάρ
488 705 653 767 ἄλλας
687 720 787 774 μου
815 701 1038 773 πράξεις
1066 700 1167 763 τὰς
1195 701 1253 754 ἐν
1277 701 1447 771 ἀρετῇ
1476 701 1571 753 καὶ
1595 699 1798 753 δικαιο-

222 797 383 870 σύνῃ.
422 794 610 865 ῶσπερ
645 795 702 845 ἐν
742 792 983 864 τρυτάνῃ
1015 791 1109 844 καὶ
1139 789 1288 861 ζυγῷ
1327 787 1796 860 άντιπαραλαὸὼν,

220 889 318 943 καὶ
341 886 665 956 άντιστήσας
688 882 765 953 τῷ
797 881 1150 954 ἁμαρτήματι
1184 897 1307 951 μου,
1323 879 1464 934 κατὰ
1488 879 1624 933 πολὺ
1650 879 1800 933 πλεο-

219 977 491 1043 ναζούσας
527 968 742 1046 εὑρήσει
785 973 878 1027 τοῦ
924 971 1217 1042 γενομένου
1265 966 1677 1043 ἁμαρτήματος.
1707 970 1799 1023 Διὸ

226 1066 590 1123 ἁνταποδὼσει
626 1083 714 1136 μοι
748 1064 806 1118 οὐ
835 1063 956 1118 καθ’
982 1063 1011 1117 ὃ
1038 1065 1281 1135 ἥμαρτον
1316 1062 1436 1133 (ἤδη
1500 1060 1607 1131 γὰρ
1638 1061 1801 1114 ἀντα-

228 1158 456 1221 πέδωκε,
506 1153 771 1227 μετελθών
827 1171 894 1225 με
935 1153 1075 1207 κατὰ
1112 1153 1204 1205 τὸν
1262 1151 1507 1224 παρόντα
1552 1150 1663 1221 βίον
1709 1150 1797 1204 διὰ

227 1247 334 1302 τῶν
362 1244 774 1300 καταλαϐουσῶν
810 1261 877 1314 με
910 1243 1249 1315 συμφορῶν),
1292 1240 1433 1296 κατὰ
1463 1241 1519 1295 δὲ
1550 1240 1649 1305 τὰς
1684 1241 1797 1295 λοι-

230 1340 334 1404 πὰς
359 1337 602 1410 πράξεις,
640 1336 738 1400 τὰς
764 1338 819 1390 ἐν
844 1335 1179 1408 δικαιοσύνῃ,
1208 1332 1473 1388 ἀποδώσει
1513 1350 1603 1404 μοι
1643 1333 1702 1386 ἐν
1730 1335 1796 1404 τῇ

227 1428 404 1499 ἡμέρᾳ
438 1427 536 1498 τῆς
567 1425 731 1480 αὑτοῦ
758 1425 1173 1498 δικαιοκρισίας,
1213 1425 1306 1478 καὶ
1331 1422 1439 1476 τῶν
1470 1423 1666 1495 χειρῶν
1698 1440 1798 1493 μου

226 1520 365 1573 κατὰ
390 1519 487 1590 τὴν
516 1518 885 1590 καθαριότητα
922 1517 1018 1589 τὴν
1052 1515 1284 1588 ἀμοιϐὴν
1320 1517 1632 1587 ποιήσεται·
1663 1515 1800 1569 ἁπέ-

226 1612 398 1666 πλυνα
430 1612 537 1684 γὰρ
575 1612 668 1665 τδν
691 1611 954 1683 πρότερον
993 1610 1181 1673 αὐταῖς
1211 1608 1564 1679 ἐγγενόμενον
1594 1609 1763 1678 ῥύπον
1782 1624 1796 1638 ⁸

222 1704 329 1759 Καὶ
351 1705 562 1774 ἔσομαι
575 1704 812 1774 ἄμωμος
826 1703 954 1773 μετ’
974 1702 1183 1765 αὐτοῦ,
1206 1702 1303 1755 καὶ
1322 1701 1662 1770 φυλάξομαι
1681 1698 1798 1754 ἀπὸ

1900 533 2070 572 meam
2101 516 2351 570 retribuet
2387 516 2532 569 mihi.
2565 514 2700 571 Nam
2730 516 2776 572 si
2810 518 2914 572 alia
2953 529 3249 582 mea,‘cum
3267 518 3469 577 virtute

1899 624 1963 664 ac
1987 609 2203 679 justitia
2253 609 2557 680 designata,
2593 626 2759 680 opera
2808 612 2965 681 quasi
3012 610 3080 666 ad
3113 611 3376 667 trutinam
3415 621 3471 668 et

1897 700 2167 756 bilancem
2220 716 2327 755 una
2368 716 2491 756 cum
2548 710 2778 773 peccato
2838 717 2961 757 meo
3018 703 3360 774 appenderit,
3405 718 3471 759 ea

1900 793 2071 847 multo
2122 793 2380 848 delictum
2437 777 2701 849 exc'edere
2758 795 3076 866 comperiet.
3131 795 3474 868 Quapropter

1898 902 2008 940 non
2064 885 2365 941 secundum
2423 894 2707 956 peccatum
2752 902 2934 943 meum
2983 888 3249 944 retribuet
3305 889 3471 954 mihi;

1895 975 2008 1045 jam
2055 974 2254 1045 quippe
2297 975 2573 1039 retribuit,
2597 992 2723 1032 cum
2775 992 2861 1032 mc
2902 976 3092 1032 multis
3133 977 3187 1031 in
3219 978 3474 1049 pmsenti

1900 1064 2009 1119 vita
2059 1065 2465 1122 calamitatibus
2519 1064 2736 1132 affecit;
2766 1064 2863 1120 sed
2912 1066 3212 1122 secundum
3264 1067 3474 1136 reliqua

1899 1156 2070 1224 probe
2098 1170 2164 1210 ac
2205 1155 2355 1225 justo
2378 1163 2690 1227 perpetrata
2719 1171 2888 1226 opera
2918 1157 2974 1211 in
3001 1157 3089 1212 die
3119 1157 3253 1226 justi
3278 1157 3475 1226 judicii

1900 1246 1985 1300 sui
2024 1246 2292 1301 retribuet
2342 1247 2496 1312 mihi,
2527 1254 2580 1301 et
2641 1262 2838 1303 manus
2869 1263 3019 1304 meas
3064 1250 3134 1303 ob
3183 1250 3477 1320 puritatem

1900 1341 2123 1408 praemio
2151 1338 2379 1394 donabit
2413 1359 2427 1394 :
2462 1339 2610 1411 ipsas
2646 1339 2848 1411 quippe
2876 1355 2905 1392 a
2939 1340 3188 1410 pristinis
3220 1341 3476 1397 sordibus

1900 1427 2046 1482 ablui
2081 1446 2095 1481 :
2126 1427 2195 1482 Et
2215 1445 2303 1483 ero
2336 1410 2709 1484 imntaculatus
2731 1410 2850 1483 cum
2894 1447 2975 1496 eo,
3007 1439 3056 1483 et
3086 1428 3367 1484 observabo
3397 1447 3478 1485 me

1902 1517 1966 1571 ab
1990 1519 2267 1590 iniquitate
2288 1536 2424 1574 mea.
2456 1519 2526 1574 Et
2567 1521 2820 1575 retribuet
2849 1520 2976 1573 mihi
2999 1519 3260 1574 Dominus
3294 1537 3478 1575 secun-

1900 1606 2025 1661 dum
2035 1608 2308 1678 justitiam
2342 1626 2510 1664 meam
2537 1619 2586 1663 et
2614 1609 2901 1664 secundum
2920 1609 3205 1679 puritatem
3225 1625 3478 1663 manuum

1901 1717 2138 1754 mearum
2173 1703 2423 1756 retribuet
2453 1702 2599 1757 mihi.

221 1799 333 1868 τῆς
362 1799 613 1867 ἀνομίας
672 1816 815 1865 μου.
865 1798 972 1851 Καὶ
1020 1795 1429 1851 ἀνταποδώσει
1460 1811 1560 1866 μοι
1614 1795 1830 1863 Κύριος
1866 1796 2018 1848 κατὰ
2052 1794 2170 1864 τὴν
2210 1796 2608 1865 δικαιοσύνην
2638 1814 2781 1867 μου,
2820 1775 2943 1850 καί
2970 1795 3122 1850 κατὰ
3149 1795 3266 1866 τὴν
3297 1795 3480 1849 καθα-

216 1890 468 1958 ριότητα
497 1886 615 1942 τῶν
638 1887 853 1958 χειρῶν
884 1908 999 1957 μου
1025 1887 1437 1944 (ἱνταποδώσει
1464 1906 1586 1957 μοι.

294 1982 637 2055 Διεξέρχεται
689 1983 817 2053 ἐξῆς
869 1983 1181 2054 καταλέγων
1213 1985 1298 2049 τίς
1326 1981 1394 2056 ἦν
1426 1987 1460 2056 ή
1489 1982 1800 2053 δικαιοσύνη

1981 1979 2227 2036 Subinde
2271 1995 2399 2035 vero
2440 1988 2629 2035 narrat
2663 1994 2786 2050 qua:
2813 1979 2975 2034 fuerit
2998 1978 3213 2050 justitia
3241 1979 3385 2051 ejus,
3421 1990 3479 2038 et

228 2075 417 2139 αὐτοῦ,
466 2076 559 2129 καὶ
608 2076 754 2139 ὅπως
809 2074 1152 2146 ἀπεκάθηρεν
1209 2076 1402 2130 ἑαυτοῦ
1443 2075 1541 2140 τὰς
1581 2078 1788 2149 χεῖρας.

304 2169 423 2221 Ὅτι
443 2166 675 2237 ἐφύλαε
677 2186 715 2222 α
726 2167 832 2234 τὰς
844 2158 1272 2237 ὀδοὺςΚυρίου,
1286 2170 1383 2224 καὶ
1396 2170 1506 2223 οὐκ
1519 2168 1793 2239 ὴσέϐησα

225 2255 345 2312 ἀπὸ
366 2256 470 2311 τοῦ
510 2255 657 2310 Θεοῦ
678 2276 823 2327 μου.
843 2258 963 2312 Ὅτι
999 2257 1197 2312 πάντα
1228 2258 1300 2312 τὰ
1327 2259 1581 2329 κρίματα
1607 2259 1794 2315 αὐτοῦ

225 2347 479 2402 ἐνώπιόν
502 2367 642 2418 μου,
670 2350 770 2403 καὶ
805 2351 876 2404 τὰ
898 2348 1259 2419 δικαιώματα
1297 2349 1483 2404 αὑτοῦ
1512 2353 1625 2406 οὐκ
1676 2351 1793 2405 ἀπ-

222 2438 485 2507 έστησεν
509 2441 610 2494 ἀπ’
629 2441 797 2512 ἐμοῦ.
822 2441 931 2495 Καὶ
954 2440 1163 2509 ἔσομαι
1183 2440 1417 2511 ἄμωμος
1437 2442 1563 2512 μετ’
1587 2441 1791 2508 αὐτοῦ,

226 2529 323 2581 καὶ
352 2527 690 2599 φυλάξομαι
715 2530 835 2585 ἀπὸ
859 2529 967 2597 τῆς
1002 2530 1253 2599 ἀνομίας
1270 2547 1408 2599 μου.
1442 2532 1592 2584 Ἐπεὶ
1617 2530 1797 2585 τοίνυν

224 2618 394 2672 ταῦτα
419 2620 755 2691 ἐπορισάμην
780 2621 1017 2692 ἐμαυτῷ,
1045 2622 1197 2693 φησι,
1223 2622 1360 2692 μετὰ
1388 2621 1485 2694 τὴν
1503 2622 1794 2695 ἁμαρτίαν,

228 2710 318 2763 καὶ
344 2711 611 2776 τοσαύτας
641 2716 945 2782 συνήγαγον
973 2714 1193 2786 ἐμαυτῷ
1222 2713 1538 2784 θεραπείας,
1575 2714 1798 2778 εἰκότως

226 2801 386 2855 πάλιν
420 2801 770 2856 ἐπαναλαϐὼν
789 2802 878 2855 τὸν
910 2803 1068 2858 αὐτὸν
1102 2806 1160 2858 ἐν
1181 2803 1415 2876 δευτέρῳ
1436 2804 1591 2873 λόγον
1615 2804 1756 2876 φημί
1779 2821 1793 2835 ·

226 2893 340 2957 ὅτι,
375 2893 465 2947 διὰ
517 2893 585 2946 τὰ
637 2893 1028 2964 προλεχθέντα,
1083 2897 1194 2951 Kal
1240 2896 1647 2952 ἀνταποδώσει
1696 2914 1798 2967 μοι

225 2982 442 3049 Κύριος
475 2982 625 3034 κατὰ
648 2982 761 3050 τὴν
787 2983 1179 3054 δικαιοσύνην
1212 3006 1353 3057 μου,
1379 2988 1477 3042 καὶ
1508 2988 1661 3043 κατὰ
1687 2988 1802 3056 τὴν

1892 2086 2000 2142 quo
2025 2079 2184 2142 pacto
2212 2085 2406 2126 manus
2428 2071 2544 2141 ipse
2592 2084 2722 2126 suas
2753 2070 3006 2126 abluerit.

1963 2161 2127 2220 Vens.
2160 2161 2350 2217 22-25.
2380 2162 2519 2230 Quia
2548 2162 2803 2224 custodioi
2835 2164 2945 2217 vias
2971 2162 3202 2228 Domini,
3229 2180 3324 2219 nec
3369 2165 3472 2218 im-

1892 2256 1973 2325 pie
1987 2255 2123 2326 gessi
2142 2272 2174 2307 a
2203 2254 2312 2309 Deo
2340 2270 2474 2309 meo.
2508 2254 2772 2321 Quoniam
2804 2256 2983 2310 omnia
3008 2256 3218 2326 judicia
3273 2255 3390 2327 ejus
3420 2258 3478 2311 in

1894 2356 2168 2417 conspectu
2187 2366 2320 2416 meo,
2336 2359 2386 2404 et
2409 2348 2647 2412 iustitias
2673 2348 2785 2418 ejus
2803 2366 2907 2404 non
2924 2351 3111 2418 repulit
3130 2368 3162 2405 a
3181 2367 3282 2405 me.
3298 2349 3365 2404 Et
3388 2367 3479 2406 ero

1893 2437 2268 2494 immaculatus
2302 2455 2418 2507 cum
2452 2456 2532 2503 eo,
2559 2447 2609 2492 et
2638 2436 2918 2494 observabo
2961 2457 3041 2495 me
3082 2441 3149 2494 ab
3203 2442 3482 2512 iniquitate

1896 2544 2033 2584 mea.
2049 2527 2185 2595 Quia
2200 2543 2328 2599 ergo
2351 2538 2472 2597 post
2504 2528 2803 2583 admissum
2834 2531 3014 2585 scelus
3042 2531 3109 2586 iis
3127 2546 3213 2587 me
3234 2532 3481 2588 moribus

1900 2619 2208 2691 composui,
2224 2628 2279 2675 et
2301 2626 2505 2674 tantam
2530 2620 2665 2674 mihi
2690 2621 2915 2676 adhibui
2940 2623 3204 2678 medelam
3231 2637 3481 2690 ;resum-

1899 2722 1993 2785 pta
2026 2711 2198 2783 priori
2223 2710 2520 2777 sententia,
2551 2711 2788 2780 idipsum
2814 2712 3060 2768 secundo
3093 2722 3359 2783 repetam,
3392 2714 3481 2767 di—

1900 2818 2132 2874 camque
2182 2802 2379 2859 iterum
2416 2820 2431 2856 :
2474 2800 2545 2855 Et
2575 2801 2824 2857 retribuet
2850 2804 2980 2858 mihi
3004 2803 3266 2858 Dominus
3297 2820 3482 2859 secun-

1900 2896 2027 2952 dum
2052 2896 2324 2968 justitiam
2368 2912 2560 2961 meam,
2595 2904 2646 2951 et
2679 2896 2967 2951 secundum
3025 2901 3315 2969 puritatem
3364 2914 3483 2951 mn-

1901 3006 2065 3043 nuum
2117 3006 2354 3044 mearum
2384 2989 2439 3043 in
2484 2999 2763 3057 conspectu
2797 2990 3069 3046 oculorum
3116 2991 3229 3061 ejus
3258 3004 3277 3043 :
3320 2988 3481 3060 cujus

229 3075 630 3142 καθαριότητα
658 3074 775 3127 τῶν
804 3075 1016 3143 χειρῶν
1033 3095 1145 3146 μου
1166 3079 1419 3135 ἐνώπιον
1441 3081 1560 3135 τῶν
1589 3081 1800 3150 ὀφθαλ-

1906 3080 2042 3135 dicti
2076 3081 2198 3136 loco
2227 3124 2242 3148 ,
2290 3083 2345 3138 in
2392 3091 2672 3149 conspectu
2719 3086 2993 3139 oculorum
3022 3084 3135 3154 ejus
3182 3084 3265 3140 sic
3318 3083 3481 3139 habet

222 3165 358 3235 μῶν
407 3165 620 3220 αὐτοῦ’
667 3166 786 3218 ἀντὶ
820 3165 877 3218 δὲ
910 3166 1024 3231 τοῦ,
1053 3168 1450 3224 ἐνώπιοντῶν
1483 3169 1800 3240 ὀφθαλμῶν

1907 3169 2291 3243 Symmachus,
2330 3191 2395 3229 ea:
2444 3180 2679 3247 Opposita
2706 3176 2979 3233 oculorum
3019 3177 3155 3247 ejus.
3179 3175 3299 3233 Non
3331 3177 3479 3233 enim

122 3284 129 3293 ι
226 3257 433 3321 αὐτοῦ,
472 3260 500 3311 ὀ
547 3257 857 3329 Σύμμαχος,
886 3259 1000 3321 τὴν
1025 3261 1273 3329 ἀντικρὺ
1328 3261 1448 3316 τῶν
1486 3264 1800 3332 ὀφθαλμῶν

1907 3259 2188 3314 hominum
2222 3264 2399 3319 oculis
2437 3265 2730 3336 puritatem
2770 3266 3039 3322 ostentavi
3071 3281 3270 3332 meam,
3304 3279 3480 3336 neque

225 3348 432 3416 αὐτοῦ,
448 3323 730 3414 ἐξέδωκεν.
847 3351 955 3423 γὰρ
974 3323 1275 3424 ἀνθρώπων
1288 3323 1584 3426 ὀφθαλμοῖς
1601 3323 1800 3410 ἐσπού-

1906 3357 1967 3406 ut
1992 3351 2180 3407 multis
2217 3323 2501 3424 placerent"
2525 3356 2580 3411 id
2606 3358 2689 3430 egi
2717 3376 2732 3426 ;
2757 3358 2851 3413 sed
2879 3361 2934 3411 in
2957 3323 3268 3429 conspectu.
3285 3323 3480 3411 oculo-

226 3437 385 3503 δαξον
441 3439 540 3508 τὴν
598 3439 836 3511 ἐμαυτοῦ
899 3440 1264 3515 καθαριότητα
1319 3442 1617 3511 δεικνύναι,
1678 3444 1799 3499 οὐδὲ

1903 3457 2022 3497 rum
2055 3442 2234 3515 ipsius
2249 3444 2480 3517 judicis,
2515 3448 2624 3505 mei
2663 3450 2933 3522 purgandi
2963 3465 3154 3506 curam
3186 3459 3242 3507 et
3273 3449 3478 3507 sollici-

231 3529 370 3584 ὥστε
418 3531 669 3602 ἀρέσκειν
701 3536 814 3597 τοῖς
846 3532 1076 3599 πολλοῖς,
1103 3533 1217 3589 ἀλλ’
1244 3536 1467 3607 ἀντικρὺ
1498 3536 1607 3589 τῶν
1634 3537 1800 3591 αὑτοῦ

1900 3533 2144 3590 tudinem
2165 3535 2353 3594 habui.

228 3621 321 3676 τοῦ
355 3621 542 3694 κριτοῦ
584 3623 874 3695 ὀφθαλμῶν
908 3626 1087 3679 πᾶσαν
1117 3627 1412 3698 ἐποιούμην
1444 3627 1677 3699 σπουδὴν
1697 3628 1799 3699 τῆς

231 3713 466 3785 ἐμαυτοῦ
502 3715 885 3788 καθαρότητος.

298 3806 457 3861 Μετὰ
492 3809 664 3862 ὁσίου
694 3809 862 3876 ὅσιος
889 3810 1028 3880 ἔσῃ,
1053 3810 1153 3865 καὶ
1178 3812 1328 3881 μετὰ
1361 3812 1581 3881 ἀνδρὸς
1604 3810 1796 3868 eam

1968 3795 2133 3854 Vens.
2206 3797 2410 3855 26—28.
2493 3797 2625 3855 Cum
2691 3808 2873 3855 sancto
2923 3811 3137 3856 sanctus
3198 3800 3302 3855 eris
3331 3841 3347 3865 ,
3425 3812 3475 3855 et

226 3897 417 3965 ἀθῶος
439 3900 555 3967 ἔσῃ
575 3917 589 3930 ·
620 3902 719 3955 καὶ
738 3904 887 3971 μετὰ
909 3903 1196 3959 ἐκλεκτοῦ
1225 3904 1511 3972 ἐκλεκτὸς
1536 3906 1671 3975 ἔσῃ,
1697 3906 1796 3959 καὶ

1898 3904 2017 3943 cum
2052 3890 2164 3945 viro
2209 3891 2479 3945 innocente
2518 3892 2764 3946 innocens
2792 3893 2896 3947 eris
2922 3910 2942 3950 :
2966 3902 3016 3947 et
3043 3910 3161 3947 cum
3185 3892 3346 3948 electo
3371 3894 3476 3947 ele—

221 3990 369 4056 μετὰ
398 3992 693 4058 στρεϐλοῦ
720 3992 1122 4064 διαστρέψεις.
1149 3998 1278 4050 Ὅτι
1306 3996 1389 4050 σὺ
1417 3996 1573 4051 λαὸν
1597 4011 1797 4053 ταπει-

226 4081 336 4135 νὸν
363 4080 601 4148 σώσεις,
646 4084 740 4136 καὶ
788 4086 1131 4157 ὀφθαλμοὺς
1168 4088 1568 4158 ὑπερηφάνων
1595 4103 1796 4145 ταπει-

226 4171 454 4239 νώσεις.
474 4175 695 4243 Μήποτε
720 4178 1069 4247 προφητικῶς
1088 4177 1214 4231 λαὸν
1242 4180 1339 4250 μέν
1356 4179 1603 4233 ταπεινὸν
1625 4179 1725 4251 (1),
1739 4180 1794 4252 ἤ,

225 4263 364 4318 κατὰ
411 4265 502 4318 τὸν
542 4265 789 4332 Ἀκύλαν,
824 4269 1072 4337 πένητα,
1104 4270 1158 4340 ἢ,
1193 4270 1334 4324 κατὰ
1359 4271 1449 4325 τὸν
1483 4271 1794 4343 Σύμμαχον,

221 4353 415 4423 πρᾶον
458 4357 547 4411 τὸν
572 4358 728 4431 χορὸν
777 4359 1068 4415 αἰνίττεται
1108 4361 1197 4415 τὸν
1237 4363 1626 4418 ἁποστολικόνο
1663 4366 1795 4417 ὑπε-

224 4446 496 4518 ρηιρὰνους
529 4448 584 4501 δέ
613 4451 738 4512 τοὺς
769 4450 936 4504 πάλαι
970 4452 1327 4524 ἐπηρμένους,
1353 4456 1479 4518 τοὺς
1507 4455 1796 4527 ἀρχιερέας

221 4542 317 4595 καὶ
332 4539 679 4606 διδασκάλους
698 4544 792 4597 καὶ
812 4545 1077 4617 ἄρχοντας
1095 4546 1187 4599 τοῦ
1223 4548 1287 4600 ἐκ
1313 4548 1611 4621 περιτομῆς
1628 4547 1758 4601 λαοῦ
1775 4564 1791 4614 ;

1898 3989 2012 4037 etus
2058 3999 2187 4050 eris,
2218 3992 2268 4039 et
2309 4000 2429 4037 eum
2469 4002 2708 4054 perverso
2741 3989 3070 4056 perveneris.
3103 3987 3368 4055 Quoniam
3417 3997 3475 4040 tu

1896 4072 2146 4141 populum
2171 4074 2422 4129 humilem
2460 4076 2664 4131 salvum
2692 4076 2856 4146 facies
2879 4118 2894 4143 ,
2925 4088 2975 4133 et
3009 4079 3187 4134 oculos
3225 4079 3476 4148 superbo-

1900 4180 2018 4217 rum
2039 4163 2368 4221 Iiumiliabis.
2408 4166 2605 4222 Annon
2636 4169 2958 4239 pr0phetico
2995 4185 3145 4227 more
3176 4186 3272 4242 per
3297 4184 3473 4241 popu-

1900 4256 2010 4310 lum
2065 4257 2348 4325 humilem,
2378 4269 2471 4315 aut
2520 4262 2821 4319 secundum
2874 4263 3147 4334 Aquilam,
3175 4279 3472 4333 pauperem,

1898 4355 2015 4414 aut,
2048 4360 2106 4403 ut
2133 4348 2522 4420 Symmachus,
2556 4364 2910 4421 mansuetum,
2944 4355 3173 4410 chorum
3207 4352 3472 4425 apostoli-

1897 4458 2022 4498 cum
2080 4444 2388 4512 adumbrat,
2437 4449 2709 4519 superbos
2766 4457 2947 4503 autem
2995 4457 3154 4504 vocat
3205 4465 3323 4515 eos,
3377 4452 3471 4522 qui

1896 4535 2026 4591 olim
2060 4537 2199 4592 altos
2228 4537 2454 4607 spiritus
2495 4538 2871 4605 assumcbant,
2902 4540 3180 4611 principes
3214 4542 3471 4599 sacerdo-

221 4631 314 4695 οὒς
340 4630 507 4684 πάλαι
533 4632 825 4705 ὀφθαλμοῖς
854 4636 1221 4709 ὑπερηφάνοις
1253 4637 1392 4691 κατὰ
1422 4637 1515 4691 τοῦ
1546 4639 1794 4710 Σωτῆρος

1899 4632 2034 4693 tum,
2066 4626 2321 4685 doctores
2353 4646 2417 4685 ac
2452 4630 2800 4703 magistratus
2844 4631 3029 4701 populi
3082 4648 3149 4688 ex
3180 4633 3472 4690 circumci-

222 4722 378 4793 ἡμῶν
396 4724 763 4793 κεχρημένους
792 4729 1152 4783 ἐταπείνωσεν
1171 4732 1199 4783 ὀ
1216 4730 1365 4794 Θεὸς,
1382 4730 1438 4781 ἐν
1462 4732 1594 4784 πᾶσι
1616 4729 1796 4794 σώσας

221 4814 310 4867 τὸν
362 4814 525 4867 αὑτοῦ
573 4818 821 4871 ταπεινὸν
855 4821 946 4873 καὶ
998 4820 1201 4891 πένητα
1234 4823 1326 4875 καὶ
1355 4824 1546 4892 πρᾶον,
1578 4824 1669 4877 τὸν
1699 4821 1792 4877 τοῦ

223 4905 475 4978 Σωτῆρος
497 4905 653 4977 ἡμῶν
681 4910 991 4967 ἀποστόλων
1020 4929 1079 4965 τε
1107 4914 1200 4967 καὶ
1229 4914 1486 4985 μαθητῶν
1520 4915 1666 4969 λαόν.

299 5162 432 5215 Ὀτι
489 5164 570 5217 σὺ
625 5168 857 5235 φωτιεῖς
911 5170 1017 5223 τόν
1067 5175 1298 5243 λύχνον
1328 5195 1467 5244 μου,
1512 5178 1709 5246 Κύριε,
1761 5182 1794 5233 ό

222 5254 367 5319 Θεός
388 5272 528 5322 μου,
548 5259 783 5326 φωτιεῖς
814 5261 877 5314 τὸ
910 5264 1128 5329 σκότος
1150 5284 1288 5334 μου.
1316 5268 1439 5321 Ὅτι
1464 5270 1534 5322 ἐν
1561 5270 1660 5324 σοὶ
1682 5272 1793 5338 ρυ-
1815 5271 1818 5274 ’

219 5342 524 5415 σθήσομαι
576 5348 696 5401 ἀπὸ
746 5351 849 5403 τοῦ
895 5357 1290 5421 πειρατηρίου,
1325 5359 1420 5410 καὶ
1450 5359 1520 5411 ἐνν
1560 5359 1640 5426 τῷ
1672 5360 1818 5427 Θεῷ⁶

218 5452 331 5503 μου
361 5439 771 5509 ὑπερϐήσομαι
800 5442 1012 5511 τεῖχος.
1054 5446 1239 5514 Ζητῶν
1272 5446 1327 5498 δέ
1358 5447 1448 5500 τὸν
1473 5449 1662 5520 λύχνον
1694 5451 1788 5505 τοῦ

221 5525 383 5585 Δαυῒδ
415 5521 571 5600 εὖρον
602 5531 660 5582 ἐν
697 5530 819 5602 ρλα⁸
846 5530 1043 5601 ψαλμῷ
1069 5533 1362 5605 φερόμενον
1402 5536 1481 5601 τὸ,
1510 5539 1664 5593 Ἐκεῖ
1702 5540 1791 5606 ἐξ.

217 5621 485 5675 ανατελῶ
510 5621 686 5689 κέρας
730 5622 811 5688 τῷ
836 5624 1016 5677 Δαυΐὸ
1033 5640 1046 5655 ·
1090 5610 1386 5703 ἦζοᾲιασα
1432 5630 1665 5699 λύχνον
1710 5633 1790 5699 τῷ

288 5734 363 5805 (ι)
404 5733 459 5790 ln
487 5733 751 5792 Hebraico
791 5737 984 5809 legitur
1006 5748 1110 5809 up,
1155 5742 1207 5797 id
1241 5750 1329 5799 est
1369 5757 1581 5812 pauper,
1644 5746 1893 5816 abjectus.

1902 4716 2097 4772 sione?
2140 4718 2289 4785 Quos
2331 4721 2459 4776 olim
2499 4721 2752 4791 superbis
2801 4722 2976 4778 oculis
3021 4723 3079 4780 in
3135 4721 3469 4782 Salvatorem

1901 4817 2153 4865 nostrum
2188 4812 2540 4883 insurgentes
2579 4813 2888 4871 humiliavit
2934 4814 3097 4883 Deus,
3121 4832 3185 4872 ac
3211 4816 3470 4875 humilem

1899 4898 2074 4965 illum,
2109 4912 2494 4973 pauperem-ct
2524 4913 2871 4960 mansuetum
2906 4906 3117 4961 salvum
3138 4907 3287 4974 fecit,
3321 4909 3472 4963 vide-

1896 4991 2025 5048 licet
2058 4993 2212 5048 illum
2246 4992 2545 5052 Salvatoris
2578 4996 2772 5061 nostri,
2805 4999 3178 5067 apostolorum
3208 5015 3273 5056 ac
3305 5001 3471 5057 disci-

1895 5085 2147 5153 pulorum
2174 5086 2453 5155 populum.

1964 5172 2129 5230 Vens.
2164 5175 2256 5238 29,
2300 5176 2387 5232 50.
2427 5177 2690 5244 Quoniam
2743 5189 2800 5235 tu
2841 5180 3172 5237 illuminabis
3203 5181 3469 5236 lucernam

1895 5283 2086 5334 meam,
2143 5266 2370 5323 Domine
2412 5268 2553 5324 Deus
2605 5288 2782 5340 meus,
2846 5272 3176 5330 illuminabis
3232 5272 3467 5327 tenebras

1895 5376 2058 5414 meas.
2102 5360 2368 5426 Quoniam
2405 5364 2459 5417 in
2492 5373 2537 5419 te
2564 5366 2763 5436 eripior
2785 5382 2818 5420 α
2850 5368 3156 5430 tentatione,
3184 5373 3234 5419 et
3264 5365 3318 5416 in
3354 5359 3465 5414 Deo

1895 5470 2008 5508 meo
2031 5455 2392 5525 transgredior
2418 5473 2645 5511 murum.
2679 5459 2815 5514 Cum
2849 5467 3030 5514 autem
3072 5457 3216 5511 illam
3247 5449 3467 5508 Davidis

1896 5544 2173 5599 lucernam
2216 5548 2605 5617 perquirerem,
2639 5550 2694 5604 in
2728 5566 2893 5605 cum
2921 5550 3131 5623 psalmo
3156 5542 3462 5613 deprehen»

1895 5634 1987 5690 di:
2022 5634 2143 5691 Illic
2192 5637 2473 5706 producam
2517 5657 2688 5696 cornu
2711 5641 2880 5696 David
2921 5682 2937 5709 ,
2970 5638 3152 5712 paravi
3191 5637 3457 5691 lucernam
