  <div class='ocr_page' id='page_1' title='image "/cluster/home/n/w/nwhite01/storage/ocr_20150623/23/hvd.32044073501116/095.png"; bbox 0 0 4042 6210; ppageno 0'>
   <div class='ocr_carea' id='block_1_1' title="bbox 560 334 665 392">
    <p class='ocr_par' dir='ltr' id='par_1_1' title="bbox 560 334 665 392">
     <span class='ocr_line' id='line_1_1' title="bbox 560 334 665 392; baseline -0.01 0"><span class='ocrx_word' id='word_1_1' title='bbox 560 334 665 392; x_wconf 71' lang='grc'><strong>1⁸79</strong></span> 
     </span>
    </p>
   </div>
   <div class='ocr_carea' id='block_1_2' title="bbox 1200 294 3075 383">
    <p class='ocr_par' dir='ltr' id='par_1_2' title="bbox 1200 294 3075 383">
     <span class='ocr_line' id='line_1_2' title="bbox 1200 294 3075 383; baseline -0.016 1"><span class='ocrx_word' id='word_1_2' title='bbox 1200 326 1471 383; x_wconf 67' lang='lat' dir='ltr'><strong>susum:</strong></span> <span class='ocrx_word' id='word_1_3' title='bbox 1506 316 1982 380; x_wconf 64' lang='lat' dir='ltr'><strong>CESARIENSIS</strong></span> <span class='ocrx_word' id='word_1_4' title='bbox 2020 298 2169 369; x_wconf 64' lang='lat' dir='ltr'><strong>opt).</strong></span> <span class='ocrx_word' id='word_1_5' title='bbox 2213 298 2395 365; x_wconf 66' lang='lat' dir='ltr'><strong>mus</strong></span> <span class='ocrx_word' id='word_1_6' title='bbox 2432 305 2516 362; x_wconf 93' lang='grc' dir='ltr'>ιιι.</span> <span class='ocrx_word' id='word_1_7' title='bbox 2557 337 2621 347; x_wconf 89' lang='grc'><strong>-</strong></span> <span class='ocrx_word' id='word_1_8' title='bbox 2664 294 3075 359; x_wconf 76' lang='lat' dir='ltr'><strong>EXEGETICA.</strong></span> 
     </span>
    </p>
   </div>
   <div class='ocr_carea' id='block_1_3' title="bbox 557 406 2149 507">
    <p class='ocr_par' dir='ltr' id='par_1_3' title="bbox 557 434 2123 507">
     <span class='ocr_line' id='line_1_3' title="bbox 557 434 2123 507; baseline -0.017 -1"><span class='ocrx_word' id='word_1_9' title='bbox 557 437 773 506; x_wconf 77' lang='lat' dir='ltr'><strong>Christo</strong></span> <span class='ocrx_word' id='word_1_10' title='bbox 812 444 922 500; x_wconf 64' lang='lat' dir='ltr'><strong>meo</strong></span> <span class='ocrx_word' id='word_1_11' title='bbox 945 443 1008 497; x_wconf 70' lang='grc'><strong>⁷⁸.</strong></span> <span class='ocrx_word' id='word_1_12' title='bbox 1042 442 1285 507; x_wconf 81' lang='lat' dir='ltr'><strong>Lucerna</strong></span> <span class='ocrx_word' id='word_1_13' title='bbox 1336 445 1516 493; x_wconf 90' lang='lat' dir='ltr'><strong>autem</strong></span> <span class='ocrx_word' id='word_1_14' title='bbox 1561 434 1785 490; x_wconf 77' lang='lat' dir='ltr'><strong>Christo</strong></span> <span class='ocrx_word' id='word_1_15' title='bbox 1822 436 2034 502; x_wconf 89' lang='lat' dir='ltr'><strong>parata,</strong></span> <span class='ocrx_word' id='word_1_16' title='bbox 2058 442 2123 482; x_wconf 66' lang='lat' dir='ltr'><strong>ex</strong></span> 
     </span>
    </p>
   </div>
   <div class='ocr_carea' id='block_1_4' title="bbox 2250 406 3827 507">
    <p class='ocr_par' dir='ltr' id='par_1_4' title="bbox 2250 406 3827 489">
     <span class='ocr_line' id='line_1_4' title="bbox 2250 406 3827 489; baseline -0.009 -16"><span class='ocrx_word' id='word_1_17' title='bbox 2250 419 2456 489; x_wconf 69' lang='grc' dir='ltr'>Κριστῷ</span> <span class='ocrx_word' id='word_1_18' title='bbox 2502 437 2641 488; x_wconf 82' lang='grc' dir='ltr'>μου.</span> <span class='ocrx_word' id='word_1_19' title='bbox 2678 417 2882 487; x_wconf 81' lang='grc' dir='ltr'><strong>Λύχνος</strong></span> <span class='ocrx_word' id='word_1_20' title='bbox 2916 415 2972 468; x_wconf 79' lang='grc' dir='ltr'><strong>δὲ</strong></span> <span class='ocrx_word' id='word_1_21' title='bbox 3026 410 3441 483; x_wconf 78' lang='grc' dir='ltr'>ἐτοιμαζόμενος</span> <span class='ocrx_word' id='word_1_22' title='bbox 3474 407 3551 479; x_wconf 79' lang='grc' dir='ltr'>τῷ</span> <span class='ocrx_word' id='word_1_23' title='bbox 3584 406 3827 480; x_wconf 79' lang='grc' dir='ltr'><strong>Χριστῷ</strong></span> 
     </span>
    </p>
   </div>
   <div class='ocr_carea' id='block_1_5' title="bbox 563 522 2133 604">
    <p class='ocr_par' dir='ltr' id='par_1_5' title="bbox 563 522 2133 604">
     <span class='ocr_line' id='line_1_5' title="bbox 563 522 2133 604; baseline -0.013 -8"><span class='ocrx_word' id='word_1_24' title='bbox 563 542 770 597; x_wconf 87' lang='lat' dir='ltr'><strong>semine</strong></span> <span class='ocrx_word' id='word_1_25' title='bbox 803 536 974 592; x_wconf 88' lang='lat' dir='ltr'><strong>David</strong></span> <span class='ocrx_word' id='word_1_26' title='bbox 1007 543 1151 598; x_wconf 87' lang='lat' dir='ltr'><strong>orta,</strong></span> <span class='ocrx_word' id='word_1_27' title='bbox 1180 532 1309 604; x_wconf 90' lang='lat' dir='ltr'><strong>quid</strong></span> <span class='ocrx_word' id='word_1_28' title='bbox 1346 528 1492 586; x_wconf 84' lang='lat' dir='ltr'><strong>aliud</strong></span> <span class='ocrx_word' id='word_1_29' title='bbox 1533 527 1717 591; x_wconf 79' lang='lat' dir='ltr'><strong>fuerit,</strong></span> <span class='ocrx_word' id='word_1_30' title='bbox 1753 537 1918 596; x_wconf 89' lang='lat' dir='ltr'><strong>quam</strong></span> <span class='ocrx_word' id='word_1_31' title='bbox 1952 522 2133 592; x_wconf 82' lang='lat' dir='ltr'><strong>proles</strong></span> 
     </span>
    </p>
   </div>
   <div class='ocr_carea' id='block_1_6' title="bbox 562 613 2133 701">
    <p class='ocr_par' dir='ltr' id='par_1_6' title="bbox 562 613 2133 701">
     <span class='ocr_line' id='line_1_6' title="bbox 562 613 2133 701; baseline -0.01 -16"><span class='ocrx_word' id='word_1_32' title='bbox 562 633 677 695; x_wconf 81' lang='lat' dir='ltr'><strong>illa,</strong></span> <span class='ocrx_word' id='word_1_33' title='bbox 708 645 829 701; x_wconf 58' lang='lat' dir='ltr'><strong>quae</strong></span> <span class='ocrx_word' id='word_1_34' title='bbox 859 628 1160 686; x_wconf 89' lang='lat' dir='ltr'><strong>secundum</strong></span> <span class='ocrx_word' id='word_1_35' title='bbox 1185 638 1406 681; x_wconf 87' lang='lat' dir='ltr'><strong>carnem</strong></span> <span class='ocrx_word' id='word_1_36' title='bbox 1433 638 1500 677; x_wconf 80' lang='lat' dir='ltr'><strong>ex</strong></span> <span class='ocrx_word' id='word_1_37' title='bbox 1530 618 1888 676; x_wconf 80' lang='lat' dir='ltr'><strong>successione</strong></span> <span class='ocrx_word' id='word_1_38' title='bbox 1916 613 2133 670; x_wconf 87' lang='lat' dir='ltr'><strong>Davidis</strong></span> 
     </span>
    </p>
   </div>
   <div class='ocr_carea' id='block_1_7' title="bbox 563 707 2132 791">
    <p class='ocr_par' dir='ltr' id='par_1_7' title="bbox 563 707 2132 791">
     <span class='ocr_line' id='line_1_7' title="bbox 563 707 2132 791; baseline -0.011 -16"><span class='ocrx_word' id='word_1_39' title='bbox 563 720 783 791; x_wconf 75' lang='lat' dir='ltr'><strong>prodiit;</strong></span> <span class='ocrx_word' id='word_1_40' title='bbox 803 734 908 791; x_wconf 82' lang='lat' dir='ltr'><strong>qua</strong></span> <span class='ocrx_word' id='word_1_41' title='bbox 941 734 1072 776; x_wconf 92' lang='lat' dir='ltr'><strong>usus</strong></span> <span class='ocrx_word' id='word_1_42' title='bbox 1098 716 1352 774; x_wconf 75' lang='lat' dir='ltr'><strong>Christus</strong></span> <span class='ocrx_word' id='word_1_43' title='bbox 1381 714 1474 785; x_wconf 87' lang='lat' dir='ltr'><strong>qui</strong></span> <span class='ocrx_word' id='word_1_44' title='bbox 1492 713 1548 775; x_wconf 86' lang='lat' dir='ltr'><strong>in</strong></span> <span class='ocrx_word' id='word_1_45' title='bbox 1572 727 1695 767; x_wconf 92' lang='lat' dir='ltr'><strong>eum</strong></span> <span class='ocrx_word' id='word_1_46' title='bbox 1723 708 1938 764; x_wconf 89' lang='lat' dir='ltr'><strong>Davidis</strong></span> <span class='ocrx_word' id='word_1_47' title='bbox 1968 707 2132 761; x_wconf 82' lang='lat' dir='ltr'><strong>fetum</strong></span> 
     </span>
    </p>
   </div>
   <div class='ocr_carea' id='block_1_8' title="bbox 562 796 2132 874">
    <p class='ocr_par' dir='ltr' id='par_1_8' title="bbox 562 796 2132 874">
     <span class='ocr_line' id='line_1_8' title="bbox 562 796 2132 874; baseline -0.011 -7"><span class='ocrx_word' id='word_1_48' title='bbox 562 810 800 874; x_wconf 80' lang='lat' dir='ltr'><strong>advenit,</strong></span> <span class='ocrx_word' id='word_1_49' title='bbox 816 807 1223 865; x_wconf 83' lang='lat' dir='ltr'><strong>radiosvirtutis</strong></span> <span class='ocrx_word' id='word_1_50' title='bbox 1244 818 1376 868; x_wconf 71' lang='lat' dir='ltr'><strong>suae,</strong></span> <span class='ocrx_word' id='word_1_51' title='bbox 1398 802 1770 870; x_wconf 78' lang='lat' dir='ltr'><strong>orientemque</strong></span> <span class='ocrx_word' id='word_1_52' title='bbox 1799 798 1941 851; x_wconf 82' lang='lat' dir='ltr'><strong>illam</strong></span> <span class='ocrx_word' id='word_1_53' title='bbox 1959 796 2132 851; x_wconf 89' lang='lat' dir='ltr'><strong>lucem</strong></span> 
     </span>
    </p>
   </div>
   <div class='ocr_carea' id='block_1_9' title="bbox 564 888 2137 964">
    <p class='ocr_par' dir='ltr' id='par_1_9' title="bbox 564 888 2137 964">
     <span class='ocr_line' id='line_1_9' title="bbox 564 888 2137 964; baseline -0.011 -8"><span class='ocrx_word' id='word_1_54' title='bbox 564 901 835 956; x_wconf 83' lang='lat' dir='ltr'><strong>universis</strong></span> <span class='ocrx_word' id='word_1_55' title='bbox 864 897 1179 953; x_wconf 91' lang='lat' dir='ltr'><strong>hominibus</strong></span> <span class='ocrx_word' id='word_1_56' title='bbox 1203 893 1496 964; x_wconf 80' lang='lat' dir='ltr'><strong>Splendere</strong></span> <span class='ocrx_word' id='word_1_57' title='bbox 1526 888 1692 945; x_wconf 81' lang='lat' dir='ltr'><strong>fecit?</strong></span> <span class='ocrx_word' id='word_1_58' title='bbox 1725 888 1904 955; x_wconf 86' lang='lat' dir='ltr'><strong>Quare</strong></span> <span class='ocrx_word' id='word_1_59' title='bbox 1919 888 1973 941; x_wconf 93' lang='lat' dir='ltr'><strong>in</strong></span> <span class='ocrx_word' id='word_1_60' title='bbox 1998 901 2137 957; x_wconf 69' lang='lat' dir='ltr'><strong>prae-</strong></span> 
     </span>
    </p>
   </div>
   <div class='ocr_carea' id='block_1_10' title="bbox 542 979 2136 1061">
    <p class='ocr_par' dir='ltr' id='par_1_10' title="bbox 542 979 2136 1061">
     <span class='ocr_line' id='line_1_10' title="bbox 542 979 2136 1061; baseline -0.009 -16"><span class='ocrx_word' id='word_1_61' title='bbox 542 991 725 1047; x_wconf 79' lang='lat' dir='ltr'><strong>ldictis</strong></span> <span class='ocrx_word' id='word_1_62' title='bbox 759 992 938 1047; x_wconf 85' lang='lat' dir='ltr'><strong>verbis</strong></span> <span class='ocrx_word' id='word_1_63' title='bbox 976 988 1298 1061; x_wconf 79' lang='lat' dir='ltr'><strong>prophetice</strong></span> <span class='ocrx_word' id='word_1_64' title='bbox 1327 983 1496 1039; x_wconf 86' lang='lat' dir='ltr'><strong>David</strong></span> <span class='ocrx_word' id='word_1_65' title='bbox 1543 983 1616 1037; x_wconf 89' lang='lat' dir='ltr'><strong>ita</strong></span> <span class='ocrx_word' id='word_1_66' title='bbox 1662 981 1905 1051; x_wconf 79' lang='lat' dir='ltr'><strong>loquitur</strong></span> <span class='ocrx_word' id='word_1_67' title='bbox 1938 998 1951 1034; x_wconf 88' lang='lat'><strong>:</strong></span> <span class='ocrx_word' id='word_1_68' title='bbox 1986 979 2136 1046; x_wconf 82' lang='lat' dir='ltr'><strong>Quo-</strong></span> 
     </span>
    </p>
   </div>
   <div class='ocr_carea' id='block_1_11' title="bbox 565 1069 2134 1139">
    <p class='ocr_par' dir='ltr' id='par_1_11' title="bbox 565 1069 2134 1139">
     <span class='ocr_line' id='line_1_11' title="bbox 565 1069 2134 1139; baseline -0.008 -2"><span class='ocrx_word' id='word_1_69' title='bbox 565 1085 707 1138; x_wconf 83' lang='lat' dir='ltr'><strong>niam</strong></span> <span class='ocrx_word' id='word_1_70' title='bbox 740 1094 794 1137; x_wconf 88' lang='lat' dir='ltr'><strong>tu</strong></span> <span class='ocrx_word' id='word_1_71' title='bbox 841 1082 1174 1136; x_wconf 88' lang='lat' dir='ltr'><strong>illuminabis</strong></span> <span class='ocrx_word' id='word_1_72' title='bbox 1219 1078 1490 1132; x_wconf 83' lang='lat' dir='ltr'><strong>lucernam</strong></span> <span class='ocrx_word' id='word_1_73' title='bbox 1538 1090 1728 1139; x_wconf 85' lang='lat' dir='ltr'><strong>meam,</strong></span> <span class='ocrx_word' id='word_1_74' title='bbox 1762 1073 2001 1127; x_wconf 81' lang='lat' dir='ltr'><strong>Domine.</strong></span> <span class='ocrx_word' id='word_1_75' title='bbox 2052 1069 2134 1124; x_wconf 88' lang='lat' dir='ltr'><strong>Tu</strong></span> 
     </span>
    </p>
   </div>
   <div class='ocr_carea' id='block_1_12' title="bbox 563 1167 2137 1246">
    <p class='ocr_par' dir='ltr' id='par_1_12' title="bbox 563 1167 2137 1246">
     <span class='ocr_line' id='line_1_12' title="bbox 563 1167 2137 1246; baseline -0.008 -16"><span class='ocrx_word' id='word_1_76' title='bbox 563 1175 706 1231; x_wconf 88' lang='lat' dir='ltr'><strong>enim</strong></span> <span class='ocrx_word' id='word_1_77' title='bbox 754 1175 872 1246; x_wconf 90' lang='lat' dir='ltr'><strong>ipse</strong></span> <span class='ocrx_word' id='word_1_78' title='bbox 917 1173 1207 1236; x_wconf 91' lang='lat' dir='ltr'><strong>Dominus,</strong></span> <span class='ocrx_word' id='word_1_79' title='bbox 1242 1169 1444 1240; x_wconf 81' lang='lat' dir='ltr'><strong>inquit,</strong></span> <span class='ocrx_word' id='word_1_80' title='bbox 1488 1169 1583 1239; x_wconf 89' lang='lat' dir='ltr'><strong>qui</strong></span> <span class='ocrx_word' id='word_1_81' title='bbox 1624 1182 1751 1223; x_wconf 91' lang='lat' dir='ltr'><strong>vera</strong></span> <span class='ocrx_word' id='word_1_82' title='bbox 1804 1167 1896 1220; x_wconf 76' lang='lat' dir='ltr'><strong>lux</strong></span> <span class='ocrx_word' id='word_1_83' title='bbox 1944 1181 2024 1231; x_wconf 88' lang='lat' dir='ltr'><strong>es,</strong></span> <span class='ocrx_word' id='word_1_84' title='bbox 2056 1181 2137 1219; x_wconf 86' lang='lat' dir='ltr'><strong>ar-</strong></span> 
     </span>
    </p>
   </div>
   <div class='ocr_carea' id='block_1_13' title="bbox 564 1256 2135 1336">
    <p class='ocr_par' dir='ltr' id='par_1_13' title="bbox 564 1256 2135 1336">
     <span class='ocr_line' id='line_1_13' title="bbox 564 1256 2135 1336; baseline -0.008 -15"><span class='ocrx_word' id='word_1_85' title='bbox 564 1282 699 1321; x_wconf 90' lang='lat' dir='ltr'><strong>cana</strong></span> <span class='ocrx_word' id='word_1_86' title='bbox 745 1266 980 1336; x_wconf 90' lang='lat' dir='ltr'><strong>quadam</strong></span> <span class='ocrx_word' id='word_1_87' title='bbox 1010 1264 1222 1318; x_wconf 87' lang='lat' dir='ltr'><strong>ratione</strong></span> <span class='ocrx_word' id='word_1_88' title='bbox 1266 1261 1444 1315; x_wconf 78' lang='lat' dir='ltr'><strong>uultus</strong></span> <span class='ocrx_word' id='word_1_89' title='bbox 1478 1259 1713 1317; x_wconf 72' lang='lat' dir='ltr'><strong>lucerna:</strong></span> <span class='ocrx_word' id='word_1_90' title='bbox 1738 1273 1800 1312; x_wconf 81' lang='lat' dir='ltr'><strong>ex</strong></span> <span class='ocrx_word' id='word_1_91' title='bbox 1837 1272 1921 1311; x_wconf 90' lang='lat' dir='ltr'><strong>me</strong></span> <span class='ocrx_word' id='word_1_92' title='bbox 1950 1256 2135 1326; x_wconf 88' lang='lat' dir='ltr'><strong>prodi-</strong></span> 
     </span>
    </p>
   </div>
   <div class='ocr_carea' id='block_1_14' title="bbox 567 1349 2137 1428">
    <p class='ocr_par' dir='ltr' id='par_1_14' title="bbox 567 1349 2137 1428">
     <span class='ocr_line' id='line_1_14' title="bbox 567 1349 2137 1428; baseline -0.007 -14"><span class='ocrx_word' id='word_1_93' title='bbox 567 1368 722 1422; x_wconf 66' lang='lat' dir='ltr'><strong>turae,</strong></span> <span class='ocrx_word' id='word_1_94' title='bbox 761 1359 937 1428; x_wconf 87' lang='lat' dir='ltr'><strong>ipsam</strong></span> <span class='ocrx_word' id='word_1_95' title='bbox 974 1353 1467 1419; x_wconf 87' lang='lat' dir='ltr'><strong>illuminabis;imo</strong></span> <span class='ocrx_word' id='word_1_96' title='bbox 1492 1353 1656 1407; x_wconf 90' lang='lat' dir='ltr'><strong>etiam</strong></span> <span class='ocrx_word' id='word_1_97' title='bbox 1686 1349 1961 1413; x_wconf 88' lang='lat' dir='ltr'><strong>tenebras,</strong></span> <span class='ocrx_word' id='word_1_98' title='bbox 1983 1349 2137 1418; x_wconf 82' lang='lat' dir='ltr'><strong>queis</strong></span> 
     </span>
    </p>
   </div>
   <div class='ocr_carea' id='block_1_15' title="bbox 565 1440 2136 1517">
    <p class='ocr_par' dir='ltr' id='par_1_15' title="bbox 565 1440 2136 1517">
     <span class='ocr_line' id='line_1_15' title="bbox 565 1440 2136 1517; baseline -0.007 -12"><span class='ocrx_word' id='word_1_99' title='bbox 565 1448 775 1506; x_wconf 75' lang='lat' dir='ltr'><strong>eﬂusus</strong></span> <span class='ocrx_word' id='word_1_100' title='bbox 810 1450 936 1503; x_wconf 90' lang='lat' dir='ltr'><strong>olim</strong></span> <span class='ocrx_word' id='word_1_101' title='bbox 969 1446 1068 1511; x_wconf 74' lang='lat' dir='ltr'><strong>tui,</strong></span> <span class='ocrx_word' id='word_1_102' title='bbox 1099 1446 1398 1517; x_wconf 88' lang='lat' dir='ltr'><strong>dissipabis</strong></span> <span class='ocrx_word' id='word_1_103' title='bbox 1437 1444 1689 1515; x_wconf 88' lang='lat' dir='ltr'><strong>penitus,</strong></span> <span class='ocrx_word' id='word_1_104' title='bbox 1723 1448 1783 1496; x_wconf 92' lang='lat' dir='ltr'><strong>ut</strong></span> <span class='ocrx_word' id='word_1_105' title='bbox 1818 1456 1886 1496; x_wconf 90' lang='lat' dir='ltr'><strong>ne</strong></span> <span class='ocrx_word' id='word_1_106' title='bbox 1917 1440 2136 1511; x_wconf 86' lang='lat' dir='ltr'><strong>quidem</strong></span> 
     </span>
    </p>
   </div>
   <div class='ocr_carea' id='block_1_16' title="bbox 568 1532 2138 1602">
    <p class='ocr_par' dir='ltr' id='par_1_16' title="bbox 568 1532 2138 1602">
     <span class='ocr_line' id='line_1_16' title="bbox 568 1532 2138 1602; baseline -0.006 -6"><span class='ocrx_word' id='word_1_107' title='bbox 568 1540 833 1597; x_wconf 85' lang='lat' dir='ltr'><strong>memoria</strong></span> <span class='ocrx_word' id='word_1_108' title='bbox 863 1555 1050 1595; x_wconf 92' lang='lat' dir='ltr'><strong>earum</strong></span> <span class='ocrx_word' id='word_1_109' title='bbox 1096 1547 1333 1593; x_wconf 87' lang='lat' dir='ltr'><strong>mentem</strong></span> <span class='ocrx_word' id='word_1_110' title='bbox 1376 1536 1571 1592; x_wconf 83' lang='lat' dir='ltr'><strong>subeat</strong></span> <span class='ocrx_word' id='word_1_111' title='bbox 1611 1549 1807 1589; x_wconf 85' lang='lat' dir='ltr'><strong>meam.</strong></span> <span class='ocrx_word' id='word_1_112' title='bbox 1856 1532 2138 1602; x_wconf 84' lang='lat' dir='ltr'><strong>Probeque</strong></span> 
     </span>
    </p>
   </div>
   <div class='ocr_carea' id='block_1_17' title="bbox 570 1627 2137 1701">
    <p class='ocr_par' dir='ltr' id='par_1_17' title="bbox 570 1627 2137 1701">
     <span class='ocr_line' id='line_1_17' title="bbox 570 1627 2137 1701; baseline -0.006 -15"><span class='ocrx_word' id='word_1_113' title='bbox 570 1631 718 1696; x_wconf 86' lang='lat' dir='ltr'><strong>novi,</strong></span> <span class='ocrx_word' id='word_1_114' title='bbox 746 1642 833 1685; x_wconf 89' lang='lat' dir='ltr'><strong>me</strong></span> <span class='ocrx_word' id='word_1_115' title='bbox 878 1631 929 1685; x_wconf 90' lang='lat' dir='ltr'><strong>vi</strong></span> <span class='ocrx_word' id='word_1_116' title='bbox 962 1640 1121 1701; x_wconf 89' lang='lat' dir='ltr'><strong>atque</strong></span> <span class='ocrx_word' id='word_1_117' title='bbox 1169 1629 1366 1684; x_wconf 89' lang='lat' dir='ltr'><strong>robore</strong></span> <span class='ocrx_word' id='word_1_118' title='bbox 1401 1635 1495 1681; x_wconf 90' lang='lat' dir='ltr'><strong>tuo</strong></span> <span class='ocrx_word' id='word_1_119' title='bbox 1541 1627 1889 1689; x_wconf 87' lang='lat' dir='ltr'><strong>instructum,</strong></span> <span class='ocrx_word' id='word_1_120' title='bbox 1921 1635 2137 1678; x_wconf 89' lang='lat' dir='ltr'><strong>murum</strong></span> 
     </span>
    </p>
   </div>
   <div class='ocr_carea' id='block_1_18' title="bbox 571 1723 2138 1791">
    <p class='ocr_par' dir='ltr' id='par_1_18' title="bbox 571 1723 2138 1791">
     <span class='ocr_line' id='line_1_18' title="bbox 571 1723 2138 1791; baseline -0.006 -13"><span class='ocrx_word' id='word_1_121' title='bbox 571 1725 722 1778; x_wconf 88' lang='lat' dir='ltr'><strong>illum</strong></span> <span class='ocrx_word' id='word_1_122' title='bbox 764 1723 1043 1785; x_wconf 73' lang='lat' dir='ltr'><strong>cmlestem</strong></span> <span class='ocrx_word' id='word_1_123' title='bbox 1088 1732 1562 1791; x_wconf 79' lang='lat' dir='ltr'><strong>transgressurum</strong></span> <span class='ocrx_word' id='word_1_124' title='bbox 1594 1732 1717 1773; x_wconf 91' lang='lat' dir='ltr'><strong>esse</strong></span> <span class='ocrx_word' id='word_1_125' title='bbox 1752 1736 1765 1773; x_wconf 90' lang='lat'><strong>:</strong></span> <span class='ocrx_word' id='word_1_126' title='bbox 1804 1725 1967 1786; x_wconf 88' lang='lat' dir='ltr'><strong>atque</strong></span> <span class='ocrx_word' id='word_1_127' title='bbox 2006 1723 2138 1770; x_wconf 86' lang='lat' dir='ltr'><strong>tunc</strong></span> 
     </span>
    </p>
   </div>
   <div class='ocr_carea' id='block_1_19' title="bbox 572 1803 2138 1885">
    <p class='ocr_par' dir='ltr' id='par_1_19' title="bbox 572 1803 2138 1885">
     <span class='ocr_line' id='line_1_19' title="bbox 572 1803 2138 1885; baseline -0.005 -17"><span class='ocrx_word' id='word_1_128' title='bbox 572 1817 623 1868; x_wconf 90' lang='lat' dir='ltr'><strong>in</strong></span> <span class='ocrx_word' id='word_1_129' title='bbox 654 1815 771 1869; x_wconf 86' lang='lat' dir='ltr'><strong>tuto</strong></span> <span class='ocrx_word' id='word_1_130' title='bbox 801 1815 1036 1885; x_wconf 85' lang='lat' dir='ltr'><strong>positus,</strong></span> <span class='ocrx_word' id='word_1_131' title='bbox 1069 1813 1302 1867; x_wconf 87' lang='lat' dir='ltr'><strong>salutem</strong></span> <span class='ocrx_word' id='word_1_132' title='bbox 1337 1825 1403 1865; x_wconf 76' lang='lat' dir='ltr'><strong>ex</strong></span> <span class='ocrx_word' id='word_1_133' title='bbox 1434 1818 1487 1864; x_wconf 90' lang='lat' dir='ltr'><strong>te</strong></span> <span class='ocrx_word' id='word_1_134' title='bbox 1519 1822 1845 1877; x_wconf 84' lang='lat' dir='ltr'><strong>consequar.</strong></span> <span class='ocrx_word' id='word_1_135' title='bbox 1876 1803 2002 1862; x_wconf 83' lang='lat' dir='ltr'><strong>Sive</strong></span> <span class='ocrx_word' id='word_1_136' title='bbox 2035 1806 2138 1861; x_wconf 88' lang='lat' dir='ltr'><strong>boc</strong></span> 
     </span>
    </p>
   </div>
   <div class='ocr_carea' id='block_1_20' title="bbox 571 1897 2139 1974">
    <p class='ocr_par' dir='ltr' id='par_1_20' title="bbox 571 1897 2139 1974">
     <span class='ocr_line' id='line_1_20' title="bbox 571 1897 2139 1974; baseline -0.006 -15"><span class='ocrx_word' id='word_1_137' title='bbox 571 1913 728 1974; x_wconf 87' lang='lat' dir='ltr'><strong>pacto</strong></span> <span class='ocrx_word' id='word_1_138' title='bbox 757 1923 771 1959; x_wconf 89' lang='lat'>:</span> <span class='ocrx_word' id='word_1_139' title='bbox 805 1902 1203 1974; x_wconf 87' lang='lat' dir='ltr'><strong>Transgrediar</strong></span> <span class='ocrx_word' id='word_1_140' title='bbox 1239 1899 1651 1970; x_wconf 84' lang='lat' dir='ltr'><strong>transiliamque</strong></span> <span class='ocrx_word' id='word_1_141' title='bbox 1680 1897 1863 1955; x_wconf 86' lang='lat' dir='ltr'><strong>Omnia</strong></span> <span class='ocrx_word' id='word_1_142' title='bbox 1900 1897 2139 1953; x_wconf 85' lang='lat' dir='ltr'><strong>hostium</strong></span> 
     </span>
    </p>
   </div>
   <div class='ocr_carea' id='block_1_21' title="bbox 572 1989 2143 2066">
    <p class='ocr_par' dir='ltr' id='par_1_21' title="bbox 572 1989 2143 2066">
     <span class='ocr_line' id='line_1_21' title="bbox 572 1989 2143 2066; baseline -0.006 -15"><span class='ocrx_word' id='word_1_143' title='bbox 572 1996 933 2061; x_wconf 87' lang='lat' dir='ltr'><strong>munimenta,</strong></span> <span class='ocrx_word' id='word_1_144' title='bbox 964 2004 1017 2052; x_wconf 92' lang='lat' dir='ltr'><strong>et</strong></span> <span class='ocrx_word' id='word_1_145' title='bbox 1058 2010 1219 2066; x_wconf 86' lang='lat' dir='ltr'><strong>sepes</strong></span> <span class='ocrx_word' id='word_1_146' title='bbox 1261 2002 1425 2065; x_wconf 87' lang='lat' dir='ltr'><strong>atque</strong></span> <span class='ocrx_word' id='word_1_147' title='bbox 1467 2007 1706 2058; x_wconf 91' lang='lat' dir='ltr'><strong>murum,</strong></span> <span class='ocrx_word' id='word_1_148' title='bbox 1741 2005 1901 2061; x_wconf 89' lang='lat' dir='ltr'><strong>quem</strong></span> <span class='ocrx_word' id='word_1_149' title='bbox 1950 1989 2007 2043; x_wconf 93' lang='lat' dir='ltr'><strong>in</strong></span> <span class='ocrx_word' id='word_1_150' title='bbox 2036 1989 2143 2044; x_wconf 92' lang='lat' dir='ltr'><strong>cir-</strong></span> 
     </span>
    </p>
   </div>
   <div class='ocr_carea' id='block_1_22' title="bbox 571 2086 1943 2155">
    <p class='ocr_par' dir='ltr' id='par_1_22' title="bbox 571 2086 1943 2155">
     <span class='ocr_line' id='line_1_22' title="bbox 571 2086 1943 2155; baseline -0.005 -10"><span class='ocrx_word' id='word_1_151' title='bbox 571 2088 725 2146; x_wconf 83' lang='lat' dir='ltr'><strong>cuitu</strong></span> <span class='ocrx_word' id='word_1_152' title='bbox 760 2104 904 2154; x_wconf 90' lang='lat' dir='ltr'><strong>meo,</strong></span> <span class='ocrx_word' id='word_1_153' title='bbox 938 2099 996 2144; x_wconf 92' lang='lat' dir='ltr'><strong>ut</strong></span> <span class='ocrx_word' id='word_1_154' title='bbox 1032 2086 1389 2153; x_wconf 87' lang='lat' dir='ltr'><strong>intercludar,</strong></span> <span class='ocrx_word' id='word_1_155' title='bbox 1419 2095 1629 2143; x_wconf 83' lang='lat' dir='ltr'><strong>struere</strong></span> <span class='ocrx_word' id='word_1_156' title='bbox 1668 2090 1943 2155; x_wconf 82' lang='lat' dir='ltr'><strong>satagunt.</strong></span> 
     </span>
    </p>
   </div>
   <div class='ocr_carea' id='block_1_23' title="bbox 640 2175 2148 2248">
    <p class='ocr_par' dir='ltr' id='par_1_23' title="bbox 640 2175 2148 2248">
     <span class='ocr_line' id='line_1_23' title="bbox 640 2175 2148 2248; baseline -0.003 -15"><span class='ocrx_word' id='word_1_157' title='bbox 640 2177 810 2233; x_wconf 71' lang='lat' dir='ltr'><strong>Vsus.</strong></span> <span class='ocrx_word' id='word_1_158' title='bbox 834 2179 926 2243; x_wconf 77' lang='lat' dir='ltr'><strong>5i,</strong></span> <span class='ocrx_word' id='word_1_159' title='bbox 960 2179 1049 2234; x_wconf 73' lang='lat'><strong>32.</strong></span> <span class='ocrx_word' id='word_1_160' title='bbox 1082 2179 1224 2234; x_wconf 91' lang='lat' dir='ltr'><strong>Deus</strong></span> <span class='ocrx_word' id='word_1_161' title='bbox 1255 2195 1419 2245; x_wconf 87' lang='lat' dir='ltr'><strong>meus,</strong></span> <span class='ocrx_word' id='word_1_162' title='bbox 1448 2178 1723 2248; x_wconf 80' lang='lat' dir='ltr'><strong>impolluta</strong></span> <span class='ocrx_word' id='word_1_163' title='bbox 1753 2177 1839 2231; x_wconf 75' lang='lat' dir='ltr'><strong>via</strong></span> <span class='ocrx_word' id='word_1_164' title='bbox 1868 2177 1981 2246; x_wconf 88' lang='lat' dir='ltr'><strong>ejus</strong></span> <span class='ocrx_word' id='word_1_165' title='bbox 2000 2192 2017 2229; x_wconf 92' lang='lat'><strong><em>:</em></strong></span> <span class='ocrx_word' id='word_1_166' title='bbox 2036 2175 2148 2230; x_wconf 87' lang='lat' dir='ltr'><strong>elo-</strong></span> 
     </span>
    </p>
   </div>
   <div class='ocr_carea' id='block_1_24' title="bbox 574 2268 2145 2343">
    <p class='ocr_par' dir='ltr' id='par_1_24' title="bbox 574 2268 2145 2343">
     <span class='ocr_line' id='line_1_24' title="bbox 574 2268 2145 2343; baseline -0.004 -17"><span class='ocrx_word' id='word_1_167' title='bbox 574 2273 698 2327; x_wconf 83' lang='lat' dir='ltr'><strong>auia</strong></span> <span class='ocrx_word' id='word_1_168' title='bbox 750 2268 962 2325; x_wconf 83' lang='lat' dir='ltr'><strong>Domini</strong></span> <span class='ocrx_word' id='word_1_169' title='bbox 996 2271 1113 2343; x_wconf 81' lang='lat' dir='ltr'><strong>igne</strong></span> <span class='ocrx_word' id='word_1_170' title='bbox 1143 2271 1472 2337; x_wconf 77' lang='lat' dir='ltr'><strong>examinata,</strong></span> <span class='ocrx_word' id='word_1_171' title='bbox 1503 2278 1765 2340; x_wconf 85' lang='lat' dir='ltr'><strong>protector</strong></span> <span class='ocrx_word' id='word_1_172' title='bbox 1806 2278 1883 2323; x_wconf 88' lang='lat' dir='ltr'><strong>est</strong></span> <span class='ocrx_word' id='word_1_173' title='bbox 1914 2268 2145 2323; x_wconf 89' lang='lat' dir='ltr'><strong>omnium</strong></span> 
     </span>
    </p>
   </div>
   <div class='ocr_carea' id='block_1_25' title="bbox 574 2363 2147 2436">
    <p class='ocr_par' dir='ltr' id='par_1_25' title="bbox 574 2363 2147 2436">
     <span class='ocr_line' id='line_1_25' title="bbox 574 2363 2147 2436; baseline -0.002 -16"><span class='ocrx_word' id='word_1_174' title='bbox 574 2367 899 2435; x_wconf 65' lang='lat' dir='ltr'><strong>spuantium</strong></span> <span class='ocrx_word' id='word_1_175' title='bbox 930 2367 985 2422; x_wconf 87' lang='lat' dir='ltr'><strong>in</strong></span> <span class='ocrx_word' id='word_1_176' title='bbox 1016 2384 1090 2423; x_wconf 84' lang='lat' dir='ltr'><strong>se.</strong></span> <span class='ocrx_word' id='word_1_177' title='bbox 1117 2366 1383 2434; x_wconf 71' lang='lat' dir='ltr'><strong>Quoniam</strong></span> <span class='ocrx_word' id='word_1_178' title='bbox 1422 2366 1540 2435; x_wconf 88' lang='lat' dir='ltr'><strong>quis</strong></span> <span class='ocrx_word' id='word_1_179' title='bbox 1581 2363 1719 2420; x_wconf 87' lang='lat' dir='ltr'><strong>Deus</strong></span> <span class='ocrx_word' id='word_1_180' title='bbox 1746 2376 1934 2436; x_wconf 78' lang='lat' dir='ltr'><strong>prwter</strong></span> <span class='ocrx_word' id='word_1_181' title='bbox 1962 2364 2147 2419; x_wconf 84' lang='lat' dir='ltr'><strong>Denti-</strong></span> 
     </span>
    </p>
   </div>
   <div class='ocr_carea' id='block_1_26' title="bbox 576 2455 2147 2531">
    <p class='ocr_par' dir='ltr' id='par_1_26' title="bbox 576 2455 2147 2531">
     <span class='ocr_line' id='line_1_26' title="bbox 576 2455 2147 2531; baseline -0.001 -19"><span class='ocrx_word' id='word_1_182' title='bbox 576 2461 748 2515; x_wconf 82' lang='lat' dir='ltr'><strong>num?</strong></span> <span class='ocrx_word' id='word_1_183' title='bbox 780 2469 874 2513; x_wconf 88' lang='lat' dir='ltr'><strong>aut</strong></span> <span class='ocrx_word' id='word_1_184' title='bbox 896 2460 1013 2531; x_wconf 84' lang='lat' dir='ltr'><strong>quis</strong></span> <span class='ocrx_word' id='word_1_185' title='bbox 1042 2458 1187 2514; x_wconf 81' lang='lat' dir='ltr'><strong>Deus</strong></span> <span class='ocrx_word' id='word_1_186' title='bbox 1219 2466 1412 2530; x_wconf 69' lang='lat' dir='ltr'><strong>prwter</strong></span> <span class='ocrx_word' id='word_1_187' title='bbox 1440 2456 1606 2512; x_wconf 79' lang='lat' dir='ltr'><strong>Deum</strong></span> <span class='ocrx_word' id='word_1_188' title='bbox 1641 2461 1919 2513; x_wconf 73' lang='lat' dir='ltr'><strong>nostrum?</strong></span> <span class='ocrx_word' id='word_1_189' title='bbox 1948 2455 2147 2528; x_wconf 91' lang='lat' dir='ltr'><strong>lmpol-</strong></span> 
     </span>
    </p>
   </div>
   <div class='ocr_carea' id='block_1_27' title="bbox 577 2548 2145 2621">
    <p class='ocr_par' dir='ltr' id='par_1_27' title="bbox 577 2548 2145 2621">
     <span class='ocr_line' id='line_1_27' title="bbox 577 2548 2145 2621; baseline 0 -18"><span class='ocrx_word' id='word_1_190' title='bbox 577 2553 746 2606; x_wconf 85' lang='lat' dir='ltr'><strong>tutam</strong></span> <span class='ocrx_word' id='word_1_191' title='bbox 779 2550 1056 2621; x_wconf 57' lang='lat' dir='ltr'><strong>praedicat,</strong></span> <span class='ocrx_word' id='word_1_192' title='bbox 1084 2551 1139 2606; x_wconf 89' lang='lat' dir='ltr'><strong>id</strong></span> <span class='ocrx_word' id='word_1_193' title='bbox 1192 2556 1277 2607; x_wconf 88' lang='lat' dir='ltr'><strong>est</strong></span> <span class='ocrx_word' id='word_1_194' title='bbox 1327 2549 1684 2620; x_wconf 86' lang='lat' dir='ltr'><strong>iueulpatam,</strong></span> <span class='ocrx_word' id='word_1_195' title='bbox 1711 2548 2145 2604; x_wconf 82' lang='lat' dir='ltr'><strong>administratio-</strong></span> 
     </span>
    </p>
   </div>
   <div class='ocr_carea' id='block_1_28' title="bbox 574 2637 2146 2715">
    <p class='ocr_par' dir='ltr' id='par_1_28' title="bbox 574 2637 2146 2715">
     <span class='ocr_line' id='line_1_28' title="bbox 574 2637 2146 2715; baseline -0.003 -17"><span class='ocrx_word' id='word_1_196' title='bbox 574 2656 699 2699; x_wconf 79' lang='lat' dir='ltr'><strong>nem</strong></span> <span class='ocrx_word' id='word_1_197' title='bbox 732 2644 872 2712; x_wconf 84' lang='lat' dir='ltr'><strong>ejus,</strong></span> <span class='ocrx_word' id='word_1_198' title='bbox 903 2660 967 2699; x_wconf 92' lang='lat' dir='ltr'><strong>ac</strong></span> <span class='ocrx_word' id='word_1_199' title='bbox 1012 2644 1364 2715; x_wconf 72' lang='lat' dir='ltr'><strong>providentiaé</strong></span> <span class='ocrx_word' id='word_1_200' title='bbox 1410 2641 1796 2699; x_wconf 77' lang='lat' dir='ltr'><strong>ceconomlam.</strong></span> <span class='ocrx_word' id='word_1_201' title='bbox 1833 2637 1937 2697; x_wconf 86' lang='lat' dir='ltr'><strong>Sed</strong></span> <span class='ocrx_word' id='word_1_202' title='bbox 1982 2640 2146 2695; x_wconf 87' lang='lat' dir='ltr'><strong>etiam</strong></span> 
     </span>
    </p>
   </div>
   <div class='ocr_carea' id='block_1_29' title="bbox 572 2734 2148 2808">
    <p class='ocr_par' dir='ltr' id='par_1_29' title="bbox 572 2734 2148 2808">
     <span class='ocr_line' id='line_1_29' title="bbox 572 2734 2148 2808; baseline -0.003 -17"><span class='ocrx_word' id='word_1_203' title='bbox 572 2737 787 2808; x_wconf 87' lang='lat' dir='ltr'><strong>eloquia</strong></span> <span class='ocrx_word' id='word_1_204' title='bbox 814 2738 934 2807; x_wconf 83' lang='lat' dir='ltr'><strong>ejus</strong></span> <span class='ocrx_word' id='word_1_205' title='bbox 968 2737 1091 2808; x_wconf 87' lang='lat' dir='ltr'><strong>igne</strong></span> <span class='ocrx_word' id='word_1_206' title='bbox 1120 2738 1455 2801; x_wconf 78' lang='lat' dir='ltr'><strong>examinata,</strong></span> <span class='ocrx_word' id='word_1_207' title='bbox 1489 2736 1605 2792; x_wconf 89' lang='lat' dir='ltr'><strong>sive</strong></span> <span class='ocrx_word' id='word_1_208' title='bbox 1638 2735 1873 2791; x_wconf 88' lang='lat' dir='ltr'><strong>sollicite</strong></span> <span class='ocrx_word' id='word_1_209' title='bbox 1923 2734 2148 2804; x_wconf 88' lang='lat' dir='ltr'><strong>probata</strong></span> 
     </span>
    </p>
   </div>
   <div class='ocr_carea' id='block_1_30' title="bbox 572 2827 2151 2901">
    <p class='ocr_par' dir='ltr' id='par_1_30' title="bbox 572 2827 2151 2901">
     <span class='ocr_line' id='line_1_30' title="bbox 572 2827 2151 2901; baseline -0.003 -16"><span class='ocrx_word' id='word_1_210' title='bbox 572 2830 974 2901; x_wconf 76' lang='lat' dir='ltr'><strong>exquisitaque,</strong></span> <span class='ocrx_word' id='word_1_211' title='bbox 1011 2845 1188 2899; x_wconf 87' lang='lat' dir='ltr'><strong>neque</strong></span> <span class='ocrx_word' id='word_1_212' title='bbox 1220 2830 1454 2885; x_wconf 85' lang='lat' dir='ltr'><strong>ulterius</strong></span> <span class='ocrx_word' id='word_1_213' title='bbox 1493 2827 1826 2899; x_wconf 76' lang='lat' dir='ltr'><strong>exploranda</strong></span> <span class='ocrx_word' id='word_1_214' title='bbox 1874 2833 2037 2891; x_wconf 89' lang='lat' dir='ltr'><strong>sunt;</strong></span> <span class='ocrx_word' id='word_1_215' title='bbox 2064 2829 2151 2888; x_wconf 64' lang='lat' dir='ltr'><strong>ni;</strong></span> 
     </span>
    </p>
   </div>
   <div class='ocr_carea' id='block_1_31' title="bbox 575 2917 2151 2991">
    <p class='ocr_par' dir='ltr' id='par_1_31' title="bbox 575 2917 2151 2991">
     <span class='ocr_line' id='line_1_31' title="bbox 575 2917 2151 2991; baseline -0.001 -15"><span class='ocrx_word' id='word_1_216' title='bbox 575 2922 653 2976; x_wconf 86' lang='lat' dir='ltr'><strong>bil</strong></span> <span class='ocrx_word' id='word_1_217' title='bbox 686 2921 891 2991; x_wconf 91' lang='lat' dir='ltr'><strong>quippe</strong></span> <span class='ocrx_word' id='word_1_218' title='bbox 918 2920 1112 2975; x_wconf 69' lang='lat' dir='ltr'><strong>aliena:</strong></span> <span class='ocrx_word' id='word_1_219' title='bbox 1141 2920 1384 2975; x_wconf 75' lang='lat' dir='ltr'><strong>materia:</strong></span> <span class='ocrx_word' id='word_1_220' title='bbox 1437 2919 1573 2990; x_wconf 90' lang='lat' dir='ltr'><strong>ipsis</strong></span> <span class='ocrx_word' id='word_1_221' title='bbox 1621 2917 1914 2975; x_wconf 87' lang='lat' dir='ltr'><strong>admistum</strong></span> <span class='ocrx_word' id='word_1_222' title='bbox 1958 2919 2151 2990; x_wconf 88' lang='lat' dir='ltr'><strong>depre-</strong></span> 
     </span>
    </p>
   </div>
   <div class='ocr_carea' id='block_1_32' title="bbox 578 3011 2148 3084">
    <p class='ocr_par' dir='ltr' id='par_1_32' title="bbox 578 3011 2148 3084">
     <span class='ocr_line' id='line_1_32' title="bbox 578 3011 2148 3084; baseline 0 -16"><span class='ocrx_word' id='word_1_223' title='bbox 578 3015 819 3069; x_wconf 78' lang='lat' dir='ltr'><strong>hendere</strong></span> <span class='ocrx_word' id='word_1_224' title='bbox 846 3021 931 3069; x_wconf 88' lang='lat' dir='ltr'><strong>est</strong></span> <span class='ocrx_word' id='word_1_225' title='bbox 974 3032 988 3067; x_wconf 91' lang='lat'><strong>:</strong></span> <span class='ocrx_word' id='word_1_226' title='bbox 1026 3012 1209 3083; x_wconf 89' lang='lat' dir='ltr'><strong>qualia</strong></span> <span class='ocrx_word' id='word_1_227' title='bbox 1238 3020 1367 3068; x_wconf 90' lang='lat' dir='ltr'><strong>sunt</strong></span> <span class='ocrx_word' id='word_1_228' title='bbox 1401 3011 1620 3082; x_wconf 90' lang='lat' dir='ltr'><strong>eloquia</strong></span> <span class='ocrx_word' id='word_1_229' title='bbox 1652 3011 1956 3081; x_wconf 88' lang='lat' dir='ltr'><strong>sapientum</strong></span> <span class='ocrx_word' id='word_1_230' title='bbox 1983 3011 2148 3084; x_wconf 88' lang='lat' dir='ltr'><strong>hujus</strong></span> 
     </span>
    </p>
   </div>
   <div class='ocr_carea' id='block_1_33' title="bbox 2236 500 3829 583">
    <p class='ocr_par' dir='ltr' id='par_1_33' title="bbox 2236 500 3829 583">
     <span class='ocr_line' id='line_1_33' title="bbox 2236 500 3829 583; baseline -0.009 -18"><span class='ocrx_word' id='word_1_231' title='bbox 2236 515 2298 565; x_wconf 79' lang='grc' dir='ltr'><strong>ἐκ</strong></span> <span class='ocrx_word' id='word_1_232' title='bbox 2346 512 2655 583; x_wconf 80' lang='grc' dir='ltr'>σπέρματος</span> <span class='ocrx_word' id='word_1_233' title='bbox 2688 507 2850 563; x_wconf 74' lang='grc' dir='ltr'>Δαυτδ</span> <span class='ocrx_word' id='word_1_234' title='bbox 2884 508 2967 570; x_wconf 86' lang='grc' dir='ltr'><strong>τίς</strong></span> <span class='ocrx_word' id='word_1_235' title='bbox 2998 505 3063 559; x_wconf 82' lang='grc' dir='ltr'><strong>ἂν</strong></span> <span class='ocrx_word' id='word_1_236' title='bbox 3085 504 3293 573; x_wconf 85' lang='grc' dir='ltr'>γένοιτο</span> <span class='ocrx_word' id='word_1_237' title='bbox 3318 502 3352 574; x_wconf 80' lang='grc' dir='ltr'>ἢ</span> <span class='ocrx_word' id='word_1_238' title='bbox 3387 502 3449 554; x_wconf 86' lang='grc' dir='ltr'>τὺ</span> <span class='ocrx_word' id='word_1_239' title='bbox 3473 501 3720 571; x_wconf 80' lang='grc' dir='ltr'>γέννημα</span> <span class='ocrx_word' id='word_1_240' title='bbox 3747 500 3829 552; x_wconf 78' lang='grc' dir='ltr'>τὺ</span> 
     </span>
    </p>
   </div>
   <div class='ocr_carea' id='block_1_34' title="bbox 2235 585 3829 673">
    <p class='ocr_par' dir='ltr' id='par_1_34' title="bbox 2235 585 3829 673">
     <span class='ocr_line' id='line_1_34' title="bbox 2235 585 3829 673; baseline -0.005 -18"><span class='ocrx_word' id='word_1_241' title='bbox 2235 601 2374 655; x_wconf 80' lang='grc' dir='ltr'>κατὰ</span> <span class='ocrx_word' id='word_1_242' title='bbox 2409 604 2586 673; x_wconf 81' lang='grc' dir='ltr'>σάρκα</span> <span class='ocrx_word' id='word_1_243' title='bbox 2613 601 2905 671; x_wconf 85' lang='grc' dir='ltr'>γενόμενον</span> <span class='ocrx_word' id='word_1_244' title='bbox 2937 601 3000 652; x_wconf 76' lang='grc' dir='ltr'><strong>ἐκ</strong></span> <span class='ocrx_word' id='word_1_245' title='bbox 3037 594 3285 666; x_wconf 79' lang='grc' dir='ltr'><strong>διαδοχῆς</strong></span> <span class='ocrx_word' id='word_1_246' title='bbox 3317 592 3496 657; x_wconf 77' lang='grc' dir='ltr'><strong>Δαυῖδ,</strong></span> <span class='ocrx_word' id='word_1_247' title='bbox 3530 585 3575 660; x_wconf 81' lang='grc' dir='ltr'>ᾧ</span> <span class='ocrx_word' id='word_1_248' title='bbox 3609 591 3829 663; x_wconf 66' lang='grc' dir='ltr'>κέχρη-</span> 
     </span>
    </p>
   </div>
   <div class='ocr_carea' id='block_1_35' title="bbox 2234 683 3832 764">
    <p class='ocr_par' dir='ltr' id='par_1_35' title="bbox 2234 683 3832 764">
     <span class='ocr_line' id='line_1_35' title="bbox 2234 683 3832 764; baseline -0.006 -17"><span class='ocrx_word' id='word_1_249' title='bbox 2234 712 2320 747; x_wconf 90' lang='grc' dir='ltr'><strong>ται</strong></span> <span class='ocrx_word' id='word_1_250' title='bbox 2353 695 2381 745; x_wconf 85' lang='grc' dir='ltr'>ὁ</span> <span class='ocrx_word' id='word_1_251' title='bbox 2412 695 2642 764; x_wconf 83' lang='grc' dir='ltr'>Χριστὸς</span> <span class='ocrx_word' id='word_1_252' title='bbox 2670 694 2730 744; x_wconf 84' lang='grc' dir='ltr'>ὲν</span> <span class='ocrx_word' id='word_1_253' title='bbox 2760 690 2909 761; x_wconf 85' lang='grc' dir='ltr'>αὑτῷ</span> <span class='ocrx_word' id='word_1_254' title='bbox 2939 688 3247 759; x_wconf 87' lang='grc' dir='ltr'>γενόμενος,</span> <span class='ocrx_word' id='word_1_255' title='bbox 3278 686 3373 740; x_wconf 70' lang='grc' dir='ltr'>καὶ</span> <span class='ocrx_word' id='word_1_256' title='bbox 3399 684 3496 749; x_wconf 83' lang='grc' dir='ltr'><strong>τὰς</strong></span> <span class='ocrx_word' id='word_1_257' title='bbox 3520 683 3619 753; x_wconf 72' lang='grc' dir='ltr'>τῆς</span> <span class='ocrx_word' id='word_1_258' title='bbox 3650 684 3832 738; x_wconf 75' lang='grc' dir='ltr'>δυνά-</span> 
     </span>
    </p>
   </div>
   <div class='ocr_carea' id='block_1_36' title="bbox 2238 775 3831 857">
    <p class='ocr_par' dir='ltr' id='par_1_36' title="bbox 2238 775 3831 857">
     <span class='ocr_line' id='line_1_36' title="bbox 2238 775 3831 857; baseline -0.009 -16"><span class='ocrx_word' id='word_1_259' title='bbox 2238 803 2381 857; x_wconf 83' lang='grc' dir='ltr'>μεως</span> <span class='ocrx_word' id='word_1_260' title='bbox 2400 786 2561 839; x_wconf 78' lang='grc' dir='ltr'>αὐτοῦ</span> <span class='ocrx_word' id='word_1_261' title='bbox 2594 782 2958 856; x_wconf 80' lang='grc' dir='ltr'><strong>μαρμαρυγὰς</strong></span> <span class='ocrx_word' id='word_1_262' title='bbox 2981 781 3075 835; x_wconf 73' lang='grc' dir='ltr'>καὶ</span> <span class='ocrx_word' id='word_1_263' title='bbox 3100 778 3195 833; x_wconf 76' lang='grc' dir='ltr'>τοῦ</span> <span class='ocrx_word' id='word_1_264' title='bbox 3226 777 3401 849; x_wconf 84' lang='grc' dir='ltr'>φωτὸς</span> <span class='ocrx_word' id='word_1_265' title='bbox 3430 777 3526 841; x_wconf 83' lang='grc' dir='ltr'>τὰς</span> <span class='ocrx_word' id='word_1_266' title='bbox 3548 775 3831 839; x_wconf 78' lang='grc' dir='ltr'>ἀνατολὰς</span> 
     </span>
    </p>
   </div>
   <div class='ocr_carea' id='block_1_37' title="bbox 2236 866 3829 948">
    <p class='ocr_par' dir='ltr' id='par_1_37' title="bbox 2236 866 3829 948">
     <span class='ocr_line' id='line_1_37' title="bbox 2236 866 3829 948; baseline -0.005 -17"><span class='ocrx_word' id='word_1_267' title='bbox 2236 882 2398 933; x_wconf 73' lang='grc' dir='ltr'>πᾶσιν</span> <span class='ocrx_word' id='word_1_268' title='bbox 2432 866 2730 948; x_wconf 72' lang='grc' dir='ltr'>ἐξέλαμψεν</span> <span class='ocrx_word' id='word_1_269' title='bbox 2761 874 3094 947; x_wconf 80' lang='grc' dir='ltr'>ἀνθρώποις;</span> <span class='ocrx_word' id='word_1_270' title='bbox 3117 873 3206 926; x_wconf 72' lang='grc' dir='ltr'><strong>Διὸ</strong></span> <span class='ocrx_word' id='word_1_271' title='bbox 3237 872 3331 926; x_wconf 74' lang='grc' dir='ltr'>καὶ</span> <span class='ocrx_word' id='word_1_272' title='bbox 3359 874 3416 925; x_wconf 83' lang='grc' dir='ltr'>ὲν</span> <span class='ocrx_word' id='word_1_273' title='bbox 3446 874 3556 933; x_wconf 80' lang='grc' dir='ltr'>τοῖς</span> <span class='ocrx_word' id='word_1_274' title='bbox 3587 886 3829 940; x_wconf 69' lang='grc' dir='ltr'>προκει-</span> 
     </span>
    </p>
   </div>
   <div class='ocr_carea' id='block_1_38' title="bbox 2240 961 3829 1044">
    <p class='ocr_par' dir='ltr' id='par_1_38' title="bbox 2240 961 3829 1044">
     <span class='ocr_line' id='line_1_38' title="bbox 2240 961 3829 1044; baseline -0.008 -19"><span class='ocrx_word' id='word_1_275' title='bbox 2240 973 2419 1043; x_wconf 80' lang='grc' dir='ltr'><strong>μένοις</strong></span> <span class='ocrx_word' id='word_1_276' title='bbox 2453 969 2803 1044; x_wconf 81' lang='grc' dir='ltr'><strong>προφητικῶς</strong></span> <span class='ocrx_word' id='word_1_277' title='bbox 2831 985 2993 1039; x_wconf 84' lang='grc' dir='ltr'>φησιν</span> <span class='ocrx_word' id='word_1_278' title='bbox 3022 966 3259 1020; x_wconf 75' lang='grc' dir='ltr'><strong>ὀΔαυῖδ·</strong></span> <span class='ocrx_word' id='word_1_279' title='bbox 3295 965 3414 1017; x_wconf 72' lang='grc' dir='ltr'>’Ότι</span> <span class='ocrx_word' id='word_1_280' title='bbox 3459 962 3542 1017; x_wconf 84' lang='grc' dir='ltr'>σὺ</span> <span class='ocrx_word' id='word_1_281' title='bbox 3577 961 3829 1031; x_wconf 75' lang='grc' dir='ltr'>φωτιεῖς</span> 
     </span>
    </p>
   </div>
   <div class='ocr_carea' id='block_1_39' title="bbox 2236 1054 3827 1132">
    <p class='ocr_par' dir='ltr' id='par_1_39' title="bbox 2236 1054 3827 1132">
     <span class='ocr_line' id='line_1_39' title="bbox 2236 1054 3827 1132; baseline -0.004 -16"><span class='ocrx_word' id='word_1_282' title='bbox 2236 1066 2468 1132; x_wconf 76' lang='grc' dir='ltr'>λύχνον</span> <span class='ocrx_word' id='word_1_283' title='bbox 2516 1079 2656 1131; x_wconf 80' lang='grc' dir='ltr'>μου,</span> <span class='ocrx_word' id='word_1_284' title='bbox 2696 1062 2890 1128; x_wconf 83' lang='grc' dir='ltr'>Κύριε.</span> <span class='ocrx_word' id='word_1_285' title='bbox 2945 1060 3017 1113; x_wconf 78' lang='grc' dir='ltr'><strong>Σὺ</strong></span> <span class='ocrx_word' id='word_1_286' title='bbox 3069 1059 3177 1131; x_wconf 81' lang='grc' dir='ltr'>γὰρ</span> <span class='ocrx_word' id='word_1_287' title='bbox 3209 1057 3390 1120; x_wconf 80' lang='grc' dir='ltr'>αὑτὸς,</span> <span class='ocrx_word' id='word_1_288' title='bbox 3424 1056 3606 1125; x_wconf 77' lang='grc' dir='ltr'>φησὶν,</span> <span class='ocrx_word' id='word_1_289' title='bbox 3637 1057 3669 1107; x_wconf 83' lang='grc' dir='ltr'><strong>ό</strong></span> <span class='ocrx_word' id='word_1_290' title='bbox 3698 1054 3827 1110; x_wconf 80' lang='grc' dir='ltr'><strong>Κύ-</strong></span> 
     </span>
    </p>
   </div>
   <div class='ocr_carea' id='block_1_40' title="bbox 2242 1149 3824 1226">
    <p class='ocr_par' dir='ltr' id='par_1_40' title="bbox 2242 1149 3824 1226">
     <span class='ocr_line' id='line_1_40' title="bbox 2242 1149 3824 1226; baseline -0.003 -19"><span class='ocrx_word' id='word_1_291' title='bbox 2242 1171 2373 1226; x_wconf 87' lang='grc' dir='ltr'>ριος,</span> <span class='ocrx_word' id='word_1_292' title='bbox 2406 1155 2467 1206; x_wconf 80' lang='grc' dir='ltr'><strong>τὸ</strong></span> <span class='ocrx_word' id='word_1_293' title='bbox 2499 1154 2615 1223; x_wconf 80' lang='grc' dir='ltr'><strong>φῶς</strong></span> <span class='ocrx_word' id='word_1_294' title='bbox 2654 1153 2712 1206; x_wconf 77' lang='grc' dir='ltr'>τὸ</span> <span class='ocrx_word' id='word_1_295' title='bbox 2761 1152 3008 1223; x_wconf 79' lang='grc' dir='ltr'>ἀληθινὸν</span> <span class='ocrx_word' id='word_1_296' title='bbox 3050 1151 3355 1222; x_wconf 80' lang='grc' dir='ltr'><strong>τυγχάνων,</strong></span> <span class='ocrx_word' id='word_1_297' title='bbox 3395 1149 3632 1215; x_wconf 76' lang='grc' dir='ltr'>ἐνωθείς</span> <span class='ocrx_word' id='word_1_298' title='bbox 3677 1163 3824 1202; x_wconf 64' lang='lat' dir='ltr'><strong>me:</strong></span> 
     </span>
    </p>
   </div>
   <div class='ocr_carea' id='block_1_41' title="bbox 2238 1240 3825 1317">
    <p class='ocr_par' dir='ltr' id='par_1_41' title="bbox 2238 1240 3825 1317">
     <span class='ocr_line' id='line_1_41' title="bbox 2238 1240 3825 1317; baseline -0.003 -19"><span class='ocrx_word' id='word_1_299' title='bbox 2238 1247 2560 1317; x_wconf 72' lang='grc' dir='ltr'>ἀπορρήτως</span> <span class='ocrx_word' id='word_1_300' title='bbox 2587 1244 2663 1315; x_wconf 80' lang='grc' dir='ltr'>τῷ</span> <span class='ocrx_word' id='word_1_301' title='bbox 2693 1244 2750 1309; x_wconf 74' lang='grc' dir='ltr'>ἐξ</span> <span class='ocrx_word' id='word_1_302' title='bbox 2791 1243 2923 1315; x_wconf 74' lang='grc' dir='ltr'>ἐμοῦ</span> <span class='ocrx_word' id='word_1_303' title='bbox 2955 1243 3303 1314; x_wconf 81' lang='grc' dir='ltr'>γενησομένῳ</span> <span class='ocrx_word' id='word_1_304' title='bbox 3358 1240 3553 1313; x_wconf 80' lang='grc' dir='ltr'>λύχνῳ,</span> <span class='ocrx_word' id='word_1_305' title='bbox 3590 1245 3825 1312; x_wconf 81' lang='grc' dir='ltr'>φωτιεῖς</span> 
     </span>
    </p>
   </div>
   <div class='ocr_carea' id='block_1_42' title="bbox 2239 1334 3821 1407">
    <p class='ocr_par' dir='ltr' id='par_1_42' title="bbox 2239 1334 3821 1407">
     <span class='ocr_line' id='line_1_42' title="bbox 2239 1334 3821 1407; baseline -0.003 -15"><span class='ocrx_word' id='word_1_306' title='bbox 2239 1339 2427 1392; x_wconf 74' lang='grc' dir='ltr'>αὐτόν’</span> <span class='ocrx_word' id='word_1_307' title='bbox 2452 1336 2588 1392; x_wconf 73' lang='grc' dir='ltr'>ἀλλὰ</span> <span class='ocrx_word' id='word_1_308' title='bbox 2615 1339 2706 1390; x_wconf 75' lang='grc' dir='ltr'><strong>καὶ</strong></span> <span class='ocrx_word' id='word_1_309' title='bbox 2739 1338 2799 1389; x_wconf 82' lang='grc' dir='ltr'>τὸ</span> <span class='ocrx_word' id='word_1_310' title='bbox 2822 1336 3172 1407; x_wconf 77' lang='grc' dir='ltr'>ἐγγενόμενόν</span> <span class='ocrx_word' id='word_1_311' title='bbox 3201 1334 3288 1407; x_wconf 86' lang='grc' dir='ltr'><strong>μοί</strong></span> <span class='ocrx_word' id='word_1_312' title='bbox 3319 1340 3447 1388; x_wconf 78' lang='grc' dir='ltr'>ποτε</span> <span class='ocrx_word' id='word_1_313' title='bbox 3475 1334 3662 1398; x_wconf 78' lang='grc' dir='ltr'><strong>σκότος</strong></span> <span class='ocrx_word' id='word_1_314' title='bbox 3691 1336 3821 1388; x_wconf 81' lang='grc' dir='ltr'>τότε</span> 
     </span>
    </p>
   </div>
   <div class='ocr_carea' id='block_1_43' title="bbox 2240 1426 3823 1499">
    <p class='ocr_par' dir='ltr' id='par_1_43' title="bbox 2240 1426 3823 1499">
     <span class='ocr_line' id='line_1_43' title="bbox 2240 1426 3823 1499; baseline -0.001 -16"><span class='ocrx_word' id='word_1_315' title='bbox 2240 1430 2511 1493; x_wconf 78' lang='grc' dir='ltr'><strong>παντελῶς</strong></span> <span class='ocrx_word' id='word_1_316' title='bbox 2545 1428 2832 1498; x_wconf 86' lang='grc' dir='ltr'>περιελεῖς,</span> <span class='ocrx_word' id='word_1_317' title='bbox 2861 1429 2935 1491; x_wconf 85' lang='grc' dir='ltr'>ὡς</span> <span class='ocrx_word' id='word_1_318' title='bbox 2971 1428 3103 1499; x_wconf 85' lang='grc' dir='ltr'>μηδὲ</span> <span class='ocrx_word' id='word_1_319' title='bbox 3152 1429 3370 1499; x_wconf 80' lang='grc' dir='ltr'>μνήμην</span> <span class='ocrx_word' id='word_1_320' title='bbox 3411 1426 3572 1481; x_wconf 76' lang='grc' dir='ltr'>αὑτοῦ</span> <span class='ocrx_word' id='word_1_321' title='bbox 3607 1427 3823 1482; x_wconf 74' lang='grc' dir='ltr'>ἀνιέναι</span> 
     </span>
    </p>
   </div>
   <div class='ocr_carea' id='block_1_44' title="bbox 2238 1514 3823 1592">
    <p class='ocr_par' dir='ltr' id='par_1_44' title="bbox 2238 1514 3823 1592">
     <span class='ocr_line' id='line_1_44' title="bbox 2238 1514 3823 1592; baseline -0.001 -20"><span class='ocrx_word' id='word_1_322' title='bbox 2238 1522 2329 1574; x_wconf 76' lang='grc' dir='ltr'>ἐπὶ</span> <span class='ocrx_word' id='word_1_323' title='bbox 2359 1521 2457 1592; x_wconf 83' lang='grc' dir='ltr'>τὴν</span> <span class='ocrx_word' id='word_1_324' title='bbox 2491 1519 2626 1590; x_wconf 71' lang='grc' dir='ltr'>ἐμὴν</span> <span class='ocrx_word' id='word_1_325' title='bbox 2658 1520 2915 1573; x_wconf 81' lang='grc' dir='ltr'>διάνοιαν.</span> <span class='ocrx_word' id='word_1_326' title='bbox 2940 1515 3010 1572; x_wconf 81' lang='grc' dir='ltr'>Εὖ</span> <span class='ocrx_word' id='word_1_327' title='bbox 3041 1518 3097 1571; x_wconf 84' lang='grc' dir='ltr'><strong>δὲ</strong></span> <span class='ocrx_word' id='word_1_328' title='bbox 3123 1514 3259 1581; x_wconf 74' lang='grc' dir='ltr'>οἶδα,</span> <span class='ocrx_word' id='word_1_329' title='bbox 3291 1518 3393 1582; x_wconf 88' lang='grc' dir='ltr'>ὃτι,</span> <span class='ocrx_word' id='word_1_330' title='bbox 3416 1517 3510 1571; x_wconf 72' lang='grc' dir='ltr'>καὶ</span> <span class='ocrx_word' id='word_1_331' title='bbox 3539 1517 3639 1587; x_wconf 82' lang='grc' dir='ltr'>τῆς</span> <span class='ocrx_word' id='word_1_332' title='bbox 3664 1519 3823 1588; x_wconf 80' lang='grc' dir='ltr'>παρὰ</span> 
     </span>
    </p>
   </div>
   <div class='ocr_carea' id='block_1_45' title="bbox 2243 1609 3824 1683">
    <p class='ocr_par' dir='ltr' id='par_1_45' title="bbox 2243 1609 3824 1683">
     <span class='ocr_line' id='line_1_45' title="bbox 2243 1609 3824 1683; baseline -0.001 -19"><span class='ocrx_word' id='word_1_333' title='bbox 2243 1613 2334 1665; x_wconf 78' lang='grc' dir='ltr'><strong>σού</strong></span> <span class='ocrx_word' id='word_1_334' title='bbox 2381 1612 2659 1683; x_wconf 85' lang='grc' dir='ltr'>δυνάμεως</span> <span class='ocrx_word' id='word_1_335' title='bbox 2704 1613 2797 1665; x_wconf 72' lang='grc' dir='ltr'>καὶ</span> <span class='ocrx_word' id='word_1_336' title='bbox 2843 1610 3022 1682; x_wconf 82' lang='grc' dir='ltr'>ἰσχύος</span> <span class='ocrx_word' id='word_1_337' title='bbox 3067 1609 3442 1675; x_wconf 74' lang='grc' dir='ltr'>καταξιωθεὶς,</span> <span class='ocrx_word' id='word_1_338' title='bbox 3481 1609 3824 1682; x_wconf 75' lang='grc' dir='ltr'>ἐπιϐήσομαι</span> 
     </span>
    </p>
   </div>
   <div class='ocr_carea' id='block_1_46' title="bbox 2241 1701 3822 1774">
    <p class='ocr_par' dir='ltr' id='par_1_46' title="bbox 2241 1701 3822 1774">
     <span class='ocr_line' id='line_1_46' title="bbox 2241 1701 3822 1774; baseline -0.001 -18"><span class='ocrx_word' id='word_1_339' title='bbox 2241 1703 2334 1756; x_wconf 69' lang='grc' dir='ltr'>τοῦ</span> <span class='ocrx_word' id='word_1_340' title='bbox 2388 1706 2446 1756; x_wconf 84' lang='grc' dir='ltr'>ὲν</span> <span class='ocrx_word' id='word_1_341' title='bbox 2489 1704 2735 1770; x_wconf 77' lang='grc' dir='ltr'>οὐρανοῖς</span> <span class='ocrx_word' id='word_1_342' title='bbox 2783 1704 3025 1774; x_wconf 77' lang='grc' dir='ltr'>τείχουςο</span> <span class='ocrx_word' id='word_1_343' title='bbox 3062 1705 3117 1755; x_wconf 80' lang='grc' dir='ltr'>ὲν</span> <span class='ocrx_word' id='word_1_344' title='bbox 3166 1701 3398 1773; x_wconf 80' lang='grc' dir='ltr'>ἀσφαλεῖ</span> <span class='ocrx_word' id='word_1_345' title='bbox 3419 1719 3478 1756; x_wconf 84' lang='grc' dir='ltr'><strong>τε</strong></span> <span class='ocrx_word' id='word_1_346' title='bbox 3504 1703 3822 1774; x_wconf 80' lang='grc' dir='ltr'>γενόμενος,</span> 
     </span>
    </p>
   </div>
   <div class='ocr_carea' id='block_1_47' title="bbox 2239 1794 3824 1870">
    <p class='ocr_par' dir='ltr' id='par_1_47' title="bbox 2239 1794 3824 1870">
     <span class='ocr_line' id='line_1_47' title="bbox 2239 1794 3824 1870; baseline 0.001 -22"><span class='ocrx_word' id='word_1_347' title='bbox 2239 1796 2360 1849; x_wconf 84' lang='grc' dir='ltr'>τότε</span> <span class='ocrx_word' id='word_1_348' title='bbox 2393 1795 2492 1865; x_wconf 84' lang='grc' dir='ltr'>τῆς</span> <span class='ocrx_word' id='word_1_349' title='bbox 2527 1794 2675 1866; x_wconf 71' lang='grc' dir='ltr'>παρὰ</span> <span class='ocrx_word' id='word_1_350' title='bbox 2705 1797 2786 1848; x_wconf 57' lang='grc' dir='ltr'><strong>σοί⁵</strong></span> <span class='ocrx_word' id='word_1_351' title='bbox 2818 1795 3074 1865; x_wconf 76' lang='grc' dir='ltr'>τεύξομαι</span> <span class='ocrx_word' id='word_1_352' title='bbox 3105 1795 3394 1868; x_wconf 78' lang='grc' dir='ltr'>σωτηρίας.</span> <span class='ocrx_word' id='word_1_353' title='bbox 3431 1796 3524 1849; x_wconf 79' lang='grc' dir='ltr'><strong>Ἤ’</strong></span> <span class='ocrx_word' id='word_1_354' title='bbox 3548 1796 3824 1870; x_wconf 63' lang='grc' dir='ltr'>Ὑπερϐίπ-</span> 
     </span>
    </p>
   </div>
   <div class='ocr_carea' id='block_1_48' title="bbox 2243 1887 3826 1962">
    <p class='ocr_par' dir='ltr' id='par_1_48' title="bbox 2243 1887 3826 1962">
     <span class='ocr_line' id='line_1_48' title="bbox 2243 1887 3826 1962; baseline 0.002 -21"><span class='ocrx_word' id='word_1_355' title='bbox 2243 1905 2405 1959; x_wconf 88' lang='grc' dir='ltr'>σομαι</span> <span class='ocrx_word' id='word_1_356' title='bbox 2447 1889 2538 1941; x_wconf 76' lang='grc' dir='ltr'><strong>καὶ</strong></span> <span class='ocrx_word' id='word_1_357' title='bbox 2566 1887 2933 1959; x_wconf 81' lang='grc' dir='ltr'>ὑπερπηδήσω</span> <span class='ocrx_word' id='word_1_358' title='bbox 2972 1889 3147 1943; x_wconf 76' lang='grc' dir='ltr'>πάντα</span> <span class='ocrx_word' id='word_1_359' title='bbox 3194 1889 3259 1942; x_wconf 74' lang='grc' dir='ltr'>τὰ</span> <span class='ocrx_word' id='word_1_360' title='bbox 3287 1890 3396 1942; x_wconf 85' lang='grc' dir='ltr'><strong>τῶν</strong></span> <span class='ocrx_word' id='word_1_361' title='bbox 3445 1889 3653 1960; x_wconf 75' lang='grc' dir='ltr'>ἐχθρῶν</span> <span class='ocrx_word' id='word_1_362' title='bbox 3702 1892 3826 1962; x_wconf 82' lang='grc' dir='ltr'>ὀχυ-</span> 
     </span>
    </p>
   </div>
   <div class='ocr_carea' id='block_1_49' title="bbox 2248 1974 3827 2057">
    <p class='ocr_par' dir='ltr' id='par_1_49' title="bbox 2248 1974 3827 2057">
     <span class='ocr_line' id='line_1_49' title="bbox 2248 1974 3827 2057; baseline 0.003 -24"><span class='ocrx_word' id='word_1_363' title='bbox 2248 1980 2473 2053; x_wconf 81' lang='grc' dir='ltr'>ρώματα</span> <span class='ocrx_word' id='word_1_364' title='bbox 2505 1982 2598 2034; x_wconf 58' lang='grc' dir='ltr'><strong>καὶ⁹</strong></span> <span class='ocrx_word' id='word_1_365' title='bbox 2627 1983 2753 2045; x_wconf 77' lang='grc' dir='ltr'>τοὺς</span> <span class='ocrx_word' id='word_1_366' title='bbox 2815 1984 3102 2052; x_wconf 71' lang='grc' dir='ltr'>φραγμοὺς</span> <span class='ocrx_word' id='word_1_367' title='bbox 3150 1983 3243 2035; x_wconf 73' lang='grc' dir='ltr'><strong>καὶ</strong></span> <span class='ocrx_word' id='word_1_368' title='bbox 3272 1974 3333 2035; x_wconf 81' lang='grc' dir='ltr'>τὸ</span> <span class='ocrx_word' id='word_1_369' title='bbox 3373 1985 3570 2053; x_wconf 87' lang='grc' dir='ltr'>τεῖχος,</span> <span class='ocrx_word' id='word_1_370' title='bbox 3599 1983 3630 2037; x_wconf 78' lang='grc' dir='ltr'><strong>ὃ</strong></span> <span class='ocrx_word' id='word_1_371' title='bbox 3664 2002 3827 2057; x_wconf 76' lang='grc' dir='ltr'>περι-</span> 
     </span>
    </p>
   </div>
   <div class='ocr_carea' id='block_1_50' title="bbox 2244 2072 3535 2148">
    <p class='ocr_par' dir='ltr' id='par_1_50' title="bbox 2244 2072 3535 2148">
     <span class='ocr_line' id='line_1_50' title="bbox 2244 2072 3535 2148; baseline 0.002 -24"><span class='ocrx_word' id='word_1_372' title='bbox 2244 2072 2458 2127; x_wconf 77' lang='grc' dir='ltr'>ϐάλλειν</span> <span class='ocrx_word' id='word_1_373' title='bbox 2512 2079 2599 2145; x_wconf 82' lang='grc' dir='ltr'><strong>μοι</strong></span> <span class='ocrx_word' id='word_1_374' title='bbox 2643 2075 2723 2136; x_wconf 86' lang='grc' dir='ltr'><strong>είς</strong></span> <span class='ocrx_word' id='word_1_375' title='bbox 2754 2072 2814 2126; x_wconf 81' lang='grc' dir='ltr'>τὸ</span> <span class='ocrx_word' id='word_1_376' title='bbox 2844 2073 3162 2148; x_wconf 78' lang='grc' dir='ltr'>ἀποκλεῖσαι</span> <span class='ocrx_word' id='word_1_377' title='bbox 3199 2072 3535 2127; x_wconf 85' lang='grc' dir='ltr'>σπεύδονται.</span> 
     </span>
    </p>
   </div>
   <div class='ocr_carea' id='block_1_51' title="bbox 2324 2166 3828 2240">
    <p class='ocr_par' dir='ltr' id='par_1_51' title="bbox 2324 2166 3828 2240">
     <span class='ocr_line' id='line_1_51' title="bbox 2324 2166 3828 2240; baseline 0.001 -19"><span class='ocrx_word' id='word_1_378' title='bbox 2324 2169 2389 2221; x_wconf 84' lang='grc' dir='ltr'><strong>Ὀ</strong></span> <span class='ocrx_word' id='word_1_379' title='bbox 2425 2169 2569 2234; x_wconf 86' lang='grc' dir='ltr'>Θεός</span> <span class='ocrx_word' id='word_1_380' title='bbox 2596 2185 2738 2237; x_wconf 79' lang='grc' dir='ltr'>μου,</span> <span class='ocrx_word' id='word_1_381' title='bbox 2759 2166 2995 2237; x_wconf 80' lang='grc' dir='ltr'>ἄμωμος</span> <span class='ocrx_word' id='word_1_382' title='bbox 3034 2169 3071 2236; x_wconf 73' lang='grc' dir='ltr'><em>ἠ</em></span> <span class='ocrx_word' id='word_1_383' title='bbox 3117 2166 3258 2234; x_wconf 80' lang='grc' dir='ltr'><strong>ὁδὸς</strong></span> <span class='ocrx_word' id='word_1_384' title='bbox 3289 2166 3502 2222; x_wconf 80' lang='grc' dir='ltr'>αὐτοῦ’</span> <span class='ocrx_word' id='word_1_385' title='bbox 3536 2167 3610 2222; x_wconf 81' lang='grc' dir='ltr'>τὰ</span> <span class='ocrx_word' id='word_1_386' title='bbox 3647 2171 3828 2240; x_wconf 67' lang='grc' dir='ltr'>λέγω</span> 
     </span>
    </p>
   </div>
   <div class='ocr_carea' id='block_1_52' title="bbox 2247 2259 3829 2329">
    <p class='ocr_par' dir='ltr' id='par_1_52' title="bbox 2247 2259 3829 2329">
     <span class='ocr_line' id='line_1_52' title="bbox 2247 2259 3829 2329; baseline 0.002 -14"><span class='ocrx_word' id='word_1_387' title='bbox 2247 2261 2463 2329; x_wconf 78' lang='grc' dir='ltr'><strong>Κυρίου</strong></span> <span class='ocrx_word' id='word_1_388' title='bbox 2496 2259 2908 2329; x_wconf 59' lang='grc' dir='ltr'>πεπηρωμένοι,</span> <span class='ocrx_word' id='word_1_389' title='bbox 2939 2259 3401 2327; x_wconf 80' lang='grc' dir='ltr'>ὐπερασπιστής</span> <span class='ocrx_word' id='word_1_390' title='bbox 3419 2260 3550 2314; x_wconf 79' lang='grc' dir='ltr'>ἐστι</span> <span class='ocrx_word' id='word_1_391' title='bbox 3579 2262 3829 2318; x_wconf 71' lang='grc' dir='ltr'>πάντων</span> 
     </span>
    </p>
   </div>
   <div class='ocr_carea' id='block_1_53' title="bbox 2246 2332 3829 2423">
    <p class='ocr_par' dir='ltr' id='par_1_53' title="bbox 2246 2332 3829 2423">
     <span class='ocr_line' id='line_1_53' title="bbox 2246 2332 3829 2423; baseline 0.001 -19"><span class='ocrx_word' id='word_1_392' title='bbox 2246 2332 2364 2404; x_wconf 77' lang='grc' dir='ltr'>τῶν</span> <span class='ocrx_word' id='word_1_393' title='bbox 2410 2350 2768 2410; x_wconf 75' lang='grc' dir='ltr'><strong>ἐλπιζόντων</strong></span> <span class='ocrx_word' id='word_1_394' title='bbox 2813 2349 2906 2402; x_wconf 79' lang='grc' dir='ltr'><strong>ἐπ’</strong></span> <span class='ocrx_word' id='word_1_395' title='bbox 2938 2350 3145 2403; x_wconf 75' lang='grc' dir='ltr'>αὐτόν.</span> <span class='ocrx_word' id='word_1_396' title='bbox 3180 2350 3307 2403; x_wconf 74' lang='grc' dir='ltr'>Ὀτι</span> <span class='ocrx_word' id='word_1_397' title='bbox 3352 2351 3445 2416; x_wconf 82' lang='grc' dir='ltr'><strong>τίς</strong></span> <span class='ocrx_word' id='word_1_398' title='bbox 3478 2351 3623 2418; x_wconf 84' lang='grc' dir='ltr'><strong>Θεὸς</strong></span> <span class='ocrx_word' id='word_1_399' title='bbox 3654 2354 3829 2423; x_wconf 69' lang='grc' dir='ltr'><strong>πλὴν</strong></span> 
     </span>
    </p>
   </div>
   <div class='ocr_carea' id='block_1_54' title="bbox 2247 2440 3825 2514">
    <p class='ocr_par' dir='ltr' id='par_1_54' title="bbox 2247 2440 3825 2514">
     <span class='ocr_line' id='line_1_54' title="bbox 2247 2440 3825 2514; baseline -0.011 -2"><span class='ocrx_word' id='word_1_400' title='bbox 2247 2440 2353 2495; x_wconf 83' lang='grc' dir='ltr'><strong>τοῦ</strong></span> <span class='ocrx_word' id='word_1_401' title='bbox 2404 2441 2661 2508; x_wconf 81' lang='grc' dir='ltr'>Κυρίου;</span> <span class='ocrx_word' id='word_1_402' title='bbox 2699 2441 2738 2509; x_wconf 77' lang='grc' dir='ltr'><em>ἢ</em></span> <span class='ocrx_word' id='word_1_403' title='bbox 2770 2440 2861 2506; x_wconf 80' lang='grc' dir='ltr'><strong>τίς</strong></span> <span class='ocrx_word' id='word_1_404' title='bbox 2905 2440 3049 2506; x_wconf 80' lang='grc' dir='ltr'>Θεὸς</span> <span class='ocrx_word' id='word_1_405' title='bbox 3084 2441 3251 2509; x_wconf 75' lang='grc' dir='ltr'>πλὴν</span> <span class='ocrx_word' id='word_1_406' title='bbox 3297 2442 3403 2496; x_wconf 87' lang='grc' dir='ltr'>τοῦ</span> <span class='ocrx_word' id='word_1_407' title='bbox 3431 2443 3577 2498; x_wconf 85' lang='grc' dir='ltr'>Θεοῦ</span> <span class='ocrx_word' id='word_1_408' title='bbox 3613 2444 3825 2514; x_wconf 50' lang='lat' dir='ltr'><strong>mia»,-</strong></span> 
     </span>
    </p>
   </div>
   <div class='ocr_carea' id='block_1_55' title="bbox 2254 2526 3825 2604">
    <p class='ocr_par' dir='ltr' id='par_1_55' title="bbox 2254 2526 3825 2604">
     <span class='ocr_line' id='line_1_55' title="bbox 2254 2526 3825 2604; baseline 0.002 -19"><span class='ocrx_word' id='word_1_409' title='bbox 2254 2534 2514 2603; x_wconf 82' lang='grc' dir='ltr'>Ἀμωμον</span> <span class='ocrx_word' id='word_1_410' title='bbox 2557 2526 2693 2585; x_wconf 75' lang='grc' dir='ltr'>εἶναι</span> <span class='ocrx_word' id='word_1_411' title='bbox 2738 2530 3119 2599; x_wconf 78' lang='grc' dir='ltr'>ἀποφαίνεται,</span> <span class='ocrx_word' id='word_1_412' title='bbox 3148 2532 3428 2586; x_wconf 75' lang='grc' dir='ltr'>τουτέστιν</span> <span class='ocrx_word' id='word_1_413' title='bbox 3454 2534 3825 2604; x_wconf 81' lang='grc' dir='ltr'>ἀνεπίληπτον</span> 
     </span>
    </p>
   </div>
   <div class='ocr_carea' id='block_1_56' title="bbox 2249 2621 3827 2696">
    <p class='ocr_par' dir='ltr' id='par_1_56' title="bbox 2249 2621 3827 2696">
     <span class='ocr_line' id='line_1_56' title="bbox 2249 2621 3827 2696; baseline 0.001 -20"><span class='ocrx_word' id='word_1_414' title='bbox 2249 2623 2345 2696; x_wconf 82' lang='grc' dir='ltr'>τὴν</span> <span class='ocrx_word' id='word_1_415' title='bbox 2382 2622 2641 2693; x_wconf 87' lang='grc' dir='ltr'>διοίκησιν</span> <span class='ocrx_word' id='word_1_416' title='bbox 2700 2623 2887 2685; x_wconf 79' lang='grc' dir='ltr'>αὑτοῦ,</span> <span class='ocrx_word' id='word_1_417' title='bbox 2935 2622 3028 2675; x_wconf 77' lang='grc' dir='ltr'><strong>καὶ</strong></span> <span class='ocrx_word' id='word_1_418' title='bbox 3058 2622 3158 2693; x_wconf 78' lang='grc' dir='ltr'>τὴν</span> <span class='ocrx_word' id='word_1_419' title='bbox 3188 2621 3288 2691; x_wconf 79' lang='grc' dir='ltr'>τῆς</span> <span class='ocrx_word' id='word_1_420' title='bbox 3335 2623 3585 2694; x_wconf 74' lang='grc' dir='ltr'>προνοίας</span> <span class='ocrx_word' id='word_1_421' title='bbox 3614 2625 3827 2678; x_wconf 73' lang='grc' dir='ltr'>οἰκονο-</span> 
     </span>
    </p>
   </div>
   <div class='ocr_carea' id='block_1_57' title="bbox 2253 2713 3826 2788">
    <p class='ocr_par' dir='ltr' id='par_1_57' title="bbox 2253 2713 3826 2788">
     <span class='ocr_line' id='line_1_57' title="bbox 2253 2713 3826 2788; baseline -0.001 -21"><span class='ocrx_word' id='word_1_422' title='bbox 2253 2716 2396 2788; x_wconf 90' lang='grc' dir='ltr'>μίαν.</span> <span class='ocrx_word' id='word_1_423' title='bbox 2444 2714 2601 2767; x_wconf 77' lang='grc' dir='ltr'>Ἀλλὰ</span> <span class='ocrx_word' id='word_1_424' title='bbox 2655 2714 2748 2767; x_wconf 70' lang='grc' dir='ltr'>καὶ</span> <span class='ocrx_word' id='word_1_425' title='bbox 2798 2715 2866 2767; x_wconf 82' lang='grc' dir='ltr'>τὰ</span> <span class='ocrx_word' id='word_1_426' title='bbox 2907 2714 3060 2783; x_wconf 86' lang='grc' dir='ltr'>λόγια</span> <span class='ocrx_word' id='word_1_427' title='bbox 3092 2713 3255 2766; x_wconf 77' lang='grc' dir='ltr'>αὐτοῦ</span> <span class='ocrx_word' id='word_1_428' title='bbox 3286 2713 3663 2785; x_wconf 81' lang='grc' dir='ltr'>πεπυρωμένα,</span> <span class='ocrx_word' id='word_1_429' title='bbox 3696 2729 3826 2766; x_wconf 61' lang='lat' dir='ltr'><strong>tot»</strong></span> 
     </span>
    </p>
   </div>
   <div class='ocr_carea' id='block_1_58' title="bbox 2248 2802 3821 2878">
    <p class='ocr_par' dir='ltr' id='par_1_58' title="bbox 2248 2802 3821 2878">
     <span class='ocr_line' id='line_1_58' title="bbox 2248 2802 3821 2878; baseline -0.001 -18"><span class='ocrx_word' id='word_1_430' title='bbox 2248 2810 2393 2862; x_wconf 85' lang='grc' dir='ltr'>τέστι</span> <span class='ocrx_word' id='word_1_431' title='bbox 2429 2806 2860 2878; x_wconf 75' lang='grc' dir='ltr'>βεϐασανισμένα</span> <span class='ocrx_word' id='word_1_432' title='bbox 2885 2806 2979 2858; x_wconf 75' lang='grc' dir='ltr'><strong>καὶ</strong></span> <span class='ocrx_word' id='word_1_433' title='bbox 3006 2805 3439 2876; x_wconf 83' lang='grc' dir='ltr'>δεδοκιμασμένα</span> <span class='ocrx_word' id='word_1_434' title='bbox 3457 2823 3470 2836; x_wconf 77' lang='grc' dir='ltr'><strong><em>ο</em></strong></span> <span class='ocrx_word' id='word_1_435' title='bbox 3487 2805 3576 2858; x_wconf 82' lang='grc' dir='ltr'><strong>οὐκ</strong></span> <span class='ocrx_word' id='word_1_436' title='bbox 3599 2802 3717 2876; x_wconf 73' lang='grc' dir='ltr'>ἐστι</span> <span class='ocrx_word' id='word_1_437' title='bbox 3750 2820 3821 2859; x_wconf 80' lang='grc' dir='ltr'><strong>τε</strong></span> 
     </span>
    </p>
   </div>
   <div class='ocr_carea' id='block_1_59' title="bbox 2250 2895 3828 2968">
    <p class='ocr_par' dir='ltr' id='par_1_59' title="bbox 2250 2895 3828 2968">
     <span class='ocr_line' id='line_1_59' title="bbox 2250 2895 3828 2968; baseline 0 -16"><span class='ocrx_word' id='word_1_438' title='bbox 2250 2900 2429 2962; x_wconf 83' lang='grc' dir='ltr'>αὑτοῖς</span> <span class='ocrx_word' id='word_1_439' title='bbox 2479 2898 2803 2968; x_wconf 74' lang='grc' dir='ltr'>ἐπισκέψαιο</span> <span class='ocrx_word' id='word_1_440' title='bbox 2866 2898 2985 2951; x_wconf 76' lang='grc' dir='ltr'>οὐδὲ</span> <span class='ocrx_word' id='word_1_441' title='bbox 3036 2896 3320 2968; x_wconf 84' lang='grc' dir='ltr'>ἀλλοτρίας</span> <span class='ocrx_word' id='word_1_442' title='bbox 3367 2895 3500 2965; x_wconf 77' lang='grc' dir='ltr'>ὕλης</span> <span class='ocrx_word' id='word_1_443' title='bbox 3544 2896 3828 2967; x_wconf 75' lang='grc' dir='ltr'>παρεμϐε-</span> 
     </span>
    </p>
   </div>
   <div class='ocr_carea' id='block_1_60' title="bbox 2253 2981 3826 3062">
    <p class='ocr_par' dir='ltr' id='par_1_60' title="bbox 2253 2981 3826 3062">
     <span class='ocr_line' id='line_1_60' title="bbox 2253 2981 3826 3062; baseline 0.001 -20"><span class='ocrx_word' id='word_1_444' title='bbox 2253 2981 2516 3062; x_wconf 68' lang='grc' dir='ltr'>ϐλημὲνον</span> <span class='ocrx_word' id='word_1_445' title='bbox 2565 3009 2617 3044; x_wconf 90' lang='grc' dir='ltr'><strong>τι</strong></span> <span class='ocrx_word' id='word_1_446' title='bbox 2670 2991 2727 3044; x_wconf 84' lang='grc' dir='ltr'><strong>ἐν</strong></span> <span class='ocrx_word' id='word_1_447' title='bbox 2781 2991 2964 3054; x_wconf 75' lang='grc' dir='ltr'>αὐτοῖς</span> <span class='ocrx_word' id='word_1_448' title='bbox 2999 2990 3198 3060; x_wconf 83' lang='grc' dir='ltr'>εὑρεῖν,</span> <span class='ocrx_word' id='word_1_449' title='bbox 3238 2992 3393 3042; x_wconf 83' lang='grc' dir='ltr'>ὁποῖα</span> <span class='ocrx_word' id='word_1_450' title='bbox 3436 2989 3504 3042; x_wconf 79' lang='grc' dir='ltr'>τὰ</span> <span class='ocrx_word' id='word_1_451' title='bbox 3534 2988 3685 3061; x_wconf 75' lang='grc' dir='ltr'>παρὰ</span> <span class='ocrx_word' id='word_1_452' title='bbox 3711 2992 3826 3054; x_wconf 76' lang='grc' dir='ltr'>τοῖς</span> 
     </span>
    </p>
   </div>
   <div class='ocr_carea' id='block_1_61' title="bbox 580 3081 2149 3177">
    <p class='ocr_par' dir='ltr' id='par_1_61' title="bbox 580 3081 2149 3177">
     <span class='ocr_line' id='line_1_61' title="bbox 580 3081 2149 3177; baseline 0 -17"><span class='ocrx_word' id='word_1_453' title='bbox 580 3106 789 3169; x_wconf 79' lang='lat' dir='ltr'><strong>saeculi,</strong></span> <span class='ocrx_word' id='word_1_454' title='bbox 827 3119 947 3175; x_wconf 74' lang='lat' dir='ltr'><strong>qua:</strong></span> <span class='ocrx_word' id='word_1_455' title='bbox 977 3081 1215 3173; x_wconf 83' lang='lat' dir='ltr'><strong>aliquam</strong></span> <span class='ocrx_word' id='word_1_456' title='bbox 1267 3081 1543 3159; x_wconf 87' lang='lat' dir='ltr'><strong>interdum</strong></span> <span class='ocrx_word' id='word_1_457' title='bbox 1591 3104 1886 3176; x_wconf 63' lang='lat' dir='ltr'><strong>praeferunt</strong></span> <span class='ocrx_word' id='word_1_458' title='bbox 1918 3081 2149 3177; x_wconf 71' lang='lat' dir='ltr'><strong>dignita-</strong></span> 
     </span>
    </p>
   </div>
   <div class='ocr_carea' id='block_1_62' title="bbox 2250 3081 3825 3177">
    <p class='ocr_par' dir='ltr' id='par_1_62' title="bbox 2256 3081 3825 3154">
     <span class='ocr_line' id='line_1_62' title="bbox 2256 3081 3825 3154; baseline -0.001 -18"><span class='ocrx_word' id='word_1_459' title='bbox 2256 3086 2436 3153; x_wconf 79' lang='grc' dir='ltr'>σοφοῖς</span> <span class='ocrx_word' id='word_1_460' title='bbox 2483 3082 2577 3137; x_wconf 80' lang='grc' dir='ltr'>τοῦ</span> <span class='ocrx_word' id='word_1_461' title='bbox 2633 3083 2827 3147; x_wconf 79' lang='grc' dir='ltr'>αἰῶνος</span> <span class='ocrx_word' id='word_1_462' title='bbox 2861 3083 3047 3137; x_wconf 80' lang='grc' dir='ltr'>τούτου</span> <span class='ocrx_word' id='word_1_463' title='bbox 3074 3081 3357 3151; x_wconf 81' lang='grc' dir='ltr'>τυγχάνει·</span> <span class='ocrx_word' id='word_1_464' title='bbox 3407 3081 3697 3154; x_wconf 80' lang='grc' dir='ltr'>μετέχοντα</span> <span class='ocrx_word' id='word_1_465' title='bbox 3727 3083 3825 3153; x_wconf 85' lang='grc' dir='ltr'><strong>μέν</strong></span> 
     </span>
    </p>
   </div>
   <div class='ocr_carea' id='block_1_63' title="bbox 582 3195 2157 3268">
    <p class='ocr_par' dir='ltr' id='par_1_63' title="bbox 582 3195 2157 3268">
     <span class='ocr_line' id='line_1_63' title="bbox 582 3195 2157 3268; baseline 0.003 -19"><span class='ocrx_word' id='word_1_466' title='bbox 582 3198 657 3251; x_wconf 79' lang='lat' dir='ltr'><strong>tis</strong></span> <span class='ocrx_word' id='word_1_467' title='bbox 682 3195 942 3267; x_wconf 89' lang='lat' dir='ltr'><strong>speciem,</strong></span> <span class='ocrx_word' id='word_1_468' title='bbox 977 3195 1072 3251; x_wconf 87' lang='lat' dir='ltr'><strong>sed</strong></span> <span class='ocrx_word' id='word_1_469' title='bbox 1099 3197 1248 3251; x_wconf 92' lang='lat' dir='ltr'><strong>omni</strong></span> <span class='ocrx_word' id='word_1_470' title='bbox 1282 3195 1561 3267; x_wconf 80' lang='lat' dir='ltr'><strong>religionis</strong></span> <span class='ocrx_word' id='word_1_471' title='bbox 1586 3196 1846 3268; x_wconf 89' lang='lat' dir='ltr'><strong>despectu</strong></span> <span class='ocrx_word' id='word_1_472' title='bbox 1875 3204 1929 3253; x_wconf 90' lang='lat' dir='ltr'><strong>et</strong></span> <span class='ocrx_word' id='word_1_473' title='bbox 1969 3198 2157 3268; x_wconf 86' lang='lat' dir='ltr'><strong>impie-</strong></span> 
     </span>
    </p>
   </div>
   <div class='ocr_carea' id='block_1_64' title="bbox 581 3283 2155 3362">
    <p class='ocr_par' dir='ltr' id='par_1_64' title="bbox 581 3283 2155 3362">
     <span class='ocr_line' id='line_1_64' title="bbox 581 3283 2155 3362; baseline 0.002 -19"><span class='ocrx_word' id='word_1_474' title='bbox 581 3296 695 3344; x_wconf 80' lang='lat' dir='ltr'><strong>tate</strong></span> <span class='ocrx_word' id='word_1_475' title='bbox 728 3290 885 3360; x_wconf 89' lang='lat' dir='ltr'><strong>plena</strong></span> <span class='ocrx_word' id='word_1_476' title='bbox 916 3298 1063 3345; x_wconf 86' lang='lat' dir='ltr'><strong>sunt.</strong></span> <span class='ocrx_word' id='word_1_477' title='bbox 1093 3289 1236 3356; x_wconf 82' lang='lat' dir='ltr'><strong>Quid</strong></span> <span class='ocrx_word' id='word_1_478' title='bbox 1266 3299 1447 3344; x_wconf 89' lang='lat' dir='ltr'><strong>autem</strong></span> <span class='ocrx_word' id='word_1_479' title='bbox 1476 3289 1673 3345; x_wconf 91' lang='lat' dir='ltr'><strong>docent</strong></span> <span class='ocrx_word' id='word_1_480' title='bbox 1693 3290 1909 3362; x_wconf 91' lang='lat' dir='ltr'><strong>eloquia</strong></span> <span class='ocrx_word' id='word_1_481' title='bbox 1931 3290 2018 3345; x_wconf 90' lang='lat' dir='ltr'><strong>illa</strong></span> <span class='ocrx_word' id='word_1_482' title='bbox 2055 3283 2155 3346; x_wconf 88' lang='lat' dir='ltr'><strong>Do-</strong></span> 
     </span>
    </p>
   </div>
   <div class='ocr_carea' id='block_1_65' title="bbox 582 3372 2153 3452">
    <p class='ocr_par' dir='ltr' id='par_1_65' title="bbox 582 3372 2153 3452">
     <span class='ocr_line' id='line_1_65' title="bbox 582 3372 2153 3452; baseline 0.001 -18"><span class='ocrx_word' id='word_1_483' title='bbox 582 3372 716 3435; x_wconf 87' lang='lat' dir='ltr'><strong>mini</strong></span> <span class='ocrx_word' id='word_1_484' title='bbox 741 3374 865 3452; x_wconf 81' lang='lat' dir='ltr'><strong>igne</strong></span> <span class='ocrx_word' id='word_1_485' title='bbox 885 3380 1228 3436; x_wconf 81' lang='lat' dir='ltr'><strong>examinata?</strong></span> <span class='ocrx_word' id='word_1_486' title='bbox 1261 3379 1315 3435; x_wconf 92' lang='lat' dir='ltr'><strong>ld</strong></span> <span class='ocrx_word' id='word_1_487' title='bbox 1340 3396 1491 3445; x_wconf 86' lang='lat' dir='ltr'><strong>sane,</strong></span> <span class='ocrx_word' id='word_1_488' title='bbox 1527 3381 1705 3451; x_wconf 89' lang='lat' dir='ltr'><strong>ipsum</strong></span> <span class='ocrx_word' id='word_1_489' title='bbox 1732 3396 1855 3438; x_wconf 89' lang='lat' dir='ltr'><strong>esse</strong></span> <span class='ocrx_word' id='word_1_490' title='bbox 1883 3382 2153 3452; x_wconf 87' lang='lat' dir='ltr'><strong>protecto-</strong></span> 
     </span>
    </p>
   </div>
   <div class='ocr_carea' id='block_1_66' title="bbox 582 3472 2155 3544">
    <p class='ocr_par' dir='ltr' id='par_1_66' title="bbox 582 3472 2155 3544">
     <span class='ocr_line' id='line_1_66' title="bbox 582 3472 2155 3544; baseline 0.002 -17"><span class='ocrx_word' id='word_1_491' title='bbox 582 3485 697 3527; x_wconf 81' lang='lat' dir='ltr'><strong>rem</strong></span> <span class='ocrx_word' id='word_1_492' title='bbox 746 3473 993 3528; x_wconf 85' lang='lat' dir='ltr'><strong>omnium</strong></span> <span class='ocrx_word' id='word_1_493' title='bbox 1044 3474 1382 3544; x_wconf 82' lang='lat' dir='ltr'><strong>sperantium</strong></span> <span class='ocrx_word' id='word_1_494' title='bbox 1438 3472 1493 3527; x_wconf 92' lang='lat' dir='ltr'><strong>in</strong></span> <span class='ocrx_word' id='word_1_495' title='bbox 1550 3489 1629 3538; x_wconf 89' lang='lat' dir='ltr'><strong>se,</strong></span> <span class='ocrx_word' id='word_1_496' title='bbox 1657 3489 1721 3529; x_wconf 90' lang='lat' dir='ltr'><strong>ac</strong></span> <span class='ocrx_word' id='word_1_497' title='bbox 1776 3475 1987 3530; x_wconf 87' lang='lat' dir='ltr'><strong>nullum</strong></span> <span class='ocrx_word' id='word_1_498' title='bbox 2032 3491 2155 3530; x_wconf 90' lang='lat' dir='ltr'><strong>esse</strong></span> 
     </span>
    </p>
   </div>
   <div class='ocr_carea' id='block_1_67' title="bbox 583 3562 2151 3635">
    <p class='ocr_par' dir='ltr' id='par_1_67' title="bbox 583 3562 2151 3635">
     <span class='ocr_line' id='line_1_67' title="bbox 583 3562 2151 3635; baseline 0.004 -19"><span class='ocrx_word' id='word_1_499' title='bbox 583 3562 750 3620; x_wconf 86' lang='lat' dir='ltr'><strong>Deum</strong></span> <span class='ocrx_word' id='word_1_500' title='bbox 802 3573 998 3635; x_wconf 63' lang='lat' dir='ltr'><strong>praeter</strong></span> <span class='ocrx_word' id='word_1_501' title='bbox 1046 3563 1335 3620; x_wconf 90' lang='lat' dir='ltr'><strong>Dominum</strong></span> <span class='ocrx_word' id='word_1_502' title='bbox 1381 3573 1654 3631; x_wconf 90' lang='lat' dir='ltr'><strong>nostrum,</strong></span> <span class='ocrx_word' id='word_1_503' title='bbox 1688 3566 1898 3621; x_wconf 90' lang='lat' dir='ltr'><strong>nullum</strong></span> <span class='ocrx_word' id='word_1_504' title='bbox 1960 3569 2151 3622; x_wconf 81' lang='lat' dir='ltr'><strong>fortem</strong></span> 
     </span>
    </p>
   </div>
   <div class='ocr_carea' id='block_1_68' title="bbox 583 3655 2151 3729">
    <p class='ocr_par' dir='ltr' id='par_1_68' title="bbox 583 3655 2151 3729">
     <span class='ocr_line' id='line_1_68' title="bbox 583 3655 2151 3729; baseline 0.003 -20"><span class='ocrx_word' id='word_1_505' title='bbox 583 3656 689 3711; x_wconf 80' lang='lat' dir='ltr'><strong>nisi</strong></span> <span class='ocrx_word' id='word_1_506' title='bbox 728 3655 898 3712; x_wconf 91' lang='lat' dir='ltr'><strong>Deum</strong></span> <span class='ocrx_word' id='word_1_507' title='bbox 955 3662 1203 3711; x_wconf 88' lang='lat' dir='ltr'><strong>nostrum</strong></span> <span class='ocrx_word' id='word_1_508' title='bbox 1236 3676 1248 3711; x_wconf 90' lang='lat'>:</span> <span class='ocrx_word' id='word_1_509' title='bbox 1276 3666 1438 3727; x_wconf 88' lang='lat' dir='ltr'><strong>atque</strong></span> <span class='ocrx_word' id='word_1_510' title='bbox 1472 3658 1595 3714; x_wconf 91' lang='lat' dir='ltr'><strong>ideo</strong></span> <span class='ocrx_word' id='word_1_511' title='bbox 1620 3659 1745 3729; x_wconf 86' lang='lat' dir='ltr'><strong>jure</strong></span> <span class='ocrx_word' id='word_1_512' title='bbox 1774 3659 1990 3713; x_wconf 89' lang='lat' dir='ltr'><strong>dicatur</strong></span> <span class='ocrx_word' id='word_1_513' title='bbox 2021 3674 2151 3729; x_wconf 78' lang='lat' dir='ltr'><strong>pro-</strong></span> 
     </span>
    </p>
   </div>
   <div class='ocr_carea' id='block_1_69' title="bbox 585 3747 2153 3816">
    <p class='ocr_par' dir='ltr' id='par_1_69' title="bbox 585 3747 2153 3816">
     <span class='ocr_line' id='line_1_69' title="bbox 585 3747 2153 3816; baseline 0.003 -16"><span class='ocrx_word' id='word_1_514' title='bbox 585 3753 757 3800; x_wconf 90' lang='lat' dir='ltr'><strong>tector</strong></span> <span class='ocrx_word' id='word_1_515' title='bbox 788 3762 912 3801; x_wconf 91' lang='lat' dir='ltr'><strong>esse</strong></span> <span class='ocrx_word' id='word_1_516' title='bbox 940 3747 1184 3801; x_wconf 91' lang='lat' dir='ltr'><strong>omnium</strong></span> <span class='ocrx_word' id='word_1_517' title='bbox 1208 3748 1547 3813; x_wconf 85' lang='lat' dir='ltr'><strong>sperantium</strong></span> <span class='ocrx_word' id='word_1_518' title='bbox 1584 3750 1636 3804; x_wconf 87' lang='lat' dir='ltr'><strong>in</strong></span> <span class='ocrx_word' id='word_1_519' title='bbox 1672 3765 1753 3816; x_wconf 87' lang='lat' dir='ltr'><strong>se,</strong></span> <span class='ocrx_word' id='word_1_520' title='bbox 1798 3765 1924 3806; x_wconf 90' lang='lat' dir='ltr'><strong>eum</strong></span> <span class='ocrx_word' id='word_1_521' title='bbox 1968 3750 2153 3805; x_wconf 89' lang='lat' dir='ltr'><strong>nullus</strong></span> 
     </span>
    </p>
   </div>
   <div class='ocr_carea' id='block_1_70' title="bbox 588 3836 2155 3910">
    <p class='ocr_par' dir='ltr' id='par_1_70' title="bbox 588 3836 2155 3910">
     <span class='ocr_line' id='line_1_70' title="bbox 588 3836 2155 3910; baseline 0.006 -22"><span class='ocrx_word' id='word_1_522' title='bbox 588 3836 813 3904; x_wconf 88' lang='lat' dir='ltr'><strong>reperiri</strong></span> <span class='ocrx_word' id='word_1_523' title='bbox 840 3837 1013 3906; x_wconf 89' lang='lat' dir='ltr'><strong>possit</strong></span> <span class='ocrx_word' id='word_1_524' title='bbox 1039 3838 1132 3906; x_wconf 93' lang='lat' dir='ltr'><strong>qui</strong></span> <span class='ocrx_word' id='word_1_525' title='bbox 1162 3837 1255 3891; x_wconf 88' lang='lat' dir='ltr'><strong>tali</strong></span> <span class='ocrx_word' id='word_1_526' title='bbox 1275 3846 1537 3910; x_wconf 87' lang='lat' dir='ltr'><strong>tantoque</strong></span> <span class='ocrx_word' id='word_1_527' title='bbox 1557 3845 1851 3910; x_wconf 88' lang='lat' dir='ltr'><strong>protectori</strong></span> <span class='ocrx_word' id='word_1_528' title='bbox 1883 3842 2155 3899; x_wconf 87' lang='lat' dir='ltr'><strong>obsistere</strong></span> 
     </span>
    </p>
   </div>
   <div class='ocr_carea' id='block_1_71' title="bbox 586 3924 785 3979">
    <p class='ocr_par' dir='ltr' id='par_1_71' title="bbox 586 3924 785 3979">
     <span class='ocr_line' id='line_1_71' title="bbox 586 3924 785 3979; baseline 0.005 -1"><span class='ocrx_word' id='word_1_529' title='bbox 586 3924 785 3979; x_wconf 62' lang='lat' dir='ltr'><strong>Valeat.</strong></span> 
     </span>
    </p>
   </div>
   <div class='ocr_carea' id='block_1_72' title="bbox 659 4011 2153 4094">
    <p class='ocr_par' dir='ltr' id='par_1_72' title="bbox 659 4011 2153 4094">
     <span class='ocr_line' id='line_1_72' title="bbox 659 4011 2153 4094; baseline 0.008 -26"><span class='ocrx_word' id='word_1_530' title='bbox 659 4014 824 4073; x_wconf 73' lang='lat' dir='ltr'><strong>Vens.</strong></span> <span class='ocrx_word' id='word_1_531' title='bbox 855 4011 946 4083; x_wconf 74' lang='lat'><strong>35,</strong></span> <span class='ocrx_word' id='word_1_532' title='bbox 980 4020 1068 4075; x_wconf 77' lang='grc'>54.</span> <span class='ocrx_word' id='word_1_533' title='bbox 1104 4019 1243 4075; x_wconf 85' lang='lat' dir='ltr'><strong>Deus</strong></span> <span class='ocrx_word' id='word_1_534' title='bbox 1277 4024 1365 4091; x_wconf 84' lang='lat' dir='ltr'><strong>qui</strong></span> <span class='ocrx_word' id='word_1_535' title='bbox 1405 4014 1675 4094; x_wconf 74' lang='lat' dir='ltr'><strong>praecingit</strong></span> <span class='ocrx_word' id='word_1_536' title='bbox 1714 4041 1791 4079; x_wconf 87' lang='lat' dir='ltr'><strong>me</strong></span> <span class='ocrx_word' id='word_1_537' title='bbox 1844 4027 2053 4087; x_wconf 81' lang='lat' dir='ltr'><strong>virtute,</strong></span> <span class='ocrx_word' id='word_1_538' title='bbox 2103 4035 2153 4080; x_wconf 85' lang='lat' dir='ltr'><strong>et</strong></span> 
     </span>
    </p>
   </div>
   <div class='ocr_carea' id='block_1_73' title="bbox 588 4109 2152 4186">
    <p class='ocr_par' dir='ltr' id='par_1_73' title="bbox 588 4109 2152 4186">
     <span class='ocr_line' id='line_1_73' title="bbox 588 4109 2152 4186; baseline 0.007 -25"><span class='ocrx_word' id='word_1_539' title='bbox 588 4109 760 4178; x_wconf 86' lang='lat' dir='ltr'><strong>posuit</strong></span> <span class='ocrx_word' id='word_1_540' title='bbox 792 4109 1187 4165; x_wconf 81' lang='lat' dir='ltr'><strong>immaculatum</strong></span> <span class='ocrx_word' id='word_1_541' title='bbox 1224 4112 1360 4167; x_wconf 86' lang='lat' dir='ltr'><strong>viam</strong></span> <span class='ocrx_word' id='word_1_542' title='bbox 1390 4131 1581 4171; x_wconf 80' lang='lat' dir='ltr'><strong>nteant.</strong></span> <span class='ocrx_word' id='word_1_543' title='bbox 1613 4116 1716 4181; x_wconf 84' lang='lat' dir='ltr'><strong>Qui</strong></span> <span class='ocrx_word' id='word_1_544' title='bbox 1745 4116 1957 4185; x_wconf 78' lang='lat' dir='ltr'><strong>perfecit</strong></span> <span class='ocrx_word' id='word_1_545' title='bbox 2003 4118 2152 4186; x_wconf 83' lang='lat' dir='ltr'><strong>pedes</strong></span> 
     </span>
    </p>
   </div>
   <div class='ocr_carea' id='block_1_74' title="bbox 588 4208 2149 4276">
    <p class='ocr_par' dir='ltr' id='par_1_74' title="bbox 588 4208 2149 4276">
     <span class='ocr_line' id='line_1_74' title="bbox 588 4208 2149 4276; baseline 0.006 -22"><span class='ocrx_word' id='word_1_546' title='bbox 588 4217 729 4257; x_wconf 84' lang='lat' dir='ltr'><strong>meos</strong></span> <span class='ocrx_word' id='word_1_547' title='bbox 762 4212 1011 4273; x_wconf 84' lang='lat' dir='ltr'><strong>tanquam</strong></span> <span class='ocrx_word' id='word_1_548' title='bbox 1048 4220 1341 4270; x_wconf 87' lang='lat' dir='ltr'><strong>cervorum,</strong></span> <span class='ocrx_word' id='word_1_549' title='bbox 1372 4215 1422 4260; x_wconf 91' lang='lat' dir='ltr'><strong>et</strong></span> <span class='ocrx_word' id='word_1_550' title='bbox 1458 4223 1613 4276; x_wconf 89' lang='lat' dir='ltr'><strong>super</strong></span> <span class='ocrx_word' id='word_1_551' title='bbox 1637 4208 1843 4263; x_wconf 75' lang='lat' dir='ltr'><strong>excelsa</strong></span> <span class='ocrx_word' id='word_1_552' title='bbox 1891 4226 2007 4263; x_wconf 90' lang='lat' dir='ltr'><strong>mea</strong></span> <span class='ocrx_word' id='word_1_553' title='bbox 2035 4221 2149 4264; x_wconf 90' lang='lat' dir='ltr'><strong>sta-</strong></span> 
     </span>
    </p>
   </div>
   <div class='ocr_carea' id='block_1_75' title="bbox 587 4290 2153 4369">
    <p class='ocr_par' dir='ltr' id='par_1_75' title="bbox 587 4290 2153 4369">
     <span class='ocr_line' id='line_1_75' title="bbox 587 4290 2153 4369; baseline 0.006 -23"><span class='ocrx_word' id='word_1_554' title='bbox 587 4297 737 4347; x_wconf 84' lang='lat' dir='ltr'><strong>tuens</strong></span> <span class='ocrx_word' id='word_1_555' title='bbox 767 4299 868 4347; x_wconf 84' lang='lat' dir='ltr'><strong>me.</strong></span> <span class='ocrx_word' id='word_1_556' title='bbox 908 4290 1026 4347; x_wconf 88' lang='lat' dir='ltr'><strong>Non</strong></span> <span class='ocrx_word' id='word_1_557' title='bbox 1067 4294 1215 4350; x_wconf 86' lang='lat' dir='ltr'><strong>iners</strong></span> <span class='ocrx_word' id='word_1_558' title='bbox 1255 4301 1308 4349; x_wconf 94' lang='lat' dir='ltr'><strong>et</strong></span> <span class='ocrx_word' id='word_1_559' title='bbox 1350 4296 1583 4361; x_wconf 89' lang='lat' dir='ltr'><strong>otiosus,</strong></span> <span class='ocrx_word' id='word_1_560' title='bbox 1618 4296 1813 4367; x_wconf 90' lang='lat' dir='ltr'><strong>inquit,</strong></span> <span class='ocrx_word' id='word_1_561' title='bbox 1850 4300 2153 4369; x_wconf 61' lang='lat' dir='ltr'><strong>patrocina-~</strong></span> 
     </span>
    </p>
   </div>
   <div class='ocr_carea' id='block_1_76' title="bbox 586 4378 2147 4462">
    <p class='ocr_par' dir='ltr' id='par_1_76' title="bbox 586 4378 2147 4462">
     <span class='ocr_line' id='line_1_76' title="bbox 586 4378 2147 4462; baseline 0.006 -23"><span class='ocrx_word' id='word_1_562' title='bbox 586 4388 867 4457; x_wconf 84' lang='lat' dir='ltr'><strong>tur-atque</strong></span> <span class='ocrx_word' id='word_1_563' title='bbox 915 4378 1182 4457; x_wconf 82' lang='lat' dir='ltr'><strong>protegit;</strong></span> <span class='ocrx_word' id='word_1_564' title='bbox 1217 4386 1311 4441; x_wconf 91' lang='lat' dir='ltr'><strong>sed</strong></span> <span class='ocrx_word' id='word_1_565' title='bbox 1371 4386 1424 4441; x_wconf 91' lang='lat' dir='ltr'><strong>id</strong></span> <span class='ocrx_word' id='word_1_566' title='bbox 1479 4390 1724 4445; x_wconf 83' lang='lat' dir='ltr'><strong>muneris</strong></span> <span class='ocrx_word' id='word_1_567' title='bbox 1754 4391 1883 4462; x_wconf 82' lang='lat' dir='ltr'><strong>agit,</strong></span> <span class='ocrx_word' id='word_1_568' title='bbox 1918 4392 2046 4447; x_wconf 92' lang='lat' dir='ltr'><strong>dum</strong></span> <span class='ocrx_word' id='word_1_569' title='bbox 2072 4394 2147 4449; x_wconf 91' lang='lat' dir='ltr'><strong>illi</strong></span> 
     </span>
    </p>
   </div>
   <div class='ocr_carea' id='block_1_77' title="bbox 587 4480 2151 4550">
    <p class='ocr_par' dir='ltr' id='par_1_77' title="bbox 587 4480 2151 4550">
     <span class='ocr_line' id='line_1_77' title="bbox 587 4480 2151 4550; baseline 0.009 -20"><span class='ocrx_word' id='word_1_570' title='bbox 587 4493 780 4535; x_wconf 91' lang='lat' dir='ltr'><strong>manus</strong></span> <span class='ocrx_word' id='word_1_571' title='bbox 805 4487 1103 4535; x_wconf 88' lang='lat' dir='ltr'><strong>conserunt</strong></span> <span class='ocrx_word' id='word_1_572' title='bbox 1134 4495 1235 4550; x_wconf 90' lang='lat' dir='ltr'><strong>pro</strong></span> <span class='ocrx_word' id='word_1_573' title='bbox 1263 4480 1437 4536; x_wconf 84' lang='lat' dir='ltr'><strong>salute</strong></span> <span class='ocrx_word' id='word_1_574' title='bbox 1461 4496 1580 4546; x_wconf 92' lang='lat' dir='ltr'><strong>sua,</strong></span> <span class='ocrx_word' id='word_1_575' title='bbox 1599 4492 1660 4537; x_wconf 94' lang='lat' dir='ltr'><strong>ut</strong></span> <span class='ocrx_word' id='word_1_576' title='bbox 1693 4483 1827 4539; x_wconf 91' lang='lat' dir='ltr'><strong>inito</strong></span> <span class='ocrx_word' id='word_1_577' title='bbox 1855 4489 2151 4544; x_wconf 89' lang='lat' dir='ltr'><strong>certamine</strong></span> 
     </span>
    </p>
   </div>
   <div class='ocr_carea' id='block_1_78' title="bbox 591 4568 2154 4632">
    <p class='ocr_par' dir='ltr' id='par_1_78' title="bbox 591 4568 2154 4632">
     <span class='ocr_line' id='line_1_78' title="bbox 591 4568 2154 4632; baseline 0.007 -11"><span class='ocrx_word' id='word_1_578' title='bbox 591 4568 842 4625; x_wconf 87' lang='lat' dir='ltr'><strong>inimicos</strong></span> <span class='ocrx_word' id='word_1_579' title='bbox 876 4569 1165 4627; x_wconf 89' lang='lat' dir='ltr'><strong>debellent.</strong></span> <span class='ocrx_word' id='word_1_580' title='bbox 1201 4569 1295 4626; x_wconf 87' lang='lat' dir='ltr'><strong>Sic</strong></span> <span class='ocrx_word' id='word_1_581' title='bbox 1325 4588 1409 4627; x_wconf 92' lang='lat' dir='ltr'><strong>me</strong></span> <span class='ocrx_word' id='word_1_582' title='bbox 1443 4572 1740 4629; x_wconf 81' lang='lat' dir='ltr'><strong>virtutibus</strong></span> <span class='ocrx_word' id='word_1_583' title='bbox 1774 4577 1892 4631; x_wconf 90' lang='lat' dir='ltr'><strong>suis</strong></span> <span class='ocrx_word' id='word_1_584' title='bbox 1926 4592 2025 4632; x_wconf 92' lang='lat' dir='ltr'><strong>ceu</strong></span> <span class='ocrx_word' id='word_1_585' title='bbox 2067 4594 2154 4632; x_wconf 88' lang='lat' dir='ltr'><strong>ar-</strong></span> 
     </span>
    </p>
   </div>
   <div class='ocr_carea' id='block_1_79' title="bbox 593 4656 2156 4736">
    <p class='ocr_par' dir='ltr' id='par_1_79' title="bbox 593 4656 2156 4736">
     <span class='ocr_line' id='line_1_79' title="bbox 593 4656 2156 4736; baseline 0.007 -25"><span class='ocrx_word' id='word_1_586' title='bbox 593 4660 698 4714; x_wconf 90' lang='lat' dir='ltr'><strong>mis</strong></span> <span class='ocrx_word' id='word_1_587' title='bbox 740 4660 981 4726; x_wconf 85' lang='lat' dir='ltr'><strong>instruit,</strong></span> <span class='ocrx_word' id='word_1_588' title='bbox 1022 4673 1087 4715; x_wconf 89' lang='lat' dir='ltr'><strong>ae</strong></span> <span class='ocrx_word' id='word_1_589' title='bbox 1128 4664 1411 4719; x_wconf 90' lang='lat' dir='ltr'><strong>mortalem</strong></span> <span class='ocrx_word' id='word_1_590' title='bbox 1451 4656 1855 4736; x_wconf 78' lang='lat' dir='ltr'><strong>humanamque</strong></span> <span class='ocrx_word' id='word_1_591' title='bbox 1888 4665 2156 4722; x_wconf 82' lang='lat' dir='ltr'><strong>fortitudi-</strong></span> 
     </span>
    </p>
   </div>
   <div class='ocr_carea' id='block_1_80' title="bbox 592 4746 2158 4827">
    <p class='ocr_par' dir='ltr' id='par_1_80' title="bbox 592 4746 2158 4827">
     <span class='ocr_line' id='line_1_80' title="bbox 592 4746 2158 4827; baseline 0.007 -24"><span class='ocrx_word' id='word_1_592' title='bbox 592 4765 716 4805; x_wconf 85' lang='lat' dir='ltr'><strong>nem</strong></span> <span class='ocrx_word' id='word_1_593' title='bbox 756 4765 928 4804; x_wconf 90' lang='lat' dir='ltr'><strong>meam</strong></span> <span class='ocrx_word' id='word_1_594' title='bbox 957 4753 1131 4822; x_wconf 81' lang='lat' dir='ltr'><strong>gratia</strong></span> <span class='ocrx_word' id='word_1_595' title='bbox 1161 4768 1259 4808; x_wconf 92' lang='lat' dir='ltr'><strong>sua</strong></span> <span class='ocrx_word' id='word_1_596' title='bbox 1288 4746 1603 4823; x_wconf 73' lang='lat' dir='ltr'><strong>confirmat;</strong></span> <span class='ocrx_word' id='word_1_597' title='bbox 1637 4763 1694 4811; x_wconf 93' lang='lat' dir='ltr'><strong>ut</strong></span> <span class='ocrx_word' id='word_1_598' title='bbox 1716 4758 1873 4827; x_wconf 92' lang='lat' dir='ltr'><strong>quasi</strong></span> <span class='ocrx_word' id='word_1_599' title='bbox 1894 4759 1996 4825; x_wconf 90' lang='lat' dir='ltr'><strong>vir,</strong></span> <span class='ocrx_word' id='word_1_600' title='bbox 2026 4761 2158 4814; x_wconf 89' lang='lat' dir='ltr'><strong>lum-</strong></span> 
     </span>
    </p>
   </div>
   <div class='ocr_carea' id='block_1_81' title="bbox 590 4840 2159 4911">
    <p class='ocr_par' dir='ltr' id='par_1_81' title="bbox 590 4840 2159 4911">
     <span class='ocr_line' id='line_1_81' title="bbox 590 4840 2159 4911; baseline 0.006 -16"><span class='ocrx_word' id='word_1_601' title='bbox 590 4840 691 4897; x_wconf 89' lang='lat' dir='ltr'><strong>bos</strong></span> <span class='ocrx_word' id='word_1_602' title='bbox 740 4841 946 4896; x_wconf 82' lang='lat' dir='ltr'><strong>babens</strong></span> <span class='ocrx_word' id='word_1_603' title='bbox 975 4841 1175 4897; x_wconf 86' lang='lat' dir='ltr'><strong>virtute</strong></span> <span class='ocrx_word' id='word_1_604' title='bbox 1222 4858 1320 4898; x_wconf 92' lang='lat' dir='ltr'><strong>sua</strong></span> <span class='ocrx_word' id='word_1_605' title='bbox 1370 4844 1698 4911; x_wconf 86' lang='lat' dir='ltr'><strong>succinctos,</strong></span> <span class='ocrx_word' id='word_1_606' title='bbox 1730 4846 1964 4905; x_wconf 88' lang='lat' dir='ltr'><strong>inimicis</strong></span> <span class='ocrx_word' id='word_1_607' title='bbox 2009 4851 2159 4906; x_wconf 70' lang='lat' dir='ltr'><strong>obsi-</strong></span> 
     </span>
    </p>
   </div>
   <div class='ocr_carea' id='block_1_82' title="bbox 590 4929 2156 5005">
    <p class='ocr_par' dir='ltr' id='par_1_82' title="bbox 590 4929 2156 5005">
     <span class='ocr_line' id='line_1_82' title="bbox 590 4929 2156 5005; baseline 0.006 -20"><span class='ocrx_word' id='word_1_608' title='bbox 590 4941 753 4985; x_wconf 87' lang='lat' dir='ltr'><strong>stam.</strong></span> <span class='ocrx_word' id='word_1_609' title='bbox 779 4929 886 4986; x_wconf 91' lang='lat' dir='ltr'><strong>Sed</strong></span> <span class='ocrx_word' id='word_1_610' title='bbox 915 4930 1379 5002; x_wconf 81' lang='lat' dir='ltr'><strong>quemadmodum</strong></span> <span class='ocrx_word' id='word_1_611' title='bbox 1421 4947 1586 5005; x_wconf 89' lang='lat' dir='ltr'><strong>supra</strong></span> <span class='ocrx_word' id='word_1_612' title='bbox 1633 4935 1837 4991; x_wconf 80' lang='lat' dir='ltr'><strong>diclum</strong></span> <span class='ocrx_word' id='word_1_613' title='bbox 1872 4944 1978 5004; x_wconf 86' lang='lat' dir='ltr'><strong>est,</strong></span> <span class='ocrx_word' id='word_1_614' title='bbox 2015 4938 2156 4995; x_wconf 85' lang='lat' dir='ltr'><strong>Deus</strong></span> 
     </span>
    </p>
   </div>
   <div class='ocr_carea' id='block_1_83' title="bbox 588 5018 2158 5100">
    <p class='ocr_par' dir='ltr' id='par_1_83' title="bbox 588 5018 2158 5100">
     <span class='ocr_line' id='line_1_83' title="bbox 588 5018 2158 5100; baseline 0.005 -23"><span class='ocrx_word' id='word_1_615' title='bbox 588 5018 868 5092; x_wconf 84' lang='lat' dir='ltr'><strong>impolluta</strong></span> <span class='ocrx_word' id='word_1_616' title='bbox 898 5024 981 5078; x_wconf 84' lang='lat' dir='ltr'><strong>via</strong></span> <span class='ocrx_word' id='word_1_617' title='bbox 1009 5023 1159 5094; x_wconf 88' lang='lat' dir='ltr'><strong>ejus;</strong></span> <span class='ocrx_word' id='word_1_618' title='bbox 1186 5024 1261 5079; x_wconf 90' lang='lat' dir='ltr'><strong>ita</strong></span> <span class='ocrx_word' id='word_1_619' title='bbox 1292 5041 1377 5081; x_wconf 91' lang='lat' dir='ltr'><strong>me</strong></span> <span class='ocrx_word' id='word_1_620' title='bbox 1399 5026 1464 5081; x_wconf 91' lang='lat' dir='ltr'><strong>ad</strong></span> <span class='ocrx_word' id='word_1_621' title='bbox 1487 5029 1571 5082; x_wconf 91' lang='lat' dir='ltr'><strong>sui</strong></span> <span class='ocrx_word' id='word_1_622' title='bbox 1604 5027 1894 5100; x_wconf 84' lang='lat' dir='ltr'><strong>imaginem</strong></span> <span class='ocrx_word' id='word_1_623' title='bbox 1917 5045 1983 5085; x_wconf 90' lang='lat' dir='ltr'><strong>ac</strong></span> <span class='ocrx_word' id='word_1_624' title='bbox 2008 5032 2158 5087; x_wconf 89' lang='lat' dir='ltr'><strong>simi-</strong></span> 
     </span>
    </p>
   </div>
   <div class='ocr_carea' id='block_1_84' title="bbox 590 5114 2160 5195">
    <p class='ocr_par' dir='ltr' id='par_1_84' title="bbox 590 5114 2160 5195">
     <span class='ocr_line' id='line_1_84' title="bbox 590 5114 2160 5195; baseline 0.006 -26"><span class='ocrx_word' id='word_1_625' title='bbox 590 5114 873 5171; x_wconf 79' lang='lat' dir='ltr'><strong>litudinem</strong></span> <span class='ocrx_word' id='word_1_626' title='bbox 916 5132 1038 5175; x_wconf 91' lang='lat' dir='ltr'><strong>esse</strong></span> <span class='ocrx_word' id='word_1_627' title='bbox 1090 5127 1405 5191; x_wconf 88' lang='lat' dir='ltr'><strong>peroptans,</strong></span> <span class='ocrx_word' id='word_1_628' title='bbox 1441 5137 1613 5177; x_wconf 87' lang='lat' dir='ltr'><strong>meam</strong></span> <span class='ocrx_word' id='word_1_629' title='bbox 1644 5130 1864 5194; x_wconf 87' lang='lat' dir='ltr'><strong>quoque</strong></span> <span class='ocrx_word' id='word_1_630' title='bbox 1892 5125 2036 5178; x_wconf 90' lang='lat' dir='ltr'><strong>viam</strong></span> <span class='ocrx_word' id='word_1_631' title='bbox 2068 5141 2160 5195; x_wconf 89' lang='lat' dir='ltr'><strong>po-</strong></span> 
     </span>
    </p>
   </div>
   <div class='ocr_carea' id='block_1_85' title="bbox 588 5208 2157 5287">
    <p class='ocr_par' dir='ltr' id='par_1_85' title="bbox 588 5208 2157 5287">
     <span class='ocr_line' id='line_1_85' title="bbox 588 5208 2157 5287; baseline 0.004 -22"><span class='ocrx_word' id='word_1_632' title='bbox 588 5208 700 5265; x_wconf 85' lang='lat' dir='ltr'><strong>suit</strong></span> <span class='ocrx_word' id='word_1_633' title='bbox 730 5210 1152 5278; x_wconf 90' lang='lat' dir='ltr'><strong>immaculatam,</strong></span> <span class='ocrx_word' id='word_1_634' title='bbox 1181 5221 1235 5269; x_wconf 90' lang='lat' dir='ltr'><strong>et</strong></span> <span class='ocrx_word' id='word_1_635' title='bbox 1264 5208 1533 5281; x_wconf 88' lang='lat' dir='ltr'><strong>doctrina,</strong></span> <span class='ocrx_word' id='word_1_636' title='bbox 1562 5217 1786 5272; x_wconf 87' lang='lat' dir='ltr'><strong>monitis</strong></span> <span class='ocrx_word' id='word_1_637' title='bbox 1819 5232 1884 5271; x_wconf 93' lang='lat' dir='ltr'><strong>ac</strong></span> <span class='ocrx_word' id='word_1_638' title='bbox 1911 5208 2157 5287; x_wconf 87' lang='lat' dir='ltr'><strong>cujusvis</strong></span> 
     </span>
    </p>
   </div>
   <div class='ocr_carea' id='block_1_86' title="bbox 586 5303 2158 5379">
    <p class='ocr_par' dir='ltr' id='par_1_86' title="bbox 586 5303 2158 5379">
     <span class='ocr_line' id='line_1_86' title="bbox 586 5303 2158 5379; baseline 0.005 -22"><span class='ocrx_word' id='word_1_639' title='bbox 586 5303 806 5373; x_wconf 74' lang='lat' dir='ltr'><strong>generis</strong></span> <span class='ocrx_word' id='word_1_640' title='bbox 835 5303 1164 5376; x_wconf 89' lang='lat' dir='ltr'><strong>disciplinis,</strong></span> <span class='ocrx_word' id='word_1_641' title='bbox 1194 5307 1335 5362; x_wconf 91' lang='lat' dir='ltr'><strong>viam</strong></span> <span class='ocrx_word' id='word_1_642' title='bbox 1379 5309 1493 5363; x_wconf 91' lang='lat' dir='ltr'><strong>sive</strong></span> <span class='ocrx_word' id='word_1_643' title='bbox 1520 5308 1687 5362; x_wconf 90' lang='lat' dir='ltr'><strong>vitam</strong></span> <span class='ocrx_word' id='word_1_644' title='bbox 1736 5306 2158 5379; x_wconf 88' lang='lat' dir='ltr'><strong>institutumque</strong></span> 
     </span>
    </p>
   </div>
   <div class='ocr_carea' id='block_1_87' title="bbox 587 5394 2160 5469">
    <p class='ocr_par' dir='ltr' id='par_1_87' title="bbox 587 5394 2160 5469">
     <span class='ocr_line' id='line_1_87' title="bbox 587 5394 2160 5469; baseline 0.004 -24"><span class='ocrx_word' id='word_1_645' title='bbox 587 5398 767 5449; x_wconf 72' lang='lat' dir='ltr'><strong>niueum</strong></span> <span class='ocrx_word' id='word_1_646' title='bbox 792 5398 1082 5467; x_wconf 90' lang='lat' dir='ltr'><strong>perpolivit</strong></span> <span class='ocrx_word' id='word_1_647' title='bbox 1131 5414 1196 5453; x_wconf 91' lang='lat' dir='ltr'><strong>ac</strong></span> <span class='ocrx_word' id='word_1_648' title='bbox 1232 5399 1481 5469; x_wconf 82' lang='lat' dir='ltr'><strong>perfecit.</strong></span> <span class='ocrx_word' id='word_1_649' title='bbox 1527 5394 1671 5453; x_wconf 89' lang='lat' dir='ltr'><strong>Loco</strong></span> <span class='ocrx_word' id='word_1_650' title='bbox 1706 5398 1876 5463; x_wconf 87' lang='lat' dir='ltr'><strong>illius,</strong></span> <span class='ocrx_word' id='word_1_651' title='bbox 1907 5400 2160 5452; x_wconf 83' lang='lat' dir='ltr'><strong>immacu—</strong></span> 
     </span>
    </p>
   </div>
   <div class='ocr_carea' id='block_1_88' title="bbox 588 5483 2153 5558">
    <p class='ocr_par' dir='ltr' id='par_1_88' title="bbox 588 5483 2153 5558">
     <span class='ocr_line' id='line_1_88' title="bbox 588 5483 2153 5558; baseline 0.006 -23"><span class='ocrx_word' id='word_1_652' title='bbox 588 5483 771 5546; x_wconf 73' lang='lat' dir='ltr'><strong>latum.</strong></span> <span class='ocrx_word' id='word_1_653' title='bbox 802 5485 1018 5556; x_wconf 78' lang='lat' dir='ltr'><strong>Aquila,</strong></span> <span class='ocrx_word' id='word_1_654' title='bbox 1076 5489 1393 5558; x_wconf 80' lang='lat' dir='ltr'><strong>perfectam,</strong></span> <span class='ocrx_word' id='word_1_655' title='bbox 1431 5484 1621 5541; x_wconf 87' lang='lat' dir='ltr'><strong>edidit.</strong></span> <span class='ocrx_word' id='word_1_656' title='bbox 1681 5486 1918 5543; x_wconf 65' lang='grc' dir='ltr'><strong>Διί-ιιωο</strong></span> <span class='ocrx_word' id='word_1_657' title='bbox 1968 5502 2153 5557; x_wconf 89' lang='lat' dir='ltr'><strong>porro,</strong></span> 
     </span>
    </p>
   </div>
   <div class='ocr_carea' id='block_1_89' title="bbox 588 5572 2155 5646">
    <p class='ocr_par' dir='ltr' id='par_1_89' title="bbox 588 5572 2155 5646">
     <span class='ocr_line' id='line_1_89' title="bbox 588 5572 2155 5646; baseline 0.006 -21"><span class='ocrx_word' id='word_1_658' title='bbox 588 5572 799 5642; x_wconf 74' lang='lat' dir='ltr'><strong>perfecit</strong></span> <span class='ocrx_word' id='word_1_659' title='bbox 840 5578 991 5645; x_wconf 72' lang='lat' dir='ltr'><strong>pedes</strong></span> <span class='ocrx_word' id='word_1_660' title='bbox 1037 5594 1177 5631; x_wconf 88' lang='lat' dir='ltr'><strong>meos</strong></span> <span class='ocrx_word' id='word_1_661' title='bbox 1224 5587 1474 5646; x_wconf 83' lang='lat' dir='ltr'><strong>tauquam</strong></span> <span class='ocrx_word' id='word_1_662' title='bbox 1514 5592 1781 5630; x_wconf 87' lang='lat' dir='ltr'><strong>cervorum</strong></span> <span class='ocrx_word' id='word_1_663' title='bbox 1817 5577 1928 5631; x_wconf 90' lang='lat' dir='ltr'><strong>:de</strong></span> <span class='ocrx_word' id='word_1_664' title='bbox 1959 5579 2155 5646; x_wconf 87' lang='lat' dir='ltr'><strong>quibus</strong></span> 
     </span>
    </p>
   </div>
   <div class='ocr_carea' id='block_1_90' title="bbox 656 5690 1199 5758">
    <p class='ocr_par' dir='ltr' id='par_1_90' title="bbox 656 5690 1199 5758">
     <span class='ocr_line' id='line_1_90' title="bbox 656 5690 1199 5758; baseline 0.007 -15"><span class='ocrx_word' id='word_1_665' title='bbox 656 5690 863 5745; x_wconf 73' lang='lat' dir='ltr'><strong>“Psal.</strong></span> <span class='ocrx_word' id='word_1_666' title='bbox 894 5707 1081 5758; x_wconf 65' lang='lat' dir='ltr'><strong>cum,</strong></span> <span class='ocrx_word' id='word_1_667' title='bbox 1116 5694 1199 5747; x_wconf 75' lang='lat' dir='ltr'><strong>l7.</strong></span> 
     </span>
    </p>
   </div>
   <div class='ocr_carea' id='block_1_91' title="bbox 2256 3174 3828 3246">
    <p class='ocr_par' dir='ltr' id='par_1_91' title="bbox 2256 3174 3828 3246">
     <span class='ocr_line' id='line_1_91' title="bbox 2256 3174 3828 3246; baseline 0 -19"><span class='ocrx_word' id='word_1_668' title='bbox 2256 3192 2398 3239; x_wconf 85' lang='grc' dir='ltr'>τινος</span> <span class='ocrx_word' id='word_1_669' title='bbox 2423 3175 2533 3229; x_wconf 66' lang='lat' dir='ltr'><strong>Eae“</strong></span> <span class='ocrx_word' id='word_1_670' title='bbox 2555 3177 2641 3229; x_wconf 84' lang='grc' dir='ltr'>ὅτε</span> <span class='ocrx_word' id='word_1_671' title='bbox 2666 3176 2984 3246; x_wconf 82' lang='grc' dir='ltr'>φαντασίας,</span> <span class='ocrx_word' id='word_1_672' title='bbox 3017 3175 3197 3245; x_wconf 85' lang='grc' dir='ltr'>πάσης</span> <span class='ocrx_word' id='word_1_673' title='bbox 3209 3174 3263 3227; x_wconf 80' lang='grc' dir='ltr'><strong>δὲ</strong></span> <span class='ocrx_word' id='word_1_674' title='bbox 3284 3174 3573 3245; x_wconf 76' lang='grc' dir='ltr'>ἀθεότητος</span> <span class='ocrx_word' id='word_1_675' title='bbox 3591 3174 3687 3227; x_wconf 79' lang='grc' dir='ltr'>καὶ</span> <span class='ocrx_word' id='word_1_676' title='bbox 3706 3174 3828 3227; x_wconf 79' lang='grc' dir='ltr'>δυσ-</span> 
     </span>
    </p>
   </div>
   <div class='ocr_carea' id='block_1_92' title="bbox 2260 3263 3827 3341">
    <p class='ocr_par' dir='ltr' id='par_1_92' title="bbox 2260 3263 3827 3341">
     <span class='ocr_line' id='line_1_92' title="bbox 2260 3263 3827 3341; baseline 0 -21"><span class='ocrx_word' id='word_1_677' title='bbox 2260 3268 2469 3332; x_wconf 78' lang='grc' dir='ltr'>σεϐείας</span> <span class='ocrx_word' id='word_1_678' title='bbox 2499 3269 2919 3341; x_wconf 79' lang='grc' dir='ltr'>πεπληρωμένα.</span> <span class='ocrx_word' id='word_1_679' title='bbox 2953 3267 3018 3321; x_wconf 85' lang='grc' dir='ltr'>Τί</span> <span class='ocrx_word' id='word_1_680' title='bbox 3039 3263 3130 3321; x_wconf 81' lang='grc' dir='ltr'><strong>οὖν</strong></span> <span class='ocrx_word' id='word_1_681' title='bbox 3156 3268 3224 3320; x_wconf 79' lang='grc' dir='ltr'>τὰ</span> <span class='ocrx_word' id='word_1_682' title='bbox 3270 3265 3640 3338; x_wconf 81' lang='grc' dir='ltr'>πεπυρωμένα</span> <span class='ocrx_word' id='word_1_683' title='bbox 3674 3266 3827 3334; x_wconf 81' lang='grc' dir='ltr'>λόγια</span> 
     </span>
    </p>
   </div>
   <div class='ocr_carea' id='block_1_93' title="bbox 2255 3359 3829 3433">
    <p class='ocr_par' dir='ltr' id='par_1_93' title="bbox 2255 3359 3829 3433">
     <span class='ocr_line' id='line_1_93' title="bbox 2255 3359 3829 3433; baseline -0.003 -18"><span class='ocrx_word' id='word_1_684' title='bbox 2255 3361 2348 3415; x_wconf 79' lang='grc' dir='ltr'>τοῦ</span> <span class='ocrx_word' id='word_1_685' title='bbox 2378 3363 2582 3433; x_wconf 81' lang='grc' dir='ltr'>Κυρίου</span> <span class='ocrx_word' id='word_1_686' title='bbox 2606 3362 2876 3426; x_wconf 82' lang='grc' dir='ltr'>διδάσκει;</span> <span class='ocrx_word' id='word_1_687' title='bbox 2911 3361 2985 3424; x_wconf 86' lang='grc' dir='ltr'>ὡς</span> <span class='ocrx_word' id='word_1_688' title='bbox 3013 3360 3426 3431; x_wconf 74' lang='grc' dir='ltr'>ὑπερασπιστὴς</span> <span class='ocrx_word' id='word_1_689' title='bbox 3463 3361 3578 3412; x_wconf 73' lang='grc' dir='ltr'>ἐστι</span> <span class='ocrx_word' id='word_1_690' title='bbox 3611 3359 3829 3412; x_wconf 74' lang='grc' dir='ltr'>πάντων</span> 
     </span>
    </p>
   </div>
   <div class='ocr_carea' id='block_1_94' title="bbox 2257 3451 3832 3518">
    <p class='ocr_par' dir='ltr' id='par_1_94' title="bbox 2257 3451 3832 3518">
     <span class='ocr_line' id='line_1_94' title="bbox 2257 3451 3832 3518; baseline 0.001 -12"><span class='ocrx_word' id='word_1_691' title='bbox 2257 3453 2364 3508; x_wconf 81' lang='grc' dir='ltr'>τῶν</span> <span class='ocrx_word' id='word_1_692' title='bbox 2397 3454 2719 3518; x_wconf 76' lang='grc' dir='ltr'>ἐλπιζόντων</span> <span class='ocrx_word' id='word_1_693' title='bbox 2752 3455 2838 3506; x_wconf 76' lang='grc' dir='ltr'><strong>ἐπ’</strong></span> <span class='ocrx_word' id='word_1_694' title='bbox 2871 3452 3059 3506; x_wconf 78' lang='grc' dir='ltr'>αὐτόν’</span> <span class='ocrx_word' id='word_1_695' title='bbox 3099 3452 3195 3505; x_wconf 80' lang='grc' dir='ltr'><strong>καὶ</strong></span> <span class='ocrx_word' id='word_1_696' title='bbox 3234 3453 3314 3505; x_wconf 83' lang='grc' dir='ltr'><strong>ὅτι</strong></span> <span class='ocrx_word' id='word_1_697' title='bbox 3359 3454 3458 3505; x_wconf 80' lang='grc' dir='ltr'><strong>οὑκ</strong></span> <span class='ocrx_word' id='word_1_698' title='bbox 3495 3451 3640 3504; x_wconf 78' lang='grc' dir='ltr'>ἐστιν</span> <span class='ocrx_word' id='word_1_699' title='bbox 3674 3451 3832 3516; x_wconf 75' lang='grc' dir='ltr'>ἄλλος</span> 
     </span>
    </p>
   </div>
   <div class='ocr_carea' id='block_1_95' title="bbox 2256 3543 3832 3617">
    <p class='ocr_par' dir='ltr' id='par_1_95' title="bbox 2256 3543 3832 3617">
     <span class='ocr_line' id='line_1_95' title="bbox 2256 3543 3832 3617; baseline 0.001 -20"><span class='ocrx_word' id='word_1_700' title='bbox 2256 3544 2389 3608; x_wconf 83' lang='grc' dir='ltr'>Θεὸς</span> <span class='ocrx_word' id='word_1_701' title='bbox 2436 3544 2469 3616; x_wconf 86' lang='grc' dir='ltr'>ἢ</span> <span class='ocrx_word' id='word_1_702' title='bbox 2524 3545 2681 3615; x_wconf 87' lang='grc' dir='ltr'>μόνος</span> <span class='ocrx_word' id='word_1_703' title='bbox 2712 3546 2740 3597; x_wconf 86' lang='grc' dir='ltr'>ὁ</span> <span class='ocrx_word' id='word_1_704' title='bbox 2773 3544 3045 3616; x_wconf 73' lang='grc' dir='ltr'>ἡμέτερος</span> <span class='ocrx_word' id='word_1_705' title='bbox 3102 3543 3326 3615; x_wconf 82' lang='grc' dir='ltr'>Κύριος,</span> <span class='ocrx_word' id='word_1_706' title='bbox 3361 3543 3468 3598; x_wconf 75' lang='grc' dir='ltr'>οὐδ’</span> <span class='ocrx_word' id='word_1_707' title='bbox 3498 3544 3644 3598; x_wconf 74' lang='grc' dir='ltr'>ἐστιν</span> <span class='ocrx_word' id='word_1_708' title='bbox 3702 3562 3832 3617; x_wconf 78' lang='grc' dir='ltr'>κρα-</span> 
     </span>
    </p>
   </div>
   <div class='ocr_carea' id='block_1_96' title="bbox 2258 3634 3834 3705">
    <p class='ocr_par' dir='ltr' id='par_1_96' title="bbox 2258 3634 3834 3705">
     <span class='ocr_line' id='line_1_96' title="bbox 2258 3634 3834 3705; baseline 0.001 -18"><span class='ocrx_word' id='word_1_709' title='bbox 2258 3635 2405 3699; x_wconf 84' lang='grc' dir='ltr'>ταιὸς</span> <span class='ocrx_word' id='word_1_710' title='bbox 2455 3634 2610 3699; x_wconf 76' lang='grc' dir='ltr'>ἄλλος</span> <span class='ocrx_word' id='word_1_711' title='bbox 2640 3634 2673 3705; x_wconf 80' lang='grc' dir='ltr'>ἢ</span> <span class='ocrx_word' id='word_1_712' title='bbox 2705 3635 2733 3686; x_wconf 86' lang='grc' dir='ltr'><strong>ό</strong></span> <span class='ocrx_word' id='word_1_713' title='bbox 2766 3634 2896 3698; x_wconf 84' lang='grc' dir='ltr'>Θεὸς</span> <span class='ocrx_word' id='word_1_714' title='bbox 2932 3634 3086 3705; x_wconf 81' lang='grc' dir='ltr'>ἡμῶν</span> <span class='ocrx_word' id='word_1_715' title='bbox 3106 3650 3119 3664; x_wconf 85' lang='grc'><strong>·</strong></span> <span class='ocrx_word' id='word_1_716' title='bbox 3167 3635 3260 3687; x_wconf 74' lang='grc' dir='ltr'><strong>καὶ</strong></span> <span class='ocrx_word' id='word_1_717' title='bbox 3291 3634 3379 3688; x_wconf 71' lang='grc' dir='ltr'><strong>διὰ</strong></span> <span class='ocrx_word' id='word_1_718' title='bbox 3408 3635 3566 3688; x_wconf 79' lang='grc' dir='ltr'>τοῦτο</span> <span class='ocrx_word' id='word_1_719' title='bbox 3602 3637 3834 3701; x_wconf 72' lang='grc' dir='ltr'>εἰκότως</span> 
     </span>
    </p>
   </div>
   <div class='ocr_carea' id='block_1_97' title="bbox 2258 3725 3833 3797">
    <p class='ocr_par' dir='ltr' id='par_1_97' title="bbox 2258 3725 3833 3797">
     <span class='ocr_line' id='line_1_97' title="bbox 2258 3725 3833 3797; baseline 0.002 -18"><span class='ocrx_word' id='word_1_720' title='bbox 2258 3726 2667 3797; x_wconf 80' lang='grc' dir='ltr'>ὑπερασπιστὴς</span> <span class='ocrx_word' id='word_1_721' title='bbox 2686 3729 2800 3780; x_wconf 78' lang='grc' dir='ltr'>ἐστι</span> <span class='ocrx_word' id='word_1_722' title='bbox 2829 3726 3043 3779; x_wconf 80' lang='grc' dir='ltr'>πάντων</span> <span class='ocrx_word' id='word_1_723' title='bbox 3072 3725 3178 3779; x_wconf 85' lang='grc' dir='ltr'><strong>τῶν</strong></span> <span class='ocrx_word' id='word_1_724' title='bbox 3198 3726 3519 3792; x_wconf 75' lang='grc' dir='ltr'>ἐλπιζόντων</span> <span class='ocrx_word' id='word_1_725' title='bbox 3540 3728 3625 3780; x_wconf 75' lang='grc' dir='ltr'><strong>ἐπ’</strong></span> <span class='ocrx_word' id='word_1_726' title='bbox 3641 3730 3833 3793; x_wconf 76' lang='grc' dir='ltr'>αὑτὸν,</span> 
     </span>
    </p>
   </div>
   <div class='ocr_carea' id='block_1_98' title="bbox 2260 3815 3835 3891">
    <p class='ocr_par' dir='ltr' id='par_1_98' title="bbox 2260 3815 3835 3891">
     <span class='ocr_line' id='line_1_98' title="bbox 2260 3815 3835 3891; baseline 0.003 -20"><span class='ocrx_word' id='word_1_727' title='bbox 2260 3818 2482 3890; x_wconf 83' lang='grc' dir='ltr'>μηδενὸς</span> <span class='ocrx_word' id='word_1_728' title='bbox 2534 3820 2719 3891; x_wconf 81' lang='grc' dir='ltr'>ἑτέρου</span> <span class='ocrx_word' id='word_1_729' title='bbox 2774 3817 3161 3891; x_wconf 82' lang='grc' dir='ltr'>εὑρισκομένου</span> <span class='ocrx_word' id='word_1_730' title='bbox 3190 3816 3282 3871; x_wconf 79' lang='grc' dir='ltr'>τοῦ</span> <span class='ocrx_word' id='word_1_731' title='bbox 3307 3815 3603 3890; x_wconf 82' lang='grc' dir='ltr'>δυναμένου</span> <span class='ocrx_word' id='word_1_732' title='bbox 3638 3820 3835 3890; x_wconf 70' lang='grc' dir='ltr'>στῆναι</span> 
     </span>
    </p>
   </div>
   <div class='ocr_carea' id='block_1_99' title="bbox 2257 3911 3081 3984">
    <p class='ocr_par' dir='ltr' id='par_1_99' title="bbox 2257 3911 3081 3984">
     <span class='ocr_line' id='line_1_99' title="bbox 2257 3911 3081 3984; baseline 0.002 -21"><span class='ocrx_word' id='word_1_733' title='bbox 2257 3912 2392 3984; x_wconf 82' lang='grc' dir='ltr'>πρὸς</span> <span class='ocrx_word' id='word_1_734' title='bbox 2421 3911 2670 3965; x_wconf 84' lang='grc' dir='ltr'>τοσοῦτον</span> <span class='ocrx_word' id='word_1_735' title='bbox 2695 3913 2789 3964; x_wconf 72' lang='grc' dir='ltr'>καὶ</span> <span class='ocrx_word' id='word_1_736' title='bbox 2822 3911 3081 3965; x_wconf 80' lang='grc' dir='ltr'>τοιοῦτον.</span> 
     </span>
    </p>
   </div>
   <div class='ocr_carea' id='block_1_100' title="bbox 2350 4018 3837 4091">
    <p class='ocr_par' dir='ltr' id='par_1_100' title="bbox 2350 4018 3837 4091">
     <span class='ocr_line' id='line_1_100' title="bbox 2350 4018 3837 4091; baseline -0.003 -15"><span class='ocrx_word' id='word_1_737' title='bbox 2350 4024 2401 4075; x_wconf 88' lang='lat'><strong>&#39;0</strong></span> <span class='ocrx_word' id='word_1_738' title='bbox 2449 4022 2590 4089; x_wconf 78' lang='grc' dir='ltr'>Θεὸς</span> <span class='ocrx_word' id='word_1_739' title='bbox 2624 4036 2656 4076; x_wconf 85' lang='lat'><em>0</em></span> <span class='ocrx_word' id='word_1_740' title='bbox 2703 4020 3106 4091; x_wconf 73' lang='grc' dir='ltr'>περιζὶυννύων</span> <span class='ocrx_word' id='word_1_741' title='bbox 3122 4038 3199 4091; x_wconf 80' lang='grc' dir='ltr'><strong>με</strong></span> <span class='ocrx_word' id='word_1_742' title='bbox 3238 4019 3513 4089; x_wconf 80' lang='grc' dir='ltr'>δύναμιν,</span> <span class='ocrx_word' id='word_1_743' title='bbox 3541 4018 3635 4071; x_wconf 74' lang='grc' dir='ltr'><strong>καὶ</strong></span> <span class='ocrx_word' id='word_1_744' title='bbox 3661 4019 3837 4074; x_wconf 75' lang='grc' dir='ltr'>ἔθετο</span> 
     </span>
    </p>
   </div>
   <div class='ocr_carea' id='block_1_101' title="bbox 2254 4112 3841 4185">
    <p class='ocr_par' dir='ltr' id='par_1_101' title="bbox 2254 4112 3841 4185">
     <span class='ocr_line' id='line_1_101' title="bbox 2254 4112 3841 4185; baseline 0.008 -17"><span class='ocrx_word' id='word_1_745' title='bbox 2254 4115 2493 4185; x_wconf 77' lang='grc' dir='ltr'>ἄμωμον</span> <span class='ocrx_word' id='word_1_746' title='bbox 2556 4114 2670 4183; x_wconf 76' lang='grc' dir='ltr'>τὴν</span> <span class='ocrx_word' id='word_1_747' title='bbox 2742 4114 2885 4169; x_wconf 79' lang='grc' dir='ltr'><strong>ὁδόν</strong></span> <span class='ocrx_word' id='word_1_748' title='bbox 2937 4131 3090 4184; x_wconf 83' lang='grc' dir='ltr'>μου·</span> <span class='ocrx_word' id='word_1_749' title='bbox 3146 4112 3626 4181; x_wconf 69' lang='grc' dir='ltr'>καταρτιζὶῖμενος</span> <span class='ocrx_word' id='word_1_750' title='bbox 3690 4112 3841 4180; x_wconf 78' lang='grc' dir='ltr'>τοὺς</span> 
     </span>
    </p>
   </div>
   <div class='ocr_carea' id='block_1_102' title="bbox 2255 4202 3841 4276">
    <p class='ocr_par' dir='ltr' id='par_1_102' title="bbox 2255 4202 3841 4276">
     <span class='ocr_line' id='line_1_102' title="bbox 2255 4202 3841 4276; baseline -0.004 -16"><span class='ocrx_word' id='word_1_751' title='bbox 2255 4207 2443 4273; x_wconf 79' lang='grc' dir='ltr'>πόδας</span> <span class='ocrx_word' id='word_1_752' title='bbox 2482 4224 2599 4276; x_wconf 86' lang='grc' dir='ltr'><strong>μου</strong></span> <span class='ocrx_word' id='word_1_753' title='bbox 2639 4204 2780 4260; x_wconf 79' lang='grc' dir='ltr'>ὡσεί</span> <span class='ocrx_word' id='word_1_754' title='bbox 2824 4204 3083 4274; x_wconf 69' lang='grc' dir='ltr'>ἐλάφων,</span> <span class='ocrx_word' id='word_1_755' title='bbox 3114 4203 3212 4257; x_wconf 79' lang='grc' dir='ltr'>καί</span> <span class='ocrx_word' id='word_1_756' title='bbox 3264 4203 3362 4256; x_wconf 74' lang='grc' dir='ltr'><strong>ἐπὶ</strong></span> <span class='ocrx_word' id='word_1_757' title='bbox 3406 4204 3477 4255; x_wconf 86' lang='grc' dir='ltr'>τὰ</span> <span class='ocrx_word' id='word_1_758' title='bbox 3535 4202 3664 4271; x_wconf 67' lang='grc' dir='ltr'><strong>ὕψη</strong></span> <span class='ocrx_word' id='word_1_759' title='bbox 3709 4218 3841 4273; x_wconf 78' lang='grc' dir='ltr'>μου</span> 
     </span>
    </p>
   </div>
   <div class='ocr_carea' id='block_1_103' title="bbox 2255 4293 3841 4368">
    <p class='ocr_par' dir='ltr' id='par_1_103' title="bbox 2255 4293 3841 4368">
     <span class='ocr_line' id='line_1_103' title="bbox 2255 4293 3841 4368; baseline -0.004 -16"><span class='ocrx_word' id='word_1_760' title='bbox 2255 4298 2439 4353; x_wconf 80' lang='grc' dir='ltr'>ἱστῶν</span> <span class='ocrx_word' id='word_1_761' title='bbox 2466 4316 2561 4368; x_wconf 80' lang='grc' dir='ltr'><strong>με.</strong></span> <span class='ocrx_word' id='word_1_762' title='bbox 2620 4298 2731 4351; x_wconf 86' lang='grc' dir='ltr'>Ούκ</span> <span class='ocrx_word' id='word_1_763' title='bbox 2779 4296 3089 4367; x_wconf 81' lang='grc' dir='ltr'>ἀπρακτῶν,</span> <span class='ocrx_word' id='word_1_764' title='bbox 3131 4296 3285 4365; x_wconf 64' lang='grc' dir='ltr'>φησι,</span> <span class='ocrx_word' id='word_1_765' title='bbox 3337 4296 3430 4350; x_wconf 73' lang='grc' dir='ltr'>καὶ</span> <span class='ocrx_word' id='word_1_766' title='bbox 3461 4293 3643 4367; x_wconf 83' lang='grc' dir='ltr'>ἀργῶν</span> <span class='ocrx_word' id='word_1_767' title='bbox 3696 4312 3841 4366; x_wconf 71' lang='grc' dir='ltr'>προσ</span> 
     </span>
    </p>
   </div>
   <div class='ocr_carea' id='block_1_104' title="bbox 2256 4377 3845 4462">
    <p class='ocr_par' dir='ltr' id='par_1_104' title="bbox 2256 4377 3845 4462">
     <span class='ocr_line' id='line_1_104' title="bbox 2256 4377 3845 4462; baseline -0.005 -16"><span class='ocrx_word' id='word_1_768' title='bbox 2256 4396 2476 4446; x_wconf 78' lang='grc' dir='ltr'>ἵσταται</span> <span class='ocrx_word' id='word_1_769' title='bbox 2535 4390 2628 4445; x_wconf 74' lang='grc' dir='ltr'><strong>καὶ</strong></span> <span class='ocrx_word' id='word_1_770' title='bbox 2688 4388 3091 4462; x_wconf 56' lang='grc' dir='ltr'>ὑπερασπίζειζ</span> <span class='ocrx_word' id='word_1_771' title='bbox 3145 4387 3279 4441; x_wconf 81' lang='grc' dir='ltr'>ἀλλὰ</span> <span class='ocrx_word' id='word_1_772' title='bbox 3340 4387 3429 4442; x_wconf 84' lang='grc' dir='ltr'>καὶ</span> <span class='ocrx_word' id='word_1_773' title='bbox 3477 4377 3652 4440; x_wconf 85' lang='grc' dir='ltr'>αύτῶν</span> <span class='ocrx_word' id='word_1_774' title='bbox 3694 4403 3845 4459; x_wconf 66' lang='grc' dir='ltr'>συμά</span> 
     </span>
    </p>
   </div>
   <div class='ocr_carea' id='block_1_105' title="bbox 2261 4478 3845 4553">
    <p class='ocr_par' dir='ltr' id='par_1_105' title="bbox 2261 4478 3845 4553">
     <span class='ocr_line' id='line_1_105' title="bbox 2261 4478 3845 4553; baseline -0.001 -19"><span class='ocrx_word' id='word_1_775' title='bbox 2261 4482 2601 4553; x_wconf 76' lang='grc' dir='ltr'>ϐαλλομένων</span> <span class='ocrx_word' id='word_1_776' title='bbox 2666 4484 2729 4552; x_wconf 80' lang='grc' dir='ltr'>τῇ</span> <span class='ocrx_word' id='word_1_777' title='bbox 2784 4478 2959 4533; x_wconf 75' lang='grc' dir='ltr'>αὐτῶν</span> <span class='ocrx_word' id='word_1_778' title='bbox 3019 4480 3260 4552; x_wconf 81' lang='grc' dir='ltr'>σωτηρίᾳ</span> <span class='ocrx_word' id='word_1_779' title='bbox 3324 4478 3411 4532; x_wconf 77' lang='grc' dir='ltr'><strong>διὰ</strong></span> <span class='ocrx_word' id='word_1_780' title='bbox 3473 4478 3564 4531; x_wconf 85' lang='grc' dir='ltr'><strong>τοῦ</strong></span> <span class='ocrx_word' id='word_1_781' title='bbox 3636 4478 3845 4547; x_wconf 80' lang='grc' dir='ltr'>ἀγωνί-</span> 
     </span>
    </p>
   </div>
   <div class='ocr_carea' id='block_1_106' title="bbox 2263 4568 3844 4644">
    <p class='ocr_par' dir='ltr' id='par_1_106' title="bbox 2263 4568 3844 4644">
     <span class='ocr_line' id='line_1_106' title="bbox 2263 4568 3844 4644; baseline -0.001 -17"><span class='ocrx_word' id='word_1_782' title='bbox 2263 4574 2448 4640; x_wconf 82' lang='grc' dir='ltr'>ζεσθαι</span> <span class='ocrx_word' id='word_1_783' title='bbox 2483 4575 2574 4627; x_wconf 68' lang='grc' dir='ltr'><strong>καὶ</strong></span> <span class='ocrx_word' id='word_1_784' title='bbox 2620 4576 2745 4635; x_wconf 75' lang='grc' dir='ltr'>τοὺς</span> <span class='ocrx_word' id='word_1_785' title='bbox 2776 4573 3000 4644; x_wconf 74' lang='grc' dir='ltr'>ἐχθροὺς</span> <span class='ocrx_word' id='word_1_786' title='bbox 3043 4570 3459 4641; x_wconf 84' lang='grc' dir='ltr'>καταπολεμεῖν.</span> <span class='ocrx_word' id='word_1_787' title='bbox 3505 4568 3658 4622; x_wconf 74' lang='grc' dir='ltr'>Οὕτω</span> <span class='ocrx_word' id='word_1_788' title='bbox 3708 4571 3844 4639; x_wconf 69' lang='grc' dir='ltr'>γοῦν</span> 
     </span>
    </p>
   </div>
   <div class='ocr_carea' id='block_1_107' title="bbox 2262 4657 3848 4737">
    <p class='ocr_par' dir='ltr' id='par_1_107' title="bbox 2262 4657 3848 4737">
     <span class='ocr_line' id='line_1_107' title="bbox 2262 4657 3848 4737; baseline -0.003 -18"><span class='ocrx_word' id='word_1_789' title='bbox 2262 4665 2484 4737; x_wconf 38' lang='grc' dir='ltr'><strong>καὶ-ἐμὲ</strong></span> <span class='ocrx_word' id='word_1_790' title='bbox 2528 4663 2758 4728; x_wconf 78' lang='grc' dir='ltr'>ὁπλίζων</span> <span class='ocrx_word' id='word_1_791' title='bbox 2795 4667 2913 4726; x_wconf 84' lang='grc' dir='ltr'>ταῖς</span> <span class='ocrx_word' id='word_1_792' title='bbox 2953 4660 3146 4715; x_wconf 78' lang='grc' dir='ltr'>ἑαυτοῦ</span> <span class='ocrx_word' id='word_1_793' title='bbox 3179 4661 3458 4731; x_wconf 77' lang='grc' dir='ltr'>δυνάμεσι,</span> <span class='ocrx_word' id='word_1_794' title='bbox 3498 4660 3596 4731; x_wconf 83' lang='grc' dir='ltr'>τὴν</span> <span class='ocrx_word' id='word_1_795' title='bbox 3631 4657 3848 4734; x_wconf 58' lang='grc' dir='ltr'>θἰητῆν</span> 
     </span>
    </p>
   </div>
   <div class='ocr_carea' id='block_1_108' title="bbox 2263 4747 3847 4827">
    <p class='ocr_par' dir='ltr' id='par_1_108' title="bbox 2263 4747 3847 4827">
     <span class='ocr_line' id='line_1_108' title="bbox 2263 4747 3847 4827; baseline -0.003 -17"><span class='ocrx_word' id='word_1_796' title='bbox 2263 4756 2356 4811; x_wconf 76' lang='grc' dir='ltr'>καὶ</span> <span class='ocrx_word' id='word_1_797' title='bbox 2388 4755 2729 4827; x_wconf 86' lang='grc' dir='ltr'>ἀνθρωπίνην</span> <span class='ocrx_word' id='word_1_798' title='bbox 2757 4770 2857 4825; x_wconf 89' lang='grc' dir='ltr'><strong>μου</strong></span> <span class='ocrx_word' id='word_1_799' title='bbox 2887 4754 3038 4823; x_wconf 82' lang='grc' dir='ltr'>ἰσχὺν</span> <span class='ocrx_word' id='word_1_800' title='bbox 3069 4753 3135 4824; x_wconf 80' lang='grc' dir='ltr'>τῇ</span> <span class='ocrx_word' id='word_1_801' title='bbox 3167 4751 3329 4805; x_wconf 77' lang='grc' dir='ltr'>αὑτοῦ</span> <span class='ocrx_word' id='word_1_802' title='bbox 3360 4747 3539 4823; x_wconf 76' lang='grc' dir='ltr'>χάριτι</span> <span class='ocrx_word' id='word_1_803' title='bbox 3569 4750 3847 4822; x_wconf 70' lang='grc' dir='ltr'>δυναμοί*</span> 
     </span>
    </p>
   </div>
   <div class='ocr_carea' id='block_1_109' title="bbox 2258 4840 3850 4920">
    <p class='ocr_par' dir='ltr' id='par_1_109' title="bbox 2258 4840 3850 4920">
     <span class='ocr_line' id='line_1_109' title="bbox 2258 4840 3850 4920; baseline -0.004 -19"><span class='ocrx_word' id='word_1_804' title='bbox 2258 4848 2325 4903; x_wconf 78' lang='grc' dir='ltr'><strong>ἵν’</strong></span> <span class='ocrx_word' id='word_1_805' title='bbox 2376 4845 2562 4920; x_wconf 85' lang='grc' dir='ltr'>ὥσπερ</span> <span class='ocrx_word' id='word_1_806' title='bbox 2619 4844 2758 4914; x_wconf 76' lang='grc' dir='ltr'>ἀνὴρ</span> <span class='ocrx_word' id='word_1_807' title='bbox 2811 4843 2908 4915; x_wconf 79' lang='grc' dir='ltr'>τὴν</span> <span class='ocrx_word' id='word_1_808' title='bbox 2952 4843 3122 4914; x_wconf 74' lang='grc' dir='ltr'>ὀσφὺν</span> <span class='ocrx_word' id='word_1_809' title='bbox 3167 4841 3605 4915; x_wconf 81' lang='grc' dir='ltr'>περιεζωσμένος</span> <span class='ocrx_word' id='word_1_810' title='bbox 3644 4840 3753 4913; x_wconf 74' lang='grc' dir='ltr'>τὴν</span> <span class='ocrx_word' id='word_1_811' title='bbox 3786 4843 3850 4908; x_wconf 79' lang='grc' dir='ltr'>ἐξ</span> 
     </span>
    </p>
   </div>
   <div class='ocr_carea' id='block_1_110' title="bbox 2258 4931 3848 5010">
    <p class='ocr_par' dir='ltr' id='par_1_110' title="bbox 2258 4931 3848 5010">
     <span class='ocr_line' id='line_1_110' title="bbox 2258 4931 3848 5010; baseline -0.005 -16"><span class='ocrx_word' id='word_1_812' title='bbox 2258 4938 2422 4993; x_wconf 81' lang='grc' dir='ltr'>αὑτοῦ</span> <span class='ocrx_word' id='word_1_813' title='bbox 2445 4935 2854 5010; x_wconf 84' lang='grc' dir='ltr'>χορηγουμένην</span> <span class='ocrx_word' id='word_1_814' title='bbox 2881 4952 2968 5006; x_wconf 89' lang='grc' dir='ltr'><strong>μοι</strong></span> <span class='ocrx_word' id='word_1_815' title='bbox 2989 4933 3214 5005; x_wconf 84' lang='grc' dir='ltr'>δύναμιν</span> <span class='ocrx_word' id='word_1_816' title='bbox 3243 4933 3352 4987; x_wconf 84' lang='grc' dir='ltr'><strong>στῶ</strong></span> <span class='ocrx_word' id='word_1_817' title='bbox 3370 4931 3503 5003; x_wconf 76' lang='grc' dir='ltr'>πρὸς</span> <span class='ocrx_word' id='word_1_818' title='bbox 3525 4932 3648 4996; x_wconf 82' lang='grc' dir='ltr'>τοὺς</span> <span class='ocrx_word' id='word_1_819' title='bbox 3674 4933 3848 4986; x_wconf 88' lang='grc' dir='ltr'>πολε-</span> 
     </span>
    </p>
   </div>
   <div class='ocr_carea' id='block_1_111' title="bbox 2264 5021 3852 5103">
    <p class='ocr_par' dir='ltr' id='par_1_111' title="bbox 2264 5021 3852 5103">
     <span class='ocr_line' id='line_1_111' title="bbox 2264 5021 3852 5103; baseline -0.006 -18"><span class='ocrx_word' id='word_1_820' title='bbox 2264 5034 2436 5103; x_wconf 85' lang='grc' dir='ltr'>μίους.</span> <span class='ocrx_word' id='word_1_821' title='bbox 2483 5029 2646 5084; x_wconf 83' lang='grc' dir='ltr'>Ἀλλὰ</span> <span class='ocrx_word' id='word_1_822' title='bbox 2682 5029 2775 5083; x_wconf 76' lang='grc' dir='ltr'><strong>καὶ</strong></span> <span class='ocrx_word' id='word_1_823' title='bbox 2802 5028 2989 5097; x_wconf 82' lang='grc' dir='ltr'>ὥσπερ</span> <span class='ocrx_word' id='word_1_824' title='bbox 3013 5028 3225 5099; x_wconf 75' lang='grc' dir='ltr'>εἴρηται</span> <span class='ocrx_word' id='word_1_825' title='bbox 3247 5042 3261 5056; x_wconf 76' lang='grc' dir='ltr'><strong>ο</strong></span> <span class='ocrx_word' id='word_1_826' title='bbox 3306 5026 3366 5078; x_wconf 90' lang='grc' dir='ltr'><strong><em>Ὁ</em></strong></span> <span class='ocrx_word' id='word_1_827' title='bbox 3399 5025 3563 5092; x_wconf 73' lang='grc' dir='ltr'>Θεὸς,</span> <span class='ocrx_word' id='word_1_828' title='bbox 3594 5021 3852 5093; x_wconf 77' lang='grc' dir='ltr'>ἄμωμος</span> 
     </span>
    </p>
   </div>
   <div class='ocr_carea' id='block_1_112' title="bbox 2260 5115 3852 5195">
    <p class='ocr_par' dir='ltr' id='par_1_112' title="bbox 2260 5115 3852 5195">
     <span class='ocr_line' id='line_1_112' title="bbox 2260 5115 3852 5195; baseline -0.006 -17"><span class='ocrx_word' id='word_1_829' title='bbox 2260 5126 2299 5192; x_wconf 71' lang='grc' dir='ltr'>ἡ</span> <span class='ocrx_word' id='word_1_830' title='bbox 2334 5124 2473 5190; x_wconf 78' lang='grc' dir='ltr'><strong>ὁδὸς</strong></span> <span class='ocrx_word' id='word_1_831' title='bbox 2517 5122 2722 5177; x_wconf 84' lang='grc' dir='ltr'>αὑτοῦ·</span> <span class='ocrx_word' id='word_1_832' title='bbox 2751 5120 2925 5184; x_wconf 76' lang='grc' dir='ltr'>οὕτως</span> <span class='ocrx_word' id='word_1_833' title='bbox 2952 5119 3071 5173; x_wconf 77' lang='grc' dir='ltr'>κατ’</span> <span class='ocrx_word' id='word_1_834' title='bbox 3098 5118 3279 5171; x_wconf 77' lang='grc' dir='ltr'>εἰκόνα</span> <span class='ocrx_word' id='word_1_835' title='bbox 3303 5118 3397 5171; x_wconf 72' lang='grc' dir='ltr'>καὶ</span> <span class='ocrx_word' id='word_1_836' title='bbox 3425 5115 3547 5171; x_wconf 71' lang='grc' dir='ltr'>καθ’</span> <span class='ocrx_word' id='word_1_837' title='bbox 3575 5116 3852 5195; x_wconf 59' lang='grc' dir='ltr'>όμᾴωσιν</span> 
     </span>
    </p>
   </div>
   <div class='ocr_carea' id='block_1_113' title="bbox 2262 5208 3849 5289">
    <p class='ocr_par' dir='ltr' id='par_1_113' title="bbox 2262 5208 3849 5289">
     <span class='ocr_line' id='line_1_113' title="bbox 2262 5208 3849 5289; baseline -0.006 -20"><span class='ocrx_word' id='word_1_838' title='bbox 2262 5216 2426 5269; x_wconf 79' lang='grc' dir='ltr'>αὑτοῦ</span> <span class='ocrx_word' id='word_1_839' title='bbox 2475 5216 2569 5269; x_wconf 74' lang='grc' dir='ltr'>καὶ</span> <span class='ocrx_word' id='word_1_840' title='bbox 2606 5215 2705 5289; x_wconf 78' lang='grc' dir='ltr'>ἐμὲ</span> <span class='ocrx_word' id='word_1_841' title='bbox 2748 5213 3065 5284; x_wconf 86' lang='grc' dir='ltr'>βουλόμενος</span> <span class='ocrx_word' id='word_1_842' title='bbox 3100 5208 3256 5275; x_wconf 79' lang='grc' dir='ltr'>εἶναι,</span> <span class='ocrx_word' id='word_1_843' title='bbox 3279 5210 3371 5265; x_wconf 55' lang='grc' dir='ltr'><strong>καὶ⁸</strong></span> <span class='ocrx_word' id='word_1_844' title='bbox 3409 5210 3507 5281; x_wconf 82' lang='grc' dir='ltr'><strong>τὴν</strong></span> <span class='ocrx_word' id='word_1_845' title='bbox 3548 5209 3687 5279; x_wconf 84' lang='grc' dir='ltr'>ἐμὴν</span> <span class='ocrx_word' id='word_1_846' title='bbox 3721 5208 3849 5262; x_wconf 82' lang='grc' dir='ltr'><strong>ὁδὸν</strong></span> 
     </span>
    </p>
   </div>
   <div class='ocr_carea' id='block_1_114' title="bbox 2262 5296 3850 5378">
    <p class='ocr_par' dir='ltr' id='par_1_114' title="bbox 2262 5296 3850 5378">
     <span class='ocr_line' id='line_1_114' title="bbox 2262 5296 3850 5378; baseline -0.005 -17"><span class='ocrx_word' id='word_1_847' title='bbox 2262 5307 2413 5361; x_wconf 78' lang='grc' dir='ltr'>ἔθετο</span> <span class='ocrx_word' id='word_1_848' title='bbox 2463 5307 2711 5378; x_wconf 83' lang='grc' dir='ltr'>ἄμωμον,</span> <span class='ocrx_word' id='word_1_849' title='bbox 2740 5296 3105 5367; x_wconf 66' lang='grc' dir='ltr'>διδασιαλίαις</span> <span class='ocrx_word' id='word_1_850' title='bbox 3162 5304 3257 5358; x_wconf 73' lang='grc' dir='ltr'><strong>καὶ</strong></span> <span class='ocrx_word' id='word_1_851' title='bbox 3306 5301 3691 5374; x_wconf 85' lang='grc' dir='ltr'>παραινέσεσιν</span> <span class='ocrx_word' id='word_1_852' title='bbox 3746 5303 3850 5354; x_wconf 81' lang='grc' dir='ltr'>καὶ</span> 
     </span>
    </p>
   </div>
   <div class='ocr_carea' id='block_1_115' title="bbox 2264 5390 3847 5467">
    <p class='ocr_par' dir='ltr' id='par_1_115' title="bbox 2264 5390 3847 5467">
     <span class='ocr_line' id='line_1_115' title="bbox 2264 5390 3847 5467; baseline -0.003 -18"><span class='ocrx_word' id='word_1_853' title='bbox 2264 5396 2535 5459; x_wconf 82' lang='grc' dir='ltr'>παντοίοις</span> <span class='ocrx_word' id='word_1_854' title='bbox 2570 5396 2851 5467; x_wconf 81' lang='grc' dir='ltr'>μαθήμασι</span> <span class='ocrx_word' id='word_1_855' title='bbox 2874 5394 2969 5466; x_wconf 83' lang='grc' dir='ltr'><strong>τὴν</strong></span> <span class='ocrx_word' id='word_1_856' title='bbox 2997 5393 3113 5447; x_wconf 83' lang='grc' dir='ltr'>ὁδόν</span> <span class='ocrx_word' id='word_1_857' title='bbox 3146 5411 3267 5465; x_wconf 83' lang='grc' dir='ltr'>μου,</span> <span class='ocrx_word' id='word_1_858' title='bbox 3293 5391 3534 5447; x_wconf 85' lang='grc' dir='ltr'>τουτέστι</span> <span class='ocrx_word' id='word_1_859' title='bbox 3566 5390 3662 5461; x_wconf 79' lang='grc' dir='ltr'><strong>τὴν</strong></span> <span class='ocrx_word' id='word_1_860' title='bbox 3688 5392 3847 5464; x_wconf 79' lang='grc' dir='ltr'>ζωὴν</span> 
     </span>
    </p>
   </div>
   <div class='ocr_carea' id='block_1_116' title="bbox 2265 5481 3846 5560">
    <p class='ocr_par' dir='ltr' id='par_1_116' title="bbox 2265 5481 3846 5560">
     <span class='ocr_line' id='line_1_116' title="bbox 2265 5481 3846 5560; baseline -0.004 -18"><span class='ocrx_word' id='word_1_861' title='bbox 2265 5491 2358 5542; x_wconf 78' lang='grc' dir='ltr'>καὶ</span> <span class='ocrx_word' id='word_1_862' title='bbox 2391 5489 2478 5541; x_wconf 83' lang='grc' dir='ltr'><strong>τὸν</strong></span> <span class='ocrx_word' id='word_1_863' title='bbox 2513 5487 2623 5558; x_wconf 85' lang='grc' dir='ltr'>βίον</span> <span class='ocrx_word' id='word_1_864' title='bbox 2658 5489 2884 5560; x_wconf 85' lang='grc' dir='ltr'>ἄμωμον</span> <span class='ocrx_word' id='word_1_865' title='bbox 2920 5485 3391 5557; x_wconf 79' lang='grc' dir='ltr'>καταρτιζόμενος.</span> <span class='ocrx_word' id='word_1_866' title='bbox 3428 5483 3572 5536; x_wconf 81' lang='grc' dir='ltr'>Ἀντὶ</span> <span class='ocrx_word' id='word_1_867' title='bbox 3612 5481 3667 5535; x_wconf 83' lang='grc' dir='ltr'><strong>δὲ</strong></span> <span class='ocrx_word' id='word_1_868' title='bbox 3718 5484 3846 5548; x_wconf 77' lang='grc' dir='ltr'>τοῦ,</span> 
     </span>
    </p>
   </div>
   <div class='ocr_carea' id='block_1_117' title="bbox 2264 5574 3846 5653">
    <p class='ocr_par' dir='ltr' id='par_1_117' title="bbox 2264 5574 3846 5653">
     <span class='ocr_line' id='line_1_117' title="bbox 2264 5574 3846 5653; baseline -0.004 -19"><span class='ocrx_word' id='word_1_869' title='bbox 2264 5581 2522 5653; x_wconf 70' lang='grc' dir='ltr'>ἄμωμον,</span> <span class='ocrx_word' id='word_1_870' title='bbox 2567 5580 2815 5646; x_wconf 80' lang='grc' dir='ltr'>Ἀκύλας,</span> <span class='ocrx_word' id='word_1_871' title='bbox 2861 5581 3089 5635; x_wconf 62' lang='grc' dir='ltr'>τέλειον</span> <span class='ocrx_word' id='word_1_872' title='bbox 3140 5579 3239 5649; x_wconf 71' lang='grc' dir='ltr'>(ι),</span> <span class='ocrx_word' id='word_1_873' title='bbox 3289 5574 3601 5631; x_wconf 78' lang='grc' dir='ltr'>ἐκδέδωκεν.</span> <span class='ocrx_word' id='word_1_874' title='bbox 3633 5575 3759 5629; x_wconf 83' lang='grc' dir='ltr'><strong>Ἔτι</strong></span> <span class='ocrx_word' id='word_1_875' title='bbox 3786 5575 3846 5629; x_wconf 75' lang='grc' dir='ltr'><strong>δὲ</strong></span> 
     </span>
    </p>
   </div>
   <div class='ocr_carea' id='block_1_118' title="bbox 663 5779 2259 5877">
    <p class='ocr_par' dir='ltr' id='par_1_118' title="bbox 663 5779 2259 5877">
     <span class='ocr_line' id='line_1_118' title="bbox 663 5779 2259 5877; baseline 0.002 -19"><span class='ocrx_word' id='word_1_876' title='bbox 663 5803 742 5876; x_wconf 86' lang='lat' dir='ltr'><strong>(l)</strong></span> <span class='ocrx_word' id='word_1_877' title='bbox 773 5805 829 5862; x_wconf 94' lang='lat' dir='ltr'><strong>ln</strong></span> <span class='ocrx_word' id='word_1_878' title='bbox 863 5779 1130 5866; x_wconf 71' lang='lat' dir='ltr'><strong>Hebraico</strong></span> <span class='ocrx_word' id='word_1_879' title='bbox 1164 5806 1383 5872; x_wconf 77' lang='lat' dir='ltr'><strong>legitur,</strong></span> <span class='ocrx_word' id='word_1_880' title='bbox 1425 5815 1585 5865; x_wconf 53' lang='lat' dir='ltr'><strong>nam</strong></span> <span class='ocrx_word' id='word_1_881' title='bbox 1624 5842 1637 5874; x_wconf 86' lang='lat'><strong>,</strong></span> <span class='ocrx_word' id='word_1_882' title='bbox 1671 5805 1815 5877; x_wconf 87' lang='lat' dir='ltr'><strong>quod</strong></span> <span class='ocrx_word' id='word_1_883' title='bbox 1845 5812 1927 5861; x_wconf 87' lang='lat' dir='ltr'><strong>est</strong></span> <span class='ocrx_word' id='word_1_884' title='bbox 1956 5817 2259 5875; x_wconf 71' lang='grc' dir='ltr'>ρειῖεειαιιιι</span> 
     </span>
    </p>
   </div>
  </div>
