4042 6210
305 303 403 367 181

1418 306 1916 368 COMMENTARIA
1953 312 2020 367 IN
2059 311 2395 370 PSALMOS.

3324 320 3331 335 '
3403 314 3505 374 182

301 426 440 500 πρὸς
481 427 707 493 τούτοις,
750 426 848 481 καὶ
896 427 1036 493 τοὺς
1074 425 1259 493 πόδας
1283 444 1401 496 μου
1438 428 1582 482 ὡσεὶ
1620 429 1854 498 ἐλάφων

1957 430 2131 486 cervis
2161 433 2329 486 multa
2375 434 2430 487 in
2472 431 2671 489 divinis
2712 432 3087 489 instrumentis
3144 433 3408 491 feruntur.
3451 434 3506 493 SI

301 521 696 588 κατηρτίσατο
716 535 727 548 ·
771 520 896 588 περὶ
925 513 999 573 ὧν
1041 519 1250 588 ἐλάφων
1276 518 1439 583 πολὺς
1468 522 1524 573 ἐν
1550 522 1661 584 τοῖς
1692 521 1854 592 ἱεροῖς

302 611 588 682 πράγμασι
636 609 966 682 [γράμμασι]
1020 611 1237 681 φέρεται
1273 611 1444 679 λόγος.
1500 608 1621 664 Ἐπὶ
1664 611 1856 682 σχολῆς

300 705 348 760 δ’
375 706 440 760 ἄν
459 722 542 768 τις
557 704 664 757 τῶν
692 703 1047 775 προτεθέντων
1081 704 1356 769 ἐξετάσας,
1402 704 1548 776 εὖροι
1580 705 1644 758 ἂν
1681 704 1856 759 αὐτῶν

304 795 395 850 τὸν
437 795 560 849 νοῦν
598 795 991 866 ἀναφερόμενον
1037 796 1127 848 ἐπὶ
1181 796 1303 860 τοὺς
1356 796 1540 864 ἁγίους
1585 792 1676 850 τοῦ
1726 796 1856 850 θεοῦ

303 887 523 958 ἄνδρας,
557 888 679 951 τοὺς
726 888 1094 959 άναιρετικοὺς
1138 889 1335 952 παντὸς
1386 886 1714 959 ἐρπυστικοῦ
1767 891 1859 943 καὶ

307 978 511 1033 ίοϐόλου
532 978 684 1044 ζώου.
722 980 873 1032 Ἐπεὶ
899 981 992 1034 καὶ
1017 981 1115 1051 τῆς
1138 980 1335 1051 ἐλάφου
1372 982 1589 1053 τοιαύτη
1621 982 1858 1052 πέφυκεν

304 1071 337 1141 ἡ
380 1069 552 1139 φύσις,
611 1071 915 1138 ὀφιοκτόνος
958 1067 1091 1124 οὖσα
1141 1071 1235 1125 καὶ
1287 1070 1603 1143 ἀναιρετικὴ
1662 1070 1861 1135 παντὸς

304 1160 549 1232 ἑρπετοῦ.
590 1162 952 1234 Ὁρεινοὸατὲς
987 1164 1044 1217 δέ
1090 1165 1160 1217 eo
1188 1162 1325 1228 ζῶον
1354 1164 1446 1217 καὶ
1477 1163 1749 1235 δρομικὸν,
1784 1164 1858 1228 ὡς

301 1251 394 1304 καὶ
422 1252 469 1303 oi
503 1250 645 1320 ἅγιοι
670 1250 762 1304 τοῦ
796 1251 929 1305 Θεοῦ
962 1252 1028 1306 τὰ
1058 1252 1169 1306 ἄνω
1198 1251 1538 1316 σκοποῦντες,
1571 1254 1663 1306 καὶ
1690 1252 1762 1323 μὴ
1791 1252 1859 1305 τὰ

299 1343 390 1394 ἐπὶ
420 1342 516 1413 τῆς
538 1342 661 1412 γῆς,
695 1345 787 1397 καὶ
813 1342 880 1396 τὰ
904 1344 1081 1415 ὑψηλὰ
1107 1344 1418 1409 διώκοντες,
1454 1344 1601 1414 πόθῳ
1625 1343 1724 1414 τῆς
1752 1343 1858 1396 τῶν

293 1430 533 1501 οὐρανῶν
591 1432 882 1502 βασιλείας.
930 1434 1040 1505 Τὴν
1075 1435 1209 1505 πρὸς
1267 1436 1392 1498 τοὺς
1441 1435 1627 1502 ἁγίου(
1684 1434 1860 1486 τοίνυν

293 1524 584 1596 ὁμοιότητα
637 1525 828 1579 ἐαυτοῦ
880 1526 973 1579 καὶ
1004 1528 1032 1579 ὁ
1070 1526 1230 1581 Δαυῖδ
1267 1530 1332 1598 τῇ
1367 1526 1459 1579 τοῦ
1503 1526 1631 1579 Θεοῦ
1682 1527 1860 1597 χάριτι

296 1615 610 1685 ἀνατίθησι,
647 1617 821 1684 λέγων
850 1617 994 1687 ἑξῆς·
1025 1618 1136 1673 Kal
1158 1620 1254 1671 ἐπὶ
1289 1620 1359 1673 τὰ
1387 1619 1513 1688 ὕψη
1532 1637 1649 1688 ⁶ιιου
1677 1620 1860 1674 ἱστῶν

289 1725 384 1776 με.
424 1710 486 1761 Et
517 1708 625 1778 γὰρ
671 1709 762 1763 καὶ¹
810 1708 880 1762 τὰ
930 1709 1159 1779 μάλιστα
1186 1710 1360 1781 ἕτεροι
1391 1711 1669 1765 καθέλκειν
1712 1713 1857 1783 ἡμᾶς

295 1800 389 1852 καὶ
428 1799 808 1865 καταϐιϐάζειν
834 1802 925 1854 ἐπὶ
960 1801 1028 1854 τὰ
1060 1802 1192 1874 βάθη
1222 1804 1313 1868 καὶ
1345 1802 1441 1866 τὰς
1471 1802 1716 1867 κοιλάδας
1756 1803 1858 1873 τῆς

294 1891 490 1954 κακίας
517 1890 809 1959 πειρῶνται
831 1908 843 1923 θ
871 1892 983 1945 ἀλλ’
1004 1896 1032 1946 ὁ
1059 1894 1188 1958 Θεὸς
1222 1896 1252 1967 ἡ
1262 1896 1396 1965 μῶν,
1425 1892 1513 1950 οἷά
1537 1913 1621 1959 τις
1654 1897 1858 1963 ἀγωνο-

297 1981 457 2050 θέτης
487 1981 750 2035 διδάσκων
776 1985 919 2054 ἡμᾶς
946 1985 1181 2053 ἀγαθοὺς
1209 1983 1346 2041 εἶναι
1391 1988 1629 2060 δρομεῖς,
1660 1988 1753 2041 ἐπὶ
1790 1986 1862 2043 τὰ

234 2134 237 2137 ν
294 2076 604 2148 κατάλληλα
644 2079 773 2149 ἡμῖν
801 2078 909 2150 ὕψη
935 2082 1209 2152 παρορμᾷ·
1237 2081 1400 2134 αὑτοῦ
1427 2098 1486 2133 τε
1515 2084 1548 2153 ἡ
1575 2082 1752 2153 χάρις.
1782 2083 1856 2135 Uti

294 2167 403 2238 γὰρ
433 2168 675 2239 ἡμετέρα
702 2168 927 2241 δύναμις
952 2171 1164 2241 ἵστησιν
1182 2173 1255 2225 ἐν
1280 2175 1392 2236 τοῖς
1411 2173 1699 2243 ἡμετέροις
1730 2172 1858 2242 ῦψερ

199 2298 208 2309 .
295 2274 379 2310 σι·
443 2258 599 2328 φύσει
646 2260 756 2333 γὰρ
812 2261 1096 2333 ἀνθρώπου
1128 2262 1271 2335 ψυχῇ
1312 2264 1374 2317 τὸ
1418 2264 1664 2336 οὐράνιόν
1712 2266 1858 2318 ἐστιν

289 2350 603 2422 οἰκητήριον
622 2368 636 2382 ’
671 2353 765 2405 καὶ
792 2352 862 2405 τὰ
888 2354 1003 2406 ἐκεῖ
1028 2352 1133 2426 ὕψη
1171 2355 1271 2408 οὐκ
1317 2354 1591 2426 ἀλλότρια,
1623 2354 1738 2409 ἀλλ’
1777 2356 1857 2408 ol—

292 2443 443 2495 κεῖα·
478 2442 575 2509 διὸ,
620 2443 745 2496 Ἐπὶ
772 2444 845 2497 τὰ
878 2444 1004 2514 ὕψη
1031 2463 1169 2514 μου,
1203 2446 1385 2518 φησὶν,
1408 2446 1590 2500 ἱστῶν
1617 2464 1712 2517 με.

360 2532 668 2588 Διδάσκων
713 2534 914 2603 χεῖράς
960 2554 1078 2606 μου
1124 2540 1209 2603 εὶς
1253 2527 1536 2608 πόλεμον,
1578 2539 1677 2591 καὶ
1716 2538 1856 2593 ἔθου

290 2626 472 2690 τόξον
493 2627 762 2695 χαλκοῦν
786 2627 927 2692 τοὺς
946 2628 1280 2698 βραχίονας
1302 2647 1422 2700 μου
1442 2670 1456 2683 .
1487 2629 1596 2685 Kal
1631 2626 1859 2696 ἔδωκάς

284 2737 385 2788 μοι
404 2718 866 2789 ὑπερασπισμὸν
882 2723 1192 2788 σωτηρίας,
1218 2721 1314 2774 καὶ
1336 2722 1373 2789 ἡ
1403 2721 1570 2786 δεξιά
1588 2736 1703 2777 σου
1721 2721 1786 2775 ἀν
1798 2740 1861 2775 τ-

289 2811 532 2865 ελάόετό
574 2829 710 2881 μου.
769 2811 912 2881 Πρὸς
961 2812 1166 2876 τούτοις
1210 2813 1410 2867 ἅπασιν
1447 2815 1857 2887 ύπερασπισμὸν

295 2904 565 2975 σωτηρίας
602 2922 689 2975 μοι
722 2904 976 2969 δέδωκας,
1002 2905 1090 2957 τὸν
1118 2905 1209 2958 σὸν
1247 2906 1374 2960 Υἱδν
1401 2906 1762 2978 καταπέμψας
1788 2910 1854 2980 τῇ

298 2994 404 3065 ίδίᾳ
443 2993 626 3047 ἀσπίδι
678 2993 818 3063 ὑπὲρ
856 2994 986 3064 ἐμοῦ
1020 2996 1413 3067 μαχησόμενον.
1459 2997 1723 3069 Ἀκριϐῶς
1749 2997 1855 3071 γὰρ

1957 525 2081 597 quis
2111 541 2240 582 vero
2272 542 2368 597 per
2390 528 2561 582 otium
2589 530 2921 600 propositum
2950 541 3323 601 argumentum
3345 549 3506 589 exeu-

1956 619 2073 680 tiat.
2096 619 2160 673 ad
2184 627 2401 677 sanctos
2431 620 2522 675 Dei
2551 622 2698 677 viros
2737 639 3038 679 sermonem
3085 633 3329 695 spectare
3355 642 3507 681 com-

1957 711 2148 781 periet,
2182 714 2272 783 qui
2307 722 2586 784 serpentes
2617 730 2806 772 omnes
2843 726 3208 788 venenataque
3257 718 3508 774 animalia

1957 802 2023 858 de
2054 803 2231 859 medio
2262 806 2475 860 tollunt.
2499 805 2631 860 Nam
2684 808 2808 863 talis
2850 816 2934 864 est
2969 824 3251 865 cervorum
3292 817 3510 877 natura,

1960 907 2017 951 ut
2047 907 2328 969 serpentes
2370 914 2635 970 omneque
2672 908 3059 956 venenatorum
3099 916 3267 973 genus
3304 904 3510 959 interti-

1957 993 2122 1047 ciant.
2167 993 2479 1048 Montanum
2511 994 2640 1049 item
2683 994 2883 1048 animal
2915 1002 2997 1048 est
3023 1009 3086 1049 ac
3115 1009 3280 1051 cursu
3307 997 3462 1052 velox
3489 1013 3506 1049 :

1956 1085 2143 1156 quales
2172 1094 2300 1141 sunt
2332 1102 2545 1156 quoque
2591 1085 2763 1141 sancti
2805 1085 2921 1153 Dei,
2949 1086 3040 1156 qui
3079 1102 3312 1156 superna
3386 1106 3522 1165 speg

1963 1191 2132 1246 ctant,
2152 1196 2258 1235 non
2290 1185 2523 1244 terrena,
2553 1179 2805 1235 sublimia
2829 1195 2955 1235 vero
2999 1181 3319 1251 qua’ritant;
3350 1181 3512 1252 idque

1957 1287 2021 1326 ex
2056 1286 2165 1325 uno
2196 1271 2349 1342 regni
2383 1271 2623 1327 ctelestis
2654 1286 2858 1326 amore.
2891 1269 3021 1324 Eam
3069 1273 3152 1327 sui
3186 1272 3357 1342 ipsius
3386 1289 3511 1329 cum

1958 1362 2162 1417 sanctis
2198 1360 2609 1416 similitudinem
2634 1360 2739 1415 sibi
2773 1359 2962 1424 David,
2986 1360 3160 1430 gratia
3194 1360 3290 1415 Dei
3318 1361 3512 1428 fultus,

1957 1450 2203 1516 ascribit,
2240 1452 2369 1506 dum
2393 1451 2506 1506 haec
2531 1450 2829 1520 subjungit,
2858 1458 2909 1503 et
2954 1465 3109 1518 super
3145 1449 3351 1504 excelsa
3399 1467 3514 1506 mea

1957 1552 2191 1598 statuens
2227 1560 2325 1597 me.
2352 1539 2469 1597 Etsi
2511 1557 2748 1612 namque
2779 1540 2871 1595 alii
2902 1541 3033 1605 sint,
3084 1540 3176 1610 qui
3205 1556 3306 1597 nos
3337 1542 3391 1597 in
3419 1558 3516 1597 ne-

1958 1634 2142 1707 quitia:
2185 1634 2353 1689 valles
2388 1633 2674 1688 detrahere
2722 1648 2787 1688 ac
2827 1632 3095 1687 abducere
3138 1640 3419 1703 satagant;
3458 1639 3515 1686 at

1960 1727 2102 1782 Deus
2144 1731 2349 1789 noster,
2386 1742 2482 1780 ceu
2522 1725 2741 1795 quidam
2800 1724 3157 1778 certaminum
3204 1723 3513 1794 praefectus,

1959 1796 2081 1873 cum
2110 1834 2209 1874 nos
2248 1817 2488 1873 instituit
2523 1823 2580 1870 ut
2608 1815 2737 1870 boni
2770 1829 3024 1869 cursores
3065 1814 3258 1878 simus,
3282 1815 3347 1869 ad
3379 1829 3514 1869 con-

1956 1908 2202 1980 gruentia
2248 1906 2406 1961 nobis
2449 1906 2661 1961 excelsa
2706 1904 2987 1960 concitat:
3022 1904 3254 1974 idipsum
3293 1911 3517 1975 praestat

1957 1998 2076 2071 ejus
2103 2001 2300 2071 gratia.
2332 2000 2519 2069 Neque
2547 2000 2692 2053 enim
2738 1998 2937 2054 virtute
2977 2005 3164 2052 nostra
3199 1997 3255 2051 in
3283 1998 3516 2053 excelsis

1957 2095 2162 2152 nostris
2213 2092 2601 2149 constituimur
2632 2110 2645 2146 :
2677 2090 2913 2147 hominis
2978 2091 3175 2161 quippe
3218 2088 3410 2146 anima:
3447 2105 3515 2145 ex

1957 2193 2151 2240 natura
2181 2200 2278 2241 sua
2314 2185 2537 2240 caeleste
2568 2184 2905 2239 domicilium
2939 2193 3023 2239 est
3058 2202 3069 2236 :
3101 2191 3262 2252 atque
3297 2183 3515 2238 excelsa

1958 2280 2071 2345 illa,
2100 2294 2210 2333 non
2234 2278 2431 2344 aliena,
2458 2276 2551 2333 sed
2584 2277 2801 2347 propria
2834 2276 2938 2347 ipsi
2980 2283 3135 2343 sunt;
3164 2276 3513 2346 quamobrem

1957 2371 2033 2426 ait
2067 2390 2079 2425 :
2123 2369 2290 2438 Super
2319 2368 2527 2425 excelsa
2553 2384 2667 2424 mea
2697 2376 2934 2423 statuens
2968 2384 3068 2422 me.

2028 2549 2194 2605 Vens.
2220 2549 2311 2614 '55,
2341 2546 2428 2602 56.
2450 2546 2554 2614 Qui
2580 2545 2724 2599 docet
2762 2560 2947 2597 manus
2978 2559 3120 2597 meas
3149 2540 3217 2595 ad
3245 2542 3509 2611 pralium,

1958 2652 2007 2699 et
2029 2642 2253 2713 posuisti
2281 2647 2339 2694 ut
2364 2655 2545 2693 arcum
2570 2653 2762 2691 (ereum
2804 2634 3021 2688 brachia
3052 2651 3189 2689 mea.
3220 2634 3288 2688 Et
3317 2634 3508 2704 dedisti

1958 2736 2086 2792 mihi
2110 2734 2479 2806 protectionem
2506 2729 2719 2792 salutis,
2741 2736 2789 2781 et
2812 2725 3027 2780 dextera
3050 2736 3140 2779 tua
3161 2727 3386 2795 suscepit
3409 2743 3510 2782 me.

1957 2828 2038 2885 Ad
2060 2826 2175 2883 haec
2223 2831 2370 2881 certe
2417 2821 2598 2876 omnia
2635 2818 3028 2890 protectionem
3062 2816 3255 2874 salutis
3286 2817 3514 2888 largitus

1957 2921 2089 2978 mihi
2118 2936 2199 2984 es,
2221 2932 2344 2974 cum
2360 2914 2554 2970 Filium
2581 2921 2734 2967 tuum
2765 2910 2959 2966 misisti
2994 2909 3214 2979 proprio
3240 2923 3364 2963 cum
3387 2923 3519 2963 scu-

1959 3023 2015 3069 to
2036 3029 2135 3084 pro
2165 3012 2338 3067 salute
2378 2999 2498 3065 mea
2545 3013 2933 3079 pugnaturum.
2990 3004 3257 3059 Accurate
3310 3000 3515 3057 etenim

295 3086 605 3157 ἐπιστήσεις
629 3086 681 3137 τί
711 3085 838 3138 ποτέ
855 3087 969 3166 ἐστι
987 3087 1047 3139 τὸ
1072 3087 1157 3140 διὰ
1186 3089 1364 3159 πάσης
1392 3090 1614 3161 Γραφῆς
1645 3108 1854 3161 προφη-

1960 3106 2141 3161 animo
2198 3100 2502 3175 perpendas
2535 3100 2716 3163 velim,
2769 3097 3035 3169 quodnam
3089 3094 3221 3150 illud
3277 3094 3517 3182 salutare

292 3177 580 3247 τευόμενον
611 3176 873 3247 σωτήριον
893 3176 987 3228 τοῦ
1014 3176 1146 3230 Θεοῦ
1179 3178 1305 3247 περὶ
1334 3173 1394 3233 οῦ
1425 3180 1517 3232 καὶ
1550 3179 1770 3249 Συμεὼν
1796 3182 1853 3233 ἐν

290 3269 369 3341 τῷ
403 3267 719 3340 Εύαγγελίῳ
756 3267 965 3337 ἐλεγεψ
1015 3269 1135 3323 Νῦν
1182 3270 1462 3337 ἀπολύεις
1490 3270 1596 3325 τὸν
1637 3270 1857 3325 δοῦλόν

294 3378 431 3426 σου,
464 3360 755 3425 Δέσποτα,
790 3359 938 3413 κατὰ
972 3360 1038 3413 τὸ
1060 3359 1223 3430 ῥῆμά
1254 3378 1368 3416 σου
1399 3362 1468 3415 ἐν
1495 3361 1733 3431 εἰρήνῃι
1766 3362 1855 3416 ὅτι

289 3446 452 3503 εἶδον
476 3451 530 3503 oi
553 3448 846 3518 ὀφθαλμοί
868 3466 986 3516 μου
1016 3447 1079 3501 τὸ
1112 3448 1404 3516 σωτήριόν
1436 3451 1781 3504 oon—Kal
1821 3451 1853 3518 ἠ

290 3539 455 3604 δεξιά
501 3553 616 3594 σου
662 3536 1017 3594 ἀντελάϐετό
1048 3557 1187 3608 μου.
1231 3540 1382 3611 Τάχα
1423 3541 1569 3605 δεξιὰ
1594 3540 1686 3595 τοῦ
1720 3541 1853 3595 Θεοῦ

289 3622 428 3680 εἶναι
475 3627 694 3681 δύναται
724 3629 781 3680 ἐν
908 3628 1202 3700 ἐστερέωσε
1236 3629 1325 3683 τὸν
1353 3631 1597 3702 οὐρανὸν,
1634 3648 1856 3702 μονογε-

288 3721 386 3792 νὴς
414 3721 601 3789 Λόγος.
1338 3762 1345 3769 .
1616 3774 1619 3777 .

356 3814 467 3868 Kal
483 3816 520 3884 ἡ
542 3814 777 3869 παιδεία
794 3826 909 3868 σου
937 3813 1251 3882 ἀνώρθωσέ
1270 3832 1346 3884 με
1365 3816 1451 3882 εἰς
1480 3816 1672 3882 τέλος,
1697 3819 1793 3872 καὶ
1816 3820 1852 3887 ἠ

287 3890 523 3961 παιδεία
603 3922 719 3961 σου
791 3906 941 3974 αὐτή
1004 3924 1080 3977 με
1136 3907 1379 3972 διδάξει.
1454 3909 1743 3981 Σύμμαχος
1797 3912 1852 3964 δὲ

288 3998 545 4064 ἐξέδωκε’
582 3998 691 4053 Kal
734 3996 802 4052 τὸ
838 4000 1158 4054 ὑπακούειν
1189 4017 1266 4068 με
1297 3999 1550 4067 αὐξήσει
1576 4020 1669 4070 με.
1710 4002 1766 4056 '0
1797 4004 1853 4056 δὲ

300 4094 548 4157 Ἀκύλαςο
599 4094 708 4147 Kal
759 4094 1089 4161 πραότητός
1139 4107 1253 4148 σου
1308 4093 1615 4164 ἐπλήθυνέ
1645 4114 1722 4165 με
1754 4095 1850 4167 (1).

299 4185 673 4252 Ἐπλιὶτυνας
720 4187 791 4241 τὰ
841 4185 1169 4256 διαδήματα
1224 4206 1342 4257 μου
1396 4188 1673 4242 ὑποκάτω
1711 4207 1848 4259 μου.

286 4278 365 4334 Τὰ
384 4279 713 4350 διαδήματα,
749 4278 869 4333 καθ’
903 4279 939 4333 ἃ
969 4282 1033 4332 ἐκ
1062 4279 1255 4343 κακίας
1288 4282 1366 4341 είς
1410 4280 1629 4353 ἀρετὴν,
1669 4283 1761 4334 καὶ
1794 4280 1852 4346 ἐξ

283 4373 555 4445 αἰσθητῶν
602 4376 692 4428 ἐπὶ
739 4374 925 4446 νοητὰ,
958 4375 1052 4428 καὶ
1099 4374 1204 4428 ἀπὸ
1230 4372 1321 4428 τοῦ
1355 4375 1617 4448 παρόντος
1654 4380 1733 4442 εἰς
1760 4376 1851 4431 τὸν

1955 3195 2050 3250 Dei
2086 3194 2175 3255 sit,
2201 3193 2257 3246 in
2286 3191 2454 3246 totius
2494 3187 2788 3258 Scriptum
2827 3185 3095 3240 vaticiniis
3143 3180 3514 3255 praedicatum,

1955 3287 2021 3342 de
2054 3300 2160 3356 quo
2183 3282 2401 3337 Simeon
2422 3282 2477 3335 in
2510 3279 2803 3348 Evangelio
2826 3277 2901 3330 ait
2926 3295 2940 3332 :
2966 3274 3122 3329 Nunc
3150 3273 3378 3328 dimittis
3404 3288 3516 3326 ser-

1954 3395 2072 3434 vum
2100 3388 2263 3439 tuum,
2297 3374 2536 3437 Domine,
2562 3371 2843 3428 secundum
2873 3368 3077 3423 verbum
3102 3375 3247 3420 tuum
3272 3366 3328 3418 in
3355 3377 3521 3434 pace:

1954 3469 2075 3539 quia
2100 3465 2333 3521 viderunt
2359 3464 2497 3517 oculi
2533 3463 2634 3516 mei
2662 3460 2896 3515 salutare
2921 3468 3065 3510 tuum
3090 3457 3163 3509 7'.
3185 3486 3256 3496 -—
3284 3453 3355 3507 Et
3387 3453 3516 3507 dea:-

1955 3571 2064 3614 tera
2089 3569 2180 3613 tua
2212 3557 2437 3626 suscepit
2468 3572 2566 3608 me.
2602 3553 2833 3609 Dextera
2871 3547 2963 3603 Dei
2984 3563 3046 3603 ea
3074 3547 3307 3603 fortasse
3329 3545 3513 3612 fuerit,

1952 3668 2061 3724 qua
2112 3651 2344 3706 ﬁrmavit
2371 3648 2594 3713 coelum,
2622 3644 2831 3701 scilicet
2881 3641 3219 3713 unigenitum
3249 3637 3511 3694 Verbum.

2023 3823 2188 3879 Vens.
2222 3821 2311 3876 57.
2354 3820 2422 3875 Et
2450 3820 2729 3890 disciplina
2774 3827 2864 3872 tua
2887 3818 3113 3871 correxit
3138 3833 3216 3871 me
3248 3816 3304 3869 in
3338 3816 3516 3885 ﬁnem,

1952 3924 2000 3968 et
2027 3911 2311 3982 disciplina
2343 3922 2435 3964 tua
2461 3912 2574 3977 ipsa
2600 3927 2680 3964 me
2703 3907 2922 3963 docebit.
2948 3904 3305 3977 Symmachus
3325 3904 3517 3970 edidit,

1951 4018 1999 4062 et
2029 4006 2165 4078 quod
2211 4004 2459 4061 exaudiat
2504 4020 2584 4058 me
2617 4016 2925 4057 accrescere
2963 4017 3043 4055 me
3099 4000 3294 4070 faciet;
3325 3999 3518 4068 Aquila

1951 4116 2102 4163 vero,
2134 4107 2184 4154 et
2223 4095 2622 4152 mansuetudine
2650 4106 2742 4150 tua
2776 4095 2988 4165 replevit
3032 4110 3130 4147 me.
3162 4123 3232 4133 —
3264 4090 3520 4146 Dilatasti

1951 4208 2159 4264 gressus
2208 4208 2346 4245 meos
2376 4189 2560 4244 subtus
2589 4204 2687 4242 me.
2732 4186 2964 4242 Gressus
2993 4186 3222 4249 scilicet,
3264 4183 3419 4254 queis
3447 4197 3517 4237 ex

1951 4283 2194 4359 nequitia
2217 4283 2282 4337 ad
2314 4281 2594 4344 virtutem,
2634 4295 2699 4334 ex
2731 4278 3083 4334 sensibilibus
3111 4277 3179 4331 ad
3203 4274 3518 4346 intelligibi-

1952 4375 2046 4438 lia,
2070 4389 2100 4427 a
2124 4372 2378 4444 praesenti
2408 4371 2475 4426 ad
2506 4369 2748 4424 futurum
2781 4368 3036 4424 saeculum
3067 4364 3416 4434 transmigro,
3441 4364 3519 4418 di-

287 4465 549 4537 μέλλοντα
574 4468 742 4520 αἰῶνα
776 4467 1054 4531 διαϐαίνω,
1095 4467 1391 4532 ἐπλάτυνας
1438 4467 1692 4523 ὑποκάτω
1723 4487 1853 4541 μου’

1958 4465 2140 4519 latasti
2172 4465 2365 4520 subtus
2395 4478 2482 4517 me
2513 4481 2528 4516 :
2558 4462 2651 4532 qui
2673 4458 2805 4514 mihi
2828 4459 2909 4513 .ab
2929 4458 3086 4513 initio
3118 4456 3336 4525 angusti
3361 4463 3415 4511 et
3436 4470 3520 4510 ar-

285 4558 404 4613 κατ⁹
454 4558 626 4628 ἀρχὰς
675 4559 783 4630 γὰρ
830 4559 989 4613 στενὰ
1027 4559 1119 4614 καὶ
1168 4561 1398 4615 ἐπίπονα
1447 4561 1741 4633 φαινόμενα
1772 4561 1849 4633 τῷ

281 4653 382 4724 τὴν
444 4650 802 4723 τεθλιμμένην
850 4652 1052 4706 ὁδεύειν
1081 4652 1228 4707 ὁδόν⁶
1270 4655 1523 4725 ὑπεράνω
1564 4655 1742 4708 αὐτῶν
1783 4658 1847 4727 τῇ

283 4746 535 4817 προκοπῇ
581 4744 959 4816 γεγενημένος,
1011 4746 1377 4800 πλατυνθέντα
1426 4745 1564 4800 αὐτὰ
1621 4746 1847 4800 ἐθεασά-

286 4856 415 4910 μην.
462 4840 521 4890 ὐ
550 4838 657 4908 γὰρ
699 4837 954 4909 ἀνωτέρω
984 4838 1090 4893 τῶν
1140 4839 1430 4911 προκοπῶν
1468 4839 1857 4911 γεγενημένος,-

279 4930 361 5001 τῷ
390 4930 481 4984 ἐπὶ
512 4930 660 4993 τέλος
687 4928 996 4998 ἐφθακέναι,
1030 4932 1211 4986 οὐκέτι
1259 4932 1502 4986 αἴσθεται
1541 4933 1639 5004 τῆς
1674 4933 1849 4987 στενό-

277 5039 463 5092 τητος,
509 5022 616 5075 τῶν
655 5023 828 5077 πόνων
860 5026 952 5077 καὶ
979 5024 1212 5096 ἱδρώτων
1250 5025 1358 5079 τῶν
1389 5026 1481 5078 ἐπὶ
1509 5029 1626 5090 ταῖς
1651 5043 1851 5096 προκο-

279 5115 430 5176 παῖς,
450 5114 507 5165 ἐν
537 5112 843 5184 εὐρυχωρία
868 5117 1246 5186 γεγενημένος.
1275 5115 1383 5170 Kal
1411 5118 1521 5170 οὐκ
1547 5114 1849 5184 ἠσθένησε

275 5205 352 5261 τὰ
382 5204 526 5285 ζχνη
579 5223 715 5274 μου.
778 5206 840 5258 Εἰ
887 5206 1159 5277 διηνεκῶς
1193 5210 1249 5261 ἐν
1280 5208 1358 5279 τῷ
1391 5210 1570 5285 πονεῖν
1614 5207 1845 5275 ἐτέλουν,

276 5282 675 5368 κᾶννὴσθένησε
702 5297 772 5351 τὰ
803 5298 1079 5369 ἴχνη.μου,
1112 5300 1354 5354 τουτέστι
1386 5301 1479 5355 τοῦ
1504 5282 1610 5356 ἔσω
1638 5302 1847 5374 ἀνθρω-

276 5406 384 5444 mu
435 5388 504 5441 τὰ
554 5390 716 5461 σκέλη
738 5408 751 5418 ·
790 5389 977 5461 ἐπειδὴ
1027 5391 1172 5461 μετὰ.
1186 5392 1309 5455 τοὺς
1341 5394 1479 5464 ὑπὲρ
1514 5396 1715 5466 ἀρετῆς
1748 5411 1849 5448 κα-

348 5546 398 5579 ⁷⁸
422 5544 553 5600 Luc.
586 5563 646 5611 ll,
678 5545 768 5610 29,
799 5544 889 5602 50.

1955 4557 2048 4611 dui
2079 4556 2181 4611 visi
2212 4562 2360 4618 sunt,
2383 4553 2526 4624 quod
2554 4554 2609 4606 in
2652 4561 2800 4605 arcta
2845 4548 3152 4606 incederem
3176 4550 3295 4615 via;
3333 4547 3427 4604 sed
3461 4549 3515 4603 in

1956 4663 2248 4720 progressu
2275 4647 2526 4716 superior
2564 4645 2673 4699 illis
2709 4642 2955 4707 effectus,
2983 4642 3239 4697 dilatatos
3270 4643 3519 4700 animad-

1954 4738 2115 4796 verti.
2151 4735 2286 4792 Nam
2310 4738 2402 4808 qui
2427 4736 2575 4791 omni
2614 4734 2859 4807 profectu
2894 4736 3143 4808 superior
3163 4738 3358 4802 evasit,
3382 4746 3436 4791 et
3465 4736 3519 4790 ﬁ-

1956 4848 2079 4888 nem
2109 4831 2310 4902 attigit,
2341 4831 2395 4885 in
2433 4831 2544 4884 lato
2573 4830 2751 4901 spatio
2779 4828 3066 4895 deductus,
3102 4830 3406 4901 angustiam
3447 4829 3515 4883 il-

1956 4926 2085 4989 lam,
2124 4924 2360 4987 labores,
2394 4921 2643 4984 sudorcs.
2685 4938 2822 4992 quos
2854 4920 2909 4976 in
2962 4921 3208 4993 profectu
3263 4929 3517 4993 expertus

1956 5026 2092 5081 erat,
2129 5033 2237 5072 non
2269 5017 2408 5071 ultra
2436 5015 2621 5071 sentit.
2659 5013 2725 5067 Et
2753 5033 2856 5070 non
2903 5026 3024 5072 sunt
3064 5017 3334 5087 inﬁrmata
3362 5017 3517 5072 vesti,

1955 5112 2044 5181 gia
2073 5127 2206 5166 mea.
2232 5108 2347 5165 Etsi
2381 5109 2435 5163 in
2467 5109 2726 5164 diuturno
2764 5108 2950 5164 labore
2975 5114 3262 5186 versatus,
3291 5108 3516 5181 vestigia

1957 5219 2099 5268 mea,
2122 5204 2174 5258 id
2197 5211 2298 5271 est,
2344 5218 2503 5258 crura
2541 5201 2818 5258 interioris
2848 5200 3105 5266 hominis,
3132 5200 3401 5256 inﬁrmata
3428 5214 3516 5254 es-

1958 5307 2110 5367 sent;
2137 5301 2267 5370 quia
2303 5306 2485 5356 tamen
2532 5299 2747 5355 labores
2773 5299 2989 5354 virtutis
3017 5313 3181 5354 causa
3230 5303 3515 5365 susceptos

1954 5394 2110 5465 quies
2129 5393 2351 5463 excipit,
2396 5408 2508 5451 non
2561 5392 2929 5459 inﬁrmantur,
2981 5390 3076 5447 scd
3126 5386 3517 5455 confirmantur

351 5706 436 5785 (tl
468 5704 525 5785 lu
558 5704 825 5761 Hebraico
867 5704 1159 5776 exemplari
1207 5701 1600 5777 legiturtnﬁn
1641 5711 1848 5785 1mm,
1880 5704 2023 5775 quod
2051 5712 2133 5762 est
2178 5712 2235 5761 ut
2277 5708 2442 5777 probe
2497 5703 2878 5776 Hieronymus,
2908 5699 2978 5755 Et
3019 5692 3359 5752 mansuetudo
3421 5706 3513 5754 me

282 5775 647 5850 multiplicauit
683 5792 780 5831 me.
