4042 6210
324 250 427 308 185

1451 237 1951 298 COMMENTARIA
1981 236 2050 294 IN
2087 234 2429 295 PSALMOS.

3457 236 3557 294 l86

315 364 474 437 θρῶν
492 383 612 438 μου
657 365 930 435 ὀργίλων,
972 364 1091 419 ἀπὸ
1122 364 1238 418 τῶν
1268 361 1755 433 ἐπανισταμένων
1796 361 1870 416 ἐπ

1990 357 2066 413 cis
2097 356 2222 411 meis
2253 353 2545 409 iracundis.
2578 352 2655 407 Ab
2684 352 3071 424 insurgentibus
3109 354 3162 408 in
3186 369 3265 408 me
3290 354 3554 411 exultabis

314 455 423 524 ἐμὲ
448 454 716 524 ὑψώσεις
733 472 830 524 με,
856 455 953 509 καί
979 454 1096 509 ἀπὸ
1119 453 1335 522 ἀνδρὸς
1355 452 1564 508 ἀδίκου
1580 453 1770 521 ῥῦσαί
1793 468 1891 521 με.

318 546 411 617 Τῷ
442 547 539 617 μὲν
564 545 673 618 γὰρ
706 546 1013 600 ἀπειθοῦντι
1048 544 1161 617 λαῷ
1189 546 1283 599 καὶ
1315 545 1644 615 ἀντιλέγοντι
1677 545 1895 611 ἐπάξειν

318 639 419 703 τὰς
438 640 743 711 ὲκδικήσεις
770 642 862 695 καὶ
887 640 984 704 τὰς
1012 641 1279 713 τιμωρίας
1306 640 1537 713 εἴρηται·
1564 642 1598 713 ἢ
1628 640 1769 694 κατά
1802 640 1894 694 τὸν

318 729 636 802 Σύμμαχον,
677 732 730 784 '0
775 731 917 798 Θεὸς
949 734 982 786 ό
1028 731 1358 802 παρασχὼν
1404 733 1681 803 τιμωρίας
1725 732 1888 801 ἐμοί’

316 824 399 892 τῷ
427 822 472 874 δ’
507 823 674 895 ἑτέρῳ
691 822 925 895 τάγματι
948 825 1080 896 περὶ
1104 817 1166 878 οὗ
1207 824 1461 892 ἀνωτέρω
1484 824 1707 897 -εῐρηται
1724 845 1738 860 ·
1772 827 1892 878 Κα-

316 914 643 981 ταστήσεις
686 932 762 985 με
790 918 875 982 είς
916 915 1189 986 κεφαλὴν
1225 915 1432 971 ἐθνῶν.
1480 916 1638 982 Λαὸς
1663 916 1734 970 ὃν
1778 917 1890 970 οὐκ

316 1006 514 1077 ἔγνων
537 1006 860 1062 ἐδούλευον-ἐ
878 1026 977 1077 μοι
995 1026 1009 1038 ο
1041 1008 1217 1079 τούτῳ
1249 1009 1345 1079 τὴν
1379 1009 1653 1079 ὑποταγὴν
1680 1007 1776 1079 τὴν
1797 1008 1888 1060 ὑπ’

316 1098 481 1152 αὐτὸν
512 1096 810 1170 χαρίζεται.
845 1099 936 1151 Διὸ
975 1099 1215 1167 ἐπιλέγει
1247 1098 1386 1152 κατά
1424 1098 1515 1152 τὸν
1560 1098 1883 1169 Σύμμαχον·

315 1189 431 1243 Καὶ
456 1188 822 1244 ὐποτάσσων
849 1191 1038 1258 λαοὺς
1057 1191 1151 1245 ἐπ’
1176 1191 1301 1260 ἐμέ.
1331 1184 1495 1255 Οὗτος
1534 1193 1634 1246 καὶ
1654 1193 1888 1261 ῥύστης

290 1297 450 1352 μου,
476 1282 630 1353 φησὶ,
664 1283 886 1351 γέγονεν
904 1282 973 1347 ἐξ
999 1282 1226 1352 ἐχθρῶν
1242 1301 1360 1353 μου
1391 1283 1663 1353 ὀργίλων,
1685 1284 1781 1338 καὶ
1815 1285 1886 1338 ἐκ

315 1367 435 1423 τῶν
460 1370 947 1441 ἐπανισταμένων
965 1371 1057 1425 ἐπ’
1082 1372 1187 1441 ἐμὲ
1206 1370 1529 1441 ὕψωσέομε,
1563 1376 1596 1427 ό
1624 1372 1676 1427 δ’
1705 1373 1888 1439 αὐτὸς

311 1462 412 1517 καὶ
433 1464 551 1517 ἀπὸ
577 1463 793 1532 ἀνδρὸς
819 1463 1030 1518 ἀδίκου
1055 1462 1350 1531 ἑρῤύσιιτό
1372 1478 1470 1531 με.
1497 1464 1573 1517 Δι’
1597 1456 1671 1517 ὧν
1701 1462 1887 1534 σαφῶς

312 1556 641 1628 παρίστησιν
682 1554 909 1627 ἐχθρούς
938 1572 1089 1618 τινας
1118 1554 1281 1609 αὑτοῦ
1330 1557 1423 1611 καὶ
1453 1556 1846 1628 ἀνθεστηκότας
1866 1573 1883 1587 ’

309 1647 408 1700 καὶ
438 1646 589 1718 παρά
610 1646 827 1709 τούτους
856 1646 1042 1717 ἕτερόν
1062 1664 1181 1701 τινα
1212 1647 1398 1718 ἄνδρα,
1437 1646 1632 1718 μεστὸν
1658 1647 1734 1711 ὡς
1757 1647 1889 1720 ἀλη-

1995 461 2110 504 me:
2140 465 2173 502 a
2199 447 2309 502 viro
2344 446 2523 517 iniquo
2552 445 2692 513 eripe
2720 461 2819 500 me.
2870 446 3258 517 Inobseqnenti
3287 461 3353 502 ac
3387 462 3555 517 repu-

1995 539 2185 612 gnanti
2218 538 2442 610 pepulo,
2469 537 2764 591 vindictam
2798 536 3132 592 inferendam
3164 553 3287 592 esse
3312 538 3514 594 dicitur
3540 558 3554 595 :

1993 637 2109 695 aut,
2141 627 2443 686 secundum
2478 623 2888 697 Symmachum,
2922 625 3085 691 Deus,
3116 630 3207 698 qui
3245 627 3443 697 prwbes
3474 630 3559 681 ul-

1995 722 2160 775 tiones
2195 720 2360 783 mihi;
2399 717 2542 774 alius
2568 732 2699 773 vero
2746 727 2831 773 est
2880 716 3015 773 ordo
3046 735 3326 790 genusque
3376 719 3554 773 homi-

1991 826 2145 876 num,
2181 810 2247 866 de
2279 825 2387 881 quo
2416 808 2669 880 superius
2702 809 2869 873 (vers.
2904 808 2995 873 44,
3030 809 3121 880 45)
3155 810 3386 875 dictum,
3427 827 3556 864 con-

1990 903 2177 956 stitues
2229 917 2311 968 me
2368 900 2424 954 in
2473 908 2630 967 caput
2669 900 2921 969 gentium.
2978 899 3216 969 Populus
3254 918 3403 971 quem
3449 918 3554 956 non

1988 988 2203 1057 cognovi
2235 986 2443 1041 servivit
2469 985 2633 1049 mihi;
2666 984 2833 1050 hunc,
2884 984 3127 1055 inquam,
3166 987 3552 1058 obsequentem

1988 1078 2038 1135 ei
2080 1078 2388 1134 constituit.
2424 1076 2607 1143 Quare
2651 1075 2955 1131 secundum
3008 1073 3395 1147 Symmachum
3427 1080 3553 1133 sub-

1987 1168 2089 1234 dit,
2133 1178 2183 1223 et
2225 1168 2508 1238 subjiciens
2553 1166 2773 1238 populos
2805 1181 2961 1234 super
2991 1183 3088 1222 me.
3123 1166 3220 1222 llic
3254 1171 3383 1224 item
3427 1170 3551 1234 fuit,

1987 1260 2246 1315 liberator
2268 1277 2413 1315 meus
2439 1274 2503 1313 ex
2542 1259 2769 1312 inimicis
2814 1259 2942 1312 meis
2972 1259 3264 1324 iracundis,
3291 1272 3341 1314 et
3374 1261 3438 1314 ab
3469 1262 3554 1315 in-

1987 1348 2321 1420 surgentibus
2365 1350 2419 1402 in
2463 1364 2544 1402 me
2592 1348 2849 1402 exultavit
2878 1364 2979 1412 me,
3020 1365 3052 1401 a
3088 1349 3198 1402 viro
3236 1350 3414 1420 iniquo
3444 1353 3553 1407 eri-

1984 1442 2097 1510 puit
2146 1457 2246 1496 me.
2306 1438 2516 1507 Quibus
2566 1438 2743 1509 palam
2800 1438 3027 1504 indicat,
3061 1439 3313 1496 inimicos
3358 1443 3459 1496 sibi
3498 1452 3553 1499 ct

1986 1532 2329 1590 adversarios
2357 1548 2517 1590 esse:
2570 1548 2634 1587 ac
2686 1540 2881 1603 praeter
2914 1547 3009 1588 eos
3051 1533 3215 1601 alium
3256 1534 3549 1604 quemdam

1984 1629 2161 1682 virum
2194 1619 2343 1681 omni
2384 1642 2614 1698 prorsus
2656 1627 2945 1697 iniquitate
2976 1627 3216 1698 plenum.
3256 1626 3353 1683 llis
3386 1644 3552 1699 porro

314 1738 428 1800 θῶς
476 1715 658 1808 πάσης
687 1739 920 1804 ἀδικίαςε
951 1715 1215 1812 Σημαίνει
1245 1715 1360 1795 δεὸ
1389 1715 1543 1810 λύγος
1566 1740 1654 1794 διά
1683 1715 1870 1794 τούτωι

1988 1717 2307 1787 prephetico
2332 1731 2484 1772 more
2527 1716 2841 1771 indicantur
2872 1717 3148 1787 principes
3195 1715 3407 1771 Judaici
3455 1734 3554 1788 po-

308 1830 666 1900 προφητικῶς
690 1832 815 1894 τοὺς
840 1831 1103 1903 ἄρχοντας
1135 1831 1228 1885 τοῦ
1276 1831 1542 1887 Ἰουδαίων
1579 1832 1761 1896 ἔθνους
1789 1832 1883 1886 καὶ

306 1920 401 1975 τὸν
446 1923 709 1995 προδότην
756 1924 971 1990 Ἰούδαν,
1017 1925 1215 1989 παντὸς
1259 1924 1443 1979 ἀδίκου
1477 1926 1693 1997 χείρονα
1733 1924 1885 1993 γενό-

312 2030 493 2084 μενον,
522 2015 604 2068 ὃτι
634 2015 719 2087 δὴ,
745 2016 995 2070 τοιούτων
1027 2016 1275 2085 ἀξιωθεὶς
1307 2015 1458 2088 παρὰ
1483 2016 1573 2070 τοῦ
1606 2018 1881 2089 Σωτῆρος,

308 2108 417 2170 τοῖς
450 2107 706 2180 ἐναντίοις
738 2108 899 2162 αὐτὸν
930 2108 1214 2180 ἠμείψατο.

377 2197 482 2253 Διὰ
504 2198 677 2253 τοῦτο
716 2199 1237 2270 ἐξομολογήσομαί
1265 2214 1365 2254 σοι
1394 2200 1464 2253 ὲν
1486 2199 1689 2253 ἔθνεσι
1723 2239 1738 2265 ,
1766 2199 1883 2254 Κύ-

298 2306 414 2358 ριε,
449 2290 547 2344 καί
592 2289 672 2356 τῷ
700 2291 946 2361 ὀνόματί
989 2307 1106 2346 σου
1148 2290 1343 2361 ψαλῶ.
1386 2293 1753 2362 Μεταλύνων
1771 2292 1879 2359 τὰς

304 2380 601 2464 σωτηρίας
644 2379 752 2435 τοῦ
782 2380 1088 2448 βασιλέως
1115 2381 1321 2444 αὐτοῦ,
1357 2380 1454 2435 καί
1488 2378 1673 2434 ποιῶν
1707 2380 1879 2446 ἕλεος

305 2472 384 2538 τῷ
411 2473 633 2543 χριστῷ
668 2474 853 2529 αὐτοῦ
875 2473 1072 2537 Δαυῒδ,
1109 2472 1210 2527 καὶ
1234 2472 1314 2539 τῷ
1342 2469 1632 2542 σπέρματι
1667 2471 1874 2537 αὐτοῦ,

304 2563 411 2631 ἕως
434 2566 665 2633 αἰῶνος.
707 2566 832 2620 Ἐπὶ
862 2565 921 2619 τὸ
944 2566 1128 2639 ἕτερον
1165 2564 1497 2637 μεταδαίνει,
1530 2564 1605 2628 ὼς
1640 2564 1706 2618 ἂν
1732 2563 1874 2617 εἴποι

303 2671 385 2719 τις
410 2658 471 2711 τὸ
495 2657 664 2726 δεξιὸν
689 2659 897 2730 τάγμα,
937 2660 1029 2713 καὶ
1058 2658 1203 2713 ἐστιν
1235 2658 1416 2731 ἔργοις
1452 2657 1635 2721 αὐτοῖς
1667 2658 1759 2711 καὶ
1780 2657 1876 2726 ὀφ-

304 2744 525 2819 θαλμοῖς
575 2751 909 2821 παραλαϐεῖν
929 2767 944 2782 ’
977 2750 1165 2823 ὥσπερ
1205 2753 1234 2805 ὀ
1276 2749 1437 2804 Δαυῖδ
1473 2748 1609 2821 μετὰ
1635 2748 1732 2820 τὴν
1779 2748 1872 2803 τοῦ

299 2834 723 2914 Σωτῆροςημῶν
757 2842 1075 2915 παρουσίαν,
1110 2842 1300 2914 ὥσπερ
1330 2843 1497 2897 εἰσέτι
1526 2843 1619 2896 καὶ
1649 2842 1744 2896 νῦν
1765 2841 1872 2907 ζῶν

297 2928 393 2981 καὶ
430 2932 524 2983 σὺν
574 2933 879 3004 ἀνθρώποις
912 2933 1341 3005 πολιτευόμενος,
1390 2935 1479 2990 διὰ
1526 2937 1633 2991 τῶν
1678 2936 1870 2991 ἑαυτοῦ

294 3024 527 3095 γραφῶν
558 3024 710 3095 ᾠδῶν
740 3042 799 3079 τε
828 3027 921 3079 καὶ
949 3025 1130 3097 ὓμνων
1162 3028 1219 3079 ἐν
1246 3029 1379 3080 πᾶσι
1403 3030 1513 3092 τοῖς
1543 3028 1717 3082 ἔθνεσι
1735 3028 1871 3099 ψάλ-

291 3111 368 3166 λει
410 3115 490 3186 τῷ
518 3115 638 3186 Θεῷ
660 3116 765 3170 τῶν
801 3116 965 3170 ὄλωνο
998 3118 1090 3171 καὶ
1122 3119 1150 3172 ὁ
1177 3118 1241 3170 ὲκ
1271 3118 1580 3190 σπέρματος
1617 3119 1683 3171 δι’
1707 3119 1870 3173 αὐτοῦ

290 3206 555 3274 γεγονὼς,
605 3199 666 3261 οὗ
715 3210 793 3272 εἰς
837 3209 1125 3281 πρόσωπον
1158 3208 1487 3281 ἀναφέρεται
1539 3208 1607 3263 τὰ
1653 3211 1872 3282 προκεί-

294 3313 458 3369 μενα,
491 3298 692 3369 ὁμοίως
734 3303 994 3372 κρείττων
1025 3302 1310 3372 γενόμενος
1351 3302 1458 3355 τῶν
1497 3301 1872 3356 ἐπιϐεϐουλευ-

295 3387 469 3443 ιιότων
492 3389 659 3460 αὐτῷ,
686 3390 830 3446 εῐποι
853 3393 918 3447 ἄν
936 3409 951 3422 ’
975 3393 1083 3446 Kal
1110 3391 1228 3447 ἀπὸ
1245 3391 1365 3446 τῶν
1383 3393 1872 3462 ἐπανισταμένων

299 3477 386 3530 ἐπ’
420 3478 525 3549 ἐμὲ
545 3478 811 3549 ὑψώσεις
842 3482 1230 3551 με.Ἐκείνους
1264 3484 1361 3555 μὲν
1388 3479 1481 3537 οὖν
1514 3484 1829 3539 καταλείπει
1851 3500 1865 3514 ⁸

306 3571 395 3641 τὴν
422 3571 476 3625 δὲ
499 3572 657 3644 χάριν
681 3574 779 3645 τὴν
808 3573 868 3639 ἐξ
885 3574 1048 3628 αὑτοῦ
1077 3575 1173 3630 καὶ
1204 3576 1304 3647 τὴν
1325 3574 1582 3647 ἀλήθειαν
1606 3577 1737 3631 πᾶσι
1758 3580 1869 3642 τοῖς

301 3660 499 3716 ἔθνεσιν
535 3664 881 3735 μεταδίδωσιν
904 3682 918 3695 ο
942 3665 1108 3720 εἰσέτι
1131 3683 1191 3719 τε
1219 3666 1313 3719 καὶ
1333 3665 1429 3719 νῦν
1462 3666 1734 3738 πανταχοῦ
1765 3668 1868 3740 γῆς

301 3750 452 3817 αὐτὸς
484 3752 696 3826 παρὼν,
729 3755 821 3808 καὶ
877 3753 1038 3825 μέσος
1088 3754 1196 3807 τῶν
1229 3756 1309 3817 εἰς
1366 3754 1527 3809 αὑτὸν
1561 3754 1866 3824 ἠλπικότων

299 3839 478 3908 ἑστὼς,
515 3842 591 3913 τῷ
620 3844 793 3916 Πατρὶ
818 3843 904 3897 διὰ
936 3844 1036 3916 τῆς
1066 3844 1259 3899 ἑαυτοῦ
1304 3845 1628 3918 Ἐκκλησίας
1677 3845 1867 3918 ἐξομο-

298 3928 526 3999 λογεῖται
542 3950 556 3964 ’
583 3933 662 3987 διό
688 3951 851 4007 φησι·
887 3934 991 3989 Διὰ
1018 3936 1192 3991 τοῦτο
1223 3935 1739 4007 ἑξομολογήσομαί
1765 3952 1866 3992 σοι

296 4020 361 4077 ἐν
379 4024 600 4092 ἔθνεσι,
625 4027 819 4094 Κύριε,
845 4026 945 4081 καί
974 4025 1053 4093 τῷ
1080 4028 1325 4098 ὀνόματί
1350 4043 1466 4082 σου
1486 4028 1682 4097 ψαλῶ.

440 4136 553 4191 ΕΙΣ
584 4138 672 4190 T0
703 4138 1246 4204 ΤΕΛΟΣ,ΨΑΔΜΟΣ
1274 4140 1360 4192 ΤΩ
1386 4139 1590 4193 ΔΑΥΙΔ
1623 4141 1732 4197 IH'.

360 4248 462 4302 Kal.
489 4250 524 4302 ὁ
550 4247 739 4321 παρὼν
766 4248 977 4320 carpe;
1018 4249 1124 4302 τῶν
1153 4252 1232 4314 εἰς
1265 4250 1468 4320 ἀγαθὸν
1501 4250 1651 4315 τέλος
1684 4268 1859 4324 παρα-

298 4342 608 4409 πεμπόντων
643 4344 898 4414 τυγχάνει
919 4360 934 4374 υ
965 4343 1098 4397 ἀλλά
1130 4345 1224 4398 καὶ
1252 4346 1705 4415 εὐχαριστήριος
1725 4347 1857 4400 ἀνα-

1984 1808 2121 1877 puli,
2154 1822 2218 1861 ac
2249 1806 2419 1861 ludas
2460 1806 2727 1877 proditor,
2767 1808 2961 1877 quovis
2987 1809 3176 1879 iniquo
3211 1809 3429 1866 homine
3464 1810 3554 1865 de-

1982 1900 2170 1962 terior,
2201 1899 2293 1970 qui
2320 1907 2399 1954 tot
2430 1900 2708 1955 beneﬁciis
2740 1916 2770 1954 a
2818 1899 3104 1955 Salvatore
3133 1911 3383 1969 ornatus,
3416 1918 3552 1958 con-

1982 1989 2209 2044 trariam
2237 1991 2676 2063 _sceleratamque
2703 1990 2875 2046 vicem
2901 1991 3103 2046 retulit.

2053 2180 2217 2240 Vens.
2236 2184 2325 2249 50,
2360 2184 2446 2240 5|.
2477 2184 2765 2256 Propterea
2793 2187 3079 2257 conﬁtebor
3106 2189 3199 2242 tibi
3229 2189 3283 2242 in
3314 2191 3543 2246 nutioni-
3582 2198 3590 2207 ‘

1981 2273 2100 2339 bus,
2134 2275 2378 2341 Domine,
2416 2287 2465 2332 et
2489 2280 2691 2332 nomini
2731 2288 2821 2333 tuo
2864 2280 3129 2347 psalmum
3179 2281 3374 2335 dicam.
3425 2281 3549 2337 Mu-

1976 2367 2238 2436 gniﬁcans
2292 2368 2490 2423 salutes
2551 2372 2688 2440 regis
2740 2370 2877 2439 ejus,
2912 2380 2963 2425 et
2993 2371 3195 2440 faciens
3247 2374 3547 2428 misericor—

1976 2456 2121 2510 diam
2173 2456 2368 2512 cltristo
2401 2476 2496 2513 suo
2542 2460 2737 2523 David,
2781 2470 2829 2515 et
2879 2462 3067 2515 semini
3116 2463 3230 2531 ejus
3278 2480 3441 2535 usque
3493 2468 3548 2520 in

1976 2542 2250 2596 saxulum.
2304 2543 2385 2597 Ad
2421 2544 2678 2608 alterum,
2720 2552 2795 2608 et,
2833 2557 2891 2600 ut
2935 2548 3010 2601 ita
3051 2547 3252 2611 dicam,
3287 2549 3544 2605 dextrum

1976 2634 2222 2689 ordinem
2269 2651 2575 2691 sermonem
2610 2636 2892 2704 transfert,
2946 2648 3004 2691 ut
3062 2639 3147 2691 vel
3208 2639 3341 2708 ipsis
3379 2641 3545 2698 rebus

1974 2734 2136 2795 atque
2191 2727 2364 2783 oculis
2414 2716 2849 2785 animadvertere
2902 2737 3005 2785 est.
3067 2728 3536 2795 Quemadmodum

1976 2815 2144 2871 David
2188 2828 2309 2888 post
2344 2817 2647 2876 Salvatoris
2699 2820 2875 2876 nostri
2916 2824 3236 2888 adventum,
3272 2823 3545 2883 bactcnus

1971 2912 2127 2982 quasi
2166 2913 2221 2967 in
2266 2914 2402 2968 vivis
2440 2921 2585 2969 esset
2619 2929 2683 2967 ac
2713 2929 2837 2967 eum
2865 2914 3178 2971 hominibus
3207 2925 3541 2983 versaretur,

1972 3005 2185 3059 censeri
2214 3012 2412 3073 potest,
2433 3021 2497 3059 ac
2526 3022 2623 3075 per
2653 2994 2856 3077 scripta
2889 3023 3009 3071 sua,
3042 3009 3277 3074 cantica,
3311 3009 3543 3081 hymnos

1972 3096 2029 3152 in
2090 3096 2348 3151 omnibus
2393 3098 2649 3167 gentibus
2711 3099 2896 3169 psallit
2950 3100 3331 3155 universorum
3388 3100 3541 3170 Deo;

1973 3185 2047 3239 ita
2079 3184 2128 3241 is
2155 3186 2248 3256 qui
2273 3202 2341 3241 ex
2370 3188 2579 3244 semine
2606 3189 2727 3258 ejus
2756 3189 2935 3245 factus
2975 3202 3079 3256 est,
3125 3191 3193 3247 ad
3222 3194 3383 3263 cujus
3412 3210 3539 3265 ρει-οι

1971 3291 2163 3332 sonam
2188 3292 2249 3332 ea
2277 3294 2397 3348 qua:
2419 3279 2531 3349 jam
2561 3289 2859 3337 tractamus
2883 3283 3026 3337 dicta
3047 3283 3380 3351 referuntur,
3411 3302 3537 3342 cum

1968 3368 2084 3439 pari
2119 3370 2328 3425 ratione
2356 3371 2678 3427 insidiantes
2710 3374 2814 3429 sibi
2841 3379 3200 3444 superaverit,
3215 3378 3340 3447 jure
3368 3379 3538 3446 dicat,

1966 3470 2017 3515 et
2048 3461 2113 3516 ub
2141 3463 2528 3532 insurgentibus
2559 3464 2612 3517 in
2639 3480 2719 3518 me
2753 3464 3017 3520 exultabis
3050 3484 3147 3521 me.
3188 3468 3312 3524 Illos
3356 3470 3540 3540 itaque

1966 3550 2168 3606 missos
2202 3550 2366 3619 facit;
2397 3551 2739 3624 gratiamque
2785 3568 2849 3607 ac
2895 3556 3180 3611 veritatem
3212 3573 3369 3612 suam
3408 3561 3537 3614 uni—

1965 3642 2142 3698 versis
2186 3644 2442 3714 gentibus
2472 3644 2755 3714 impertit:
2804 3645 2965 3700 etiam
3000 3662 3145 3702 nunc
3189 3648 3388 3719 ubique
3423 3658 3535 3705 ter-

1965 3751 2149 3789 rarum
2183 3753 2425 3807 praesens
2478 3738 2614 3807 ipse,
2652 3747 2706 3793 et
2735 3737 2790 3791 in
2826 3739 3003 3792 medio
3028 3755 3217 3794 eorum
3248 3742 3338 3812 qui
3378 3743 3430 3796 in
3476 3760 3538 3800 se

1965 3843 2253 3898 speravere
2274 3829 2607 3896 consistens,
2649 3845 2747 3898 per
2776 3827 3077 3885 Ecclesium
3108 3847 3263 3886 suam
3292 3835 3530 3891 conﬁte-

1963 3927 2087 3985 tur;
2120 3920 2473 3989 quamobrem
2515 3920 2628 3975 ait:
2678 3920 2972 3990 Propterea
3003 3924 3295 3993 conﬁtebor
3327 3926 3425 3980 tibi
3475 3928 3534 3983 in

1960 4011 2283 4074 nationibus,
2318 4008 2563 4074 Domine,
2591 4020 2641 4064 et
2683 4012 2882 4065 nomini
2919 4021 3008 4067 tuo
3032 4014 3299 4082 psalmum
3332 4016 3529 4077 dicam.

2084 4116 2134 4174 1.
2161 4117 2228 4173 IN
2261 4118 2493 4196 FlNEM,
2518 4118 2840 4176 PSALMUS
2892 4119 3101 4174 DAVID
3141 4121 3331 4177 XVIII.

2027 4229 2278 4289 Praesens
2312 4247 2532 4303 quoque.
2570 4233 2814 4303 psalmus
2844 4249 2968 4287 cum
3003 4234 3074 4291 iis
3097 4237 3406 4296 censendus
3431 4240 3527 4309 qui

1956 4321 2022 4376 ad
2052 4323 2255 4379 bonum
2288 4324 2452 4379 ﬁnem
2486 4326 2904 4393 transmittunt;
2939 4327 3050 4380 imo
3078 4343 3295 4397 quoque
3320 4331 3529 4398 gratia-

299 4430 472 4503 γράφῃ
499 4434 621 4505 (sic)
647 4435 762 4505 ᾠδὴ
806 4435 931 4503 τοῖς
971 4435 1113 4503 τοὺς
1149 4436 1399 4506 ἐχθροὺς
1449 4455 1853 4508 καταγωνισα-

1971 4432 2077 4469 rum
2107 4418 2341 4471 actionis
2374 4417 2677 4486 inscriptus
2708 4428 2814 4483 est,
2845 4420 3110 4473 canticum
3133 4419 3198 4472 iis
3230 4420 3320 4489 qui
3345 4420 3526 4476 inimi-

296 4518 486 4588 μένοις
510 4524 795 4594 ἐπινίκιος
823 4526 1119 4597 εἰρημένη.
1162 4529 1252 4582 Διὸ
1277 4528 1416 4583 κατὰ
1440 4529 1533 4582 τὸν
1563 4529 1855 4601 Σύμμαχον

299 4611 498 4686 εἴρηται
518 4631 532 4645 ·
578 4616 897 4685 Ἐπινίκιςς
923 4619 1046 4689 ᾠδὴ
1084 4619 1190 4674 τοῦ
1218 4620 1415 4677 Δαυτδ.
1456 4621 1614 4677 Ἀλλά
1646 4623 1738 4677 καὶ
1764 4622 1854 4677 διὰ

299 4704 355 4756 τὸ
382 4704 684 4761 ἀνακεῖσθαι
728 4708 807 4780 τῷ
847 4708 945 4773 τὰς
984 4711 1141 4775 νίκας
1182 4711 1508 4784 δωρουμένῳ
1540 4713 1677 4785 Θεῷ,
1713 4715 1851 4768 κατά

297 4794 382 4848 τὸν
424 4796 664 4863 Ἀκύλαν,
702 4799 785 4866 Τῷ
814 4801 1094 4869 νικοποιῷ
1117 4802 1457 4874 μελῴδημα,
1493 4804 1760 4861 λέλεκται.

367 4974 426 5025 Ol
453 4974 685 5041 oi'parol
714 4975 1054 5045 διηγοῦνται
1085 4978 1273 5044 δόξαν
1310 4980 1476 5044 Θεοῦ,
1506 4981 1759 5048 ποίησιν
1780 4980 1849 5034 δὲ

299 5063 494 5131 χειρῶν
522 5066 705 5121 αὐτοῦ
740 5068 1094 5138 ἀναγγέλλει
1137 5069 1200 5123 τὸ
1233 5071 1553 5141 στερέωμα.
1581 5071 1845 5125 Διδασκα-

298 5150 407 5207 λίαν
436 5156 665 5228 περιέχει
699 5158 798 5228 τῆς
833 5158 928 5212 τοῦ
961 5159 1094 5212 Θεοῦ
1137 5162 1532 5233 μεγαλουργίας
1564 5180 1845 5235 παραστα-

299 5246 457 5316 τικήν.
502 5248 710 5320 Ἐπειδὴ
734 5249 845 5322 γάρ
876 5250 937 5303 τὸ
960 5250 1164 5320 ἀφανὲς
1192 5254 1287 5307 καὶ
1319 5255 1545 5325 ἀόρατον
1576 5255 1676 5325 τῆς
1701 5256 1845 5309 ἀσω-

304 5337 456 5404 μάτου
505 5340 592 5394 καὶ
622 5342 885 5413 ἀγενήτου
932 5343 1027 5396 καί
1057 5341 1242 5414 θεῖκῆς
1279 5346 1484 5410 οὐσίας,
1516 5347 1605 5401 διὰ
1660 5347 1718 5400 τὸ
1766 5347 1840 5419 μὴ

306 5430 483 5500 σαρκὸς
518 5433 806 5506 ὀφθαλμοῖς
844 5436 1373 5507 καταλαμϐάνεσθαι,
1419 5441 1468 5492 οι
1498 5441 1566 5493 τὰ
1618 5440 1841 5511 ὄμματα

302 5519 390 5589 τῆς
414 5522 574 5597 ψυχῆς
591 5529 975 5600 πεπηρωμένοι
1000 5531 1100 5600 τῆς
1120 5531 1229 5584 τῶν
1251 5530 1419 5585 ὄντων
1444 5531 1727 5603 ὑπάρξεως
1756 5532 1841 5585 ἐκ·

307 5611 613 5685 ϐεϐλήκασιν,
648 5618 827 5683 ἀθέοις
860 5622 1120 5693 στόμασιν
1149 5623 1555 5695 ἀποφηνάμενοι
1592 5624 1666 5695 μὴ
1698 5620 1836 5678 εἶναι

307 5700 439 5770 Θεὸν,
475 5712 591 5781 μηδὲ
632 5711 895 5784 ὑπάρχειν
937 5732 990 5768 τι
1047 5718 1290 5789 κρεῖττον
1332 5716 1439 5771 τῶν
1489 5719 1546 5771 ἐν
1592 5715 1835 5790 σώμασιν

1955 4522 2042 4561 cas
2091 4506 2442 4572 debellarunt,
2476 4508 2795 4576 triumphale
2844 4508 3066 4565 dictum.
3116 4507 3297 4575 Quare
3324 4526 3524 4569 secun-

1952 4596 2083 4651 dum
2145 4595 2533 4669 Symmachum
2598 4597 2820 4663 dicitur,
2873 4598 3209 4669 Triumphale
3257 4603 3523 4659 canticum

1950 4688 2200 4746 Davidis.
2241 4688 2350 4746 Sed
2377 4691 2541 4745 etiam
2591 4691 2722 4762 quia
2767 4690 2879 4747 Deo
2919 4694 3273 4749 victoriarum
3304 4700 3517 4753 auctori

1949 4791 2329 4848 consecratur,
2383 4783 2684 4840 secundum
2736 4785 3015 4856 Aquilam,
3066 4786 3317 4843 Victoria:
3351 4789 3522 4861 largi-

1951 4879 2055 4931 tori
2083 4877 2396 4945 modulatio,
2430 4877 2775 4936 inscribitur.

2021 4968 2184 5025 Vens.
2217 4970 2271 5024 2.
2312 4970 2443 5024 Caeli
2521 4981 2773 5027 enarrunl
2820 4974 3046 5045 gloriam
3088 4978 3207 5045 Dei,
3257 4990 3307 5037 et
3357 4997 3517 5051 opera

1947 5078 2198 5116 manuum
2245 5062 2359 5131 ejus
2413 5065 2695 5118 annuntiat
2734 5067 3148 5135 firmamentum.
3199 5072 3512 5130 Doctrinam

1944 5158 2347 5227 complectitur,
2401 5173 2509 5225 qua
2575 5175 2831 5233 magnum
2892 5164 3027 5220 illud
3075 5164 3172 5221 Dei
3230 5166 3507 5237 opiﬁcium

1943 5259 2252 5307 enarratur.
2325 5249 2464 5317 Quia
2532 5253 2676 5308 enim
2748 5255 3005 5312 latentem
3078 5257 3511 5324 invisibilemque

1942 5343 2184 5398 divinam
2288 5343 2673 5412 substantiam,
2775 5346 3154 5417 incorpoream
3245 5356 3298 5402 et
3398 5355 3507 5400 non

1941 5435 2162 5501 factam,
2218 5434 2362 5506 quod
2420 5436 2734 5493 carnalibus
2787 5440 2962 5495 oculis
3017 5439 3210 5508 attingi
3283 5442 3340 5491 et
3412 5448 3509 5492 co-

1938 5529 2129 5601 gnosci
2209 5537 2467 5598 nequeat,
2538 5528 2630 5598 qui
2709 5532 2909 5585 mentis
2999 5529 3173 5585 oculis
3248 5527 3504 5584 obcaecati

1939 5628 2117 5687 erant,
2149 5629 2402 5676 enatura
2431 5634 2614 5673 rerum
2649 5622 3008 5691 expulerunt;
3047 5620 3174 5675 dum
3211 5618 3374 5674 atbeo
3404 5619 3506 5674 im~
3533 5671 3544 5697 ι

1940 5715 2286 5791 pioqucorc,
2325 5711 2533 5767 nullum
2563 5728 2686 5769 esse
2727 5712 2917 5780 Deum,
2952 5726 3050 5769 nec
3081 5709 3360 5783 quidpiam
3384 5727 3506 5768 cor-
