3992 6216
287 289 390 347 189

1428 256 1926 347 οοΜΜΕΝτΑβιΑ
1963 250 2031 312 1N
2070 252 2408 312 PSALMOS.

3416 246 3518 302 190

281 398 493 466 εἰσάγει
518 392 755 461 ποίησιν.
795 384 917 442 Οἵδε
944 385 1005 439 δὲ
1030 383 1065 454 ή
1089 380 1276 453 Γραφὴ
1304 379 1398 433 καὶ⁵
1450 376 1666 440 πλείους
1694 377 1860 446 οὐρα-

1974 380 2052 425 Lur
2084 368 2247 431 diem,
2281 363 2610 420 ﬁrmamenti
2626 360 2953 419 creationem
2978 360 3202 416 inducit.
3239 360 3520 432 Scriptura

283 488 408 553 νούς
425 505 439 519 ο
472 486 552 539 διό
587 495 781 553 φησιν’
810 476 1034 533 Αἰνεῖτε
1062 474 1168 528 τὸν
1194 473 1410 540 Κύριον
1431 470 1500 523 ἐκ
1536 467 1653 521 τῶν
1677 468 1854 535 σύρα-

284 582 439 637 νῶν’
480 577 574 631 καὶ
626 572 816 626 πάλιν·
853 566 1078 623 Αἰνεῖτε
1120 563 1304 618 αὐτὸν
1351 564 1404 615 ot
1455 556 1697 627 οὐρανοὶ
1742 555 1861 609 τῶν

286 668 581 742 οὐρανῶν,
610 665 709 720 καὶ
740 664 802 716 τὸ
832 661 985 728 ὕδωρ
1010 660 1073 712 τὸ
1113 655 1387 724 ὑπεράνω
1418 651 1536 706 τῶν
1553 649 1854 718 οὐρανῶν-δ

289 767 384 821 καὶ
410 760 641 832 ἀλλαχοῦ
682 757 923 830 εἴρηται·
967 754 1027 806 '0
1055 750 1310 819 οὐρανὸς
1346 747 1452 801 τοῦ
1494 745 1753 814 οὐρανοῦ
1782 743 1861 809 τῷ

288 857 501 926 Κυρίῳ.
514 852 690 907 Καὶτδ
701 848 981 920 στερέωμα
994 844 1252 915 κέκληται
1268 840 1512 912 οὐρανὸς,
1526 837 1621 891 καὶ
1636 840 1663 890 ὁ
1675 837 1861 908 Σωτὴρ

289 948 389 1021 τὴν
421 944 686 1019 βασιλείαν
717 941 824 996 τῶν
858 937 1101 1011 οὐρανῶν
1150 934 1558 1003 ἐπαγγέλλεται,
1588 930 1681 984 καὶ
1708 932 1763 983 ὲν
1794 932 1859 1000 τῇ

290 1042 422 1113 εὐχῇ
438 1039 671 1093 διδάσκει
687 1036 860 1089 εἰπεῖν
875 1050 888 1064 ο
908 1032 1098 1099 Πάτερ
1116 1028 1326 1098 ἡμῶνὸ
1342 1027 1412 1079 ἐν
1427 1024 1549 1091 τοῖς
1564 1023 1860 1092 οἰιοανοῖς,

290 1133 402 1197 καὶ,
429 1133 496 1185 Al
522 1126 804 1197 δυνάμεις
836 1123 957 1178 τῶν
986 1119 1259 1189 οὐρανῶν
1286 1114 1787 1182 σαλευθήσονται.

371 1302 584 1380 Ἡμέρα
601 1306 677 1375 τῇ
701 1304 889 1375 ἡμέρᾳ
911 1303 1211 1372 ἐρεύγεται
1225 1299 1411 1369 ῥῆμα,
1437 1299 1533 1354 καὶ
1558 1298 1673 1363 νὺξ
1691 1296 1865 1352 νυκτί

286 1402 643 1471 ἀναγγέλλει
686 1396 933 1468 γνῶσιν.
975 1394 1223 1448 Διδάσκει
1278 1393 1463 1464 ἡμέρα
1505 1392 1598 1445 καὶ
1628 1391 1864 1447 διδάσκει

287 1494 384 1560 νὺξ
409 1494 535 1547 τοὺς
574 1490 856 1551 ἐθέλοντας
895 1485 1260 1548 παιδεύεσθαι,
1292 1485 1392 1554 ὅση
1420 1482 1504 1546 τίς
1541 1484 1688 1536 ἐστιν
1716 1483 1749 1552 ἠ
1781 1498 1867 1534 σοι

288 1586 387 1655 φία
417 1588 450 1657 ὴ
484 1584 721 1655 ἄρρητός
760 1581 855 1634 καὶ
885 1577 1253 1650 ἀπερίληπτος
1290 1576 1515 1645 δύναμις
1535 1574 1627 1628 τοῦ
1661 1575 1727 1628 τὰ
1754 1574 1868 1626 δια-

288 1680 544 1750 στήματα
581 1676 687 1729 τῶν
715 1673 920 1746 χρόνων
962 1671 1468 1742 καταμετρήσαντος
1503 1668 1686 1731 αὐτοῖς
1708 1666 1862 1720 Θεοῦ.

1962 472 2091 515 vero
2121 456 2430 526 complures
2454 454 2623 509 caelos
2666 452 2818 507 novit
2848 452 3232 521 admittitque;
3261 453 3524 522 quocirca

1961 551 2119 606 dicit:
2169 548 2409 601 Laudate
2462 546 2747 600 Dominum
2789 544 2854 598 de
2883 545 3025 600 caelis
3044 545 3127 612 ⁸³;
3159 559 3222 599 ac
3261 560 3519 601 rursum:

1962 641 2205 695 Laudate
2249 656 2387 701 eum.
2444 639 2561 693 creti
2616 638 2888 701 certorum,
2922 646 2970 690 et
3004 653 3142 707 aqua
3195 637 3363 690 omnis
3410 651 3528 707 quo:

1963 732 2302 802 superantes
2342 740 2419 785 est
2437 731 2503 785 ⁸⁵.
2552 729 2695 784 Alibi
2745 744 2961 800 quoque
3006 729 3212 783 dictum
3251 728 3523 785 occurrit:

1965 823 2172 879 Caelum
2219 822 2334 876 cwti
2389 820 2616 874 Domino
2641 820 2708 873 ⁸⁸.
2764 818 3191 874 Firmamentum
3241 819 3371 874 item
3413 831 3526 873 cm-

1965 917 2074 970 lum
2103 922 2352 978 vocatur,
2389 921 2443 968 et
2477 911 2727 966 Salvator
2757 926 2981 980 regnum
3012 910 3275 964 caelorum
3311 909 3530 979 pollice-

1964 1013 2074 1071 tur,
2103 1021 2167 1061 ac
2206 1007 2279 1060 ita
2308 1003 2643 1075 precandum
2675 1017 2805 1057 esse
2834 1001 3104 1056 instituit:
3133 1000 3293 1055 Pater
3328 1010 3527 1067 noster,

1963 1102 2053 1170 qui
2095 1117 2148 1155 es
2170 1102 2220 1154 iu
2278 1098 2420 1153 caelis
2438 1097 2506 1160 ⁸⁶;
2552 1103 2606 1151 et
2636 1113 2649 1149 :
2685 1093 2915 1148 Virtutes
2961 1092 3209 1147 cwtorum
3241 1092 3523 1147 movebun-

1965 1201 2052 1245 tur
2072 1193 2137 1223 81.

2036 1280 2281 1336 Vens.3.
2331 1278 2455 1332 Dies
2496 1277 2605 1331 diei
2641 1283 2846 1331 eructat
2890 1272 3122 1338 verbum,
3164 1284 3214 1328 et
3247 1287 3352 1327 nox
3391 1274 3530 1327 nocti

1966 1374 2166 1430 indicat
2213 1373 2510 1428 scientiam.
2564 1370 2732 1425 Docet
2780 1368 2919 1434 dies,
2952 1367 3111 1422 docet
3147 1366 3385 1436 itemque
3421 1376 3532 1420 no‘x

1965 1484 2061 1524 eos
2084 1467 2176 1539 qui
2213 1466 2427 1521 institui
2455 1469 2767 1535 peroptant,
2802 1475 2969 1530 quam
2998 1458 3289 1514 inell'abilis
3312 1459 3532 1529 sapien-

1966 1562 2063 1625 tia,
2115 1574 2279 1630 quam
2311 1553 2882 1626 incomprehensibilis
2935 1552 3113 1607 virtus
3158 1550 3230 1605 sit
3285 1548 3400 1615 Dei,
3435 1551 3531 1620 qui

1968 1653 2102 1723 ipsis
2137 1661 2441 1721 temporum
2487 1646 2773 1702 intervalla
2815 1643 3095 1699 dimensus
3127 1650 3234 1697 est.
3290 1640 3347 1695 Si
3378 1654 3534 1696 nam-

288 1771 353 1824 Ei
381 1735 485 1841 ’μὲν
514 1768 623 1839 γὰρ
663 1735 849 1837 μηδεὶς
887 1760 956 1835 ἦν
984 1766 1013 1817 ό
1048 1735 1142 1815 καὶ
1169 1735 1390 1825 ταύταις
1416 1760 1584 1833 ὥραις
1620 1760 1714 1813 καὶ
1741 1758 1870 1830 χρόα-

1974 1760 2075 1816 que
2128 1745 2310 1799 nullus
2359 1749 2505 1797 esset
2552 1739 2646 1811 qui
2703 1738 2790 1793 his
2823 1735 3242 1807 tempestatibus
3272 1735 3444 1805 spatia
3477 1740 3536 1789 et

289 1867 418 1923 νους
448 1860 543 1912 καὶ
587 1856 811 1929 καιροὺς
857 1853 1263 1924 διαταξάμενος,
1300 1852 1616 1923 ἀπρονοήτῳ
1663 1849 1721 1902 δὲ
1773 1848 1868 1901 καὶ

290 1954 473 2025 ἀλόγῳ
495 1954 705 2025 κινήσει
732 1952 871 2005 κατά
889 1967 940 2003 τι
962 1948 1225 2019 σύμϐαμα
1252 1949 1535 2017 τυχιμαῖον
1584 1941 1868 2013 ὑφεστῶτα

289 2045 360 2120 ἦν
378 2064 392 2078 ’
423 2048 589 2120 ἐχρῆν
615 2046 783 2118 δήπου
814 2045 888 2117 μὴ
919 2046 989 2097 τὰ
1018 2041 1109 2095 ἴσα
1147 2041 1487 2111 διαστήματα
1511 2037 1619 2090 τῶν
1648 2034 1867 2108 ήμερῶν

291 2142 379 2196 διὰ
407 2142 605 2204 παντὸς
641 2138 737 2193 τοῦ
769 2137 962 2200 αἰῶνος
1006 2134 1322 2205 ὑφεστάναι,
1364 2131 1397 2203 ἢ
1433 2128 1870 2199 συγκεχυμένους

293 2231 471 2286 αὐτῶν
513 2225 649 2283 εἶναι
679 2228 807 2292 τοὺς
851 2227 1094 2298 καιροὺς,
1131 2224 1226 2277 καὶ
1253 2222 1352 2285 τὰς
1384 2221 1582 2283 νύκτας
1609 2219 1665 2272 δὲ
1693 2214 1873 2271 ὡσαύ-

290 2344 398 2390 τως
417 2324 541 2395 εἰκῆ
561 2325 654 2379 καὶ
670 2324 746 2388 ὡς
771 2322 958 2392 ἔτυχεν
980 2319 1109 2392 φέρε
1118 2318 1257 2373 σθαι.
1285 2315 1530 2385 Ἀλογίας
1549 2313 1655 2385 γὰρ
1669 2311 1870 2383 ἀδελφὴ

289 2416 507 2484 ἀταξία,
540 2417 634 2469 καὶ
666 2414 745 2486 τῷ
766 2412 1037 2486 τυχιμαίῳ
1064 2410 1254 2464 ’ἐπεται
1287 2407 1542 2478 σύγχυσις
1561 2422 1573 2435 ·
1599 2405 1674 2467 ὡς
1697 2404 1873 2474 ἔμπα-

292 2511 374 2564 λιν
406 2510 587 2580 πάσης
617 2506 867 2572 εὐταξίας
916 2506 1126 2576 ἡγεῖται
1178 2502 1353 2571 λόγος,
1401 2498 1661 2572 ἁρμονίας
1690 2510 1750 2550 τε
1776 2494 1873 2549 καὶ

294 2603 612 2675 συμφωνίας
632 2604 843 2674 ἡγεῖται
873 2600 1049 2669 σοφία.
1092 2599 1153 2651 Αἱ
1177 2596 1358 2650 τοίνυν
1383 2592 1586 2647 τούτων
1617 2591 1753 2663 πρὸς
1779 2588 1874 2643 ἁλ-

294 2698 459 2770 λήλας
504 2699 728 2771 ἀμοιϐαὶ
772 2698 867 2751 καὶ
899 2696 1293 2767 ὑποχωρήσεις,
1336 2690 1465 2745 ποτὲ
1515 2688 1612 2761 μὲν
1650 2686 1872 2759 ἡμερῶν

303 2796 712 2864 μηκυνομένων,
753 2790 1150 2862 ὐποχωρουσῶν
1181 2789 1236 2843 δὲ
1270 2785 1448 2840 αὐτῶν
1479 2782 1708 2848 νυκτῶν,
1743 2780 1872 2834 ποτὲ

298 2885 356 2938 δὲ
380 2886 488 2938 τῶν
512 2886 718 2938 νυκτῶν
758 2884 818 2937 τὸ
864 2882 1375 2955 προδεδανεισμένον
1408 2879 1564 2953 χρέος
1601 2877 1739 2933 κατὰ
1773 2878 1871 2950 τὴν

298 2978 407 3032 τῶν
433 2977 593 3049 ὡρῶν
610 2978 846 3049 ¹αὔξησιν
867 2972 1383 3047 ἀπολαμϐανουσῶν,
1406 2974 1696 3046 ,μονονουχὶ
1717 2969 1875 3042 φθέγ-

301 3086 487 3138 γονται
534 3068 628 3121 καὶ
659 3067 875 3121 λαλοῦσι
927 3067 1133 3143 μεγάλῃ
1175 3068 1326 3136 φωνῇ
1358 3068 1423 3136 τῇ
1466 3064 1724 3133 πανσόφῳ
1755 3063 1873 3115 δια-

299 3159 452 3224 τάξει
482 3158 576 3212 τοῦ
620 3158 729 3211 τῶν
753 3157 889 3210 ὅλων
927 3156 1296 3227 μαρτυροῦσαι
1333 3154 1490 3215 Θεοῦ,
1533 3154 1626 3207 καὶ
1672 3151 1874 3224 κηρύτ-

298 3269 482 3304 τουσιν
516 3249 822 3323 ἀνθρώποις
858 3250 956 3321 τὴν
987 3247 1082 3301 τοῦ
1113 3245 1247 3301 Θεοῦ
1278 3246 1502 3316 γνῶσιν·
1538 3240 1679 3298 οὕτω
1704 3242 1761 3298 δὲ
1788 3261 1878 3298 κε-

299 3342 561 3414 κραγόσιν
614 3342 797 3404 αὐτοῖς
848 3340 1030 3414 ἔργοις
1078 3341 1133 3392 αἱ
1190 3337 1293 3391 τῶν
1346 3333 1569 3409 ἡμερῶν
1620 3336 1715 3389 καὶ
1772 3333 1879 3388 τῶν

301 3433 511 3487 νυκτῶν
560 3433 736 3502 φωναὶ
785 3434 896 3496 τοῖς
940 3431 1152 3485 ἐπαΐειν
1202 3428 1380 3484 αὐτῶν
1420 3428 1755 3499 δυναμένοις,
1804 3427 1879 3491 ὼς

303 3526 568 3598 μηδεμίαν
609 3525 777 3596 ἀκοὴν
820 3520 1099 3577 λανθάνειν
1127 3521 1223 3594 τὴν
1244 3519 1582 3575 διδασκαλίαν
1607 3519 1801 3574 αὐτῶν.

291 3700 295 3735 ί
370 3705 734 3777 Πεπλήρωται
761 3701 890 3772 γοῦν
913 3703 946 3773 ἡ
975 3701 1233 3772 σύμπασα
1261 3696 1368 3751 τῶν
1388 3695 1686 3768 ἀνθρώπων
1711 3697 1881 3749 οἰκου-

305 3797 441 3869 μένη
474 3796 573 3866 τῆς
600 3790 871 3867 εὐρύθμου
900 3790 995 3847 καὶ
1016 3789 1306 3862 ἀμοιϐαίας
1335 3786 1513 3841 αὐτῶν
1536 3788 1753 3858 χορείας
1776 3804 1790 3818 ο
1813 3787 1877 3840 δι’

300 3888 338 3945 ἃ
380 3890 658 3943 λέλεκταιο
692 3890 814 3942 Οὐκ
863 3886 980 3940 εἰσὶ
1013 3883 1218 3939 λαλιιιὶ
1258 3878 1398 3936 οὐδὲ
1440 3881 1607 3950 λόγοι
1633 3874 1719 3934 ὧν
1744 3880 1881 3949 οὐχὶ

302 3982 620 4037 ἀκούονται
652 3981 711 4033 αἱ
750 3977 937 4048 φωναὶ
976 3972 1192 4029 αὐτῶν.
1239 3974 1341 4039 Εἰς
1373 3969 1581 4027 πᾶσαν
1603 3970 1717 4039 τὴν
1763 3968 1881 4040 γῆν

301 4075 562 4144 ἐξῆλθεν
589 4076 621 4127 ό
653 4071 911 4142 φθόγγος
942 4066 1159 4134 αὐτῶν,
1185 4065 1283 4121 καὶ
1312 4067 1399 4130 εὶς
1431 4062 1502 4117 τὰ
1524 4062 1748 4137 πέρατα
1772 4056 1881 4131 τῆς

302 4163 660 4235 οἰκουμένης
698 4160 771 4215 τὰ
806 4160 1037 4230 ῥήματα
1067 4156 1294 4212 αὐτῶν·
1345 4155 1499 4225 δῆλον
1532 4154 1608 4218 δὲ,
1648 4155 1730 4207 ὅτι
1773 4153 1880 4206 τῶν

306 4255 528 4328 ἡμερῶν
556 4254 651 4307 καὶ
680 4251 789 4305 τῶν
816 4248 1045 4309 νυκτῶν,
1079 4245 1184 4299 τῶν
1228 4261 1288 4297 τε
1332 4241 1736 4311 διηγουμένων
1768 4238 1882 4308 τὴν

306 4348 413 4402 τοῦ
442 4346 588 4401 Θεοῦ
608 4345 799 4410 δόξαν
821 4341 1085 4415 οὐρανῶν,
1112 4336 1204 4391 καὶ
1230 4333 1324 4389 τοῦ
1351 4332 1466 4402 τὴν
1489 4332 1739 4401 ποίησιν
1767 4328 1883 4383 τῶν

307 4440 521 4513 χειρῶν
550 4439 735 4493 αὑτοῦ
770 4436 1243 4508 ἐξαγγέλλοντος
1281 4424 1675 4500 στερεώματος.
1715 4422 1883 4513 Ἔνθα

305 4510 363 4587 δὲ
395 4532 667 4603 γενομένῳ
716 4548 804 4601 μοι
854 4526 1154 4598 θαυμάζειν
1210 4522 1438 4583 ἔπεισιν,
1474 4518 1621 4581 ὅπως
1659 4517 1687 4569 ό
1739 4510 1881 4586 ἱερὸς

307 4624 603 4686 ἀπόστολος
626 4624 684 4675 τό
708 4640 720 4652 ·
743 4623 846 4687 Εἰς
871 4618 1078 4675 πᾶσαν
1099 4616 1212 4684 τὴν
1236 4610 1351 4684 γῆν
1376 4607 1633 4678 ἐξῆλθεν
1657 4610 1690 4663 ὁ
1711 4608 1882 4676 φθόγ-

308 4737 415 4791 γος
445 4714 663 4778 αὐτῶν,
696 4713 795 4768 καὶ
830 4714 916 4779 εις
944 4711 1016 4765 τὰ
1043 4708 1268 4778 πέρατα
1289 4702 1398 4773 τῆς
1426 4701 1781 4771 οἰκουμένης
1809 4698 1880 4751 τὰ

301 4786 543 4883 ῥήματα
565 4806 780 4875 αὐτῶν,
811 4806 903 4859 ἐπὶ
933 4804 1057 4866 τοὺς
1104 4798 1350 4872 μαθητὰς
1377 4795 1472 4851 καὶ
1496 4786 1883 4861 εὐαγγελιστάς

311 4906 404 4960 καὶ
450 4900 777 4962 ἀποστόλους
803 4898 897 4952 τοῦ
932 4898 1180 4967 Σωτῆρος
1216 4891 1371 4964 ήμῶν
1403 4888 1699 4959 ἀνήνεγκεν
1732 4884 1788 4934 ὲν
1819 4882 1884 4950 τῇ

312 5000 447 5073 πρὸς
485 4994 788 5066 Ῥωμαίους
806 4988 1107 5060 Ἐπιστολῇ.
1156 4984 1486 5073 Ἐπιστήσας
1517 4980 1576 5033 δὲ
1621 4976 1712 5029 τὸν
1759 4971 1883 5026 νοῦν

316 5067 380 5162 si]
404 5086 733 5156 ἀποστολικῇ
760 5080 921 5146 λέξει,
944 5080 1147 5153 σφόδρα
1167 5074 1407 5149 ἀκριϐῶς
1428 5067 1583 5145 εὗρον
1608 5067 1768 5123 αὐτὸν
1797 5082 1888 5155 κα.-

244 5171 257 5237 ἶ
311 5158 661 5254 ταχρηστικῷ
677 5175 863 5248 τρόπῳ
878 5172 1144 5244 εὐκαίρως
1160 5170 1256 5242 τὴν
1273 5166 1571 5239 παράθεσιν
1587 5175 1784 5229 πεποιη
1794 5158 1887 5229 μὲ-

245 5254 252 5267 δ
308 5250 432 5333 vovit
449 5277 508 5330 οὐ
542 5276 650 5347 γὰρ
677 5262 862 5342 ὥσπερ
886 5268 1015 5323 ποτὲ
1033 5266 1131 5337 μὲν
1152 5264 1280 5336 ἔφη·
1324 5261 1570 5325 Ἡσαΐας
1588 5257 1656 5310 δὲ
1692 5250 1885 5322 κράζει

307 5372 461 5439 ὑπὲρ
510 5367 617 5422 τοῦ
681 5362 946 5433 Ἰσραὴλ,
1001 5358 1133 5413 ποτὲ
1186 5356 1263 5419 δὲ,
1291 5350 1484 5416 καθὼς
1536 5346 1886 5439 προείρηκεν

319 5433 561 5527 Ἡσαΐας
582 5477 595 5491 ⁶
619 5460 713 5513 καὶ
742 5456 928 5511 πάλινο
961 5450 1166 5515 Καθὼς
1193 5447 1508 5519 renouarat
1525 5456 1539 5471 ·
1570 5439 1664 5494 καὶ
1696 5433 1880 5499 αὖθις*

377 5649 422 5681 ⁸³
446 5646 589 5703 Psal.
613 5602 836 5698 curru.
866 5638 916 5691 l.
993 5635 1037 5666 ⁸⁵
1077 5634 1208 5687 ibid.
1240 5632 1290 5685 ti.
1368 5628 1413 5659 ⁸⁵
1437 5624 1577 5682 Psal.
1611 5636 1764 5687 cxm,
1814 5618 1870 5673 l6

1974 5617 2013 5650 ⁵⁸
2044 5613 2233 5671 Matth.
2268 5626 2343 5680 v1,
2369 5609 2421 5665 9.
2520 5606 2563 5639 ⁸⁷
2588 5602 2718 5659 Luc.
2754 5615 2868 5680 με,
2902 5593 2990 5647 ‘26.

316 5735 362 5781 ³⁸
389 5744 547 5802 Rom.
580 5760 655 5812 Ix,
682 5740 774 5794 27.
846 5738 891 5771 ’θ
914 5733 1048 5794 ibid.
1082 5733 1172 5788 29.
1209 5729 1295 5783 °‘l
1326 5727 1453 5784 Cor.
1487 5740 1524 5791 ι,
1565 5722 1650 5777 51,

1968 1837 2261 1893 interstitia
2291 1834 2657 1907 .destinasset,
2691 1830 2785 1886 sed
2826 1827 3117 1884 temerario
3143 1834 3197 1881 et
3224 1825 3535 1881 inconside-

1968 1932 2092 1981 rato
2120 1933 2271 1980 motu
2320 1933 2487 1996 atque
2540 1938 2674 1979 casu
2722 1922 2977 1992 quopiam
3025 1932 3140 1972 [περ
3165 1918 3528 1982 exsisterent;

1968 2028 2241 2091 Oporteret
2273 2033 2405 2075 sane
2441 2033 2551 2072 non
2570 2014 2870 2086 aequalibus
2902 2011 3095 2082 spatiis
3138 2009 3256 2064 dies
3281 2025 3309 2062 a
3335 2009 3537 2065 saeculo

1971 2112 2251 2166 ordinatas
2290 2110 2479 2175 fuisse,
2519 2114 2614 2162 aut
2659 2103 2889 2160 confusa
2922 2117 3133 2161 earum,
3173 2100 3537 2170 similiterque

1969 2204 2210 2259 noctium
2236 2211 2502 2273 tempora,
2541 2214 2675 2255 casu
2709 2212 2772 2251 ac
2798 2194 3022 2251 fortuito
3050 2193 3275 2249 revolvi.
3322 2190 3536 2248 Etenim

1972 2295 2260 2350 temerario
2313 2296 2468 2349 casui
2520 2292 2782 2346 ﬁnitimus
2834 2298 2919 2344 est
2963 2285 3277 2341 inconditus
3340 2299 3526 2339 rerum

1972 2393 2173 2451 status,
2227 2393 2280 2441 et
2338 2384 2622 2439 fortuitam
2673 2395 2788 2436 rem
2842 2379 3093 2450 sequitur
3136 2375 3425 2444 confusio;
3479 2383 3538 2432 ut

1970 2479 2091 2535 vice
2126 2492 2286 2533 versa
2310 2485 2519 2531 rectum
2565 2473 2815 2528 ordinem
2868 2473 3009 2525 ratio
3049 2470 3257 2540 dirigit,
3295 2483 3535 2523 concena

1972 2577 2199 2637 tumque
2241 2581 2305 2621 ac
2336 2562 2685 2621 concordiam
2756 2575 2940 2615 rerum
2990 2559 3259 2629 sapientia
3306 2557 3540 2613 admini-

1975 2667 2135 2718 strat.
2174 2658 2374 2713 Mutuae
2420 2670 2553 2710 sane
2598 2653 2820 2707 illorum
2864 2648 3274 2706 vicissitudines
3303 2656 3357 2704 et
3403 2664 3539 2703 con-

1973 2755 2289 2817 cessiones;
2319 2764 2445 2804 nam
2476 2747 2640 2802 modo
2666 2744 2808 2807 dies,
2833 2740 3168 2798 concedente
3204 2747 3384 2804 nocte,
3412 2754 3539 2809 pro-

1972 2846 2195 2901 lixiores
2235 2850 2386 2907 sunt,
2423 2840 2583 2895 modo
2611 2847 2800 2893 noctes
2829 2836 3071 2891 debitqu
3113 2847 3178 2887 ac
3208 2841 3399 2886 mutuo
3441 2832 3536 2887 da-

1972 2946 2089 2993 tum
2127 2936 2361 3005 spatium
2392 2938 2553 2986 aucta
2590 2930 2766 2984 hieme
2801 2942 2866 2982 ac
2910 2930 3230 2995 tempestate
3257 2931 3539 2995 repetunt;

1976 3029 2111 3092 haec,
2150 3028 2398 3096 inquam,
2453 3028 2666 3075 tantum
2720 3034 2830 3074 non
2878 3015 3270 3081 vociferantur,
3331 3031 3395 3069 ac
3441 3028 3542 3070 ceu

1903 3112 1943 3168 C
1978 3121 2124 3175 edito
2156 3119 2397 3173 clamore
2455 3112 2930 3184 sapientissimum
2970 3109 3120 3163 illum
3156 3109 3222 3163 ab
3262 3108 3546 3164 universo-

1979 3229 2098 3269 rum
2145 3211 2257 3267 Deo
2311 3210 2667 3265 constitutum
2731 3204 2985 3259 ordinem
3022 3200 3409 3271 depraadicant,
3445 3201 3546 3255 ho-

1979 3304 2327 3374 minibusque
2388 3299 2482 3355 Dei
2564 3298 2814 3353 notitiam
2878 3294 3231 3349 annuntiant.
3308 3291 3398 3346 Sic
3461 3291 3546 3347 vel

1979 3398 2111 3471 ipsis
2156 3398 2319 3469 gestis
2375 3393 2629 3464 operibus
2693 3391 2904 3446 dierum
2960 3385 3316 3454 noctiumque
3381 3396 3546 3440 voces

1980 3492 2048 3545 iis
2090 3491 2183 3560 qui
2210 3487 2400 3542 auditu
2431 3487 2620 3540 valent
2669 3482 2988 3544 inclamant,
3042 3483 3104 3532 ut
3160 3490 3256 3547 per
3303 3475 3547 3532 omnium

1980 3600 2144 3640 aures
2165 3580 2416 3637 doctrina
2442 3593 2635 3635 eorum
2665 3572 2945 3646 pervadat.

2054 3674 2358 3730 Universus
2392 3671 2576 3740 itaque
2598 3667 2770 3731 orbis,
2808 3663 2903 3736 qui
2949 3663 3016 3716 ab
3049 3660 3366 3717 hominibus
3395 3661 3547 3716 inco-

1982 3771 2133 3832 litur,
2172 3763 2456 3821 concinnis
2506 3757 2823 3831 hujusmodi
2856 3771 2921 3810 ac
2967 3754 3173 3809 mutuis
3208 3753 3423 3808 choreis
3463 3766 3550 3806 re-

1980 3863 2184 3934 pletum
2212 3865 2337 3923 est;
2384 3867 2553 3924 quare
2601 3849 2837 3905 dicitur:
2892 3844 3050 3901 Vers.
3084 3844 3139 3908 4,
3171 3844 3224 3899 5.
3277 3841 3399 3897 Ilion
3426 3851 3549 3896 sunt

1985 3951 2222 4023 loquelw,
2279 3961 2438 4016 neque
2489 3956 2774 4004 sermones,
2821 3954 3043 4010 quorum
3102 3951 3205 3991 non
3257 3934 3549 3989 audiantur

1983 4061 2129 4100 voces
2195 4055 2397 4095 eorum.
2484 4034 2552 4090 In
2626 4049 2828 4087 omnem
2894 4041 3091 4085 terram
3161 4029 3321 4083 exivit
3387 4043 3549 4081 εοηιω

1982 4154 2185 4201 eorum,
2215 4142 2262 4189 et
2295 4135 2348 4186 in
2374 4131 2503 4202 [ines
2542 4127 2684 4182 orbis
2716 4134 2867 4180 terra:
2897 4124 3048 4177 verba
3074 4136 3277 4187 eorum,
3299 4118 3550 4175 videlicet

1984 4234 2194 4288 dierum
2242 4243 2306 4282 ac
2339 4225 2606 4288 noctium,
2645 4233 2742 4276 nec
2790 4235 2896 4273 non
2937 4218 3221 4278 caelorum,
3257 4214 3345 4283 qui
3393 4228 3552 4266 enar-

1984 4330 2107 4376 rant
2156 4319 2383 4391 gloriam
2416 4314 2535 4377 Dei,
2568 4319 2623 4367 et
2668 4308 3015 4372 ﬁrmamenti,
3048 4305 3187 4376 quod
3233 4318 3392 4370 opera
3436 4317 3551 4354 ma-

1985 4430 2149 4468 nuum
2178 4410 2291 4479 ejus
2322 4405 2625 4461 annuntiat.
2664 4399 2765 4454 llic
2790 4415 2955 4469 porro
2998 4399 3130 4452 mihi
3166 4395 3278 4448 haec
3304 4398 3552 4447 contem-

1989 4503 2160 4576 planti
2209 4498 2397 4555 mirari
2440 4495 2609 4556 subit,
2661 4507 2769 4560 quo
2802 4498 2965 4560 pacto
3007 4494 3230 4543 sanctus
3256 4484 3553 4555 Apostolus

1957 4595 2162 4650 -illud:
2213 4592 2281 4646 In
2323 4602 2526 4643 onmem
2560 4596 2755 4637 terram
2782 4581 2940 4635 exivit
2985 4596 3143 4634 sonus
3181 4593 3385 4642 eorum,
3418 4588 3467 4632 et
3495 4576 3555 4631 in

1986 4691 2115 4761 ﬁnes
2146 4684 2287 4741 orbis
2320 4692 2473 4736 terra:
2498 4675 2651 4732 verba
2676 4691 2876 4741 eorum,
2921 4673 2987 4727 ad
3029 4671 3349 4741 discipulos,
3385 4685 3554 4726 evan-

1989 4760 2214 4853 gelistas
2250 4784 2302 4832 et
2354 4770 2632 4843 apostolos
2681 4765 2983 4820 Salvatoris
3027 4765 3203 4819 nostri
3239 4764 3293 4818 in
3342 4776 3441 4818 sua
3483 4760 3553 4816 ad

1991 4874 2266 4927 Romanos
2298 4865 2539 4937 Epistula
2582 4858 2780 4915 referat
2800 4858 2866 4911 ⁸⁸.
2939 4856 3077 4911 Dum
3117 4865 3296 4911 autem
3335 4860 3555 4923 aposto-

1990 4966 2154 5020 licum
2220 4962 2424 5016 dictum
2506 4955 2689 5009 animo
2747 4949 3162 5024 perpenderem,
3221 4942 3555 5015 deprehendi

1990 5060 2170 5128 ipsum
2200 5050 2447 5124 apposite
2479 5044 2773 5102 admodum
2797 5054 2852 5098 et
2885 5047 3191 5113 opportune
3236 5034 3553 5128 huiusmodi

1992 5122 2548 5202 a-ccommodationem
2599 5132 2919 5191 advexisse:
2974 5147 3085 5186 non
3140 5129 3284 5185 enim
3330 5134 3390 5181 ut
3430 5122 3553 5177 aliis

1995 5242 2047 5294 in
2084 5238 2222 5292 locis
2254 5234 2414 5290 modo
2442 5233 2521 5288 sic
2561 5228 2776 5291 eﬂ‘atur,
2820 5224 2996 5279 Isaias
3044 5232 3218 5277 autem
3246 5221 3443 5274 clamat
3489 5212 3554 5266 de

1996 5332 2196 5390 Israele
2216 5331 2259 5362 8°
2288 5345 2303 5393 ;
2346 5326 2510 5382 modo
2543 5324 2644 5392 sic,
2687 5330 2745 5376 ut
2780 5318 3025 5389 praedixit
3048 5316 3225 5370 Isaias
3251 5312 3294 5344 9°
3322 5321 3553 5371 παῖδας

1992 5419 2601 5496 vero,Quemadmodum
2630 5416 2884 5484 scriptum
2912 5422 2988 5467 est
3010 5410 3080 5474 ";
3106 5408 3426 5469 iterumque,
3448 5395 3553 5453 Di-

3081 5585 3124 5618 ⁸³
3173 5580 3332 5636 Rom.
3362 5595 3419 5648 ι,
3460 5579 3551 5640 η.
