3980 6214
432 256 526 312 l9!

1094 253 1357 312 EUSEBll
1395 249 1869 309 CASSARIENSIS
1900 249 2050 306 OPP.
2093 249 2272 307 PARS
2310 251 2400 307 ΙΙΙ.
2437 280 2503 294 -
2546 249 2954 306 EXEGETICA.

3548 246 3660 304 199.

425 376 496 432 cit
523 375 660 430 enim
681 374 956 444 Scriptura
1001 376 1069 438 ἐδ
1107 390 1216 429 non
1268 372 1369 436 sic,
1421 371 1662 443 inquam,
1721 369 1876 432 illud,
1924 368 1988 423 In

2095 369 2263 438 Λέγει
2307 369 2415 439 γὰρ
2443 369 2480 437 ἡ
2513 367 2752 436 Γραφψ
2794 365 2892 436 οὐχ
2921 365 3091 428 οὕτως
3136 365 3228 416 καὶ
3271 363 3364 416 ἐπὶ
3392 361 3515 415 τοῦ·
3554 364 3663 428 Εἰς

426 482 630 521 omnem
679 475 872 520 terram
901 467 1063 520 exivit
1092 481 1250 519 sonus
1297 479 1497 525 eorum,
1530 477 1652 516 cum
1682 462 1847 517 simili
1877 460 1973 514 ad-

425 559 723 614 ditamenta
771 559 1012 628 protulit.
1060 555 1193 610 Nam
1249 557 1295 612 si
1345 555 1624 626 quidpiam
1665 553 1979 623 bujusmodi

426 647 797 720 prtemisisset,
830 655 973 702 esset
1003 645 1232 698 fortasse
1263 646 1354 714 qui
1391 650 1605 714 putaret
1647 641 1823 711 ipsum
1855 643 1981 696 huic

427 738 617 809 psalmi
651 738 796 792 dicto
834 739 942 792 vim
989 737 1262 791 intulisse.
1315 736 1384 790 At
1439 735 1526 790 hic
1557 734 1786 804 simplici
1822 734 1982 788 modo

427 831 621 902 psalmi
651 830 917 886 sententia
940 845 1076 884 usus
1099 827 1343 895 videtur;
1375 828 1450 882 ita
1489 834 1546 881 ut
1573 827 1698 897 jure
1733 827 1839 882 dici
1867 843 1985 898 pos-

424 923 498 976 sit
527 923 702 994 ipsum
744 929 1047 992 opportuna
1079 921 1305 990 utilique
1341 921 1576 984 ratione,
1609 928 1770 991 atque
1812 937 1985 992 appo-

427 1015 530 1070 site
563 1013 666 1067 hoc
694 1013 1075 1068 testimonium
1099 1011 1431 1066 adhibuisse.

496 1191 660 1246 Vens.
688 1191 800 1255 6,7.
819 1191 882 1244 In
898 1191 1004 1245 sole
1019 1191 1190 1258 posuit
1209 1189 1601 1244 tabernaculum
1617 1205 1790 1250 suum,
1807 1197 1856 1242 et
1879 1190 1989 1258 ipse

428 1294 680 1353 tanquam
710 1299 929 1352 sponsus
961 1281 1240 1352 procedens
1282 1283 1346 1336 de
1371 1282 1602 1336 thalamo
1646 1298 1758 1338 suo.
1800 1281 1992 1336 Exsul-

429 1374 559 1428 tabit
589 1383 643 1428 ut
685 1377 828 1444 gigas
859 1373 927 1426 ad
959 1373 1271 1428 currendam
1303 1375 1436 1428 viam
1477 1391 1628 1427 suam
1651 1414 1666 1438 ,
1723 1393 1756 1428 a
1785 1391 1990 1431 summa

425 1467 553 1520 caelo
573 1465 795 1536 egressio
821 1465 955 1530 eius,
987 1473 1036 1518 et
1063 1480 1310 1518 occursus
1357 1468 1469 1534 ejus
1517 1481 1678 1534 usque
1725 1466 1794 1519 ad
1845 1485 1994 1522 sum--

430 1573 572 1610 mum
625 1556 760 1618 caeli,
787 1571 877 1609 nec
911 1566 986 1611 est
1023 1557 1112 1626 qui
1145 1573 1200 1611 se
1235 1555 1520 1610 abscondat
1561 1575 1592 1610 a
1638 1557 1810 1612 calore
1855 1559 1989 1628 ejus.

433 1647 636 1702 Practer
663 1662 828 1718 supra
861 1647 1028 1710 dicta,
1063 1648 1145 1703 sol
1173 1664 1388 1718 quoque
1429 1648 1536 1704 Deo
1563 1649 1854 1706 referendae
1880 1653 1996 1722 8'09

2086 457 2293 513 πᾶσαν
2323 457 2439 526 τὴν
2463 456 2579 527 γῆν
2600 457 2858 524 ἐξῆλθεν
2885 459 2917 510 ό
2949 455 3204 524 φθόγγος
3224 451 3442 516 αὐτῶν,
3469 452 3662 522 εἴρηκε

2091 549 2229 621 μετά
2279 549 2592 621 προσθήκης
2621 550 2812 620 ὁμοίας
2848 550 2957 611 τοῖς
3001 544 3420 618 προεκτεθεῖσιν.
3454 543 3515 596 Εἰ
3548 544 3661 614 γάρ

2087 658 2139 694 τι
2171 639 2408 693 τοιοῦτον
2456 643 2740 711 προφήσας
2771 634 2912 704 εἷπε,
2961 637 3077 707 τάχ’
3107 638 3170 690 ἄν
3194 653 3276 699 τις
3320 634 3541 688 ἐλάϐετο
3581 634 3662 698 ὡς

2091 731 2476 802 βεϐιασμένως,
2497 731 2849 803 ἐκδεξαμένου
2881 730 2980 802 τὴν
3012 731 3068 782 ἐν
3108 727 3186 798 τῷ
3233 726 3430 798 ψαλμῷ
3465 726 3657 798 ῥῆσιν⁸

2089 824 2207 878 νυνὶ
2252 823 2308 876 δὲ
2361 823 2502 894 ἁπλῇ
2562 825 2757 895 φράσει
2808 823 3050 893 φαίνεται
3107 819 3550 890 συγχρησὰμενος
3590 819 3662 888 τῇ

2091 913 2198 968 ἀπὸ
2228 914 2320 968 τοῦ
2351 915 2562 986 ψαλμοῦ
2609 914 2938 988 παραθέσειο
2974 913 3053 966 διὸ
3087 912 3227 964 εἴποι
3262 927 3346 973 τις
3375 907 3536 962 αὐτὸν
3563 925 3667 963 κα-

2091 1005 2456 1077 τακεχρῆσθαι
2491 1006 2756 1077 εὐκαίρως
2799 1006 2890 1058 καὶ
2921 1001 3208 1073 ὠφελίμως
3252 1000 3344 1054 καί¹
3376 998 3667 1070 εὐρύθμως

2090 1099 2156 1168 τῇ
2188 1098 2483 1169 μαρτυρίᾳ-

2176 1190 2278 1242 Ἐν
2291 1188 2370 1254 τῷ
2389 1189 2540 1256 ἡλίῳ
2568 1188 2731 1242 ἔθετο
2757 1187 2818 1240 τὸ
2836 1185 3123 1255 σκήνωμα
3144 1183 3351 1250 αὐτοῦ,
3369 1181 3467 1236 καί
3481 1179 3669 1246 αὐτὸς

2093 1282 2174 1348 ὡς
2223 1281 2480 1352 νυμφίος
2532 1282 2995 1349 ἐκπορευόμενος
3037 1280 3106 1333 ἐκ
3165 1277 3399 1332 παστοῦ
3454 1275 3664 1331 αὐτοῦ.

2109 1372 2557 1443 Ἀγαλλιὰσεται
2587 1373 2668 1438 ὡς
2694 1372 2862 1442 γίγας
2889 1371 3130 1440 δραμεῖν
3158 1369 3300 1424 ὁδὸν
3327 1368 3530 1424 αὑτοῦ·
3560 1367 3666 1423 ἀπ’

2097 1463 2282 1532 ἄκρου
2309 1463 2414 1517 τοῦ
2433 1461 2690 1530 οὐρανοῦ
2718 1464 2756 1530 ἡ
2784 1461 2992 1528 ἔξοδος
3015 1460 3221 1524 αὐτοῦ,
3242 1460 3337 1513 καί
3369 1459 3434 1513 τὸ
3456 1457 3670 1512 κατάν-

2098 1573 2252 1626 τημα
2297 1554 2481 1610 αὑτοῦ
2541 1554 2650 1620 ἕως
2691 1553 2876 1622 ἄκρου
2915 1552 3018 1606 τοῦ
3063 1551 3353 1620 οὐρανοῦ·
3409 1550 3506 1604 καί
3553 1551 3670 1604 οὐκ

2099 1650 2267 1702 ἐστιν
2293 1647 2360 1714 ὃς
2387 1645 2865 1714 ἀποκρυϐήσετιιι
2893 1644 3006 1713 τὴν
3031 1643 3252 1714 θέρμην
3279 1642 3483 1697 αὐτοῦ.
3519 1641 3670 1714 Πρὸς

429 1739 525 1793 ria:
556 1739 812 1808 magister
841 1739 1118 1794 inducitur
1143 1757 1158 1806 ;
1193 1747 1379 1809 utpote
1417 1742 1509 1810 qui
1539 1739 1752 1796 Domini
1785 1757 1850 1796 ac
1879 1756 1990 1796 ma-

2098 1743 2210 1804 τοῖς
2251 1738 2553 1810 εἰρημένοις
2591 1739 2690 1808 τῆς
2720 1735 2812 1790 τοῦ
2849 1735 2982 1790 Θεοῦ
3021 1735 3320 1804 δοξολογίας
3351 1733 3671 1798 διδάσκαλος

425 1831 515 1900 gni
575 1831 720 1900 regis
778 1830 1089 1885 inviolatam
1150 1831 1404 1887 observet
1463 1832 1654 1902 legem.
1710 1831 1997 1903 Nunquam

429 1920 576 1974 enim
603 1921 767 1974 alium
806 1931 1000 1989 praeter
1049 1929 1310 1978 statutum
1355 1923 1456 1978 sibi
1488 1939 1708 1979 cursum
1735 1924 1871 1980 inire
1899 1940 1998 1978 au-

427 2007 553 2071 det,
595 2025 872 2078 nunquam
939 2009 1191 2066 deliuitos
1243 2012 1296 2066 in
1347 2013 1555 2069 caelesti
1613 2014 1999 2070 constitutione

427 2099 692 2154 terminos
730 2100 1156 2171 transgreditur.
1190 2100 1294 2156 Sed
1319 2118 1478 2158 mane
1503 2104 1660 2173 quasi
1693 2120 1762 2158 ex
1788 2113 1998 2160 remoto

428 2189 817 2260 inaccessoque
840 2191 1104 2258 thalamo,
1141 2193 1424 2264 speciosus
1449 2203 1705 2264 tanquam
1737 2211 1994 2266 sponsus,

427 2294 493 2335 ac
522 2279 664 2335 lucis
713 2279 846 2336 ﬂore
877 2281 1166 2339 decoratus
1217 2285 1538 2356 egreditur:
1587 2299 1652 2338 ac
1707 2292 1996 2356 postquam

427 2370 762 2426 horizontem
791 2372 1108 2428 orientalem
1138 2375 1498 2438 transcendit,
1531 2383 1705 2428 totum
1734 2376 1995 2431 mundum

427 2467 700 2530 permeat,
755 2476 1030 2532 nunquam
1065 2461 1335 2524 defessus,
1374 2465 1653 2534 proprium
1685 2471 1997 2536 statumque

428 2548 530 2608 sibi
559 2551 891 2605 curriculum
922 2550 1159 2606 coniicit.
1202 2553 1410 2608 Circuit
1455 2569 1618 2624 porro
1650 2555 1809 2626 quasi
1840 2555 1994 2626 gigas

427 2640 620 2696 robore
654 2641 977 2711 prmvalidus
1018 2653 1182 2712 atque
1219 2645 1474 2710 invictus,
1503 2662 1665 2704 orsus
1703 2662 1735 2701 a
1779 2662 1995 2702 summo

423 2736 616 2785 centro
649 2729 947 2786 horizontis
971 2732 1276 2798 orientalis,
1305 2750 1404 2788 ceu
1431 2751 1462 2788 a
1511 2738 1801 2809 repagulo,
1833 2743 1996 2807 atque

427 2834 536 2874 uno
567 2818 675 2875 diei
704 2821 990 2890 noctisque
1029 2821 1205 2889 spatio
1251 2830 1425 2876 totum
1469 2825 1737 2894 percurrit
1765 2824 1951 2879 orbem
1975 2865 1992 2888 ,

426 2917 486 2964 ut
517 2925 676 2964 nemo
697 2910 895 2965 caloris
926 2911 1047 2982 ejus
1072 2927 1266 2981 expers
1285 2910 1467 2967 luerit.
1501 2911 1634 2968 [llud
1667 2921 1848 2970 autem
1880 2929 1996 2984 per-

425 2999 568 3072 agit,
613 3009 672 3054 ut
697 3001 851 3055 uutui
879 3001 1089 3070 opiﬁcis
1112 3003 1328 3074 sui,qui
1359 3003 1535 3073 ipsum
1567 3005 1620 3059 in
1653 3005 1993 3061 ﬁrmamento

425 3092 725 3156 constituit,
769 3092 1117 3164 obsequatur.
1180 3092 1303 3149 Ideo
1349 3096 1552 3152 dictum
1605 3108 1727 3152 est:
1780 3097 1847 3152 In
1883 3097 1993 3152 sole

422 3183 596 3253 posuit
627 3183 1022 3239 tabernaculum
1053 3203 1226 3240 suum.
1281 3185 1438 3252 Quod
1484 3190 1698 3244 tametsi
1759 3189 1994 3246 dilucide

421 3272 718 3346 prolatum,
752 3276 992 3346 apertius
1037 3283 1217 3332 tamen
1259 3293 1290 3330 a
1343 3279 1566 3349 reliquis
1601 3279 1993 3351 interpretibus

423 3365 753 3436 explicatum
785 3375 868 3424 est
903 3387 916 3423 :
947 3383 1074 3423 nam
1107 3369 1298 3440 Aquila
1331 3371 1412 3425 sic
1443 3371 1639 3437 habet,
1677 3371 1792 3428 Soli
1817 3376 1993 3443 posuit

425 3457 820 3514 tabernaculum
846 3461 901 3516 in
927 3463 1090 3532 ipsis;
1123 3462 1480 3534 Symmachus
1509 3479 1659 3530 vero,
1699 3465 1814 3520 Soli
1851 3467 1995 3520 ordi-

425 3552 568 3606 navit
612 3554 1008 3608 tabernaculum
1036 3556 1090 3608 in
1127 3555 1282 3623 ipsis;
1312 3553 1634 3620 Theodotio,
1665 3555 1780 3612 Soli
1817 3559 1993 3628 posuit

425 3645 822 3699 tabernaculum
864 3647 917 3700 in
972 3647 1134 3714 ipsis;
1192 3651 1308 3718 pari
1361 3664 1575 3718 quoque
1609 3649 1768 3704 modo
1799 3650 1992 3720 quinta

425 3735 590 3790 editio
615 3737 888 3806 exposuit.
921 3736 1054 3790 Nam
1093 3737 1148 3790 in
1171 3754 1334 3807 supra
1372 3742 1686 3796 memoratis
1715 3743 1870 3798 cmlis
1890 3781 1906 3806 ,
1937 3754 1992 3798 et

425 3827 480 3882 in
511 3826 850 3882 ﬁrmamento
874 3868 889 3893 ,
931 3828 1338 3882 tabernaculum
1375 3837 1430 3884 et
1461 3829 1796 3886 domicilium
1849 3832 1992 3890 Deus

430 3917 533 3970 soli
577 3917 852 3987 reposuit,
896 3918 1193 3974 secundum
1242 3919 1375 3974 illud
1429 3935 1460 3973 a
1515 3919 1700 3992 Moyse
1735 3923 1988 3978 dictum:

428 4004 674 4078 Fecitque
697 4007 834 4062 Deus
859 4007 963 4062 duo
997 4007 1284 4062 luminaria
1313 4026 1505 4080 magna
1535 4025 1554 4063 :
1588 4010 1848 4068 luminare
1879 4032 1994 4070 ma-

425 4098 531 4163 ius,
554 4107 612 4151 ut
642 4109 882 4168 prazesset
912 4099 1047 4163 diei;
1095 4109 1144 4154 et
1173 4101 1430 4153 luminare
1470 4101 1668 4167 minus,
1703 4111 1761 4156 ut
1799 4119 1991 4173 prices-

424 4197 502 4244 set
532 4191 708 4254 nocti,
765 4199 814 4244 et
851 4174 1054 4246 stellas.
1086 4190 1153 4244 Et
1206 4191 1380 4260 posuit
1425 4207 1514 4245 eas
1560 4191 1614 4245 in
1661 4193 1992 4262 ﬁrmamento

423 4279 561 4343 eali,
599 4288 654 4332 ut
683 4279 910 4334 lacerent
945 4295 1097 4350 super
1122 4279 1403 4348 terrain".
1433 4278 1528 4334 llis
1547 4290 1724 4336 autem
1753 4284 1992 4341 declarat

2099 1829 2429 1899 καθέστηκεν
2457 1829 2484 1881 ὁ
2521 1826 2688 1898 ἥλιος,
2713 1821 2800 1878 οἷα
2830 1825 3084 1878 δεσπότου
3117 1825 3211 1878 καὶ
3247 1824 3476 1896 μεγάλου
3513 1824 3674 1894 βασι-

2095 1921 2232 1984 λέως
2258 1921 2418 1991 νόμον
2447 1919 2794 1992 ἀπαράϐατον
2831 1917 3033 1990 τηρῶν.
3077 1917 3170 1972 Ού·
3194 1917 3302 1990 γάρ
3343 1933 3471 1970 ποτε
3501 1916 3677 1987 ἀλλην

2095 2010 2391 2083 τρέπεσθαι
2424 2009 2576 2081 παρά
2603 2009 2701 2081 τὴν
2731 2007 3034 2081 ὁρισθεῖσαν
3063 2006 3210 2078 αὐτῷ
3244 2009 3463 2078 πορείαν
3495 2006 3676 2079 τολμᾷ.

2095 2103 2202 2156 οὐδ’
2229 2102 2542 2172 ὑπερϐαίνει
2573 2101 2698 2164 τοὺς
2743 2101 2900 2172 ὅρους
2941 2099 3042 2170 τῆς
3073 2099 3193 2152 κατ’
3225 2097 3449 2172 οὐρανὸν
3484 2097 3673 2150 διατά-

2097 2193 2229 2260 ξεως
2249 2211 2264 2224 ’
2289 2193 2402 2248 ἀλλ’
2423 2192 2774 2264 ἐκπορεύεται
2801 2191 2899 2262 μὲν
2925 2191 3160 2263 ὄρθριος,
3185 2190 3370 2262 ὥσπερ
3391 2189 3452 2254 ἐξ
3474 2188 3674 2242 ἀδύτου

2095 2285 2189 2338 καὶ
2233 2283 2430 2339 ἀϐάτου
2483 2282 2766 2352 νυμφῶνος
2819 2280 3041 2354 προῖὼν,
3093 2281 3427 2354 ὡραϊσμένος
3475 2279 3536 2333 δὲ
3579 2277 3672 2332 οἷα

2094 2375 2324 2446 νυμφίος
2351 2374 2546 2446 καὶτῷ
2567 2374 2660 2428 τοῦ
2692 2375 2866 2444 φωτὸς
2897 2373 3258 2445 ὴγλαῖσμένος
3296 2371 3445 2426 ἄνθει
3469 2387 3482 2400 ·
3513 2373 3671 2425 ἐπει-

2093 2466 2190 2520 δὰν
2225 2467 2318 2520 τὸν
2365 2465 2613 2536 ὁρίζοντα
2653 2467 2744 2520 τὸν
2781 2466 3092 2520 ἀνατολικὸν
3131 2465 3362 2537 ὑπερϐῇ,
3403 2463 3492 2518 τὸν
3533 2463 3674 2534 σύμ-

2095 2575 2272 2611 παντα
2301 2557 2574 2611 διιππεύει
2607 2557 2829 2628 κόσμον,
2859 2557 3200 2620 ἀκοπιάστως
3231 2555 3322 2609 τὸν
3349 2556 3545 2608 οἰκεῖον
3581 2555 3673 2620 εξ-

2094 2650 2270 2704 ανύων
2296 2649 2514 2722 δρόμον.
2543 2649 2748 2703 Κυκλοῖ
2774 2649 2830 2704 δὲ
2868 2649 3082 2702 κυκλῶν
3107 2644 3195 2701 οἷά
3219 2665 3304 2711 τις
3331 2647 3488 2716 γίγας
3511 2647 3671 2717 laxu-

2096 2741 2186 2814 ρος
2211 2741 2500 2814 τὴνάλκὴν
2525 2741 2619 2795 καὶ
2650 2742 2878 2813 ἄμαχος,
2905 2741 3092 2813 ὥσπερ
3112 2743 3175 2794 ὲκ
3199 2739 3398 2811 νύσσης
3426 2736 3666 2810 ἀρξάμετ

2092 2851 2182 2898 νος
2209 2835 2303 2887 ἀπ’
2335 2835 2504 2904 ἄκρου
2539 2833 2758 2904 κέντρου
2791 2832 2884 2886 τοῦ
2921 2833 3056 2887 κατά
3083 2831 3343 2896 ἀνατολὰς
3370 2829 3668 2902 ὁρίζοντος,

2090 2925 2384 2996 διατρέχων
2415 2925 2740 2998 νυχθημέρῳ
2766 2926 2845 2980 ἑνὶ
2887 2925 2978 2978 τὸν
3014 2924 3300 2996 σύμπαντα
3334 2922 3555 2992 κόσμον,
3588 2921 3669 2986 ὡς
3709 2933 3733 2962 ο*

2019 3060 2060 3117 C
2095 3018 2298 3090 μηδένα
2331 3019 2724 3090 ἀνεπαίσθητον
2763 3015 2898 3072 εἶναι
2941 3018 3164 3090 θέρμης.
3213 3017 3398 3117 Ταῦτα
3427 3016 3486 3069 δὲ
3519 3018 3672 3088 ἐνερ-

2093 3113 2181 3179 γεῖ
2211 3109 2470 3164 δουλεύων
2497 3109 2576 3181 τῷ
2596 3111 2688 3164 τοῦ
2713 3111 3069 3182 πεποιηκότος
3098 3108 3256 3163 αὑτὸν
3288 3108 3538 3180 νεύματι,
3575 3109 3674 3162 καὶ

2091 3203 2394 3266 τεθεικότος
2424 3204 2482 3255 ἐν
2513 3201 2590 3273 τῷ
2620 3201 2976 3274 στερεώματι.
3021 3202 3110 3255 Διὸ
3154 3199 3398 3274 εἴρηταιο
3447 3201 3550 3256 Ἐν
3589 3199 3676 3266 τῷ

2092 3294 2244 3363 ἡλίῳ
2278 3295 2444 3349 ἔθετο
2477 3294 2540 3348 τὸ
2571 3293 2860 3365 σκήνωμα
2894 3293 3098 3348 αὐτοῦ.
3132 3293 3308 3366 Ὅπερ
3355 3294 3541 3362 σαφῶς
3595 3295 3671 3346 εί-

2097 3385 2358 3456 ρημένον,
2398 3385 2714 3458 λευκότερον
2753 3388 3100 3459 ἡρμήνευσαν
3143 3387 3192 3439 οἱ
3239 3386 3445 3440 λοιποίο
3491 3387 3520 3438 ὁ
3570 3386 3673 3457 μὲν

2105 3475 2334 3541 Ἀκύλας
2383 3477 2578 3531 εἰπών’
2623 3477 2706 3544 Τῷ
2759 3479 2909 3547 ἡλίῳ
2948 3478 3112 3533 ἔθετο
3146 3477 3432 3547 σκήνωμα
3459 3478 3671 3532 ἐναῦ-

2093 3567 2216 3633 τοῖς
2240 3569 2347 3638 (1)’
2384 3571 2413 3621 ὁ
2457 3568 2514 3620 δὲ
2555 3569 2878 3640 Σύμμαχος·
2921 3568 3003 3634 Τῷ
3040 3569 3193 3637 ἡλίῳ
3232 3567 3405 3632 ἔταξε
3429 3567 3670 3636 σκηνὴν

2093 3659 2162 3712 ἐν
2202 3658 2436 3724 αὐτοῖς’
2471 3661 2501 3712 ὁ
2545 3659 2603 3712 δὲ
2635 3660 2944 3726 Θεοδοτίων,
2996 3661 3080 3726 Τῷ
3121 3662 3272 3728 ἡλίῳ
3320 3661 3486 3714 ἔθετο
3519 3658 3670 3726 σκή-

2091 3765 2256 3818 νωμα
2297 3749 2368 3803 ἐν
2411 3751 2646 3818 αὐτοῖς’
2680 3752 2878 3822 ὁμοίιος
2911 3753 2965 3806 δὲ
3011 3753 3104 3806 καὶ
3137 3754 3168 3824 ἡ
3206 3752 3425 3824 πέμπτη
3461 3751 3671 3817 ἔκδοσις

2093 3838 2368 3905 ἐξέδωκεν.
2413 3840 2500 3893 Ἐν
2530 3841 2636 3916 γὰρ
2669 3832 2783 3906 τοῖς
2816 3843 3184 3914 προλεχθεῖσιν
3215 3845 3462 3916 οὐρανοῖς
3491 3843 3585 3898 καὶ
3612 3845 3672 3896 ἐν

2090 3929 2168 4000 τῷ
2217 3931 2524 3986 ἀποδοθέντι
2571 3933 2908 4005 στερεώματι
2955 3935 3016 3988 τὸ
3056 3933 3150 3988 τοῦ
3203 3935 3357 4006 ἡλίου
3409 3937 3670 4006 σκήνωμα

2093 4021 2186 4075 καὶ
2216 4022 2276 4075 τὸ
2307 4024 2616 4096 οἰκητήριον
2661 4025 2892 4080 τέθειται
2917 4029 2946 4080 ὁ
2973 4027 3122 4092 Θεὸς,
3162 4027 3302 4081 κατά
3326 4027 3387 4079 τὸ
3411 4025 3670 4096 λελεγμέ-

2091 4128 2180 4165 νον
2209 4114 2359 4186 παρά
2391 4116 2642 4170 Μωῦσεῖ·
2677 4118 2785 4172 Kal
2828 4118 3116 4186 ἐποίησεν
3143 4121 3176 4172 ό
3211 4117 3350 4184 Θεὸς
3384 4117 3526 4182 τοὺς
3557 4117 3668 4170 δύο

2091 4203 2407 4274 φωστῆρας
2434 4207 2573 4274 τοὺς
2597 4207 2931 4278 μεγάλουςο
2969 4209 3074 4262 τὸν
3102 4209 3387 4279 φωστῆρα
3431 4208 3539 4261 τὸν
3562 4205 3668 4277 μέ·

2093 4311 2206 4364 γαν
2232 4299 2319 4364 είς
2349 4298 2535 4368 ἀρχὰς
2569 4299 2678 4368 τῆς
2709 4300 2949 4370 ἡμέρας,
2980 4301 3076 4355 καί
3111 4301 3216 4355 τὸν
3246 4298 3529 4370 φωστῆρα
3561 4298 3670 4354 τὸν

427 4368 529 4431 sol,
565 4375 618 4422 et
645 4375 856 4423 tantum
884 4385 994 4423 non
1026 4369 1258 4433 clamat,
1310 4385 1369 4424 se
1401 4385 1740 4442 nequaquam
1782 4377 1868 4432 sui
1892 4378 1990 4434 do-

2094 4385 2332 4442 ὲλάσσω
2367 4392 2454 4458 εἰς
2491 4392 2681 4462 ἀρχὰς
2721 4368 2828 4460 τῆς
2871 4393 3106 4458 νυκτὸς,
3153 4368 3260 4445 καί
3300 4391 3442 4458 τοὺς
3487 4391 3668 4445 ἀστέ-

427 4457 630 4512 ιιιίῐιυηι
659 4475 722 4514 ac
755 4461 983 4516 liberum
1014 4477 1164 4529 csse;
1205 4460 1300 4518 sed
1335 4470 1389 4518 ct
1416 4463 1500 4518 sui
1527 4471 1580 4520 et
1614 4468 1855 4524 omnium
1882 4469 1987 4527 Do-

426 4546 555 4600 mini
591 4549 834 4604 notitiam
865 4551 1124 4620 prazbere.

2084 4496 2217 4547 ρας.
2252 4481 2365 4535 Καὶ
2387 4484 2550 4539 ἔθετο
2577 4485 2797 4560 αὐτοὺς
2834 4485 2903 4538 ἐν
2937 4484 3013 4550 τῷ
3048 4484 3399 4553 στείιεώματι
3430 4483 3536 4536 τοῦ
3565 4485 3667 4537 οὺ·-

2079 4575 2291 4642 ρανοῦ,
2316 4575 2468 4632 ὥστε
2497 4579 2733 4648 φαίνειν
2759 4578 2857 4631 ἐπὶ
2882 4576 2991 4645 τῆς
3022 4575 3130 4646 γῆς
3149 4594 3164 4606 ·
3200 4577 3299 4631 Διά
3332 4575 3532 4630 τούτων
3564 4575 3668 4630 δει-

605 4645 634 4697 ὁ
678 4644 826 4746 ηλιος
875 4647 968 4746 καὶ
1021 4647 1299 4746 μονονουχὶ
1340 4649 1510 4720 βοῶν·
1569 4652 1644 4726 μὴ
1685 4655 1846 4723 αὐτὸς
1893 4655 2030 4720 εἶναι
2067 4669 2262 4725 ἑαυτοῦ
2305 4642 2514 4744 κύριος,
2549 4674 2672 4746 μηδ’
2711 4642 2990 4744 ἐλεύθερος
3024 4642 3330 4744 τυγχάνειν,
3381 4669 3667 4744 γνωρίζειν

421 4736 480 4791 δὲ
506 4736 600 4790 τὸν
623 4737 716 4791 καὶ
746 4739 936 4792 ἑαυτοῦ
965 4740 1058 4792 καὶ
1087 4740 1300 4794 πάντων
1334 4745 1628 4816 Δεσπότην.

496 4829 663 4888 Vnus.
723 4832 872 4887 8—12.
948 4831 1057 4888 Lex
1130 4834 1341 4890 Domini
1419 4839 1806 4911 immaculata,
1865 4867 1992 4906 εοη-

427 4931 624 4978 vertens
689 4925 929 4990 animas;
1018 4927 1370 4982 testimonium
1431 4929 1644 4985 Domini
1677 4935 1850 5003 ﬁdele,
1907 4959 1989 4996 sa-

427 5015 674 5085 pientiam
711 5024 969 5082 prmstans
1017 5019 1270 5086 parvulis.
1312 5017 1726 5090 Justi/icationes
1776 5027 1986 5085 Domini

429 5117 600 5175 rectm,
636 5108 960 5180 lwtiﬁcantes
998 5109 1190 5174 corda;
1245 5123 1556 5182 prazceptum
1589 5115 1802 5174 Domini
1853 5122 1988 5177 luci-

426 5203 568 5266 dum,
591 5202 895 5258 illuminans
931 5203 1130 5258 oculos.
1167 5203 1347 5259 Timor
1378 5207 1588 5263 Domini
1633 5223 1836 5279 castus,
1865 5232 1985 5287 per-

427 5311 640 5350 manens
689 5295 744 5350 iu
793 5295 1043 5350 saxulum
1086 5295 1300 5350 swculi:
1323 5296 1532 5366 judicia
1581 5301 1794 5360 Domini
1837 5325 1978 5378 vera,

493 5477 540 5510 "
561 5475 714 5534 Rom.
762 5493 816 5546 x,
865 5475 950 5532 ll.
1022 5474 1218 5532 "Gen.
1277 5448 1438 5544 1,16,
1481 5478 1566 5534 l7.

2179 4857 2240 4910 '0
2260 4859 2442 4928 νοξιιος
2468 4859 2688 4927 Kvpt'ov
2711 4859 2946 4928 ἄμωμος
2965 4857 3337 4927 ἐπιστρέφων
3357 4859 3559 4928 ψυχάς
3576 4876 3590 4889 ·
3622 4861 3662 4928 ἠ

2088 4951 2380 5017 μιιρτιιρίιι
2411 4951 2628 5017 K-uplov
2654 4948 3204 5018 πιστὴσοερίζουσα
3234 4949 3438 5016 νήπια.
3476 4950 3548 5003 Τὰ
3578 4949 3664 5004 δι-

2091 5037 2386 5106 καιώματα
2415 5039 2634 5107 Κιψίου
2677 5038 2851 5096 εὐθέα
2888 5041 3279 5110 εὐφραίνοντα
3313 5039 3587 5107 καρδίαν·
3622 5041 3661 5110 ἡ

2088 5127 2304 5196 ἐντολὴ
2339 5130 2558 5198 Kvplov
2596 5131 2902 5202 τηλαυγὴς
2935 5132 3262 5202 φωτίζουσα
3296 5133 3658 5201 ὀρθαλμοὺς.

2103 5217 2156 5270 '0
2187 5220 2369 5288 φόϐος
2400 5221 2618 5289 Κυρίου
2653 5222 2834 5292 ἁγνὸς
2867 5223 3158 5293 διαμένων
3187 5226 3274 5288 εἰς
3304 5221 3487 5276 αἰῶνα
3525 5221 3662 5276 alii»

2085 5327 2222 5377 νος’
2267 5310 2341 5366 τὰ
2389 5313 2640 5384 κρίματα
2681 5316 2898 5384 Κιιρίου
2943 5316 3198 5385 ἀληθινὰ
3241 5312 3662 5386 ὃεδικαιωμέςα

495 5657 570 5730 (Ι)
609 5661 668 5715 lu
687 5658 1184 5734 llcbraicolcgitur,
1224 5671 1344 5723 an:
1381 5643 1626 5723 ’ἹιἾκ-ῠϊυ
1663 5645 1874 5733 W5,
1905 5665 2005 5720 soli
2040 5665 2212 5736 posuit
2244 5663 2644 5724 tabernaculum
2677 5670 2726 5726 in
2763 5671 2908 5740 ipsis.
