3992 6216
319 278 352 329 ’1
366 276 439 333 95

1469 281 1974 340 COMMENTARIA
2002 281 2072 338 IN
2109 279 2450 337 PSALMOS.

3475 283 3580 343 ΕΜ

321 401 424 454 ἐπὶ
466 400 529 454 τὸ
558 402 708 455 αὐτό
725 418 737 431 ’
767 400 1097 471 ἐπιθυμητὰ
1125 400 1276 472 ὑπὲρ
1303 406 1561 473 χρυσίον
1599 404 1695 458 καί
1735 405 1895 459 λίθον

2000 402 2304 474 justiﬁcata
2336 403 2391 456 in
2417 401 2697 471 semetipsa
2723 441 2739 467 ,
2784 401 3161 458 desiderabilia
3205 420 3357 474 super
3389 420 3576 461 animi

322 493 519 560 τίμιον
550 492 768 557 πολὺν,
805 493 904 547 καὶ
942 499 1273 563 γλυκύτερα
1303 496 1454 565 ὑπὲρ
1487 497 1625 565 μέλι
1665 497 1765 553 καί
1801 514 1903 565 κη-

317 584 476 651 ρίον.
516 583 622 637 Kal
666 583 773 654 γὰρ
811 588 843 639 ὁ
870 585 1087 653 δοῦλός
1121 601 1236 641 σου
1276 586 1578 656 φυλάσσει
1619 589 1789 652 αὐτὰ,
1836 590 1905 642 ὲν

324 675 408 741 τῷ
450 676 793 745 φυλάσσειν
828 677 977 732 αὐτὰ
1014 679 1415 748 ἀνταπόδοσις
1456 684 1676 749 πολλή.
1719 681 1903 736 Ταῦτα

324 763 385 816 δὲ
423 766 600 819 πάντα
643 766 986 839 περιεῦιηφεν
1029 768 1058 820 ὁ
1100 768 1195 822 τοῦ
1229 769 1364 823 (πὶεοῦ
1406 771 1568 843 νόμος
1612 773 1750 845 ὑπὲρ
1783 775 1904 827 ἐπι-

328 861 568 931 στροφῆς
610 862 708 931 si};
749 859 945 931 ψυχῆς.
994 862 1315 935 Μαρτυρίας
1353 864 1461 936 γὰρ
1496 864 1710 936 πρῶτον
1758 883 1905 937 περιο

329 951 441 1021 ἔχει
488 952 579 1007 καὶ
621 953 959 1025 δικαιώματα
1008 956 1101 1009 καὶ
1136 958 1376 1021 ἐντολάς.
1413 959 1644 1012 Ἔπειτα
1690 959 1900 1024 τούτοις

329 1043 529 1096 ἅπασιν
557 1044 883 1114 ὲπήρτησεν,
915 1044 1105 1101 ὥσπερ
1132 1046 1431 1119 βακτηρίαν
1458 1048 1899 1120 ὲπιστρεπτικὴν,

326 1136 416 1187 τὸν
446 1135 626 1205 φόϐον,
668 1139 762 1190 καὶ
807 1138 900 1190 ἐπὶ
925 1141 1087 1192 πᾶσιν
1124 1140 1309 1212 ὥσπερ
1359 1142 1627 1213 κορωνίδα
1668 1141 1733 1195 τὰ
1781 1144 1903 1214 κρί-

330 1245 469 1298 ματα
497 1228 730 1302 ἐπέθηκε
763 1230 854 1284 τοῦ
896 1231 1049 1285 Θεοῦ.
1085 1233 1331 1305 Ἐκάστῳ
1373 1234 1431 1287 δὲ
1463 1234 1571 1288 τῶν
1595 1236 1900 1307 εἰρημένων

329 1319 522 1390 ἰδίωμα
564 1322 765 1393 συνῆψε
786 1340 801 1353 θ
827 1322 906 1395 τῷ
934 1325 1032 1395 μὲν
1061 1324 1202 1379 κατὰ
1243 1325 1419 1379 πάντα
1455 1326 1653 1398 γενικῷ
1690 1327 1902 1398 ὠνομα-

326 1411 504 1483 σμένῳ
541 1413 691 1485 νόμῳ
738 1415 837 1488 τὴν
876 1416 979 1487 τῆς
1010 1414 1188 1488 ψυχῆς
1228 1417 1561 1489 ἐπιστροφήν
1585 1435 1599 1449 ’
1659 1419 1805 1482 ὅπως
1842 1418 1900 1472 δὲ

320 1507 640 1577 ἐπιστρέφει
680 1508 846 1580 ψυχὴ,
888 1508 978 1564 διὰ
1019 1509 1128 1563 τῶν
1166 1509 1295 1579 ἑξῆς
1338 1511 1653 1584 παρίστησι,
1697 1530 1901 1585 μαρτυ-

323 1597 445 1669 ρίαν
470 1600 673 1670 πιστὴν
706 1600 874 1655 εἰπὼν
903 1601 970 1655 δι’
992 1596 1060 1675 ἦς
1090 1604 1361 1675 σοφίζεται
1407 1607 1435 1658 ὁ
1469 1606 1526 1659 ὲν
1558 1606 1776 1680 Χριστῷ
1807 1608 1901 1680 νή-

1967 569 1975 577 .
2003 508 2053 552 et
2081 496 2306 565 lapidem
2335 497 2621 565 pretiosum
2651 495 2897 561 multum,
2928 506 2978 551 et
3019 496 3262 552 dulciora
3293 515 3449 569 super
3480 502 3583 554 mel

2003 602 2050 646 et
2084 592 2280 661 favum.
2314 589 2523 644 Etenim
2551 606 2728 644 servus
2767 598 2886 644 tuus
2919 591 3145 645 custodit
3179 608 3242 645 ea
3266 591 3366 656 ,.in
3397 599 3577 648 custo-

2003 682 2207 737 diendis
2264 681 2374 735 illis
2425 682 2703 735 retributio
2755 681 2944 736 multa.
2988 680 3114 737 ﬂare
3161 691 3343 737 autem
3393 681 3576 739 omnia

2003 773 2381 843 complectitur
2406 773 2493 827 lex
2534 771 2629 828 Dei
2672 787 2772 843 pro
2802 773 3169 829 conversione
3198 774 3396 828 anima:
3426 773 3574 829 data.

2003 863 2138 918 Nam
2175 863 2351 935 primo
2374 862 2708 927 testimonia,
2758 862 3181 933 justilicationes
3217 871 3272 920 et
3311 872 3577 936 praecepta

2002 953 2269 1009 continet.
2323 950 2420 1007 His
2464 941 2660 1007 deinde
2718 952 2973 1009 omnibus
3004 954 3249 1009 timorem
3281 954 3539 1027 appendit
3561 994 3576 1019 ,

2002 1046 2159 1117 quasi
2181 1045 2433 1101 baculum
2471 1045 2538 1100 ad
2562 1044 2986 1101 convertendum
3016 1054 3417 1117 opportunum:
3455 1062 3578 1102 om-

2002 1138 2272 1208 nibusque
2297 1136 2505 1208 judicia
2537 1137 2633 1192 Dei
2671 1152 2769 1192 ceu
2802 1138 3117 1193 coronidem
3149 1138 3420 1207 adjunxit.
3452 1136 3580 1194 Sin-

2000 1231 2143 1303 gulis
2169 1238 2349 1287 autem
2371 1230 2813 1302 supradictorum
2848 1246 3005 1287 suam
3042 1231 3252 1286 addidit
3281 1230 3579 1301 proprieta-

2002 1332 2130 1389 tem,
2163 1323 2215 1378 id
2256 1331 2361 1389 est,
2388 1324 2491 1395 legi
2521 1340 2642 1396 quae
2674 1324 2763 1379 hic
2804 1308 3101 1397 generatim
3146 1324 3401 1389 ell'ertur,
3453 1340 3581 1380 con-

1998 1418 2304 1474 versionem
2354 1419 2568 1473 animaa.
2617 1418 2739 1487 Quo
2790 1428 2948 1489 pacto
2999 1426 3178 1474 autem
3229 1425 3582 1474 convertatur

2001 1510 2203 1579 anima,
2242 1509 2297 1564 in
2324 1511 2681 1581 sequentibus
2712 1511 2916 1582 aperit,
2952 1509 3172 1582 quando
3202 1494 3576 1565 testimonium

2002 1602 2158 1659 fidele
2188 1612 2473 1673 memorat,
2505 1620 2615 1676 quo
2643 1604 2824 1675 quivis
2873 1602 3055 1660 infans
3100 1603 3153 1657 in
3198 1601 3449 1666 Christo,
3485 1617 3578 1658 sa-

321 1708 477 1755 πιοςσ
512 1692 701 1747 ἔπειτα
733 1692 1073 1767 δικαιώματα
1103 1698 1327 1769 Κυρίου,
1354 1699 1669 1754 καὶτούτων
1705 1700 1895 1773 ἰδίωμα

1996 1697 2156 1767 piens
2185 1697 2441 1755 efllcitur.
2476 1696 2683 1753 Deinde
2711 1712 2841 1753 vero
2883 1696 3308 1767 justilicationes
3338 1695 3575 1758 Domini,

322 1782 579 1853 προσθεὶς
608 1784 670 1838 τὸ
703 1782 842 1839 εἶναι
880 1762 1017 1841 uina
1049 1762 1231 1855 εὐθέα,
1262 1792 1469 1863 καρπόν
1502 1809 1559 1845 τε
1587 1794 1699 1856 τοῖς
1732 1762 1895 1864 μετα-

1999 1762 2199 1864 quibus
2232 1793 2358 1848 item
2393 1807 2547 1848 suam
2603 1762 2991 1863 proprietatem
3034 1789 3261 1860 adjicit,
3319 1788 3579 1844 nimirum

322 1875 687 1947 λαμϐάνουσι.
717 1879 1020 1952 παρέχοντα
1072 1884 1171 1957 τὴν
1222 1884 1574 1956 εὐφροσύνην.
1639 1887 1749 1940 Καὶ
1803 1888 1898 1943 ἐπὶ

321 1967 531 2034 τούτοις
558 1969 773 2042 ἐντολὴν
799 1973 1023 2044 Κυρίου,
1050 1969 1117 2047 ἦς
1147 1977 1239 2029 καὶ
1262 1977 1431 2047 αὐτῆς
1458 1978 1517 2031 τὺ
1548 1978 1743 2049 ἰδίωμα
1766 1996 1900 2051 παρ-

323 2059 569 2131 έστησεν,
606 2061 851 2134 τηλαυγῆ
897 2065 1073 2137 φήσας
1113 2065 1279 2138 αὐτὴν
1315 2068 1407 2120 καὶ
1456 2067 1563 2121 τῶν
1608 2068 1897 2140 ὀφθαλμῶν

321 2153 420 2223 τῆς
447 2152 626 2225 ψυχῆς
657 2157 1008 2228 φωτιστικήν.
1037 2157 1127 2228 Τῷ
1149 2159 1205 2211 δὲ
1239 2158 1388 2231 φόϐῳ
1419 2157 1515 2213 τοῦ
1545 2161 1748 2233 Κυρίου
1776 2179 1899 2216 συν-

319 2245 456 2317 ῆψεν
499 2247 597 2319 τὴν
641 2249 885 2318 ἁγνείαν,
937 2250 1030 2304 καὶ
1077 2253 1140 2323 τῇ
1186 2251 1376 2324 ἁγνείᾳ
1412 2253 1511 2323 τὴν
1555 2253 1751 2325 διαρκῆ
1805 2256 1899 2309 καὶ

319 2338 534 2396 αίώνιον
565 2342 730 2414 ζωήν.
771 2341 883 2398 Καὶ⁸
921 2343 1015 2397 ἐπὶ
1046 2345 1178 2398 πᾶσι
1220 2344 1313 2398 καὶ
1354 2344 1491 2415 μετὰ
1523 2346 1700 2400 πάντα
1736 2364 1899 2420 προσ-

320 2433 514 2505 έθηκεν
568 2434 666 2507 τὴν
704 2435 797 2491 τοῦ
845 2436 979 2490 Θεοῦ
1028 2439 1228 2509 κρίσιν,
1279 2438 1484 2511 συνῆψὲ
1514 2456 1574 2492 τε
1620 2440 1756 2513 αὐτῇ
1798 2441 1898 2513 τὴν

319 2523 577 2595 ἀλήθειαν
615 2525 708 2581 καὶ
739 2527 838 2598 τὴν
865 2528 1231 2600 δικαιοσύνην.

386 2618 833 2691 Παραπτιὲψιιτα
888 2621 977 2687 τίς
1004 2622 1297 2689 συνήσει;
1344 2623 1413 2678 ἐκ
1466 2623 1584 2678 τῶν
1633 2625 1900 2695 κρυφίων

316 2725 435 2776 μου
464 2711 792 2779 καθάρισόν
811 2730 910 2781 με,
954 2714 1051 2768 καί
1085 2714 1201 2769 ἀπὸ
1230 2715 1564 2784 ἀλλοτρίων
1584 2716 1785 2787 φεῖσαι
1818 2716 1898 2785 τῷ

319 2797 518 2866 δούλῳ
548 2816 685 2855 σου.
721 2803 866 2857 Ἆντὶ
900 2804 958 2858 δὲ
1003 2804 1118 2870 τοῦ,
1172 2806 1305 2861 Ἀπὸ
1337 2810 1671 2879 ἀλλοτρίων
1695 2809 1897 2880 φεῖσαι

322 2886 403 2951 τῷ
448 2887 646 2955 δούλῳ
688 2906 824 2957 σου,
863 2895 892 2947 δ
923 2894 1150 2960 Ἀκύλας
1195 2898 1459 2964 ἐξέδωκεο
1509 2901 1620 2955 Καί
1669 2918 1734 2972 γε
1776 2901 1896 2957 ἀπὸ

321 2981 719 3048 ὑπερηφάνων
756 2985 1144 3053 συντήρησον
1180 2990 1287 3042 τὸν
1331 2989 1554 3046 δοῦλόν
1590 3006 1724 3048 σου.
1761 2995 1896 3063 Σφό-

1999 1884 2145 1956 quod
2191 1892 2352 1940 rectae
2382 1884 2528 1951 sint,
2578 1898 2643 1938 ac
2677 1884 2761 1937 sui
2797 1881 3157 1953 participibus
3205 1880 3406 1935 laetitia:
3468 1878 3580 1934 fru-

2000 1984 2146 2033 ctum
2178 1977 2412 2048 pariant.
2443 1974 2525 2030 Ad
2554 1976 2690 2039 haec,
2720 1981 3051 2046 praeceptum
3104 1972 3320 2028 Domini
3348 2012 3364 2037 ,
3415 1971 3577 2041 cujus

2000 2084 2216 2140 quoque
2244 2068 2628 2139 proprietatem
2656 2067 2981 2135 declaravit,
3015 2066 3145 2121 dum
3194 2064 3436 2120 lucidum
3484 2063 3572 2119 di-
3670 2134 3679 2146 α

1999 2161 2070 2217 cit
2098 2176 2240 2227 esse,
2265 2161 2568 2232 animaeque
2600 2160 2791 2217 oculos
2835 2159 3167 2215 illuminare.
3200 2157 3406 2213 Timori
3460 2153 3573 2211 Do-

1999 2253 2132 2308 mini
2163 2254 2449 2323 subjunxit
2480 2253 2788 2310 castitatem
2808 2292 2824 2318 ,
2879 2261 2935 2307 et
2966 2251 3208 2306 castitati
3259 2255 3574 2321 perpetuam

1998 2355 2364 2418 aeternamque
2398 2349 2588 2402 vitam.
2652 2344 2877 2401 Demum
2911 2359 3077 2415 supra
3130 2345 3315 2397 omnia
3363 2348 3418 2397 et
3455 2346 3578 2410 post

1999 2439 2182 2495 omnia
2207 2438 2476 2509 judicium
2513 2438 2603 2494 Dei
2637 2437 2868 2502 addidit,
2898 2437 2987 2492 cui
3016 2435 3300 2492 veritatem
3328 2442 3382 2489 et
3413 2433 3578 2505 justi-

2001 2531 2132 2585 tiam
2167 2531 2428 2585 annectit.
3618 2524 3624 2529 ’

2069 2621 2236 2679 Vens.
2259 2623 2345 2686 15,
2374 2623 2457 2677 14.
2478 2620 2681 2676 Delicta
2695 2621 2809 2691 quis
2832 2619 3109 2690 intelliget?
3127 2617 3193 2673 ab
3218 2618 3433 2673 occultis
3448 2619 3575 2673 meis

2000 2716 2199 2769 munda
2228 2732 2329 2780 me,
2352 2724 2402 2769 et
2429 2713 2495 2768 ab
2517 2714 2707 2769 alienis
2735 2728 2889 2782 parce
2924 2728 3068 2766 servo
3095 2719 3206 2765 tuo.
3247 2710 3396 2765 Illius
3429 2710 3573 2775 loco,

1995 2813 2060 2866 ab
2093 2808 2281 2864 alienis
2310 2824 2466 2879 parce
2489 2824 2638 2863 servo
2665 2817 2776 2872 tuo,
2806 2805 3002 2878 Aquila
3029 2803 3220 2867 edidit,
3251 2815 3301 2859 et
3331 2821 3364 2857 a
3394 2819 3576 2872 super-

1999 2898 2078 2954 bis
2112 2900 2319 2956 custodi
2350 2916 2557 2956 servum
2589 2909 2753 2954 tuum.
2797 2895 3103 2954 Admodum
3134 2910 3360 2953 necesse
3389 2895 3491 2950 fuit
3514 2903 3573 2950 ut

1997 2994 2142 3050 hanc
2170 2994 2445 3051 emitteret
2473 2994 2801 3060 orationem,
2825 3006 2934 3063 quo
2970 3004 3002 3044 a
3028 2988 3285 3060 superbia
3310 2988 3572 3043 liberare-

321 3070 423 3164 δρα
451 3074 761 3142 ἀναγκαίως
794 3078 888 3131 καὶ
913 3077 1113 3150 ταύτην
1142 3081 1440 3151 ἐκπέμπων
1469 3084 1567 3155 τὴν
1604 3085 1788 3155 εὐχὴν,

2002 3090 2108 3137 tur.
2137 3081 2587 3154 Quandoquidem
2616 3099 2732 3151 eos,
2760 3083 2855 3154 qui
2885 3095 3008 3138 sese
3048 3082 3218 3151 probe
3247 3094 3312 3135 ac
3350 3087 3574 3135 strenue

321 3163 389 3234 ἂν
410 3167 634 3239 ρυσθείη
654 3167 761 3222 ἀπὸ
783 3170 1176 3242 ὑπερηφανίας.
1208 3173 1421 3245 Ἐπειδὴ
1448 3174 1557 3245 γὰρ
1576 3178 1687 3240 τοῖς
1711 3194 1900 3249 κατορ-

323 3255 476 3309 οοῦσι
506 3257 810 3329 παρέπεται
848 3276 934 3323 τις
961 3259 1216 3330 λογισμὸς
1242 3260 1498 3327 πολλάκις
1529 3264 1895 3337 ὑπερήφανος,

319 3346 688 3421 ὲπαιρομένης
737 3354 830 3406 καὶ
891 3353 1263 3425 χαυνουμένης
1310 3355 1410 3427 τῆς
1461 3356 1638 3429 ψυχῆς
1686 3359 1771 3427 ἐφ’
1817 3355 1898 3424 οἷς

317 3439 483 3512 ἑαυτῇ
518 3443 752 3497 συνοίδεν
792 3444 1042 3513 ἀγαθοῖς·
1087 3441 1206 3500 εἶτα
1246 3446 1325 3518 τῷ
1374 3448 1475 3519 τῆς
1521 3450 1898 3523 ὑπερηφανίας

319 3533 688 3605 περιπεσοῦσα
734 3536 919 3608 κακῷ,
962 3537 1108 3610 ἄλλῳ
1146 3540 1353 3612 τρόπῳ»
1379 3543 1760 3614 τραχηλίζεται
1804 3547 1896 3600 καὶ

317 3626 671 3681 καταπίπτεν
717 3626 793 3692 ὡς
833 3629 919 3684 διὰ
959 3630 1118 3685 τοῦτο
1156 3632 1385 3702 φάσκειν
1415 3636 1507 3689 τὸν
1548 3636 1891 3693 Ἀπόστολον·

320 3718 446 3772 Ἵνα
468 3720 554 3788 μὴ
575 3722 862 3790 τυφωθεὶς
881 3726 969 3790 εὶς
995 3724 1169 3795 rapina
1192 3726 1424 3799 ἐμπέσῃ
1450 3728 1553 3784 τοῦ
1580 3728 1888 3787 διαϐόλου·

316 3809 626 3879 ἀναγκαίως
665 3814 968 3886 προειπών·
1006 3816 1115 3871 Kal
1168 3818 1278 3888 γὰρ
1316 3822 1350 3873 ὁ
1390 3819 1610 3888 δοῦλός
1635 3836 1752 3877 σου
1783 3840 1893 3893 φυ-

314 3901 536 3958 λάσσει
581 3905 752 3969 αὐτὰ,
799 3907 894 3960 καὶ
933 3906 1146 3977 φύλακα
1186 3909 1294 3963 τῶν
1337 3910 1432 3964 τοῦ
1479 3912 1613 3966 Θεοῦ
1664 3914 1892 3970 ἐντολῶν

316 3995 508 4050 ἑαυτὸν
550 3996 740 4061 εἰπὼν,
771 3999 999 4055 ἱκετεύει
1041 4000 1302 4072 ρυσθῆναι
1340 4002 1450 4056 ἀπὺ
1490 4003 1888 4076 ὑπερηφανίας,

315 4087 411 4142 καὶ
436 4088 712 4159 ἐπιλέγειο
760 4091 893 4146 Ἐὰν
917 4091 1002 4161 μή
1036 4110 1155 4162 μου
1190 4097 1733 4163 κατακυριεύσωσι,
1758 4097 1892 4151 τότε

315 4179 553 4252 ἄμωμος
594 4184 841 4255 ἔσομαι,
883 4185 981 4240 καὶ
1031 4188 1163 4241 τότε
1213 4187 1723 4258 καθαρισθήσομαι
1771 4190 1890 4245 ἀπὸ

313 4273 603 4344 ἁμαρτίας
622 4275 908 4347 μεγάλης.
947 4277 1096 4343 Τέως
1120 4278 1218 4350 μὲν
1244 4279 1355 4352 γὰρ
1379 4280 1472 4333 ἐπὶ
1500 4273 1594 4333 τόὖ
1628 4281 1891 4355 παρόντος

315 4366 366 4419 εί
390 4369 483 4422 καλ⁵
507 4369 724 4438 φύλακα
752 4370 988 4441 ἐμαυτὸν
1017 4369 1213 4442 εἴρηκα
1255 4372 1362 4424 τῶν
1390 4372 1484 4425 τοῦ
1517 4372 1648 4427 Θεοῦ
1678 4389 1891 4445 παραγ-

2000 3181 2219 3245 gerunt,
2252 3177 2498 3246 quaedam
2541 3176 2859 3247 plerumque
2905 3172 3142 3244 superba
3181 3172 3435 3243 cogitatio
3482 3184 3573 3226 se-

2000 3267 2220 3337 quitur;
2252 3268 2380 3322 dum
2411 3268 2593 3323 anima
2637 3270 2905 3324 bonorum
2937 3282 3160 3338 operum
3195 3262 3569 3325 sibi‘conscia.

1999 3363 2280 3419 extollitur
2306 3378 2371 3419 ac
2392 3363 2678 3435 magniﬁce
2709 3363 2777 3418 de
2799 3379 2858 3418 se
2888 3362 3055 3418 sentit
3081 3379 3096 3428 ;
3130 3358 3328 3414 deinde
3360 3372 3493 3414 vero
3515 3358 3572 3412 in

1999 3456 2268 3527 superbiae
2294 3458 2497 3512 malum
2538 3455 2785 3527 delapsa,
2819 3455 2926 3509 alia
2964 3468 3181 3524 quoque
3207 3451 3418 3506 ratione
3440 3463 3570 3520 pro-

1998 3547 2261 3603 sternitur
2304 3562 2368 3603 ac
2400 3546 2638 3616 decidit;
2679 3546 2909 3615 ideoque
2940 3544 3015 3598 ait
3043 3542 3336 3613 Apostolus
3366 3540 3451 3592 ’δε
3488 3538 3571 3595 Nc

1996 3634 2050 3691 in
2075 3636 2378 3707 superbiam
2405 3636 2599 3701 elatus,
2624 3636 2683 3688 in
2701 3633 2961 3705 judicium
2986 3630 3183 3685 incidat
3208 3627 3443 3682 diaboli:
3474 3642 3569 3683 ne-

1994 3729 2235 3784 cessario
2261 3744 2393 3785 sane
2423 3737 2711 3798 postquam
2732 3726 2962 3788 dixerat,
2986 3725 3174 3793 etenim
3216 3736 3395 3776 servus
3448 3729 3567 3774 tuus

1995 3819 2226 3874 custodit
2250 3836 2334 3883 ea,
2359 3833 2424 3873 ac
2456 3834 2576 3874 sese
2610 3817 2703 3880 Dei
2734 3825 3127 3887 praeceptorum
3161 3812 3423 3867 cultorem
3450 3824 3569 3880 pro-

1996 3912 2174 3969 fessus
2200 3920 2353 3976 erat,
2388 3912 2524 3982 eripi
2552 3926 2610 3967 se
2642 3916 2799 3981 rogat
2829 3923 2859 3962 a
2893 3906 3148 3977 superbia
3173 3945 3189 3970 ,
3241 3910 3404 3975 atque
3432 3902 3565 3959 sub-

1994 3997 2194 4054 infert:
2247 3997 2309 4053 Si
2354 3998 2454 4052 mei
2488 4015 2589 4053 non
2637 3998 2833 4067 fuerint
2873 3995 3173 4060 deminuti,
3221 4002 3343 4047 tunc
3376 3993 3568 4046 imma-

1992 4091 2201 4145 culatus
2227 4088 2355 4157 ero;
2403 4099 2452 4145 et
2483 4100 2606 4145 tunc
2633 4088 2959 4145 emundaoor
3002 4105 3036 4141 a
3064 4087 3253 4142 delicto
3308 4086 3563 4139 maxime.

1992 4183 2107 4241 Etsi
2151 4184 2416 4241 hactenus
2458 4200 2546 4241 me
2590 4193 2753 4255 atque
2787 4184 2839 4238 in
2874 4186 3128 4254 pmsenti
3173 4189 3563 4250 praeceptorum

1990 4276 2086 4333 Dei
2120 4278 2383 4334 cultorem
2431 4277 2578 4345 dixi;
2635 4283 2690 4331 at
2742 4291 2866 4331 cum
2924 4289 3011 4329 me
3049 4274 3118 4328 ab
3169 4271 3398 4328 occultis
3430 4268 3568 4323 meis

1991 4380 2278 4442 purgatum
2308 4370 2549 4425 nondum
2581 4370 2773 4434 sciam,
2805 4367 2984 4422 adhuc
3008 4367 3063 4421 in
3094 4365 3389 4420 certamine
3418 4360 3565 4431 posi-
3632 4394 3641 4403 ι

314 4458 624 4529 γελμάτων,
652 4461 767 4515 ἀλλ’
799 4462 919 4516 ἐπεὶ
937 4462 1148 4517 οὐδέπω
1176 4464 1386 4518 συνοϊδα
1403 4465 1624 4536 ἐμαυτῷ
1649 4443 1888 4520 κεκαθα-

1996 4470 2105 4527 tus,
2153 4477 2218 4517 ac
2264 4462 2532 4518 sollicitus
2582 4468 2705 4515 uta
2740 4459 2995 4529 superbia
3041 4458 3271 4528 cripiar,
3320 4456 3445 4527 jure
3500 4471 3565 4510 ac

315 4551 556 4622 ρισμένῳ
576 4553 641 4606 ὲκ
664 4554 770 4609 τῶν
800 4554 1042 4628 κρυφίων
1082 4573 1204 4626 μου,
1229 4555 1309 4609 ἔτι
1340 4556 1386 4610 δ’
1410 4557 1626 4626 ἀγωνιῶ
1658 4558 1751 4612 καὶ
1787 4576 1886 4613 πε·-

314 4642 578 4714 φρὸντικα
603 4645 675 4709 ὡς
709 4646 774 4700 ἂν
809 4647 1061 4720 ῥυσθείην
1091 4647 1200 4702 ἀπὸ
1234 4649 1627 4721 ὑπερηφανίας,
1665 4651 1889 4715 εἰκότως

314 4752 388 4805 φη
397 4735 481 4805 μὶ,
510 4734 605 4788 ἆτε
624 4736 853 4806 μηδέπω
873 4738 931 4791 τὸ
953 4738 1153 4792 τέλειον
1174 4738 1545 4809 καθορθώσας.
1583 4741 1714 4796 Τότε
1737 4742 1888 4814 ἀκρι-

310 4825 425 4890 ϐῶς
444 4826 723 4898 γνώσομαι
742 4829 971 4900 ἐμαυτὸν
991 4829 1240 4902 ἄμωμον,
1258 4831 1352 4885 καί
1371 4832 1493 4885 τότε
1512 4831 1619 4886 ἀπὸ
1644 4834 1885 4906 μεγάλης

312 4915 781 4989 καθαρισθήσομαι
808 4921 1101 4992 ἁμαρτίας,
1143 4922 1361 4977 ἐπειδὰν
1400 4924 1537 4995 μήτε
1566 4924 1635 4978 τὰ
1676 4924 1887 4996 κρύφιά

315 5025 416 5080 μου
442 5010 929 5081 κατακυριεύσωσι,
966 5015 1100 5086 μήτε
1121 5013 1378 5086 λογισμὸς
1407 5016 1758 5088 ὑπερήφανος
1785 5034 1885 5085 κα,-

309 5099 633 5154 ταδουλὼσει
683 5117 783 5171 με,
828 5102 861 5174 ἢ
911 5105 1135 5177 πονηροὶ
1188 5106 1463 5177 δαίμονες.
1527 5107 1786 5180 Μεγάλην
1826 5109 1884 5163 δὲ

312 5193 583 5265 ἁμαρτίαν
627 5194 726 5267 τὴν
765 5194 1262 5272 ἀποτελεσματικήν
1297 5200 1373 5272 (Ι)
1427 5218 1609 5273 φησιν.
1659 5202 1723 5255 Ei
1773 5201 1882 5275 γὰρ

313 5284 387 5357 μὴ
412 5287 519 5342 ἀπὸ
550 5287 657 5342 τῶν
700 5288 942 5362 κρυφίων
977 5307 1078 5362 μου
1112 5292 1517 5368 καθαρισοείην,
1551 5295 1877 5368 ἐπιμένοντα

380 5470 470 5525 ιιι
501 5471 644 5531 Tim.
677 5489 762 5542 tu,
791 5475 846 5531 6.

1986 4553 2182 4609 merito
2202 4553 2284 4608 sic
2315 4552 2536 4622 loquor,
2572 4559 2761 4622 utpote
2791 4552 2883 4623 qui
2912 4551 3151 4606 nondum
3181 4550 3248 4605 ad
3280 4557 3478 4605 metam
3504 4555 3561 4605 et

1986 4646 2053 4701 ad
2085 4646 2474 4716 perfectionem
2503 4644 2834 4715 pertigerim.
2866 4642 3022 4699 Tunc
3051 4659 3137 4699 me
3175 4644 3333 4715 plane
3367 4642 3563 4697 intuta--

1984 4739 2224 4793 culatum
2255 4753 2478 4795 noscam
2503 4777 2519 4803 ,
2549 4746 2681 4793 tunc
2708 4736 3045 4793 cmundabor
3077 4752 3108 4791 a
3138 4737 3342 4792 delicto
3388 4735 3563 4790 maxi-

1984 4847 2096 4897 mo,
2124 4848 2247 4888 cum
2279 4834 2497 4889 occulta
2529 4833 2634 4889 mei
2663 4848 2771 4888 non
2808 4829 3271 4896 dominabuntur,
3311 4845 3432 4887 cum
3464 4843 3559 4884 su-

1982 4926 2148 4995 perba
2187 4926 2446 4997 cogitatio
2473 4941 2536 4981 ac
2577 4926 2803 4997 maligni
2829 4926 3103 4981 daemones
3151 4938 3238 4979 me
3281 4921 3557 4977 subditum

1983 5034 2093 5074 non
2120 5019 2461 5075 detinebunt.
2507 5019 2810 5074 Maximum
2868 5032 3031 5089 porro
3078 5016 3332 5072 delictum
3362 5018 3556 5073 vocat,

1982 5111 2486 5181 apotelesmaticen,
2514 5111 2629 5167 sive
2664 5111 3011 5181 astrologiam
3032 5107 3398 5180 judiciariam.
3421 5102 3555 5156 Nam

1982 5203 2028 5259 si
2055 5203 2123 5258 ab
2155 5202 2390 5260 occultis
2420 5207 2556 5261 meis
2585 5203 2915 5261 emundatus
2963 5219 3072 5259 non
3131 5203 3344 5263 fuerim,
3369 5195 3555 5251 istbmc

1979 5296 2178 5353 delicta
2209 5296 2264 5352 in
2299 5312 2386 5355 me
2425 5299 2801 5370 permanentia
2830 5298 2887 5353 in
2914 5311 3140 5369 pravum
3169 5291 3439 5366 quoddam
3474 5285 3553 5342 fa-

382 5652 461 5725 (l)
498 5653 628 5721 Quae
656 5655 745 5710 hic
765 5655 832 5712 de
852 5658 1288 5731 apotelesmatica
1318 5657 1597 5727 dicuntur,
1626 5673 1753 5718 cum
1775 5658 2128 5732 sequentibus
2166 5673 2276 5717 non
2296 5664 2623 5726 congruunt.
2666 5654 2848 5724 Quam
2908 5644 3313 5709 subodoramur
3346 5639 3551 5715 aliqua

313 5746 542 5817 interius
569 5751 855 5811 excidisse.
