3992 6216
374 804 379 809 ,
487 750 617 819 quia
644 749 760 803 oris
791 750 921 812 mei,
949 763 1068 818 quae
1093 748 1374 818 precando
1394 789 1409 813 ,
1452 756 1507 803 te
1537 747 1754 819 hymnis
1797 748 2082 802 celebran-

490 262 594 319 195
1224 264 1489 320 EUSEBII
1528 263 2009 321 CAESARIENSIS
2045 265 2069 323 ί

2175 283 2193 323 η.
2228 266 2406 321 rans
2438 229 2526 324 ui.
2568 260 2976 323 EXEGETICA.
3669 265 3803 322 ws

483 377 649 433 ciuus
681 395 766 436 me
806 380 1127 451 conjicient,
1165 396 1369 451 eroque
1402 395 1602 452 magno
1652 392 1878 451 peccato
1904 382 2069 437 obno-

2176 381 2346 436 ταῦτα
2394 382 2464 450 τὰ
2505 380 2921 453 παραπτώματα
2971 379 3051 443 εἰς
3106 378 3299 451 πρᾶξιν
3347 380 3554 452 φαύλην
3599 400 3804 452 μετα-

485 471 637 526 xius.
2186 475 2359 546 φέρει,
2387 473 2481 527 καὶ
2512 474 2732 542 γίνομαι
2760 472 3055 547 ύπεύθονος
3087 468 3333 544 ἁμαρτίᾳ
3360 473 3591 544 μεγάλῃ.

566 561 729 618 νεεδ.
770 564 854 618 l5.
900 562 970 617 Et
992 574 1143 617 erunt
1186 565 1238 617 in
1284 563 1669 633 beneplacitum
1718 565 1927 637 eloquia
1973 566 2069 619 orit

2252 567 2357 620 Καὶ
2390 566 2629 619 ἔσονται
2657 568 2744 630 εἰς
2772 564 3054 620 εὐδοκίαν
3080 564 3150 619 τὰ
3189 567 3364 634 λόγια
3394 564 3500 618 τοῦ
3536 567 3795 635 στόμα-

488 656 609 710 mei.
638 655 777 709 Cum
812 656 929 712 baac
960 656 1091 710 mihi
1124 655 1224 711 abs
1251 665 1299 710 te
1320 658 1520 712 collata
1542 656 1767 723 iuerint,
1803 668 1933 711 tunc
1962 657 2069 712 elo-

2182 657 2283 721 τός
2311 672 2448 725 μου.
2487 654 2651 708 Ὅταν
2694 652 2867 708 ταῦτά
2913 671 3002 725 μοι
3049 654 3302 726 ύπαρχθῇ
3348 652 3499 726 παρὰ
3544 654 3663 719 σοῦ,
3700 654 3797 709 τὰ

2182 748 2336 817 λόγια
2380 745 2472 800 τοῦ
2510 746 2774 818 στόματός
2806 764 2906 817 μου
2940 746 2975 800 ἃ
2999 747 3312 818 προήνεγκα
3338 747 3627 819 εὐχόμενός
3657 765 3795 812 σοι,

485 841 579 904 do,
603 842 813 911 gratias
840 840 939 895 tibi
967 839 1180 911 agendo
1214 840 1413 905 obtuli,
1444 840 1647 911 placita
1670 841 1766 896 tibi
1790 848 1974 896 erunt.
2003 840 2069 894 Ea

2185 841 2366 911 ὑμνῶν
2409 859 2488 906 σε,
2522 840 2855 912 εὐχαριστῶν
2907 857 3009 905 σοι,
3051 841 3132 903 εἰς
3170 840 3416 895 εὐδοκίαν
3453 842 3630 895 ἔσται.
3675 844 3801 906 Εἰς

2184 933 2425 986 εὐδοκίαν
2456 934 2513 986 δέ
2542 936 2687 986 ἐστιν
2713 934 2782 986 τὰ
2814 933 2969 1002 λόγια
2998 933 3069 987 τὰ
3100 933 3369 1005 ἀποδοχῆς
3403 933 3546 1000 ἀξια.
3579 936 3699 989 Καὶ
3742 939 3795 1005 ἦ

2174 1025 2397 1095 μελέτη
2445 1025 2554 1094 τῆς
2595 1027 2840 1095 καρδίας
2877 1044 2995 1095 μου
3044 1026 3300 1080 ἐνώπιόν
3337 1044 3451 1081 σου
3485 1028 3617 1082 ἐστὶ
3668 1029 3795 1082 διὰ

2182 1119 2426 1184 παντός.
2470 1118 2533 1170 Ἦ
2570 1117 2763 1190 μελέτη
2785 1118 2877 1172 τοῦ
2900 1118 3236 1190 διανοητικοῦ
3266 1136 3389 1190 μου,
3422 1121 3690 1192 γινομένη
3718 1123 3790 1175 ὲν

2181 1208 2460 1280 λογισμοῖς
2491 1209 2583 1262 καὶ
2625 1210 2892 1280 νοήσεσιν,
2928 1209 3083 1274 ἐκτὸς
3128 1206 3261 1264 οὖσα
3301 1210 3498 1275 παντὸς
3540 1209 3785 1282 μώμου,

2181 1300 2409 1355 ἐνώπιόν
2438 1317 2530 1354 σου
2558 1302 2811 1371 τυγχάνει
2845 1300 2935 1355 διὰ
2962 1303 3180 1366 παντός.
3218 1303 3290 1355 Τὸ
3313 1302 3492 1375 μέντοι
3532 1303 3635 1373 τῆς
3668 1321 3789 1374 με-

2181 1396 2338 1467 λὲτης
2389 1396 2673 1467 ἄμεμπτον
2705 1396 2805 1449 οὐκ
2845 1396 3065 1449 ἄλλοθεν
3113 1397 3146 1468 ἢ
3202 1398 3266 1451 ἐκ
3316 1396 3409 1451 σοῦ
3461 1398 3781 1470 ύπῆρκται,

2185 1489 2579 1562 καθαρίσαντός
2611 1507 2678 1560 με
2712 1489 2819 1542 ἀπὸ
2849 1489 2955 1544 τῶν
2989 1489 3234 1559 κρυφίων
3264 1506 3386 1560 μου.

562 1584 811 1649 Domine,
845 1586 1059 1656 adjutor
1090 1603 1234 1641 meus
1269 1598 1317 1642 et
1344 1585 1639 1656 redemptor
1668 1600 1836 1640 meus.
1863 1582 1938 1639 Te
1966 1583 2069 1654 opi-

2260 1584 2461 1651 Κύριε,
2481 1582 2669 1649 ,βοηθέ
2681 1601 2799 1651 μου
2823 1583 2918 1636 καὶ
2940 1581 3208 1650 λυτρωτά
3224 1601 3360 1652 μου.
3380 1581 3480 1635 Σοῦ
3509 1582 3781 1653 βοηθοῦν-

484 1677 726 1741 tulante,
762 1676 1022 1744 Domine,
1055 1696 1085 1734 a
1125 1679 1343 1735 nemine
1375 1678 1665 1733 adversum
1702 1692 1790 1732 me
1823 1675 2069 1747 spiritua-

2181 1692 2293 1740 τος,
2319 1669 2364 1728 ὦ
2400 1675 2652 1737 δέσποτα,
2689 1674 2864 1728 οὐδενὶ
2906 1675 3196 1728 ύποπίπτω
3233 1674 3339 1730 τῶν
3377 1676 3779 1746 πνευματικῶς

488 1768 616 1825 liter
643 1769 876 1825 bellante
929 1780 1270 1841 prosternat.
1304 1768 1459 1836 Quod
1506 1769 1552 1824 si
1600 1784 1732 1825 casu
1766 1768 1989 1823 eveniar
2014 1748 2069 1821 ut

2182 1765 2719 1839 προσπολεμούντων.
2771 1767 2835 1820 Et
2872 1766 2929 1819 δὲ
2967 1767 3061 1819 καὶ
3104 1769 3229 1838 παρ’
3261 1767 3397 1839 ἐμὴν
3432 1769 3777 1841 ἀπροσεξίαν

488 949 620 989 vero
652 934 851 1004 placita
898 934 1119 1005 eloquia
1183 938 1356 997 sunt,
1413 948 1536 1004 qua:
1562 934 1975 1004 approbatione
2027 940 2082 988 ct

487 1028 652 1084 laude
680 1026 862 1098 digna.
916 1026 986 1083 Et
1028 1012 1308 1085 meditatio
1348 1029 1523 1084 cordis
1566 1029 1670 1083 mei
1716 1031 1775 1081 in
1804 1037 2081 1099 conspectu

486 1128 578 1173 tuo
606 1127 686 1173 est
709 1134 929 1185 semper.
955 1117 1235 1174 Meditatio
1262 1119 1460 1175 mentis
1482 1133 1634 1183 meae,
1654 1133 1775 1188 quae
1796 1118 1851 1173 in
1874 1118 2082 1189 cogita-

484 1212 730 1268 tionibus
758 1220 812 1267 et
840 1212 1011 1266 animi
1059 1212 1315 1268 sensibus
1358 1211 1659 1282 perﬁcitur,
1680 1226 1804 1267 cum
1839 1211 1910 1265 sit
1932 1210 2081 1267 omni

486 1306 648 1375 culpa
697 1306 981 1371 immunis,
1011 1305 1063 1359 in
1106 1312 1402 1375 c'onspcctu
1457 1314 1554 1359 tuo
1593 1315 1677 1362 est
1707 1320 1942 1375 semper.
1972 1303 2083 1358 Me-

488 1398 685 1454 ditatio
705 1415 840 1455 sane
861 1414 969 1453 non
1000 1398 1219 1454 aliunde
1249 1414 1413 1469 quam
1448 1398 1547 1453 abs
1581 1407 1634 1454 te
1664 1398 1942 1468 inculpata
1959 1410 2082 1453 esse

489 1493 652 1557 talet,
674 1493 771 1562 qui
795 1508 881 1548 me
904 1494 971 1547 ab
996 1493 1227 1550 occultis
1256 1493 1394 1548 meis
1424 1490 1762 1548 emundasti.

489 1860 991 1918 inconsideratione
1030 1878 1150 1916 mea
1182 1861 1251 1917 ab
1284 1860 1612 1916 adversariis
1645 1860 1980 1931 intercipiat,
2012 1866 2069 1913 tu

2176 1860 2377 1913 ἁλῶναι
2399 1862 2510 1922 τοῖς
2534 1858 2795 1922 ἐναντίοις
2820 1858 3024 1930 συμϐῇ,
3052 1860 3114 1913 σύ
3133 1876 3214 1947 ,με
3240 1861 3303 1913 ἐκ
3327 1860 3435 1940 τῶν
3462 1863 3779 1933 κρατησάν-

486 1968 576 2010 me
606 1970 638 2010 e
665 1955 920 2012 manibus
948 1970 1138 2010 corum
1172 1955 1442 2020 redimas,
1478 1948 1587 2024 qui'
1611 1968 1720 2008 una
1760 1951 1980 2022 adjutor
2008 1966 2072 2007 ac

488 2046 804 2117 redemptor
832 2063 956 2105 esse
985 2047 1434 2119 deprehenderis.

633 2161 687 2214 1.
737 2159 807 2215 ΙΝ
843 2160 1097 2226 FINEM,
1147 2159 1474 2216 PbALMUS
1520 2157 1733 2214 DAVID
1781 2156 1927 2212 XIX.

564 2251 731 2309 Vsus.
784 2253 859 2307 2-
888 2254 944 2309 4.
984 2252 1260 2307 Εααιιάὶαι
1291 2260 1338 2306 te
1372 2251 1633 2306 Dominus
1671 2252 1730 2304 in
1774 2251 1860 2304 die
1905 2248 2073 2303 tribu—

488 2345 739 2410 lationis,
789 2353 1028 2416 protegat
1063 2355 1113 2400 te
1158 2362 1346 2400 nomen
1390 2345 1489 2400 Dei
1542 2343 1731 2399 Jacob.
1759 2342 1945 2397 Mittat
1978 2341 2072 2395 tibi

488 2436 753 2491 auxilium
771 2437 836 2492 dc
854 2446 1061 2503 sancto,
1085 2446 1136 2492 et
1165 2436 1230 2491 de
1265 2437 1397 2491 Sion
1426 2444 1641 2491 tueatur
1672 2445 1739 2490 te.
1771 2433 1975 2488 Memor
2004 2434 2072 2487 sit

487 2530 660 2584 omnis
682 2529 939 2599 sacriﬁcii
973 2531 1072 2594 tui,
1092 2539 1141 2584 et
1166 2530 1536 2585 holocaustum
1567 2538 1715 2583 tuum
1743 2529 1933 2599 pingue
1953 2527 2070 2597 ﬁat.

488 2621 828 2694 Diapsalma.
864 2621 1118 2678 Psalmus
1148 2622 1368 2693 quidem
1393 2662 1408 2687 ,
1444 2629 1505 2676 ut
1554 2621 1914 2691 inscriptione
1960 2616 2072 2673 fcr-

488 2724 603 2782 tur,
634 2715 825 2772 Davidi
856 2714 1177 2770 attribuitur
1202 2733 1214 2768 :
1248 2716 1434 2769 animo
1462 2720 1646 2767 autem
1674 2719 1919 2781 reputes,
1943 2725 2073 2764 num

491 2807 540 2863 si
571 2807 801 2863 historia
831 2812 1132 2869 soectetur,
1163 2805 1271 2860 alia
1302 2805 1374 2860 sit
1391 2802 1699 2872 cuiuspiam
1734 2801 1931 2863 oratio,
1955 2815 2075 2871 qua:

489 2899 716 2956 Davidis
745 2897 1209 2969 supplicationum
1255 2894 1498 2963 adiutrix
1530 2893 1623 2948 sit.
1655 2891 1760 2958 Qui
1790 2890 1959 2946 David
1986 2906 2077 2946 ro.

495 2996 590 3062 gat
608 2989 996 3056 obsecratque,
1030 2994 1090 3039 ut
1117 2985 1261 3050 Deus
1291 2982 1396 3037 sibi
1428 2988 1675 3039 servator
1704 2980 1960 3046 assistat,
2009 2995 2074 3036 ac

490 3091 681 3138 contra
706 3078 964 3135 inimicos
999 3090 1187 3133 secum
1217 3076 1484 3132 decertet.
1519 3072 1830 3129 Verisimile
1873 3073 2075 3145 quippe
2100 3112 2143 3170 ϐ

487 3181 599 3239 est,
627 3172 678 3228 ei
708 3170 797 3227 his
837 3169 1178 3226 incumbenti
1207 3169 1440 3225 chorum
1480 3164 1798 3222 sanctorum
1846 3166 2071 3238 angelo-

487 3279 635 3327 rum,
658 3263 1039 3335 religiosorum
1072 3261 1377 3323 hominum,
1405 3274 1801 3331 sacrorumque
1826 3258 1920 3315 Dei
1964 3258 2069 3314 mi-

485 3357 791 3413 nistrorum
839 3354 1054 3419 adesse,
1088 3370 1195 3410 una
1225 3368 1352 3409 cum
1401 3351 1496 3407 illo
1541 3350 1795 3424 precari,
1849 3358 1904 3406 et
1957 3350 2072 3406 haec

485 3448 675 3507 omnia
705 3448 871 3507 simul
904 3446 1151 3520 proferre
1181 3466 1194 3502 :
1235 3443 1513 3500 Exaudiat
1543 3453 1591 3498 te
1620 3441 1876 3497 Dominus
1900 3444 1955 3496 in
1989 3442 2072 3497 die

483 3542 871 3606 tribulationis,
889 3548 1169 3606 etcaetera;
1195 3534 1507 3609 atqueillud
1534 3534 1698 3590 item:
1726 3531 1795 3586 Et
1824 3531 1962 3587 adsit
1978 3531 2072 3585 tibi

488 3654 677 3694 nomen
708 3636 808 3691 Dei
832 3633 1024 3689 Iacob.
1072 3632 1169 3688 Est
1206 3632 1358 3688 enim
1391 3628 1521 3685 talis
1544 3626 1822 3683 invocatio
1843 3634 1898 3682 et
1927 3641 2071 3682 com-

480 3731 703 3803 pellatio
737 3729 805 3783 ad
852 3724 1257 3798 prOpulsandos
1275 3737 1467 3779 omnes
1488 3720 1746 3775 inimicos
1763 3720 1920 3775 satis.
1944 3716 2071 3773 Haec

480 3837 592 3879 non
621 3821 724 3876 soli
752 3818 944 3873 Davidi
972 3815 1425 3888 competunt;5ed
1456 3815 1619 3871 etiam
1640 3812 1863 3867 cuilibet
1890 3810 2068 3875 alteri,

484 3914 582 3984 qui
611 3911 665 3966 in
686 3910 856 3967 simili
883 3924 1016 3964 casu
1041 3923 1138 3978 per
1164 3908 1467 3962 orationem
1504 3903 1809 3975 spiritualia
1855 3909 1910 3958 et
1934 3917 2070 3972 pura

486 4003 597 4061 Deo
628 4001 899 4059 sacriﬁcia
934 4000 1167 4066 emittit;
1198 3999 1285 4054 cui
1310 4041 1325 4065 ,
1370 4005 1432 4052 ut
1470 4011 1570 4067 par
1605 4004 1711 4059 est,
1744 4009 1914 4049 sactae
1966 3994 2072 4053 iure

484 4094 743 4155 virtutes,
767 4101 822 4148 et
842 4099 1160 4147 sanctorum
1181 4088 1499 4159 angelorum
1527 4086 1678 4141 chori
1703 4099 1813 4139 una
1849 4084 2068 4150 adsunt,

481 4185 799 4240 orationum
842 4197 907 4237 ac
950 4180 1398 4251 dcprecationum
1450 4176 1585 4232 socii
1638 4183 1693 4230 et
1730 4174 2029 4244 adjutores.

559 4275 727 4333 Vens.
790 4273 915 4330 5-7.
990 4269 1212 4327 Tribuat
1284 4269 1378 4322 tibi
1444 4267 1701 4322 Dominus
1784 4265 2070 4320 secundum

480 4392 573 4431 cor
613 4384 785 4438 tuum,
818 4377 869 4423 et
895 4381 1048 4420 omne
1075 4361 1354 4417 consilium
1389 4370 1536 4414 tuum
1565 4360 1859 4429 conﬁrmet.
1895 4357 2069 4413 Lceta-

2174 1969 2280 2005 των
2308 1949 2616 2023 λυτροῦσαι,
2658 1950 2776 2021 ἅμα
2824 1949 3015 2021 βοηθὸς
3062 1952 3155 2005 καὶ
3194 1952 3471 2026 λυτρωτὴς
3508 1957 3775 2026 εὑρισκόο

2184 2059 2361 2115 μενος.

2330 2153 2443 2209 ΕΙΣ
2475 2155 2564 2208 ΤΟ
2601 2154 2842 2222 ΤΕΛΟΣ,
2881 2154 3170 2209 ΨΑΛΜΟΣ
3208 2157 3294 2211 ΤΩ
3326 2156 3520 2210 ΔΛΥΙΔ
3549 2158 3657 2213 ΙΘ¹.

2257 2246 2616 2302 Ἐπακούσαι
2663 2264 2779 2301 σου
2828 2248 3045 2315 Κύριος
3099 2248 3168 2300 ἐν
3212 2247 3400 2317 ἡμέρᾳ
3460 2253 3765 2319 θλίψεως,

2175 2339 2583 2406 ὑπερασπίσαι
2608 2356 2724 2392 σου
2754 2339 2818 2392 τὸ
2851 2340 3036 2409 ὄνομα
3064 2341 3171 2394 τοῦ
3199 2340 3346 2395 Θεοῦ
3385 2341 3603 2396 Ἰακώϐ.
3647 2345 3768 2409 Ἐξ-

2176 2432 2529 2486 ἀποστείλαι
2571 2449 2669 2485 σοι
2714 2431 3005 2499 ,βοήθειαν
3044 2433 3112 2499 ἐξ
3144 2435 3335 2505 ἁγίου,
3380 2437 3475 2490 καί
3504 2438 3573 2490 ἐκ
3606 2440 3769 2492 Σιὼν

2176 2520 2554 2576 ἀντιλάϐοιτό
2603 2538 2737 2576 σου.
2778 2526 3084 2593 Μνησθείη
3121 2524 3324 2594 πάσης
3375 2528 3587 2595 θυσίας
3615 2547 3762 2597 σου,

2175 2614 2275 2667 καὶ
2298 2614 2363 2669 τὸ
2387 2616 2775 2686 ὀλοκαύτωμά
2800 2633 2915 2672 σου
2941 2617 3222 2674 manica).
3249 2619 3572 2691 Διάψαλμα.
3596 2624 3761 2677 Ἔστι

2179 2707 2277 2777 μὲν
2299 2706 2377 2779 τῷ
2408 2707 2569 2761 Δαυῖδ
2604 2709 2960 2781 ἀνακείμενος
2995 2712 3024 2763 ὁ
3055 2711 3286 2782 ψαλμὺς,
3322 2713 3457 2767 κατὰ
3486 2712 3576 2783 τὴν
3608 2731 3751 2784 προ.

2176 2801 2410 2871 γραφήν.
2455 2801 2776 2873 Ἐπίστησον
2807 2802 2863 2855 δὲ
2896 2802 3101 2874 μήποτε
3123 2804 3198 2867 ὼς
3227 2804 3362 2876 πρὸς
3394 2805 3482 2876 τὴν
3505 2804 3753 2875 ἱστορίαν

2177 2892 2307 2963 εὐχή
2340 2908 2421 2956 τις
2441 2889 2510 2965 ἦν
2533 2894 2669 2965 αὑτὴ
2700 2896 2956 2967 συνεργὸς
2988 2900 3107 2961 ταῖς
3134 2897 3227 2951 τοῦ
3249 2897 3409 2952 Δαυῒδ
3434 2897 3758 2969 ἱκετηρίαις.

2177 2981 2431 3053 δεομένου
2459 3002 2520 3038 τε
2551 2985 2643 3038 καὶ
2673 2986 3076 3051 ἀντιϐολοῦντος
3110 2988 3198 3042 διὰ
3239 2989 3545 3060 προσευχῆς
3571 2992 3762 3059 τυχεῖν

2178 3069 2589 3150 ΘεοῦΣωτῆρος
2619 3078 2754 3148 πρὸς
2786 3079 3010 3152 ἐχθροὺς
3041 3082 3135 3136 καὶ
3158 3081 3447 3153 πολεμίους
3477 3098 3763 3153 παρατατ-

2175 3172 2423 3243 τομένου.
2455 3172 2614 3236 Εἰκὸς
2639 3172 2758 3247 γὰρ,
2780 3168 2849 3245 ἦν
2884 3173 3033 3244 αὐτῷ
3064 3173 3235 3229 ταῦτα
3276 3174 3564 3245 πράττοντι
3597 3178 3760 3246 χορὸν

2175 3264 2343 3332 ἁγίων
2390 3264 2635 3335 ἀγγέλων
2677 3266 2710 3337 ἢ
2753 3266 2844 3320 καὶ
2894 3267 3154 3337 θεοφιλῶν
3193 3268 3419 3339 ἀνδρῶν,
3470 3268 3650 3321 αὐτῶν
3693 3269 3760 3344 δὴ

2171 3356 2279 3411 τῶν
2321 3357 2478 3427 ἱερῶν
2524 3359 2620 3411 καὶ
2662 3358 2986 3431 λειτουργῶν
3025 3358 3118 3413 τοῦ
3154 3359 3289 3413 Θεοῦ
3314 3361 3382 3414 τὰ
3418 3362 3760 3432 προκείμενα

2173 3450 2347 3503 πάντα
2406 3450 2758 3522 συνεύχεσθαι
2803 3451 2952 3523 αὐτῷ
3001 3453 3094 3506 καὶ
3140 3452 3317 3522 λέγειν
3338 3471 3352 3484 ·
3394 3455 3761 3512 Ἑπακούσαι

2172 3556 2287 3597 σου
2315 3544 2529 3612 Κύριος
2561 3545 2631 3598 ἐν
2660 3544 2849 3615 ἡμέρᾳ
2880 3545 3160 3614 θλίψεως,
3201 3548 3295 3600 καὶ
3322 3546 3391 3600 τὰ
3419 3547 3543 3618 ἑξῆς
3561 3564 3574 3576 ·
3608 3548 3670 3602 τό
3696 3566 3760 3601 τε

2170 3635 2248 3697 δὲ,
2279 3636 2384 3689 Καὶ
2408 3638 2744 3706 παρασταίη
2772 3652 2870 3692 σοι
2896 3636 2964 3690 τὸ
2996 3637 3180 3708 ὄνομα
3205 3636 3311 3692 τοῦ
3345 3639 3490 3693 Θεοῦ
3527 3638 3756 3695 Ἰακώϐ.

2185 3727 2449 3800 Ἀπαρκεῖ
2481 3729 2589 3801 γὰρ
2628 3729 2766 3801 αὑτὴ
2802 3732 2834 3801 ἠ
2869 3729 3153 3801 ἐπίκλησις
3194 3730 3286 3784 καὶ
3332 3732 3365 3802 ἡ
3412 3735 3757 3803 προσηγορία

2175 3820 2310 3891 πρὸς
2333 3821 2544 3891 ἄμυναν
2572 3823 2771 3886 παντὸς
2810 3822 3073 3876 ἐναντίου.
3104 3822 3287 3877 Ταῦτα
3313 3823 3369 3877 δὲ
3402 3825 3463 3877 οὐ
3495 3825 3642 3895 μόνῳ
3671 3826 3757 3896 τῷ

2172 3912 2353 3977 Δαυῒδ,
2380 3914 2515 3969 ἀλλὰ
2545 3916 2638 3970 καὶ
2675 3916 2838 3969 παντὶ
2875 3915 2953 3986 τῷ
2979 3914 3097 3969 καθ’
3123 3916 3378 3986 ὁμοίωσιν
3411 3917 3619 3970 ἐκείνου
3651 3918 3757 3983 τὰς

2171 4004 2237 4059 δι’
2271 4005 2445 4076 εὐχῶν
2462 4008 2838 4080 ἀναπέμποντι
2876 4007 2954 4079 τῷ
2993 4007 3111 4079 Θεῷ
3144 4008 3336 4081 νοερᾶς
3370 4010 3461 4063 καὶ
3500 4010 3756 4084 καθαρὰς

2172 4097 2379 4163 θυσίας,
2406 4100 2659 4171 δυνάμεις
2686 4101 2864 4169 ἁγίας,
2900 4101 2993 4154 καὶ
3036 4100 3282 4169 ἀγγέλων
3326 4102 3483 4173 ἱερῶν
3528 4106 3749 4176 χοροὺς,

2170 4190 2314 4254 εἰκὸς
2337 4189 2401 4244 ἂν
2432 4190 2517 4262 εἴη
2547 4191 2892 4262 συνεύχεσθαι
2928 4192 3017 4246 καὶ
3050 4190 3389 4262 ἐπεύχεσθαι.

2239 4281 2362 4349 Δῴη
2414 4298 2512 4336 σοι
2551 4285 2765 4351 Κύριος
2811 4284 2960 4338 κατὰ
3007 4283 3122 4351 τὴν
3164 4283 3415 4353 καρδίαν
3454 4302 3568 4340 σου
3589 4330 3604 4347 .
3642 4290 3747 4342 καὶ

2168 4373 2375 4430 πᾶσαν
2405 4374 2519 4442 τὴν
2556 4376 2793 4443 βουλήν
2825 4390 2940 4430 σου
2979 4376 3310 4445 πληρώσαι.
3355 4377 3752 4447 Ἀγηαλλιασόκ-

482 4467 653 4521 bimur
683 4465 739 4518 in
773 4458 1007 4517 salutari
1038 4465 1148 4519 tuo,
1174 4460 1224 4508 et
1262 4454 1319 4506 in
1351 4453 1558 4507 nomine
1587 4451 1803 4506 Domini
1845 4450 1944 4504 Dei
1971 4467 2067 4504 no-

2175 4470 2316 4534 μεθα
2334 4468 2403 4520 ἐν
2432 4466 2512 4532 τῷ
2541 4468 2811 4536 σωτηρίῳ
2839 4484 2974 4534 σου,
3005 4469 3099 4522 καί
3131 4469 3200 4523 ἐν
3229 4469 3309 4535 τῷ
3332 4472 3570 4539 ὀνόματι
3593 4473 3752 4525 Θεοῦ

481 4559 582 4613 stri
608 4551 1095 4626 magniﬁcabimur.
1126 4545 1353 4613 Impleat
1370 4544 1623 4599 Dominus
1649 4560 1829 4601 omnes
1852 4544 2065 4612 petitio-

481 4665 574 4704 nes
606 4657 727 4701 tuas
753 4662 772 4700 :
800 4659 939 4699 nunc
974 4640 1189 4711 cognovi
1218 4639 1465 4708 quoniam
1490 4638 1693 4691 salvum
1726 4636 1849 4706 fecit
1882 4636 2063 4690 Domi-

483 4758 584 4797 nus
609 4737 882 4795 Christum
905 4750 1080 4789 suum.
1113 4733 1159 4786 Α
1186 4731 1540 4801 diapsalmate
1566 4732 1677 4785 orsi
1708 4731 1803 4800 qui
1842 4744 2065 4799 precan-

485 4842 597 4900 tur,
624 4827 970 4901 prophetiam
1010 4824 1303 4890 emittunt;
1334 4822 1480 4893 quod
1524 4823 1575 4878 ei
1594 4822 1685 4893 qui
1717 4822 2063 4876 rationabilia

481 4924 575 4980 illa
604 4919 878 4979 sacriﬁcia
902 4916 1100 4974 obtulit
1118 4956 1133 4981 ,
1183 4931 1247 4971 ea
1285 4916 1467 4969 omnia
1496 4914 1792 4985 largiturus
1817 4914 1888 4968 sit
1918 4912 2060 4968 Deus

480 5031 604 5089 quae
632 5020 816 5071 mente
854 5019 910 5068 et
939 5010 1123 5065 animo
1162 5008 1493 5079 postulavit;
1536 5014 1588 5061 et
1616 5007 1908 5062 consilium
1939 5006 2059 5076 ejus

482 5108 853 5183 perfecturus,
877 5105 923 5160 si
946 5102 1165 5175 quidem
1189 5118 1298 5157 non
1338 5101 1500 5159 fuerit
1530 5102 1663 5173 ipsis
1692 5101 1784 5157 Dei
1810 5102 2058 5159 consiliis

482 5201 747 5257 alienum.
772 5195 865 5263 lis,
898 5196 1175 5267 inquiunt,
1204 5205 1380 5250 tecum
1422 5196 1577 5251 bonis
1615 5195 1881 5261 fruemur,
1910 5196 2059 5250 lacta-

482 5294 777 5363 bimurque
834 5290 889 5344 in
941 5289 1164 5345 salutari
1214 5296 1346 5344 tuo:
1388 5289 1541 5359 gnari
1571 5289 1772 5359 quippe
1828 5304 2053 5354 sumus,

483 5384 693 5457 Spiritu
729 5388 919 5437 sancto
964 5381 1265 5444 revelante,
1326 5380 1531 5450 prolem
1564 5380 1710 5433 illam
1742 5395 1806 5434 ex
1842 5386 1895 5434 te
1930 5395 2056 5449 pro-

476 5477 740 5538 dimram,
768 5475 1145 5531 universorum
1175 5473 1453 5530 hominum
1503 5474 1743 5530 salutare
1790 5473 2051 5528 futuram.

474 5572 597 5641 Qua
645 5570 701 5624 in
732 5584 790 5625 re
818 5585 920 5628 nos
948 5584 1164 5641 quoque
1188 5569 1242 5623 in
1270 5569 1491 5626 nomine
1520 5568 1736 5625 Domini
1761 5567 1854 5624 Dei
1879 5566 2052 5623 nostri

472 5663 969 5738 magniﬁcabimur.
1003 5662 1335 5736 lmpleantur
1363 5666 1526 5723 etiam
1573 5665 1864 5738 petitiones
1897 5670 2004 5719 tuae
2036 5684 2048 5719 :

471 5759 606 5832 ipsa:
633 5756 851 5840 quippe
854 5756 977 5841 Deo
972 5755 1189 5842 gignat
1210 5765 1355 5842 sunt.

2166 4557 2335 4628 ἡμῶν
2350 4560 2944 4628 μεγαλυνθησόμεθα.
2979 4560 3293 4628 Πληρώσαι
3316 4563 3530 4629 Κύριος
3548 4561 3752 4617 πάντα

2165 4650 2236 4704 τὰ
2265 4650 2554 4721 αίτήματά
2594 4666 2710 4705 σου
2733 4669 2745 4681 ·
2784 4651 2899 4706 νῦν
2932 4650 3141 4721 ἔγνων,
3182 4651 3271 4705 ὅτι
3308 4654 3501 4708 ἔσωσε
3526 4655 3749 4722 Κύριος

2165 4739 2270 4793 τὸν
2300 4739 2556 4809 Χριστὸν
2590 4738 2794 4793 αὑτοῦ.
2839 4738 2971 4797 Ἀπὸ
3011 4738 3103 4793 τοῦ
3148 4739 3515 4811 διαψάλματος
3557 4741 3605 4791 οἱ
3647 4740 3737 4791 εὐ-

2165 4832 2384 4904 ξάμενοι
2439 4831 2899 4902 προφητεύουσιν,
2945 4830 3093 4901 αὐτῷ
3137 4831 3228 4885 τὸν
3269 4831 3400 4886 Θεὸν
3438 4832 3661 4899 δώσειν,
3695 4825 3749 4899 ᾧ

2162 4924 2257 4988 τὰς
2280 4924 2501 4993 λογικάς
2530 4922 2719 4986 θυσίας
2761 4924 3149 4994 προσήνεγκεν,
3192 4922 3293 4976 ὅσα
3331 4922 3470 4981 κατὰ
3501 4923 3745 4977 διάνοιαν

2161 5016 2363 5088 ᾔτησε,
2397 5017 2490 5070 καὶ
2529 5015 2804 5086 πλήρωσιν
2840 5018 2903 5086 τῇ
2935 5014 3117 5084 βουλῇ,
3148 5015 3181 5084 ἢ
3229 5016 3311 5068 ὅτι
3353 5017 3426 5086 μὴ
3481 5015 3742 5087 ἀλλότρια

2161 5108 2293 5162 Θεοῦ
2323 5107 2389 5161 τὰ
2418 5106 2834 5178 βεϐουλευμένα.
2860 5105 3341 5177 Συναπολαύσομεν
3361 5107 3417 5160 δέ
3446 5123 3548 5167 σοι,
3579 5109 3738 5176 φασὶ,

2160 5200 2267 5254 τῶν
2315 5198 2572 5269 ἀγαθῶν,
2626 5197 3018 5269 ἀγαλλιώμενοι
3068 5197 3143 5268 τῷ
3191 5199 3441 5269 σωτηρίῳ
3495 5196 3573 5269 τῷ
3620 5198 3733 5269 σῷ·

2159 5294 2403 5364 ἔγνωμεν
2432 5291 2538 5364 γὰρ
2564 5290 2623 5355 ἐξ
2644 5291 2798 5359 ἀγίου
2826 5290 3135 5360 Πνεύματος
3175 5290 3235 5343 τὸ
3276 5293 3340 5343 ἐκ
3378 5288 3472 5353 σοῦ
3504 5293 3734 5361 γενησό-

2162 5403 2319 5457 μενον
2344 5386 2590 5456 γέννημα
2640 5383 2854 5437 πάντων
2893 5382 3193 5454 ἀνθρώπων
3237 5384 3529 5454 σωτήριον·
3565 5384 3650 5452 ἐφ’
3689 5378 3737 5452 ᾧ

2157 5481 2250 5533 καὶ
2274 5482 2437 5551 ἡμεῖς
2467 5476 2984 5549 μεγαλυνθησόμεθα
3015 5478 3071 5529 ἐν
3105 5473 3179 5545 τῷ
3209 5474 3430 5545 ὀνόματι
3472 5473 3564 5528 τοῦ
3594 5475 3733 5531 Θεοῦ

2158 5570 2332 5645 ἡμῶν.
2369 5572 2550 5625 Ἔστω
2573 5570 2630 5624 δέ
2659 5586 2750 5627 σου
2784 5569 2881 5623 καὶ.
2907 5567 2975 5621 τὰ
3000 5568 3276 5638 αἰτήματα
3298 5580 3311 5598 ·
3341 5568 3433 5620 καὶ
3471 5565 3582 5648 γὰρ
3601 5564 3733 5633 ἀξια

2155 5666 2324 5722 ταῦτα
2344 5664 2499 5719 Θεοῦ.
