3992 6216
337 250 438 305 197

1456 242 1949 300 COMMENTARIA
1986 243 2060 299 lN
2097 242 2432 321 PSALMOS,

3460 256 3562 316 £98

2598 312 2614 341 Ι

415 364 833 419 Ἐπακούσεται
866 364 1049 418 αὑτοῦ
1079 365 1146 428 ἐξ
1191 363 1448 433 οὐρανοῦ
1490 364 1659 433 ἁγίου
1687 364 1886 428 αὑτοῦ,

2066 348 2328 419 Exaudiet
2363 366 2513 419 illum
2541 365 2604 420 de
2625 367 2754 422 cmio
2780 376 2962 421 sancto
2985 384 3103 433 suo,
3134 369 3186 423 in
3211 374 3556 439 potestatibus

331 459 402 512 ἐν
425 457 803 522 δυναστείαις
835 459 1092 526 σωτηρία
1130 456 1239 525 τῆς
1264 456 1462 522 δεξιᾶς
1499 458 1702 511 αὑτοῦ.
1740 454 1886 521 Δεξιᾶ

1999 457 2145 511 salus
2170 455 2398 511 dextera:
2424 458 2561 524 ejus.
2603 456 2831 514 Dextera
2857 473 3071 524 manus,
3105 476 3401 532 omnesque
3424 464 3559 518 (ιρις

328 549 386 603 δὲ
416 550 557 621 χεὶρ.
581 548 675 603 καὶ
698 551 866 602 πᾶσαι
892 551 946 602 αἱ
973 550 1221 618 σωτήριοι
1256 549 1347 601 καὶ
1384 548 1553 614 δεξιαὶ
1592 548 1817 619 πράξεις
1842 549 1886 601 ἐκ

1999 557 2125 601 teras
2176 555 2230 601 et
2289 547 2557 604 salutares
2612 549 2853 603 actiones
2905 550 2959 603 in
2994 553 3353 621 potestatibus
3410 562 3556 609 sunt.

329 643 686 707 δυναστείαις.
716 644 978 714 Δυνάμεστ.
1016 643 1121 713 γὰρ
1169 643 1261 696 καὶ
1312 643 1555 714 σημείοις
1587 644 1681 697 καὶ
1712 644 1895 713 τέρασι

327 732 430 797 τὰς
453 736 533 797 είς
558 732 866 805 ἀνθρώπους
895 735 1177 805 ποιήσεται
1201 734 1537 805 εὐεργεσίας.

405 821 581 880 Οὗτοι
618 826 687 878 ἐν
721 825 976 894 ἅρμασιν
1012 826 1110 879 καὶ
1150 820 1312 880 οὗτοι
1359 825 1428 878 ἐν
1460 827 1683 891 ἵπποις,
1726 826 1889 894 ἡμεῖς

328 915 400 970 δὲ
429 917 500 970 ἐν
527 918 758 985 ὀνόματι
798 919 1019 993 Κυρίου⁵
1043 916 1187 970 Θεοῦ
1212 913 1377 984 ἡμῶν
1399 917 1888 984 ἐπικαλεσόμεθα.

327 1009 507 1063 Αὐτοὶ
558 1007 1084 1077 συνεποδίσθησαν
1137 1006 1233 1060 καὶ
1289 1006 1518 1060 ἔπεσαν
1536 1024 1549 1037 ⁶
1612 1007 1781 1076 ἡμεῖς
1825 1006 1892 1060 δὲ

327 1100 662 1167 ἀνέστημεν
691 1099 785 1152 καὶ
817 1098 1254 1168 ἀνωρθώθημεν.
1297 1097 1524 1161 Σῶσον,
1560 1101 1753 1167 Κύριε,
1786 1100 1893 1152 τὸν

320 1191 601 1266 βασιλέα,
632 1192 725 1245 καὶ
754 1191 1098 1245 ἐπάκουσον
1116 1192 1281 1261 ἡμῶν
1307 1194 1376 1245 ἐνν
1402 1186 1442 1263 ᾗ
1465 1192 1540 1245 ἂν
1563 1192 1892 1261 ἠμέρςιέπι-

326 1283 694 1353 καλεσόμεθά
722 1298 811 1339 σε.
861 1284 1017 1338 Ἀλλὰ
1043 1286 1150 1357 γὰρ
1194 1290 1227 1357 ἡ
1273 1290 1436 1357 πεῖρα
1474 1285 1581 1341 τῶν
1631 1286 1890 1356 πραγμά-

320 1388 429 1429 των
460 1376 651 1444 γένοιτ’
681 1377 745 1431 ἂν
786 1378 1001 1448 ἔλεγχος
1046 1378 1139 1431 τοῦ
1183 1379 1507 1450 κρείττονος;
1548 1380 1611 1431 Οἱ
1647 1379 1743 1449 μὲν
1784 1379 1891 1450 γὰρ

323 1464 406 1520 eo!
429 1467 613 1539 ἐχθροὶ
638 1470 720 1538 ἐφ’
755 1469 937 1532 ἵπποις
964 1470 1056 1522 καὶ
1088 1469 1295 1541 ἅρμασι
1325 1468 1661 1533 πεποιθότες,
1691 1486 1893 1539 συμπο-

318 1559 588 1623 δισθέντες
621 1560 904 1614 πεσοῦνται
930 1561 1128 1631 ὁμοίως
1155 1562 1232 1632 τῷ
1260 1559 1457 1634 Φαραὼ
1482 1561 1574 1614 ἐπὶ
1600 1562 1697 1630 τῆς
1740 1563 1891 1632 Ἐρυ-

318 1647 456 1721 θρᾶς
482 1649 750 1721 θαλάττης
782 1649 1247 1704 καταποντωθέντι
1267 1667 1280 1679 ο
1313 1653 1472 1721 ἡμεῖς
1497 1650 1554 1703 δὲ
1580 1651 1627 1703 oi
1677 1648 1756 1719 τῷ
1778 1650 1891 1703 dvo.

323 1758 455 1812 ματι
500 1742 703 1812 Κυρίου
738 1741 831 1795 τοῦ
857 1742 991 1794 Θεοῦ
1019 1741 1173 1813 ἡμῶν
1201 1742 1548 1812 ὡπλισμένοι,
1573 1742 1666 1795 καὶ
1700 1744 1781 1795 σοὶ
1811 1744 1887 1815 τῷ

317 1833 421 1896 τὰς
454 1832 644 1896 θυσίας
680 1834 1050 1904 ἀναπέμποντι
1091 1837 1209 1897 ταῖς
1243 1835 1425 1904 εὐχαῖς
1457 1835 1885 1906 συναγωνιζόμε-

258 1982 263 1987 ,
315 1940 425 1987 νοι,
477 1924 916 1995 ἀναστησόμεθα,
965 1928 1056 1980 καὶ
1100 1926 1621 1999 ἀνορθωθησόμεθα,
1667 1927 1759 1980 σοῦ
1790 1927 1886 1991 τὰς

323 2016 466 2069 κατὰ
493 2017 597 2070 τῶν
628 2018 833 2089 ἐχθρῶν
866 2018 1017 2081 νίκας
1044 2019 1337 2089 ἀραμένου.
1383 2017 1541 2071 Ἀλλὰ
1578 2016 1749 2071 ταῦτα
1790 2018 1886 2087 μὲν

316 2107 497 2174 ἔσται,
514 2110 664 2178 φασὶ,
684 2110 775 2163 καὶ
787 2109 880 2162 νῦν
898 2110 1137 2164 κατὰτδν
1162 2110 1348 2181 καιρὸν
1369 2113 1466 2181 τῆς
1487 2110 1580 2162 τοῦ
1602 2110 1886 2163 ἀποδοθέν-

320 2219 412 2266 τος
432 2202 692 2274 σωτηρίου
721 2202 1056 2272 ἐπιφανείας.
1084 2202 1214 2256 Τότε
1244 2201 1352 2273 γὰρ
1382 2202 1614 2273 μάλιστα
1639 2204 1805 2256 πᾶσαι
1831 2203 1886 2255 αἱ

318 2291 688 2363 ἀντικείμεναι
727 2292 1009 2363 δυνάμεις,
1045 2282 1137 2345 καὶ
1173 2294 1220 2345 οἱ
1264 2292 1486 2361 ἀφανεῖς
1535 2292 1628 2345 καὶ
1667 2292 1885 2364 ἀόρατοι

314 2382 413 2438 τοῦ
442 2383 574 2437 Θεοῦ
600 2384 866 2454 πολέμιοι,
893 2384 958 2437 δι’
993 2383 1157 2438 αὐτοῦ
1179 2383 1271 2437 τοῦ
1304 2383 1570 2455 σωτηρίου
1595 2384 1889 2455 τροπούμε-

310 2491 419 2538 ενοι,
451 2474 755 2531 πεσοῦνται.
782 2475 989 2538 Πάντες
1017 2475 1073 2528 δέ
1105 2476 1153 2528 οἱ
1184 2476 1246 2528 τὸ
1285 2476 1547 2547 σωτήριον
1580 2474 1884 2547 παραδεξὰ-

323 2583 493 2637 μενοι,
535 2565 624 2621 τοῦ
667 2567 832 2621 πάλαι
872 2566 1050 2620 αὐτῶν
1091 2566 1377 2637 πτώματος
1421 2566 1883 2637 διαναστήσονται.

319 2657 411 2711 Διδ
441 2658 568 2729 περὶ
601 2658 760 2712 αὑτοῦ
802 2657 1023 2728 Συμεὼν
1065 2657 1277 2726 ἔλεγεν·
1326 2657 1471 2711 Ἰδοὺ
1499 2653 1675 2723 οὗτος
1704 2656 1885 2710 κεῖται

316 2751 407 2814 εἷς
442 2749 670 2803 πτῶσιν
700 2750 797 2803 καὶ
846 2748 1182 2803 ἀνάστασιν
1217 2748 1490 2804 πολλῶν
1538 2748 1741 2802 πτῶσιν
1788 2748 1885 2820 μὲν

321 2839 518 2910 δηλαδὴ
557 2841 662 2896 τῶν
698 2839 905 2911 ἐχθρῶν
943 2840 1105 2894 αὐτοῦ
1144 2843 1238 2894 καὶ
1278 2842 1384 2895 τῶν
1416 2840 1683 2912 πολεμίων
1702 2857 1714 2870 ⁸
1752 2840 1884 2893 ἀνά-

325 2944 511 2981 στασιν
543 2929 598 2981 δὲ
628 2929 731 2982 τῶν
764 2928 931 2981 πάλαι
963 2930 1345 2994 πεπτωκότων,
1375 2930 1439 2983 δι’
1467 2929 1629 2983 αὐτοῦ
1664 2930 1719 2983 δὲ
1752 2931 1882 3001 ἐγη-

322 3019 622 3091 γερμένων.
681 3021 788 3074 Καὶ
822 3020 990 3073 ταῦτα
1024 3021 1123 3091 μὲν
1166 3021 1283 3076 τότε
1322 3023 1643 3093 γενήσεταισ
1679 3021 1772 3075 νῦν
1804 3020 1881 3084 δὲ,

315 3111 517 3184 Κύριε,
549 3111 686 3174 σῶζε
725 3114 853 3184 ἡμῖν
890 3111 980 3166 τὸν
1027 3112 1250 3182 βασιλέα
1290 3112 1468 3175 Δαυῒδ,
1500 3115 1595 3166 καὶ
1629 3114 1686 3164 ἐν
1729 3112 1889 3165 παντὶ

313 3204 399 3276 τῷ
416 3206 527 3258 ὄντι
555 3203 750 3275 καιρῷ,
778 3204 872 3258 καὶ
891 3205 947 3257 ἐν
1031 3203 1097 3256 ἂν
1123 3203 1303 3275 ἡμέρᾳ
1326 3201 1772 3272 ἐπικαλεσώμεθά
1804 3218 1883 3253 σε.

332 3297 583 3369 Ἀρμόζει
624 3296 680 3348 δὲ
718 3296 919 3360 ταῦτα,
959 3295 1033 3359 ὡς
1072 3294 1228 3359 ἄλλος
1270 3296 1429 3367 φησὶ,
1475 3295 1570 3350 κα)⁸
1611 3294 1703 3346 ἐπὶ
1741 3291 1889 3357 Ἐζε-

319 3388 444 3459 κίᾳ.
487 3388 715 3458 Νοήσεις
745 3388 803 3441 δὲ
838 3387 1005 3441 ταῦτα
1050 3387 1144 3441 καὶ
1178 3387 1315 3441 κατὰ
1348 3386 1439 3440 τὸν
1466 3386 1565 3457 τῆς
1603 3384 1891 3454 ἀναγωγῆς

319 3482 504 3552 νόμον.

422 3596 533 3648 ΕΙΣ
564 3595 651 3649 ΤΟ
688 3593 939 3658 ΤΕΛΟΣ,
977 3593 1266 3646 ΨΑΛΜΟΣ
1316 3592 1403 3644 ΤΩ
1443 3591 1641 3644 ΔΑΥΙΔ
1679 3591 1760 3642 K'.

388 3710 482 3773 Εἰς
506 3700 678 3763 αἴσιον
699 3707 804 3780 γὰρ
829 3704 1209 3775 ἀναπέμπεται
1230 3704 1297 3758 τὰ
1319 3703 1584 3774 λεγόμενα
1604 3705 1774 3769 τέλος,
1794 3709 1888 3761 καὶ

319 3800 426 3855 τῶν
451 3800 656 3873 ἐχθρῶν
680 3799 773 3852 τοῦ
800 3796 933 3851 Θεοῦ
962 3796 1212 3867 σημαίνει
1238 3796 1327 3848 τὸν
1355 3795 1594 3867 ὀλεθρον.
1627 3797 1720 3849 Διὸ
1745 3799 1887 3852 κατὰ

320 3893 421 3965 μὲν
453 3893 763 3964 Σύμμαχον,
814 3890 1133 3954 Ἐπινίκιός
1157 3889 1329 3942 ἐστιν
1356 3886 1475 3956 ᾠδή
1498 3905 1511 3918 ·
1545 3890 1686 3943 κατὰ
1714 3889 1769 3943 δὲ
1797 3891 1887 3945 τὸν

333 3986 592 4053 Ἀκύλαν,
631 3984 714 4050 Τῷ
740 3982 1019 4048 νικοποιῷ
1045 3979 1383 4051 μλῴδημα.

389 4168 583 4236 Κύριε,
600 4167 669 4220 ἐν
681 4163 753 4234 τῇ
769 4162 1012 4231 δυνάμει
1032 4176 1146 4215 σου
1167 4160 1635 4228 εὐφρανθήσεται
1660 4164 1692 4216 ὁ
1705 4162 1887 4226 ,βασι-

318 4264 481 4330 λεύς.
506 4258 673 4334 Οἶμαι
695 4260 789 4313 καὶ
813 4256 983 4311 ταῦτα
997 4255 1247 4324 λέγεσθαι
1263 4254 1330 4307 τὰ
1349 4254 1678 4324 προκείμενα
1698 4255 1763 4306 ἐκ
1777 4251 1885 4305 τῶν
1912 4280 1925 4289 κ

323 4356 416 4409 καὶ
429 4354 496 4408 τὰ
519 4354 623 4424 πρὸ
637 4352 823 4405 τούτου
844 4348 918 4420 τῷ
935 4346 1096 4401 Δαυῖδ
1114 4342 1511 4416 ἐπευξαμένων.
1537 4343 1737 4397 Μαθὼν
1757 4341 1885 4413 γοῦν

1998 637 2301 694 Virtutibus
2331 654 2567 710 namque
2588 679 2604 704 ,
2638 640 2808 711 signis
2846 648 2901 696 et
2952 641 3211 714 prodigiis
3233 683 3248 709 ,
3299 645 3558 702 beneﬁcia

1996 745 2096 786 sua
2124 730 2435 786 hominibus
2460 732 2820 803 dispensabit.
3517 792 3521 797 ,

2064 822 2232 877 Vens.
2268 823 2425 878 8-10.
2469 822 2544 876 Hi
2598 825 2652 877 in
2712 824 2952 879 curribus
2989 834 3040 879 et
3071 826 3125 880 lii
3162 829 3214 882 in
3251 830 3416 900 equis,
3466 848 3560 887 nos

1994 923 2166 968 autem
2216 916 2269 968 in
2322 916 2527 969 nomine
2566 914 2781 969 Domini
2822 916 2921 970 Dei
2960 920 3130 972 nostri
3180 920 3557 977 invocabimus.

1994 1001 2108 1071 Ipsi
2130 1001 2366 1064 impediti
2391 1011 2512 1056 sunt
2546 1012 2596 1057 et
2631 1004 2963 1070 ceciderunt,
3001 1023 3095 1060 nos
3129 1016 3302 1062 autem
3329 1014 3562 1065 surrexi-

1991 1111 2105 1147 mus
2123 1103 2172 1148 et
2208 1096 2365 1149 erecti
2391 1111 2593 1150 sumus.
2624 1095 2847 1150 Domine
2868 1137 2883 1160 ,
2925 1098 3128 1151 salvum
3158 1100 3244 1169 [ac
3274 1118 3440 1172 regem
3460 1143 3473 1168 ,
3509 1116 3559 1158 et

1988 1186 2181 1239 exaudi
2206 1203 2298 1240 nos
2329 1187 2381 1239 in
2419 1186 2504 1240 die
2533 1203 2636 1257 qua
2662 1187 3068 1242 invocaverimus
3107 1200 3173 1243 te.
3218 1190 3339 1262 Ipsa
3377 1209 3559 1249 rerum

1988 1278 2339 1347 experientia,
2376 1286 2754 1348 argumentum
2781 1295 2913 1336 sane
2949 1280 3109 1336 fuerit
3140 1284 3269 1352 quid
3315 1285 3368 1338 in
3395 1287 3560 1342 rebus

1988 1368 2332 1434 praestantius
2358 1365 2450 1420 sit.
2481 1366 2549 1418 At
2573 1366 2718 1421 enim
2748 1368 2953 1432 inimici
2982 1370 3084 1435 tui,
3112 1372 3268 1442 equis
3297 1382 3351 1428 et
3384 1378 3561 1430 curri-

1990 1455 2092 1511 bus
2120 1455 2476 1521 conﬁdentes,
2511 1458 2789 1527 prmpediti
2835 1468 3093 1516 corruent
3122 1463 3345 1533 perinde
3398 1475 3561 1538 atque

1988 1546 2221 1612 Pharao,
2258 1548 2352 1620 qui
2383 1549 2437 1603 in
2467 1551 2605 1604 mari
2642 1551 2829 1608 Rubro
2860 1553 3145 1610 demersus
3186 1565 3291 1614 est.
3328 1557 3439 1615 NOs
3468 1576 3561 1616 au-

1992 1646 2101 1692 tem
2133 1639 2352 1694 nomine
2385 1639 2594 1695 Domini
2618 1642 2713 1699 Dei
2747 1645 3211 1702 nostri‘instructi
3242 1656 3295 1704 et
3324 1653 3558 1718 armati,

1993 1746 2056 1784 ac
2086 1740 2262 1786 tecum
2316 1731 2408 1802 qui
2460 1733 2728 1789 sacriﬁcia
2772 1735 3022 1793 immolas
3069 1739 3323 1808 precibus
3355 1741 3559 1797 nostris

1992 1832 2388 1890 concertantes,
2414 1839 2763 1897 resurgemus
2804 1838 2967 1899 atque
3000 1830 3302 1901 erigemur,
3330 1849 3454 1888 cum
3498 1840 3557 1889 tu

1993 1917 2058 1973 de
2087 1917 2323 1973 inimicis
2356 1919 2636 1974 victoriam
2659 1921 2932 1977 retuleris.
2970 1921 3076 1976 Sed
3120 1923 3252 1991 haec,
3278 1925 3556 1996 inquiunt.

1991 2012 2239 2066 evenient
2285 2021 2525 2084 tempore
2569 2014 2835 2070 Salutaris
2868 2016 3014 2072 illius
3060 2017 3343 2075 adventus.
3398 2019 3553 2077 Tunc

1991 2103 2133 2157 enim
2183 2103 2418 2161 maxime
2463 2104 2655 2162 'omnes
2696 2107 3021 2163 adversariae
3053 2118 3351 2179 potestates
3386 2126 3449 2167 ac
3478 2114 3559 2167 la-

1991 2201 2169 2251 tentes
2214 2196 2290 2250 illi
2315 2204 2369 2253 et
2397 2199 2598 2253 occulti
2652 2197 2747 2254 Dei
2802 2200 3030 2264 inimici,
3065 2203 3134 2256 ab
3165 2203 3285 2272 ipso
3311 2201 3553 2260 Salutari

1993 2287 2047 2341 in
2096 2287 2275 2359 fugam
2309 2290 2473 2356 versi,
2508 2297 2941 2361 prosternentur.
2995 2291 3197 2349 Omnes
3250 2310 3414 2366 porro
3461 2299 3558 2371 qui

1995 2377 2242 2435 Salutare
2266 2380 2577 2451 hujusmodi
2607 2385 2934 2453 receperint,
2966 2402 2995 2440 a
3018 2386 3249 2455 pristino
3289 2387 3440 2458 lapsu
3469 2404 3558 2444 τοο

1993 2480 2236 2541 surgent.
2267 2471 2475 2529 ldcirco
2504 2476 2577 2528 ita
2620 2474 2841 2531 Simeon
2865 2477 2933 2532 de
2956 2477 3074 2548 ipso
3105 2479 3344 2548 loquitur
3376 2500 3388 2534 :
3427 2480 3557 2537 Ecce

1988 2566 2188 2634 positus
2216 2572 2293 2620 est
2335 2565 2418 2619 hic
2451 2568 2504 2621 in
2555 2564 2763 2621 ruinam
2809 2579 2860 2622 et
2899 2572 3326 2626 resurrectionem
3353 2573 3544 2627 multo-

1989 2673 2108 2710 rum
2138 2658 2216 2711 πε
2251 2655 2466 2711 ruinam
2519 2655 2771 2713 videlicet
2816 2656 3161 2712 inimicorum
3217 2666 3270 2713 et
3316 2659 3555 2715 hostium

1990 2747 2142 2818 ejus:
2180 2748 2636 2805 resurrectionem
2667 2763 2797 2803 vero
2825 2762 3015 2803 eorum
3041 2750 3133 2819 qui
3156 2749 3284 2804 olim
3318 2750 3455 2817 lapsi
3487 2752 3556 2805 ab

1991 2840 2111 2910 ipso
2161 2841 2410 2897 suscitati
2464 2847 2611 2897 sunt.
2668 2839 2792 2895 Hmc
2841 2840 3061 2912 quidem
3118 2848 3249 2896 tunc
3294 2852 3555 2898 eventura

1991 2940 2151 2999 sunt;
2177 2933 2290 3002 jam
2308 2949 2462 2998 vero,
2487 2939 2547 2987 tu
2568 2932 2816 3000 Domine,
2848 2933 3057 2989 salvum
3088 2932 3173 2988 fac
3193 2934 3354 2990 nobis
3372 2949 3554 3005 regem

1990 3022 2268 3092 Davidem,
2292 3032 2347 3081 et
2378 3026 2432 3080 in
2462 3026 2609 3080 omni
2637 3041 2865 3096 prorsus
2886 3034 3147 3096 tempore,
3175 3035 3229 3081 et
3250 3025 3307 3100 in
3335 3026 3423 3081 die
3445 3042 3554 3097 qua

1988 3116 2421 3173 invocaverimus
2447 3128 2498 3173 te
2524 3136 2538 3173 :
2575 3133 2697 3187 quae
2724 3117 2874 3182 item,
2899 3126 2959 3173 ut
2991 3120 3131 3175 alius
3159 3118 3357 3189 inquit,
3387 3118 3551 3174 etiam

1990 3205 2233 3262 Ezechiae
2259 3208 2371 3278 regi
2399 3217 2721 3279 congruunt.
2756 3207 2880 3263 Haec
2905 3224 3069 3280 porro
3093 3207 3411 3281 anagogico,
3438 3209 3553 3266 sive

1990 3295 2308 3363 reductitio,
2340 3312 2490 3354 more
2520 3297 2777 3373 accipias.

2156 3577 2208 3630 1.
2248 3576 2317 3630 ΙΝ
2357 3577 2603 3645 FINEM,
2642 3576 2966 3633 PSALMUS
3006 3577 3213 3632 DAVID
3250 3579 3370 3636 XX.

2058 3685 2190 3753 Quae
2218 3687 2308 3743 hic
2341 3687 2619 3755 dicuntur,
2651 3690 2718 3744 ad
2752 3688 2992 3744 faustum
3024 3689 3309 3746 referenda
3344 3691 3505 3748 ﬁnem
3532 3711 3546 3747 :

1989 3795 2115 3834 nam
2143 3780 2488 3836 inimicorum
2517 3781 2610 3838 Dei
2638 3782 2864 3838 exitium
2894 3783 3219 3855 signiﬁcant.
3249 3785 3429 3849 Quare
3456 3802 3547 3843 se-

1988 3869 2227 3924 cundum
2270 3870 2655 3942 Symmachum
2684 3913 2699 3939 ,
2736 3871 3073 3939 Triumphale
3111 3873 3417 3936 canticum;
3458 3888 3549 3928 se-

1988 3963 2228 4015 cundum
2259 3962 2511 4032 Aquilam
2540 3978 2690 4028 vero,
2730 3961 2973 4018 Victoria:
3000 3966 3203 4018 auctori
3230 3951 3545 4029 modulatio,

1990 4053 2334 4111 inscribitur.

2057 4142 2223 4200 Vens.
2263 4142 2319 4200 2.
2356 4143 2615 4209 Domine,
2664 4146 2718 4198 in
2762 4146 2953 4199 virtute
2997 4153 3089 4199 tua
3129 4145 3399 4200 laztabitur
3431 4162 3543 4201 rex.

1988 4238 2238 4292 Arbitror
2265 4238 2335 4291 ab
2365 4236 2559 4293 iisdem
2582 4279 2598 4304 ,
2623 4239 2716 4307 qui
2746 4238 2996 4307 superius
3026 4237 3222 4293 Davidi
3252 4241 3389 4294 bene
3417 4255 3544 4308 pre-

1988 4329 2096 4384 cati
2145 4328 2396 4394 fuerant,
2444 4328 2561 4387 htec
2611 4328 2778 4383 etiam
2827 4329 3038 4399 prolata
3080 4328 3271 4385 fuisse.
3307 4328 3443 4382 Cum
3478 4330 3546 4383 ab

680 4439 788 4494 ἀπὸ
814 4405 923 4491 τῶν
950 4436 1083 4510 πρὸς
1116 4405 1275 4489 αὑτὸν
1296 4405 1598 4505 γενομένων
1623 4405 1885 4505 χρησμῶν

1990 4421 2227 4477 oraculis
2266 4421 2371 4476 sibi
2411 4420 2571 4476 editis
2632 4420 2947 4475 edidicisset
2988 4419 3155 4474 David
3207 4433 3271 4473 ea
3308 4433 3427 4488 qua:
3460 4433 3548 4473 sa-

321 4535 391 4588 τὰ
413 4532 648 4603 περὶτοῦ
681 4534 743 4585 ἐκ
768 4530 1079 4604 σπέρματος
1105 4526 1266 4580 αὑτοῦ
1296 4525 1750 4598 προελευσομένου
1785 4543 1887 4580 σω-

320 4624 510 4697 τηρίου
534 4665 548 4691 ,
577 4625 670 4677 καὶ
694 4624 793 4693 τῆς
823 4625 879 4676 ἐν
909 4620 988 4692 τῷ
1017 4618 1266 4691 σωτηρίῳ
1294 4617 1575 4688 δυνάμεως
1593 4659 1607 4681 ,
1641 4618 1733 4671 ἐπὶ
1759 4619 1885 4672 τού-

322 4735 433 4782 τοις
463 4714 892 4787 εὐφρανθήσεται
926 4715 1017 4767 καὶ
1050 4712 1434 4781 ἁγαλλιάσεται
1468 4710 1691 4783 σφόδρα.
1778 4712 1886 4764 Καὶ

320 4811 529 4873 τούτοις
558 4824 621 4878 γε
646 4807 879 4881 θαρσῶν,
913 4803 1020 4874 τῶν
1047 4821 1106 4856 τε
1133 4804 1339 4876 ἐχθρῶν
1372 4804 1460 4859 διὰ
1494 4803 1696 4857 τούτων
1727 4820 1884 4874 περι-

323 4902 607 4973 γενόμενος
626 4940 640 4966 ,
663 4899 745 4952 σοὶ
765 4898 840 4972 τῷ
863 4894 1116 4965 νικοποιῷ
1135 4895 1253 4968 Θεῷ
1276 4897 1343 4950 τὰ
1367 4895 1590 4968 βραδεῖα
1608 4894 1705 4964 τῆς
1725 4893 1879 4964 νίκης

318 4994 623 5067 ¹ἀνατίθησι.
672 4993 860 5065 Χαίρει
892 5010 951 5046 τε
978 4996 1070 5050 καὶ
1104 4990 1543 5062 ὑπερϐαλλόντως
1569 4980 1876 5055 ἀγάλλεται,

325 5089 421 5159 τῆς
439 5086 545 5141 τῶν
566 5085 770 5158 ἐχθρῶν
794 5084 1076 5156 ἐπιϐουλῆς
1096 5085 1199 5139 ὑπὸ
1225 5083 1315 5137 σοῦ
1338 5079 1729 5151 διασωζόμενος
1745 5092 1760 5108 ο
1786 5075 1880 5129 καὶ

322 5181 419 5252 ούχ
445 5180 612 5241 οὕτως
642 5179 734 5231 ἐπὶ
764 5180 828 5250 τῇ
860 5178 1049 5231 ἑαυτοῦ
1078 5176 1319 5247 σωτηρίᾳ
1352 5174 1582 5244 ἀγαλλιᾷ
1604 5214 1619 5237 ,
1651 5173 1772 5225 ὅσον
1798 5171 1880 5223 ὅτι

324 5272 472 5347 παρὰ
507 5271 599 5327 σοῦ
630 5271 691 5325 τὺ
721 5272 982 5342 σωτήριον
1012 5268 1174 5323 αὑτοῦ
1209 5267 1574 5338 προσγίνεται.
1637 5264 1747 5318 Καὶ
1774 5261 1883 5333 γὰρ

323 5365 667 5437 ἐπιθυμήσας
696 5363 758 5416 τὸ
791 5361 941 5433 παρὰ
970 5360 1062 5413 σοῦ
1094 5360 1374 5429 σωτήριον,
1409 5357 1501 5410 καὶ
1534 5356 1661 5429 περὶ
1693 5355 1882 5408 τούτου

322 5460 432 5521 τοῖς
482 5444 714 5528 χείλεσιν
752 5453 944 5508 ἐαυτοῦ
997 5457 1054 5508 ἐν
1099 5455 1216 5515 ταῖς
1255 5448 1388 5521 πρὸς
1415 5448 1501 5501 τὸν
1534 5448 1666 5501 Θεὸν
1700 5446 1884 5517 εὐχαῖς

326 5546 603 5618 ἱκετηρίαν
633 5544 960 5616 ἀναπέμψας
988 5586 1002 5611 ,
1055 5544 1153 5598 οὐκ
1184 5540 1490 5596 ἐκπεσεῖται
1516 5538 1614 5610 τῆς
1645 5537 1881 5601 ἐλπίδος,

390 5703 595 5761 "Luc.
642 5720 703 5772 ιι,
754 5703 843 5759 54.

1986 4515 2163 4568 lutare
2205 4512 2337 4567 illud
2382 4527 2448 4566 ex
2497 4511 2704 4567 semine
2750 4524 2850 4565 suo
2897 4508 3282 4579 proditurum,
3332 4523 3546 4565 necnon

1984 4605 2241 4661 salutaris
2266 4603 2511 4673 ejusdem
2537 4604 2795 4657 virtutem
2828 4601 3182 4672 spectabant,
3209 4600 3276 4657 de
3309 4601 3377 4657 iis
3397 4642 3412 4666 ,
3442 4603 3544 4667 ait,

1983 4697 2250 4752 laetabitur
2272 4705 2327 4753 et
2348 4697 2647 4752 exsultabit
2670 4695 3035 4751 vehementer.
3068 4696 3249 4767 lisque
3272 4694 3542 4758 conﬁsus,

1986 4792 2338 4863 inimicisque
2371 4807 2561 4847 eorum
2594 4806 2697 4861 ope
2729 4791 2990 4857 devictis,
3024 4791 3123 4846 tibi
3162 4790 3270 4846 Deo
3303 4790 3545 4845 victoria:

1987 4883 2228 4951 auctori,
2272 4885 2518 4955 ejusdem
2561 4883 2806 4939 victoriae
2850 4883 3040 4938 brahia
3084 4881 3350 4937 attribuit.
3399 4881 3544 4936 Gau-

1986 4978 2182 5048 detque
2220 4978 2515 5034 admodum
2555 4986 2610 5033 et
2647 4977 2926 5042 exsultat,
2973 4977 3316 5031 inimicorum
3358 4973 3453 5027 abs
3493 4982 3544 5027 te

1985 5080 2211 5142 ereptus
2236 5070 2474 5128 insidiis
2496 5112 2511 5137 ,
2552 5086 2728 5141 neque
2767 5078 2977 5124 tantum
3007 5070 3075 5125 de
3103 5070 3280 5126 salute
3312 5081 3409 5122 sua
3447 5065 3538 5118 la:-

1984 5171 2152 5228 tatur,
2183 5172 2445 5234 quantum
2476 5162 2544 5218 de
2577 5164 2747 5219 misso
2775 5161 2872 5217 abs
2902 5169 2954 5216 te
2984 5158 3211 5216 salutari
3243 5172 3363 5214 suo.
3404 5155 3540 5208 Cum

1984 5256 2128 5312 enim
2164 5257 2307 5312 idem
2337 5256 2577 5312 salutare
2601 5262 2755 5311 tuum
2789 5254 3020 5311 summis
3045 5253 3184 5309 votis
3218 5243 3537 5319 expetierit,

1984 5357 2147 5422 atque
2173 5349 2333 5405 labiis
2365 5352 2481 5421 ipse
2512 5349 2628 5406 suis
2649 5390 2663 5414 .
2690 5349 2890 5404 emissa
2922 5347 3232 5417 frequenter
3260 5336 3536 5399 oratione,

1982 5457 2084 5513 pro
2138 5441 2391 5498 salutaris
2439 5440 2682 5512 ejusdem
2723 5440 2957 5495 adventu
2985 5435 3083 5490 tibi
3125 5422 3539 5513 supplicaverit,

1986 5512 2325 5606 nequaquam
2351 5549 2447 5605 spe
2470 5534 2705 5599 labetur,
2729 5545 2904 5602 neque
2929 5527 3079 5611 irrita
3101 5513 3390 5591 postulatio
3415 5512 3540 5586 ejus
