3980 6214
532 252 640 309 109

1228 252 1498 312 EUSEBII
1533 248 2017 312 CESARIENSIS
2050 254 2206 314 DPP.
2249 259 2427 316 PARS
2459 262 2551 319 III.
2589 292 2654 306 -
2694 262 3104 322 EXEGETICA.

3649 270 3764 329 εθο

525 369 634 427 erit
658 385 677 438 ;
706 352 829 425 imo"
843 368 1007 425 etiam
1039 376 1225 439 optata
1250 375 1617 435 consecutus,
1645 367 1957 425 orationem
1985 367 2057 425 ite

2186 372 2305 427 οὐδὲ
2337 376 2729 448 στερηθήσεται
2757 376 2850 432 τοῦ
2886 380 3183 451 αἱτήματος
3208 420 3224 446 ,
3279 380 3414 435 ἀλλὰ
3461 383 3577 436 κατ’
3615 382 3765 461 [καῖ]

527 468 653 511 rum
678 454 914 512 emittet.

603 547 671 601 Et
723 562 880 615 super
925 547 1162 602 salutare
1216 554 1364 600 tuum
1413 544 1699 600 exsultabit
1751 544 2091 613 vehementer.

528 636 681 691 Illum
714 638 914 707 quippe
945 636 1087 693 Deus
1115 650 1329 691 summo
1359 636 1557 707 gaudio
1586 636 1850 707 replebit,
1876 635 2092 707 quando

524 728 667 786 facie
707 729 777 783 ad
817 729 1012 783 faciem
1045 728 1277 799 gloriam
1311 728 1430 798 ejus
1468 727 1828 798 contemplari
1866 742 2093 783 conces-

525 822 677 878 serit.
702 820 1062 887 Quamobrem
1093 820 1168 874 ait
1193 818 1590 892 Symmachus:
1623 818 1944 890 Lteti/icabis
1974 836 2092 875 eum

521 915 578 969 in
618 912 808 988 gaudio
848 929 880 965 a
922 912 1069 966 vultu
1112 921 1222 967 tuo.
1256 910 1392 965 Nam
1433 911 1486 967 in
1532 919 1778 983 tempore
1819 912 2092 983 iustiﬁca-

521 1006 721 1073 tionis,
755 1004 973 1075 quando
1006 1002 1176 1058 David
1213 1004 1357 1060 inter
1392 1019 1489 1069 eos
1530 1004 1623 1076 qui
1670 1004 1901 1061 salutem
1942 1006 2088 1061 nacti

518 1105 649 1154 sunt
690 1096 903 1152 medius
947 1094 1292 1159 consistens,
1341 1095 1520 1165 magni
1566 1093 1731 1168 Regis
1762 1098 1972 1153 vultum
2004 1099 2090 1153 in-

516 1189 785 1255 tuebitur,
814 1196 869 1243 et
901 1201 1106 1242 corona
1153 1185 1221 1241 de
1262 1185 1442 1256 lapide
1481 1188 1722 1257 pretioso
1765 1198 1931 1259 caput
1966 1191 2087 1262 ejus

513 1282 842 1347 ornabitur;
877 1279 1053 1351 gloria
1095 1277 1609 1350 magniﬁcentiaque
1638 1279 1963 1349 decoratus,
2001 1283 2087 1339 di-

513 1373 641 1429 vino
666 1372 867 1443 gaudio
892 1377 947 1425 et
976 1369 1186 1425 cmlesti
1216 1368 1403 1425 laetitia
1434 1370 1762 1442 replebitur.

582 1553 747 1610 Vens.
778 1554 893 1609 3-7.
930 1555 1259 1612 Desiderium
1287 1558 1460 1612 cordis
1488 1558 1602 1629 ejus
1647 1562 1878 1619 tribuisti
1909 1562 1980 1627 ei,
2018 1571 2070 1618 et

510 1647 772 1702 voluntate
795 1648 1051 1703 labiorum
1081 1650 1193 1719 ejus
1221 1667 1325 1706 non
1350 1651 1617 1721 fraudasti
1648 1670 1786 1708 eum.
1813 1653 2070 1726 Diapsal-

2195 468 2359 539 εὐχὰς
2387 470 2616 543 παρέξει
2642 471 2962 545 τευξόμενος
2986 474 3086 544 τῆς
3113 473 3423 546 ἑπιθυμίας.

2260 563 2370 617 Καὶ
2398 564 2497 618 ἐπὶ
2515 564 2593 631 τῷ
2606 569 2874 636 σωτηρίῳ
2901 582 3018 622 σου
3045 568 3468 639 ἀγαλλιάσεται
3500 570 3761 641 σφόδρα.

2192 654 2483 726 Εὑφραίνει
2502 656 2611 730 γὰρ
2632 658 2791 712 αὐτὸν
2810 700 2825 724 ,
2852 660 3037 730 φησὶν,
3060 663 3088 715 ὁ
3109 660 3240 725 Θεὸς
3261 662 3317 714 ἑν
3341 663 3483 734 χαρᾷ
3498 703 3512 725 ,
3536 663 3765 720 ἐπειδὰν

2191 745 2479 818 πρόσωπον
2532 750 2667 822 πρὸς
2696 750 2983 823 πρόσωπον
3013 752 3110 825 τῆς
3136 752 3300 808 αὐτοῦ
3329 753 3485 826 δόξης
3513 756 3761 831 ἑπόπτην

2189 838 2350 893 αὑτὸν
2376 844 2800 915 καταστήσηται.
2831 845 2923 900 Διό
2953 862 3116 917 φησιν
3145 848 3174 900 ὁ
3204 847 3498 919 Σύμμαχος
3517 868 3530 879 υ
3567 852 3761 919 Χαρο-

2187 930 2462 999 ποιήσεις
2493 934 2677 988 αὐτὸν
2701 935 2771 989 ἐν
2813 937 3156 1006 εὐφροσύνῃ
3195 939 3354 1005 παρὰ
3380 938 3486 992 τοῦ
3527 938 3763 1007 προσώ-

2187 1041 2305 1078 που
2342 1040 2478 1078 σου.
2539 1025 2627 1097 Τῷ
2660 1025 2768 1098 γὰρ
2800 1026 2973 1100 καιρῷ
2996 1027 3097 1081 τοῦ
3122 1028 3502 1101 δικαιωτηρίου
3531 1069 3547 1095 ,
3600 1030 3755 1085 ἑπει-

2185 1114 2280 1169 δὰν
2304 1115 2366 1169 τὸ
2399 1117 2688 1189 πρόσωπον
2713 1118 2807 1173 τοῦ
2839 1120 3071 1191 μεγάλου
3103 1119 3364 1189 βασιλέως
3394 1121 3556 1193 μέσος
3581 1123 3758 1190 ἑστὼς

2184 1207 2214 1260 ὁ
2239 1207 2400 1262 Δαυῒδ
2431 1208 2540 1263 τῶν
2566 1210 2883 1283 σωζομένων
2909 1212 3152 1267 θεάσοιτο
3176 1252 3191 1278 ,
3216 1214 3309 1267 καὶ
3336 1213 3412 1286 τῷ
3431 1215 3597 1287 τιμίῳ
3620 1215 3757 1289 λίθῳ

2181 1299 2281 1372 τὴν
2313 1300 2551 1373 κεφαλὴν
2574 1303 2925 1374 ἐστεμμένος,
2954 1303 3080 1379 δόξῃ
3101 1322 3159 1359 τε
3190 1306 3283 1359 καὶ
3307 1306 3754 1382 μεγαλοπρεπείᾳ

2183 1393 2624 1464 κεκοσμημένος,
2658 1394 2841 1449 ἐνθέου
2864 1399 3038 1471 χαρᾶς
3090 1397 3185 1452 καὶ
3208 1400 3457 1471 οὐρανίου
3486 1400 3753 1474 εὐφροσύ-

2181 1500 2279 1554 νης
2318 1486 2757 1561 πληρωθήσεται.

2256 1575 2373 1646 Τὴν
2388 1579 2706 1651 ἐπιθυμίαν
2726 1581 2837 1652 τῆς
2857 1582 3098 1652 καρδίας
3121 1584 3306 1639 αὐτοῦ
3325 1585 3549 1654 ἔδωκας
3567 1585 3751 1654 αὐτῷ,
3776 1613 3786 1622 ·

2181 1669 2278 1724 καὶ
2305 1670 2420 1740 τὴν
2444 1670 2660 1742 δέησιν
2678 1673 2796 1727 τῶν
2814 1675 3062 1745 χειλέων
3081 1676 3266 1731 αὐτοῦ
3286 1679 3394 1732 οὐκ
3413 1678 3746 1749 ἐστέρησας

510 1756 616 1793 ma.
649 1738 909 1804 Quoniam
930 1742 1228 1810 prwvenisti
1252 1758 1371 1797 eum
1400 1743 1457 1797 in
1481 1741 1923 1803 benedictionibus
1946 1745 2057 1801 dul-

2174 1736 2378 1819 aotdr.
2398 1736 2729 1837 Διάψίιαμα.
2747 1736 2874 1822 "0?.
2894 1769 3274 1840 προέφθασας
3291 1772 3476 1826 αὐτὸν
3493 1736 3566 1827 ιθνῖ
3577 1736 3751 1829 eius:

505 1829 741 1896 cedinis,
784 1829 1010 1901 posuisti
1049 1829 1103 1882 in
1146 1831 1317 1900 capite
1357 1828 1471 1899 ejus
1513 1847 1762 1886 coronam
1790 1830 1855 1887 de
1898 1831 2073 1903 lapide

504 1922 751 1983 pretioso.
796 1920 968 1975 Vitam
999 1920 1145 1990 petiit
1177 1937 1210 1974 a
1242 1931 1291 1976 te
1311 1962 1326 1986 ,
1373 1932 1421 1976 et
1449 1922 1685 1978 tribuisti
1712 1924 1759 1978 ei
1785 1924 2074 1996 longitudi-

505 2032 622 2071 nem
662 2016 865 2070 dierum
903 2015 959 2068 in
1002 2014 1253 2069 saxulum
1296 2016 1500 2071 swculi.
1552 2015 1754 2088 Magna
1794 2028 1869 2073 est
1898 2018 2071 2089 gloria

502 2108 616 2176 ejus
653 2108 708 2161 in
747 2107 977 2161 salutari
1016 2117 1140 2173 tuo,
1178 2108 1404 2178 gloriam
1437 2118 1488 2164 et
1543 2126 1792 2181 magnum
1832 2110 2070 2168 decorem

503 2204 734 2272 impones
775 2218 931 2272 super
967 2218 1104 2258 eum.
1150 2202 1413 2268 Quoniam
1443 2203 1596 2258 dabis
1625 2220 1744 2259 eum
1776 2206 1831 2260 in
1864 2205 2070 2263 benedi-

500 2295 726 2350 ctionem
752 2334 768 2360 ,
802 2304 910 2351 etc.
946 2293 1265 2351 Prmmissas
1299 2294 1488 2351 Davidi
1520 2297 1945 2366 pollicitationes
1973 2317 2070 2358 va-

500 2388 760 2444 ticinatus
778 2427 795 2454 ,
824 2397 1224 2458 consequenter
1249 2403 1470 2445 causam
1498 2389 1653 2445 allert
1677 2406 1775 2447 cur
1800 2392 1915 2450 haec
1942 2410 2070 2452 con-

500 2488 791 2538 secuturus
832 2481 923 2538 sit.
974 2479 1299 2551 Ecquaenam
1346 2481 1438 2535 illa
1477 2497 1675 2549 causa,
1706 2484 1812 2540 nisi
1847 2502 1974 2557 spes
2006 2488 2063 2543 in

500 2570 790 2627 Dominum
810 2612 825 2638 ,
858 2586 963 2643 qua
995 2571 1426 2628 misericordiam
1458 2581 1652 2631 nactus
1672 2616 1688 2643 ,
1721 2592 1819 2647 spe
1845 2577 1938 2632 illa
1965 2592 2066 2636 sua

499 2677 531 2717 a
560 2663 669 2720 Deo
699 2665 968 2721 altissimo
996 2665 1121 2722 data
1148 2682 1260 2722 non
1302 2666 1548 2735 decidet,
1591 2685 1769 2742 neque
1805 2672 1863 2726 in
1907 2671 2064 2729 ﬁrmo

496 2753 591 2809 illo
618 2770 682 2811 ac
709 2756 886 2813 solido
912 2766 1059 2815 statu
1088 2756 1417 2815 ﬂuctuabit?
1461 2756 1600 2814 Nam
1632 2776 1747 2830 spes
1790 2778 1892 2817 non
1939 2778 2063 2817 con-

497 2848 675 2918 fundit
704 2852 773 2907 ".

567 2946 735 3000 Vens.
774 2943 807 2999 9
829 2982 844 3009 ,
883 2944 969 2999 10.
1013 2942 1327 2999 Inveniatur
1353 2960 1544 3000 manus
1575 2954 1668 3001 tua
1700 2945 1940 3003 omnibus
1966 2948 2063 3003 ini-

2171 1855 2328 1926 γίαις
2352 1859 2762 1928 χρηστότητος
2780 1899 2796 1921 .
2826 1861 3046 1929 ἔθηκας
3076 1862 3175 1916 ἐπὶ
3199 1862 3315 1933 τὴν
3339 1863 3616 1935 κεφαλὴν
3638 1861 3749 1922 at);

2170 1947 2277 2002 τοῦ
2299 1947 2604 2018 στέφανον
2621 1952 2690 2005 ἐκ
2714 1953 2889 2009 ,λίθου
2910 1956 3122 2018 τιμίου.
3165 1956 3337 2020 Ζωὴν
3356 1957 3628 2023 ᾐτήσατο
3648 1970 3744 2025 σε,

2169 2038 2272 2106 καὶ
2326 2039 2553 2108 ἔδωκας
2600 2036 2761 2109 αὺτῷ
2800 2047 3144 2116 μακρότητα
3170 2047 3405 2117 ἡμερῶν
3438 2050 3521 2116 εἰς
3560 2049 3749 2105 αἰῶνα

2166 2126 2403 2195 αιῶνος.
2429 2129 2671 2200 Μεγάλη
2694 2134 2731 2201 ἡ
2753 2131 2902 2199 δόξά
2921 2136 3105 2191 αὐτοῦ
3124 2137 3193 2190 ἐν
3213 2137 3293 2204 τῷ
3311 2141 3584 2210 σωτηρίῳ
3601 2157 3749 2207 σου,

2166 2220 2354 2287 δόξαν
2381 2225 2479 2277 καὶ
2523 2227 3039 2296 μεγαλοπρέπειαν
3067 2229 3374 2299 ἐπιθήσεις
3402 2233 3495 2286 ἐπ’
3527 2234 3739 2288 αὐτόν.

2171 2313 2289 2369 Ὅτι
2345 2314 2558 2383 δώσεις
2608 2317 2768 2385 αὐ.τῷ
2821 2322 3126 2391 εὐλογίαν.
3192 2322 3303 2387 Τὰς
3354 2324 3744 2396 προλεχθείσας

2165 2405 2499 2474 ἐπαγγελίας
2531 2405 2790 2472 θεσπίσας
2821 2411 2850 2462 ὀ
2882 2410 3039 2479 λόγος
3072 2410 3148 2482 τῷ
3184 2412 3347 2466 Δαυῒδ
3371 2453 3387 2478 ,
3435 2413 3742 2479 ἀκολούθως

2164 2496 2261 2569 τὴν
2289 2498 2468 2552 αἰτίαν
2516 2497 2756 2554 διδάσκει
2809 2501 2879 2555 δι’
2909 2503 2976 2574 ἢν
3002 2503 3109 2557 τῶν
3154 2506 3420 2560 τοσούτων
3466 2505 3738 2572 τεύξεται.

2164 2588 2261 2654 Τίς
2290 2589 2347 2643 δὲ
2383 2586 2452 2663 ἦν
2482 2592 2515 2662 ἠ
2553 2592 2702 2647 αἰτία
2733 2593 2848 2648 ἀλλ’
2876 2594 3030 2659 ἐλπὶς
3066 2599 3099 2668 ἡ
3131 2597 3224 2651 ἐπὶ
3260 2598 3349 2653 τὸν
3387 2599 3587 2672 Κύριον
3612 2641 3628 2665 ,
3666 2602 3740 2656 δι’

2162 2682 2230 2755 ἢν
2260 2683 2408 2738 ἑλέου
2443 2683 2641 2756 τυχὼν,
2681 2686 2782 2756 τῆς
2811 2686 2963 2758 παρὰ
2987 2687 3119 2742 Θεοῦ
3148 2689 3242 2743 τοῦ
3272 2690 3492 2761 ὑψίστου
3519 2691 3739 2758 ἐλπίδος

2161 2775 2262 2829 ούκ
2294 2777 2678 2842 ἁποπεσεῖται,
2718 2778 2837 2833 οὐδὲ
2865 2779 3254 2852 σαλευθήσεται
3280 2784 3379 2855 τῆς
3412 2783 3734 2854 ἐρρωμένης

2160 2868 2364 2939 ταύτης
2393 2870 2634 2935 στάσεως
2658 2888 2672 2937 ;
2716 2872 2786 2926 Ἠ
2812 2871 2920 2946 γὰρ
2946 2873 3122 2941 ἐλπὶς
3152 2877 3224 2929 οὐ
3257 2876 3659 2944 καταισχύνει.

2231 2964 2510 3041 Ερρεθείη
2535 2965 2575 3034 ἡ
2605 2965 2734 3034 χείρ
2770 2979 2884 3021 σου
2915 2965 3063 3023 πᾶσι
3092 2968 3215 3035 τοῖς
3249 2968 3481 3038 ἐχθροῖς
3505 2985 3620 3024 σου
3643 3009 3659 3036 ,
3689 2971 3733 3042 ἡ

494 3038 644 3091 micis
689 3036 793 3091 tuis
813 3076 829 3102 ,
872 3034 1090 3091 dextera
1135 3045 1225 3090 tua
1255 3036 1482 3091 inveniat
1524 3053 1703 3092 omnes
1734 3040 1823 3110 qui
1855 3048 1904 3094 te
1932 3039 2057 3094 ode.

2166 3034 2332 3121 δεξιᾶ
2362 3072 2477 3112 σου
2496 3057 2657 3127 εὕροι
2681 3058 2912 3127 πάντας
2936 3060 3079 3127 τοὺς
3101 3034 3435 3132 piamina—ait;
3456 3034 3550 3117 σε.
3613 3034 3731 3130 Qui;

492 3136 635 3182 runt.
665 3126 834 3181 Panes
857 3143 943 3181 eos
974 3139 1031 3181 ut
1060 3127 1329 3182 clibanum
1357 3128 1513 3200 ignis,
1548 3130 1602 3184 in
1629 3139 1856 3201 tempore
1884 3132 2057 3187 vultus

2166 3161 2295 3214 σεις
2343 3126 2572 3216 αὐτοὺς(
2604 3150 2685 3215 ὡς
2732 3151 3026 3205 κλίϐανον
3054 3126 3243 3220 πυρὸς
3267 3153 3355 3219 είς
3385 3153 3593 3222 καιρὸν
3623 3126 3731 3209 τοῦ

492 3220 572 3274 tui
595 3235 615 3273 :
648 3218 902 3274 Dominus
931 3219 983 3273 in
1013 3219 1094 3274 ira
1128 3236 1226 3275 sua
1250 3220 1587 3276 conturbabit
1615 3240 1703 3280 eos
1723 3264 1738 3289 ,
1768 3233 1817 3280 et
1846 3224 2059 3281 devora-

491 3310 567 3366 bit
599 3327 687 3366 eos
728 3309 884 3382 ignis.
929 3309 1021 3367 Sic
1062 3309 1229 3367 Deum
1259 3312 1614 3383 alloquuntur
1635 3316 1732 3386 qui
1761 3332 1950 3388 preces
1977 3319 2058 3375 ef-

494 3403 766 3468 fundunt,
800 3418 864 3459 ac
895 3404 939 3460 si
972 3404 1257 3460 dicerent:
1304 3403 1533 3463 Etiamsi
1579 3407 1615 3461 ii
1653 3412 1750 3480 qui
1796 3427 1920 3468 sese
1958 3412 2056 3469 tibi

487 3494 601 3552 Deo
631 3496 880 3553 inimicos
912 3499 1352 3567 constituerunt,
1382 3501 1592 3557 animas
1621 3502 1717 3559 tibi
1766 3504 2014 3562 addictas
2035 3546 2050 3573 ,

488 3604 700 3645 necnon
753 3598 974 3646 sanctos
1029 3606 1219 3648 omnes
1270 3593 1326 3647 in
1379 3591 1583 3649 familia
1636 3601 1729 3650 tua
1785 3597 2053 3667 ascriptos

485 3682 839 3752 oppugnandi
898 3683 1057 3739 linem
1106 3699 1216 3738 non
1276 3683 1528 3755 faciunt;
1581 3696 1634 3743 at
1684 3676 2052 3747 inevitabilem

484 3789 709 3827 manum
750 3781 805 3829 et
847 3775 1108 3830 invictam
1149 3776 1408 3831 virtutem
1456 3786 1605 3833 tuam
1635 3795 1743 3835 non
1771 3780 2048 3852 ellugient.

484 3863 761 3922 Hactenus
802 3867 946 3922 enim
989 3866 1118 3921 dum
1165 3869 1557 3937 permittuntur
1597 3873 1806 3929 inimici
1853 3874 1933 3929 illi
1970 3874 2050 3930 tui

468 3955 714 4011 athletas
754 3963 879 4012 tuos
923 3958 1260 4023 exercitare,
1291 3959 1431 4016 altos
1470 3972 1756 4018 assumunt
1798 3966 2044 4035 spiritus.

482 4044 751 4102 Caeterum
804 4061 931 4102 cum
974 4048 1013 4102 ii
1060 4048 1125 4103 ad
1168 4048 1333 4106 breve
1384 4059 1599 4122 tempus
1641 4056 2043 4125 superbierint,

484 4151 597 4190 non
623 4135 716 4191 diu
744 4144 933 4207 postea
961 4153 1158 4194 manus
1188 4146 1279 4193 tua
1311 4139 1680 4211 deprehendet
1708 4160 1803 4201 eos
1823 4186 1841 4214 ,
1867 4162 1931 4203 ac
1961 4147 2047 4202 fu-

480 4227 692 4299 gientes
734 4228 955 4284 dextera
1004 4236 1095 4284 tua
1145 4230 1473 4303 intercipiet.
1521 4234 1661 4301 Quid
1713 4251 1876 4308 porro
1923 4248 2046 4311 aget

478 4337 602 4379 cum
631 4322 1090 4394 apprehenderit?
1117 4324 1401 4383 Poneseos
1430 4336 1489 4381 ut
1516 4328 1786 4385 clibanum
1818 4332 1952 4402 ignis
1985 4335 2037 4389 in

2162 3238 2484 3309 προσώπου
2502 3257 2638 3297 σου.
2669 3242 2884 3312 Κύριος
2900 3243 2969 3296 ἐν
2989 3242 3135 3314 ὀργῇ
3158 3244 3343 3299 αὐτοῦ
3367 3244 3728 3315 συνταράξει

2161 3333 2380 3401 αὐτοὺς
2399 3374 2413 3397 ,
2445 3335 2542 3390 καί
2574 3335 2964 3406 καταφαίνεται
2995 3337 3215 3403 αὐτοὺς
3244 3340 3278 3392 ό
3308 3337 3448 3406 πῦρ.
3496 3339 3737 3409 Λέγεται·

2160 3424 2330 3480 ταῦτα
2359 3425 2494 3498 πρὸς
2518 3426 2609 3483 τὸν
2635 3426 2765 3481 Θεὸν
2797 3427 2902 3481 ὑπὸ
2924 3426 3031 3481 τῶν
3053 3428 3152 3499 τὴν
3183 3428 3345 3501 εὐχὴν
3373 3430 3725 3501 ἀναπεμπόν-

2159 3535 2286 3583 των,
2307 3518 2356 3571 οἳ
2373 3520 2466 3574 καὶ
2482 3518 2643 3590 φασίν
2665 3537 2676 3548 ·
2695 3521 2743 3573 εί
2760 3521 2852 3574 καὶ
2868 3520 2934 3573 τὰ
2952 3520 3181 3591 μάλιστα
3197 3523 3244 3575 oi
3261 3522 3483 3586 ἑαυτοὺς
3498 3522 3725 3593 ἐχθροὺς

2161 3609 2244 3662 σοὶ
2257 3609 2332 3681 τῷ
2347 3610 2464 3682 Θεῷ
2480 3613 2936 3683 καταστήσαντες,
2954 3613 3051 3677 τὰς
3069 3613 3430 3685 ἀνακειμένας
3450 3632 3531 3668 σοι
3546 3615 3725 3686 ψυχὰς

2158 3700 2251 3755 καὶ
2301 3701 2426 3766 τοὺς
2481 3704 2668 3772 ἁγίους
2700 3704 2904 3768 πάντας
2933 3704 3058 3769 τούς
3086 3723 3168 3760 σοι
3204 3709 3725 3779 προσῳκειωμένους

2156 3793 2580 3865 ἑκπολεμοῦντες
2601 3796 2661 3849 οὐ
2684 3796 2978 3852 παύονται·
3003 3796 3117 3850 ἀλλ’
3137 3798 3197 3851 ού
3219 3798 3591 3867 διαφεύξονται
3622 3800 3724 3871 τὴν

2155 3884 2393 3956 ἄφυκτον
2442 3904 2533 3941 σου
2578 3889 2734 3959 χεῖρα
2780 3888 2874 3942 καὶ
2911 3889 3008 3961 τὴν
3041 3890 3303 3962 ἀήττητόν
3346 3907 3437 3945 σου
3468 3890 3718 3962 δύναμιν.

2155 3974 2302 4040 Τέως
2336 3977 2433 4048 μὲν
2462 3976 2570 4048 γὰρ
2605 3979 2683 4042 είς
2714 3977 2835 4031 ὅσον
2862 3979 3155 4049 γυμνάζειν
3183 3981 3308 4044 τοὺς
3339 3980 3463 4043 σοὺς
3487 3980 3721 4046 οἰκείους

2151 4067 2336 4140 ὥσπερ
2365 4067 2599 4140 ἀθλητὰς
2622 4069 3008 4142 ἐπετράπησαν
3033 4070 3081 4123 οἱ
3106 4069 3288 4142 ἑχθροί
3312 4087 3406 4123 σου
3425 4109 3439 4134 ,
3471 4070 3724 4143 ἐπαίρον-

2149 4173 2271 4211 ται’
2326 4156 2465 4229 πλὴν
2517 4158 2651 4229 πρὸς
2698 4157 2876 4229 ὀλίγον
2922 4158 3254 4231 ἐπαρθέντας
3282 4161 3477 4224 αὐτοὺς
3504 4162 3603 4216 οὐκ
3636 4163 3722 4227 είς

2152 4247 2366 4321 μακρὰν
2392 4251 2425 4321 ὴ
2459 4249 2525 4321 σὴ
2560 4250 2679 4321 χεὶρ
2706 4250 3095 4322 καταλήψεται,
3121 4251 3212 4305 καὶ
3243 4252 3275 4323 ἡ
3311 4250 3377 4322 σὴ
3403 4251 3547 4317 δεξιὰ
3580 4250 3717 4321 φεύ-

2147 4359 2340 4412 γοντας
2362 4342 2635 4415 θηρεύσει.
2664 4343 2728 4396 Τί
2747 4342 2805 4397 δὲ
2825 4345 3036 4415 ποιήσει
3065 4343 3471 4411 καταλαϐοῦσα;
3498 4343 3719 4412 Θήσεις

478 4423 705 4485 tctnpore
731 4415 903 4471 vultus
940 4417 1037 4472 tui.
1067 4416 1279 4474 Etenim
1314 4435 1426 4491 quo
1455 4430 1698 4493 tempore
1729 4426 2038 4495 resplende—

2166 4434 2362 4501 ιύτοὺς
2383 4434 2462 4502 ὡς
2488 4435 2774 4490 κλίϐανον
2797 4436 2985 4504 πυρὸς
3006 4438 3094 4502 εὶς
3118 4436 3323 4505 καιρὸν
3344 4436 3449 4491 τοῦ
3476 4438 3715 4506 προσώ-

474 4506 557 4562 bit
579 4507 762 4564 vultus
795 4508 884 4565 ille
914 4516 1040 4565 tuus
1063 4549 1077 4573 ,
1109 4525 1218 4580 quo
1251 4511 1460 4568 scilicet
1488 4528 1712 4584 regnum
1743 4524 1895 4570 tuum
1928 4532 2041 4571 ma-

474 4597 760 4655 nifestabis
784 4642 801 4667 ,
831 4601 1050 4658 eosdem
1081 4603 1174 4673 qui
1226 4602 1330 4660 sibi
1372 4604 1509 4675 ipsis
1549 4607 1809 4677 nequitiae
1856 4610 2036 4681 ignem

474 4688 844 4758 advexerunt,
885 4694 1144 4749 meritum
1190 4694 1297 4749 sibi
1337 4696 1664 4767 supplicium
1706 4701 2038 4757 succendere

472 4780 643 4837 facies
666 4821 681 4846 ,
704 4782 780 4837 ita
828 4790 888 4838 ut
917 4785 1133 4841 libanus
1162 4786 1301 4857 ignis
1328 4788 1682 4861 sibimetipsis
1710 4790 2031 4852 elﬁciantur.

471 4871 663 4939 Qualia
695 4873 822 4930 item
849 4876 1132 4946 patiuntur
1158 4878 1252 4949 qui
1284 4878 1338 4933 in
1365 4881 1720 4951 mgritudine,
1767 4900 2030 4958 corporea

472 4963 612 5019 febri
641 4964 931 5024 laborant:
963 4970 1181 5026 nemine
1218 4972 1418 5042 quippe
1458 4974 1802 5033 extrinsecus
1848 4979 2029 5052 ignem

470 5053 823 5123 admovente,
855 5058 911 5113 in
937 5074 997 5115 se
1026 5060 1162 5130 ipsis
1192 5063 1371 5133 ignem
1402 5062 1606 5122 fovent.
1641 5065 1842 5124 Eodem
1876 5086 2032 5140 pror-

470 5161 567 5203 sus
594 5148 755 5203 modo
783 5149 1037 5208 inimicos
1068 5162 1191 5210 tuos
1213 5194 1227 5216 .
1259 5154 1473 5227 inquit,
1507 5166 1672 5230 atque
1699 5176 1795 5219 eos
1833 5164 1927 5235 qui
1978 5172 2032 5221 te

468 5240 732 5308 oderunt,
754 5259 924 5316 pones
952 5254 1011 5301 ut
1050 5248 1327 5303 clibanum
1355 5248 1517 5321 ignis.
1563 5253 1930 5321 Quamobrem
1962 5259 2029 5316 iis

467 5333 721 5394 dicetur:
771 5338 1044 5407 Procedite
1092 5341 1160 5397 ad
1211 5342 1387 5399 lumen
1430 5346 1567 5418 ignis
1626 5351 1814 5423 vestri,
1861 5363 1914 5408 et
1956 5353 2026 5410 ad

463 5427 739 5501 ﬂammam
763 5449 921 5505 quam
952 5433 1291 5490 succendistis
1320 5436 1385 5492 ’⁷.

511 5520 704 5594 Νῆις.
743 5525 831 5582 li.
871 5523 1130 5583 Fructum
1158 5544 1337 5583 eorum
1365 5527 1429 5586 de
1455 5539 1595 5587 terra
1621 5532 1803 5603 perdes
1822 5575 1838 5605 ,
1865 5546 1914 5593 ct
1940 5555 2023 5595 sc-

535 5703 582 5739 “
608 5702 770 5767 Rom.
823 5724 875 5776 v,
911 5707 965 5765 5.
1041 5709 1228 5785 "-lsa.
1266 5726 1330 5777 ι,
1371 5708 1457 5774 ll,

2142 4542 2258 4581 που
2297 4540 2432 4581 σου.
2487 4527 2574 4581 Ἐν
2615 4527 2693 4599 τῷ
2742 4526 2917 4599 καιρῷ
2955 4527 3062 4600 γὰρ
3099 4528 3196 4600 τῆς
3232 4527 3582 4599 ἐπιλάμψεως
3613 4528 3714 4583 τοῦ

2140 4617 2431 4691 προσώπου
2483 4636 2607 4685 σου,
2661 4621 2718 4673 ἑν
2744 4612 2789 4688 ᾧ
2820 4618 2918 4692 τὴν
2964 4619 3160 4673 σαυτοῦ
3187 4617 3381 4685 δείξεις
3411 4619 3712 4691 βασιλείαν,

2139 4711 2336 4773 αὐτοὺς
2368 4712 2576 4775 ἑαυτοῖς
2607 4711 2667 4765 τὸ
2696 4712 2794 4783 τῆς
2830 4710 3025 4774 κακίας
3050 4706 3161 4782 πῦρ
3192 4710 3524 4778 συνάξαντας
3544 4751 3558 4770 .
3609 4713 3714 4784 τὴν

2137 4803 2257 4857 καθ’
2306 4803 2511 4857 ἑαυτῶν
2563 4804 2781 4858 κόλασιν
2810 4802 3003 4873 ἐξάψαι
3041 4805 3316 4875 ποιήσεις·
3379 4805 3525 4867 ὅπως
3552 4805 3713 4859 αὐτοὶ

2134 4893 2346 4959 ἑαυτοῖς
2369 4894 2614 4959 κλίϐανος
2643 4894 2809 4965 πυρὸς
2833 4894 3087 4964 γένοιντο.
3124 4895 3311 4948 Ὀποῖα
3334 4896 3632 4966 πάσχουσιν
3659 4899 3712 4949 οἱ

2132 4987 2191 5040 ὲν
2222 4989 2342 5051 ταῖς
2380 4987 2553 5050 νόσοις
2584 4986 2645 5040 τὸ
2697 4986 2855 5057 σῶμα
2895 4987 3283 5059 πυρέττοντες
3336 4988 3561 5061 μηδενὸς
3596 5006 3711 5061 γαρ

2133 5077 2330 5146 ἔξωθεν
2358 5079 2711 5145 ύποκαίοντος
2730 5120 2745 5144 ,
2773 5080 2920 5135 ἔνδον
2945 5080 3005 5133 τὺ
3030 5079 3142 5154 πῦρ
3168 5080 3227 5147 ἑξ
3248 5081 3455 5137 ἑαυτῶν
3481 5082 3711 5151 ἑπάγον-

2132 5188 2240 5226 ται.
2268 5171 2456 5236 Οὕτως
2477 5168 2567 5227 οὖν
2592 5173 2685 5229 καὶ
2709 5174 2834 5239 τοὺς
2853 5173 3078 5248 ἐχθρούς
3102 5193 3196 5230 σου
3224 5177 3316 5231 καὶ
3342 5177 3468 5240 τοὺς
3491 5174 3711 5246 μισοῦν-

2132 5267 2230 5330 τάς
2257 5284 2350 5331 σε,
2393 5266 2563 5339 φησὶ,
2599 5267 2783 5340 θήσεις
2812 5268 2888 5333 ὡς
2919 5269 3168 5324 κλίϐανον
3197 5270 3387 5342 πυρός.
3453 5269 3545 5322 Διὺ
3575 5268 3705 5338 λεχ-

2128 5358 2353 5431 θήσεται
2381 5360 2518 5432 πρὸς
2538 5360 2730 5426 αὐτούς
2746 5379 2758 5392 ·
2774 5365 3109 5432 Πορεύεσθε
3124 5362 3202 5430 τῷ
3219 5363 3365 5434 φωτὶ
3383 5363 3489 5418 τοῦ
3507 5361 3704 5429 πυρὸς

2128 5450 2315 5520 ὑμῶν,
2343 5451 2441 5506 καί
2477 5452 2549 5523 τῆ
2571 5455 2747 5526 φλογί
2768 5448 2809 5530 ᾖ
2832 5456 3220 5523 ἑξεκαύσατε.

2204 5543 2314 5599 Τὸν
2340 5546 2571 5615 καρπὸν
2597 5548 2782 5605 αὐτὸν
2805 5548 2924 5605 ἀπὸ
2946 5548 3060 5619 γῆς
3082 5547 3328 5615 ἀπολεῖς
3345 5588 3361 5613 ,
3392 5545 3490 5604 καί
3512 5546 3699 5616 σπέρο
