3980 6214
544 307 650 362 205

1262 294 1521 352 ElESEBll
1558 290 2030 350 CAESARIENSIS
2065 286 2107 344 Ο

2206 328 2213 344 ,
2252 286 2429 345 PARS
2463 287 2550 343 lll.
2576 318 2646 332 —
2681 283 3084 341 EXEGETICA.

3641 279 3750 334 304

548 417 730 490 populi
788 414 1182 485 praascientiam
1242 409 1630 479 complectens,
1691 423 1802 461 non
1858 406 2098 477 psalmus

2206 420 2384 458 στασιν
2408 444 2423 469 ,
2460 402 2553 456 καὶ
2588 401 2697 455 τῶν
2734 399 2902 454 ἐθνῶν
2938 398 3190 453 ἁπάντων
3221 394 3317 466 τὴν
3354 391 3540 462 κλῆσιν
3563 389 3664 461 τῆς
3689 407 3752 444 τε

548 506 909 564 inscribatur?
955 505 1030 559 De
1075 504 1141 557 iis
1181 501 1401 570 quippe,
1446 506 1633 570 utpote
1677 498 1744 553 de
1789 498 2097 568 ingentibus

548 597 726 658 bonis,
753 596 997 666 gaudens
1023 593 1255 663 Spiritus
1282 598 1506 645 sanctus
1534 588 1888 659 psalmodiam
1912 602 2100 659 aggre-

545 690 709 742 ditur.

616 777 839 836 V3833.
858 777 996 831 Deus
1023 776 1156 829 Deus
1189 792 1352 837 meus,
1381 773 1573 836 respice
1597 775 1651 827 in
1680 790 1758 827 me
1782 788 1801 826 :
1836 788 1996 843 quare
2023 788 2100 825 me

546 871 910 940 dereliquisti?
951 869 1098 939 longe
1140 886 1174 922 a
1213 867 1382 922 salute
1432 884 1545 921 mea
1589 866 1741 920 verba
1791 864 2101 919 delictorum

550 979 800 1017 meorum.
840 962 975 1016 Cum
1007 961 1062 1014 in
1096 959 1363 1014 Hebraico
1390 958 1686 1027 exemplari
1720 958 1874 1022 illud,
1905 956 2101 1026 respice

547 1056 602 1107 in
639 1069 738 1115 me,
775 1066 884 1106 non
932 1057 1246 1120 compareat
1313 1048 1408 1104 sed
1465 1048 1519 1101 in
1566 1048 1698 1103 solis
1740 1031 2101 1117 'Septuaginta

548 1142 939 1212 interpretibus
983 1141 1158 1209 primo
1184 1139 1366 1193 versui
1388 1138 1689 1203 inseratur;
1711 1136 1834 1205 jure
1855 1151 1884 1189 a
1915 1135 2102 1189 Salva-

548 1244 665 1290 tore
692 1240 884 1289 nostro
912 1232 1027 1286 haec
1054 1229 1385 1285 vociferante
1410 1228 1832 1298 praetermissum
1857 1234 1960 1281 est.

618 1412 697 1467 Ac
739 1410 893 1473 mihi,
943 1424 1146 1479 quaeso,
1198 1406 1498 1477 perpendas
1542 1419 1650 1475 quo
1696 1414 1854 1474 pacto
1909 1401 2101 1472 reliqui

549 1515 740 1554 omnes
774 1499 1096 1568 interpretes
1128 1497 1436 1553 delictorum
1460 1510 1566 1549 non
1592 1493 1935 1549 meminerint
1960 1511 1973 1545 :
2004 1508 2102 1547 ne-

551 1608 658 1662 que
695 1594 838 1646 enim
882 1596 1309 1646 consentaneum
1357 1597 1475 1643 erat
1516 1601 1760 1657 persona:
1808 1583 2139 1639 Salvatoris'

2196 498 2386 564 γενεᾶς
2438 496 2531 549 καὶ
2582 494 2673 548 τοῦ
2706 491 3101 564 τεχθησομένου
3128 486 3258 541 λαοῦ
3286 485 3382 557 τὴν
3412 483 3754 556 πρόγνωσινς

2210 588 2331 641 Ἐπὶ
2374 586 2579 650 τούτοις
2624 584 2731 656 γάρ
2762 585 2838 647 ὼς
2869 583 2960 635 ἐπὶ
2994 580 3245 653 μεγάλοις
3276 576 3497 646 ἀγαθοῖς
3528 578 3756 646 συγχαῖ-

2200 698 2290 751 ρον
2316 679 2378 731 τὸ
2406 678 2626 748 Πνεῦμα
2654 676 2715 729 τὸ
2746 675 2898 744 ἅγιον
2925 672 3022 745 τὴν
3054 670 3370 743 ψαλμῳδίαν
3398 671 3641 723 ποιεῖται.

2280 771 2341 823 '0
2367 769 2559 835 Θεὸςό
2587 769 2727 833 Θεός
2737 784 2875 836 μου,
2903 767 3165 834 πρόσχες
3190 779 3323 833 μοι·
3345 764 3445 816 ἵνα
3480 762 3538 815 τί
3582 760 3763 831 ἐγκα-

2199 860 2435 927 τέλιπές
2453 876 2562 929 με;
2583 857 2823 929 μακρὰν
2851 857 2966 912 ἀπὸ
2992 854 3102 924 τῆς
3123 855 3414 922 σωτηρίας
3432 870 3550 923 μου
3574 852 3763 907 al.115-

2200 972 2288 1025 γοι
2320 952 2438 1006 τῶν
2472 949 2949 1019 παραπτωμάτων
2981 965 3119 1017 μου.
3187 945 3277 1016 Μὴ
3310 943 3665 1016 προκειμένου
3699 942 3762 996 δὲ

2199 1048 2256 1098 ἐν
2283 1044 2359 1115 τῷ
2394 1040 2662 1113 Ἐὃραϊκῷ
2683 1039 2799 1109 τοῦ,
2814 1040 3075 1107 πρόσχες
3096 1054 3197 1106 μοι
3216 1075 3231 1099 ,
3258 1035 3286 1088 ὃ
3310 1035 3372 1106 δὴ
3401 1034 3539 1088 κατὰ
3564 1033 3763 1104 μόνους

2198 1135 2322 1196 τοὺς
2379 1132 2774 1201 Ἑϐδομήκοντα
2825 1128 3145 1200 προσέκειτο
3187 1123 3263 1195 τῷ
3317 1123 3513 1195 πρώτῳ
3564 1124 3762 1194 στίχῳ,

2198 1222 2437 1294 ἀκριϐῶς
2468 1221 2562 1274 καὶ
2596 1222 2698 1274 ὑπὸ
2728 1220 2825 1291 τῆς
2863 1220 3044 1290 φωνῆς
3069 1215 3160 1270 τοῦ
3190 1215 3438 1287 Σωτῆρος
3466 1213 3621 1285 ἡμῶν
3648 1231 3765 1267 πα-

2203 1314 2563 1386 ραλέλειπται.

2271 1407 2381 1460 Καὶ
2410 1405 2508 1458 θέα
2539 1405 2658 1458 τίνα
2683 1403 2880 1476 τρόπον
2906 1402 2964 1455 ἐν
2997 1403 3127 1455 πᾶσι
3152 1400 3358 1463 τούτοις
3388 1396 3620 1469 οὐδαμοῦ
3646 1413 3770 1453 πα-

2194 1496 2597 1565 ραπτωμάτων
2647 1495 3055 1566 ἐμνημόνευσαν
3107 1493 3156 1545 οἱ
3187 1491 3367 1545 λοιποὶ
3396 1491 3762 1563 ἐρμηνευταί*

2204 1588 2327 1641 ούδέ
2360 1588 2466 1661 γὰρ
2502 1586 2708 1659 ἥρμοζε
2748 1585 3160 1659 παραπτώματα
3208 1583 3529 1655 ἐφαρμόζειν
3558 1582 3635 1653 τῷ
3667 1582 3766 1637 τοῦ

551 1684 724 1740 nostri
758 1683 954 1739 delicta
981 1683 1275 1745 ascribere,
1300 1681 1387 1751 qui
1410 1688 1678 1748 peccatum
1708 1695 1810 1732 non
1838 1677 1982 1747 fecit,
2014 1691 2104 1730 nec

2206 1680 2452 1751 Σωτῆρος
2475 1683 2506 1750 ἡ
2517 1680 2631 1751 μῶν
2664 1679 2969 1753 προσώπῳ,
3004 1679 3072 1744 ὃς
3101 1678 3392 1748 ἁμαρτίαν
3418 1679 3528 1731 οὐκ
3557 1677 3770 1746 ἐποίη-

552 1778 787 1833 inventus
823 1786 900 1830 est
932 1775 1083 1829 dolus
1117 1778 1169 1827 in
1208 1790 1295 1828 ore
1331 1772 1442 1841 ejus
1465 1770 1532 1824 ”.
1572 1770 1623 1825 ls
1663 1785 1793 1825 vero
1823 1784 1923 1839 pro
1965 1769 2034 1823 iis
2073 1783 2103 1823 e

2206 1788 2332 1837 σεν,
2346 1744 2721 1839 οὐδὲεὺρέθῆ
2732 1744 2995 1835 δόλοςέν
3008 1768 3086 1834 τῷ
3101 1744 3344 1837 οίτόματι
3360 1765 3561 1820 αὐτοῦ.
3594 1744 3770 1837 ’Υπὲρ

553 1869 752 1939 populo
796 1867 887 1937 qui
934 1866 1187 1936 lacrymis
1236 1879 1300 1918 ac
1347 1862 1475 1917 ﬂetu
1523 1861 1686 1932 digna
1728 1860 2103 1926 admittebant,

551 1973 650 2028 pro
671 1956 917 2028 apostolo
940 1970 1040 2011 suo
1071 1954 1232 2018 Iuda,
1268 1955 1421 2024 lapso
1445 1964 1500 2009 et
1540 1968 1570 2005 a
1603 1952 1818 2023 propria
1848 1949 2107 2021 dignitate

551 2050 799 2120 depulso,
849 2049 1038 2118 lugens
1079 2048 1191 2101 haec
1231 2045 1448 2101 assidue
1493 2043 1761 2099 clamabat
1800 2061 1812 2096 :
1860 2040 2033 2111 Longe
2072 2057 2105 2094 a

552 2122 727 2196 salute
756 2156 869 2193 mea
899 2138 1052 2193 verba
1084 2139 1368 2208 gemituum
1402 2150 1651 2189 meorum.
1681 2130 1877 2195 Voces,
1907 2131 2103 2202 inquit,

556 2239 611 2286 et
638 2230 799 2286 verba
831 2245 1010 2285 rerum
1047 2243 1077 2281 a
1107 2243 1192 2283 me
1221 2241 1434 2296 semper
1458 2239 1558 2296 pro
1586 2225 1783 2295 populo
1810 2231 2101 2295 gestarum,

554 2337 584 2375 a
615 2321 789 2378 Salute
818 2336 936 2376 mea
963 2320 1119 2390 longe
1132 2324 1345 2374 'remota
1369 2325 1518 2383 sunt,
1545 2332 1670 2372 cum
1700 2316 1834 2371 nihil
1860 2315 2106 2370 utilitatis

554 2413 752 2484 populo
786 2410 1079 2487 accesserit
1123 2426 1190 2465 ex
1226 2425 1289 2464 ea
1324 2425 1482 2479 quam
1524 2409 1659 2479 ipsis
1696 2407 1981 2480 procuravi
2014 2421 2103 2462 sa-

555 2506 685 2558 lute.
718 2502 784 2558 At
815 2518 882 2559 ne
905 2503 1184 2558 videamur
1212 2517 1279 2557 ex
1307 2501 1526 2557 curiosa
1556 2501 1735 2571 aliqua
1765 2499 2107 2570 indagatione

553 2598 793 2666 reliquos
838 2597 1164 2667 interpretes
1213 2596 1408 2659 secuti,
1460 2610 1553 2651 eos
1597 2594 1689 2665 qui
1739 2594 1844 2647 alia
1896 2591 2105 2649 ratione

553 2687 822 2757 psalmum
852 2686 1276 2756 interpretantur
1300 2700 1614 2756 coarguere,
1648 2683 1998 2755 Septuaginta
2024 2681 2107 2737 vi-

555 2793 741 2833 rorum
797 2772 1243 2847 interpretatione.
1291 2785 1527 2830 utemur.
1576 2773 1711 2828 Nam
1762 2774 1840 2828 illi
1890 2786 2107 2844 quoque

553 2872 697 2925 hanc
744 2868 1033 2924 lectionem
1080 2869 1438 2922 observantes
1487 2873 1541 2921 et
1592 2865 2102 2930 animadvertentes,

552 2964 700 3017 hunc
748 2960 1015 3030 psalmum
1061 2958 1280 3012 Christo
1325 2972 1433 3012 non
1487 2972 1787 3027 congruere
1837 2955 2102 3011 dixerunt.

551 3051 788 3105 Audiant
815 3050 995 3119 itaque
1018 3046 1277 3103 Joannem
1304 3046 1382 3101 sic
1402 3046 1726 3101 clamantem
1746 3066 1760 3101 :
1779 3043 1910 3099 Ecce
1927 3044 2105 3115 Agnus
2135 3076 2176 3133 ο

557 3140 670 3205 Dei,
691 3141 779 3210 qui
796 3140 931 3193 tollit
952 3149 1219 3209 peccatum
1249 3136 1428 3190 mundi
1448 3138 1500 3203 ¹;
1533 3146 1586 3192 et
1617 3135 1858 3193 divinum
1884 3135 2107 3190 Paulum

553 3232 627 3287 ita
659 3232 962 3303 loquentem
992 3231 1131 3298 :Qui
1154 3239 1422 3299 peccatum
1455 3246 1557 3284 non
1586 3236 1815 3293 nouerat,
1846 3244 1938 3297 pro
1962 3228 2108 3282 nobis

548 3333 818 3398 peccatum
842 3323 984 3394 fecit,
1003 3333 1060 3377 ut
1078 3340 1170 3377 nos
1189 3322 1723 3394 efﬁceremurjustitia
1742 3321 1836 3376 Dei
1856 3324 1908 3376 in
1930 3323 2039 3391 ipso
2053 3325 2106 3390 ’ς

547 3422 606 3469 et
625 3431 879 3471 rursum:
909 3414 1152 3471 Christus
1186 3432 1279 3470 nos
1314 3414 1527 3469 redemit
1559 3413 1621 3468 de
1654 3414 1929 3469 maledicto
1960 3415 2105 3485 legis,

546 3508 726 3578 [actus
756 3523 852 3576 pro
880 3507 1026 3562 nobis
1052 3506 1442 3561 maledictum“.
1469 3504 1635 3576 Igitur
1654 3504 2107 3576 quemadmodum

553 3601 678 3656 fons
704 3600 933 3670 iustitiae
960 3616 1084 3655 cum
1108 3600 1200 3665 sit,
1231 3608 1453 3671 peccata
1482 3601 1599 3670 ipse
1629 3605 1814 3653 nostra
1838 3597 2105 3668 suscepit;

549 3701 606 3749 et
631 3708 756 3747 cum
792 3693 864 3748 sit
896 3692 1290 3748 benedictionis
1315 3694 1557 3764 pelagus,
1586 3693 1925 3763 ingruentem
1950 3692 2107 3746 nobis

551 3784 986 3839 maledictionem
1014 3784 1242 3852 accepit,
1268 3793 1428 3852 atque
1454 3784 1780 3854 contemptis
1801 3783 2107 3854 opprobriis

550 3888 772 3930 crucem
802 3872 1097 3927 sustinuit:
1133 3873 1212 3926 sic
1245 3888 1342 3942 pro
1367 3871 1524 3927 nobis
1554 3872 1819 3927 rationem
1849 3871 2103 3928 reddidit.

550 3963 613 4018 Si
666 3964 809 4018 enim
854 3972 1109 4018 statutam
1163 3962 1320 4017 nobis
1349 3960 1691 4031 disciplinam
1749 3963 1941 4018 lubens
1993 3963 2108 4033 ipse

552 4055 758 4120 ambiit;
804 4068 932 4109 nam
971 4053 1251 4121 disciplina
1291 4054 1435 4122 pacis
1477 4062 1671 4107 nostra:
1700 4070 1852 4123 super
1883 4070 2020 4120 eum,
2050 4066 2109 4111 ut

551 4150 628 4201 ait
653 4146 953 4218 propheta‘
981 4164 995 4200 :
1028 4145 1199 4199 multo
1236 4144 1410 4215 magis
1460 4145 1701 4200 rationes
1746 4132 1860 4214 ipse
1890 4155 2106 4203 nostras

552 4253 650 4308 pro
681 4237 842 4293 nobis
868 4235 1073 4300 retulit,
1102 4240 1263 4305 atque
1294 4235 1511 4288 clamat:
1548 4230 1722 4303 Longe
1742 4249 1775 4285 a
1803 4232 1973 4286 salute
1995 4250 2107 4289 mea

552 4332 781 4387 rationes
827 4330 1137 4385 delictorum
1192 4341 1444 4382 meorum.
1493 4322 1591 4390 Ne,
1647 4323 1842 4394 inquit,
1902 4332 2108 4381 natura:

552 4433 775 4496 peccata
809 4423 1090 4494 respicias.

2203 1860 2258 1913 δέ
2298 1860 2406 1913 τῶν
2445 1860 2735 1931 κλαυθμῶν
2786 1859 2879 1913 καὶ
2917 1858 3127 1932 θρήνων
3164 1858 3290 1924 ἄξια
3328 1857 3671 1928 πραττόντων
3708 1858 3767 1909 ἐν

2202 1952 2280 2023 τῷ
2305 1952 2416 2024 λαῷ
2440 1992 2454 2017 ,
2519 1952 2657 2022 ὑπὲρ
2688 1952 2742 2005 δὲ
2768 1950 2860 2004 τοῦ
2890 1950 3185 2005 ἀποστόλου
3217 1948 3380 2002 αὑτοῦ
3423 1948 3625 2013 Ἰούδα,
3672 1947 3768 2001 τοῦ

2205 2046 2640 2118 ἐξολισθήσαντος
2680 2044 2903 2116 καὶτῆς
2949 2043 3155 2106 οἰκείας
3198 2040 3352 2107 ἀξίας
3379 2040 3766 2108 ἀποπεσόντος,

2204 2136 2768 2221 ὀδυρόμενοςδιετέλει
2807 2135 2942 2206 βοῶν
2963 2153 2975 2166 ·
3011 2134 3259 2203 Μακρὰν
3287 2132 3404 2189 ἀπὸ
3436 2130 3545 2201 τῆς
3572 2149 3769 2201 σωτη-

2197 2232 2335 2299 ρίας
2357 2248 2476 2299 μου
2498 2233 2551 2284 οἱ
2576 2230 2741 2298 λόγοι
2768 2228 2886 2282 τῶν
2913 2226 3184 2296 ὀδιιρμῶν
3206 2243 3343 2295 μου.
3374 2226 3437 2278 Ol
3464 2223 3572 2295 γὰρ
3595 2224 3769 2293 λόγοι,

2207 2323 2367 2393 φησὶ,
2402 2321 2509 2374 τῶν
2541 2320 2687 2391 ἐμῶν
2710 2360 2725 2385 ,
2759 2318 2866 2373 τῶν
2901 2318 3040 2390 ὑπὲρ
3070 2317 3161 2371 τοῦ
3195 2316 3324 2371 λαοῦ
3359 2317 3588 2371 πάντοτε
3619 2335 3767 2386 γινο-

2209 2414 2380 2486 μένων
2405 2453 2421 2477 ,
2450 2413 2547 2483 τῆς
2568 2413 2706 2483 ἐμῆς
2731 2411 3000 2482 σωτηρίας
3028 2409 3245 2481 μακρὰν
3273 2409 3556 2478 γεγόνασιν
3574 2448 3591 2474 ,
3617 2410 3770 2463 οὐδὲν

2204 2505 2571 2576 ὠφεληθέντος
2602 2503 2693 2557 τοῦ
2726 2501 2855 2557 λαοῦ
2888 2502 2993 2556 ἀπὸ
3036 2502 3134 2572 τῆς
3169 2500 3228 2566 ἐξ
3262 2498 3394 2571 ἐμοῦ
3423 2499 3769 2571 προξενηθεί-

2208 2611 2304 2666 σης
2328 2596 2507 2657 αὐτοῖς
2527 2593 2813 2665 σωτηρίας.
2848 2594 2961 2646 Ἵνα
2980 2592 3037 2645 δὲ
3071 2591 3144 2663 μὴ
3171 2591 3427 2662 δόξωμεν,
3456 2594 3567 2654 τοῖς
3587 2591 3770 2655 ἄλλοις

2205 2688 2563 2759 ἐρμηνευταῖς
2588 2685 2818 2740 ἐνταῦθα
2848 2686 3171 2756 κεχρημένοι
3204 2686 3269 2738 ἐκ
3294 2683 3563 2757 περινοίας
3585 2723 3601 2749 ,
3637 2684 3773 2747 τοὺς

2204 2778 2403 2850 ἑτέρως
2432 2777 2521 2831 τὸν
2548 2776 2757 2848 ψαλμὸν
2790 2776 3200 2848 ἡρμηνευκότας
3247 2776 3479 2847 ἐλέγχειν
3498 2814 3514 2840 ,
3562 2777 3630 2845 τῇ
3654 2772 3770 2829 τῶν

2220 2868 2615 2939 Ἐϐδομήκοντα
2643 2867 2905 2939 ἑρμηνείᾳ
2932 2866 3277 2939 χρησόμεθα⁹
3332 2866 3502 2938 ταύτῃ
3525 2865 3635 2936 γὰρ
3663 2866 3769 2920 κά-

2205 2963 2371 3015 κεῖνοι
2403 2961 2627 3032 τηρήσει
2655 2957 3106 3030 προσεσχηκότες,
3123 2957 3223 3010 οὐκ
3251 2957 3456 3027 ἔφασαν
3482 2956 3771 3029 ἁρμόττειν

2208 3052 2297 3105 τὸν
2327 3051 2537 3122 ψαλμὸν
2555 3050 2631 3121 τῷ
2646 3051 2849 3122 Κυρίῳ.
2883 3049 3296 3103 Ἀκουσάτωσαν
3322 3049 3505 3102 τοίνυν
3525 3048 3769 3103 Ἰωάννου

2212 3142 2437 3214 βοῶντος
2455 3160 2468 3173 ·
2496 3142 2616 3196 Ἴδε
2635 3145 2668 3196 ὀ
2684 3140 2871 3211 ἀμνὸς
2882 3140 2985 3194 τοῦ
3014 3140 3160 3194 Θεοῦ
3178 3178 3193 3204 ,
3212 3144 3243 3194 ὁ
3262 3141 3444 3210 αἴρων
3464 3140 3577 3208 τὴν
3592 3140 3770 3210 ἀμαρ-

2209 3236 2341 3289 τίαν
2359 3235 2464 3289 τοῦ
2480 3235 2710 3303 κόσμου
2730 3251 2744 3264 θ
2765 3232 2858 3286 τοῦ
2880 3231 2935 3284 δὲ
2957 3232 3238 3286 θεσπεσίου
3262 3233 3472 3287 Παύλου
3492 3232 3737 3302 λέγοντος
3750 3250 3764 3263 ’

2213 3329 2321 3383 Τὸν
2344 3328 2429 3397 μὴ
2465 3330 2680 3399 γνόντα
2716 3328 3035 3397 ἁμαρτίαν,
3088 3325 3238 3395 ὑπὲρ
3278 3326 3444 3396 ἡμῶν
3481 3325 3771 3395 ἁμαρτίαν

2205 3420 2511 3487 ἐποίησεν,
2528 3421 2627 3472 ἵνα
2654 3418 2822 3488 ἡμεῖς
2842 3418 3135 3490 γενώμεθα
3158 3418 3303 3472 Θεοῦ
3327 3417 3681 3485 δικαιοσύνη
3699 3418 3772 3472 ἑν

2206 3509 2390 3576 αὐτῷ·
2424 3512 2514 3564 καὶ
2544 3511 2704 3564 πάλιν
2722 3527 2735 3540 ·
2776 3503 3026 3580 Χριστὸς
3055 3509 3209 3580 ἡμᾶς
3235 3508 3538 3580 ἠγόρασεν
3566 3509 3636 3563 ἐκ
3659 3507 3770 3577 τῆς

2208 3600 2465 3669 κατάρας
2493 3601 2597 3655 τοῦ
2620 3603 2826 3670 νόμου,
2845 3602 3158 3671 γενόμενος
3175 3600 3324 3670 ὑπὲρ
3342 3601 3509 3671 ἡμῶν
3528 3598 3767 3669 κατάρα.

2214 3692 2510 3763 Τοιγαροῦν
2564 3692 2749 3765 ὥσπερ
2781 3692 3119 3765 δικαιοσύνης
3148 3693 3405 3764 ὑπάρχων
3458 3691 3638 3764 πηγὴ,
3674 3691 3772 3764 τὴν

2215 3784 2485 3856 ἡμετέραν
2518 3785 2786 3854 ἁμαρτίαν
2815 3785 3039 3840 ἀνέλαϐε
3056 3825 3070 3850 ,
3116 3786 3208 3839 καὶ
3233 3784 3477 3853 εὐλογίας
3502 3784 3577 3838 ῶν
3605 3784 3771 3838 πέλα-

2206 3892 2300 3943 γος
2330 3915 2343 3938 ,
2398 3876 2495 3948 τὴν
2530 3876 2875 3946 ἐπικειμένην
2914 3879 3047 3948 ἡμῖν
3084 3875 3297 3943 ἐδέξατο
3333 3875 3577 3947 κατάραν
3604 3916 3621 3943 ,
3676 3875 3771 3929 καὶ

2208 3969 2435 4040 σταυρὸν
2453 3969 2737 4039 ὑπέμεινεν
2763 3969 3019 4041 αἰσχύνης
3048 3971 3458 4042 καταφρονήσας
3475 3987 3486 3999 ·
3512 3969 3653 4024 οὕτω
3678 3969 3774 4025 καὶ

2208 4060 2331 4122 τοὺς
2362 4060 2500 4130 ὑπὲρ
2527 4059 2679 4130 ἡμῶν
2713 4062 2999 4132 ἐποιήσατο
3029 4061 3235 4130 λόγους.
3267 4063 3329 4116 Ei
3358 4061 3465 4135 γὰρ
3486 4062 3585 4133 τὴν
3643 4062 3774 4136 ὡρι-

2208 4152 2411 4223 σμένην
2450 4156 2585 4225 ἡμῖν
2632 4153 2876 4207 παιδείαν
2908 4154 3145 4224 ὑπῆλθεν
3188 4153 3326 4208 ἑκὼν
3352 4191 3366 4217 ,
3391 4152 3630 4208 παιδεία
3664 4153 3772 4226 γὰρ

2205 4242 2446 4312 είρήνης
2468 4243 2637 4314 ἡμῶν
2659 4245 2751 4298 ἐπ’
2770 4246 2976 4312 αὐτὸν,
3064 4247 3225 4317 φησὶν
3252 4249 3280 4299 ὁ
3306 4247 3618 4317 προφήτης·
3646 4246 3774 4299 πολ-

2206 4332 2280 4403 λῷ
2304 4335 2499 4405 μᾶλλον
2518 4338 2626 4400 τοῖς
2640 4337 2741 4389 ύπὲ
2747 4354 2778 4407 ρ
2802 4337 2956 4408 ἡμῶν
2981 4336 3093 4389 ἀνθ’
3114 4340 3146 4407 ἡ
3157 4336 3269 4407 μῶν
3291 4338 3556 4408 ἐχρήσατο
3573 4336 3770 4405 λόγοις,

2138 4408 2181 4461 D
2210 4427 2302 4479 καὶ
2335 4427 2451 4498 ﬂos}:
2501 4429 2746 4496 Μακρὰν
2772 4429 2887 4482 ἀπὸ
2920 4427 3023 4496 τῆς
3060 4428 3354 4497 σωτηρίας
3379 4447 3498 4497 μου
3528 4433 3581 4484 οἱ
3606 4431 3775 4499 λόγοι

549 4516 668 4571 τῶν
690 4517 1172 4587 παραπτωμάτων
1188 4534 1325 4586 μου.
1356 4513 1446 4585 Μὴ
1467 4512 1800 4587 ἀποϐλέψῃς,
1829 4515 2009 4585 φησὶν,
2032 4516 2132 4583 είς,
2154 4517 2223 4571 τά
2249 4522 2346 4592 τῆς
2378 4523 2589 4588 φύσεως
2625 4523 3087 4603 πλημμελήματα.

622 4611 785 4667 Vens.
820 4615 872 4667 5.
910 4612 1049 4668 Deus
1088 4628 1251 4675 meus,
1295 4610 1533 4664 clamabo
1574 4610 1641 4663 ad
1676 4618 1721 4663 te
1749 4626 1841 4679 per
1872 4610 2028 4674 diem,
2059 4620 2107 4664 et

551 4720 657 4757 non
680 4703 963 4768 exaudies;
996 4712 1044 4757 et
1075 4713 1244 4765 nocte,
1278 4712 1326 4755 et
1357 4701 1549 4755 nonad
1578 4702 1930 4770 insipientiam
1962 4702 2108 4758 mihi.

548 4795 679 4850 .llmc
708 4795 775 4850 de
801 4796 959 4849 nobis
981 4793 1262 4848 confessus
1287 4792 1551 4856 Salvator,
1581 4792 1655 4845 ait
1689 4812 1701 4846 :
1732 4790 1821 4846 Sic
1844 4793 2111 4849 clamante

555 4902 663 4949 me,
688 4886 1064 4941 exauditurnm
1094 4892 1147 4938 te
1176 4883 1300 4938 novi
1333 4902 1346 4938 :
1378 4898 1502 4938 nam
1530 4897 1654 4938 cum
1680 4884 2111 4954 interpunctione

552 4978 858 5049 legendum.
884 4975 949 5029 Et
972 4982 1132 5030 nocte
1155 4990 1370 5044 quoque
1400 4974 1667 5039 clamabo,
1692 4990 1868 5044 neque
1898 4975 1948 5029 id
1976 4975 2107 5033 mihi

547 5069 621 5124 ad
670 5066 1038 5138 insipientiam
1092 5073 1404 5136 reputetur;
1449 5065 1888 5137 quandoquidem
1930 5066 2107 5123 tristia

554 5162 758 5215 circum
793 5174 879 5213 me
912 5158 1090 5229 posita
1126 5164 1272 5213 sunt.
1310 5157 1462 5211 Multi
1497 5173 1628 5213 sane
1655 5160 1708 5213 in
1736 5159 1991 5229 perplexo
2021 5174 2110 5213 re-

553 5268 675 5312 rum
699 5258 843 5308 statu
879 5251 1109 5323 caligine
1147 5248 1527 5312 obvolvuntur,
1563 5257 1623 5303 ut
1648 5250 1807 5305 etiam
1841 5250 1969 5321 quid
1999 5250 2110 5304 cla-

554 5347 723 5402 manti
770 5345 1059 5401 dicendum
1102 5342 1213 5399 Deo
1258 5344 1329 5398 sit
1378 5342 1626 5413 ignorent
1652 5362 1670 5401 t:
1703 5356 1767 5395 ac
1807 5358 1904 5413 ego
1944 5342 2112 5413 probe

551 5439 679 5496 novi
720 5451 824 5507 qua
868 5435 936 5490 de
987 5448 1152 5490 causa
1192 5440 1473 5490 nocturnae
1516 5433 1620 5488 illm
1652 5433 1989 5489 calamitates
2023 5448 2109 5490 me

551 5529 1006 5586 circumveniant.

2289 4617 2350 4669 '0
2373 4620 2514 4683 Θεός
2543 4636 2681 4687 μου,
2716 4617 3069 4686 κεκράξομαι
3106 4616 3325 4687 ἡμέρας
3357 4616 3505 4685 πρὸς
3539 4617 3635 4683 σὲ,
3675 4618 3779 4673 και

2211 4709 2322 4761 οὐκ
2351 4710 2681 4777 elocutos-an
2702 4726 2714 4738 ·
2767 4709 2865 4762 καὶ
2904 4709 3122 4774 νυκτὸς
3141 4749 3155 4773 ,
3191 4709 3285 4761 καὶ
3315 4710 3425 4762 οὐκ
3455 4704 3782 4774 εἰς’ἆνοιαν

2208 4800 2357 4869 ἐμοί.
2392 4801 2572 4854 Ταῦτα
2595 4800 2649 4854 δὲ
2673 4802 2801 4873 περὶ
2824 4800 2977 4873 ἡμῶν
3004 4800 3505 4873 ἐξομολογούμενος,
3528 4802 3557 4853 ὁ
3585 4802 3781 4873 Σωτὴρ

2208 4891 2385 4961 λέγει’
2442 4890 2595 4945 Οὕτω
2623 4891 2677 4944 δέ
2710 4910 2808 4965 μου
2838 4892 3102 4964 βοῶντος,
3149 4888 3294 4960 οἶδα,
3329 4894 3411 4945 ὅτι
3443 4892 3777 4967 είσακούσῃο

2213 4983 2332 5055 μεθ’
2366 4984 2705 5054 ύποστιγμῆς
2742 4984 2846 5055 γὰρ
2885 4985 3276 5053 ἀναγνωστέον.
3343 4987 3452 5040 Καὶ
3488 4986 3684 5049 νυκτὸς
3720 4986 3781 5039 δὲ

2213 5075 2577 5146 κεκράξομαι,
2630 5077 2728 5129 ούκ
2778 5076 2961 5140 ἀνοίας
3016 5093 3103 5147 μοι
3142 5076 3525 5146 λογιζομένης·
3584 5077 3674 5129 ὅτε
3712 5078 3782 5130 τὰ

2214 5168 2605 5238 περιεστηκότα
2646 5168 2761 5223 ἐστὶ
2807 5169 3119 5241 σκυθρωπά.
3151 5169 3268 5221 Τῶν
3308 5168 3517 5221 πολλῶν
3555 5169 3614 5221 ἐν
3653 5169 3782 5231 ταῖς

2212 5258 2559 5332 περιστάσεσι
2590 5259 3014 5332 σκοτιζομένων,
3045 5261 3120 5323 ῶς
3146 5259 3400 5313 καὶ“αύτὸ
3426 5258 3583 5312 τοῦτο
3613 5258 3669 5311 τί
3699 5258 3784 5311 δεῖ

2212 5348 2481 5421 κράζοντα
2520 5349 2651 5420 πρὸς
2684 5349 2813 5403 Θεὸν
2845 5350 3019 5419 λέγειν
3052 5350 3287 5418 ἁγνοεῖν’
3338 5350 3635 5420 ἐπίσταμαι
3670 5350 3780 5420 γὰρ

2213 5437 2322 5512 ἐγὼ
2346 5439 2485 5503 τίνος
2512 5440 2673 5495 ἕνεκα
2700 5439 2951 5513 περὶέμὲ
2973 5440 3256 5513 νυκτερινὴ
3279 5441 3609 5504 κατάστασίς
3634 5441 3776 5494 ἐστι.
3798 5466 3799 5469 η

621 5712 668 5747 9’
706 5712 722 5766 l
757 5710 901 5769 Petr.
941 5727 1014 5780 ιι,
1044 5711 1136 5769 ΞΞ.
1214 5714 1227 5743 ¹
1267 5710 1424 5767 Joan.
1458 5725 1506 5781 ι,
1540 5709 1630 5767 56.
1706 5711 1727 5744 ³
1767 5709 1810 5765 ιι
1842 5708 1964 5765 Cor.
1996 5726 2062 5779 ν,
2096 5710 2107 5764 ε

2260 5710 2280 5744 ⁸
2316 5709 2435 5765 Gal.
2473 5722 2575 5773 ιιι,
2618 5707 2703 5765 13.
2777 5706 2799 5742 ⁸
2835 5704 2942 5764 lsa.
2979 5719 3111 5774 un,
3147 5705 3199 5760 5.
