3992 6216
252 339 368 399 205

1378 347 1880 405 COMMENTARIA
1913 347 1981 403 IN
2022 346 2360 403 PSALMOS.

3380 350 3487 407 106

329 461 413 515 Σὺ
433 461 502 516 δὲ
522 461 592 515 ἐν
610 463 755 532 ἁγίῳ
775 465 1063 532 κατοικεῖς
1084 506 1099 531 ,
1120 469 1153 520 ὀ
1170 467 1410 532 ἔπαινος
1429 468 1533 521 τοῦ
1564 467 1817 537 Ἰσραήλ.

1994 468 2158 525 Vsus.
2192 470 2247 525 4.
2286 470 2363 525 Tu
2392 479 2565 525 autent
2600 472 2654 527 in
2684 483 2865 528 sancto
2889 473 3118 538 habitas,
3151 476 3267 530 laus
3292 474 3485 532 Israel.

257 554 372 608 Kal.
403 554 510 624 μὴν
544 556 603 608 ὲν
631 557 765 609 πᾶσι
804 560 915 621 τοῖς
941 558 1114 626 ἁγίοις
1146 575 1238 611 σου
1268 559 1494 623 ὲνοικεῖς
1514 561 1617 626 ⁶ἀει
1651 561 1824 615 συνὼν

259 647 466 710 αὐτοῖς,
490 647 582 703 καὶ
605 648 830 702 πάντοτε
854 649 1029 702 αὐτῶν
1047 650 1363 705 εἰσακούων.
1401 652 1488 705 Ἔν
1508 651 1679 722 τούτῳ
1696 652 1825 721 γοῦν

261 737 360 791 καὶ
388 737 606 801 ἔπαινος
639 740 880 809 γίνεσθαι
917 740 1112 805 εῑωθας
1146 742 1240 795 τοῦ
1290 742 1539 813 Ἰσραὴλ,
1577 745 1826 798 τουτέστι

264 830 467 894 παντὸς
504 831 673 900 ἁγίου.
728 833 789 886 Εί
821 832 878 886 δὲ
917 834 973 886 ὲν
1012 836 1142 887 πᾶσι
1170 838 1278 899 τοῖς
1311 836 1485 904 ἁγίοις
1525 841 1768 890 κατοικεῖ
1798 840 1826 891 ό

264 920 399 984 Θεὸς
427 921 521 994 (1),
552 921 726 991 πολλῷ
756 922 953 993 μᾶλλον
985 926 1042 977 ὲν
1067 924 1145 995 τῷ
1174 924 1339 978 αὑτοῦ
1371 927 1698 994 Μονογενεῖ,
1730 927 1825 979 καὶ

269 1014 520 1083 μειζόνως
555 1014 722 1068 αὐτοῦ
751 1016 1141 1071 είσακούσεται.

349 1102 477 1156 Ἐπί
514 1102 613 1156 σοὶ
658 1103 927 1172 ἤλπισαν
960 1110 1013 1161 οἱ
1045 1108 1294 1176 πατέρες
1332 1109 1519 1177 ἡμῶν,
1552 1109 1825 1179 ἤλπισαν

262 1193 360 1248 καί
391 1195 617 1263 ἐρῤύσω
644 1198 883 1263 αὐτούς.
904 1199 1059 1266 Πρὸς
1081 1200 1153 1253 σὲ
1180 1199 1527 1268 ἑκέκραξαν,
1553 1200 1648 1254 καί
1679 1198 1827 1253 ἐσώ-

258 1290 486 1354 θησαν·
515 1287 612 1341 ἐπὶ
641 1289 739 1341 σοί
762 1287 1051 1357 ἤλπισαν,
1079 1292 1175 1344 καὶ
1197 1293 1270 1344 οὺ
1292 1294 1820 1361 κατῃσχύνθησαν.

256 1374 384 1432 Ὧδε
410 1380 605 1445 καίτοι,
639 1381 822 1453 φησὶν,
857 1379 973 1436 οἶδα
1006 1383 1188 1454 σαφῶς
1216 1384 1292 1448 ὡς
1321 1385 1557 1449 ἅπαντες
1590 1386 1744 1456 ἡμῶν
1776 1388 1824 1438 οἱ

255 1472 510 1547 ,πατέρεςν
541 1476 605 1544 τῇ
638 1477 703 1545 σῇ
738 1473 957 1547 βοηθείᾳ
986 1475 1377 1548 θαρρήσαντες,
1422 1478 1521 1530 οὐκ
1561 1477 1826 1550 ἐψεύσθη-

259 1579 356 1617 σαν
395 1563 496 1634 τῆς
542 1564 772 1630 ἐλπίδος,
802 1566 897 1619 καὶ
926 1568 1006 1628 είς
1038 1568 1359 1639 ἐπικουρίαν
1388 1585 1445 1621 σε
1475 1569 1822 1633 καλέσαντες,

253 1657 352 1720 τῆς
386 1656 484 1727 σῆς
516 1657 768 1728 προνοίας
796 1657 1134 1711 ἀπέλαυσαν·
1176 1658 1315 1727 Ἐγὼ
1344 1658 1409 1713 δέ
1434 1662 1548 1729 ειμι
1578 1659 1824 1729 σκώληξ

254 1747 353 1801 καὶ
383 1750 495 1802 οὐκ
519 1747 845 1817 ἄνθρωπος,
870 1750 1095 1816 ὄνειδος
1118 1750 1425 1820 ἀνθρώπου
1457 1754 1554 1806 καὶ
1581 1753 1822 1817 ἐξουθέ-

254 1856 413 1908 νημα
444 1839 615 1893 λαοῦ.
645 1840 747 1893 Τὸν
782 1840 1036 1913 σκώληκα
1065 1843 1263 1906 παντὸς
1300 1845 1397 1915 μὲν
1431 1844 1568 1909 ζώου
1612 1846 1822 1900 εὐτελέ-
1853 1836 1895 1893 Β

258 1946 452 1983 στατον
496 1926 632 1984 εἶναι
684 1930 985 2003 συμϐαίνει,
1017 1933 1338 2003 ὑφίστασθαι
1375 1934 1431 1988 δὲ
1463 1936 1569 1990 ἀπὸ
1618 1936 1823 2009 φθορᾶς

257 2020 524 2093 σωμάτων
547 2038 560 2052 ·
589 2023 939 2092 άφανιστικὺν
984 2024 1042 2077 δὲ
1082 2021 1220 2079 εἶναι
1250 2027 1341 2081 καὶ
1371 2026 1665 2099 φθαρτικὸν
1691 2023 1751 2082 οὗ
1776 2028 1820 2081 δ’

255 2113 322 2170 ἂν
347 2115 635 2187 ἐφάψηται.
668 2117 952 2188 Μέμνηται
990 2118 1047 2171 δὲ
1078 2117 1264 2171 τούτου
1305 2118 1529 2183 Ἡσαΐας
1554 2122 1583 2172 ὁ
1608 2121 1821 2192 προφή-

254 2224 354 2282 της
377 2207 545 2276 λέγων
569 2224 583 2238 ·
613 2210 671 2261 Μ
676 2208 710 2275 ὴ
738 2209 946 2277 φόϐου,
983 2206 1228 2278 σκώληξ
1262 2208 1483 2271 Ἰακὼϐ,
1510 2208 1823 2280 ὀλιγοστὸς

267 2298 529 2368 Ἰσραήλ·
559 2300 674 2372 ἐγὼ
700 2298 1002 2369 ἐϐοήθησά
1023 2314 1141 2365 σοι,
1175 2302 1338 2369 λέγει
1384 2304 1417 2355 ὁ
1462 2300 1605 2368 Θεὸς
1649 2304 1683 2356 ὁ
1710 2305 1820 2356 λυ-

251 2393 573 2462 τρούμενός
604 2408 697 2461 σε,
724 2396 758 2447 ὁ
798 2392 963 2464 ἅγιος
1000 2391 1253 2461 Ἰσραήλ.
1272 2392 1415 2448 Ἰδοὺ
1453 2393 1711 2462 ἐποίησά
1748 2409 1822 2448 σε

252 2484 331 2550 ὡς
360 2486 609 2555 τροχοὺς
634 2485 865 2556 ἀμάξης
918 2483 1240 2551 ἀλοῶντας,
1274 2502 1443 2541 καινο
1484 2507 1538 2553 ς,
1572 2501 1819 2556 πριστη·

243 2575 528 2642 ,οοειδεῖςο
563 2576 661 2631 καὶ
702 2576 989 2645 ἀλοήσεις
1021 2576 1149 2645 ὄρη,
1194 2575 1294 2630 καὶ
1320 2576 1634 2643 λεπτυνεῒς
1673 2576 1821 2641 ,ϐου-

252 2668 416 2734 νοὺς,
450 2669 548 2742 καί
596 2669 676 2735 ὡς
726 2669 879 2739 χοῦν
931 2668 1168 2736 θήσεις·
1216 2669 1313 2722 καὶ
1356 2668 1690 2739 λικμήσεις,
1724 2667 1821 2741 καὶ

252 2755 469 2826 ἄνεμος
509 2756 765 2826 λήψεται
791 2756 1030 2824 αὐτοὺς,
1061 2757 1159 2813 καί
1204 2758 1471 2827 καταιγίς
1514 2754 1822 2826 διασπερεῖ

253 2847 492 2913 αὐτούς.
527 2846 610 2900 Σὺ
645 2846 711 2899 δὲ
748 2845 1135 2916 εὐφρανθὴσῃ
1162 2836 1259 2899 ἐπὶ
1289 2845 1368 2911 τῷ
1395 2845 1607 2915 Κυρίῳ.
1636 2845 1714 2898 Δι’
1744 2839 1819 2899 ὧν

254 2938 290 3008 ὴ
331 2938 650 3008 προφητεία,
685 2938 940 3009 σκώληκα
969 2938 1298 3010 ὀνομάσασα,
1323 2940 1416 2993 καὶ
1449 2936 1723 3008 ὀλιγοστὸν
1745 2940 1820 2992 εί-

257 3028 433 3083 ποῦσα
458 3029 545 3084 διὰ
563 3029 623 3083 τὸ
650 3030 860 3094 εὐτελὲς
890 3032 983 3083 καὶ
1026 3030 1252 3101 σμικρὸν
1278 3029 1371 3083 τοῦ
1398 3027 1558 3096 ξώου,
1592 3028 1818 3101 δύναμιν

254 3122 402 3193 αὐτῷ
446 3122 685 3194 μεγάλην
736 3122 999 3193 συνῆψεν·
1055 3122 1358 3189 Ἀλοήσεις
1401 3123 1529 3191 ὄρη,
1577 3125 1816 3193 φήσασα,

1927 558 1992 612 Et
2025 575 2153 615 vero
2188 568 2241 615 tu
2276 561 2331 614 in
2364 562 2619 618 omnibus
2662 564 2866 618 sanctis
2904 564 3141 630 habitas,
3180 581 3244 621 ac
3272 582 3489 638 semper

1925 668 2047 707 cum
2076 652 2186 708 illis
2216 669 2463 720 versans,
2492 655 2720 710 exaudis
2741 670 2857 711 eos.
2888 654 2948 711 In
2970 657 3071 713 hac
3093 659 3258 730 igitur
3282 675 3342 714 re
3368 658 3489 716 laus

1924 743 2160 809 lsraelis,
2190 744 2441 801 videlicet
2467 747 2734 818 cujusque
2765 750 2959 813 sancti,
2983 766 3106 806 esse
3128 752 3485 807 consuevisti.

1925 836 2078 903 Quod
2092 837 2135 891 si
2161 837 2214 891 in
2235 837 2490 894 omnibus
2507 841 2712 895 sanctis
2734 838 2877 896 Deus
2900 841 3124 906 habitet,
3148 843 3320 898 multo
3341 853 3489 901 certe

1924 929 2097 998 magis
2129 929 2183 983 in
2210 928 2501 1013 Unigeuito
2529 947 2650 1000 suo,
2681 950 2843 1005 quem
2863 949 2997 990 sane
3030 934 3290 992 libentius
3317 950 3488 991 exau-

1923 1019 2136 1076 diturus
2166 1029 2267 1077 est.

1996 1136 2159 1194 Vens.
2188 1140 2301 1196 5-7.
2347 1138 2413 1194 In
2459 1151 2505 1195 te
2551 1152 2885 1210 speraverant
2921 1153 3098 1212 patres
3131 1146 3321 1210 nostri,
3363 1160 3486 1216 δραι

1924 1240 2190 1297 raverunt,
2218 1241 2267 1285 et
2301 1231 2540 1287 tiberasti
2562 1250 2670 1288 eos.
2706 1234 2789 1287 Ad
2821 1245 2869 1288 te
2889 1236 3266 1302 clamauerunt,
3286 1246 3335 1291 et
3351 1238 3488 1293 salvi

1923 1325 2054 1393 facti
2084 1334 2237 1386 sunt;
2287 1326 2342 1379 in
2384 1334 2430 1379 te
2468 1337 2829 1395 speraverant,
2872 1338 2923 1383 et
2968 1345 3070 1383 non
3104 1340 3227 1385 sunt
3254 1331 3480 1401 confusi.

1923 1416 2059 1483 Etsi,
2090 1418 2289 1489 inquit,
2346 1418 2483 1474 bene
2527 1420 2768 1475 noverim
2818 1435 3011 1477 omnes
3067 1431 3161 1477 tuo
3189 1424 3396 1478 auxilio
3422 1422 3488 1478 li-

1924 1510 2115 1566 dentes
2147 1519 2329 1581 patres
2361 1520 2584 1566 nostros
2630 1528 2973 1583 nequaquam
3010 1528 3108 1585 spe
3132 1514 3316 1585 lapsos
3340 1530 3483 1581 esse,

1924 1609 1978 1657 et
2005 1617 2128 1657 cum
2159 1611 2213 1658 te
2245 1603 2302 1657 in
2333 1603 2664 1673 adjutorium
2712 1616 3099 1667 evocaverunt,
3140 1607 3484 1677 providentia

1923 1704 2016 1750 tua
2048 1697 2249 1767 potitos
2278 1711 2400 1752 esse
2431 1716 2444 1750 :
2479 1696 2591 1767 Ego
2623 1715 2749 1752 sane
2773 1714 2890 1752 sum
2920 1700 3104 1753 vermis
3119 1708 3287 1753 etnon
3306 1698 3483 1763 homo,

1926 1789 2259 1859 opprobrium
2288 1789 2512 1843 hominis
2544 1799 2592 1843 et
2617 1790 2840 1860 abjectio
2886 1790 3072 1861 plebis.
3120 1790 3334 1847 Vermis
3364 1807 3486 1847 om-

1927 1885 2077 1939 nium
2111 1884 2428 1939 animalium
2457 1884 2784 1939 vilissimum
2807 1893 3083 1949 censetur,
3120 1892 3283 1955 atque
3304 1900 3335 1939 a
3355 1900 3483 1940 cor-

1926 1978 2179 2049 ruptione
2235 1992 2526 2049 corporum
2575 1978 2947 2034 exsistentiam
2996 1978 3198 2045 habet;
3255 1979 3302 2034 si
3353 1978 3486 2049 quid

1924 2086 2057 2126 vero
2086 2072 2342 2142 tetigerit,
2374 2072 2429 2127 id
2462 2073 2518 2126 in
2544 2072 2950 2142 corruptionem
2972 2079 3026 2126 et
3051 2073 3279 2126 exitium
3307 2072 3480 2127 ducit.

1927 2162 2100 2235 Hujus
2136 2164 2386 2220 meminit
2415 2163 2587 2221 Isaias
2618 2164 2810 2220 dicens
2846 2184 2860 2218 :
2906 2162 3036 2219 Noli
3064 2166 3264 2230 timere,
3296 2164 3485 2219 vermis

1924 2253 2112 2320 Iacob,
2137 2263 2189 2309 et
2214 2271 2373 2327 quant
2398 2258 2647 2311 minimus
2682 2256 2893 2312 Israel:
2925 2273 3019 2328 ego
3044 2257 3337 2311 auxiliatas
3366 2271 3484 2311 sum

1927 2348 2042 2413 tibi,
2059 2348 2184 2403 dicit
2214 2349 2466 2406 Dominus
2488 2360 2536 2405 et
2562 2350 2854 2421 redemptor
2879 2359 3017 2416 tuus,
3049 2360 3264 2405 sanctus
3286 2349 3485 2407 Israel.

1928 2439 2060 2496 Ecce
2088 2441 2188 2511 feci
2211 2451 2261 2496 te
2287 2445 2442 2513 quasi
2468 2453 2614 2499 rotas
2638 2460 2827 2498 currus
2853 2446 3184 2511 triturantes,
3201 2460 3382 2509 novas,
3414 2442 3483 2497 ad

1926 2534 2137 2589 modum
2160 2550 2319 2589 serra
2337 2534 2646 2592 adornatas.
2679 2536 2746 2590 Et
2767 2538 3038 2591 triturabis
3059 2551 3256 2593 montes
3277 2548 3326 2593 et
3343 2554 3474 2594 com-

1926 2628 2127 2681 minues
2162 2625 2344 2691 colles,
2376 2636 2425 2680 et
2445 2627 2599 2696 quasi
2627 2627 2891 2697 pulverem
2934 2644 3115 2697 pones.
3150 2628 3221 2682 Et
3265 2630 3487 2684 ventila-

1926 2717 2026 2780 bis,
2064 2729 2114 2772 et
2156 2726 2337 2772 ventus
2375 2718 2523 2773 tollet
2550 2734 2661 2781 eos,
2695 2727 2744 2772 et
2776 2718 2927 2773 turbo
2958 2719 3219 2789 disperget
3259 2734 3367 2773 eos.
3406 2719 3485 2773 Tu

1924 2826 2043 2864 vero
2076 2808 2365 2865 exsultabis
2393 2811 2448 2864 in
2477 2808 2702 2864 Domino
2735 2811 2778 2865 '.
2809 2808 3021 2876 Quibus
3044 2810 3227 2867 verbis
3254 2809 3489 2881 prophe-

1922 2902 2021 2967 tia,
2074 2902 2205 2958 dum
2230 2919 2469 2961 vermem
2497 2904 2733 2970 vocavit,
2784 2914 2838 2961 et
2862 2910 3082 2976 propter
3123 2904 3391 2960 vilitatem
3422 2919 3487 2959 ac

1923 2995 2246 3067 parvitatem
2277 2998 2531 3053 animalis
2580 3014 2745 3069 quam
2795 2999 3083 3053 minimum
3116 2997 3277 3063 dixit,
3310 2999 3487 3053 virtu-

1923 3095 2032 3142 tem
2080 3087 2199 3159 ejus
2250 3104 2503 3160 magnam
2558 3089 2858 3159 adjunxit:
2908 3089 3228 3155 Triturabis,
3288 3090 3484 3160 inquit,

252 3212 351 3264 καὶ
373 3182 704 3278 ⁸λεῖιιςτυνέῒς
735 3182 1023 3277 βουνοὺς,
1058 3210 1154 3263 καὶ
1285 3182 1444 3276 χοῦνἶ
1468 3182 1692 3277 όῆσὲιξ,

1926 3188 2147 3243 montes,
2164 3189 2213 3234 et
2236 3183 2553 3235 comminues
2579 3182 2761 3246 colles,
2784 3191 2834 3237 et
2857 3183 3010 3252 quasi
3026 3183 3289 3251 pulverem
3303 3199 3483 3253 pones,

251 3300 586 3370 λιιιμήσεις.
622 3301 731 3355 Καὶ
762 3300 850 3354 διὰ
878 3300 984 3353 τῶν
1017 3301 1391 3373 προκειμένων
1435 3300 1611 3354 τοίνυν
1650 3299 1824 3369 λέγων

250 3395 279 3446 ό
304 3392 522 3464 Σωτήρ·
558 3392 697 3462 Ἐγὼ
718 3392 785 3447 δέ
805 3396 919 3462 ειμι
945 3391 1211 3461 σκώληξ,
1235 3393 1334 3447 καὶ
1361 3394 1471 3446 οὐκ
1497 3391 1822 3461 ἄνθρωπος,

249 3483 310 3537 τὸ
338 3483 553 3548 εὐτελὲς
583 3486 675 3537 καὶ
703 3484 927 3548 ἀσθενὲς
960 3485 1052 3538 καὶ
1092 3485 1393 3556 ἀπόϐλητον
1428 3486 1520 3538 καὶ
1555 3486 1826 3556 ἀπερριμ-

252 3577 410 3648 μένον
436 3576 529 3631 τοῦ
556 3576 758 3642 πάθους
788 3578 978 3632 ἑαυτοῦ
1015 3569 1331 3650 παρίστησι,
1366 3579 1426 3631 τό
1447 3595 1505 3631 τε
1538 3578 1646 3631 τῶν
1674 3580 1826 3632 ὲναν-

249 3668 375 3722 τίων
418 3667 697 3740 δυνάμεων
742 3669 1391 3739 άφανιστικόν.¹Ήμελλεν
1443 3669 1570 3741 γὰρ,
1625 3668 1822 3734 ὑποδὺς

248 3758 339 3813 τὸν
366 3759 612 3825 θάνατον,
644 3762 737 3814 κα)⁸
773 3762 831 3814 ὲν
865 3760 1012 3831 αὐτῷ
1044 3761 1334 3832 γενόμενος
1364 3760 1439 3832 τῷ
1467 3760 1575 3814 τῶν
1613 3761 1821 3833 νεκρῶν

249 3853 451 3924 χωρίῳ,
484 3852 761 3925 σκώληκος
788 3853 943 3923 δίκην
980 3852 1078 3916 τὰς
1105 3852 1361 3924 δυνάμεις
1389 3851 1485 3916 τὰς
1514 3853 1823 3924 ἀντικειμέ-

250 3962 347 4008 νας
378 3944 551 4018 φθορᾷ
585 3945 950 4018 παραδιδόναι.
984 3946 1092 3999 Καὶ
1119 3945 1292 4009 ἄλλως
1322 3944 1367 3997 δ’
1393 3944 1458 3998 ἂν
1485 3944 1655 4009 εἴποις
1682 3944 1823 3998 σκώ-

247 4037 389 4111 ληκα
412 4038 574 4091 αὐτὸν
604 4036 934 4108 ὠνομάσθαι,
964 4038 1056 4090 καὶ
1080 4037 1179 4090 οὐκ
1206 4036 1512 4109 ἄνθρωπον,
1540 4036 1627 4089 διὰ
1654 4037 1715 4089 τὸ
1744 4037 1819 4109 μὴ

245 4130 446 4202 ὁμοίως
474 4129 777 4201 ἀνθρώποις
805 4130 865 4182 ἐκ
899 4128 1182 4192 συνουσίας
1208 4129 1434 4201 ἄρρενος
1467 4128 1561 4181 καὶ
1603 4127 1821 4199 θηλείας

245 4220 345 4293 τὴν
393 4221 494 4293 τῆς
541 4221 742 4293 σαρκὸς
771 4220 981 4289 γένεσιν
1012 4220 1321 4291 ἐσχηκέναι.
1358 4220 1512 4273 Κατὰ
1545 4220 1724 4291 τρίτον
1762 4218 1820 4272 δὲ

245 4313 465 4384 τρόπον,
498 4313 590 4367 τὸν
632 4313 859 4366 θάνατον
891 4308 1085 4365 ἑαυτοῦ
1129 4311 1404 4382 σημαίνει,
1438 4311 1530 4363 καὶ
1560 4311 1652 4363 τὸν
1683 4310 1819 4380 ἄψυ-

246 4420 340 4474 χον
369 4403 559 4475 νεκρόν
577 4420 589 4432 ·
623 4401 703 4456 διὸ
737 4400 977 4469 ἐπιλέγει
997 4415 1012 4429 ·
1053 4397 1193 4469 Ἐγὼ
1213 4398 1279 4453 δέ
1300 4402 1414 4469 ειμι
1436 4397 1700 4468 σκώληξ,
1719 4399 1817 4452 καί

246 4493 361 4546 οὐκ
394 4490 726 4559 ἄνθρωπος·
753 4489 981 4554 ὄνειδος
1007 4486 1331 4556 ἀνθρώπων
1368 4488 1466 4541 καὶ
1497 4486 1816 4556 ἐξουθένη-

1922 3280 1971 3325 et
2001 3272 2293 3328 ventilabis.
2331 3272 2469 3328 Cum
2515 3274 2679 3343 igitur
2728 3273 2978 3328 Salvator
3027 3282 3327 3329 memorata
3357 3290 3487 3344 pro-

1925 3362 2033 3418 fert
2087 3364 2251 3419 verba
2282 3384 2296 3419 :
2330 3362 2442 3436 Ego
2472 3374 2648 3419 autem
2690 3382 2808 3419 sum
2836 3366 3045 3430 vermis,
3076 3375 3126 3420 et
3174 3382 3277 3419 non
3307 3366 3483 3428 homo,

1923 3454 2212 3519 vilitatem,
2268 3456 2665 3520 inﬁrmitatem,
2718 3456 2985 3527 abiectam
3041 3456 3317 3528 passionis
3373 3471 3487 3512 sua

1925 3545 2294 3603 conditionem
2322 3546 2587 3611 declarat,
2610 3555 2772 3617 atque
2794 3547 3227 3603 adversariarum
3253 3556 3488 3619 potesta-

1922 3647 2039 3694 tum
2060 3640 2291 3695 exitium
2325 3641 2393 3696 ab
2417 3656 2475 3696 se
2507 3640 2575 3696 iis
2599 3641 2966 3697 inferendum.
2994 3639 3257 3696 Futurum
3281 3642 3486 3712 quippe

1922 3738 2060 3795 erat,
2098 3738 2158 3785 ut
2184 3741 2472 3802 postquam
2508 3743 2739 3787 mortem
2778 3732 3056 3796 subiisset,
3093 3739 3255 3802 atque
3278 3733 3333 3785 in
3360 3732 3483 3802 ipso

1922 3835 2262 3879 mortuorum
2288 3826 2409 3880 loco
2442 3826 2788 3889 consisteret,
2815 3823 3155 3880 adversariae
3184 3832 3482 3895 potestates

1920 3918 2123 3973 vermis
2163 3919 2336 3974 instar
2375 3920 2714 3989 corruptioni
2764 3919 3024 3975 traderet.
3081 3920 3203 3975 Alio
3265 3934 3482 3990 quoque

1920 4012 2083 4067 modo
2106 4012 2336 4080 dixeris,
2363 4013 2485 4069 ideo
2512 4029 2751 4070 vermem
2779 4014 2956 4084 ipsum
2981 4022 3036 4069 et
3060 4029 3169 4069 non
3203 4014 3479 4068 hominem

1919 4112 2195 4169 vocatum,
2245 4107 2389 4176 quod
2431 4121 2542 4161 non
2595 4107 2873 4161 hominum
2916 4106 3046 4175 ritu,
3073 4121 3142 4161 ex
3168 4107 3397 4160 masculi
3426 4114 3481 4158 et

1920 4196 2135 4252 femina:
2185 4212 2507 4268 congressu,
2545 4198 2729 4253 carnis
2769 4206 2950 4252 ortum
2983 4198 3255 4253 habuerit.
3290 4195 3480 4251 Tertio

1919 4289 2046 4343 item
2075 4288 2259 4351 modo,
2290 4299 2518 4343 mortem
2546 4290 2752 4343 indicat
2796 4305 2974 4353 suam,
3027 4297 3081 4344 et
3109 4288 3477 4344 exanimatum

1919 4380 2170 4435 cadaver.
2194 4377 2556 4444 Quamobrem
2575 4376 2738 4434 infert
2765 4398 2778 4432 :
2812 4377 2922 4447 Ego
2936 4386 3110 4430 autem
3131 4392 3247 4429 sum
3266 4374 3477 4437 vermis,

1919 4480 1968 4526 et
1998 4487 2100 4525 non
2116 4469 2289 4531 homo,
2322 4469 2657 4538 opprobrium
2685 4468 2951 4522 hominum
2968 4476 3016 4520 et
3045 4466 3266 4535 abjectio
3289 4464 3475 4545 plebis.

241 4542 740 4651 per
773 4542 971 4650 νεκρὸς
1010 4542 1132 4630 οὐκ.
1150 4576 1450 4647 ἄνθρωπος.
1469 4542 1606 4628 Ἀλλ’
1640 4577 1688 4628 εί
1717 4542 1814 4645 μέν

1923 4559 2025 4627 Qui
2063 4567 2310 4614 mortuus
2342 4559 2485 4613 enim
2515 4568 2617 4622 est,
2654 4573 2762 4613 non
2797 4556 2937 4610 ultra
2981 4555 3161 4610 homo.
3200 4554 3400 4611 Verum
3429 4542 3480 4611 lsi

242 4648 311 4745 ἦν
343 4672 519 4743 πάντη
553 4648 762 4742 νεκρὸς,
797 4648 1035 4741 ἀπηρκει
1059 4670 1255 4739 φάναι·
1304 4666 1443 4736 Ἐγὼ
1472 4667 1529 4721 δέ
1565 4668 1679 4737 είμι
1716 4668 1817 4719 οὐκ

1923 4652 2143 4709 omnino
2163 4658 2413 4705 mortuus
2444 4649 2659 4714 fuisset,
2693 4650 2827 4705 satis
2852 4656 2968 4705 erat
2989 4648 3228 4705 dixisse:
3250 4648 3365 4720 Ego
3388 4663 3481 4703 au-

244 4741 530 4834 άνθρωπος
550 4777 561 4790 ·
595 4741 707 4813 ἀλλ’
733 4761 854 4813 ἐπεὶ
882 4758 1164 4831 δυνάμεώς
1186 4776 1327 4823 τινος
1344 4757 1703 4827 ἀφανιστικῆς
1724 4757 1816 4810 τοῦ

1923 4756 2027 4802 tem
2058 4758 2176 4800 sum
2206 4757 2315 4798 non
2349 4744 2512 4797 homo
2542 4762 2555 4796 :
2590 4742 2685 4798 sed
2738 4742 2865 4812 quia
2924 4741 3158 4811 quadam
3214 4742 3263 4797 vi
3317 4741 3480 4796 morti

146 4852 151 4856 ’
247 4855 479 4910 Θανάτου
518 4856 780 4925 μετεῖχεν,
812 4852 1033 4917 εἰκότως
1085 4849 1338 4922 σκώληκα
1387 4851 1546 4904 αὑτὸν
1577 4850 1672 4903 καὶ
1722 4850 1820 4902 οὐκ

1923 4841 2153 4895 exitiosa
2184 4839 2490 4894 instructus
2514 4844 2652 4894 erat.
2682 4836 2807 4907 jure
2835 4850 3076 4890 vermem
3127 4841 3181 4890 et
3226 4850 3335 4890 non
3386 4835 3480 4891 ho-

245 4945 531 5018 ἄνθρωπον
575 4945 871 5016 ὠνόμασεν.
902 4946 1097 5015 Γέγονε
1127 4945 1184 4999 δὲ
1218 4944 1430 5017 άληθῶς
1451 4947 1480 4997 ό
1504 4943 1691 5015 Σωτὴρ
1722 4942 1816 4996 καὶ⁵

1923 4933 2123 4987 minem
2158 4946 2279 4987 sese
2307 4929 2540 4987 vocavit.
2590 4927 2797 4983 Revera
2845 4926 3094 4982 Salvator
3121 4934 3175 4982 et
3214 4925 3477 4981 Dominus

245 5035 451 5107 Κύριος
473 5037 505 5107 ἡ
514 5034 630 5107 μῶν
666 5036 878 5089 πάντων
906 5036 1126 5100 ὄνειδος,
1149 5036 1237 5089 τον
1267 5034 1623 5089 ἐπονείδιστον
1655 5051 1817 5088 σταυ-

1923 5032 2108 5081 noster
2139 5024 2381 5077 omnium
2430 5020 2782 5092 opprobrium
2830 5019 2952 5083 fuit,
2998 5019 3090 5089 qui
3118 5018 3485 5083 contumelio-g

246 5129 342 5199 ρδν
374 5128 514 5202 ὑπὲρ
543 5128 699 5201 ἡμῶν
724 5127 1158 5199 ἀναδεδεγμένος.
1187 5128 1275 5181 Διὸ
1299 5129 1392 5182 καὶ
1422 5127 1583 5198 ἑτέρα
1606 5142 1815 5197 προφη-

1923 5135 2036 5175 sam
2066 5133 2165 5189 pro
2186 5117 2345 5172 nobis
2377 5130 2596 5170 crucem
2633 5113 2874 5168 admisit.
2905 5112 3084 5179 Quare
3116 5111 3222 5166 alia
3252 5111 3477 5183 pr0phe-

243 5220 365 5275 τεία
393 5222 453 5288 ἐξ
480 5220 644 5274 αὐτοῦ
676 5218 966 5293 προσώπου
997 5219 1189 5290 φησίν·
1226 5222 1287 5272 Ol
1329 5218 1651 5288 ὀνειδισμοὶ
1697 5215 1814 5271 τῶν

1923 5215 1997 5269 tia
2021 5228 2088 5268 ex
2108 5210 2353 5281 ejusdem
2383 5223 2612 5279 persona
2642 5208 2721 5263 sic
2748 5207 2989 5277 loquitur
3022 5226 3035 5260 :
3072 5203 3362 5274 Opprobria
3385 5215 3473 5256 ea:-

244 5311 645 5372 ὀνειδιζόντων
680 5324 753 5365 σε
785 5308 1091 5364 ἐπέπεσαν
1117 5310 1207 5362 ἐπ’
1235 5309 1357 5377 ἐμέ.
1382 5310 1444 5363 οι
1479 5310 1575 5379 μὲν
1600 5304 1692 5361 οὖν
1720 5306 1814 5361 άλ-

1923 5304 2276 5371 probrantium
2324 5301 2417 5355 tibi
2464 5301 2758 5356 ceciderunt
2788 5316 2941 5369 super
2969 5315 3047 5353 me
3079 5298 3119 5352 ⁸.
3156 5297 3261 5351 Alii
3294 5297 3479 5389 itaque.ﬁ

241 5401 324 5458 λοι
354 5402 625 5475 ἄνθρωποι
659 5400 1017 5456 ἐπονείδιστον
1049 5400 1209 5454 αὐτὸν
1238 5399 1392 5469 ἔσχον
1425 5399 1566 5452 κατὰ
1596 5398 1685 5452 τὸν
1717 5396 1813 5451 τοῦ

1923 5397 2165 5453 homines
2190 5394 2583 5451 contumeliose
2610 5393 2788 5465 ipsum
2824 5401 3066 5462 tempore
3093 5384 3363 5459 passionis
3383 5383 3475 5438 ha?

314 5562 334 5592 ⁵
376 5558 480 5615 lsa.
517 5575 641 5623 xm,
679 5557 865 5614 14-16.
943 5558 964 5589 ⁶
1001 5554 1151 5612 Psal.
1184 5569 1386 5620 vatu,
1424 5553 1513 5607 lo.

314 5673 388 5744 (l)
423 5674 548 5731 Haec
568 5676 633 5730 ad
652 5675 948 5745 marginem
989 5671 1520 5745 legebantur‘fl‘oﬁzo
1550 5670 1608 5745 δὲ
1640 5670 1720 5745 ob
1751 5686 1823 5745 κα

1944 5666 2227 5745 σύγκρισιν
2264 5670 2499 5745 νοητέον,
2532 5662 2655 5723 καθ’
2672 5667 2721 5745 ⁸ἃ
2750 5662 2902 5731 οὗτός
2930 5678 3090 5745 φησιν
3116 5661 3144 5711 ό
3174 5657 3472 5745 Ἀρςιαγρξ·

243 5744 301 5798 ἓν
319 5727 941 5816 ἆᾶῥλᾱέλήιῐᾱήπέᾦδς
971 5727 1073 5799 κεῖ
1087 5727 1253 5798 ίΥιοῦ·
1287 5741 1424 5799 ἀλλά
1454 5740 1593 5796 κατὰ
1607 5740 1823 5812 τὸάνθρι

1927 5727 2037 5807 νονξ
2073 5727 2220 5810 quod
2247 5727 2497 5798 schblion
2516 5740 2685 5797 textui
2719 5727 2907 5809 postea
2930 5727 3190 5790 insertum
3221 5727 3325 5785 est.
3345 5727 3478 5784 Vide

245 5817 303 5869 in
332 5815 666 5887 praefatione.
