3992 6216
295 304 402 362 209

1411 302 1914 362 COMMENTARIA
1952 302 2021 359 IN
2058 304 2391 365 PSALMOS.

3408 310 3513 365 2m

290 415 439 491 αὶμα
487 419 673 475 αὐτοῦ
723 420 813 490 ἐφ’
844 419 1000 492 ἡμᾶς
1041 420 1137 476 καὶ
1180 420 1278 475 ἐπὶ
1328 418 1400 474 τὰ
1442 416 1622 475 τέκνα

1962 439 2054 493 per
2085 422 2275 478 liberos
2300 432 2507 478 nostros
2529 423 2590 475 ”.
2613 421 2804 491 Aquila
2833 436 2985 485 vero,
3011 421 3164 477 Sicut
3191 421 3288 485 leo,
3315 420 3511 490 inquit,

308 509 540 574 ’Δκύλας
581 509 666 564 δέ·
712 509 805 578 Ὦς
834 511 1010 579 λέων,
1041 512 1224 583 φησὶν,
1266 510 1538 565 ἁλίσκων
1576 511 1675 565 καὶ
1712 511 1861 579 ,ϐρυ-

296 598 565 670 χώμενος
583 617 598 632 υ
634 599 841 653 κατάδὲ
860 600 950 655 τὸν
970 600 1258 673 Σύμμαχον
1274 618 1287 631 ·
1316 601 1410 666 Ὠς
1427 599 1582 655 λέων
1601 600 1863 668 θηρεύων

288 689 695 761 βρυχώμενος.
723 691 783 744 Οἱ
809 690 918 762 γὰρ
940 691 1166 762 αἵματος
1185 690 1465 761 διψῶντες,
1492 692 1717 756 καὶτοῖς
1740 694 1862 746 ἑαυ-

295 782 406 836 τῶν
432 782 641 846 τέκνοις
673 780 1038 853 ἐπισπώμενοι
1063 782 1123 836 τὸ
1142 782 1236 836 τοῦ
1262 782 1514 856 Σωτῆρος
1545 778 1704 855 αἷμα,
1732 783 1861 855 βρυ-

296 872 543 946 χωμένου
569 873 776 936 λέοντος
806 872 956 927 οὐδὲν
986 873 1251 947 διέφερον.

371 964 490 1016 Ὅτι
532 959 882 1016 ἐκύκλωσάν
924 980 1000 1033 με
1042 965 1224 1031 κύνες
1267 965 1505 1029 πολλοὶ,
1541 963 1859 1036 συναγωγὴ

298 1049 783 1120 πονηρευομέντνν
801 1052 1121 1121 περιέσχον
1140 1070 1238 1124 με.
1259 1053 1411 1108 Μετὰ
1431 1054 1556 1118 τοὺς
1582 1054 1862 1119 Ἰουδαίους

298 1142 407 1198 τῶν
442 1141 500 1208 ἐξ
540 1142 707 1196 ἐθνῶν
739 1144 1067 1215 μνημονεύει
1116 1144 1480 1217 στρατιωτῶν.
1508 1144 1728 1209 Τούτοις
1753 1145 1861 1218 γὰρ

299 1231 489 1285 ἐκεῖνοι
539 1231 859 1303 παρέδοσαν.
894 1232 984 1285 Διὸ
1029 1234 1120 1287 καὶ¹
1165 1233 1264 1305 τὴν
1314 1232 1467 1299 τάξιν
1501 1235 1861 1306 ἡπροφητεὶα

297 1322 402 1377 τῶν
445 1324 781 1395 πραγμάτων
831 1323 1110 1393 ἐφύλαξεν.
1145 1325 1384 1390 Εἰκότως
1408 1326 1466 1379 δὲ
1493 1326 1724 1398 ταύρους
1764 1326 1860 1398 μὲν

299 1413 555 1479 ἐκείνους,
586 1414 750 1480 κύνας
778 1416 835 1470 δὲ
856 1416 1077 1482 τούτους
1095 1417 1402 1489 ὠνόμασεν·
1429 1418 1479 1471 οἱ
1502 1419 1599 1489 μὲν
1626 1417 1733 1490 γάρ
1759 1418 1862 1473 ὑπὸ

293 1504 384 1559 τὸν
425 1503 517 1560 τοῦ
554 1505 718 1577 νόμου
747 1501 888 1579 ἦσαν
919 1505 1112 1575 ζυγὸν,
1142 1509 1192 1561 εἱ
1225 1510 1320 1562 καὶ
1346 1507 1634 1581 προφανῶς
1660 1508 1748 1564 τὸν
1773 1508 1859 1563 νό-

294 1612 394 1667 μον
441 1595 767 1669 παρέϐαινον
786 1614 799 1627 ·
838 1598 887 1651 οἱ
923 1598 980 1651 δὲ
1018 1597 1160 1652 κατὰ
1184 1598 1346 1670 νόμον
1372 1594 1511 1671 ἦσαν
1540 1599 1856 1672 ἀκάθαρτοι.

292 1686 448 1741 Οὕτω
469 1686 527 1740 δὲ
559 1687 654 1741 καὶ
679 1688 707 1739 ὁ
738 1686 941 1760 Κύριος
971 1688 1069 1759 τὴν
1098 1689 1405 1744 Χαναναίαν
1432 1690 1861 1762 ὠνόμασεν.οὐκ

1960 516 2166 585 capiens
2219 525 2271 570 et
2317 515 2555 585 rugiens;
2615 512 2993 584 Symmachus,
3039 511 3187 567 Sicut
3218 512 3296 566 leo
3323 528 3514 568 manus

1959 609 2286 679 rugiensque.
2311 606 2449 660 Nam
2477 605 2570 676 qui
2606 604 2925 676 sanguinem
2953 603 3229 668 sitiebant,
3280 618 3517 674 suosmte

1959 702 2165 757 liberos
2200 698 2502 756 Salvatoris
2538 697 2804 768 sanguine
2827 711 2953 752 reos
2978 711 3100 752 esse
3125 696 3517 769 procurabant,

1958 808 1991 849 ε
2010 793 2168 848 leone
2191 791 2435 863 rugiente
2465 788 2602 844 nihil
2629 786 2970 844 dilferebant.

2031 965 2199 1021 Vens.
2243 964 2434 1020 17-19.
2487 963 2752 1032 Quoniam
2805 963 3258 1020 circumdederunt
3301 982 3384 1020 me
3429 982 3522 1020 ea-

1961 1075 2047 1113 ues
2100 1056 2275 1120 multi,
2344 1056 2621 1111 concilium
2695 1055 3100 1126 malignantium
3159 1056 3361 1111 obsedit
3413 1075 3517 1113 me.

1957 1148 2089 1206 Post
2126 1147 2364 1206 Iudaeos.
2392 1147 2674 1219 gentilium
2710 1147 2915 1204 milites
2947 1156 3358 1204 commemorat.
3383 1148 3521 1220 Ipsis

1956 1239 2103 1297 enim
2155 1236 2329 1293 Judaei
2379 1237 2658 1295 Christum
2704 1237 3068 1294 tradiderunt.
3110 1236 3290 1305 Quare
3337 1255 3519 1295 rerqu

1958 1330 2206 1391 ordinem
2263 1329 2544 1400 prophetia
2598 1332 2855 1386 servavit.
2926 1328 3058 1386 Iure
3107 1338 3287 1387 autem
3332 1339 3522 1388 tauros

1959 1423 2104 1488 illos,
2136 1421 2303 1478 hosce
2344 1435 2511 1478 canes
2556 1422 2807 1489 vocavit;
2839 1423 2917 1477 illi
2967 1438 3201 1494 namque
3242 1423 3345 1479 sub
3389 1425 3522 1497 iugo

1959 1517 2094 1588 legis
2122 1524 2299 1584 erant,
2343 1516 2561 1572 etiamsi
2607 1514 2896 1572 manifeste
2948 1517 3120 1586 legem
3175 1518 3521 1589 transgredeo

1958 1618 2185 1677 rentur;
2217 1609 2272 1663 bi
2303 1624 2434 1664 vero
2460 1607 2763 1665 secundum
2790 1610 2959 1681 legem
2987 1609 3189 1679 impuri
3217 1618 3394 1667 erant.
3431 1609 3523 1666 Sic

1959 1702 2077 1772 ipse
2131 1699 2394 1756 Dominus
2438 1699 2799 1756 Chananaeam
2841 1701 3152 1772 appellavit.
3228 1700 3353 1756 Non
3404 1703 3528 1757 licet

289 1778 422 1834 ἐστι
451 1777 582 1849 γὰρ,
611 1778 982 1849 φησὶ,λαϐεῐν
1008 1779 1115 1835 τόν
1139 1780 1319 1849 ἄρτον
1348 1780 1464 1836 τῶν
1490 1783 1736 1848 τέκνων,
1760 1782 1859 1837 καὶ

1962 1794 2117 1856 enim.
2149 1793 2346 1863 inquit,
2378 1793 2609 1862 accipere
2629 1809 2819 1863 panem
2842 1793 3099 1863 filiorum,
3132 1801 3183 1849 et
3219 1793 3349 1849 dare
3375 1796 3525 1852 coui-

290 1869 502 1924 δοῦναι
529 1869 652 1936 τοῖς
682 1871 1003 1939 κυναρίοις.
1024 1871 1159 1925 Ἀλλ’
1181 1874 1329 1944 ὅμως
1359 1873 1494 1944 μετά
1528 1874 1589 1928 τὸ
1620 1873 1789 1939 πάθος
1809 1877 1859 1928 οἱ

296 1958 656 2025 πάλαι’κύνες
686 1960 771 2015 διὰ
797 1962 895 2032 τῆς
918 1963 1150 2028 πίστεως
1170 1967 1251 2030 εἱς
1277 1966 1375 2036 τὴν
1403 1967 1535 2020 υίῶν
1564 1965 1862 2038 μεταϐεϐή-

294 2068 423 2105 κασι
446 2050 595 2116 τάξιν
613 2069 627 2083 ο
662 2055 708 2106 οἱ
734 2052 790 2106 δὲ
818 2054 981 2107 πάλαι
1013 2053 1110 2127 τὴν
1139 2054 1247 2109 τῶν
1277 2048 1407 2109 υἱῶν
1434 2056 1726 2128 ἐσχηκότες
1757 2074 1859 2128 κη-

292 2141 563 2212 δεμονίαν,
593 2141 690 2215 τὴν
735 2143 912 2197 κυνῶν
960 2145 1326 2217 προσηγορίαν
1352 2144 1629 2209 ἐδέξαντο,
1658 2145 1751 2200 ἅτε
1795 2145 1859 2211 δὴ

293 2232 470 2287 κυνῶν
516 2234 671 2307 δίκην
720 2232 860 2288 κατὰ
890 2234 982 2288 τοῦ
1016 2237 1282 2290 Δεσπότου
1314 2235 1691 2307 λυττήσαντες.
1728 2237 1862 2309 Περὶ

290 2325 495 2380 τούτων
513 2326 542 2380 ό
563 2325 829 2399 μακάριος
859 2326 1070 2390 Παῦλος
1103 2326 1201 2398 βοᾷ
1218 2344 1232 2358 ο
1265 2327 1458 2381 Βλέπε
1487 2327 1629 2394 τοὺς
1651 2329 1856 2394 κύνας

285 2418 548 2485 βλέπετε
578 2418 720 2486 τοὺς
750 2418 975 2485 κακοὺς
1004 2418 1254 2489 ἐργάτας
1272 2434 1286 2449 ·
1330 2417 1589 2483 βλέπετε
1622 2419 1737 2488 τὴν
1760 2435 1862 2473 κα-

289 2508 570 2580 τατομήν.
591 2511 649 2564 ’Θ
680 2511 862 2582 μέντοι
906 2511 1239 2582 προφητικὸς
1275 2511 1434 2582 λόγος
1488 2512 1658 2576 κύνας
1696 2530 1862 2586 προσ-

174 2655 187 2668 ,
290 2600 593 2673 αγορεύσας
623 2601 724 2672 ἔφη
745 2618 758 2631 ·
800 2601 1121 2671 Συναγωγὴ
1164 2600 1654 2672 πονηρευομένων
1698 2619 1858 2672 περι-

289 2691 583 2763 έσχον-με’
610 2691 847 2761 ὤρυξαν
869 2692 1069 2761 χεζοάς
1088 2711 1207 2763 μου
1238 2695 1335 2748 καὶ
1362 2694 1549 2761 πόδας
1564 2712 1703 2765 μου,
1725 2695 1863 2764 ἐξη·

284 2786 589 2855 ρίθμησαν
619 2786 813 2841 πάντα
848 2786 919 2840 τὰ
951 2785 1101 2842 ὀστᾶ
1123 2804 1261 2856 μου.
1290 2788 1400 2841 Καὶ
1426 2786 1583 2842 τοῦτο
1619 2787 1676 2842 δὲ
1706 2787 1861 2861 δῆλόν

293 2877 407 2929 ἐστι
438 2877 533 2929 καὶ
560 2877 728 2945 σαφὲς
751 2877 976 2939 καὶτοῖς
1000 2877 1120 2932 λίαν
1148 2877 1537 2947 φιλονεικοῦσιν
1553 2896 1567 2911 ο
1594 2874 1860 2952 ἀκούομεν

294 2965 403 3037 γὰρ
427 2969 483 3021 ὲν
504 2970 615 3031 τοῖς
636 2970 798 3038 ἱεροῖς
822 2968 1169 3036 Εὐαγγελίοις
1200 2969 1364 3023 αὐτοῦ
1385 2970 1476 3024 τοῦ
1501 2971 1703 3043 Κυρίου
1726 2970 1863 3045 πρὸς

295 3056 422 3118 τοὺς
448 3055 635 3123 ἁγίους
671 3055 833 3109 αὑτοῦ
872 3055 1117 3125 λέγοντος
1151 3058 1428 3129 μαθητάς’
1459 3060 1718 3116 Βλέπετε
1756 3063 1862 3128 τὰς

293 3143 497 3217 χεῖράς
530 3163 668 3215 μου,
697 3147 794 3200 καὶ
821 3145 964 3212 τοὺς
988 3146 1196 3213 πόδας,
1226 3147 1314 3201 ὅτι
1343 3150 1524 3215 αὐτὸς
1566 3149 1680 3220 ἐγώ
1721 3153 1857 3220 εἰμι.
1888 3143 1931 3200 C

295 3234 406 3288 Καὶ
440 3233 621 3307 μέντοι
642 3236 735 3289 καὶ
765 3234 843 3302 τῷ
865 3235 1033 3306 Θωμᾷ
1052 3235 1159 3288 τῶν
1185 3236 1327 3306 ἥλων
1349 3239 1471 3295 τοὺς
1507 3237 1710 3303 τύπους
1753 3240 1858 3293 ὑπ-

293 3322 481 3392 έδειξε,
517 3325 609 3379 καὶ
640 3324 737 3397 τὴν
769 3324 876 3380 άπὸ
899 3325 994 3397 τῆς
1011 3324 1210 3397 λόγχης
1234 3327 1466 3399 πληγήν*
1495 3327 1615 3382 τότε
1644 3329 1701 3383 δὲ
1728 3329 1863 3396 ἐξη-

284 3415 593 3486 ρίθμησαν
628 3413 823 3469 πάντα
866 3415 937 3469 τὰ
984 3415 1141 3470 ὀστᾶ
1174 3434 1294 3486 μου
1318 3434 1333 3447 ο
1385 3417 1681 3486 τουτέστιν,
1720 3418 1863 3472 οὕτω

291 3505 552 3560 διέτειναν
580 3504 996 3578 προσηλοῦντες,
1028 3504 1168 3559 ὥστε
1197 3506 1376 3579 ῥᾴδιον
1403 3503 1538 3561 εῖναι
1571 3509 1649 3580 τῷ
1679 3509 1861 3581 βουλο-

294 3598 441 3670 μένῳ
478 3598 570 3652 καὶ
602 3597 691 3652 τὸν
732 3596 841 3652 τῶν
870 3596 1039 3651 ὀστῶν
1075 3598 1305 3670 ἀριθμὸν
1345 3598 1657 3667 διαγνῶναι.
1684 3600 1861 3655 Αὐτοὶ

293 3688 362 3742 δὲ
385 3690 759 3758 κατενόησαν
784 3688 882 3743 καὶ
905 3688 1144 3743 ἐπεῖδον
1164 3707 1241 3758 με
1260 3707 1272 3719 ·
1314 3691 1433 3744 ἀντὶ
1473 3690 1565 3744 τοῦ
1596 3692 1859 3746 ἐπιτωθά-

295 3780 479 3847 ζοντες
528 3781 623 3835 καὶ
670 3781 965 3852 γελῶντες·
1009 3780 1357 3850 Διεμέρισαν
1406 3782 1477 3837 τὰ
1520 3782 1717 3854 ἱμάτιά
1742 3802 1861 3853 μου

293 3873 545 3941 ἑαυτοῖς,
572 3873 670 3928 καὶ
713 3874 812 3928 ἐπὶ
856 3874 963 3929 τὸν
998 3873 1315 3944 ἱματισμὸν
1350 3873 1571 3930 ἔϐαλον
1610 3876 1859 3945 κλῆρον’

295 3964 391 4019 καὶ
435 3964 590 4019 τοῦτο
637 3964 693 4019 δὲ
742 3964 1067 4037 σαφέστερον
1106 3966 1140 4037 ἡ
1179 3964 1286 4019 τῶν
1334 3965 1495 4037 ἱερῶν
1521 3966 1863 4036 Εὐαγγελίων

296 4055 505 4129 ἱστορία
532 4056 791 4112 διδάσκει.

366 4152 432 4204 οι
457 4150 809 4221 φοϐούμενοι
835 4148 940 4203 τὸν
975 4149 1430 4216 Θεόν,αὶνέσατε
1456 4151 1669 4205 αὐτόν’
1701 4149 1863 4206 ἅπαν

292 4239 360 4296 τὸ
405 4240 640 4312 σπέρμα
674 4241 888 4307 Ἰακὼϐ,
911 4240 1208 4307 δοξάσατε
1250 4244 1437 4297 αὐτόν
1454 4258 1466 4272 ·
1517 4241 1861 4311 φοϐηθήτω-

292 4349 414 4390 σαν
449 4334 636 4389 αὐτὸν
672 4332 833 4389 ἅπαν
871 4332 938 4387 τὸ
970 4330 1207 4403 σπέρμα
1248 4331 1499 4401 Ἰσραήλ.
1529 4331 1635 4386 Τοῦ
1665 4334 1863 4399 παντὸς

306 4427 572 4482 Ἰουδαίων
598 4426 781 4490 ἔθνους
806 4426 886 4490 εἱς
912 4426 1038 4499 τρία
1065 4427 1319 4497 τάγματα
1344 4424 1691 4498 διῃρημένου,
1716 4426 1864 4497 πρῶ-

1960 1886 2056 1939 bus
2092 1886 2156 1939 η.
2198 1884 2450 1940 Attamen
2500 1891 2623 1955 post
2680 1885 3010 1954 passionem,
3041 1888 3133 1954 qui
3185 1885 3316 1940 olim
3356 1899 3526 1942 canes

1962 1977 2197 2041 fuerant,
2220 1992 2317 2047 per
2341 1976 2500 2032 ﬁdem
2531 1977 2586 2031 in
2613 1976 2846 2031 ﬁliorum
2872 1976 3240 2032 conditionem
3270 1978 3521 2033 translati

1960 2075 2089 2124 sunt
2116 2087 2129 2122 :
2160 2082 2224 2122 ac
2245 2066 2341 2138 qui
2369 2067 2498 2122 olim
2544 2066 2779 2122 ﬁliorum
2821 2067 2943 2123 loco
2982 2067 3153 2139 probe
3192 2067 3376 2123 educti
3406 2066 3523 2123 lue—

1959 2165 2102 2224 rant,
2128 2173 2325 2214 canum
2351 2173 2545 2215 nomen
2580 2158 2760 2229 adepti
2798 2168 2953 2224 sunt,
2973 2167 3160 2229 utpote
3180 2158 3297 2229 qui,
3325 2172 3520 2213 canum

1961 2252 2154 2316 instar,
2186 2259 2379 2306 contra
2417 2250 2705 2306 Dominum
2756 2251 2935 2306 rabidi
2980 2251 3204 2307 fuerint.
3242 2249 3319 2305 De
3349 2249 3418 2305 iis
3447 2249 3533 2303 ita.

1961 2340 2160 2396 clamat
2183 2340 2421 2396 Paulus:
2463 2341 2590 2396 Vide
2623 2357 2798 2405 canes,
2833 2341 2998 2397 videte
3025 2341 3193 2396 malos
3230 2339 3531 2410 operarios,

1962 2431 2126 2486 videte
2176 2432 2527 2486 concisionem
2564 2432 2630 2486 ¹³.
2678 2430 3038 2502 Propheticus
3097 2433 3282 2502 itaque
3340 2445 3525 2485 sermo

1960 2531 2249 2595 postquam
2270 2537 2436 2578 canes
2455 2524 2688 2588 vocavit,
2718 2524 2791 2577 ita
2822 2525 3084 2593 loquitur,
3103 2522 3384 2594 Synagoga
3408 2539 3521 2576 ma-

1961 2616 2279 2687 lignantium
2331 2614 2530 2670 obsedit
2578 2631 2699 2668 me:
2758 2613 3003 2684 foderunt
3058 2631 3246 2667 manus
3288 2630 3431 2668 meas
3470 2626 3521 2670 et

1960 2708 2114 2778 pedes
2146 2725 2308 2774 meos,
2337 2708 2795 2762 dinumeraverunt
2825 2708 3003 2761 omnia
3039 2723 3162 2761 ossa
3198 2723 3333 2762 mea.
3367 2705 3520 2772 Quoi

1962 2798 2183 2870 quidem
2222 2799 2430 2854 clarum
2482 2805 2537 2854 et
2591 2805 2840 2869 apertum
2872 2796 2959 2852 vel
3006 2796 3523 2854 contentiosioribus

1961 2890 2147 2947 fuerit.
2172 2890 2307 2946 Nam
2356 2892 2413 2947 in
2462 2890 2637 2948 sacris
2682 2886 2991 2961 Evangeliis
3026 2889 3200 2959 ipsum
3233 2887 3522 2944 Dominum

1962 2984 2217 3040 audimus
2249 2992 2470 3040 sanctos
2499 2982 2800 3054 discipulos
2836 2996 2968 3038 suos
3009 2981 3091 3038 sic
3121 2982 3520 3054 alloquentem:

1973 3076 2152 3133 Videte
2195 3093 2382 3133 manus
2431 3093 2574 3131 meas
2605 3087 2652 3131 et
2686 3076 2838 3144 pedes
2872 3091 3048 3141 meos,
3090 3076 3216 3147 quia
3266 3091 3358 3146 ego
3414 3074 3524 3144 ipse

1962 3185 2079 3222 sum
2110 3168 2174 3221 “.
2212 3169 2428 3223 Atenim
2461 3167 2565 3238 ipsi
2617 3166 2839 3222 Thomas
2868 3167 3143 3221 clavorum
3176 3167 3404 3237 vestigia
3433 3183 3520 3222 os-

1963 3260 2158 3325 tendit,
2218 3274 2431 3315 necnon
2470 3256 2744 3312 .inllictum
2790 3273 2821 3312 a
2872 3259 3062 3314 lancea
3100 3258 3319 3313 vulnus.
3368 3255 3524 3312 Tunc

1963 3366 2145 3423 porro,
2163 3350 2619 3405 dinumerarerunt
2646 3352 2821 3404 omnia
2846 3367 2968 3405 ossa
2995 3366 3128 3417 mea,
3150 3349 3423 3412 videlicet,
3448 3346 3523 3401 ita

1960 3444 2346 3508 extenderunt,
2380 3442 2509 3498 dum
2552 3457 2639 3497 me
2671 3443 2841 3497 clavis
2871 3441 3181 3512 aﬂigereut.
3214 3445 3274 3493 ut
3305 3438 3526 3493 cuilibet

1962 3537 2167 3592 volenti
2199 3537 2411 3593 ossium
2468 3549 2755 3590 numerum
2797 3541 3112 3604 computare
3157 3534 3365 3588 liceret.
3410 3529 3524 3600 Ipsi

1961 3644 2079 3683 vero
2113 3627 2574 3683 consideraverunt
2596 3637 2645 3682 et
2669 3628 3003 3695 inspexerunt
3034 3641 3143 3688 me,~
3168 3622 3219 3677 id
3250 3632 3354 3690 est,
3396 3622 3523 3677 illu-

1963 3730 2155 3776 scrunt
2181 3728 2345 3792 atque
2382 3720 2709 3786 irriserunt;
2738 3718 3030 3772 diviserunt
3071 3716 3172 3770 sibi
3221 3715 3525 3770 vestimenta

1962 3828 2098 3879 mea,
2129 3823 2179 3867 et
2220 3826 2374 3880 super
2401 3820 2588 3866 uestem
2638 3826 2806 3864 meam
2835 3810 3086 3864 miserunt
3124 3817 3339 3875 sortem,
3376 3806 3521 3877 quod

1962 3902 2206 3973 apertius
2266 3909 2487 3959 enarrat
2544 3914 2827 3959 sacrorum
2889 3898 3303 3971 Evangeliorum
3354 3897 3523 3953 histo-

1962 4009 2065 4050 ria.

2032 4150 2198 4207 Vsus.
2222 4150 2313 4217 24,
2340 4149 2433 4205 25.
2459 4149 2563 4216 Qui
2589 4132 2778 4205 timetis
2803 4148 3105 4216 Dominum,
3139 4147 3351 4203 laudate
3375 4162 3525 4201 eum:

1961 4247 2257 4299 universum
2289 4259 2461 4299 semen
2480 4240 2669 4308 Iacob,
2700 4242 2993 4312 gloriﬁcate
3021 4252 3167 4295 eum:
3201 4242 3380 4294 timeat
3407 4253 3523 4292 eunt

1962 4355 2113 4394 omne
2140 4354 2313 4393 semen
2359 4335 2551 4391 Israel.
2587 4335 2725 4391 Cum
2769 4332 3081 4388 Iudaeorum
3132 4332 3281 4387 natio
3313 4338 3424 4384 tres
3469 4330 3522 4382 in

1963 4428 2185 4484 ordines
2231 4426 2523 4483 distributa
2568 4426 2663 4490 sit,
2714 4425 2890 4495 primo
2933 4423 3142 4478 scilicet
3186 4423 3241 4476 in
3286 4419 3522 4474 inﬁmam

290 4535 385 4574 τον
419 4519 515 4591 μὲν
550 4521 628 4583 εἰς
656 4519 716 4573 τὺ
740 4519 917 4573 κοινὸν
950 4517 1150 4589 πλῆθος
1183 4517 1275 4570 τοῦ
1330 4516 1534 4583 ἔθνους,
1561 4518 1696 4589 ὅπερ
1734 4519 1862 4572 ἐκα-

1969 4522 2144 4592 gentis
2174 4521 2407 4590 plebem,
2449 4533 2570 4589 qua:
2608 4517 2906 4573 vocabatur
2947 4513 3144 4582 Israel;
3192 4514 3431 4571 secundo
3468 4515 3525 4569 in

291 4609 440 4665 λεῖτο
491 4606 724 4682 Ἰσραήλ·
756 4608 946 4664 ἔπειτα
978 4610 1058 4674 εἱς
1097 4609 1159 4663 τὸ
1190 4606 1477 4680 ἱερατικὸν,
1511 4608 1648 4681 ὅπερ
1682 4604 1750 4681 ἦν
1782 4606 1862 4663 οἱ-

293 4722 389 4769 κος
432 4702 660 4774 Ἀαρὼν,
690 4703 782 4756 καὶ
822 4702 999 4774 τρίτον
1043 4702 1123 4765 εἱς
1157 4699 1218 4755 τὸ
1243 4699 1352 4754 τῶν
1386 4699 1573 4771 ἱερέων
1606 4701 1864 4773 ὑπηρετι-

292 4797 410 4859 κὸν,
445 4795 582 4865 ὅπερ
607 4789 675 4864 ἦν
698 4790 842 4858 οἶκος
870 4795 1022 4851 Acut.
1049 4792 1129 4847 Τά
1163 4792 1289 4866 τρία
1315 4790 1861 4864 καταριθμησάμενος

292 4885 480 4957 ἔτερος
504 4884 736 4957 ψαλμὸς,
763 4885 947 4957 ἕτερον
975 4886 1163 4956 τάγμα
1185 4884 1445 4956 τέταρτον
1470 4883 1622 4955 παρὰ
1643 4882 1710 4937 τὰ
1735 4901 1861 4955 προ-

296 4976 558 5048 ειρημένα
588 4975 817 5044 εἰσάγει,
847 4975 907 5028 τὸ
963 4975 1069 5030 τῶν
1118 4975 1465 5047 φοϐουμένων
1502 4974 1593 5029 τὸν
1637 4971 1857 5045 Κύριον.

295 5069 466 5124 Τοῦτο
501 5069 558 5123 δὲ
600 5064 668 5140 ἦν
708 5066 769 5121 τὸ
801 5066 860 5132 ἐξ
889 5067 1059 5122 ἐθνῶν
1087 5070 1180 5122 ἐπὶ
1208 5069 1299 5124 τὸν
1340 5067 1473 5122 Θεὸν
1507 5067 1861 5139 ἐπιστρεφόν-

296 5162 573 5232 raw.”qu
598 5160 728 5232 γάρ·
746 5155 919 5225 Οἶκος
946 5160 1202 5229 Ἰσραὴλ,
1225 5158 1594 5230 εὐλογήσατε
1619 5160 1728 5214 τὸν
1750 5159 1859 5213 Κύ-

286 5269 451 5327 ριον
486 5253 687 5323 ὁμοίως
723 5251 780 5305 δὲ
820 5250 916 5304 καὶ
957 5248 1101 5314 οἶκος
1141 5250 1365 5323 Ἀαρὼν,
1395 5251 1488 5306 καὶ
1516 5247 1663 5315 οἶκος
1694 5250 1859 5304 Λευῒ·

297 5345 390 5399 ἐπὶ
422 5344 563 5399 τέλει
592 5344 647 5397 δὲ
675 5345 725 5398 οἱ
751 5342 1070 5414 φοϐούμενοι
1097 5341 1186 5396 τὸν
1210 5341 1430 5413 Κύριον.
1448 5343 1584 5395 Ἀλλ’
1608 5346 1666 5396 ὲν
1692 5341 1864 5414 τούτῳ

297 5436 398 5508 μὲν
429 5437 815 5509 προετάττοντο
842 5428 949 5489 τῶν
989 5433 1335 5505 φοϐουμένων
1366 5432 1455 5488 τὸν
1486 5432 1687 5505 Κύριον
1722 5434 1771 5488 οἱ
1801 5434 1865 5487 ἐκ

291 5527 387 5584 τοῦ
423 5527 638 5601 Ἰσραήλ
657 5544 669 5558 ·
693 5526 924 5582 ἐνταῦθα
946 5526 1002 5582 δὲ
1035 5526 1172 5598 μετὰ
1196 5525 1294 5597 τὴν
1321 5522 1612 5580 ἀνάστασιν
1636 5525 1729 5579 τοῦ
1762 5525 1866 5579 Σω-

1966 4591 2359 4668 εεοειῖἀοιαιεηι
2413 4608 2693 4673 ordinem',
2725 4622 2848 4679 quas
2903 4615 3022 4661 erat
3073 4604 3267 4661 domus
3316 4605 3526 4669 Aaron;

1967 4703 2126 4759 tertio
2161 4703 2217 4757 in
2269 4701 2611 4758 sacerdotum
2644 4699 2951 4761 ministros,
3001 4713 3121 4768 qua;
3166 4704 3284 4754 erat
3331 4697 3534 4752 domus

1966 4794 2096 4850 Levi
2122 4815 2135 4849 :
2161 4800 2447 4865 postquam
2466 4792 2571 4847 tria
2606 4792 2695 4846 illa
2724 4807 2922 4864 genera
2952 4792 3089 4846 alius
3111 4792 3355 4861 psalmus
3384 4805 3519 4845 enu-

1966 4889 2224 4952 meravit,
2275 4887 2442 4942 alium
2502 4885 2590 4940 hic
2646 4884 2923 4957 praedictis
2978 4892 3237 4955 quartum
3279 4883 3533 4939 ordinem

1965 4978 2200 5049 adjecit,
2238 4977 2490 5033 videlicet
2561 4976 2868 5031 timentium
2917 4974 3227 5030 Dominum.
3291 4971 3526 5042 Eratque

1965 5069 2057 5126 ille
2083 5085 2150 5125 ex
2203 5068 2496 5140 gentilibus
2524 5066 2592 5121 ad
2638 5065 2809 5121 Deum
2865 5065 3144 5121 conversis
3174 5065 3524 5119 constitutus.

1964 5161 2054 5217 Ait
2076 5162 2313 5232 quippe:
2360 5159 2554 5214 Domus
2591 5157 2787 5224 Israel,
2830 5157 3111 5213 benedirite
3148 5153 3525 5217 Dominum";

1969 5253 2350 5323 similiterque,
2378 5250 2573 5308 domus
2598 5251 2782 5306 Aaron
2812 5259 2867 5306 et
2897 5250 3093 5306 domus
3124 5248 3246 5304 Levi
3275 5266 3288 5302 :
3329 5248 3382 5301 in
3421 5242 3526 5296 ﬁne

1968 5344 2187 5415 tandem
2228 5344 2483 5399 timentes
2531 5342 2822 5398 Dominum
2860 5340 3118 5397 annectit.
3177 5337 3282 5392 Sed
3326 5337 3382 5389 in
3432 5331 3526 5385 illo

1969 5433 2187 5505 quidem
2219 5434 2450 5506 psalmo,
2484 5434 2575 5504 qui
2610 5450 2676 5488 ex
2705 5433 2867 5489 domo
2900 5431 3112 5488 lsraelis
3148 5434 3295 5490 sunt,
3330 5425 3526 5477 timen-

1970 5526 2115 5582 tibus
2172 5524 2457 5581 Dominum
2513 5527 2944 5596 praemittuntur;
2996 5522 3084 5577 hic
3131 5523 3358 5579 contra,
3400 5522 3524 5586 post

372 5710 412 5740 "
455 5708 644 5766 Matth.
681 5726 865 5778 xxv",
897 5711 990 5768 25.
1070 5713 1113 5745 "
1152 5709 1339 5767 Matth.
1380 5726 1475 5777 sv,
1508 5709 1596 5765 26.
1675 5712 1717 5744 "
1756 5709 1987 5782 Philipp.
2027 5724 2123 5776 Ill,
2154 5707 2209 5767 ε.
2288 5707 2331 5743 ³⁸
2368 5709 2502 5767 Luc.
2538 5725 2662 5765 xxxv
2686 5748 2700 5774 ,
2732 5705 2822 5763 59.
2900 5705 2942 5739 "
2983 5697 3123 5756 Ρεειιι
3163 5711 3399 5768 CXXXIV.
3434 5697 3522 5763 19.
