3980 6214
464 309 568 367 ιιι

1148 288 1411 364 ευεεειι
1443 301 1918 359 CAESARIENSIS
1958 301 2107 358 ore.
2149 299 2331 397 Ρδᾼιιδ
2367 294 2971 355 ill.—EXEGE1‘ICA.

3574 286 3688 341 ειε

468 423 772 480 Salvatoris
806 422 1280 485 resurrectionem,
1316 419 1499 475 lsraeli
1534 426 1940 490 anteponuntur
1979 418 2015 471 ii

2141 416 2282 489 τῆρος
2312 415 2697 488 προτάττονται
2752 411 2846 465 τοῦ
2884 409 3099 481 Ἰσραὴλ
3140 409 3189 463 οἰ
3240 403 3557 475 φοϐούμενοι
3593 402 3689 455 τὸν

468 517 562 586 qui
591 516 783 571 timent
811 512 1118 568 Dominum.
1136 510 1267 564 Nam
1294 511 1419 580 quia
1455 511 1571 581 ipse
1603 509 1812 565 dixerat
1843 512 2019 579 (vers.

468 608 604 676 23):
635 604 881 659 Narrabo
905 620 1087 658 nomen
1115 612 1260 655 tuum
1300 601 1554 671 fratribus
1589 602 1737 664 meis,
1771 601 1825 653 in
1856 599 2024 652 medio

470 697 723 755 Ecclesia:
744 696 969 750 laudabo
999 704 1064 757 te,
1102 688 1353 763 '(iportuit
1394 693 1567 762 primo
1611 691 1868 746 Ecclesiae
1915 706 2029 745 sua:

470 788 684 859 populis
742 786 1001 858 hymnum
1048 784 1271 838 attribui
1310 803 1324 839 :
1381 784 1547 854 hique
1601 791 1757 838 erant
1800 782 2029 853 gentiles

470 880 644 950 ipsius
673 893 775 949 ope
809 878 1036 933 salutem
1083 875 1252 930 nacti.
1281 876 1429 941 Quos
1464 874 1548 929 bis
1572 874 1750 928 verbis
1784 872 2026 938 adnotat,

470 972 577 1037 Qui
614 971 805 1025 timetis
838 968 1142 1033 Dominum,
1172 967 1385 1021 laudate
1410 984 1548 1021 eum.
1588 967 1759 1037 Atque
1786 967 2031 1036 apposite

469 1062 761 1119 admodum
788 1062 1050 1116 fratribus
1086 1076 1149 1115 ac
1174 1060 1462 1130 discipulis
1500 1059 1638 1124 suis,
1674 1067 1859 1127 utpote
1890 1073 2030 1128 prm-

471 1157 833 1211 stantioribus
877 1170 942 1209 ac
974 1155 1173 1208 virtute
1206 1153 1410 1221 majore
1456 1152 1718 1223 praeditis,
1750 1163 2031 1221 paternum

469 1261 668 1302 nomen
699 1255 1080 1300 enarraturum
1113 1260 1171 1299 se
1206 1244 1523 1313 pollicetur;
1557 1251 1611 1296 at
1642 1241 1896 1297 Ecclesiae
1922 1256 2035 1295 sua:

470 1340 765 1409 populique
798 1337 1135 1391 multitudini
1182 1351 1527 1407 nequaquam
1570 1342 1854 1405 paternum
1900 1334 2031 1388 illud

469 1446 667 1487 nomen
727 1430 941 1485 tradit:
999 1444 1109 1483 non
1159 1430 1302 1484 enim
1360 1428 1439 1482 illi
1505 1425 1819 1497 recipiendo
1876 1441 2035 1496 pares

469 1530 675 1578 erant:
726 1522 819 1577 sed
880 1522 1140 1593 hymnum
1171 1520 1362 1575 edocet
1405 1519 1562 1585 illos;
1605 1518 1801 1575 deinde
1849 1532 2034 1573 semen

467 1610 638 1667 Jacob
667 1613 823 1681 jubet
856 1612 950 1667 Dei
995 1612 1222 1680 gloriam
1257 1610 1597 1682 praedicare;
1630 1609 2039 1679 secundumque

470 1702 718 1759 ordinem
749 1704 900 1759 illum
946 1702 1233 1759 Judaicum
1265 1702 1570 1767 constituit,
1619 1702 1875 1755 nimirum
1917 1710 2040 1771 post

2124 508 2510 581 Κύριον.Ἐδει
2537 507 2665 577 γὰρ,
2698 503 2977 576 εἰρηκότος
3001 501 3163 555 αὑτοῦ
3185 517 3199 531 ·
3233 497 3594 568 Διηγήσομαι
3620 494 3691 549 τὸ

2126 600 2311 670 ὄνομά
2349 615 2463 654 σου
2500 598 2623 664 τοῖς
2658 596 2939 666 ἀδελφοῖς
2968 613 3110 666 μου,
3136 595 3206 648 ἐν
3236 591 3401 663 μέσῳ
3441 592 3694 657 Ἐκκλη-

2126 696 2264 760 σίας
2289 694 2537 762 ὑμνήσω
2568 707 2641 745 σε
2661 708 2673 719 ·
2706 690 2795 743 τὸν
2841 689 3005 760 ὕμνον
3047 686 3280 759 πρώτοις
3321 682 3692 755 παραδοθῆναι

2126 786 2237 847 τοῖς
2265 784 2363 855 τῆς
2389 782 2709 854 Ἐκκλησίας
2739 778 2923 834 αὐτοῦ.
2942 772 3098 833 οὗτοι
3128 779 3185 831 δὲ
3207 774 3345 849 ἦσαν
3369 778 3418 829 οἱ
3441 774 3501 840 ἐξ
3520 773 3692 828 ἐθνῶν

2128 875 2193 928 δι’
2220 876 2380 929 αὐτὸν
2427 874 2787 945 σεσωσμένοι·
2838 871 2930 936 οὒς
2971 872 3036 943 δὴ
3078 871 3328 942 σημαίνει
3373 868 3579 939 λέγων·
3629 871 3693 921 Oi

2129 968 2481 1037 φοϐούμενοι
2529 967 2636 1020 τὸν
2680 967 2918 1034 Κύριον,
2942 966 3216 1017 αἰνέσατε
3243 962 3446 1015 αὐτόν.
3481 959 3696 1031 Σφόδρα

2129 1056 2371 1130 ἀκριϐῶς
2394 1059 2506 1122 τοῖς
2548 1058 2645 1129 μὲν
2688 1056 2878 1111 ἑαυτοῦ
2921 1054 3165 1123 ἀδελφοῖς
3200 1054 3290 1107 καὶ
3342 1051 3609 1123 μαθηταῖς
3635 1053 3696 1105 τὸ

2129 1156 2295 1225 ὄνομα
2326 1152 2623 1224 διηγεῖσθαι
2665 1153 2725 1206 τὸ
2760 1150 3040 1223 πατρικὸν,
3074 1150 3148 1212 ὡς
3182 1148 3247 1201 ἂν
3287 1146 3557 1219 κρείττοσι
3602 1145 3699 1200 καὶ

2130 1247 2535 1318 δυνατωτέροις,
2566 1245 2983 1314 ἐπαγγέλλεται·
3015 1243 3107 1294 ἐπὶ
3138 1242 3191 1295 δὲ
3237 1242 3335 1311 τῆς
3375 1239 3699 1309 Ἐκκλησίας

2132 1338 2296 1391 αὐτοῦ
2339 1341 2430 1392 καὶ
2462 1338 2553 1391 τοῦ
2583 1337 2815 1409 πλήθους
2844 1337 2935 1390 τοῦ
2965 1334 3091 1389 λαοῦ
3117 1333 3299 1387 οὐκέτι
3339 1334 3399 1385 τὸ
3432 1333 3699 1404 πατρικὸν

2134 1432 2303 1501 ϐνομα
2327 1429 2687 1503 παραδίδωσιν
2705 1447 2720 1462 ο
2748 1430 2808 1483 οὑ
2838 1428 2944 1500 γὰρ
2971 1428 3207 1498 ἐχώρουν
3236 1420 3379 1480 οὗτοι
3397 1441 3411 1454 ·
3441 1423 3607 1496 ὕμνον
3640 1424 3701 1479 δὲ

2134 1526 2328 1587 αὐτοὺς
2367 1523 2633 1576 διδάσκει⁹
2666 1522 2851 1576 ἔπειτα
2876 1520 2954 1591 τῷ
2998 1520 3268 1591 σπέρματι
3296 1517 3488 1571 Ἰακὼϐ
3522 1535 3599 1590 πρ
3634 1534 3697 1571 σ-

2134 1617 2315 1670 τάττει
2373 1615 2611 1681 δοξάζειν
2661 1616 2841 1680 αὐτὸν,
2892 1615 3143 1685 δεύτερον
3189 1613 3371 1683 τάγμα
3418 1611 3587 1674 τιθεὶς
3632 1610 3695 1665 τὸ

2152 1709 2456 1774 Ἰουδαϊκὸν,
2495 1708 2630 1779 μετὰ
2657 1709 2745 1761 τὸν
2782 1706 2841 1773 ἐξ
2876 1707 3041 1762 ἐθνῶν
3066 1706 3193 1759 λαόν
3212 1722 3223 1734 ·
3263 1703 3356 1767 οὓς
3386 1704 3478 1757 καὶ
3501 1703 3703 1774 ὀνομά-

469 1795 725 1865 gentilem
761 1795 1042 1865 populum.
1069 1793 1217 1859 Quos
1244 1794 1462 1863 quidem
1494 1791 1711 1846 Iudaeos
1742 1807 1849 1845 non
1870 1766 2038 1845 Jacob

2143 1798 2221 1863 ζει
2266 1799 2365 1851 οὐκ
2408 1766 2619 1861 maias,
2652 1797 2787 1851 ἀλλὰ
2824 1766 3054 1867 ’σπέρμα
3098 1792 3288 1848 Ἰακὼϐ
3327 1766 3420 1847 και
3463 1766 3701 1867 Ἰσραὴλ,

470 1889 744 1958 appellat;
773 1888 869 1944 sed
906 1901 1090 1943 semen
1119 1884 1310 1940 Jacobi
1346 1896 1400 1940 et
1436 1884 1690 1940 lsraelis:
1724 1884 1886 1954 idque
1914 1899 1945 1937 e
1981 1898 2041 1938 re

469 1987 526 2036 et
550 1987 825 2044 accurate,
848 1985 1069 2049 pr0pter
1089 1992 1275 2031 eorum
1309 1992 1373 2031 ex
1405 1977 1717 2048 patriarcha
1753 1976 2035 2046 originem.

470 2069 591 2126 Non
623 2072 769 2127 enim
814 2071 884 2126 ob
927 2078 1212 2141 paternum
1262 2070 1394 2124 illud
1437 2069 1710 2133 studium,
1747 2083 1923 2138 neque
1969 2066 2040 2121 ob

478 2161 715 2231 aliquam
740 2176 864 2216 cum
893 2167 1049 2230 patre
1079 2175 1180 2215 suo
1222 2158 1654 2223 similitudinem,
1692 2158 1844 2229 digni
1884 2165 2041 2212 erant

473 2252 565 2322 qui
626 2249 797 2305 Jacoh
839 2256 1308 2320 nuncuparentur,
1346 2249 1444 2303 sed
1498 2249 1723 2305 seminis
1775 2263 1939 2303 causa
1986 2247 2041 2301 id

473 2342 713 2402 nominis
747 2342 1148 2398 sortiebantur:
1196 2341 1455 2408 Quoniam
1493 2359 1597 2396 non
1644 2342 1834 2411 sprevit
1882 2357 2041 2411 neque

472 2434 712 2505 despexit
743 2433 1156 2502 deprecationem
1186 2435 1468 2504 pauperis:
1508 2450 1597 2488 nec
1632 2433 1820 2487 avertit
1852 2432 2040 2500 facient

475 2542 630 2582 suam
673 2543 707 2584 a
748 2541 861 2591 me,
895 2533 945 2579 et
992 2540 1109 2578 cum
1148 2524 1433 2579 clamarem
1489 2524 1560 2577 ad
1608 2539 1728 2577 eum
1775 2522 2041 2577 exaudivit

476 2634 579 2681 nte.

552 2707 717 2765 Vens.
743 2708 837 2774 26,
866 2708 957 2766 27.
1001 2709 1173 2765 Edent
1201 2726 1452 2781 pauperes
1479 2719 1528 2765 et
1558 2707 1961 2772 saturabuntur,
1988 2716 2039 2762 et

476 2802 769 2858 laudabunt
795 2803 1079 2858 Dominum
1103 2806 1203 2875 'qui
1236 2805 1507 2874 requirunt
1545 2819 1683 2867 eum,
1717 2803 1883 2855 vivent
1924 2817 2041 2854 cor-

2142 1890 2344 1962 σφόδρα
2377 1889 2618 1962 ἀκριϐῶς
2644 1889 2731 1943 διὰ
2757 1888 2855 1960 τὴν
2886 1890 2947 1941 ὲκ
2981 1886 3073 1941 τοῦ
3102 1885 3436 1959 πατριάρχου
3465 1887 3698 1957 γένεσιν.

2141 1983 2213 2035 Οὐ
2242 1981 2348 2053 γὰρ
2368 1982 2454 2036 διὰ
2477 1983 2566 2034 τὸν
2596 1980 2753 2052 ζῆλον
2772 1981 2862 2034 τὸν
2888 1981 3169 2052 πατρικὸν,
3189 1981 3307 2034 οὐδὲ
3336 1980 3421 2032 διὰ
3443 1977 3540 2051 τὴν
3566 1978 3707 2051 πρὸς

2139 2075 2229 2127 τὸν
2275 2075 2484 2145 πατέρα
2532 2074 2785 2145 ὁμοίωσιν
2828 2074 2963 2139 ἄξιοι
2988 2070 3127 2146 ἦσαν
3152 2072 3444 2144 κεκλῆσθαι
3485 2072 3703 2136 Ἰακὼϐ,

2140 2166 2273 2220 ἀλλὰ
2310 2166 2403 2220 τοῦ
2453 2168 2761 2238 σπέρματος
2788 2168 2970 2222 ἕνεκεν
2994 2167 3179 2221 τοῦτον
3218 2163 3579 2240 ἐχρημάτιζον
3611 2166 3706 2219 τὸν

2138 2260 2367 2330 τρόπον’
2408 2260 2523 2312 Ὅτι
2553 2263 2661 2313 οὐκ
2696 2260 3099 2324 ἐξουδένωσεν
3148 2258 3287 2313 οὐδὲ
3328 2255 3705 2326 προσώχθισε

2141 2351 2213 2419 τῇ
2237 2351 2437 2418 δεήσει
2461 2352 2565 2405 τοῦ
2588 2353 2824 2422 πτωχοῦ
2841 2371 2854 2383 ·
2888 2351 3031 2405 οὐδὲ
3057 2351 3397 2419 ἀπέστρεψε
3419 2349 3484 2404 τὸ
3517 2351 3706 2418 πρόσ-

2139 2457 2300 2498 ωπον
2329 2445 2512 2498 αὐτοῦ
2552 2446 2652 2498 ἀπ’
2676 2445 2841 2514 ἐμοῦ,
2882 2445 2979 2498 καί
3010 2446 3079 2497 ἐν
3121 2442 3200 2510 τῷ
3244 2442 3595 2514 κεκραγέναι
3625 2459 3704 2513 με

2138 2536 2287 2606 πρὸς
2318 2538 2504 2592 αὑτὸν
2532 2536 2857 2603 εἰσήκουσέ
2883 2556 3021 2607 μου.

2208 2714 2494 2784 Φάγονται
2555 2714 2806 2782 πένητες
2847 2715 2943 2767 καὶ
2994 2711 3551 2783 ἐμπλησθήσονται,
3598 2712 3705 2765 καὶ

2137 2805 2447 2859 αἰνέσουσι
2482 2806 2700 2872 Κύριον
2747 2806 2800 2856 οἰ
2837 2801 3221 2871 ἐκζητοῦντες
3269 2803 3467 2867 αὑτὸν,
3495 2795 3705 2868 ζήσον-

475 2892 547 2949 da
571 2910 753 2949 eorum
796 2895 849 2948 in
882 2895 1134 2951 sa’culum
1168 2895 1370 2949 swculi.
1422 2892 1522 2948 Hic
1554 2892 1706 2955 dicit,
1763 2890 1951 2953 edent;
1981 2889 2038 2944 in

2141 2913 2229 2950 ται
2258 2899 2317 2949 αἰ
2349 2896 2578 2964 καρδίαι
2604 2893 2803 2949 αὐτῶν
2833 2895 2919 2961 εἰς
2947 2893 3131 2948 αἰῶνα
3167 2892 3398 2960 αἰῶνος.
3439 2890 3709 2945 Ἐνταῦθα

475 2986 832 3056 sequentibus
885 3001 1011 3041 vero
1043 3027 1058 3051 ,
1109 2985 1553 3040 manducaverunt
1596 2995 1645 3039 et
1692 2982 2038 3037 adoraverunt

2141 2987 2240 3058 μέν
2280 3005 2411 3058 φησι
2440 2986 2761 3058 φάγονταιο
2816 2985 3165 3048 ὑποκαταϐὰς
3213 2985 3289 3051 δὲ,
3318 2987 3559 3055 ἔφαγον,
3608 2983 3708 3038 καὶ

476 3093 654 3136 omnes
681 3077 894 3148 pingues
918 3087 1092 3134 terrae.
1130 3075 1235 3133 Sed
1275 3076 1313 3131 ii
1363 3084 1652 3147 postquam
1700 3073 2038 3130 manducaue-

2143 3080 2605 3149 προσεκύνησαν
2626 3078 2848 3144 πάντες
2873 3081 2925 3132 οἱ
2947 3078 3150 3144 πίονες
3173 3075 3283 3145 τῆς
3309 3076 3441 3147 γῆς.
3459 3076 3595 3129 Ἀλλ’
3619 3077 3708 3131 ὅτε

477 3176 624 3230 runt,
658 3167 888 3237 pingues
923 3166 1098 3222 effecti
1137 3174 1286 3231 sunt,
1327 3168 1420 3237 qui
1474 3174 1765 3237 antequam
1797 3165 2039 3229 ederent,

477 3274 749 3331 pauperes
777 3261 1142 3322 vocabantur,
1183 3277 1321 3332 quos
1360 3261 1651 3332 pollicetur
1699 3260 1822 3315 cibo
1870 3260 1938 3314 ab
1982 3274 2041 3315 se

479 3351 895 3408 subministrato
943 3368 1141 3408 usuros
1186 3369 1330 3408 esse.
1385 3352 1598 3417 Edent,
1650 3352 1860 3421 inquit,
1908 3366 2040 3419 pau-

476 3459 644 3515 peres.
680 3443 746 3499 Hi
768 3460 935 3517 porro
963 3455 1121 3501 erant
1154 3460 1291 3516 quos
1330 3445 1385 3500 in
1417 3443 1844 3500 beatitudinibus
1882 3452 2041 3497 caete-

478 3537 558 3593 ris
589 3539 853 3608 praeponit
901 3537 1128 3593 dicens:
1164 3538 1318 3593 Beati
1362 3553 1613 3607 pauperes
1653 3536 1873 3604 spiritu,
1911 3550 2041 3603 quo-

478 3630 623 3687 niam
656 3631 890 3700 ipsorum
922 3640 1000 3684 est
1029 3647 1244 3701 regnum
1271 3630 1522 3684 oculorum
1542 3629 1586 3660 ¹⁶
1611 3646 1623 3682 :
1654 3628 1853 3699 quibus
1877 3626 2040 3682 etiam

479 3737 543 3777 ea
577 3723 846 3792 promittit
873 3737 993 3792 qua:
1031 3738 1155 3777 mox
1197 3722 1567 3793 adjiciuntur:
1605 3720 1759 3775 Beati
1793 3720 1883 3789 qui
1922 3734 2041 3772 esu—

480 3815 629 3867 riant
667 3824 717 3868 et
749 3815 936 3867 sitiunt
970 3814 1271 3883 justitiam,
1301 3815 1549 3883 quoniam
1592 3813 1693 3882 ipsi
1722 3812 2042 3866 saturabun-

483 3915 570 3959 tur
595 3905 658 3960 ".
689 3904 986 3975 Postquam
1010 3913 1212 3970 autem,
1248 3905 1345 3969 ait,
1380 3905 1717 3960 comederint
1754 3919 2037 3975 pauperes,

483 4010 548 4052 ac
579 3995 701 4050 cibo
746 3994 957 4065 repleti,
990 3995 1125 4056 sive.
1172 4005 1233 4052 ut
1261 3996 1338 4049 ait
1391 3995 1783 4066 Symmachus,
1814 3998 2042 4050 saturati

483 4085 723 4151 fuerint,
775 4097 903 4141 tunc
952 4087 1244 4140 laudabunt
1290 4086 1573 4141 Dominum
1636 4088 1724 4161 qui
1775 4090 2040 4159 requirunt

480 4195 635 4243 eum:
667 4193 730 4236 ac
751 4179 930 4234 cibum
962 4179 1065 4234 sibi
1092 4179 1163 4245 ab
1204 4179 1321 4248 ipso
1350 4178 1820 4236 subministratum
1856 4194 2038 4232 come.

482 4275 677 4338 dentes
704 4281 758 4330 et
790 4274 1130 4343 requirentes
1163 4271 1363 4342 ipsum,
1395 4285 1589 4342 magno
1617 4271 1727 4334 illo,
1760 4271 1853 4340 qui
1882 4269 2039 4324 dein-

483 4383 613 4439 ceps
647 4366 995 4430 declaratur,
1056 4363 1234 4418 fructu
1291 4362 1605 4433 potientur:
1660 4378 1815 4425 nam,
1875 4363 2041 4415 vivent

2149 3172 2246 3244 μὲν
2270 3172 2511 3243 ἔφαγον,
2542 3171 2721 3234 πίονες
2753 3169 3028 3239 ἐγένοντο’
3054 3169 3158 3240 πρὸ
3186 3169 3241 3221 δὲ
3267 3167 3359 3222 τοῦ
3393 3171 3583 3237 φαγεῖν
3612 3168 3709 3222 πέ-

2144 3283 2303 3337 νητες
2331 3263 2701 3336 ὠνομάζοντοο
2729 3262 2822 3326 οὒς
2851 3261 3243 3330 ἐπαγγέλλεται
3272 3260 3470 3332 βρώσει
3504 3262 3711 3332 χρήσα-

2147 3356 2267 3409 σθαι
2303 3360 2367 3428 τῇ
2405 3357 2495 3409 ὑπ’
2523 3353 2685 3409 αὐτοῦ
2733 3352 3233 3427 χορηγηθησομένῃ.
3262 3351 3549 3420 Φάγονται
3575 3349 3709 3422 γάρ,

2146 3448 2297 3518 φησι,
2337 3446 2605 3514 πένητες.
2636 3436 2794 3498 Οὗτοι
2823 3443 2879 3495 δὲ
2908 3438 3046 3514 ἦσαν
3078 3440 3170 3505 οὓς
3193 3441 3286 3493 καὶ
3310 3443 3366 3493 ὲν
3391 3443 3504 3504 τοῖς
3532 3457 3712 3511 μακα-

2149 3541 2358 3610 ρισμοῖς
2381 3539 2668 3608 προτάττει
2693 3536 2799 3590 τῶν
2824 3535 3022 3588 λοιπῶν
3047 3535 3269 3603 φάσκων
3286 3549 3298 3560 ’
3334 3533 3622 3602 Μακάριοι
3652 3535 3708 3586 οἰ

2146 3634 2365 3702 πτωχοὶ
2386 3632 2464 3699 τῷ
2488 3634 2797 3701 πνεύματι,
2837 3629 2924 3683 ὅτι
2947 3628 3144 3683 αὐτῶν
3181 3630 3351 3683 ἐστιν
3372 3630 3409 3696 ἡ
3423 3627 3713 3691 ,βασιλεία

2145 3723 2261 3777 τῶν
2282 3722 2578 3792 οὐρανῶν⁹
2606 3717 2686 3785 οἷς
2724 3721 2816 3775 καί¹
2835 3721 2903 3774 τὰ
2941 3719 3067 3790 ἑξῆς
3099 3718 3460 3792 ἐπηγγείλατο
3500 3716 3671 3786 λέγων
3693 3732 3709 3745 ·

2144 3814 2430 3883 Μακάριοι
2454 3817 2507 3868 οἱ
2540 3812 2856 3878 πεινῶντες
2890 3814 2988 3866 καὶ
3018 3810 3310 3880 διψῶντες
3344 3808 3459 3877 τὴν
3492 3808 3715 3862 δικαιο-

2144 3909 2364 3976 σύνην,
2395 3906 2484 3960 ὅτι
2510 3905 2675 3960 αὐτοὶ
2700 3904 3229 3974 χορτασθήσονται.
3250 3900 3495 3955 Ἐπειδὰν
3522 3900 3579 3953 δὲ
3606 3900 3715 3968 φάς-

2145 4014 2303 4067 γωσι,
2331 3999 2514 4068 φησιν,
2543 3999 2593 4051 οἰ
2626 3996 2872 4067 πένητες,
2900 3996 2995 4049 καὶ
3022 3995 3285 4063 φαγόντες
3305 3991 3711 4063 ἐμπλησθῶσιν,

2146 4090 2178 4165 ἢ
2211 4088 2600 4157 κορεσθῶσιν,
2632 4087 2771 4145 κατὰ
2799 4087 2889 4141 τὸν
2917 4086 3229 4157 Σύμμαχον,
3252 4085 3369 4137 τότε
3396 4082 3716 4137 αἰνέσουσι

2145 4182 2361 4250 Κύριον
2403 4178 2784 4249 ἐκζητοῦντες
2826 4179 3042 4233 αὐτόν’
3089 4177 3351 4247 φαγόντες
3395 4175 3453 4228 δὲ
3487 4174 3586 4245 τὴν
3620 4175 3715 4227 ὑπ’

2146 4271 2309 4325 αὐτοῦ
2342 4272 2585 4326 δοθεῖσαν
2606 4271 2787 4334 αὐτοῖς
2816 4269 3036 4342 βρῶσιν,
3057 4269 3147 4322 καὶ
3170 4268 3499 4339 ζητήσαντες
3526 4264 3712 4329 αὑτὸν,

2150 4365 2322 4436 μέγαν
2361 4363 2537 4428 ἕξουσι
2572 4362 2781 4433 καρπὸν
2810 4361 2903 4413 τὸν
2939 4360 3065 4430 ἑξῆς
3096 4357 3449 4429 δηλούμενον·
3478 4354 3714 4421 Ζήσον-

483 4458 646 4519 corda
690 4476 873 4521 eorum
916 4460 971 4512 in
1020 4457 1270 4512 swculum
1301 4456 1501 4511 saeculi.
1557 4454 1834 4525 Siquidem
1884 4455 2038 4525 panis

2146 4474 2234 4511 ται
2261 4456 2364 4528 γὰρ
2392 4458 2450 4508 αἰ
2476 4454 2705 4522 καρδίαι
2731 4451 2929 4505 αὐτῶν
2952 4453 3039 4515 εἰς
3064 4448 3245 4503 αἰῶνα
3267 4446 3501 4511 αἰῶνος.
3520 4445 3577 4498 '0
3603 4444 3715 4516 γάρ

485 4552 576 4615 ille
600 4553 743 4615 vitae,
773 4553 842 4607 ab
869 4554 988 4622 ipso
1035 4551 1290 4615 traditus,
1334 4548 1754 4603 immortalitatis
1801 4554 2043 4602 aeternae-

487 4659 592 4717 que
626 4644 747 4699 vita:
790 4628 981 4698 auctor
1022 4645 1156 4713 ipsis
1204 4643 1420 4698 futurus
1441 4649 1557 4707 est;
1587 4637 2039 4710 quemadmodum

486 4738 604 4804 ipse
632 4735 817 4790 docuit
870 4736 956 4791 his
987 4736 1204 4795 verbis:
1242 4734 1354 4804 Ego
1398 4750 1512 4788 sum
1552 4734 1704 4798 panis
1745 4734 1899 4793 vitta,
1951 4730 2041 4799 qui

485 4826 827 4886 descenditde
858 4828 1008 4893 calo,
1038 4837 1088 4881 et
1112 4828 1200 4897 qui
1226 4827 1317 4880 dat
1335 4830 1494 4882 vitam
1514 4825 1707 4880 mundo
1730 4826 1773 4857 ¹⁸
1793 4840 1811 4877 :
1852 4833 1908 4878 et
1949 4825 2047 4878 ite—

486 4932 651 4972 rum:
687 4915 748 4978 Si
780 4917 896 4987 quis
935 4916 1330 4977 manducauerit
1362 4931 1426 4970 ea:
1481 4932 1613 4984 pane
1656 4931 1789 4977 meo,
1820 4914 1947 4967 vivet
1992 4914 2048 4965 in

487 5019 739 5069 wtcrnum
764 5010 829 5076 ",
851 5019 905 5066 et
935 5018 1149 5066 caetera.
1184 5008 1373 5064 Viden'
1413 5024 1520 5079 quo
1552 5015 1709 5077 pacto
1759 5006 1873 5060 haec
1918 5021 2049 5059 con-

488 5100 675 5159 cinant
722 5114 848 5165 cum
905 5100 991 5156 his
1032 5101 1226 5172 psalmi
1266 5100 1444 5155 verbis
1467 5142 1482 5166 ,
1507 5097 1676 5152 Edent
1710 5106 1967 5166 pauperes'
2001 5106 2052 5150 et

489 5192 902 5259 saturabuntur;
937 5201 1023 5262 et,
1067 5195 1235 5257 vivent
1284 5192 1444 5251 corda
1485 5208 1662 5247 eorum
1703 5191 1757 5244 in
1799 5188 2048 5243 siccatum

491 5287 672 5350 «Bauli
688 5289 715 5343 7

565 5378 727 5437 Vrsas.
765 5380 863 5446 28,
902 5380 992 5440 29.
1039 5379 1446 5437 Reminiscentur
1490 5388 1538 5431 et
1580 5383 1933 5431 convertentur
1980 5373 2047 5426 ad

493 5471 775 5539 Dominum
812 5472 1035 5527 universi
1060 5473 1186 5545 ﬁnes
1234 5479 1406 5533 terrm,
1441 5478 1490 5522 et
1519 5466 1810 5522 adorabunt
1842 5466 1896 5517 in
1924 5479 2049 5516 con—

496 5572 670 5639 spectu
706 5564 818 5634 ejus
844 5564 1094 5625 universe
1133 5561 1352 5632 familia:
1379 5560 1622 5632 gentium.
1654 5557 1913 5623 Quoniam
1945 5554 2048 5607 Do-

2147 4550 2308 4627 ἄρτος
2339 4547 2505 4616 ζωῆς,
2536 4548 2564 4598 ό
2593 4546 2682 4598 ὑπ’
2732 4541 2895 4597 αὐτοῦ
2947 4540 3272 4612 χορηγηθεὶς
3315 4539 3514 4603 αὐτοῖς,
3540 4536 3715 4600 αἴτιος

2145 4626 2326 4704 αὐτοῖς
2374 4640 2523 4692 ἔσται
2580 4635 2879 4697 ἀθανασίας
2922 4634 3014 4686 καὶ
3043 4631 3185 4701 ζωῆς
3223 4628 3473 4693 αἰωνίου,
3526 4626 3715 4691 καθὼς

2145 4726 2377 4791 ἐδίδαξεν
2389 4725 2547 4788 αὐτὸς
2563 4722 2730 4777 εἰπών
2746 4739 2758 4752 ·
2793 4719 2939 4791 Ἐγώ
2951 4723 3063 4790 εἰμι
3078 4723 3109 4773 d
3123 4719 3299 4788 ἄρτος
3314 4716 3459 4787 ζωῆς
3482 4721 3515 4771 ό
3533 4734 3714 4770 κατα-

2143 4821 2362 4875 ϐαίνων
2373 4820 2440 4872 ὲκ
2456 4818 2559 4871 τοῦ
2573 4813 2849 4883 οὐρανοῦ,
2869 4812 2966 4866 καί
2978 4811 3178 4877 διδοὺς
3200 4810 3351 4879 ζωὴν
3369 4809 3449 4875 τῷ
3463 4810 3669 4879 κόσμῳ
3693 4827 3707 4840 ο

2143 4914 2235 4966 καὶ
2268 4910 2429 4966 πάλιν
2447 4928 2459 4941 ·
2510 4906 2650 4962 Ἐάν
2673 4924 2763 4971 τις
2788 4904 2947 4974 φάγῃ
2974 4905 3042 4957 ἐκ
3080 4902 3185 4955 τοῦ
3211 4902 3355 4971 ἐμοῦ
3382 4900 3585 4970 ἄρτου,
3609 4899 3711 4968 ζή-

2145 5019 2313 5058 σεται
2350 5006 2436 5068 εἰς
2478 4999 2583 5054 τὸν
2609 4997 2812 5065 αἰῶνα,
2845 4997 2938 5051 καὶ
2964 4995 3032 5048 τὰ
3058 4995 3203 5067 ἑξῆς.
3220 4993 3383 5066 Ὁρᾷς
3409 4995 3553 5056 ὅπως
3582 5010 3714 5047 συν-

2146 5097 2259 5166 ᾴδει
2290 5094 2461 5149 ταῦτα
2497 5090 2573 5162 τῷ
2597 5089 2854 5159 φάσκοντι
2883 5086 3110 5158 ψαλμῷ⁴
3142 5086 3430 5156 Φάνονται
3454 5084 3713 5152 πένητες

2154 5189 2252 5244 καί
2270 5184 2800 5257 ἐμπλησθήσονται
2819 5197 2831 5211 ⁸
2863 5180 3251 5250 καὶ,ζήσονται
3278 5182 3336 5233 αἰ
3357 5177 3586 5248 καρδίαι
3609 5179 3715 5231 αὐ-

2154 5280 2269 5334 τῶν
2296 5282 2383 5345 εἰς
2409 5278 2592 5332 αἰῶνα
2610 5274 2858 5343 αἰῶνος;

2220 5370 2685 5440 Μνησθήσονται
2714 5370 2811 5423 καὶ
2833 5366 3376 5437 ἐπιστραφήσονται
3408 5363 3560 5432 πρὸς
3584 5363 3706 5417 Κύ-

2145 5477 2279 5530 ριον
2318 5458 2512 5513 πάντα
2555 5458 2626 5513 τὰ
2654 5458 2875 5527 πέρατα
2901 5458 3009 5527 τῆς
3041 5457 3170 5527 γῆς,
3216 5455 3310 5508 καί
3358 5454 3711 5522 προσκυνή-

2154 5570 2373 5608 σουσιν
2424 5554 2676 5608 ἐνώπιον
2722 5551 2904 5608 αὐτοῦ
2955 5548 3139 5613 πᾶσαι
3184 5549 3243 5603 αἰ
3298 5545 3535 5614 πατριαὶ
3592 5544 3713 5603 τῶν

573 5746 616 5786 ⁸⁸
647 5743 833 5807 Matth.
869 5761 920 5814 ν,
945 5747 997 5805 5.
1077 5747 1117 5779 ¹⁷
1157 5744 1285 5805 ibid.
1321 5746 1375 5808 6.
1454 5743 1496 5777 "
1534 5741 1687 5798 Joan.
1722 5754 1813 5808 γι,
1847 5738 1931 5795 53.
2012 5736 2056 5767 ¹⁹
2094 5734 2224 5795 ibid.
2265 5734 2352 5794 59.
