3992 6216
308 251 412 308 213

1392 244 1884 303 COMMENTARIA
1920 244 1987 301 IN
2038 242 2375 300 PSALMOS.

3433 247 3536 301 2H

307 368 515 427 ἐθνῶν.
553 369 682 423 Ὅτι
714 366 822 422 τοῦ
848 367 1069 435 Κυρίου
1106 342 1500 435 ιιι-βασιλεία,
1544 366 1640 421 καὶ
1684 366 1866 433 αὐτὸς

1968 364 2098 418 mini
2139 372 2217 416 est
2255 378 2489 432 regnum,
2522 370 2571 417 et
2625 363 2731 431 ipse
2775 363 3080 418 dominatur
3120 362 3368 433 gentium.
3401 360 3535 417 Nam

307 458 580 523 δεσπόζει
610 459 727 514 τῶν
751 458 958 514 ἐθνῶν.
995 457 1098 513 Τοῦ
1131 458 1239 530 γὰρ
1269 460 1535 531 σωτηρίου
1569 460 1743 529 φωτὸς
1767 460 1864 512 αὐ-

306 556 420 620 τοῖς
453 551 881 622 ἐπιλάμψαντος,
905 549 1427 622 ἀναμνησθήσονται,
1451 552 1526 615 ὡς
1560 551 1667 623 ἄρα
1686 547 1753 623 ἦν
1784 570 1867 616 τις

306 645 494 707 αὐτοῖς
525 642 749 715 Κύριος,
771 643 800 696 ὃ
820 659 883 711 γε
929 640 1141 712 ἀληθῶς
1172 645 1281 695 τῶν
1308 642 1443 697 ὅλων
1491 643 1785 714 δεσπότης·
1818 645 1866 697 οἱ

307 737 417 810 γὰρ
443 736 813 807 νενομισμένοι
842 735 1019 797 αὐτοῖς
1035 730 1173 806 ἦσαν
1205 736 1409 806 Κυρίου
1427 752 1441 765 ’
1470 738 1549 800 εἰς
1568 736 1866 809 ἀνάμνησιν

303 828 364 883 δὲ
392 826 638 891 ἐλθόντες
666 825 758 881 τοῦ
793 824 939 895 σφῶν
964 826 1241 891 δεσπότου,
1279 828 1364 882 ἐπ’
1399 828 1561 881 αὑτὸν
1591 828 1865 899 καταφεύ-

306 920 522 987 ξονται’
583 920 679 973 καὶ
723 919 782 971 ὃν
833 918 1000 972 πάλαι
1048 919 1510 992 ἀπεστράφησαν,
1568 920 1707 974 κατά
1747 938 1867 975 τινα

307 1014 516 1088 ἐχθρῶν
548 1012 830 1084 ἐπιϐουλὴν
849 1052 864 1077 ,
897 1012 1084 1066 τοῦτον
1120 1012 1322 1085 Κύριον
1354 1012 1531 1067 αὐτῶν
1569 1013 1696 1068 ὄντα
1744 1016 1862 1067 ἐπι-ν

304 1106 622 1179 γνώσονται,
657 1105 750 1158 καὶ
784 1106 1285 1187 ἐπιστραφήσονται
1328 1105 1465 1174 πρὸς
1505 1105 1683 1159 αὐτόν.
1729 1104 1864 1157 Ἀλλ’

305 1199 392 1255 ῐνα
428 1199 500 1270 μή
532 1214 615 1261 τις
653 1182 1106 1267 νομίσειεῖἷαῦτα
1151 1194 1400 1264 λέγεσθαι
1435 1195 1560 1265 περὶ
1597 1194 1691 1248 τοῦ
1739 1196 1868 1248 Ἰου-

304 1292 465 1347 δαίων
489 1289 692 1355 ἐθνους,
719 1286 961 1360 ἀκριϐῶς
986 1289 1015 1340 ό
1045 1288 1200 1356 λόγος
1242 1287 1616 1360 προστίθησιν,
1649 1288 1724 1351 ὡς
1760 1287 1866 1358 ἄρα

302 1381 472 1437 ταῦτα
505 1378 922 1451 πληρωθήσεται
968 1378 1060 1432 ἐπὶ
1096 1378 1275 1432 πάντα
1316 1379 1386 1433 τὰ
1436 1378 1554 1431 καθ’
1600 1378 1727 1449 ὅλης
1767 1379 1865 1449 τῆς

300 1472 625 1545 οίκουμένης
664 1470 820 1542 ἔθνη·
868 1466 965 1524 εἴτ’
1006 1471 1430 1544 ἐπιστραφέντες
1472 1472 1524 1524 τί
1558 1470 1867 1541 ποιήσουσιν

301 1565 530 1621 ἐνώπιον
560 1562 724 1618 αὐτοῦ
752 1565 922 1617 πᾶσαι
944 1565 1001 1618 αἱ
1031 1565 1258 1636 πατριαὶ
1295 1561 1404 1618 τῶν
1436 1562 1632 1617 ἑθνῶψ
1657 1561 1772 1617 ἀνθ’
1805 1556 1867 1613 οὗ

302 1658 595 1730 Σύμμαχος
623 1658 719 1711 καλ⁸
759 1656 1006 1721 ’Δκύλας,
1044 1656 1234 1711 πᾶσαι
1275 1659 1335 1711 al
1373 1659 1709 1726 συγγένειαι
1754 1653 1869 1708 τῶν

1967 454 2194 513 salutari
2246 455 2450 509 lumine
2493 454 2643 524 ipsos
2681 455 3070 518 collustrante,
3120 453 3537 510 reminiscentur

1968 548 2070 604 sibi
2096 545 2381 602 Dominum
2415 563 2556 612 esse,
2594 549 2974 605 universorum
3016 564 3205 605 revera
3233 547 3540 603 dominato-

1967 654 2080 694 rem
2114 638 2241 692 :cui
2272 638 2435 692 etiam
2473 637 2707 709 subjecti
2744 646 2901 695 erant
2949 639 2985 692 ii
3036 639 3128 709 qui
3172 638 3239 693 ab
3281 638 3413 708 ipsis
3440 638 3538 692 do-

1966 730 2100 784 mini
2130 729 2543 799 reputabantur.
2566 729 2702 785 Cum
2730 746 2893 801 porro
2918 728 3131 785 Domini
3157 730 3243 784 sui
3274 729 3539 785 memine-

1966 822 2096 886 rint,
2127 822 2193 875 ad
2226 820 2405 891 ipsum
2433 821 2786 893 confugient:
2818 837 2882 877 ac
2910 838 3070 893 quem
3103 824 3254 887 olim,
3288 822 3539 878 inimico-

1965 930 2086 971 rum
2135 912 2350 968 insidiis
2404 914 2804 980 circumventi,
2856 915 3090 970 aversati
3143 924 3302 980 sunt,
3358 915 3535 983 ipsum

1967 1012 2264 1076 agnoscent
2294 1018 2416 1059 esse
2445 1005 2549 1060 sibi
2575 1004 2883 1072 Dominum,
2917 1014 3080 1076 atque
3104 1007 3170 1061 ad
3202 1007 3379 1076 ipsum
3405 1020 3535 1059 con-

1965 1106 2263 1155 vertentur.
2298 1098 2366 1152 At
2403 1113 2471 1152 ne
2497 1098 2619 1168 quis
2660 1097 2955 1164 arbitretur
2991 1098 3044 1153 id
3084 1099 3151 1172 de
3179 1097 3407 1153 Judaico
3442 1114 3539 1167 p0-

1964 1193 2095 1264 pulo
2123 1194 2326 1249 dictum
2347 1235 2362 1260 ,
2390 1191 2635 1263 apposite
2668 1189 2923 1259 adjicitur
2956 1192 3071 1246 haec
3104 1191 3250 1262 apud
3266 1188 3534 1284 'universi

1964 1286 2114 1341 orbis
2166 1286 2416 1340 nationes
2448 1281 2720 1352 implenda
2768 1296 2909 1337 esse.
2942 1281 3017 1336 Ac
3049 1282 3246 1338 deinde
3267 1281 3540 1338 'euuntia-

1966 1386 2075 1441 tur,
2110 1377 2240 1450 quid
2274 1378 2330 1432 in
2361 1384 2655 1453 conspectu
2686 1376 2806 1447 ejus
2841 1376 3063 1431 facturae
3106 1375 3219 1431 sint
3257 1383 3381 1447 post
3406 1390 3540 1430 cou-

1966 1473 2271 1529 versionem
2328 1470 2596 1526 universa:
2651 1470 2870 1524 familia:
2929 1470 3170 1540 gentium
3213 1487 3226 1522 :
3275 1483 3374 1537 pro
3428 1482 3539 1539 quo

1970 1563 2329 1636 Symmachus
2349 1573 2402 1618 et
2421 1562 2636 1633 Aquila,
2656 1564 2908 1617 universa:
2928 1565 3262 1634 cognationes
3281 1562 3535 1633 gentium,

1967 1656 2289 1724 ediderunt,
2339 1664 2394 1712 et
2450 1657 2669 1727 quidem
2725 1655 3014 1712 admodum
3074 1663 3348 1712 accurate.
3407 1656 3540 1722 Quae

298 1750 511 1815 ἐθνῶν,
538 1750 789 1822 εἰρήκασι
835 1749 1039 1820 σφόδρα
1086 1748 1346 1822 ἀκριϐῶς.
1376 1749 1532 1803 Ποῖον
1576 1748 1685 1821 γὰρ
1714 1747 1866 1811 ἔθνος

1968 1749 2161 1805 etenim
2217 1748 2365 1804 natio
2412 1763 2524 1803 non
2576 1748 2786 1819 aliquas
2837 1746 3189 1818 cognationes
3238 1745 3434 1801 habeat
3471 1745 3540 1800 ad

298 1841 420 1912 οὐχὶ
463 1840 779 1908 συγγενείας
820 1838 933 1911 ἔχει
968 1839 1395 1910 ἐπιστραφείσας
1440 1840 1576 1911 πρὸς
1618 1839 1708 1893 τὸν
1753 1838 1862 1892 τῶν

300 1924 437 1987 ὅλων
461 1931 627 1995 Θεόν;
660 1930 794 1983 Ποία
819 1930 876 1984 δὲ
924 1930 1165 2001 πόλις,ἥ
1219 1930 1346 1984 ποία
1392 1929 1573 2003 χώρα,
1633 1930 1666 2003 ἢ
1716 1933 1863 1993 ποῖος

301 2023 447 2089 οἶκος
469 2025 568 2079 οὐκ
592 2023 703 2095 ἔχει
723 2023 873 2088 τινὰς
898 2025 1309 2097 άφωρισμένους
1340 2024 1434 2079 καὶ
1465 2024 1866 2095 ἐξειλεγμένους

299 2118 379 2190 τῷ
408 2117 561 2189 Θεῷ;
596 2116 721 2182 Πῶς
762 2117 807 2171 δ’
842 2116 1063 2188 ἔμελλον
1096 2116 1443 2171 ἀποτίθεσθαι
1484 2117 1580 2187 μὲν
1613 2116 1710 2187 τὴν
1744 2116 1868 2168 ἐαυ-

296 2213 406 2268 τῶν
445 2211 632 2284 λήθην,
667 2211 972 2283 ἀνάμνησιν
1014 2210 1071 2265 δὲ
1131 2208 1400 2265 ποιεῖσθαι
1452 2209 1546 2263 τοῦ
1578 2208 1687 2262 τῶν
1730 2209 1867 2277 ὅλων

299 2304 433 2360 Θεοῦ
468 2304 525 2359 αἱ
565 2303 873 2373 συγγένειαι
898 2303 1006 2357 τῶν
1045 2303 1248 2357 ἐθνῶν·
1279 2301 1398 2366 πῶς
1417 2302 1475 2356 δὲ
1517 2301 1866 2374 ἐπιστρέφειν

299 2394 434 2466 πρὸς
459 2393 618 2447 αὑτὸν
644 2393 821 2449 πάντα
840 2393 909 2447 τὰ
940 2393 1149 2467 πέρατα
1166 2395 1263 2466 τῆς
1290 2394 1412 2465 γῆς,
1440 2394 1680 2465 ἐπιλέγει
1702 2395 1830 2467 ἑξῆς
1848 2413 1862 2426 ·

301 2486 427 2541 Ὅτι
448 2484 554 2540 τοῦ
572 2486 793 2555 Κυρίου
832 2486 872 2555 ή
903 2486 1210 2551 βασιλεία,
1246 2486 1343 2539 καὶ
1387 2487 1567 2553 αὐτὸς
1593 2486 1866 2549 ἃεσπόζει

295 2575 414 2632 τῶν
440 2575 647 2632 ἐθνῶν.
678 2577 741 2631 Ol
773 2576 881 2647 γὰρ
909 2576 1074 2631 πάλαι
1094 2574 1467 2649 κρατήσαντες
1492 2577 1742 2650 δαίμονες
1772 2581 1867 2634 καὶ

292 2667 538 2732 διάϐολος
567 2667 959 2740 κατελύθησαν,
996 2668 1091 2721 καὶ
1131 2667 1268 2739 μόνη
1302 2670 1335 2740 ῆ
1383 2667 1476 2723 τοῦ
1517 2669 1608 2722 ἐπὶ
1650 2668 1866 2721 πάντων

296 2758 434 2813 Θεοῦ
467 2758 707 2831 βασιλεία
754 2758 1117 2831 ἐπεκράτησε.
1170 2758 1333 2826 Τάξει
1378 2755 1470 2814 οὖν
1513 2761 1542 2813 ό
1574 2758 1729 2828 λόγος
1774 2760 1869 2814 καὶ

297 2851 585 2923 ἀκολουθίᾳ
617 2852 899 2923 κέχρηται,
936 2850 1151 2923 πρῶτον
1203 2851 1413 2923 φήσας⁸
1468 2851 1869 2919 Μνησθήσον-

301 2959 418 3005 ται,
442 2937 558 2996 εἷτα
581 2943 860 3014 δεύτερον,
890 2943 1469 3014 ἐπιστραφήσονται,
1517 2943 1612 2998 καὶ
1649 2944 1832 3015 τρίτον
1850 2983 1866 3007 ,

303 3034 821 3103 προσκυνήσουσι.
870 3035 1052 3090 Ταῦτα
1083 3036 1140 3089 δὲ
1175 3036 1352 3091 πάντα
1385 3036 1559 3103 ἔσται,
1589 3039 1717 3092 Ὅτι
1760 3037 1868 3092 τοῦ

302 3126 526 3195 Κυρίου
576 3128 615 3197 ἠ
660 3127 949 3192 ,ϐασιλεία
972 3165 986 3190 ,
1034 3129 1132 3182 καὶ
1187 3129 1369 3194 αὐτὸς
1425 3127 1696 3191 δεσπόζει
1749 3128 1867 3184 τῶν

288 3217 511 3274 ἐθνῶν.

373 3309 635 3382 Ἔφιππον
657 3310 758 3366 καὶ
795 3314 1257 3382 προσεκύνησαν
1302 3312 1524 3381 πάντες
1568 3316 1623 3368 οί
1666 3314 1869 3380 πίονες

285 3397 408 3469 τῆς
427 3399 541 3471 γῆς
560 3419 572 3432 ο
619 3400 876 3455 ἐνώπιον
902 3402 1087 3457 αὑτοῦ
1125 3401 1610 3471 προσπεσοῦνται
1651 3399 1869 3466 πάντες

292 3497 354 3549 ol
382 3494 838 3561 καταϐαίνοντες
872 3497 961 3561 εὶς
996 3495 1110 3564 τὴν
1133 3492 1266 3565 γῆν.
1308 3496 1418 3549 Kal
1466 3497 1504 3563 ἠ
1544 3494 1713 3564 ψυχή
1750 3511 1868 3563 μου

297 3585 459 3652 αὐτῷ
491 3584 577 3654 ζῆ,
624 3585 722 3639 καὶ
756 3586 819 3640 τὸ
866 3587 1105 3657 σπέρμα
1151 3606 1271 3658 μου
1322 3587 1638 3643 δουλεύσει
1687 3587 1864 3652 αὐτῷ.

301 3677 458 3731 Ἔστι
481 3678 537 3732 δὲ
574 3677 695 3732 καθ’
734 3677 969 3749 ἑκάστην
1000 3679 1367 3751 ἀναστάσιμον
1400 3678 1612 3750 ἡμέραν
1640 3677 1732 3732 τοῦ
1757 3679 1868 3730 Σω-

295 3770 462 3843 τῆρος
498 3769 676 3842 ἡμῶν,
705 3771 802 3843 τὴν
832 3772 1171 3845 καλουμένην
1208 3774 1474 3846 κυριακὴν
1494 3814 1509 3838 ,
1541 3774 1662 3845 ὄψει
1694 3789 1868 3844 παρα-

293 3860 484 3915 λαϐεῖν
508 3861 635 3925 τοὺς
655 3860 754 3932 τῆς
782 3862 988 3933 τροφῆς
1012 3864 1110 3935 τῆς
1151 3864 1312 3932 ἁγίας
1350 3865 1446 3919 καὶ
1482 3865 1573 3918 τοῦ
1619 3863 1866 3936 σώματος

213 3948 216 3952 ’
294 3952 393 4008 τοῦ
419 3953 686 4026 σωτηρίου
722 3954 1251 4026 μεταλαμϐάνοντας,
1286 3958 1380 4011 καὶ
1418 3959 1553 4027 μετὰ
1586 3957 1647 4011 τὸ
1676 3959 1868 4027 φαγεῖν

295 4046 735 4119 προσκυνοῦντας
760 4047 852 4101 τὸν
876 4047 1076 4120 δοτῆρα
1095 4051 1186 4102 καὶ
1214 4050 1446 4121 χορηγὸν
1470 4051 1568 4120 τῆς
1604 4049 1864 4113 ζωοποιοῦ

292 4138 525 4213 τροφῆς,
558 4138 831 4212 θαυμάσαι
856 4156 915 4192 τε
942 4140 1050 4194 τῶν
1078 4140 1248 4210 λόγων
1280 4142 1341 4195 τὸ
1373 4141 1734 4213 ἀποτέλεσμα,
1775 4145 1868 4198 καὶ

293 4230 421 4285 κατ’
453 4229 621 4302 αὐτὴν
650 4230 751 4302 τὴν
797 4230 1085 4303 πρόχειρον
1134 4231 1276 4298 λέξιν
1321 4231 1389 4284 δι’
1432 4231 1606 4302 ἔργων
1638 4232 1868 4304 πληρού-

297 4337 486 4392 μενον.
523 4320 667 4374 Ἀντὶ
690 4320 747 4374 δὲ
775 4322 869 4376 τοῦ
890 4340 905 4353 ·
928 4325 983 4376 oi
1015 4322 1221 4387 πίονες
1238 4319 1348 4389 τῆς
1375 4320 1504 4391 γῆς,
1528 4322 1868 4393 ήρμήνευσεν

1966 1841 2136 1897 Deum
2188 1842 2567 1897 universorum
2618 1840 2946 1895 conversas?
2978 1838 3110 1905 Quae
3163 1838 3376 1903 civitas,
3416 1838 3540 1908 quis

1966 1933 2143 1999 locus,
2193 1947 2315 2003 qua:
2363 1932 2558 1987 domus
2606 1946 2716 1985 non
2762 1930 3045 2000 quospiam
3096 1929 3287 1984 saltem
3338 1929 3539 1983 habent

1965 2022 2076 2078 Deo
2129 2029 2439 2093 segregatos
2479 2029 2534 2076 et
2569 2021 2804 2077 electos?
2847 2021 2968 2087 Quo
3009 2025 3167 2090 pacto
3208 2027 3388 2073 autem
3432 2019 3539 2072 illa:

1967 2116 2317 2187 cognationes
2337 2115 2577 2185 gentium
2609 2114 2935 2169 oblivionem
2965 2113 3112 2167 illam
3142 2126 3296 2167 suam
3324 2110 3539 2181 deposi-

1966 2215 2103 2264 turae
2130 2208 2262 2274 sint,
2291 2219 2343 2264 et
2368 2207 2731 2263 recordatum
2761 2206 2930 2262 Deum
2962 2206 3372 2272 universorum;
3404 2218 3543 2273 quo-

1967 2300 2129 2356 modo
2154 2301 2282 2358 item
2307 2299 2657 2357 convertendi
2696 2298 2764 2354 ad
2807 2316 2935 2355 eum
2976 2299 3087 2357 sint
3128 2298 3367 2354 universi
3402 2296 3539 2353 lines

1967 2402 2159 2462 terrae;
2190 2395 2292 2450 sub
2334 2395 2450 2451 haec
2497 2395 2730 2465 explicat
2761 2394 2848 2450 his
2884 2393 3065 2449 Verbis
3096 2412 3110 2448 :
3141 2393 3388 2465 quoniam
3429 2392 3538 2447 De-

1970 2488 2098 2542 mini
2135 2495 2213 2542 est
2251 2503 2484 2558 regnum,
2525 2497 2577 2542 et
2621 2488 2730 2555 ipse
2774 2487 3080 2540 dominatur
3107 2486 3359 2556 gentium.
3400 2482 3540 2538 Nam

1968 2580 2060 2650 qui
2092 2579 2221 2634 olim
2257 2578 2556 2634 dominium
2587 2578 2905 2634 obtinebant
2930 2578 3203 2633 daemones
3230 2583 3393 2646 atque
3422 2575 3540 2630 dia-

1967 2672 2148 2739 bolus,
2176 2672 2290 2742 jam
2322 2671 2565 2743 abrogati
2615 2678 2776 2735 sunt;
2819 2685 2884 2725 ac
2934 2669 3107 2726 solum
3146 2668 3389 2725 omnium
3427 2666 3537 2724 Do-

1969 2765 2102 2820 mini
2125 2764 2219 2821 Dei
2243 2780 2472 2836 regnum
2494 2764 2657 2835 viget.
2690 2761 2892 2819 Ordine
2923 2762 3091 2834 igitur
3115 2776 3178 2816 ac
3199 2775 3541 2831 consequen-

1968 2856 2044 2911 tia
2074 2872 2253 2913 sermo
2293 2863 2536 2924 constat;
2569 2870 2696 2912 uam
2727 2872 2851 2911 cum
2886 2854 3061 2925 primo
3090 2852 3339 2919 dixisset,
3375 2852 3538 2906 remi-

1968 2949 2263 3013 niscentur;
2318 2948 2596 3017 secundo,
2649 2956 3049 3012 convertentur;
3105 2945 3265 3002 tertio
3320 2944 3539 3000 demum

1969 3042 2176 3113 adjicit,
2209 3042 2523 3098 adorabunt.
2559 3039 2684 3097 Haec
2714 3055 2879 3112 porro
2912 3038 3092 3094 omnia
3119 3037 3388 3104 evenient,
3418 3051 3541 3105 quo-

1969 3134 2116 3190 niam
2144 3133 2357 3190 Domini
2386 3143 2463 3190 est
2493 3148 2727 3204 regnum,
2754 3139 2803 3185 et
2831 3131 2937 3200 ipse
2960 3129 3263 3185 dominatur
3286 3126 3535 3199 gentium.

2038 3308 2204 3366 Vens.
2240 3310 2330 3375 50,
2367 3310 2454 3365 51.
2496 3309 2941 3364 Manducaverunt
2966 3318 3012 3362 et
3051 3306 3401 3361 adaraverunt
3428 3322 3542 3360 om—

1969 3417 2056 3456 nes
2088 3401 2299 3471 pingues
2334 3409 2518 3465 terrm;
2556 3401 2609 3454 in
2654 3407 2929 3468 conspectu
2976 3397 3099 3464 eius.
3132 3395 3317 3450 cadent
3364 3412 3542 3451 omnes

1966 3494 2055 3564 qui
2078 3490 2394 3547 descendunt
2422 3492 2476 3546 in
2507 3499 2721 3546 terram.
2752 3489 2821 3543 Et
2848 3490 3035 3544 anima
3058 3504 3170 3541 mea
3202 3487 3286 3540 illi
3316 3487 3458 3550 vivit,
3492 3495 3540 3541 et

1966 3601 2137 3640 semen
2189 3599 2359 3637 meum
2412 3584 2595 3638 serviet
2638 3584 2757 3652 ipsi.
2826 3579 3066 3650 Singulis
3124 3577 3541 3632 resurrectionis

1969 3674 2269 3730 Salvatoris
2302 3673 2475 3729 nostri
2512 3672 2723 3735 diebus,
2759 3685 2879 3741 quae
2923 3667 3216 3724 Dominicae
3246 3674 3533 3728 vocantur.

1966 3768 2101 3840 ipsis
2133 3769 2305 3825 oculis
2352 3782 2574 3824 cernere
2620 3774 2704 3822 est
2754 3780 2849 3819 eos
2892 3762 2985 3833 qui
3028 3774 3245 3816 sacrum
3277 3758 3458 3813 cibum
3483 3769 3538 3814 et

1968 3862 2202 3917 salutare
2225 3876 2424 3931 corpus
2448 3857 2743 3929 accipiunt,
2775 3862 2897 3927 post
2928 3852 3104 3924 ipsum
3147 3849 3539 3917 esum,vivifici

1967 3953 2208 4009 alimenti
2248 3952 2557 4022 largitorem
2593 3957 2647 4005 et
2685 3962 2931 4019 promum
2969 3945 3218 4009 adorare,
3251 3951 3413 4015 atque
3439 3944 3541 3998 mi-

1966 4041 2076 4096 rari
2098 4042 2383 4097 verborum
2405 4038 2715 4110 hujusmodi
2737 4050 3007 4100 eventum,
3027 4042 3081 4091 et
3103 4050 3160 4090 re
3179 4034 3541 4105 gesta,quoad

1966 4133 2263 4203 planiorem
2311 4131 2440 4187 dicti
2482 4129 2836 4193 sententiam,
2877 4127 3155 4197 impletum
3201 4125 3540 4180 vaticinium.

1967 4222 2099 4296 Ejus
2127 4232 2306 4281 autem
2324 4227 2465 4291 loco,
2496 4225 2710 4294 pingues
2744 4231 2917 4285 term,
2945 4218 3542 4289 Symmachus,sagina-

1970 4328 2050 4375 tos
2082 4328 2270 4383 terrae,
2326 4318 2717 4387 interpretatus
2761 4322 2864 4369 est.
2910 4311 3113 4382 Hisque
3164 4310 3474 4365 indicantur
3504 4308 3541 4360 ii

293 4415 326 4466 ὁ
357 4409 670 4511 ξύμμαχος,
710 4414 765 4467 οί
807 4415 1045 4482 λιπαροὶ
1082 4413 1193 4482 τῆς
1233 4413 1379 4499 γῆς.
1414 4414 1770 4485 Σημαίνονται
1812 4413 1867 4465 δὲ

1971 4410 2063 4481 qui
2082 4426 2145 4464 ex
2163 4409 2369 4465 cmlesti
2393 4409 2538 4468 cibo,
2555 4408 2733 4477 Opima
2758 4405 2954 4460 mentis
2979 4403 3294 4457 habitudine
3323 4416 3386 4455 ac
3409 4400 3543 4453 viri-

294 4498 390 4553 διὰ
420 4498 623 4555 τούτων
674 4503 724 4555 0i
772 4503 837 4557 ἐκ
880 4503 980 4574 τῆς
1009 4504 1258 4575 οὐρανίου
1311 4494 1519 4576 τροφῆς
1570 4503 1668 4568 τὰς
1699 4503 1867 4574 ψυχὰς

1976 4505 2079 4559 bus
2108 4502 2304 4557 valent.
2333 4500 2437 4555 Sed
2470 4500 2522 4554 hi
2553 4499 2770 4569 quidem
2798 4496 3245 4551 manducaverunt
3267 4502 3315 4547 et
3347 4492 3544 4547 adora-

298 4590 591 4659 εὐτραφεῖς
617 4592 712 4645 καὶ
734 4592 1024 4663 ῥωμαλέοι.
1065 4593 1205 4649 Ἀλλ’
1230 4588 1373 4648 οὗτοι
1405 4595 1502 4665 μὲν
1524 4588 1753 4663 ’ἔφαγον
1776 4592 1871 4646 καὶ

298 4697 452 4751 προσ
464 4686 791 4750 εκύνησαν.
856 4685 1070 4758 Ἐπειδὴ
1121 4687 1179 4740 δὲ
1230 4687 1310 4740 δεῖ
1353 4686 1499 4758 αὐτῷ
1544 4685 1667 4741 πᾶν
1719 4688 1868 4756 γόνυ

298 4774 537 4847 κάμψαι
570 4775 939 4845 ἐπουρανίων
981 4780 1079 4836 καὶ
1126 4782 1399 4852 ἐπιγείων
1436 4783 1534 4836 καὶ
1583 4786 1869 4852 καταχθο-

296 4861 470 4931 νίων,
522 4868 746 4932 εἰκότως
782 4870 909 4942 ἐξῆς
950 4874 1304 4928 ἐπισυνάπτει
1349 4874 1546 4944 λέγων·
1592 4872 1868 4927 Ἐνώπιον

296 4957 490 5016 αὐτοῦ
526 4960 1012 5027 προσπεσοῦνται
1050 4964 1271 5031 πάντες
1317 4968 1371 5019 οἱ
1412 4964 1868 5031 καταϐαίνοντες

298 5056 391 5121 είς
419 5050 571 5122 γῆν·
611 5053 727 5107 ἀνθ’
771 5046 832 5108 οὗ
864 5056 895 5107 ό
944 5056 1043 5128 μὲν
1084 5057 1349 5123 Ἀκύλαςο
1401 5062 1506 5125 Εἰς
1550 5060 1871 5127 πρόσωπον

297 5144 491 5214 αὐτοῦ
544 5144 853 5215 κάμψουσι
901 5146 1123 5215 πάντες
1165 5151 1217 5203 οὶ
1273 5151 1733 5215 καταϐαίνοντες
1785 5153 1871 5217 εἰς

301 5239 481 5312 χοῦν,
513 5238 792 5292 ἐκδέδωκε.
822 5240 1013 5310 Σαφῶς
1041 5241 1101 5294 δὲ
1128 5242 1213 5296 διὰ
1244 5244 1443 5298 τούτων
1470 5246 1563 5299 καὶ
1599 5245 1658 5298 τὸ
1688 5244 1873 5316 σχῆμα

298 5333 411 5390 τῶν
436 5330 566 5402 γόνυ
590 5330 878 5387 κλινόντων
913 5334 970 5388 ἐν
995 5336 1061 5404 τῇ
1103 5334 1392 5407 Ἐκκλησία
1429 5336 1520 5390 τοῦ
1564 5336 1701 5390 Θεοῦ
1738 5353 1875 5409 παρ-

305 5427 544 5489 ίσταται,
570 5418 903 5500 ἐνῇγόνατα
956 5426 1252 5493 κλίναντες,
1292 5430 1382 5482 καὶ
1414 5429 1481 5482 τὰ
1526 5429 1750 5501 μέτωπα
1796 5430 1875 5492 είς

302 5519 413 5597 γῆν
441 5519 770 5591 ἐρείσαντες,
794 5518 980 5574 τοῦτον
1025 5522 1346 5594 προσκυνεῖν
1379 5521 1599 5577 εἰώθασι
1630 5523 1722 5578 τὸν
1751 5522 1876 5594 τρό-

378 5702 423 5735 “
463 5698 695 5770 Philipp.
735 5714 805 5765 ιι,
840 5696 929 5755 1ολ

1976 4604 2175 4651 uerunt.
2201 4593 2466 4660 Quoniam
2499 4607 2627 4647 vero
2674 4604 2810 4660 opus
2852 4598 2946 4643 est'
2982 4595 3040 4642 ut
3083 4587 3185 4656 ipsi
3231 4602 3379 4640 omne
3410 4602 3542 4657 genu

1973 4688 2215 4757 ﬂectatur
2239 4684 2540 4747 caelestium,
2567 4682 2888 4735 terrestrium
2911 4690 2960 4733 et
2982 4678 3308 4748 infernarum
3332 4679 3399 4742 '°,
3422 4679 3544 4749 jure

1973 4786 2155 4850 postea
2183 4777 2417 4841 additur,
2464 4776 2519 4828 in
2554 4783 2828 4841 conspectu
2878 4771 2992 4840 ejus
3029 4770 3215 4825 cadent
3247 4788 3423 4825 omnes
3454 4774 3543 4842 qni

1973 4870 2288 4926 descendunt
2320 4871 2374 4924 in
2405 4878 2595 4923 terram
2639 4883 2656 4919 .'
2700 4880 2798 4936 pro
2843 4879 2952 4933 quo
3000 4863 3217 4934 Aquila,
3248 4865 3302 4918 in
3345 4864 3541 4918 vultum

1972 4964 2083 5033 ejus
2113 4963 2318 5031 ﬂectent
2356 4976 2410 5014 se
2457 4974 2632 5012 omnes
2669 4954 2758 5025 qui
2806 4952 3121 5009 descendunt
3161 4954 3216 5006 in
3259 4951 3538 5021 pulverem.

1975 5055 2141 5124 Queis
2173 5052 2463 5110 manifeste
2496 5065 2683 5105 eorum
2723 5047 2815 5118 qui
2859 5046 2912 5100 in
2964 5044 3207 5101 Ecclesia
3245 5043 3338 5098 Dei
3366 5055 3539 5113 genua

1894 5150 1907 5161 '
1976 5146 2201 5202 ﬂectunt
2231 5157 2435 5198 morem
2464 5141 2707 5196 declarat
2738 5158 2750 5191 :
2784 5135 2859 5192 ibi
2905 5137 3050 5192 enim
3097 5149 3271 5206 genua
3319 5129 3542 5186 ﬂecten-

1976 5247 2080 5301 tes,
2113 5244 2274 5306 atque
2316 5233 2586 5288 frontibus
2622 5230 2736 5287 suis
2774 5237 2931 5284 terrae
2971 5228 3369 5286 incumbentes,
3399 5220 3543 5272 hunc

1978 5329 2237 5386 adorandi
2271 5328 2433 5381 ritum
2465 5333 2700 5382 servant.
2731 5319 2932 5376 Deinde
2975 5319 3248 5388 adjicitur,
3282 5323 3331 5368 et
3361 5307 3539 5363 anima

1979 5440 2092 5479 mea
2121 5421 2202 5476 illi
2231 5422 2377 5485 vivit,
2414 5429 2462 5473 et
2493 5433 2664 5473 semen
2698 5430 2866 5469 meum
2905 5411 3089 5467 serviet
3122 5411 3237 5475 ipsi.
3271 5403 3400 5469 Qua:
3426 5400 3540 5456 cla-

1977 5519 2095 5576 rius
2162 5513 2519 5590 Symmachus
2568 5512 2682 5566 hmc
2737 5503 3160 5585 unaicopulans
3216 5499 3525 5564 interpretis
