3980 6214
505 240 610 296 215

1142 242 1407 298 EUSEBII
1445 240 1923 296 CA‘LSARIENSIS
1962 239 2112 297 OPP.
2151 239 2331 296 PARS
2372 239 2459 295 ill.
2498 271 2567 282 -—
2598 238 2992 296 EXEGETICA.

3622 241 3735 296 216

506 365 617 421 tur,
649 364 770 409 ante
795 356 964 425 ipsum
1002 371 1168 426 genua
1206 356 1410 422 ﬂectent
1437 372 1611 410 omnes
1637 357 1724 426 qui
1758 355 2047 410 descendun

2172 371 2288 408 πον.
2316 351 2429 408 Εἶθ’
2459 354 2585 426 ἑξῆς
2613 353 2825 427 εἴρηται
2843 371 2858 387 ο
2886 353 2993 408 Kal
3018 354 3058 423 ή
3089 354 3256 423 ψυχή
3285 371 3396 419 μου
3442 351 3602 418 αὐτῷ
3626 350 3698 420 ζῇ
3718 365 3734 381 ·

504 448 560 501 in
617 456 851 501 terram:
903 447 1052 515 cujus
1099 447 1276 498 anima
1299 447 1445 508 vivet,
1493 463 1665 500 semen
1717 456 1889 500 autem
1939 447 2068 500 colet

503 539 697 603 ipsum.
737 537 818 590 llli
866 551 1074 598 omnes,
1108 536 1311 606 inquit.
1365 538 1780 606 procumbentes
1811 546 1864 593 et
1895 553 2068 608 genua

503 631 776 685 ﬂectentes
805 630 1126 694 adorabunt,
1160 630 1357 700 quibus
1378 645 1503 700 spes
1537 638 1621 686 est
1667 638 1723 684 ut
1763 632 1942 684 anima
1987 631 2069 685 vi-

502 730 612 788 vat,
641 731 696 776 et
721 738 952 792 quorum
985 737 1168 777 semen
1191 723 1332 777 colet
1361 721 1560 792 ipsum.
1595 721 1751 788 Quod
1775 724 1820 777 si
1853 723 1976 792 quis
2003 738 2067 778 ex

499 831 732 886 persona
795 817 1092 870 Salvatoris
1145 815 1258 870 haec
1320 814 1467 869 dicta
1509 815 1640 870 velit
1692 815 1972 884 excipere,
2017 825 2068 870 et

501 911 680 963 anima
720 925 833 962 mea
863 907 944 960 illi
977 907 1119 974 vivit,
1164 906 1460 961 secundum
1493 906 1797 960 versionem
1834 904 2066 976 Septua-

500 1003 643 1070 ginta
689 998 1075 1068 lnterpretum;
1129 1006 1183 1052 et
1233 998 1403 1062 illud,
1447 1014 1616 1052 semen
1668 1014 1835 1051 meum
1883 1000 2066 1052 serviet

499 1094 633 1161 ipsi;
665 1094 710 1148 is
741 1092 888 1147 dicat
923 1091 1037 1146 hinc
1077 1107 1106 1145 a
1145 1089 1426 1146 Salvatore
1465 1091 1828 1162 pronuntiari,
1859 1091 1951 1161 qui
1981 1100 2063 1146 to-

498 1197 609 1238 tum
643 1185 787 1238 hunc
811 1186 1078 1254 psalmum
1107 1183 1174 1238 de
1203 1183 1439 1253 qualibet
1477 1184 1656 1238 anima
1694 1183 1796 1238 sibi
1828 1182 2061 1248 addicta,

497 1289 704 1328 necnon
733 1275 799 1329 de
818 1275 1023 1330 semine
1053 1289 1173 1337 suo,
1191 1274 1496 1344 protulerit.
1523 1273 1717 1328 Semen
1745 1280 1923 1328 autem
1945 1272 2064 1343 ejus

496 1366 767 1434 quodnam
799 1382 922 1421 esse
950 1367 1174 1428 dixeris,
1204 1366 1309 1421 nisi
1345 1381 1440 1422 eos
1457 1366 1561 1437 ,qui
1590 1365 1690 1435 ipsi
1722 1381 1818 1436 per
1843 1380 2065 1437 genera-

496 1460 696 1514 tionem
725 1458 960 1530 Spiritus
993 1460 1164 1514 sancti
1203 1459 1296 1513 iilii
1329 1460 1433 1515 orti
1473 1465 1642 1525 sunt;
1675 1459 1769 1528 qui
1802 1472 1925 1513 cum
1964 1457 2064 1511 Pa-

493 1560 632 1606 trem
691 1552 811 1619 ejus
861 1553 1149 1619 coluerint,
1202 1561 1460 1608 aeternam
1507 1567 1572 1607 ae
1626 1552 1840 1607 beatam
1895 1551 2062 1606 vitam

494 1653 921 1714 consequentur.

2167 448 2264 501 καὶ
2303 446 2371 500 τὸ
2401 445 2636 516 σπέρμα
2668 465 2786 517 μου
2821 445 3137 499 δουλεύσει
3159 443 3333 510 αὐτῷ.
3372 446 3436 498 ’0
3473 443 3536 516 δὴ
3566 443 3739 513 σαφέ-

2169 557 2354 612 στερον
2377 542 2716 612 ἡρμήνευσεν
2742 541 2770 593 ό
2795 541 3085 610 Σύμμαχος
3119 536 3359 607 συνάψας
3391 537 3484 591 καὶ
3524 537 3696 590 εἰπών
3715 553 3731 569 ⁸

2171 636 2544 702 Ἔμπροσθεν
2569 633 2755 687 αὐτοῦ
2784 632 3158 686 όκλάσουσιν
3178 630 3437 696 ἅπαντες
3461 632 3515 684 οἱ
3552 646 3736 684 κατα-

2167 727 2469 790 ϐαίνοντες
2501 727 2588 790 εὶς
2619 725 2819 778 κόνιν·
2857 720 2927 779 οὗ
2968 726 3006 792 ἡ
3049 721 3218 792 ψυχὴ
3253 721 3447 788 ζήσει,
3491 721 3732 789 σπέρμα

2165 817 2234 870 δὲ
2261 817 2571 884 λατρεύσει
2597 815 2774 880 αὐτῷ.
2802 816 3006 878 Πάντες
3024 813 3131 884 γὰρ
3153 814 3324 876 αὐτοὶ,
3353 812 3534 883 φησὶν,
3564 812 3730 866 ὀκλά-

2169 925 2390 972 σαντες,
2447 907 2540 960 καὶ⁸
2583 907 2709 975 γόνυ
2769 906 3044 971 κλίναντες
3097 906 3593 979 προσκυνήσουσιν·
3651 898 3727 959 ὧν

2165 1001 2319 1064 ἐλπὶς
2345 1000 2602 1072 ζήσεσθαι
2624 1002 2721 1072 τὴν
2744 1000 2941 1072 ψυχὴν,
2968 1003 3061 1054 καὶ
3081 994 3153 1053 ὧν
3172 1001 3233 1053 τὸ
3259 999 3476 1070 σπέρμα
3502 998 3729 1072 λατρεύ-

2167 1110 2248 1145 σει
2276 1090 2442 1162 αὐτῷ.
2471 1093 2534 1146 Ei
2575 1092 2630 1144 δὲ
2668 1094 2732 1146 ὲκ
2763 1092 3050 1164 προσώπου
3080 1091 3169 1146 τοῦ
3199 1091 3444 1160 λέγοντος
3475 1090 3728 1162 Σωτῆρος

2166 1182 2406 1255 βούλοιτό
2427 1201 2508 1247 τις
2540 1182 2766 1238 ἀκοῦσαι
2798 1184 2885 1238 τό·
2918 1184 3028 1238 Καὶ
3058 1185 3096 1252 ἠ
3118 1183 3286 1252 ⁴ψυχή
3315 1199 3431 1250 μου
3457 1180 3617 1247 αὐτῷ
3637 1180 3723 1249 ζῇ,

2163 1274 2304 1328 κατά
2355 1275 2452 1346 τὴν
2508 1277 2615 1328 τῶν
2682 1275 3075 1347 Ἐϐδομήκοντα
3120 1274 3444 1345 ἑρμηνείαν·
3491 1273 3607 1339 καὶ,
3656 1271 3721 1326 Τὸ

2162 1367 2398 1438 σπέρμα
2430 1385 2548 1437 μου
2577 1368 2891 1422 δουλεύσει
2923 1369 3110 1434 αὐτῷ·
3158 1367 3300 1420 εἴποι
3331 1364 3396 1420 ἂν
3436 1365 3605 1419 ταῦτα
3635 1363 3721 1417 λέο

2161 1458 2349 1526 γεσθαι
2380 1458 2484 1512 ὑπὸ
2522 1457 2614 1511 τοῦ
2651 1460 2919 1530 Σωτῆρος,
2963 1459 3148 1512 τοῦτον
3190 1458 3364 1512 πάντα
3403 1456 3490 1509 τὸν
3514 1453 3724 1525 ψαλμὸν

2159 1547 2442 1615 διεξιόντος
2467 1551 2594 1621 περὶ
2632 1552 2810 1624 πάσης
2842 1551 3019 1621 ψυχῆς
3047 1549 3194 1620 αὐτῷ
3221 1547 3602 1619 ἀνακειμένης,
3630 1545 3723 1598 καὶ

2161 1641 2406 1713 περὶτοῦ
2433 1641 2598 1694 αὐτοῦ
2629 1641 2958 1714 σπέρματος.
2990 1641 3216 1713 Σπέρμα
3259 1641 3316 1695 δὲ
3362 1638 3523 1693 αὑτοῦ
3565 1638 3616 1691 τί
3656 1636 3725 1690 ἂν

492 1737 716 1808 εἴποιςῆ
761 1738 886 1801 τοὺς
911 1737 998 1791 διὰ
1030 1739 1330 1809 γεννήσεως
1359 1738 1511 1807 ἁγίου
1555 1738 1694 1791 Πνεύ
1703 1756 1868 1811 ματος
1902 1734 2274 1806 γεννωμένους
2310 1733 2458 1804 αὐτῷ
2481 1734 2647 1797 υἱοὺς,
2671 1734 2719 1786 οἳ
2741 1734 2833 1787 καὶ
2862 1733 3239 1798 δουλεύσαντες
3261 1732 3337 1803 τῷ
3363 1729 3525 1785 αὐτοῦ
3547 1731 3721 1800 Πατρὶ

490 1827 588 1898 τῆς
610 1827 824 1880 αἰωνίου
852 1827 946 1880 καὶ
978 1828 1250 1899 μακαρίας
1275 1828 1419 1898 ζωῆς
1451 1827 1797 1898 μεθέξουσινς

560 1918 725 1973 Vens.
763 1918 852 1973 52.
899 1918 1318 1972 Annuntiabitur
1365 1918 1590 1973 Domino
1630 1920 1894 1990 generatio
1941 1935 2062 1973 ven-
2095 1921 2134 1974 Β

491 2023 635 2082 tura,
659 2025 706 2066 et
748 2011 1136 2066 annuntiabunt
1169 2012 1286 2064 cmli
1311 2011 1579 2080 justitiam
1602 2012 1715 2082 ejus
1751 2011 1940 2081 populo
1970 2012 2058 2081 qui

489 2113 752 2165 nascetur,
779 2118 929 2172 quem
975 2100 1094 2168 fecit
1142 2099 1420 2156 Dominus.
1463 2100 1761 2170 Postquam
1806 2098 2058 2154 Servatur

489 2209 673 2248 semen
703 2209 862 2249 suum
894 2194 1213 2248 memoravit
1249 2193 1335 2248 his
1363 2193 1565 2260 verbis,
1606 2202 1655 2247 et
1687 2207 1859 2246 semen
1887 2207 2056 2244 meum

487 2288 671 2341 serviet
695 2287 816 2356 ipsi,
843 2285 1115 2356 quodnam
1151 2285 1283 2340 illud
1317 2301 1502 2341 semen
1549 2285 1618 2341 sit
1663 2283 1831 2354 probe
1863 2282 2052 2353 aperit,

485 2394 611 2436 cum
656 2381 1060 2451 generationem
1105 2386 1412 2443 venturam,
1456 2387 1511 2434 et
1549 2379 1806 2448 populum
1839 2376 1931 2447 qui
1958 2391 2056 2430 na-

485 2479 668 2524 scetur
699 2475 1106 2525 commemorat.
1143 2467 1606 2534 Quemadmodum
1654 2469 1797 2524 enim
1825 2482 1945 2538 qua:
1973 2467 2056 2537 gi»

486 2568 726 2630 gnuntur
755 2576 821 2616 ex
851 2560 1056 2617 semine
1106 2561 1319 2615 initium
1361 2561 1660 2618 exsistendi
1701 2562 1926 2627 ducunt,
1960 2575 2053 2616 eo-

483 2652 604 2706 dem
635 2667 860 2722 prorsus
894 2653 1059 2708 modo
1083 2653 1425 2708 nasciturum
1456 2654 1713 2725 p0pulum
1744 2662 1797 2708 et
1826 2669 2051 2724 genera-

485 2747 687 2800 tionem
715 2753 1020 2811 venturam,
1052 2762 1248 2803 novam
1283 2747 1493 2803 scilicet
1538 2763 1602 2802 ac
1653 2756 1947 2812 recentem,
1985 2763 2051 2803 ex

483 2838 633 2893 nullo
666 2839 878 2894 initium
916 2847 1263 2910 accepturam
1312 2839 1571 2905 declarat,
1624 2840 1728 2894 nisi
1773 2855 1839 2894 ex
1886 2840 2052 2894 ratio-

482 2931 590 2985 nali
633 2932 840 2986 semine
888 2946 1009 2994 suo,
1038 2931 1180 3000 quod
1218 2933 1336 3000 ipse
1373 2945 1614 3002 praesens
1651 2947 1748 3001 per
1777 2932 2050 3002 apostolos

483 3022 537 3076 in
590 3029 736 3078 terra
788 3023 1193 3091 disseminabat,
1220 3025 1470 3080 videlicet
1524 3024 1776 3094 spiritum
1805 3025 2050 3095 adoptio-

480 3117 586 3172 nis.
646 3116 788 3172 Loco
833 3116 1015 3182 illius,
1069 3116 1470 3170 annuntiabitur
1514 3116 1739 3171 Domino
1783 3118 2047 3188 generatio

2243 1909 2726 1979 Ἄναγγελήσεται
2765 1908 2846 1976 τῷ
2894 1911 3086 1978 Κυρίῳ
3117 1909 3288 1980 γενεὰ
3335 1911 3374 1979 ἡ
3406 1911 3718 1985 ἐρχομένη,

2158 2002 2255 2055 καί
2285 2002 2682 2071 ἀναγγελοῦσι
2707 2000 2819 2070 τὴν
2843 2001 3238 2069 δικαιοσύνην
3272 2003 3456 2058 αὐτοῦ
3484 2005 3612 2073 λαῷ
3641 2008 3721 2075 τῷ

2155 2092 2590 2162 τεχθησομένῳ,
2615 2092 2687 2146 ὃν
2705 2093 2993 2162 ἐποίησεν
3014 2097 3046 2148 ὅ
3069 2096 3302 2163 Κύριος.
3334 2097 3720 2170 Προονομάσας

2159 2186 2380 2258 σπέρμα
2405 2183 2566 2238 αὐτοῦ
2601 2187 2630 2238 ὁ
2652 2185 2840 2257 Σωτὴρ
2871 2186 2927 2238 ὲν
2957 2171 3065 2256 τῷ·
3094 2187 3203 2242 Καὶ
3231 2188 3296 2241 τὸ
3324 2188 3563 2260 σπέρμα
3597 2210 3716 2261 μου

2154 2277 2470 2331 δουλεύσει
2499 2276 2682 2342 αὐτῷ·
2712 2276 2766 2330 τί
2794 2295 2921 2331 ποτε
2953 2277 3038 2348 εἴη
3063 2278 3218 2332 τοῦτο
3239 2280 3300 2334 τὸ
3349 2281 3569 2354 σπέρμα
3605 2284 3719 2339 δια-

2157 2371 2336 2441 σαφεῖ,
2366 2370 2556 2440 γενεὰν
2589 2371 2888 2442 ἐρχομένην
2923 2371 3201 2443 ὀνομάζων
3241 2374 3336 2428 καὶ
3361 2373 3489 2430 λαὸν
3526 2378 3718 2450 τεχθη-

2157 2463 2396 2533 σόμενον.
2433 2463 2641 2534 Ὥσπερ
2667 2463 2774 2535 γὰρ
2799 2462 2868 2516 τὰ
2895 2464 3224 2536 γεννώμενα,
3255 2467 3362 2521 ἀπὸ
3379 2471 3718 2542 ,σπερμάτων

2152 2550 2250 2623 τὴν
2277 2551 2449 2624 ἀρχὴν
2478 2551 2579 2622 τῆς
2605 2553 2954 2618 ὑποστάσεως
2983 2555 3267 2626 λαμϐάνει,
3293 2559 3383 2612 τὸν
3403 2561 3563 2615 αὑτὸν
3589 2565 3718 2636 τρό-

2154 2658 2253 2694 πον
2275 2642 2364 2695 τδν
2386 2641 2776 2714 τεχθησόμενον
2809 2643 2935 2697 λαὸν
2973 2646 3064 2698 καὶ
3098 2647 3195 2718 τὴν
3237 2646 3589 2721 ἐλευσομένην
3615 2670 3714 2721 γε·-

2153 2739 2296 2803 νεάν,
2330 2739 2454 2794 νέαν
2484 2735 2645 2794 οὖσαν
2691 2741 2785 2794 καὶ
2837 2742 3060 2813 καινὴν,
3101 2741 3396 2813 οὐδαμόθεν
3440 2743 3578 2809 ἕξειν
3607 2745 3712 2816 τὴν

2152 2830 2324 2902 ἀρχὴν
2350 2833 2675 2904 παρίστησιν
2693 2831 2806 2885 ἀλλ’
2831 2833 2864 2903 ἢ
2893 2835 2958 2886 ὲκ
2987 2833 3093 2887 τῶν
3116 2834 3278 2887 αὑτοῦ
3301 2834 3522 2904 λογικῶν
3545 2852 3713 2908 σπερ-

2155 2920 2356 2992 μάτων,
2381 2914 2456 2976 ὧν
2489 2924 2581 2976 ἐπὶ
2609 2923 2712 2994 γῆς
2737 2923 2925 2996 παρὼν
2951 2925 3309 2980 κατεϐάλλετο
3333 2926 3420 2981 διὰ
3443 2927 3550 2981 τῶν
3575 2929 3712 2982 ἀπο-

2153 3011 2349 3065 στόλων
2373 3013 2559 3078 αὐτοῦ,
2580 3014 2639 3068 τὸ
2668 3016 2880 3086 πνεῦμα
2901 3017 2999 3087 τῆς
3019 3017 3304 3082 υἱοθεσίας.
3335 3019 3478 3073 Ἀντὶ
3502 3019 3558 3072 δὲ
3577 3021 3672 3075 τοῦ
3691 3038 3708 3054 ο

2164 3104 2649 3174 Ἀναγγελήσεται
2680 3107 2760 3173 τῷ
2779 3109 2972 3176 Κυρίῳ
2992 3109 3164 3178 γενεὰ
3182 3111 3219 3179 ἡ
3246 3110 3555 3181 ἐρχομένη,
3583 3114 3710 3184 σφό-

481 3220 718 3277 ventura,
742 3211 940 3264 mirum
969 3210 1023 3264 in
1063 3209 1282 3264 modum
1325 3209 1700 3282 Symmachus,
1728 3211 2047 3265 describatur

2150 3195 2251 3268 δρα
2297 3195 2620 3268 θαυμαστῶς
2661 3199 2689 3252 ὁ
2732 3199 3056 3271 Σύμμαχος·
3112 3203 3606 3273 Ἀναγραφήσεται
3641 3206 3712 3260 ἐν

2156 3287 2355 3317 ΩιεςΙ..
2401 3290 2477 3317 -.ἢ
2524 3293 2707 3317 υ-.-1,.
2763 3293 2834 3317 [ιι
2899 3295 3166 3317 uti---\\---
3216 3295 3602 3317 L__-A_-__n\,_na,
3683 3300 3696 3317 ε

481 3304 534 3357 in
585 3303 718 3358 libro
763 3303 1002 3359 Domino.
1057 3301 1320 3358 Futurum
1371 3311 1488 3359 erat
1533 3313 1592 3359 ut
1634 3304 2048 3360 annuntiaretur

2149 3287 2358 3356 βιϐλίῳ
2400 3290 2480 3356 τῷ
2517 3293 2710 3360 Κυρίῳ
2760 3293 2858 3362 (1).
2899 3295 3166 3365 Ἦμελλεν
3209 3295 3628 3366 ἀναγγέλλεσθαι
3673 3300 3706 3371 ἡ

481 3396 758 3465 generatio
787 3403 1011 3449 ventura
1035 3414 1050 3462 ;
1083 3395 1214 3465 quin
1241 3396 1403 3450 etiam
1436 3394 1667 3450 Domino
1696 3411 2049 3452 consecrare-

480 3497 570 3541 tur
610 3489 744 3542 liber
777 3489 1070 3558 prophetiae
1109 3488 1176 3543 de
1222 3491 1572 3559 generatione
1622 3495 1853 3544 ventura
1886 3503 1948 3544 ac
1981 3489 2048 3544 de

482 3582 678 3650 populo
716 3582 1020 3638 nascituro.

865 3695 1188 3749 PSALMUS
1255 3693 1462 3748 DAVID
1520 3693 1690 3750 XXII.

549 3808 712 3864 Vens.
750 3810 804 3874 1,
839 3809 894 3864 2.
927 3812 1181 3864 Dominus
1203 3810 1372 3878 pascit
1405 3825 1503 3873 me,
1535 3816 1585 3863 et
1616 3808 1750 3863 nihil
1785 3809 1914 3863 mihi
1948 3808 2041 3864 de-

475 3901 597 3967 erit,
628 3902 682 3954 in
714 3900 826 3954 loco
854 3917 1064 3970 pascua:
1094 3900 1165 3953 ibi
1207 3917 1287 3953 me
1315 3900 1608 3954 collocavit.
1659 3899 1828 3970 Super
1851 3917 2043 3970 aquam

475 3992 772 4060 refectionis
815 3991 1052 4046 educavit
1110 4009 1220 4056 me,
1252 3992 1484 4044 animam
1536 4007 1707 4045 meam
1765 3993 2036 4047 convertit.

477 4081 707 4135 Deduxit
733 4098 831 4137 me.
866 4079 1058 4136 Ovium
1099 4081 1342 4136 conditio
1375 4097 1475 4138 ceu
1509 4083 1718 4138 medius
1758 4092 1932 4139 status
1956 4092 2040 4144 est

475 4174 618 4230 inter
662 4173 1022 4244 periectorum
1075 4188 1453 4244 progressum,
1504 4183 1558 4229 et
1602 4189 1789 4230 eorum
1835 4183 2037 4231 statum

473 4266 567 4336 qui
600 4281 724 4327 cum
767 4267 822 4319 in
860 4264 1131 4335 profundo
1170 4265 1425 4334 nequitia:
1472 4266 1880 4337 provolvantur,
1916 4266 2036 4322 ideo

475 4357 762 4427 reptilibus
793 4357 1034 4427 ferisque
1058 4358 1364 4428 agrestibus
1408 4364 1818 4427 comparantur.
1852 4356 2035 4414 Perfe-

473 4458 596 4504 ctus
631 4464 864 4520 namque
912 4449 996 4504 vir
1037 4449 1084 4505 is
1138 4449 1322 4519 fuerit,
1367 4451 1526 4520 cujus
1561 4449 1742 4503 anima
1792 4450 1858 4504 ad
1899 4450 2032 4505 ima-

473 4544 649 4610 ginem
688 4553 742 4598 ct
784 4545 1194 4599 similitudinem
1221 4544 1314 4600 Dei
1349 4544 1512 4606 facta,
1550 4543 1794 4598 moribus
1824 4545 1889 4598 ad
1924 4543 2030 4598 vir-

2144 3379 2305 3447 γενεά
2347 3383 2380 3452 ἡ
2431 3383 2722 3455 ἐρχομένη·
2761 3383 2874 3438 ἀλλ’
2920 3384 3343 3457 ἀνατεθήσεσθαι
3393 3388 3471 3460 τῷ
3521 3389 3709 3462 Κυρίῳ

2145 3471 2324 3541 βίϐλος
2351 3478 2682 3546 προφητείας
2715 3479 2841 3549 περὶ
2877 3478 2980 3549 τῆς
3009 3483 3200 3548 γενεᾶς
3238 3483 3337 3554 τῆς
3388 3485 3705 3558 ἐρχομένης.

2145 3567 2236 3619 καὶ
2263 3567 2356 3620 τοῦ
2391 3569 2790 3640 τεχθησομένου
2817 3570 2967 3625 λαοῦ.

2517 3705 2805 3759 ΨΑΛΜΟΣ
2845 3708 2930 3760 ΤΩ
2968 3708 3166 3760 ΔΑΥΙΔ
3206 3709 3332 3763 KB'.

2210 3817 2426 3884 Κύριος
2456 3820 2745 3888 ποιμαίνει
2774 3838 2870 3889 με,
2896 3822 2993 3875 καὶ
3026 3822 3206 3877 οὐδέν
3232 3841 3309 3892 με
3345 3825 3703 3894 ὐστερήσει·

2139 3911 2225 3974 εὶς
2263 3911 2450 3963 τόπον
2500 3910 2692 3978 χλόης
2748 3911 2876 3965 ἐκεῖ
2932 3930 3009 3982 με
3061 3913 3557 3985 κατεσκήνωσεν,·
3604 3917 3704 3971 ἐπὶ

2138 3998 2354 4066 ὕδατος
2378 4001 2770 4070 ἀναπαύσεως
2792 4003 3073 4074 ἐξέθρεψέ
3088 4023 3164 4076 με
3179 4021 3192 4035 ·
3215 4006 3328 4076 τὴν
3352 4007 3561 4078 ψυχήν
3583 4026 3705 4078 μου

2135 4090 2523 4160 ἐπέστρεψεν.
2567 4094 2860 4165 Ὠδήγησέ
2899 4114 2994 4166 με.
3042 4099 3195 4171 Μέση
3239 4099 3494 4170 τυγχάνει
3537 4103 3706 4156 κατά-

2137 4201 2323 4248 στασις
2348 4186 2380 4255 ἡ
2405 4185 2512 4238 τῶν
2537 4185 2819 4257 προϐάτων
2839 4189 2937 4260 τῆς
2963 4207 3023 4242 τε
3052 4190 3158 4244 τῶν
3181 4189 3398 4245 τελείων
3423 4193 3705 4264 προκοπῆς

2133 4275 2226 4327 καὶ
2251 4273 2357 4327 τῶν
2384 4276 2439 4327 ἐν
2462 4274 2607 4346 βυθῷ
2633 4278 2830 4341 κακίας
2856 4279 3300 4350 καλινδουμένων,
3318 4281 3411 4334 καὶ
3436 4282 3524 4336 διὰ
3542 4283 3702 4337 τοῦτο

2132 4367 2380 4437 ἑρπετοῖς
2413 4367 2504 4420 καὶ
2555 4367 2760 4441 θηρίοις
2813 4371 3024 4444 ἀγρίοις
3069 4372 3578 4445 παραϐαλλομένων.
3639 4375 3699 4429 '0

2135 4456 2232 4526 μὲν
2261 4456 2370 4528 γὰρ
2401 4457 2820 4528 τέλειος’γένοιτ’
2855 4461 2920 4515 ἂν
2964 4464 2992 4515 ό
3039 4463 3179 4517 κατά
3217 4465 3317 4535 τὴν
3364 4465 3550 4519 είκόνα
3601 4467 3697 4520 τοῦ

2130 4544 2264 4598 Θεοῦ
2295 4548 2388 4600 καὶ
2426 4547 2524 4619 τὴν
2563 4549 2821 4620 ὁμοίωσιν
2863 4552 3025 4605 αὐτοῦ
3072 4554 3170 4626 τὴν
3215 4553 3390 4626 ψυχὴν
3431 4558 3543 4619 τοῖς
3577 4561 3698 4610 κατ’

471 4639 639 4685 tutem
688 4634 1028 4689 concinnatis
1083 4635 1341 4705 insignita
1381 4643 1463 4689 est
1501 4654 1514 4688 :
1561 4633 1650 4703 qui
1705 4631 2024 4698 Dominum,

2149 4638 2326 4710 ιρετὴν
2347 4641 2567 4712 τρόποις
2581 4645 3189 4715 κεχαρακτηρισμένοις·
3211 4647 3239 4699 ό
3257 4648 3349 4700 καὶ⁵
3370 4646 3590 4717 βασιλέα
3605 4650 3698 4704 τὸν

472 4738 650 4792 regem
685 4725 811 4788 sibi,
847 4743 956 4780 non
988 4735 1292 4796 pastorem,
1333 4727 1601 4781 inscribit.
1651 4727 1753 4792 Qui
1794 4743 1923 4782 vero
1960 4743 2025 4782 ex

471 4813 781 4881 liujusmodi
816 4824 959 4871 statu
992 4817 1268 4886 delapsus,
1304 4825 1359 4872 et
1388 4819 1479 4888 qui
1514 4820 1733 4887 proprio
1761 4836 1824 4874 ac
1857 4820 2026 4876 libero

467 4906 765 4961 voluntatis
808 4907 1033 4961 arbitrio
1073 4907 1127 4962 in
1157 4907 1380 4968 _ferinos
1431 4924 1610 4964 mores
1664 4918 2024 4965 commutatus

468 5005 572 5066 est,
601 4998 648 5054 is
677 4999 870 5053 merito
896 5015 1067 5069 equus
1091 4999 1431 5058 eil‘eminatus
1455 5010 1697 5064 vocetur,
1724 5003 1837 5057 sive
1867 5003 2026 5073 lupus

468 5103 657 5158 rapax.
692 5088 1002 5145 Istiusmodi
1035 5101 1214 5146 autem
1241 5092 1509 5158 homines,
1543 5101 1844 5161 serpentes,
1877 5094 2028 5163 geni-

466 5181 613 5235 mina
645 5181 986 5252 viperarum,
1026 5199 1245 5252 porcos,
1290 5199 1475 5249 canes,
1517 5186 1707 5256 vulpes
1743 5185 2024 5256 Scriptura

467 5273 606 5327 solet
640 5272 930 5342 appellare.
975 5272 1077 5338 Qui
1103 5289 1229 5328 vero
1258 5290 1323 5327 ex
1350 5273 1452 5328 hac
1484 5275 1682 5329 misera
1712 5275 2024 5331 conditione

467 5365 525 5418 in
559 5364 835 5420 meliorem
885 5379 943 5419 se
986 5365 1196 5434 frugem
1254 5365 1543 5433 recipiunt,
1592 5374 1707 5420 tum
1752 5368 1909 5437 quasi
1954 5367 2019 5422 ad

468 5456 772 5526 ingressum
809 5471 873 5510 ac
908 5457 1236 5511 vestibulum
1282 5456 1476 5512 divinat
1519 5458 1847 5527 cognitionis
1895 5474 2020 5528 pro-

467 5552 669 5620 gressi,
701 5567 830 5608 oves
853 5551 945 5607 Dei
985 5552 1108 5622 jure
1143 5561 1527 5621 nuncupentur
1554 5571 1568 5608 :
1602 5553 1667 5606 ad
1697 5552 2016 5623 perfectiora

547 5712 615 5780 (ἲ)
649 5710 706 5766 ιιι
739 5712 1003 5769 Hebraico
1030 5712 1246 5783 legitur,
1281 5696 1432 5773 73-,N‘7
1479 5720 1635 5771 ειη-ειυς,

2132 4729 2353 4802 Κύριον,
2369 4732 2482 4785 ἀλλ’
2497 4733 2557 4786 οὐ
2575 4735 2807 4805 ποιμένα
2834 4737 3263 4809 ἐπιγραφόμενος
3282 4757 3295 4769 ·
3319 4741 3346 4794 ό
3365 4740 3419 4794 δὲ
3447 4741 3697 4796 ἐκπεσὼν

2130 4822 2351 4894 ταύτης,
2374 4824 2430 4890 ἐξ
2459 4825 2910 4898 αὐτοπροαιρέτου
2929 4827 2983 4882 δὲ
3007 4829 3333 4902 διαστροφῆς
3357 4833 3447 4885 επὶ
3473 4833 3570 4904 τὴν
3599 4832 3697 4904 θη-

2134 4913 2294 4987 ριώδη
2315 4917 2729 4989 μεταϐεϐληκὼς
2751 4918 2883 4986 ἕξιν,
2909 4921 3070 4986 ἵππος
3092 4921 3403 4996 θηλυμανὴς
3425 4927 3698 4997 χρηματί-

2129 5023 2209 5060 σοι
2229 5009 2314 5073 ἂν,
2337 5011 2429 5064 καὶ
2450 5009 2608 5074 λύκος
2625 5012 2974 5081 ἀρπακτικός.
2999 5017 3186 5086 Ὅφεις
3211 5017 3287 5083 δὲ,
3306 5020 3399 5074 καὶ
3417 5021 3577 5091 γεννή
3585 5038 3696 5090 μα-

2124 5115 2194 5151 τα
2217 5101 2558 5170 ἐχιδνῶν,καὶ
2578 5104 2810 5176 χοίρους,
2827 5108 2920 5160 καὶ
2941 5108 3124 5175 κύνας,
3141 5111 3233 5164 καὶ
3255 5110 3541 5176 ἀλώπεκας
3564 5114 3696 5178 τοὺς

2124 5188 2396 5254 τοιούτους
2413 5191 2600 5247 εἴωθεν
2619 5194 2902 5267 ὀνομάζειν
2926 5200 2958 5270 ἡ
2981 5201 3187 5274 Γραφή.
3207 5205 3269 5257 0i
3289 5203 3344 5256 δὲ
3369 5203 3434 5257 ὲκ
3453 5204 3552 5274 τῆς
3575 5221 3692 5256 τοι-

2127 5280 2296 5351 αύτης
2317 5283 2714 5352 καταπτώσεως
2734 5291 3152 5360 μεταϐάλλοντες
3171 5296 3262 5348 ἐπὶ
3282 5295 3383 5366 τὴν
3405 5297 3693 5367 κρείττονα

2128 5373 2474 5442 κατάστασιν,
2493 5379 2629 5444 τέως
2663 5383 2760 5454 μὲν
2792 5383 2978 5457 ὥσπερ
3001 5388 3057 5439 ἐν
3085 5389 3409 5457 εἰσαγωγαῖς
3429 5388 3525 5443 καὶ
3551 5406 3690 5460 προ-

2129 5465 2310 5536 θύροις
2339 5470 2646 5542 γιγνόμενοι
2679 5475 2776 5546 τῆς
2809 5477 2948 5532 κατά
2973 5478 3104 5532 Θεὸν
3126 5478 3398 5547 γνώσεως,
3439 5479 3690 5551 πρόϐατα

2125 5556 2189 5611 ἂν
2240 5559 2461 5627 εἰκότως
2492 5563 2736 5635 κληθεῖεν
2766 5567 2932 5622 Θεοῦ·
2972 5569 3338 5642 προκόψαντες
3381 5571 3437 5625 δὲ
3485 5573 3579 5626 ἐπὶ
3622 5571 3688 5626 τὸ
