3992 6216
253 258 360 315 217

1416 252 1915 312 ΟΟΙΙΜΕΝΤΔΒΙΑ
1954 254 2022 310 ΙΝ
2060 254 2406 317 PSALMOS.

3390 264 3496 321 218

254 379 606 454 τελειότερον,
648 378 924 453 ἄνθρωποι
970 376 1415 453 χρηματίζουσιν.
1458 376 1586 439 Ὅτε
1615 394 1679 448 γε
1723 376 1830 449 μὴν

1935 388 2109 435 autem
2171 379 2459 451 provecti,
2521 378 2771 439 homines
2808 390 3117 440 vocantur.
3190 384 3273 440 Illi
3331 399 3498 455 porro

257 471 504 545 πρόϐατα
531 472 911 543 τυγχάνουσιν,
932 471 1040 525 ὑπὸ
1076 470 1291 541 ποιμένι
1319 468 1397 541 τῷ
1435 468 1524 523 διὰ
1572 469 1827 542 Ἰεζεκιὴλ

256 561 550 636 δηλωθέντι
592 561 775 629 Δαυῖδ,
823 562 1068 616 τουτέστι
1095 561 1173 633 τῷ
1221 564 1286 615 ὲκ
1326 561 1639 634 σπέρματος
1667 562 1829 617 Δαυῒδ

258 656 472 729 Σωτῆρι
508 654 667 728 ήμῶν
710 655 803 709 καὶ
833 654 1084 727 Χριστῷ,
1142 654 1438 726 ἀγόμενοι,
1487 654 1829 709 διδάσκονται

259 748 439 820 λέγειν
462 766 475 781 ³
501 750 713 818 Κύριος
750 749 1041 818 ποιμαίνει
1074 764 1172 818 με,
1197 747 1298 802 καί
1329 746 1509 802 οὐδέν
1545 764 1618 818 με
1656 749 1830 802 ὑστε-

251 841 456 912 ρήσει.
475 843 536 895 Ul
563 840 619 895 δὲ
647 841 798 896 αὐτοὶ
824 841 923 913 τῆς
949 842 1140 912 νοερᾶς
1168 841 1263 894 καὶ
1289 841 1480 912 καινῆς
1503 840 1709 914 τροφῆς
1738 842 1832 895 καὶ

262 932 400 996 πόας
440 930 951 1003 ἀντιλαμϐανόμενοι
983 930 1083 1002 τῆς
1125 933 1183 986 ὲν
1222 934 1336 996 τοῖς
1381 932 1545 1004 ἱεροῖς
1589 932 1834 1003 Εὑαγγε-

262 1023 398 1089 λίοις
428 1023 669 1096 ἐροῦσιν·
698 1022 804 1090 Εὶς
839 1025 1027 1080 τόπον
1046 1025 1238 1094 χλόης
1266 1024 1395 1079 ἐκεῖ
1421 1040 1501 1094 με
1542 1024 1835 1093 κατεσκή-

263 1135 475 1175 νωσεν.
492 1118 666 1173 Πίνων
684 1117 735 1171 δὲ
760 1116 854 1172 τοῦ
881 1117 1068 1182 ὕδατος
1092 1120 1120 1172 ὁ
1143 1118 1493 1190 εἰσαγόμενος
1514 1120 1571 1172 ὲν
1591 1119 1830 1191 Χριστῷ,

264 1209 416 1265 οὔπω
434 1210 490 1264 δὲ
519 1210 612 1265 τοῦ
637 1210 779 1265 οίνου
805 1208 898 1263 τοῦ
935 1211 1036 1281 τῆς
1061 1210 1315 1282 ἀληθινῆς
1352 1210 1594 1282 ἀμπέλου
1637 1206 1746 1277 οἷός
1773 1230 1833 1266 τε

264 1302 339 1357 ὢν
365 1302 820 1374 μεταλαμϐάνειν,
849 1301 937 1357 διὰ
968 1302 1030 1356 τὸ
1066 1300 1147 1356 ἔτι
1188 1302 1461 1373 πρόϐατον
1495 1297 1652 1370 εἶναι,
1695 1302 1834 1368 τέως

261 1396 318 1449 δὲ
350 1394 427 1466 τῷ
449 1395 701 1467 σωτηρίῳ
747 1394 1079 1469 τρεφόμενος
1134 1393 1306 1460 ὕδατι,
1351 1396 1478 1467 περὶ
1524 1388 1585 1448 οὗ
1636 1394 1764 1449 ἐϐόα
1806 1397 1836 1448 ὁ

261 1487 452 1559 Σωτὴρ
476 1486 681 1557 λέγων’
724 1487 799 1542 ΕΖ
826 1505 916 1555 τις
947 1484 1117 1556 διψᾷ,
1141 1484 1406 1556 ἐρχέσθω
1432 1488 1584 1556 πρός
1610 1503 1687 1557 με
1734 1486 1834 1541 καί

261 1577 506 1633 πινέτωο
535 1581 631 1635 καὶ
671 1579 831 1634 πάλιν
849 1597 863 1610 ·
900 1579 965 1633 '0
994 1578 1186 1633 πίνων
1237 1578 1306 1632 ἐκ
1353 1577 1459 1633 τοῦ
1497 1577 1716 1645 ὕδατος
1761 1573 1833 1633 οὗ

260 1669 377 1741 ἐγὼ
413 1671 584 1726 δώσω
615 1671 794 1739 αὐτῷ,
832 1670 1084 1741 ποταμοὶ
1116 1670 1186 1723 ἐκ
1235 1669 1344 1738 τῆς
1376 1670 1607 1738 κοιλίας
1651 1668 1836 1727 αὑτοῦ

1928 472 2146 542 quando
2173 487 2305 529 oves
2332 480 2494 540 sunt,
2539 488 2570 528 a
2600 482 2820 545 pastore
2864 492 3025 549 quem
3050 476 3302 535 Ezechiel
3335 477 3499 535 Davi-

1928 561 2014 618 dis
2065 562 2289 619 nomine
2343 561 2552 618 indicat
2584 567 2654 633 υ,
2686 566 2739 622 id
2783 574 2867 623 est
2919 568 3259 626 aSalvatore
3308 578 3499 626 nostra

1929 652 2150 710 Christo
2175 654 2348 719 ducti,
2379 656 2448 711 ad
2476 657 2593 712 haec
2617 657 2847 714 dicenda
2886 659 3275 727 instituuntur,
3312 660 3500 718 Domi-

1929 762 2027 801 nus
2052 748 2221 816 pascit
2257 764 2358 815 me,
2382 757 2433 803 et
2460 749 2594 804 nihil
2616 751 2745 804 mihi
2764 751 2951 808 deerit.
3001 752 3084 809 llli
3118 769 3248 811 vero
3275 755 3380 826 ipsi
3414 754 3501 810 in-

1930 837 2194 908 telligibili
2225 852 2289 893 ac
2314 854 2458 895 novo
2491 839 2747 896 alimento
2778 850 2941 913 atque
2967 842 3187 914 pascuis
3215 860 3498 901 sacrorum

1931 930 2348 1004 Evangeliorum
2404 935 2663 999 enutriti,
2710 934 2915 1002 dicent,
2952 937 3007 992 in
3043 937 3157 992 loco
3185 955 3399 1008 pascua
3425 939 3500 997 ibi

1932 1040 2013 1078 me
2045 1023 2341 1079 collocavit.
2376 1023 2482 1092 Qui
2521 1033 2700 1081 autem
2740 1026 2795 1081 in
2826 1026 3049 1084 Christo
3078 1029 3345 1095 initiatur,
3377 1033 3501 1104 qui-

1932 1130 2040 1186 que
2072 1129 2267 1186 aquam
2295 1123 2469 1186 potat,
2497 1117 2640 1188 quod
2669 1118 2913 1174 nondum
2946 1120 3120 1177 valeat
3147 1123 3330 1177 vinum
3361 1139 3502 1180 verat

1932 1208 2061 1263 vitis
2100 1208 2309 1275 bibere,
2345 1209 2475 1280 quia
2511 1209 2689 1265 adhuc
2742 1210 2799 1265 in
2844 1211 3026 1266 ovium
3080 1228 3315 1270 numero
3351 1228 3504 1270 com-

1933 1303 2180 1372 putatur,
2226 1299 2322 1355 sed
2368 1307 2555 1357 tamen
2598 1302 2829 1358 salutari
2877 1303 2971 1357 illa
3007 1318 3151 1375 aqua
3195 1311 3500 1372 recreatur,

1934 1392 2001 1447 de
2027 1407 2133 1463 qua
2160 1389 2411 1447 Salvator
2454 1393 2572 1449 hmo
2602 1395 2836 1450 clamat:
2871 1394 2933 1451 Si
2976 1397 3095 1467 quis
3142 1397 3294 1463 sitit,
3332 1401 3503 1455 veniat

1935 1483 2005 1539 ad
2034 1501 2114 1539 me
2144 1494 2193 1539 et
2227 1484 2371 1539 bibat
2423 1487 2505 1549 ";
2544 1497 2600 1543 et
2632 1488 2826 1543 iterum
2864 1506 2878 1542 :
2926 1487 3037 1554 Qui
3078 1488 3263 1544 biberit
3310 1508 3502 1563 aquam

1933 1593 2090 1649 quam
2138 1594 2230 1648 ego
2279 1578 2430 1640 dabo,
2468 1580 2538 1645 ci,
2592 1580 2818 1648 [lumina
2864 1580 2930 1636 de
2976 1593 3150 1638 uentre
3195 1584 3310 1653 ejus
3338 1584 3505 1655 ﬂuent

1937 1688 2088 1745 aqua:
2117 1673 2303 1727 vium"
2328 1691 2342 1741 ;
2369 1688 2432 1728 ac
2464 1689 2718 1731 rursum:
2752 1676 2856 1743 Qui
2887 1676 3074 1733 biberit
3095 1694 3160 1734 ex
3181 1695 3319 1752 aqua
3344 1696 3505 1751 φιαηι

254 1760 596 1828 Ιῥεύσουσιν
616 1760 834 1828 ὕδατος
859 1759 1071 1826 ζῶντος
1087 1776 1102 1789 ·
1132 1759 1226 1813 καὶ⁸
1247 1755 1427 1825 αὖθις·
1463 1761 1525 1815 '0
1550 1760 1742 1815 πίνων
1766 1759 1834 1813 ἐκ

1936 1779 2029 1834 ego
2058 1762 2194 1818 dabo
2230 1765 2300 1830 ei,
2329 1781 2434 1820 non
2472 1766 2613 1821 sitiet
2633 1767 2699 1821 .in
2731 1776 2987 1823 tcteruum
3013 1769 3093 1839 ³⁸;
3126 1771 3175 1826 is
3200 1771 3324 1841 jure
3351 1772 3507 1828 dixe-

266 1851 375 1907 τοῦ
425 1854 644 1922 ὕδατος
668 1851 739 1912 οὗ
783 1855 898 1927 ἐγὼ
937 1853 1108 1909 δώσω
1137 1853 1297 1921 αὐτῷ
1313 1895 1328 1921 ,
1363 1857 1435 1910 οὐ
1474 1854 1562 1925 μὴ
1596 1854 1831 1926 διψήσῃ

264 1948 358 2014 εις
393 1946 504 2001 τὸν
542 1946 725 2003 αίῶνα
741 1966 755 1979 ·
804 1949 945 2003 εῐποι
982 1947 1047 2003 ἄν
1066 1966 1080 1979 ο
1143 1948 1266 2002 Ἐπὶ
1314 1946 1530 2014 ὕδατος
1566 1948 1834 2003 ἀναπαύ-

264 2052 423 2106 σεως
447 2037 731 2110 ἐξέθρεψέ
755 2057 852 2111 με.
877 2041 1035 2095 Ἀλλὰ
1053 2042 1148 2096 καὶ
1173 2042 1283 2095 πᾶν
1312 2039 1475 2111 ἀχθος
1503 2038 1834 2111 ἀποθέμενος

265 2131 375 2188 τῶν
391 2132 631 2188 παλαιῶν
650 2134 1059 2207 ἁμαρτημάτων
1076 2135 1165 2189 διὰ
1175 2133 1400 2206 λουτροῦ
1418 2133 1835 2203 παλιγγενεσίας

265 2224 360 2279 καὶ
390 2224 804 2292 ἀνακαινώσεως
849 2227 1162 2300 Πνεύματος
1188 2227 1367 2297 άγίου,
1402 2228 1543 2281 εῐποι
1581 2226 1666 2280 ἀν’
1710 2224 1836 2279 Ἐπὶ

263 2317 481 2385 ὕδατος
531 2320 927 2389 ἀναπαύσεως
970 2320 1255 2391 ἐξέθρεψέ
1296 2337 1394 2392 με.
1457 2318 1836 2385 Ἀναπαύσεως

262 2410 372 2483 γὰρ
393 2411 469 2475 ὡς
494 2412 707 2485 ἀληθῶς
735 2415 911 2469 ἐκεῖνο
944 2415 1006 2469 τὸ
1030 2414 1193 2487 ὕδωρ,
1217 2414 1284 2469 δι’
1326 2407 1388 2469 οὗ
1419 2414 1495 2493 ,τὸ
1548 2413 1686 2487 βαρὺ
1741 2414 1835 2468 καὶ

263 2504 556 2575 ἐπίμοχθον
602 2507 820 2581 φορτίον
871 2506 979 2562 τῶν
1018 2507 1301 2581 ἁμαρτιῶν
1356 2508 1420 2561 τὸ
1480 2505 1699 2573 πιεζοῢν
1734 2508 1836 2580 τὴν

262 2597 440 2669 ψυχὴν
464 2600 774 2673 ἀπορρίψας
804 2618 911 2667 τις,
942 2601 1036 2656 καὶ
1081 2602 1257 2656 πάντα
1301 2600 1472 2673 ῥύπον
1503 2600 1596 2656 καὶ
1650 2599 1835 2655 σπίλον

263 2690 358 2745 καὶ
383 2691 571 2764 κηλίδα
593 2694 959 2766 σμηξάμενος,
996 2693 1210 2765 δεσμῶν
1235 2710 1297 2748 τε
1328 2692 1540 2757 ἀνεθεὶς
1574 2691 1838 2747 πολυπλό-

263 2803 410 2854 κων,
466 2790 870 2863 συνῃσθημένος
914 2790 1119 2845 τούτων
1188 2789 1444 2845 ἁπάντων
1501 2789 1646 2861 ὲρεϊ·
1700 2785 1837 2862 ⁸Ἐπί

267 2876 485 2945 ὕδατος
513 2880 908 2947 ἀναπαύσεως
934 2879 1216 2951 ἐξέθρεψέ
1243 2899 1341 2951 με.
1378 2877 1492 2935 Εἶθ’
1526 2879 1713 2951 ὥσπερ
1747 2879 1838 2933 ὲκ-

267 2963 471 3020 λείπων
495 2969 662 3024 πάλαι
685 2971 783 3043 τὴν
804 2970 1004 3042 ψυχὴν,
1040 2972 1229 3026 ἔπειτα
1248 2971 1336 3027 διὰ
1359 2972 1457 3044 τῆς
1482 2969 1838 3041 ἀποδοθείσης

268 3059 432 3130 χλόης
453 3061 548 3114 καὶ¹
572 3061 666 3114 τοῦ
698 3062 960 3134 σωτηρίου
989 3061 1178 3128 ὓδατος
1201 3063 1480 3118 ἀναλαϐὼν
1506 3062 1717 3127 ἑαυτὸν,
1745 3059 1838 3116 καὶ

1935 1854 2029 1922 rit,
2072 1871 2228 1926 super
2267 1871 2459 1927 aquam
2497 1856 2694 1927 requiei
2743 1856 2982 1912 educavit
3037 1875 3139 1914 me.
3190 1858 3296 1915 Sed
3341 1860 3503 1917 etiam

1936 1948 2115 2018 posita
2143 1963 2242 2019 per
2269 1949 2548 2004 lavacrum
2583 1950 3018 2020 regenerationis
3050 1959 3106 2007 et
3132 1953 3510 2010 renovationis

1940 2036 2179 2110 Spiritus
2226 2040 2402 2096 sancti
2446 2046 2688 2096 veterum
2728 2048 3078 2112 peccatorum
3129 2044 3367 2113 sarcina,
3411 2059 3506 2115 ap-

1937 2130 2116 2201 posite
2170 2128 2342 2197 dicat,
2400 2144 2555 2199 super
2609 2146 2803 2202 aquam
2862 2131 3060 2203 requiei
3108 2131 3350 2188 educavit
3403 2151 3505 2190 me.

1938 2221 2164 2293 Requiei
2221 2221 2421 2277 etenim
2477 2237 2604 2278 vere
2654 2230 2741 2280 cst
2798 2237 2939 2294 aqua
2999 2222 3349 2294 bujusmodi,
3401 2242 3510 2297 qua

1938 2315 2085 2388 quis,
2109 2314 2321 2385 abjecto
2346 2322 2692 2386 peccatorum
2720 2318 2872 2387 gravi
2899 2331 3243 2387 onerosoque
3272 2318 3516 2389 pondere

1923 2408 2175 2467 animam
2197 2409 2557 2477 opprimente,
2582 2408 2729 2463 omni
2765 2410 2976 2464 macula
3009 2417 3063 2466 et
3092 2410 3213 2466 labe
3238 2410 3509 2477 abstersa,

1940 2500 2243 2572 solutisque
2264 2500 2497 2557 vinculis
2540 2500 2651 2557 illis
2681 2503 3040 2573 complicatis,
3074 2504 3259 2558 laetitia
3282 2503 3511 2575 'tuijusce

1942 2609 2124 2651 rerum
2154 2607 2445 2649 successus
2475 2591 2705 2648 allectus
2736 2593 2899 2659 dicet,
2918 2609 3073 2663 super
3095 2610 3288 2665 aquam
3317 2594 3512 2664 requiei

1940 2686 2178 2742 educavit
2226 2701 2326 2740 me.
2379 2682 2588 2740 Deinde
2633 2700 2783 2749 vero,
2834 2693 3022 2756 utpote
3067 2686 3162 2755 qui
3212 2700 3337 2740 cum
3380 2686 3508 2741 olim

1943 2781 2125 2836 animo
2167 2778 2456 2843 deﬁceret,
2501 2793 2600 2848 per
2651 2778 2881 2848 gratiam
2935 2778 3040 2834 sibi
3088 2777 3271 2832 datam
3309 2792 3375 2834 ac
3415 2793 3512 2849 per

1942 2874 2237 2931 salutarem
2283 2885 2481 2942 aquam
2526 2869 2580 2924 in
2621 2870 2902 2925 meliorem
2948 2885 3071 2927 sese
3113 2877 3317 2926 statum
3359 2883 3513 2925 rece-

1942 2966 2101 3035 perit,
2136 2961 2291 3033 quasi
2343 2976 2374 3015 a
2404 2967 2578 3015 morte
2620 2969 2907 3017 revocatus
2954 2961 3025 3016 sit
3061 2959 3237 3026 dicet,
3277 2959 3511 3013 animum

1942 3072 2114 3111 meam
2155 3055 2425 3109 convertit.
2473 3052 2597 3107 Haec
2643 3054 2830 3108 omnia
2872 3056 3124 3111 evenient
3161 3054 3368 3109 homini
3415 3052 3511 3124 qui

266 3148 456 3225 ὥσπερ
490 3152 554 3206 ὲκ
582 3151 810 3207 θανάτου
834 3153 1298 3227 παλινδρομήσας,
1340 3155 1535 3228 φήσει·
1573 3153 1694 3222 Τὴν
1727 3155 1834 3221 ψυ-

1945 3163 2041 3218 per
2073 3154 2432 3201 memoratum
2464 3145 2724 3202 Davidem
2757 3162 2787 3200 a
2811 3145 3043 3202 Domino
3070 3147 3334 3218 pascitur.

264 3240 390 3313 χήν
418 3260 538 3314 μου
576 3242 930 3314 ἐπέστρεψε.
970 3245 1156 3300 Ταῦτα
1194 3245 1373 3300 πάντα
1404 3245 1635 3319 ὑπάρξει
1672 3242 1751 3316 τῷ
1808 3240 1899 3297 διὰ
1933 3240 2026 3295 τοῦ
2063 3238 2392 3312 δηλωθέντος
2444 3239 2606 3294 Δαυῒδ
2642 3240 2747 3294 ὑπὸ
2796 3240 2891 3295 τοῦ
2959 3241 3167 3312 Κυρίου
3225 3257 3510 3313 ποιμαινομ-

270 3333 435 3406 μένῳ.

344 3423 636 3495 Ὠδήτησέ
673 3444 751 3497 με
792 3427 891 3481 ἐπὶ
929 3430 1166 3497 τρίϐους
1212 3428 1601 3498 δικαιοσύνης
1635 3428 1842 3484 ἕνεκεν

268 3518 372 3573 τοῦ
410 3520 699 3590 ὀνόματος
720 3521 927 3577 αὐτοῦ.
955 3521 1162 3586 Ταῦτα,
1194 3523 1357 3595 φησὶ,
1392 3523 1640 3596 πράττει,
1668 3523 1744 3587 ὡς
1775 3521 1841 3579 ἂν

268 3612 344 3686 μὴ
379 3612 763 3687 βλασφημῆται
800 3614 965 3669 αὐτοῦ
1005 3615 1066 3669 τὸ
1107 3615 1296 3687 ὄνομα,
1346 3615 1455 3671 τῶν
1500 3615 1663 3670 αὐτοῦ
1710 3634 1843 3689 προ-

264 3703 444 3760 ϐάτων
474 3706 879 3779 ἀπολλυμένων,
913 3707 946 3779 ἢ
995 3706 1181 3771 κακῶς
1212 3706 1513 3779 ἀγομένων.
1566 3708 1703 3763 Ἐὰν
1729 3709 1841 3779 γὰρ

262 3797 366 3853 καί
393 3798 658 3868 πορευθῶ
687 3801 756 3855 ἐν
799 3797 967 3870 μέσῳ
994 3799 1174 3867 σκιᾶς
1208 3799 1488 3863 θανάτου,
1535 3803 1609 3855 οὐ
1658 3801 1839 3870 φοϐη-

262 3890 522 3961 θήσομαι
544 3889 719 3958 κακὰ,
741 3890 831 3947 ὄτι
863 3891 944 3947 σὺ
978 3892 1107 3962 μετ’
1135 3891 1279 3962 ἐμοῦ
1300 3887 1371 3946 εἴ.
1402 3891 1636 3964 Μακρὰν
1663 3892 1771 3966 γὰρ
1803 3896 1837 3965 ἡ

265 3983 512 4055 ἁμαρτία
551 3982 752 4048 παντὺς
778 3983 1028 4049 συνόντος
1066 3983 1205 4055 Θεῷ.
1259 3983 1426 4040 Σκιάν
1479 3984 1709 4040 θανάτου
1746 3985 1839 4040 τὸν

263 4073 444 4129 κοινόν
470 4090 601 4145 φησι
653 4074 901 4140 θάνατον,
949 4076 1044 4129 καὶ
1099 4076 1198 4149 τὴν
1250 4077 1348 4150 τῆς
1371 4075 1551 4148 ψυχῆς
1598 4077 1707 4131 ἀπὸ
1741 4077 1835 4132 τοῦ

263 4166 517 4237 σώματος
538 4165 712 4231 λύσιν,
747 4167 883 4239 πρὸς
910 4167 1313 4241 ἀντιδιαστολὴν
1347 4168 1443 4224 τοῦ
1483 4168 1710 4224 θανάτου
1735 4169 1837 4242 τῆς

256 4258 460 4331 ψυχῆς,
487 4260 609 4315 καθ’
640 4259 670 4313 ὃ
708 4259 950 4332 εἴρηται·
983 4260 1159 4331 Ψυχὴ
1205 4262 1650 4333 ἁμαρτάνουσα,
1685 4263 1835 4332 αὕτη

257 4352 642 4410 ἀποθανεῖται
662 4370 675 4384 ·
710 4354 825 4418 καὶ,
855 4353 1059 4407 Ἔστιν
1100 4354 1353 4425 ἁμαρτία
1380 4355 1530 4425 πρὸς
1559 4354 1835 4412 θάνατον.

260 4446 381 4502 Οὐκ
400 4444 511 4500 ἐστι
538 4447 648 4519 γάρ
682 4444 810 4501 σκιά
843 4444 1072 4500 θανάτου
1091 4462 1106 4476 '
1136 4446 1250 4501 ἀλλ’
1273 4447 1524 4519 ἀληθινὸς
1549 4446 1776 4513 θάνατος
1799 4451 1832 4521 ἡ

260 4537 367 4609 τῆς
388 4536 564 4609 ψυχῆς
582 4537 825 4594 ἀπώλεια
846 4538 1126 4610 τυγχάνει.
1145 4540 1294 4594 Ἐπεὶ
1315 4535 1407 4594 οὖν
1431 4540 1833 4614 μεμαθήκασιν,

260 4628 343 4694 ὡς
385 4630 493 4701 ἄρα
521 4633 549 4684 ὁ
580 4632 846 4687 πιστεύων
894 4632 973 4696 είς
1016 4632 1110 4687 τὸν
1153 4632 1278 4686 Υίὸν
1318 4632 1414 4687 τοῦ
1463 4632 1598 4688 Θεοῦ
1649 4634 1710 4688 οὐ
1757 4633 1831 4706 μὴ

2013 3418 2180 3475 Vens.
2220 3420 2276 3485 5,
2318 3420 2372 3474 4.
2421 3418 2651 3472 Deduxit
2692 3434 2775 3472 me
2825 3433 2980 3487 super
3029 3420 3245 3474 semitas
3277 3420 3512 3490 justitia:

1939 3524 2150 3583 propter
2197 3528 2383 3567 nomen
2420 3527 2597 3566 suum.
2644 3508 2793 3573 Haec,
2838 3510 3035 3580 inquit,
3095 3510 3218 3567 ideo
3264 3514 3398 3584 agit,
3449 3524 3511 3569 ut

1939 3621 2028 3670 ne,
2065 3604 2287 3660 amissis
2320 3618 2385 3659 ac
2414 3602 2663 3673 perditis,
2693 3609 2788 3656 aut
2818 3603 2964 3658 male
2992 3603 3244 3659 deductis
3289 3606 3509 3673 ovibus,

1938 3713 2136 3754 nomen
2181 3714 2340 3752 suum
2371 3695 2798 3766 blasphemetur.
2847 3692 2988 3749 Nam
3023 3705 3073 3749 et
3099 3697 3147 3751 si
3175 3696 3512 3753 ambulavera

1938 3792 1994 3847 in
2023 3791 2194 3847 medio
2225 3790 2426 3845 umbra:
2454 3789 2665 3851 mortis,
2704 3804 2809 3843 nou
2849 3788 3038 3843 timebo
3069 3789 3234 3855 mala,
3262 3791 3509 3861 quoniam

1901 3902 1903 3905 ·
1939 3891 1996 3938 tu
2031 3900 2228 3939 mecum
2254 3900 2330 3938 es.
2364 3880 2563 3936 Procul
2587 3880 2735 3935 enim
2773 3887 3056 3951 peccatum
3102 3888 3187 3937 est
3215 3881 3285 3935 ab
3322 3896 3388 3937 eo
3416 3882 3511 3953 qui

1936 3972 2032 4029 Dei
2080 3974 2359 4030 consortio
2388 3973 2603 4027 fruitur.
2649 3970 2911 4027 Umbram
2942 3971 3139 4029 mortis
3170 3979 3331 4028 vocat
3362 3989 3513 4028 inor-

1936 4072 2044 4124 tem
2086 4066 2230 4121 illam
2272 4077 2639 4127 communem,
2674 4068 2838 4131 atque
2873 4063 3278 4134 separationem
3317 4063 3513 4120 animm

1935 4174 1967 4214 a
1994 4174 2255 4230 corpore,
2304 4158 2373 4213 ad
2398 4155 2759 4212 dill‘erentiam
2798 4157 2993 4212 mortis
3036 4158 3252 4223 animae,
3301 4156 3371 4213 de
3402 4172 3508 4229 qua

1935 4253 2137 4310 dicitur
2172 4270 2186 4306 :
2218 4253 2414 4307 Anima
2459 4266 2577 4323 qua’
2629 4249 2950 4319 peccaverit,
3003 4250 3120 4316 ipsa
3150 4250 3404 4304 morietur
3430 4251 3509 4317 ¹⁵;

1933 4354 1988 4404 et
2027 4361 2041 4407 ;
2081 4345 2177 4401 Est
2222 4352 2495 4415 peccatum
2544 4340 2613 4395 ad
2667 4352 2887 4393 mortem
2932 4339 2998 4393 '°.
3068 4338 3347 4410 Siquidem
3399 4354 3510 4394 non

1936 4447 2126 4503 umbra
2173 4440 2407 4502 mortis,
2459 4437 2554 4493 sed
2608 4452 2738 4493 vera
2791 4447 2939 4488 mors
2998 4437 3117 4493 est,
3164 4428 3255 4482 illa
3316 4429 3511 4486 animm

1932 4533 2221 4609 pernicies.
2264 4526 2715 4597 Quandoquidem
2772 4523 2940 4595 igitur
2992 4517 3333 4586 didicerunt,
3386 4534 3498 4575 cre-

1934 4628 2148 4683 dentem
2204 4623 2262 4677 in
2306 4619 2505 4675 Filium
2564 4618 2658 4672 Dei
2705 4632 2817 4671 non
2872 4612 3200 4668 moriturum
3265 4626 3390 4668 esse
3452 4611 3508 4668 in

258 4720 507 4794 ἀποθάνῃ
539 4724 617 4788 είς
645 4723 736 4778 τὸν
770 4726 959 4792 αἰῶνα,
991 4724 1332 4798 μεταϐέϐηκε
1375 4725 1433 4778 δὲ
1464 4726 1573 4779 ἀπὸ
1616 4725 1712 4780 τοῦ
1740 4701 1834 4779 θαξ

1937 4725 2223 4783 aeternum,
2260 4713 2356 4771 sed
2389 4711 2714 4767 translatum
2750 4722 2874 4764 esse
2903 4705 2971 4762 de
3004 4709 3178 4759 morte
3211 4701 3279 4757 ad
3304 4703 3467 4768 vitam
3490 4745 3509 4771 ,

260 4816 427 4871 νάτου
460 4817 540 4880 εἰς
570 4816 665 4888 τὴν
696 4817 858 4891 ζωὴν,
891 4822 1095 4894 σφόδρα
1130 4819 1373 4892 ἀκριϐῶς
1401 4819 1462 4874 οὐ
1503 4819 1637 4888 φασὶ
1677 4817 1833 4873 θάνα-

255 4924 355 4964 τον
381 4907 590 4988 ἐπιέναι
631 4910 812 4976 αὐτοῖς
838 4913 1006 4988 ἀλλ’ἢ
1040 4917 1147 4988 ἄρα
1183 4915 1341 4969 σκιὰν
1366 4912 1597 4968 θανάτου
1617 4929 1631 4943 ο
1661 4911 1831 4985 ταύτῃ

256 4985 545 5073 δηλοΰντες
591 5001 718 5066 τοὺς
759 5003 899 5058 κατά
945 4985 1229 5077 ἄνθρωπον
1275 5004 1553 5069 κινδύνους
1600 5002 1694 5057 καὶ
1740 5001 1832 5054 τὸν

260 5095 569 5166 σωματικὸν
614 5093 841 5150 θάνατον
880 5097 1030 5151 οὐδὲν
1078 5096 1261 5169 ἕτερον
1310 5098 1439 5153 ὅντα
1469 5096 1504 5168 ἢ
1555 5091 1830 5168 χωρισμὸν

257 5186 438 5261 ψυχῆς
464 5188 572 5242 ἀπὸ
600 5187 866 5259 σώματος.

338 5279 405 5334 Ἠ
427 5278 649 5347 ῥάϐδος
681 5295 796 5334 σου
822 5282 919 5334 καί
961 5283 1000 5350 ὴ
1040 5281 1337 5351 βακτηρία
1374 5296 1511 5348 σου,
1541 5276 1721 5337 αὗταί
1755 5296 1831 5349 με

254 5369 705 5443 παρεκάλεσαν.
724 5370 907 5426 Ταῦτα
936 5367 1029 5426 οὖν
1050 5375 1354 5446 παρακαλεῖ
1384 5375 1473 5429 τὸν
1498 5373 1831 5445 τυπτόμενον

255 5467 353 5523 καὶ
392 5464 486 5518 τὸν
531 5462 909 5535 κολαζόμενον,
958 5465 1343 5537 πεπεισμένον,
1373 5466 1455 5518 ὃτι
1505 5466 1759 5538 μαστιγοῖ
1804 5465 1833 5517 ὁ

255 5559 389 5621 Θεὸς
415 5556 594 5611 πάντα
627 5556 742 5612 υίδν
766 5555 825 5612 ὃν
850 5556 1238 5631 παραδέχεται.

363 5701 406 5733 ’ί
450 5697 648 5772 Ezech.
684 5714 887 5768 xutv,
923 5700 1015 5757 23.
1093 5701 1137 5772 ξ’
1175 5697 1334 5756 Joan.
1373 5712 1447 5753 vn
1471 5737 1486 5766 ,
1520 5692 1611 5753 57.
1688 5697 1734 5732 ⁸⁸
1775 5695 1834 5753 ib

1947 5691 2037 5757 59.
2113 5688 2159 5723 “
2195 5686 2355 5743 Joan.
2400 5700 2486 5751 Iv,
2524 5682 2613 5736 l5.

259 5770 417 5827 Joan.
451 5787 482 5827 ν
501 5808 516 5837 ,
553 5769 642 5826 l7.

1926 4812 2217 4870 admodum
2269 4812 2635 4878 congruenter
2676 4818 2784 4858 non
2817 4808 3069 4866 mortem,
3126 4796 3221 4853 sed
3254 4797 3504 4853 umbram

1924 4906 2122 4962 mortis
2161 4901 2265 4960 sibi
2300 4900 2571 4956 accidisse
2617 4904 2956 4961 memorant;
3010 4907 3121 4966 quo
3154 4891 3508 4948 declarantur

1926 4996 2167 5070 pericula
2201 5009 2323 5067 qua:
2356 4991 2657 5048 secundum
2722 4987 2994 5042 hominem
3049 4983 3412 5055 contingunt,
3451 4984 3505 5032 et

1926 5088 2203 5144 indicatur
2257 5096 2579 5154 corpoream
2631 5085 2863 5134 mortem
2924 5077 3060 5132 nihil
3133 5075 3284 5132 aliud
3341 5084 3499 5132 esse.

1926 5194 2090 5251 quam
2134 5176 2534 5248 separationem
2589 5171 2784 5225 animae
2814 5184 2845 5223 a
2870 5184 3120 5240 corpore.

2008 5274 2170 5345 Virga
2206 5281 2297 5325 tua
2323 5279 2373 5324 et
2399 5267 2617 5322 baculus
2647 5275 2788 5330 tuus,
2815 5265 2931 5328 ipsa
2958 5280 3038 5317 me
3060 5262 3336 5318 consolata
3354 5263 3495 5313 sunt.

1930 5367 2056 5423 Haec
2100 5365 2267 5436 igitur
2294 5359 2653 5416 consolantur
2693 5372 2816 5413 eum
2850 5356 2943 5426 qui
2980 5355 3297 5411 verberibus
3327 5356 3380 5404 et
3406 5361 3491 5401 ca-

1931 5455 2315 5531 stigationibus
2347 5450 2601 5516 adicitur,
2640 5455 2827 5520 utpote
2856 5448 2952 5519 qui
2985 5459 3188 5517 gnarus
3228 5443 3296 5497 sit
3328 5438 3499 5494 Deum

1930 5550 2221 5606 verberare
2254 5543 2425 5598 lilium
2451 5556 2612 5612 quem
2644 5537 3004 5610 cooptaverit.

2730 5680 2775 5713 ³⁸
2817 5675 3013 5731 Ειοειι.
3054 5683 3229 5739 mu,
3266 5669 3319 5727 ὅ.
3397 5673 3443 5705 ³⁸
3478 5667 3508 5731 ι
