3980 6214
500 276 605 331 219

1161 272 1429 331 EUSEBll
1466 270 1938 330 CESARIENSIS
1972 269 2121 327 OPP.
2164 269 2341 327 PARS
2381 271 2469 327 Ill.
2507 302 2578 316 —
2605 272 3013 333 EXEGETICA.

3629 276 3743 333 29.0

571 391 739 449 Vsus.
770 394 823 450 5.
871 392 1097 449 Parasti
1140 394 1200 449 in
1238 403 1515 465 conspectu
1544 409 1657 447 meo
1680 408 1933 457 mensam.
1977 391 2061 446 ad-

2257 392 2604 463 Ἠτοίμασας
2639 394 2895 450 ἐνώπιόν
2915 414 3033 466 μου
3068 396 3357 464 τράπεζαν
3394 394 3747 463 ἐξεναντίας

502 500 683 541 ursus
732 502 820 541 eos
863 488 953 557 qui
1001 485 1258 541 tribulant
1299 502 1399 541 me.
1454 485 1812 556 Impinguasti
1862 485 1916 538 in
1957 484 2068 538 oleo

505 588 658 647 caput
690 594 860 633 meum
880 619 895 643 ,
926 587 976 633 et
1004 578 1147 632 ralia:
1199 588 1319 631 tuus
1355 576 1620 632 inebrians
1652 594 1809 647 quam
1846 577 2069 646 pracla-

503 686 597 726 rus
624 670 743 725 ess!
783 669 996 726 Norunt
1032 669 1177 725 enim
1218 669 1395 724 oleum
1438 669 1741 739 spirituale,
1766 684 1875 740 quo
1904 677 2069 740 caput

500 778 662 818 suum
714 764 1122 835 impinguatur,
1173 768 1335 833 atque
1386 762 1703 817 ebrietatem
1754 762 1902 816 illam
1948 777 2068 833 quae

499 852 724 908 roborat
769 868 879 908 non
925 852 1183 919 resolvit,
1214 866 1429 906 necnon
1467 850 1764 921 spiritalem
1798 850 1948 905 illum
1987 851 2068 906 ei-

499 943 628 999 bum
657 960 816 1016 quem
863 945 1085 1014 apponit
1107 944 1267 1000 nobis
1314 944 1406 999 ille
1436 942 1529 1014 qui
1563 943 1630 997 ad
1664 944 1903 1013 pastoris
1941 959 2064 998 mu—

497 1053 604 1094 nus
639 1038 825 1108 sponsi
863 1036 1232 1093 conditionem
1275 1035 1486 1107 adjicit.
1523 1035 1641 1100 llis,
1679 1036 1875 1106 inquit,
1912 1035 2064 1090 frua-

497 1145 623 1184 mur
656 1130 853 1195 bonis,
904 1138 957 1185 et
998 1128 1356 1201 gaudeamus,
1407 1128 1538 1183 dum
1591 1128 1806 1183 interim
1858 1128 2063 1183 inimici

494 1204 670 1269 nostri
696 1215 882 1271 dolent
923 1231 987 1271 ac
1013 1225 1381 1283 macerantur,
1408 1216 1535 1287 quia
1568 1217 1607 1271 ii
1638 1216 1731 1287 qui
1764 1218 1892 1272 olim
1923 1218 2062 1273 servi

494 1316 678 1373 erant,
710 1310 1070 1365 mutationem
1100 1316 1309 1363 tantam
1340 1310 1546 1381 experti
1580 1315 1730 1374 sunt,
1770 1309 2065 1378 impingun-

494 1403 568 1455 διε
605 1402 660 1455 in
688 1402 801 1456 oleo
839 1410 994 1471 caput
1021 1418 1217 1456 meum.

564 1490 732 1549 Vsus.
774 1492 829 1549 6.
892 1492 963 1547 Et
1020 1491 1385 1548 misericordia
1444 1501 1535 1545 tua
1597 1491 1937 1563 subsequatur
1983 1509 2064 1547 me

494 1583 734 1638 omnibus
767 1582 949 1639 diebus
978 1584 1098 1638 vita:
1128 1601 1288 1650 mete,
1333 1594 1381 1637 et
1408 1593 1465 1637 ut
1497 1583 1783 1638 inhabilem
1825 1585 1878 1637 in
1906 1582 2062 1638 domo

497 1674 745 1739 Domini,
787 1675 840 1728 in
882 1674 1262 1745 longitudinem
1305 1676 1530 1729 dierum.
1579 1673 2061 1733 Misericordiaet

2173 480 2290 535 τῶν
2317 485 2764 556 θλιϐόντωνομε.
2802 487 3129 555 Ἐλίπανας
3160 489 3230 542 ὲν
3266 488 3447 551 ἐλαίῳ
3488 486 3603 557 τὴν
3641 506 3744 543 κε-

2172 573 2379 642 φαλήν
2404 590 2546 643 μου,
2584 574 2683 628 καί
2729 575 2795 628 τὸ
2836 574 3123 645 ποτήριόν
3154 589 3270 630 σου
3312 575 3618 644 ,ιιεθύσκον
3659 575 3747 641 ὡς

2173 666 2536 736 κράτιστον]
2568 669 2743 722 Ἵσασι
2777 670 2885 739 γὰρ
2912 669 3004 723 καὶ
3038 669 3099 722 τὸ
3128 665 3488 739 πνευματικὸν
3541 666 3746 732 ἔλαιον,

2171 765 2199 818 ὃ
2225 766 2323 838 τὴν
2371 760 2611 833 κεφαλὴν
2662 760 3029 832 ὲπιάνθησαν,
3078 760 3171 815 καὶ
3201 761 3300 832 τὴν
3349 756 3742 830 κρατύνουσαν,

2171 860 2286 915 ἀλλ’
2318 858 2379 911 ού
2404 855 2723 911 διαλύουσαν
2753 854 2950 927 μέθην·
2983 854 3076 908 καὶ
3105 854 3205 925 τὴν
3229 853 3494 925 μυστικὴν
3510 852 3740 925 τροφὴν,

2170 951 2236 1022 ἢν
2256 948 2573 1021 προτίθησιν
2596 949 2725 1018 ἡμῖν
2758 948 2786 999 6
2814 946 2949 1019 πρὸς
2971 946 3033 999 τὸ
3064 946 3371 1017 ποιμαίνειν
3393 944 3487 998 καὶ
3508 944 3742 1016 νυμφίος

2169 1039 2699 1113 γενόμενος.Τούτοις
2712 1038 2979 1110 δὲ,φησὶν,
2998 1038 3349 1109 ὲντρυφῶμεν
3368 1040 3481 1101 τοῖς
3491 1037 3746 1109 ἀγαθοῖς,

2168 1129 2275 1183 τῶν
2299 1129 2579 1201 δυσμενῶν
2602 1130 2916 1201 ἀνιωμένων
2943 1129 3035 1183 καὶ
3056 1128 3399 1199 τρυχομένων
3414 1145 3427 1158 ·
3456 1131 3536 1183 ὃτι
3560 1129 3610 1182 οἱ
3629 1129 3745 1182 πά-

2168 1222 2275 1288 λαι,
2302 1223 2451 1295 φησί,
2473 1222 2810 1286 δουλεύοντες
2834 1222 3097 1294 τοσαύτης
3127 1221 3427 1293 μεταϐολῆς
3442 1225 3745 1294 τετυχήκα-

2172 1331 2275 1380 σιν,
2303 1316 2595 1383 ἐλίπανας
2613 1315 2683 1369 ὲν
2704 1316 2884 1379 ἐλαίῳ
2912 1314 3026 1383 τὴν
3058 1314 3332 1384 κεφαλήν
3348 1333 3485 1385 μου.

2235 1487 2345 1540 Καὶ
2373 1486 2437 1539 τὸ
2469 1487 2642 1552 ἔλεός
2668 1499 2784 1541 σου
2820 1484 3347 1559 καταδιώξεταί-με
3381 1486 3583 1554 πάσας
3627 1488 3740 1557 τὰς

2168 1578 2389 1647 ἡμέρας
2440 1578 2546 1647 τῆς
2596 1579 2744 1648 ζωῆς
2780 1597 2921 1648 μου,
2969 1581 3066 1633 καὶ
3112 1579 3177 1633 τὸ
3218 1579 3510 1634 κατοικεῖν
3541 1597 3619 1649 με
3666 1581 3740 1635 ἐν

2166 1670 2308 1735 οἴκῳ
2337 1671 2558 1747 Κυρίου
2590 1672 2677 1737 εὶς
2698 1672 3042 1740 μακρότητα
3068 1670 3319 1741 ἡμερῶν.
3354 1671 3634 1736 Πεποιθὼς
3658 1671 3739 1744 τῷ

495 1768 682 1839 gratiae
739 1766 981 1823 conlisus
1039 1775 1183 1831 tuae,
1240 1767 1366 1820 novi
1417 1781 1549 1821 sane
1600 1781 1706 1830 me,
1755 1765 2061 1821 institutum

2171 1762 2246 1834 σῷ
2278 1762 2436 1828 ὲλέει,
2478 1762 2571 1816 καὶ
2598 1765 2663 1833 τῇ
2693 1765 2758 1834 σῇ
2786 1763 2990 1836 χάριτι,
3023 1760 3116 1817 οἷδ’
3144 1765 3225 1817 ὅτι
3258 1764 3737 1837 οὐχ’ὲκπεσοῦμαι

492 1876 527 1914 a
561 1860 940 1916 misericordia
972 1867 1063 1914 tua
1106 1858 1361 1915 omnibus
1411 1858 1605 1914 diebus
1631 1859 1755 1913 vita:
1786 1875 1937 1923 meae,
1968 1874 2065 1929 spe

494 1952 587 2007 illa
628 1955 684 2008 in
727 1960 782 2007 te
812 1953 989 2023 posita
1039 1966 1319 2021 nunquam
1367 1951 1665 2021 lapsurum.
1714 1949 1839 2006 Haec
1884 1952 2067 2022 itaque

492 2044 902 2110 misericordia,
946 2044 1061 2099 haec
1096 2044 1271 2115 gratia
1306 2051 1400 2097 tua
1449 2042 1583 2097 mihi
1617 2043 1671 2098 id
1701 2043 1831 2099 boni
1871 2051 2067 2098 contu-

494 2136 636 2205 lere,
672 2145 733 2192 ut
765 2136 987 2192 domum
1029 2144 1084 2192 et
1112 2136 1413 2192 Ecclesiam
1454 2145 1603 2190 tuam
1643 2137 1699 2191 in
1729 2136 2064 2193 domicilium

494 2229 866 2300 possiderem;
907 2228 999 2284 ubi
1025 2237 1423 2294 commoratus,
1459 2236 1647 2299 utpote
1672 2229 1728 2284 in
1763 2229 1937 2285 sacris
1969 2227 2065 2284 Dei

492 2320 701 2376 aedibus
728 2327 784 2377 et
818 2322 875 2376 in
907 2328 1098 2376 sancto
1143 2321 1369 2393 templo,
1419 2321 1815 2392 longitudinem
1853 2319 2065 2376 dierum

494 2412 639 2484 apud
678 2422 734 2469 te
768 2421 822 2467 et
849 2416 1017 2468 vitam
1066 2420 1323 2469 aeternam
1380 2428 1706 2485 consequar.
1755 2411 1889 2467 Nam
1919 2411 2065 2483 quod

495 2506 716 2561 domum
764 2513 914 2561 tuam
964 2506 1224 2571 incolam,
1275 2520 1553 2576 nunquam
1598 2506 1725 2561 inde
1753 2505 2062 2576 egrediens,

495 2612 671 2668 neque
699 2597 981 2657 declinans
1014 2598 1297 2663 aliorsum,
1329 2597 1430 2652 hoc
1468 2597 1603 2652 mihi
1652 2598 1706 2653 in
1737 2613 1905 2655 causa
1948 2598 2066 2655 fore

493 2687 734 2742 arbitror
763 2696 821 2743 ut
851 2687 1246 2759 longitudinem
1287 2687 1522 2754 dierum,
1551 2689 1671 2760 ipso
1719 2690 1924 2746 lumine
1961 2700 2053 2745 tuo

492 2780 727 2846 lucente,
751 2781 1062 2836 nanciscar.
1096 2778 1203 2836 Pro
1238 2779 1331 2835 illo
1364 2788 1568 2844 autem,
1599 2782 1652 2834 in
1686 2780 2063 2851 longitudinem

488 2871 736 2937 dierum,
792 2871 1184 2944 Symmachus,
1238 2873 1293 2925 in
1340 2871 1742 2926 diuturnitatem
1792 2874 2061 2943 temporis,

492 2963 880 3035 interpretatus
917 2972 1022 3029 est,
1054 2964 1179 3019 vita:
1228 2964 1375 3019 illius
1428 2964 1732 3020 secundum
1767 2963 1938 3021 Deum
1980 2967 2064 3020 in-

489 3053 835 3109 terniinabile
897 3054 1135 3125 spatium
1198 3062 1362 3126 atque
1427 3054 1893 3111 immortalitatem
1965 3056 2063 3113 de-

492 3153 713 3201 notans.

866 3259 1192 3315 PSALMUS
1230 3259 1440 3315 DAVID
1472 3259 1662 3320 XXIII.

494 3372 561 3429 In
586 3373 902 3446 quibusdam
958 3374 1342 3499 exemplfribus
1377 3376 1587 3430 inveni:
1626 3392 1648 3427 ι
1683 3374 1801 3429 Una
1856 3372 2063 3441 Sabbu-

1178 3462 1348 3499 orum.
1390 3464 1409 3498 ι

1178 3462 1348 3501 orum.
1390 3464 1409 3498 ι

561 3556 726 3615 νειιε.
758 3561 811 3624 1,
834 3558 887 3614 2.
913 3558 1122 3614 Domini
1141 3569 1216 3614 est
1241 3568 1381 3613 terra
1408 3567 1456 3613 et
1475 3556 1742 3629 plenitudo
1768 3556 1902 3627 ejus,
1921 3555 2061 3610 orbis

495 3662 755 3719 terrarum
780 3661 829 3707 et
860 3654 1088 3707 universi
1112 3653 1201 3722 qui
1226 3651 1467 3706 habitant
1485 3652 1537 3704 in
1563 3666 1644 3706 eo.
1662 3648 1781 3719 Ipse
1797 3666 1950 3720 super
1966 3664 2076 3704 ma-

496 3746 580 3799 ria
603 3744 845 3814 fundavit
876 3760 1017 3809 eum,
1066 3753 1114 3796 et
1130 3759 1285 3811 super
1306 3744 1530 3811 [lumina
1577 3744 1894 3812 prwparavit
1920 3758 2059 3797 eum.

490 3833 607 3889 Nisi
647 3833 818 3897 enim,
852 3832 1051 3902 inquit,
1101 3830 1348 3888 divinum
1382 3830 1621 3886 Verbum
1668 3832 1773 3901 ipsi
1809 3830 2061 3901 praefuis-

492 3935 597 3991 set,
637 3940 704 3980 ac
750 3924 853 3978 nisi
900 3922 1180 3994 Sapientia
1228 3923 1321 3978 Dei
1379 3923 1558 3993 ipsum
1620 3924 1725 3979 boc
1777 3924 2061 3980 fundasset

491 4016 675 4084 modo,
697 4015 808 4083 jam
836 4015 990 4082 olim,
1030 4015 1111 4070 vel
1145 4015 1383 4069 naturali
1424 4015 1766 4084 deprimente
1792 4016 2057 4085 pondere,

491 4110 551 4165 in
604 4107 937 4181 profundum
1000 4108 1289 4164 demersus
1351 4107 1564 4162 luisset.
1636 4106 1835 4162 Verum
1887 4108 2059 4162 multo

492 4201 844 4273 praestantior
873 4202 968 4257 illo
1017 4209 1136 4256 erat
1183 4201 1357 4255 virtus
1389 4200 1479 4252 illa
1511 4198 1726 4254 Domini
1759 4199 2056 4253 miraculo-

492 4311 613 4351 rum
655 4308 719 4350 ac
761 4292 1138 4365 prodigiorum
1170 4290 1439 4357 eﬂectrix,
1469 4305 1589 4360 qua:
1618 4296 1824 4345 tantam
1856 4290 2055 4345 molem

491 4397 813 4459 tantamque
841 4396 999 4443 terrae
1036 4383 1454 4457 plenitudinem,
1492 4400 1556 4440 ac
1585 4385 1770 4440 orbem
1803 4399 1926 4439 cum
1959 4385 2058 4438 ha-

2164 1856 2262 1925 τῆς
2290 1854 2438 1925 παρὰ
2467 1856 2550 1908 σοὶ
2596 1854 2809 1918 ἐλπίδος
2856 1855 3367 1928 παιδαγωγούμενος
3409 1858 3589 1921 πάσας
3634 1857 3735 1924 τὰς

2164 1946 2376 2017 ἡμέρας
2418 1946 2519 2017 τῆς
2568 1945 2713 2017 ζωῆς
2759 1964 2858 2018 μου
2890 1948 2995 2001 ὑπὸ
3040 1947 3132 2002 τοῦ
3179 1947 3273 2002 σοῦ
3316 1948 3525 2012 ἐλέους.¹
3564 1948 3737 2004 Τοῦτο

2164 2037 2294 2107 γοῦν
2322 2037 2383 2090 τὸ
2420 2037 2511 2091 σὸν
2537 2037 2684 2103 ἔλεος
2707 2040 2802 2093 καὶ
2841 2040 2978 2112 αὐτή
3021 2057 3115 2094 σου
3145 2042 3177 2112 ἡ
3228 2042 3389 2112 χάρις
3424 2041 3734 2113 κατηξίωσέ

2170 2146 2235 2199 με
2267 2131 2579 2202 οἰκητήριον
2617 2132 2916 2203 κτήσασθαι
2945 2133 3036 2186 τὸν
3072 2134 3163 2188 σὺν
3190 2130 3335 2187 οἷκον
3377 2135 3467 2188 καὶ
3497 2134 3594 2207 τὴν
3634 2135 3737 2206 σὴν

2177 2221 2530 2293 Ἐκκλησίανο
2573 2223 2700 2277 ἔνθα
2742 2224 2842 2289 τὰς
2886 2225 3167 2298 διατριϐὰς
3209 2228 3525 2298 ποιούμενος
3553 2228 3629 2291 ὡς
3675 2230 3737 2281 ὲν

2163 2312 2296 2385 οἴκῳ
2316 2311 2473 2379 Θεοῦ,
2502 2315 2630 2387 ίερῷ
2658 2318 2751 2370 καὶ
2778 2314 2916 2387 ἀῩίῳ
2942 2316 3073 2389 ναῷ,
3098 2319 3432 2389 μακρότητος
3453 2318 3560 2373 τῶν
3583 2320 3738 2392 παρὰ

2165 2406 2249 2459 σοὶ
2276 2407 2496 2478 ἡμερῶν
2524 2408 2617 2473 καὶ
2646 2407 2791 2478 ζωῆς
2819 2409 3035 2463 αἰωνίου
3064 2408 3340 2481 τεύξομαι.
3365 2410 3437 2463 Τὸ
3460 2410 3568 2482 γὰρ
3598 2427 3732 2465 κατ-

2164 2499 2334 2549 οικεῖν
2379 2515 2446 2568 με
2477 2501 2535 2551 ἐν
2578 2498 2657 2569 τῷ
2687 2498 2765 2571 σῷ
2792 2498 2952 2572 οἴκῳ,
2984 2501 3077 2554 καὶ
3137 2501 3402 2573 μηδέποτε
3444 2500 3737 2568 αὐτοῦηὲξ-

2167 2589 2411 2645 ίστασθαι
2440 2592 2574 2664 μηδὲ
2598 2592 2898 2658 ἀπονεύειν,
2924 2594 3010 2646 ἀεὶ
3031 2593 3087 2647 δὲ
3111 2593 3241 2647 είσω
3254 2594 3548 2666 περιϐόλων
3572 2595 3739 2666 ἱερῶν

2162 2682 2263 2748 τὰς
2292 2683 2571 2756 διατριϐὰς
2600 2684 2887 2742 ποιεῖσθαι.
2914 2684 3085 2739 ταῦτά
3118 2702 3208 2757 μοι
3235 2685 3383 2740 αἴτια
3413 2686 3737 2758 γενήσεσθαι

2165 2776 2405 2831 πιστεύω
2435 2778 2773 2849 μακρότητος
2810 2777 3033 2850 ἡμερῶν
3060 2778 3168 2832 τῶν
3201 2780 3264 2833 ὲκ
3302 2780 3393 2833 τοῦ
3424 2779 3515 2833 σοῦ
3552 2780 3739 2849 φωτὸς

2165 2870 2564 2941 ὑφισταμένων.
2601 2872 2745 2926 Ἀντί
2770 2872 2827 2925 δὲ
2859 2870 2976 2936 τοῦ,
3004 2874 3092 2939 εἰς
3115 2876 3453 2942 μακρότητα
3479 2872 3735 2943 ἡμερῶν,

2163 2963 2251 3027 εἰς
2298 2960 2493 3030 μῆκος
2533 2964 2759 3032 χρόνου
2811 2964 2840 3016 6
2884 2963 3176 3035 Σύμμαχος
3222 2966 3530 3037 ἡρμήνευσε
3559 3006 3573 3030 ,
3636 2965 3737 3037 τῆς

2166 3052 2306 3107 κατὰ
2333 3053 2424 3107 τὸν
2454 3053 2586 3108 Θεὸν
2613 3053 2758 3126 ζωῆς
2791 3055 2853 3108 τὸ
2894 3055 3118 3128 ἄπειρον
3147 3058 3241 3110 καὶ
3270 3055 3533 3112 ἀθάνατον
3559 3061 3735 3129 σημή-

2164 3162 2281 3210 νας.

2520 3260 2812 3315 ΨΑΛΜΟΣ
2857 3260 2942 3315 ΤΩ
3001 3263 3198 3316 ΔΑΥΙΔ
3256 3264 3382 3318 Kl".

2178 3371 2280 3427 Ἔν
2308 3372 2493 3441 ἐνίοις
2530 3374 2911 3449 ἀντιγράφοις
2956 3371 3154 3443 εὖρον·
3222 3395 3240 3428 ι
3273 3375 3389 3445 Τῆς
3426 3377 3566 3449 μιᾶς
3618 3376 3738 3434 τῶν

2701 3445 3015 3499 Σαϐϐάτων
3037 3448 3134 3518 (ἰ).
3149 3467 3167 3500 ι

2240 3556 2349 3610 Τοῦ
2372 3559 2592 3626 Κυρίου
2638 3558 2677 3626 ἡ
2728 3557 2804 3628 γῆ
2834 3561 2933 3614 καί
2987 3559 3054 3613 τὸ
3095 3559 3385 3631 πλήρωμα
3446 3561 3658 3629 αὐτῆς,
3693 3562 3736 3630 ὴ

2164 3649 2477 3719 οἰκουμένη
2508 3651 2603 3705 καί
2639 3649 2859 3718 πάντες
2886 3655 2939 3707 οἰ
3002 3652 3419 3721 κατοικοῦντες
3442 3655 3513 3708 ὲν
3554 3653 3735 3723 αὐτῇ.

2165 3742 2355 3808 Αὐτὸς
2381 3741 2483 3795 ἐπὶ
2514 3744 2844 3798 θωασσῶν
2865 3744 3259 3815 ἐθεμελίωσεν
3279 3745 3492 3814 αὐτὴν,
3520 3748 3615 3802 καί
3639 3748 3743 3802 ἐπὶ

2163 3835 2443 3902 ποταμῶν
2460 3837 2788 3905 ἡτοίμασεν
2805 3836 3015 3904 αὐτήν.
3037 3837 3101 3890 Εἰ
3121 3836 3195 3909 μὴ
3220 3837 3331 3910 γὰρ
3354 3838 3527 3907 Λόγος
3545 3839 3740 3911 αὐτῆς,

2164 3930 2347 3998 φησὶν,
2382 3929 2663 3983 ἐπεστάτει
2693 3930 2853 3995 θεῖος,
2886 3931 2979 3984 καὶ
3026 3934 3075 3985 εἰ
3116 3932 3189 4004 μὴ
3240 3933 3402 4001 σοφία
3443 3932 3577 3987 Θεοῦ
3610 3935 3739 3988 τοῦ-

2161 4039 2251 4076 τον
2281 4021 2449 4094 αὐτὴν
2472 4022 2854 4094 τεθεμελιώκει
2895 4024 2986 4078 τὸν
3030 4026 3250 4097 τρόπον,
3286 4025 3452 4080 πάλαι
3486 4018 3571 4080 ’ἂν
3632 4045 3738 4097 φυ-

2163 4115 2299 4186 σικῷ
2327 4115 2481 4187 βάρει
2514 4116 2664 4170 κάτω
2692 4134 2797 4170 που
2822 4118 3097 4190 φερομένη
3154 4119 3295 4173 κατὰ
3333 4118 3510 4190 βυθῶν
3561 4137 3740 4192 κεχω-

2167 4209 2341 4280 ρήκει.
2390 4208 2528 4261 Ἀλλ’
2551 4204 2618 4279 ἦν
2641 4209 2747 4281 ἄρα
2769 4210 3030 4281 κρείττων
3062 4210 3234 4281 αὐτῆς
3265 4213 3298 4281 ἡ
3325 4211 3741 4285 θαυματουργδς

2163 4299 2255 4351 καὶ
2282 4298 2709 4369 παραδοξοποιὸς
2729 4299 2820 4353 τοῦ
2851 4299 2957 4353 τῶν
3006 4300 3142 4355 ὅλων
3179 4302 3384 4374 Κυρίου
3415 4303 3666 4375 δύναμις,
3701 4306 3738 4376 ἢ

2163 4391 2253 4445 τὸν
2278 4390 2529 4444 τοσοῦτον
2553 4390 2713 4460 ὃγκον
2770 4392 2863 4444 καὶ
2907 4391 2967 4443 τὸ
3013 4389 3262 4447 τοσοῦτον
3320 4392 3422 4463 τῆς
3455 4393 3567 4464 ,γῆς
3597 4393 3739 4466 πλή-

490 4477 823 4533 bilatoribus
850 4478 993 4547 ejus,
1026 4475 1316 4531 sublimem
1357 4474 1465 4545 agi,
1511 4483 1563 4531 et
1596 4490 1864 4545 aquarum
1893 4475 2059 4530 dorso

2169 4500 2346 4554 ρωμα,
2371 4483 2501 4556 ὅλην
2524 4500 2582 4537 τε
2609 4483 2707 4553 τὴν
2737 4483 3058 4555 οἰκουμένην
3087 4483 3327 4549 καὶτοὺς
3347 4465 3739 4549 κατοικοῦντας

492 4569 697 4640 imponi
728 4569 1068 4626 decreverat.
1129 4566 1473 4639 Quapmpter
1509 4570 1638 4637 ipse,
1672 4568 1871 4639 inquit,
1902 4584 2059 4637 super

490 4660 666 4713 maria
693 4657 935 4727 fundavit
964 4675 1103 4713 eum.
1156 4656 1343 4727 Neque
1371 4658 1514 4713 enim
1552 4661 1669 4729 ipsa
1705 4667 1848 4714 terra
1876 4661 2058 4731 gravis

488 4756 544 4804 et
562 4738 893 4815 inanimata,
927 4766 1049 4806 sese
1071 4765 1236 4819 supra
1259 4752 1486 4821 abyssos
1518 4754 1912 4821 consolidavit;
1962 4753 2055 4810 sed

490 4839 731 4894 omnium
767 4840 947 4911 opifex
980 4840 1076 4897 Dei
1121 4840 1314 4907 Filius,
1369 4844 1464 4913 qui
1512 4844 1745 4899 solidum
1783 4861 2056 4917 gravequc

489 4937 650 4985 terra:
690 4928 1041 4998 elementum,
1079 4932 1263 4987 divina
1311 4934 1611 5000 creatione,
1668 4952 1835 5006 supra
1888 4938 2057 4993 maris

488 5020 654 5077 dorsa
708 5018 843 5077 ferri
880 5024 1076 5089 voluit,
1138 5040 1203 5079 ac
1261 5041 1428 5097 supra
1483 5027 1762 5083 humidam
1804 5036 2056 5083 naturam

488 5113 778 5180 constitui,
831 5122 993 5186 atque
1021 5117 1195 5187 ipsam
1247 5116 1353 5170 hoc
1402 5118 1561 5174 modo
1600 5117 1869 5174 fundavit.
1902 5119 2055 5173 Alio-

490 5221 597 5277 que
625 5206 991 5262 ratiocinandi
1024 5209 1155 5274 ritu,
1187 5216 1387 5264 terram
1425 5226 1535 5265 non
1566 5226 1666 5266 sua
1699 5220 1894 5281 sponte
1923 5213 2059 5268 sub-

491 5301 700 5357 stitisse
733 5300 912 5365 docet,
957 5318 1135 5372 neque
1190 5313 1338 5359 sorte
1377 5306 1611 5373 quadam
1667 5307 1959 5361 temeraria
1991 5321 2055 5360 ac

492 5395 871 5461 irrationabili,
904 5395 997 5449 tali
1031 5395 1269 5467 undique
1298 5396 1471 5453 forma
1502 5399 1848 5455 instructam.
1873 5400 2055 5465 Quare

492 5488 735 5560 subjicit,
765 5499 813 5545 et
840 5504 995 5560 super
1018 5490 1241 5558 [lumina
1268 5493 1583 5561 praeparavit
1633 5509 1771 5549 eum.
1809 5490 1865 5546 Si
1901 5506 2056 5545 nam-

2166 4576 2334 4648 αὐτὴν
2368 4577 2479 4631 ἄνω
2533 4577 2794 4649 φέρεσθαι
2843 4576 3113 4649 μετέωρον
3146 4577 3286 4649 ὑπὲρ
3324 4578 3391 4632 τὰ
3442 4563 3586 4632 νῶτα
3627 4579 3739 4634 τῶν

2167 4670 2371 4724 ὑδάτων
2435 4670 2772 4740 βεϐούληται.
2828 4669 2941 4735 Διὸ,
2995 4669 3179 4736 αὐτὸς
3231 4672 3331 4723 ἐπὶ
3406 4669 3741 4726 θαλασσιῖη·

2163 4762 2557 4833 ἑθεμελίωσεν
2586 4759 2801 4827 αὐτὴν,
2829 4760 3065 4831 εἴρηται.
3101 4760 3177 4813 06
3208 4760 3317 4831 γὰρ
3349 4759 3486 4830 αὑτὴ
3535 4760 3739 4833 ἑαυτὴν

2153 4858 2186 4926 ὴ
2226 4854 2417 4926 βαρεῖα
2442 4853 2537 4906 καὶ
2568 4851 2773 4921 ἄψυχος
2804 4853 2876 4920 γῆ
2911 4850 3004 4903 ἐπὶ
3034 4849 3142 4904 τῶν
3192 4850 3369 4921 βυθῶν
3430 4850 3737 4923 ἐστήριξεν,

2156 4944 2270 5000 ἀλλ’
2304 4947 2331 4998 6
2356 4944 2571 4997 πάντων
2626 4940 2955 5012 δημιουργὸς
3011 4942 3039 4994 6
3095 4939 3188 4994 τοῦ
3217 4940 3351 4994 Θεοῦ
3395 4941 3562 5008 Υἱὸςρ
3591 4941 3650 5006 ὃς
3676 4944 3741 4996 τὸ

2156 5037 2473 5108 στερέμνιον
2517 5034 2611 5087 καὶ¹
2641 5031 2779 5103 βαρὺ
2807 5032 2908 5102 τῆς
2958 5032 3061 5103 γῆς
3117 5036 3377 5104 στοιχεῖον
3436 5032 3589 5105 θεῖκῇ
3640 5034 3741 5105 δη-

2163 5129 2419 5201 μιουργία
2474 5126 2550 5197 (2)
2605 5126 2746 5197 ὑπὲρ
2791 5124 2977 5180 νώτων
3022 5126 3265 5198 ὀχεῖσθαι
3316 5126 3589 5198 θαλάσσης
3639 5129 3737 5180 καὶ

2159 5216 2411 5287 ὑπεράνω
2434 5216 2533 5286 τῆς
2577 5215 2749 5286 ὑγρᾶς
2779 5214 2994 5285 φύσεως
3027 5217 3246 5270 ἑστάναι
3292 5215 3594 5288 βουληθεὶς,
3637 5218 3736 5270 καὶ

2155 5307 2341 5363 τοῦτον
2374 5308 2542 5379 αὐτὴν
2571 5307 2905 5380 θεμελιώσας
2935 5310 3025 5364 τὸν
3053 5309 3272 5383 τρόπον.
3298 5308 3409 5362 Καὶ
3449 5307 3572 5363 καθ’
3608 5308 3731 5362 ἓτε-

2160 5417 2248 5471 ρον
2272 5399 2328 5453 δὲ
2358 5399 2612 5473 λογισμὸν
2643 5401 2935 5474 παρίστησι
2964 5403 3024 5456 τὸ
3054 5402 3128 5473 μὴ
3167 5400 3729 5475 αὐτόματον

2157 5509 2242 5545 ναι
2268 5492 2367 5564 τὴν
2398 5492 2521 5564 γῆν,
2547 5493 2678 5567 μηδὲ
2724 5494 2798 5559 ὡς
2842 5494 3049 5565 ἔτυχεν,
3100 5494 3218 5565 εἰκῆ
3254 5495 3346 5548 καὶ
3379 5495 3613 5564 ἀλόγως,
3661 5494 3731 5550 τὸ

566 5646 899 5721 midipsum
923 5660 1103 5705 monet
1124 5649 1516 5709 Theodorctus.
1550 5650 1608 5706 In
1640 5650 1910 5707 llebraico
1926 5649 2222 5721 exemplari
2254 5652 2392 5707 nihil
2422 5653 2488 5709 de
2523 5650 2779 5709 Sabbato.

562 5717 638 5789 te)
673 5717 844 5787 Alius,
880 5722 1265 5795 μεγαλουργίᾳ.
