3980 6214
207 274 315 331 Sil

1384 268 1888 346 COMMENTARIA
1924 268 1993 323 IN
2032 265 2375 324 PSALMOS.

3331 267 3444 322 222

204 388 453 446 τοιοῦτον
494 390 629 462 αὐτῇ
679 390 1103 463 περιϐεϐλῆσθαι
1134 363 1335 462 σχῆμα·
1389 389 1469 443 διὸ
1519 388 1777 459 ἐπιλέγει·

1892 403 1993 458 que
2025 394 2135 442 tota
2166 395 2221 441 et
2253 387 2308 441 in
2364 383 2621 441 omnibus
2647 383 2731 441 sui
2765 383 3036 455 partibus,
3078 372 3198 439 laevi
3217 383 3446 453 aequabi-

205 484 312 538 Καὶ
346 483 455 537 ἐπὶ
504 481 783 553 ¹ποταμῶν
834 484 1162 554 ἡτοίμασεν
1204 481 1414 550 αὑτήν.
1455 482 1518 534 Et
1554 482 1651 553 μὲν
1677 482 1786 552 γὰρ

205 577 296 647 ὅλη
322 577 402 630 δι’
432 575 558 630 ὅλου
584 574 704 629 λεία
727 573 822 628 καὶ
849 575 1037 646 ὁμαλὴν
1084 573 1224 628 κατὰ
1269 573 1369 645 τὴν
1425 575 1659 645 σφαῖραν
1677 573 1786 626 τῶν

215 667 490 739 Ἑλλήνων
511 666 775 738 ὑπῆρχεν,
809 664 909 719 οὐκ
957 666 1021 721 ἂν
1051 682 1179 720 ποτε
1221 666 1321 738 τῆς
1365 665 1470 719 τῶν
1528 664 1785 734 ποταμῶν

209 763 525 828 συστάσεως
565 763 787 836 δεκτικὴ
821 762 1081 833 ἐγεγόνει·
1130 763 1242 817 οὐδ’
1269 762 1335 819 ἂν
1385 764 1465 827 είς
1511 762 1784 833 γεωργίαν

207 857 514 930 ἐπιτηδεία,
560 856 861 928 ἐκρεόντων
911 855 1281 926 ἁπανταχόθεν
1328 855 1438 909 τῶν
1489 860 1569 919 είς
1616 856 1784 927 αὐτὴν

210 948 527 1021 φερομένων
558 947 803 1020 δμὸρων·
828 946 905 1011 ὡς
953 946 1019 1002 αὖ
1046 948 1205 1002 πάλιν
1235 949 1300 1003 ἐκ
1322 946 1416 1001 τοῦ
1439 950 1702 1012 ὲναντίου,
1735 949 1784 1000 εί

211 1041 340 1108 πλάξ
379 1036 452 1112 ἦν
486 1041 587 1112 μία
631 1039 929 1112 ήπλωμένη
974 1041 1064 1094 καὶ
1116 1041 1370 1113 ἀνειμένη
1407 1043 1486 1104 είς
1531 1040 1785 1104 πεδιάδας

210 1133 413 1207 χώρας,
447 1132 561 1187 οὐδ’
595 1130 770 1194 οὕτως
818 1131 1147 1203 συνέστησαν
1188 1133 1244 1187 ὲν
1281 1133 1416 1205 αὑτῇ
1448 1132 1700 1203 ποταμοί.
1735 1133 1788 1185 οἵ

213 1228 255 1281 τ’
278 1226 334 1294 ἐξ
364 1225 613 1280 ἀεννάων
642 1223 835 1295 πηγῶν
882 1224 1186 1296 φερόμενοι,
1217 1225 1271 1277 οἵ
1299 1242 1358 1277 τε
1379 1225 1442 1277 ὲκ
1470 1222 1575 1278 τῶν
1601 1239 1785 1294 χειμε-

220 1319 370 1392 ρινῶν
388 1318 619 1390 ὄμϐρων
670 1317 1065 1387 συνιστάμενοι·
1093 1317 1257 1371 πάλαι
1293 1316 1339 1369 δ’
1369 1315 1435 1369 ἂν
1462 1316 1785 1369 ὲπικλύσαν-

218 1432 298 1478 τες
318 1415 527 1480 πᾶσαν,
555 1410 683 1465 οὔτε
722 1410 1051 1483 σπέρμασιν,
1082 1410 1204 1464 οὔτε
1227 1414 1434 1481 φυτοῖς,
1464 1408 1588 1464 οὗτε
1613 1427 1785 1481 γεωρ-

217 1506 356 1575 γίαις
378 1504 697 1577 ἐπιτηδείαν
726 1504 895 1576 αὐτὴν
942 1506 1219 1575 παρεῖχον·
1277 1503 1392 1557 ἀλλ’
1439 1502 1559 1557 οὐδὲ
1604 1504 1786 1566 αὐτοῖς

217 1602 324 1663 τοῖς
359 1599 675 1670 οἰκήτορσιν
719 1596 930 1666 γεγόνει
980 1596 1047 1650 ἂν
1077 1598 1363 1668 χρήσιμος,
1424 1597 1640 1652 πάντων
1669 1599 1786 1650 ἐπι-

217 1692 561 1764 κλυζεμένων
602 1689 698 1745 καὶ
734 1688 1192 1761 κατασυρομὲνων
1248 1689 1353 1742 ὑπὸ
1393 1690 1492 1761 τῆς
1521 1688 1628 1742 τῶν
1658 1689 1784 1743 ὑδά-

218 1803 323 1840 των
353 1783 705 1857 πλημμύρας.
743 1780 929 1835 Ταῢτα
958 1782 1055 1852 μὲν
1082 1777 1176 1836 οὖν
1212 1777 1301 1852 ἦν,
1336 1784 1384 1835 εί
1411 1782 1484 1853 μὴ
1518 1782 1674 1851 λόγος
1704 1798 1787 1846 τις

222 1874 610 1947 δημιουργικδς
639 1875 727 1927 καὶ
753 1870 888 1926 Θεοῦ
918 1872 1077 1941 σοφία
1110 1872 1369 1943 τεχνικῶς
1420 1873 1557 1944 αὐτῇ
1588 1871 1786 1926 τοιόνδε

233 1968 427 2039 σχῆμα
460 1964 850 2038 περιδεδλήκει·
894 1964 1011 2018 νυνὶ
1043 1964 1101 2018 δὲ
1152 1964 1323 2029 οὕτως
1354 1964 1784 2033 κατεσκευάσθη,

232 2060 310 2125 ὡς
338 2061 417 2123 είς
446 2057 543 2130 δρη
572 2057 657 2113 καὶ
705 2057 904 2122 νάπας,
961 2055 1180 2127 βουνούς
1242 2073 1302 2109 τε
1356 2056 1450 2110 καὶ
1499 2055 1787 2128 φάραγγας

232 2150 634 2224 ἐσχηματίσθαι·
651 2150 726 2214 ὡς
751 2149 846 2202 καὶ⁹
871 2149 1146 2220 ποταμοὺς
1171 2147 1270 2212 τὰς
1298 2147 1507 2205 ἑαυτῶν
1527 2149 1787 2214 διεξόδους

231 2242 512 2307 ἀκωλύτως
536 2241 823 2296 ποιεῖσθαι·
855 2240 955 2313 ὅρη
982 2257 1041 2293 τε
1067 2240 1161 2293 καὶ⁹
1190 2240 1327 2311 ἄλση
1347 2241 1440 2294 καὶ¹
1469 2240 1607 2310 φυτά
1631 2239 1788 2307 ζώοις

222 2335 603 2409 άπονέμεσθαι·
644 2334 825 2407 χώρας
857 2351 917 2387 τε
947 2333 1040 2387 καὶ
1064 2332 1317 2398 πεδιάδας
1335 2335 1415 2398 είς
1433 2335 1672 2406 οἰκήσεις
1695 2335 1789 2389 καὶ

218 2430 483 2505 γεωργίας
510 2427 819 2500 ἀνθρώποις
865 2425 1190 2498 ἀφωρίσθαι.
1232 2423 1329 2490 Τίς
1371 2427 1549 2481 τοίνυν
1597 2429 1697 2481 οὐκ
1724 2427 1788 2481 ἂν

217 2524 600 2596 ὁμολογήσειεν
620 2519 837 2592 ἀληθῶς
858 2518 1027 2589 σοφῆς
1045 2514 1185 2573 εἶναι
1209 2520 1548 2591 προμηθείας
1580 2519 1752 2574 ταῦτα
1771 2537 1785 2587 ;

216 2620 272 2690 ἢ,
308 2616 658 2691 προλαδοῦσα
685 2615 747 2669 τὸ
794 2615 985 2687 μέλλον
1031 2617 1136 2688 πρὸ
1186 2613 1278 2668 τοῦ
1306 2611 1669 2686 πληρώματος
1693 2614 1790 2683 τῆς

216 2711 336 2783 γῆς,
372 2711 469 2765 καὶ
500 2709 611 2783 πρὸ
637 2708 735 2763 τοῦ
765 2708 1031 2781 συστῆναι
1058 2709 1126 2762 τὰ
1154 2709 1212 2760 ὲν
1257 2707 1419 2777 αὐτῇ,
1462 2704 1669 2758 τοιάνδε
1696 2704 1792 2758 αὑ-

215 2804 311 2875 τὴν
336 2805 693 2875 ἐσχημάτισε,
722 2800 1040 2873 καταλλήλῳ
1070 2798 1467 2855 διαπλάττουσα
1494 2797 1670 2868 τύπῳ,
1715 2795 1792 2861 ὼς

222 2898 289 2952 ἀν
312 2900 423 2961 τοῖς
445 2898 578 2951 πᾶσι
596 2897 807 2966 γένοιτο
833 2893 1129 2965 ἐπιτηδεία.
1155 2889 1569 2962 Μυστικώτερον
1593 2889 1650 2944 δὲ
1697 2887 1791 2944 τοῦ

222 2989 433 3059 Κυρίου
454 2989 669 3058 γέγονεν
692 2989 726 3059 ἡ
755 2986 849 3057 γῆ.

302 3083 403 3149 Τίς
431 3081 781 3149 ἀναϐήσεται
837 3083 927 3147 εις
962 3078 1030 3143 τὸ
1074 3078 1212 3148 ὅρος
1276 3077 1383 3131 τοῦ
1442 3077 1706 3145 Κυρίου;
1751 3074 1791 3145 ἣ
1819 3102 1862 3161 C

220 3175 319 3243 τίς
345 3175 628 3245 στήσεται
677 3176 750 3230 ἐν
798 3174 957 3241 τόπῳ
1013 3172 1159 3241 ἁγίῳ
1209 3169 1425 3233 αὐτοῦ;
1473 3169 1533 3222 τὸ
1577 3166 1788 3222 τελικὸν

213 3269 429 3340 ἀγαθὸν
466 3268 559 3322 καὶ
584 3268 672 3322 τὸν
702 3267 836 3321 Θεὺν
870 3266 1039 3335 Λόγον
1069 3262 1308 3327 λεκτέον,
1341 3259 1426 3331 ἐφ’
1457 3260 1485 3312 ὃ
1512 3259 1788 3315 ἀναϐαίνει

210 3365 240 3415 ό
266 3361 357 3416 διά
389 3361 670 3434 προκοπῆς
720 3360 812 3414 ἐπὶ
863 3360 961 3431 τὴν
1011 3356 1319 3429 ἀκρώρειαν
1375 3352 1536 3407 αὐτοῦ
1588 3352 1788 3422 φθάσαι

210 3456 558 3527 γλιχόμενος.
593 3455 825 3517 Σπάνιος
853 3452 911 3506 δὲ
939 3452 972 3504 ὁ
1019 3448 1280 3512 τοιοῦτος·
1316 3445 1396 3499 διὸ
1417 3445 1648 3517 εἴρηται·
1694 3445 1789 3510 Τις

209 3547 581 3616 ἀναϐήσεται
599 3547 688 3612 είς
713 3546 793 3599 τὸ-
806 3543 950 3612 ὄρος
971 3540 1076 3595 τοῦ
1113 3537 1368 3606 Κυρίου;
1390 3535 1427 3605 ἢ
1454 3535 1545 3601 τίς
1566 3536 1787 3602 στήσε-

210 3662 306 3699 ται
337 3644 413 3698 ἐν
448 3643 615 3709 τόπῳ
632 3640 775 3710 ἁγίῳ
806 3636 1027 3701 αὐτοῦ;

293 3733 508 3801 Ἇθῶος
555 3733 726 3804 χερσὶ
769 3730 869 3786 καί
910 3731 1166 3801 καθαρὸς
1198 3731 1274 3800 τῇ
1321 3722 1555 3800 καρδίᾳ,
1588 3729 1655 3796 ὃς
1677 3729 1787 3782 οὐκ

208 3830 433 3885 ἐλαϐεν
458 3826 563 3881 ἐπὶ
608 3826 837 3896 ματαίῳ
866 3822 983 3892 τὴν
1040 3822 1252 3894 ψυχὴν
1277 3823 1482 3887 αὑτοῦ,
1533 3820 1632 3876 καὶ
1677 3822 1788 3874 οὐκ

211 3923 457 3991 ὤμοσεν
482 3918 583 3973 ἐπὶ
616 3916 775 3981 δόλῳ
807 3915 888 3983 τῷ
913 3916 1182 3984 πλησίον
1201 3915 1406 3971 αὐτοῦ.
1439 3910 1626 3981 Οὗτος
1675 3912 1785 3980 λή-

214 4016 395 4081 ψεται
438 4007 728 4078 εὐλογίαν
755 4005 913 4075 παρὰ
943 4006 1180 4075 Κυρίου,
1226 4005 1326 4059 καὶ
1374 4004 1789 4073 ἐλεημοσύνην

214 4104 380 4175 παρὰ
429 4101 582 4157 Θεοῦ
643 4098 913 4169 σωτῆρος
958 4096 1162 4154 αὑτοῦ.
1215 4098 1372 4165 Αὕτη
1410 4098 1449 4165 ἡ
1493 4094 1667 4167 γενεὰ
1692 4094 1786 4161 ζη-

212 4196 489 4251 τούντων
531 4190 716 4247 αὑτὸν
737 4230 753 4254 ,
814 4186 1140 4257 ζητούντων
1202 4189 1268 4243 τὸ
1313 4188 1629 4257 πρόσωπον
1683 4185 1787 4239 τοῦ

218 4286 371 4341 Θεοῦ
431 4281 660 4340 Ἰακώϐ.
729 4281 1058 4351 Διάψαλμα.
1111 4281 1312 4348 Ἄρατε
1350 4280 1566 4344 πύλας,
1616 4280 1668 4331 οἱ
1696 4274 1789 4344 ἄρ-

217 4393 460 4447 χοντες,
482 4375 673 4445 ὑμῶν,
710 4372 810 4427 καὶ
840 4369 1152 4439 ἐπάρθητε,
1187 4352 1373 4423 πύλαι
1417 4368 1663 4430 αἱώνιοι,
1690 4366 1789 4420 καὶ

214 4435 635 4526 ἓίσελεύσεται
659 4435 707 4521 id
749 4435 1187 4532 ,βασιλεὺς-ντῆς
1223 4462 1424 4530 δόξης.
1482 4464 1574 4528 Τίς
1624 4462 1793 4516 ἐστιν
1823 4464 1867 4519 D
1899 4435 2006 4491 ⁸⁸³⁵

217 4557 400 4627 οὗτος
427 4563 464 4614 ό
490 4557 792 4624 ,βασιλεὺς
836 4555 944 4624 τῆς
993 4554 1213 4623 δόξης;
1261 4555 1474 4622 Κύριος
1520 4550 1792 4620 κραταιὸς

217 4651 628 4718 καίδυνατὸς,
658 4650 871 4717 Κύριος
911 4645 1166 4713 δυνατὸς
1218 4646 1287 4721 ὲν
1332 4645 1591 4714 πολέμῳ.
1635 4645 1792 4707 Ἴσως

217 4744 280 4799 δὲ
304 4743 393 4801 διὰ
418 4745 526 4815 τῆς
553 4740 798 4803 πεύσεως
826 4738 919 4793 καὶ
953 4738 1293 4809 ἀποκρίσεως
1319 4735 1623 4789 διδάσκουσι
1656 4733 1793 4787 πάν-

218 4854 323 4902 τας
378 4833 703 4910 ἀνθρώπους
740 4831 837 4905 τὴν
886 4830 1199 4885 δεσποτείαν
1248 4827 1342 4882 τοῦ
1403 4827 1607 4899 Κυρίου
1636 4824 1794 4897 ἡμῶν

238 4927 414 5001 Ἰησοῦ
444 4922 705 5000 Χριστοῦ·
734 4923 788 4977 εἴ
815 4940 878 4992 γε
906 4923 989 4985 τίς
1019 4922 1063 4975 δ’
1092 4923 1176 4992 οίῃ
1222 4919 1437 4999 ταύτας,
1454 4918 1528 4988 μὴ
1563 4917 1792 4985 ἀγνοεῖν.

224 5022 379 5086 τινὲς
403 5020 463 5075 δὲ
484 5019 586 5091 τὴν
604 5017 859 5089 δευτέραν
902 5014 1092 5069 πεῦσιν
1124 5014 1218 5067 καὶ
1246 5012 1553 5085 ἀπόκρισιν,
1589 5011 1648 5063 ού
1678 5011 1795 5073 ταῖς

228 5114 307 5169 ἔτι
342 5114 603 5184 ἀνωτέρω
649 5110 939 5180 δυνάμεσιν
971 5105 1218 5178 εἰρῆσθαι
1271 5104 1450 5173 φασὶν,
1492 5101 1628 5156 ἀλλά
1678 5102 1796 5164 ταῖς

232 5208 434 5270 αὐταῖς.
477 5205 553 5259 Τό
580 5220 641 5257 τε
674 5199 951 5271 διάψαλμα
972 5199 1077 5271 πρὸ
1094 5197 1209 5251 τοῦ·
1244 5199 1446 5265 Ἄρατε
1474 5195 1692 5258 πύλας,
1743 5194 1796 5245 οἱ

230 5300 535 5369 ἄρχοντες,
574 5292 765 5366 ὑμῶν,
790 5292 1059 5363 κείμενον,
1084 5289 1183 5359 τῆς
1217 5286 1477 5358 μελῳδίας
1530 5284 1670 5337 ἔοικε
1699 5292 1795 5354 p.9-

231 5391 455 5463 ταὸολὴν
478 5385 832 5457 πεποιῆσθαι·
863 5382 984 5437 ἐπεὶ
1036 5381 1131 5435 καὶ
1186 5379 1287 5449 τῆς
1343 5377 1578 5440 διανοίας
1606 5374 1793 5440 αὐτῆς.

243 5483 324 5538 Ἐν
346 5483 404 5537 δὲ
426 5482 508 5554 τῷ
531 5480 715 5549 λέγειν
740 5472 1137 5531 εἰσελεύσεσθαι
1157 5471 1338 5553 αὐτὸν,
1377 5467 1673 5540 λεληθότως
1705 5466 1797 5520 καὶ

234 5574 399 5640 ἔξοδον
430 5572 600 5629 αὐτοῦ
662 5568 897 5642 ᾐνίξατο.
923 5562 1034 5620 Εἶτ’
1081 5564 1203 5618 ἐπεὶ
1239 5561 1314 5633 μὴ
1371 5560 1525 5629 μόνος
1569 5557 1796 5630 ἦμελλεν

233 5669 445 5723 εἰσιέναι
470 5670 557 5731 είς
600 5663 704 5735 τὴν
729 5660 892 5716 αὐτοῦ
954 5658 1251 5731 βασιλείαν,
1305 5654 1481 5716 πάσας
1529 5652 1798 5705 ἀναπετα-

235 5761 413 5836 σθῇναι
442 5759 546 5825 τάς
573 5756 750 5823 πύλας
775 5759 805 5814 ὁ
850 5754 1007 5825 λόγος
1051 5748 1472 5823 παρακελεύεται
1529 5743 1617 5800 διὰ
1675 5743 1796 5809 τοὺς

1887 481 2034 551 lique
2066 478 2374 549 superficie,
2405 476 2705 535 secundum
2736 477 2886 531 illam
2918 475 3232 531 Graecorum
3266 472 3446 545 sphae-

1884 588 2024 637 ram,
2062 571 2277 636 fuisset,
2318 587 2595 642 nunquam
2644 569 2925 624 ﬂuminum
2963 568 3442 641 congregationem

1884 664 2228 728 admisisset;
2258 680 2434 734 neque
2462 663 2810 734 agricultura:
2848 671 2973 733 apta
3002 662 3165 726 foret,
3199 660 3447 717 difﬂuen-

1884 757 2037 813 tibus
2076 757 2439 827 undequaque
2478 755 2710 826 pluviis:
2752 762 2810 809 ut
2856 770 2886 810 e
2916 769 3186 810 converso
3219 755 3444 820 iterum,

1885 849 1932 906 si
1955 850 2115 919 plana
2144 857 2311 913 esset,
2338 864 2557 920 unaque
2586 847 2923 918 Superﬂeies,
2969 853 3196 903 extensa
3233 847 3292 901 in
3327 846 3445 915 pla-

1884 942 2048 997 nities
2109 952 2163 995 et
2197 956 2398 1012 agros;
2440 955 2782 1010 nequaquam
2834 938 3055 993 ﬂumina
3094 953 3159 992 ex
3193 937 3447 1008 perenni-

1884 1034 1988 1089 bus
2043 1032 2286 1088 fontibus
2348 1033 2621 1087 manantia
2685 1031 2795 1085 illic
2848 1030 3206 1096 exsisterent;
3267 1043 3447 1099 neque

1884 1125 2035 1181 ﬂuvii
2062 1126 2155 1196 qui
2172 1141 2239 1182 ex
2263 1126 2509 1180 hibernis
2539 1125 2804 1180 imbribus
2824 1123 3173 1188 coalescunt;
3202 1121 3294 1178 sed
3310 1121 3448 1191 jam-

1884 1220 1976 1275 diu
2011 1227 2180 1274 totam
2201 1227 2404 1274 terram
2430 1219 2809 1283 inundassent,
2838 1217 2912 1271 ita
2943 1224 2999 1270 ut
3028 1229 3203 1285 neque
3224 1213 3444 1276 sationi.

1884 1325 2063 1381 neque
2094 1310 2297 1381 plantis
2328 1318 2383 1365 et
2408 1310 2719 1372 arboribus,
2754 1324 2929 1379 neque
2961 1306 3308 1376 agricultura:
3330 1304 3447 1359 ido~

1884 1414 2046 1454 neam
2098 1399 2422 1469 praeberent.
2478 1399 2663 1469 Neque
2719 1399 2838 1468 ipsa
2904 1397 3098 1451 incolis
3150 1396 3264 1451 suis
3320 1401 3447 1466 apta

1887 1492 2147 1561 utilisque
2194 1490 2411 1555 fuisset,
2463 1506 2587 1545 cum
2652 1504 2916 1559 aquarum
2970 1487 3206 1543 colluvie
3265 1486 3450 1541 omnia

1885 1586 2286 1643 inundarentur
2312 1600 2376 1639 ac
2399 1585 2722 1641 diﬂluerent.
2780 1582 2908 1637 Haec
2936 1597 3069 1638 sane
3095 1580 3445 1643 accidissent,

1890 1680 1999 1734 nisi
2044 1679 2270 1735 verbum
2321 1677 2616 1747 quodpiam
2668 1675 2844 1746 opifex
2893 1690 3101 1740 rerum,
3132 1689 3197 1727 ac
3224 1671 3321 1727 Dei
3354 1688 3445 1727 sa-

1886 1770 2111 1843 pientia,
2142 1769 2372 1823 artificio
2399 1783 2596 1838 magno
2619 1767 2779 1821 talem
2811 1765 2914 1835 ipsi
2942 1765 3183 1835 undique
3215 1762 3447 1818 formam

1888 1861 2197 1915 indidisset.
2227 1858 2345 1913 Jam
2369 1872 2500 1912 vero
2524 1858 2603 1912 sic
2638 1856 2940 1927 composita
2967 1863 3072 1919 est,
3108 1861 3169 1909 ut
3198 1853 3256 1908 in
3289 1868 3451 1907 mon-

1889 1960 1970 2009 tes
1999 1960 2053 2008 et
2087 1952 2277 2016 clivos,
2327 1941 2496 2006 colles
2525 1958 2580 2003 et
2626 1950 2793 2004 valles
2840 1947 3229 2010 distribuatur,
3279 1954 3451 2016 utque

1887 2047 2134 2111 ﬂumina,
2163 2046 2316 2101 nullo
2349 2045 2523 2109 obice,
2553 2059 2683 2100 suos
2704 2044 2807 2101 sibi
2831 2044 3012 2099 exitus
3039 2048 3268 2112 parent;
3298 2055 3451 2096 mon-

1887 2149 1992 2203 tes,
2027 2140 2177 2194 silvae
2229 2143 2282 2193 et
2321 2136 2546 2192 arbores
2572 2136 2900 2191 animalibus
2932 2135 3297 2205 deputentur;
3334 2130 3450 2202 agri

1888 2238 1942 2286 et
1973 2229 2229 2301 planities
2257 2220 2574 2284 hominibus
2597 2227 2665 2282 ad
2695 2226 3032 2282 domicilium
3058 2233 3113 2280 et
3150 2224 3453 2295 agricultu—

1887 2336 2004 2377 ram
2038 2320 2313 2375 destinata
2342 2321 2475 2377 sint.
2511 2320 2647 2386 Quis
2678 2334 2811 2389 ergo
2845 2333 2954 2372 non
2982 2316 3309 2373 confiteatur
3337 2314 3453 2369 haec

1888 2428 1919 2467 a
1967 2413 2197 2482 sapienti
2256 2412 2490 2482 quadam
2532 2410 2877 2482 providentia
2949 2408 3273 2480 proﬁcisci?
3321 2405 3454 2473 Quae

1890 2506 2074 2561 futura
2132 2505 2476 2576 prospiciens
2522 2511 2816 2573 antequam
2872 2502 3153 2572 plenitudo
3198 2510 3354 2556 terra!
3399 2508 3455 2555 et

1889 2614 2009 2670 quae
2053 2598 2108 2651 in
2138 2613 2204 2653 ea
2235 2603 2361 2651 sunt
2391 2595 2777 2656 consisterent,
2808 2594 2904 2647 tali
2936 2608 3056 2647 eam
3083 2592 3255 2647 forma
3285 2606 3452 2647 exor-

1890 2690 2059 2755 navit,
2090 2686 2520 2758 congruentibus
2542 2682 2857 2753 mutuisque
2894 2682 3041 2736 illam
3084 2680 3263 2736 modis
3295 2678 3455 2735 εποι-

1890 2794 2068 2845 mans,
2131 2785 2192 2833 ut
2250 2776 2507 2833 omnibus
2548 2773 2837 2831 commoda
2874 2771 3161 2828 evaderet.
3223 2770 3455 2841 Mystico

1892 2878 2073 2927 autem
2101 2884 2258 2925 more
2286 2868 2401 2925 haec
2429 2875 2576 2924 terra
2605 2865 2821 2922 Domini
2858 2862 3023 2920 fuerit
3077 2862 3163 2936 [ea
3189 2862 3454 2917 nimirum

1892 2978 2012 3035 qua:
2041 2978 2165 3017 mox
2200 2958 2527 3033 indicatur].

1963 3054 2133 3111 Vsus.
2161 3055 2215 3110 5.
2259 3054 2391 3121 Quis
2421 3050 2663 3107 ascendet
2692 3051 2748 3104 in
2788 3057 3014 3104 montem
3054 3046 3314 3104 Domini?
3361 3053 3457 3101 aut

1893 3147 2009 3217 quis
2042 3144 2209 3200 stabit
2237 3145 2293 3197 in
2321 3143 2435 3196 loco
2463 3150 2647 3196 sancto
2670 3141 2822 3210 ejus?
2851 3138 2910 3194 Id
2952 3138 3019 3194 de
3049 3138 3289 3209 perfecto
3308 3137 3455 3193 bono

1896 3253 1959 3293 ac
1987 3237 2054 3291 de
2083 3234 2195 3290 Deo
2224 3233 2403 3288 Verbo
2458 3232 2860 3302 explicandum,
2914 3230 2983 3284 ad
3027 3230 3173 3300 quod
3212 3230 3458 3287 ascendit

1894 3326 2148 3398 quisquis
2179 3338 2508 3395 progressus
2550 3336 2815 3376 cacumen
2842 3321 2962 3391 ejus
2999 3322 3266 3391 attingere
3291 3335 3456 3391 expe—

1894 3421 1979 3475 tit.
2026 3416 2134 3472 Sed
2164 3417 2275 3472 rari
2317 3413 2627 3485 hujusmodi
2662 3420 2828 3479 sunt;
2862 3427 3035 3483 quare
3060 3411 3295 3479 dicitur:
3323 3410 3455 3477 Quis

1893 3511 2133 3567 ascendet
2162 3510 2219 3565 in
2248 3518 2471 3564 montem
2506 3505 2714 3561 Domini
2739 3508 2764 3561 .9
2800 3516 2893 3559 aut
2920 3505 3037 3575 quis
3065 3501 3227 3558 stabit
3264 3502 3456 3557 inloco

1893 3614 2076 3661 sancto
2102 3603 2214 3674 ejus
2232 3605 2258 3658 ?

1989 3695 2157 3753 Vens.
2203 3693 2322 3749 4-8.
2371 3692 2631 3748 Innocens
2674 3687 2916 3744 manibus
2995 3695 3047 3741 et
3094 3684 3288 3740 mundo
3326 3701 3458 3738 «cor-

1892 3792 1976 3854 de,
2006 3790 2094 3862 qui
2124 3806 2226 3844 non
2256 3788 2449 3856 accepit
2490 3786 2541 3839 in
2573 3800 2705 3839 vano
2733 3782 2963 3836 animum
2994 3795 3167 3846 suam,
3191 3794 3284 3832 nec
3298 3777 3457 3847 jura-

1893 3883 1964 3936 vit
2003 3882 2057 3935 in
2102 3879 2223 3934 dolo
2275 3879 2515 3947 proximo
2554 3891 2669 3930 suo.
2716 3872 2818 3927 Hic
2872 3872 3089 3941 accipiet
3141 3869 3457 3923 benedictio-
3544 3916 3547 3917 ν

1893 3991 2009 4030 nem
2050 3990 2084 4027 a
2133 3972 2381 4036 Domino,
2440 3978 2491 4024 et
2519 3965 2937 4024 misericordiam
3000 3982 3033 4019 a
3069 3963 3180 4018 Deo
3226 3962 3457 4018 salutari

1894 4082 2013 4120 suo.
2047 4063 2177 4118 Hazc
2227 4071 2304 4117 est
2336 4061 2604 4133 generatio
2647 4059 2991 4131 quaerentium
3036 4072 3174 4116 eum,
3220 4070 3458 4125 qua'ren-

1894 4161 2025 4214 tium
2057 4159 2247 4229 faciem
2278 4155 2376 4210 Dei
2424 4153 2613 4210 Jacob.
2671 4149 3005 4219 Diapsalma.
3054 4147 3293 4201 Attollite
3331 4160 3456 4216 por-

1896 4263 1999 4316 tas,
2060 4251 2341 4321 principes,
2378 4257 2619 4313 vestras;
2651 4254 2701 4300 et
2747 4242 3041 4307 elevamini,
3067 4249 3234 4309 porta:
3302 4247 3457 4293 teter-

1894 4346 2063 4411 nales,
2128 4354 2177 4399 et
2259 4341 2501 4396 introibit
2559 4339 2666 4394 Rex
2728 4338 2932 4408 glarite.
3029 4333 3160 4399 Quis
3223 4341 3302 4386 est
3360 4331 3455 4384 iste

2054 4437 2285 4507 gloriw?
2358 4433 2616 4487 Dominus
2669 4429 2822 4497 fortis
2889 4435 2937 4480 et
3005 4433 3207 4494 potens,
3269 4421 3455 4475 Domi-

1896 4547 1995 4584 nus
2039 4539 2218 4599 potens
2276 4528 2329 4580 in
2380 4525 2584 4595 pretio.
2626 4522 2883 4576 Fortasse
2917 4518 2954 4570 ii
3005 4531 3100 4586 per
3147 4515 3456 4584 interroga-

1891 4622 2095 4676 tionem
2154 4625 2208 4672 et
2254 4614 2666 4685 responsionem
2718 4622 2908 4663 omnes
2949 4605 3197 4659 homines
3248 4602 3316 4657 de
3357 4602 3456 4656 do-

1894 4712 2105 4766 minatu
2158 4706 2374 4762 Domini
2433 4702 2609 4758 nostri
2681 4699 2810 4755 Jesu
2863 4696 3067 4752 Christi
3117 4695 3451 4751 instituunt:

1896 4805 1944 4859 si
1976 4810 2198 4873 putetur
2247 4807 2432 4853 tamen
2470 4811 2565 4851 eas
2604 4776 2755 4864 ipsas
2798 4789 3072 4863 [caelestes
3129 4785 3453 4858 potestates]

1896 4896 1951 4951 id
1981 4910 2090 4949 non
2136 4893 2413 4963 ignorare.
2476 4886 2615 4942 Sunt
2662 4883 2754 4955 qui
2790 4883 3127 4937 arbitrentur
3159 4879 3455 4934 secundam

1895 4985 2382 5057 interrogationem
2421 4989 2477 5036 et
2514 4977 2930 5049 responsionem
2973 4988 3084 5028 non
3116 4965 3455 5027 sublimiori-

1895 5090 1999 5147 bus
2026 5085 2388 5160 potestatibus
2420 5082 2639 5146 factam,
2671 5078 2765 5133 sed
2794 5075 2989 5131 iisdem
3012 5080 3173 5143 atque
3195 5071 3451 5142 priorem.

1896 5182 2207 5252 Diapsulma
2244 5193 2371 5233 vero
2401 5185 2526 5230 ante
2558 5172 2714 5233 illud,
2752 5169 2992 5225 Attollite
3015 5176 3220 5232 portas,
3260 5162 3452 5233 princi-

1896 5293 2006 5346 pes,
2041 5282 2263 5335 vestras,
2299 5268 2562 5340 positum,
2611 5264 2827 5320 videtur
2866 5262 3113 5318 melodiaz
3143 5259 3319 5315 solum
3352 5254 3456 5307 im-

1898 5366 2256 5423 mutationem
2282 5361 2562 5424 inducere,
2618 5358 2747 5429 quia
2776 5355 2964 5411 eadem
3008 5355 3061 5409 in
3102 5347 3454 5420 sequentibus

1898 5460 2189 5518 sententia.
2234 5457 2371 5511 Cum
2404 5452 2973 5509 autemeintroiturum
2994 5447 3178 5515 ipsum
3237 5438 3333 5506 ait,
3366 5453 3455 5491 ex-

1897 5556 2035 5610 itum
2069 5551 2233 5607 etiam
2268 5548 2387 5619 ejus
2413 5548 2645 5601 latenter
2678 5540 3040 5599 adumbravit.
3088 5532 3289 5587 Deinde
3323 5541 3454 5584 vero

1895 5647 2025 5718 quia
2059 5659 2169 5699 non
2200 5642 2319 5712 ipse
2366 5640 2516 5695 solus
2565 5638 2870 5691 intraturus
2922 5631 2977 5683 in
3024 5637 3249 5695 regnum
3292 5637 3453 5678 suum

1898 5747 2035 5806 erat,
2073 5746 2259 5811 portas
2289 5748 2476 5793 omnes
2505 5730 2671 5802 pandi
2696 5735 2749 5784 et
2774 5721 2970 5796 aperiri
2997 5719 3245 5792 iubetur,
3264 5728 3458 5775 eorum
