3980 6214
496 286 606 344 225
1112 291 1201 349 ἰξῐῦ
1211 291 1381 347 8ΕΒ11
1418 289 1900 349 (ἱΔΞὸΑἰὶΙΕΝδΙὸ
1935 291 2065 349 OPP

2171 293 2306 350 ARS
2342 292 2429 350 ιιι.
2470 325 2540 337 -
2578 292 2990 351 ΕΧΕϐΕΤΙΟΑ.
3634 294 3752 352 224

501 402 713 461 scilicet
739 419 906 461 causa
937 406 1032 477 qui
1068 420 1193 461 cum
1230 405 1326 461 Dei
1366 404 1507 462 Filio
1536 422 1764 480 regnum
1803 409 2065 465 cmlorum

2174 409 2467 482 μέλλοντας
2520 409 2875 483 κληρονομεῖν
2918 409 3016 481 τὴν
3046 407 3320 481 βασιλείαν
3360 407 3466 463 τῶν
3494 408 3755 482 οὐρανῶν

500 497 855 553 consecuturi
901 505 1078 554 erant.
1134 496 1334 553 Multas
1373 497 1576 570 quippe
1610 514 1675 554 ac
1703 498 1952 557 diversas
1999 500 2065 555 ad

2171 504 2264 556 σὺν
2292 500 2368 573 τῷ
2391 500 2505 573 Υίῷ
2535 502 2629 556 τοῦ
2659 502 2817 557 Θεοῦ.
2851 500 3060 565 Πολλὰς
3085 501 3194 573 γὰρ
3214 500 3414 571 ἀνέῳξε
3440 500 3534 555 καὶ
3555 500 3754 572 διαφό-

498 591 654 661 regni
703 591 970 647 ccelorum
1019 589 1226 646 aditum
1265 599 1455 662 portas
1480 594 1724 663 aperuit:
1762 608 1886 649 nam
1925 593 2065 663 apud

2171 611 2298 667 ρους
2329 594 2503 660 πύλας
2522 595 2620 667 τῆς
2655 597 2735 660 εἰς
2767 597 2890 660 τοὺς
2910 596 3172 666 οὐρανοὺς
3196 593 3427 649 εἰσόδου·
3481 594 3603 649 ἐπεὶ
3648 597 3759 651 καὶ

501 680 714 737 Patrem
772 683 1085 738 mansiones
1130 685 1316 739 multa:
1366 687 1579 741 sunt".
1640 687 1720 740 Ac
1770 686 2064 757 perpende,

500 787 709 845 «priuso,
767 789 897 829 num
956 774 1047 830 hic
1111 777 1358 833 solvatur
1413 778 1644 849 quaestio
1696 780 1917 851 psalmi,
1972 780 2066 850 qui

501 865 583 923 sic
642 865 836 922 habet:
892 867 1144 923 Ascendit
1193 869 1335 928 Deus
1390 871 1445 925 in
1486 870 1833 941 jubilatione,
1880 870 2068 926 Domi-

498 976 597 1013 nus
622 960 676 1014 in
707 976 826 1014 voce
854 960 995 1015 tuba:
1013 962 1081 1017 ⁸⁸.
1151 959 1252 1017 Hic
1292 959 1532 1033 Spiritus
1594 974 1818 1020 sanctus
1865 963 2067 1035 jubila-

497 1052 702 1109 tionem
763 1067 827 1107 ac
866 1068 1052 1109 vocem
1106 1055 1254 1111 tubae
1309 1055 1481 1112 dedit.
1538 1055 1673 1111 Nam
1721 1057 1777 1111 in
1820 1071 2059 1112 ascensu

500 1141 622 1198 Filii
656 1143 750 1200 Dei
784 1145 839 1199 in
866 1146 1061 1210 eteius,
1108 1162 1203 1217 par
1231 1146 1335 1202 fuit
1374 1149 1478 1220 ipsi
1508 1148 1722 1204 obviam
1754 1148 1865 1205 isse
1901 1164 2067 1221 ange-

500 1236 606 1301 los,
662 1252 775 1292 sum
819 1252 918 1305 pro
970 1237 1285 1294 hominibus
1337 1238 1661 1294 teconomia:
1686 1240 2063 1305 administros,

499 1338 664 1400 atque
710 1329 1017 1384 caelestium
1052 1342 1334 1401 portarum
1389 1330 1535 1387 fores
1590 1331 1693 1402 ipsi
1761 1333 2064 1402 aperuisse,

495 1438 660 1479 voces
688 1423 1075 1494 angelicosque
1104 1424 1394 1490 clamores,
1427 1426 1520 1496 qui
1550 1424 1606 1479 in
1624 1423 1837 1496 psalmo
1873 1423 2065 1480 ferun-

496 1524 606 1581 tur,
659 1517 946 1572 emisisse:
979 1532 1118 1588 quos
1149 1517 1529 1588 jubilationem
1579 1524 1635 1573 et
1670 1532 1857 1573 vocem
1913 1518 2061 1574 tubae

492 1613 778 1677 nuncupat
811 1606 1001 1663 dicens
1029 1625 1043 1663 ι
1073 1608 1320 1663 Ascendit
1342 1608 1482 1663 Deus
1513 1607 1570 1661 in
1587 1606 1932 1677 jubilatione,
1964 1607 2067 1666 Da-

498 1698 675 1754 minus
701 1699 756 1753 in
784 1715 902 1754 voce
929 1698 1088 1755 tuba.

1040 1894 1272 1951 DAVIDI
1311 1895 1503 1953 XXIV.

566 1989 701 2045 Cum
722 2004 899 2059 neque
927 1989 1190 2061 psalmus,
1213 2005 1390 2061 neque
1418 1989 1713 2059 canticum,
1737 2006 1914 2061 neque
1934 1989 2063 2062 quid

497 2080 677 2137 simile
712 2080 1064 2146 inscribatur,
1094 2095 1271 2151 neque
1301 2081 1357 2135 in
1395 2081 1553 2135 linem
1583 2080 1698 2135 haec
1727 2078 2062 2148 referantur;

497 2189 561 2229 ac
586 2173 806 2244 quidam
828 2188 1107 2229 sermones
1132 2173 1243 2229 sint
1270 2172 1323 2227 in
1347 2170 1553 2245 Spiritu
1579 2182 1772 2229 sancto
1801 2189 1830 2227 a
1864 2171 2066 2228 Davide

498 2265 821 2336 conscripti,
852 2265 975 2321 ideo
1002 2280 1032 2319 a
1064 2265 1288 2336 reliquis
1317 2266 1708 2337 interpretibus
1730 2265 1949 2321 Davidis
1979 2266 2067 2321 in-

496 2356 777 2415 scribitur.
799 2356 931 2413 Jure
959 2357 1209 2413 dicamus
1238 2358 1414 2429 ipsum
1441 2357 1745 2413 doctrinam
1778 2358 2063 2429 complecti

496 2449 861 2505 confessionis
891 2448 1002 2504 Deo
1034 2449 1284 2517 emissae;
1316 2465 1423 2521 qua
1461 2450 1610 2522 prior
1640 2450 1857 2521 quidem
1897 2449 2065 2505 David

498 2558 634 2599 usus
668 2544 761 2608 sit,
792 2540 989 2597 deinde
1019 2541 1177 2597 nobis
1203 2542 1446 2598 eamdem
1472 2542 1647 2614 ipsam
1669 2541 1979 2609 tradiderit,
2008 2550 2069 2597 ut

495 2634 718 2690 doceret
748 2648 858 2705 quo
885 2643 1044 2704 pacto
1086 2633 1361 2688 infirmum
1392 2650 1665 2705 quemque
1697 2635 1935 2690 animam
1969 2651 2067 2690 cu-

494 2743 617 2784 rare
651 2742 805 2784 suam
837 2742 934 2798 per
962 2724 1366 2783 confessionem
1393 2735 1663 2798 Oporteat.

570 2904 733 2961 Vsus.
763 2906 819 2971 Ξ,
849 2907 902 2961 3.
941 2905 1021 2958 Ad
1044 2915 1111 2968 te,
1144 2905 1382 2970 Domine,
1414 2907 1579 2961 levavi
1618 2907 1849 2961 animam
1876 2924 2066 2973 meam;

496 2995 640 3051 D'eus
671 3013 836 3061 meus,
865 2996 918 3050 in
946 3006 993 3050 te
1015 2996 1244 3065 conﬁdo,
1273 3014 1374 3051 non
1398 2997 1695 3052 erubescam
1721 3014 1739 3052 :
1762 3014 1921 3069 neque
1943 2998 2069 3051 irri-

494 3087 650 3142 deant
677 3103 757 3142 me
783 3080 989 3140 inimici
1009 3087 1129 3151 mei,
1153 3088 1342 3141 etenim
1371 3088 1600 3143 universi
1627 3090 1718 3160 qui
1738 3090 1996 3145 sustinent
2021 3099 2069 3146 te

495 3196 597 3235 mm
634 3178 1039 3249 confundentur.
1073 3178 1197 3234 Haec
1228 3180 1325 3246 ait,
1358 3182 1516 3251 quasi
1558 3181 1613 3236 in
1640 3182 1809 3236 altum
1841 3191 2062 3240 evectus
2091 3166 2133 3223 (ἶ

494 3288 546 3328 ct
576 3274 911 3339 translatus;
957 3280 1017 3327 ut
1049 3275 1141 3345 qui
1180 3276 1417 3330 animam
1451 3290 1605 3330 suam
1646 3275 1713 3331 ab
1742 3275 1945 3333 infimis
1973 3292 2062 3334 re-

496 3366 601 3423 bus
628 3366 955 3421 abstractam
988 3367 1272 3423 sublimem
1304 3368 1496 3439 egerit,
1528 3377 1689 3438 atque
1716 3367 1912 3424 affectu
1940 3384 2061 3425 eam

493 3473 713 3516 sin-sum
752 3472 817 3514 ac
857 3457 969 3514 Deo
1000 3459 1236 3514 vicinam
1288 3459 1657 3526 constituerit,
1709 3466 1764 3515 et
1809 3460 2060 3515 mortalia

493 3551 843 3622 humanaque
873 3561 1179 3616 aversatus,
1230 3550 1299 3606 ad
1343 3550 1510 3608 Deum
1552 3566 1611 3608 se
1642 3552 1859 3608 sincero
1896 3551 2063 3609 corde

494 3647 843 3702 converterit.
874 3644 1187 3716 Deindequc
1221 3646 1296 3699 ait
1321 3665 1333 3700 :
1359 3642 1477 3701 Non
1509 3645 1663 3711 mihi,
1701 3644 1796 3701 sed
1826 3645 1927 3701 tibi
1952 3643 2063 3701 Deo

493 3753 613 3794 meo
634 3737 895 3805 confisus,
923 3739 1201 3808 multaque
1222 3752 1354 3792 usus
1386 3737 1602 3801 ﬁducia,
1631 3737 1794 3793 talem
1829 3752 1942 3793 rem
1976 3752 2065 3808 ag-

494 3844 716 3900 gressus
754 3843 894 3883 sum.
929 3827 1030 3894 Qui
1061 3829 1243 3883 omnia
1279 3843 1399 3899 qua:
1426 3828 1528 3884 sub
1548 3837 1826 3899 aspectum
1856 3835 1909 3883 et
1937 3844 2064 3885 sen-

497 3936 617 3976 sum
647 3920 851 3975 cadunt
884 3920 1232 3990 contempsit,
1262 3928 1317 3976 et
1342 3920 1406 3974 ad
1438 3920 1819 3990 incorporeum
1856 3920 2063 3975 invisi-

493 4014 765 4083 bilcmque
798 4012 967 4067 Deum
1004 4012 1239 4066 animam
1271 4012 1466 4077 erexit,
1510 4011 1700 4082 Deum,
1746 4023 1805 4069 ut
1843 4029 2063 4085 posses-

495 4121 617 4163 sum
652 4106 751 4163 abs
789 4120 848 4161 se
889 4105 1114 4169 bonum,
1158 4103 1386 4160 fidenter
1426 4104 1681 4174 invocat;
1731 4115 2063 4179 quapropter

494 4199 629 4254 dicit
669 4220 682 4254 :
716 4198 856 4254 Deus
888 4215 1055 4261 meus,
1106 4199 1159 4252 in
1195 4207 1241 4251 te
1271 4196 1498 4267 conﬁdo.
1548 4197 1679 4265 Quae
1714 4198 1781 4252 ad
1816 4215 1904 4255 me
1930 4201 2061 4254 atti-

495 4297 645 4355 nent,
678 4290 875 4360 inquit,
912 4289 985 4344 ita
1016 4304 1075 4344 se
1106 4289 1328 4344 habent.
1356 4289 1621 4344 Caeterum
1647 4290 1901 4361 precibus
1928 4292 2062 4347 mihi

495 4384 786 4454 divinoque
818 4390 916 4438 tuo
944 4382 1149 4437 auxilio
1179 4396 1317 4453 Opus
1339 4388 1445 4447 est,
1472 4389 1530 4436 ut
1551 4398 1620 4438 ne
1642 4397 1672 4436 a
1707 4397 1874 4454 scopo
1904 4384 2061 4439 aber-

495 4491 630 4542 rem,
676 4492 811 4532 neve
851 4491 950 4531 ceu
983 4490 1014 4529 a
1042 4474 1266 4545 praealto
1303 4474 1584 4530 cacumine
1615 4475 1801 4547 lapsus
1834 4482 2054 4532 atterar.

496 4567 675 4634 Quare
705 4568 934 4623 obsecro
961 4582 1223 4638 rogoque,
1252 4583 1320 4623 ne
1342 4566 1412 4623 ab
1433 4566 1671 4624 inimicis
1696 4569 1833 4625 meis
1856 4569 2061 4641 pudore

496 4660 780 4716 sull‘undar
808 4666 863 4714 et
894 4659 1124 4715 irridear
1156 4679 1169 4714 :
1200 4659 1345 4729 quod
1376 4676 1507 4716 sane
1531 4668 1625 4716 tuo
1654 4661 1748 4717 Dei
1778 4663 1882 4718 mei
1906 4664 2062 4718 auxi-

495 4752 569 4806 lio
596 4751 874 4805 obtinebo.
912 4749 1045 4803 Nam
1071 4752 1302 4821 pristina
1333 4752 1551 4822 quidem
1591 4769 1655 4807 ex
1701 4755 1922 4825 pr0prio
1966 4772 2063 4811 vo-

496 4843 721 4898 luntatis
747 4840 957 4896 delectu
981 4842 1485 4912 proficiscebantur,
1512 4851 1571 4898 ut
1593 4845 1802 4902 scilicet
1823 4847 2059 4902 animum

493 4948 668 4989 meam
712 4931 979 4989 arbitratu
1028 4947 1150 4988 meo
1195 4949 1290 4989 sus
1334 4933 1508 5006 deque
1537 4951 1793 5008 agerem:
1825 4938 2065 4995 secunda

496 5021 802 5094 patrocinio
832 5029 887 5077 et
919 5022 1166 5078 subsidio
1199 5032 1361 5096 egent
1399 5032 1519 5105 tuo.

573 5286 732 5345 Vsus.
766 5288 817 5344 4.
855 5287 1265 5360 Confundautur
1286 5292 1466 5364 iniqua
1491 5302 1697 5365 agentes
1725 5310 2058 5364 supervacue.

499 5381 784 5456 Proposito
815 5383 1069 5441 insistere
1099 5384 1274 5439 solum
1317 5388 1594 5451 convenit,
1642 5403 1820 5460 neque
1850 5399 2061 5446 mutare

2167 674 2357 741 πολλαὶ
2391 687 2551 759 μονα)⁵
2584 687 2736 761 παρά
2758 687 2835 759 τῷ
2859 688 3053 760 Πατρί.
3082 688 3223 759 Ὅρα
3247 686 3304 741 δὲ
3334 687 3383 741 εἰ
3420 685 3494 759 μὴ
3525 688 3585 747 ἑν
3616 688 3754 743 τού-

2163 796 2278 843 τοις
2302 778 2486 851 λυθείη
2515 777 2581 833 ἂν
2608 778 2668 834 τδ
2702 777 3029 852 ζητούμενον
3062 780 3120 833 ὲν
3141 777 3219 850 τῷ
3242 776 3505 848 φάσκοντι
3520 777 3747 851 ψαλμῷ·

2177 872 2375 940 Ἀνέϐη
2406 875 2440 926 ὀ
2466 871 2609 938 Θεὸς
2671 871 2742 926 ἐν
2789 869 3133 942 ἀλαλαγμῷ,
3185 871 3403 940 Κύριος
3457 870 3529 925 ἐν
3570 871 3757 942 φωνῇ

2163 960 2517 1033 σάλπιγγος.
2570 962 2835 1017 Ἐνταῦθα
2862 962 2970 1035 γάρ
3017 962 3078 1016 τὸ
3110 961 3346 1035 Πνεῦμα
3376 963 3437 1016 τὺ
3462 962 3616 1034 ἀγιον
3648 965 3759 1019 καὶ

2163 1055 2255 1108 τὸν
2277 1053 2590 1127 ἀλαλαγμὸν
2614 1053 2709 1110 καὶ
2740 1054 2839 1126 τὴν
2867 1054 3049 1127 φωνὴν
3102 1053 3204 1125 τῆς
3231 1054 3530 1125 σάλπιγγος
3554 1054 3756 1110 ἀποδί-

2163 1146 2345 1201 δωσιν.
2392 1147 2481 1201 Ἐν
2500 1146 2608 1219 γὰρ
2631 1149 2696 1219 τῇ
2741 1146 2822 1211 εἰς
2840 1145 3103 1218 οὐρανοὺς
3146 1145 3407 1200 ἀναϐάσει
3457 1144 3552 1199 τοῦ
3610 1145 3751 1201 Υἰοῦ

2162 1233 2256 1289 τοῦ
2285 1234 2442 1300 Θεοῦ,
2472 1236 2598 1301 τοὺς
2624 1234 3120 1307 διακονησαμένους
3162 1233 3309 1306 αὐτῷ
3339 1234 3604 1303 ἀγγέλους
3642 1234 3752 1307 τὴν

2162 1326 2243 1389 εἰς
2271 1324 2591 1397 ἀνθρώπους
2644 1325 2956 1397 οἰκονομίαν
3005 1323 3330 1396 προτρέχειν
3379 1323 3527 1396 αὐτῷ
3572 1325 3746 1390 εἰκὸς,

2164 1414 2383 1474 καὶτὰς
2411 1414 2695 1488 οὐρανίους
2733 1413 2906 1479 πύλας
2940 1411 3089 1484 αὐτῷ
3134 1407 3595 1485 παρασκευάζειν,
3632 1432 3752 1484 φω-

2162 1506 2259 1571 νάς
2286 1523 2346 1559 τε
2372 1507 2591 1577 ἀφιέναι
2617 1507 2711 1560 καὶ
2742 1505 2870 1577 βοὰς
2895 1504 3210 1576 ἀγγελικὰςν
3232 1504 3332 1569 τὰς
3351 1506 3409 1560 ἒν
3436 1505 3515 1578 τῷ
3541 1505 3747 1579 ψαλμῷ

2163 1598 2486 1670 φερομένας·
2514 1598 2582 1662 ἃς
2598 1597 2663 1671 δὴ
2693 1597 3008 1671 ἀλαλαγμὸν
3062 1598 3157 1651 καὶ
3210 1592 3394 1671 φωνῆν
3444 1597 3753 1668 σάλπιγγος

2162 1689 2411 1762 ὠνόμασε
2434 1690 2633 1762 φήσας·
2674 1689 2872 1759 Ἀνέϐη
2901 1693 2935 1745 ό
2967 1688 3112 1757 Θεὸς
3144 1689 3214 1743 ἐν
3238 1689 3586 1763 ἀλαλαγμῷ,
3626 1692 3751 1745 Κύ-

2097 1822 2140 1878 B
2158 1800 2289 1853 ριος
2318 1783 2387 1837 ἐν
2415 1780 2586 1853 φωνῇ
2611 1781 2961 1854 σάλπιγγος,

2706 1899 2795 1952 ΤΩ
2831 1898 3029 1953 ΔΑΥΙΔ
3066 1898 3201 1953 KA'.

2246 1986 2399 2043 Ἐπεὶ
2429 1987 2569 2060 μήτε
2592 1985 2802 2059 ψαλμδς
2827 1987 3243 2059 ἐπιγέγραπται,
3273 1989 3408 2062 μήτε
3437 1988 3567 2061 ᾠδὴ,
3604 1990 3744 2063 μήτε

2162 2096 2217 2132 τι
2247 2077 2356 2132 τῶν
2400 2077 2819 2149 παραπλησίων,
2871 2076 2987 2131 ἀλλ’
3042 2078 3151 2132 οὐδ’
3199 2080 3299 2144 εἰς,
3337 2080 3399 2133 τὸ
3430 2077 3584 2143 τέλος
3613 2079 3748 2132 ἀνα-

2165 2171 2439 2243 πέμπεται
2468 2170 2538 2224 τά
2558 2170 2908 2242 προκείμενα·
2936 2170 3083 2239 λόγοι
3100 2169 3156 2223 δέ
3173 2172 3308 2225 εἰσιν
3334 2171 3391 2224 ὲν
3412 2171 3550 2242 ἁγίῳ
3573 2171 3750 2225 Πνεύ-

2168 2281 2297 2337 ματι
2318 2263 2398 2336 τῷ
2420 2262 2583 2317 Δαυῒδ
2606 2262 3103 2334 συγγεγραμμένοι·
3122 2263 3202 2317 διὸ
3231 2262 3382 2335 παρά
3403 2264 3515 2326 τοῖς
3536 2262 3748 2327 λοιποῖς

2165 2358 2523 2430 ἑρμηνευταϊς
2555 2356 2661 2411 τοῦ
2685 2354 2865 2409 Δαυῒδ
2912 2356 3351 2429 προγέγραπται·
3386 2355 3608 2421 εἰκότως
3638 2357 3747 2426 φή-

2168 2466 2331 2520 σομεν
2353 2447 2697 2503 διδασκαλίαν
2730 2448 3005 2520 περιέχειν
3029 2448 3129 2518 τῆς
3177 2448 3315 2520 πρὸς
3346 2447 3438 2501 τὸν
3461 2446 3594 2502 Θεὸν
3623 2448 3747 2513 ἰξο-

2169 2540 2534 2613 μολογήσεως,
2632 2540 2846 2611 πρῶτος
2882 2539 2979 2611 μὲν
3004 2539 3165 2604 αὐτὸς
3192 2542 3221 2593 ό
3248 2538 3411 2593 Δαυῒδ
3447 2541 3744 2613 ἐχρήσατο,

2167 2630 2356 2684 ἔπειτα
2412 2629 2469 2683 δὲ
2520 2630 2613 2683 καὶ
2673 2630 2805 2699 ἡμῖν
2865 2629 3237 2701 παραδέδωκε.
3297 2629 3564 2684 παιδεύων
3590 2629 3748 2697 ὅπως

2166 2722 2271 2795 χρὴ
2305 2723 2603 2794 νοσήσαντα
2632 2721 2729 2795 τὴν
2755 2720 2962 2776 ἑαυτῶν
2987 2721 3313 2791 θεραπεύειν
3334 2721 3507 2795 ψυχὴν
3524 2722 3591 2776 δι’
3619 2723 3750 2792 ἑξο-

2171 2814 2534 2888 μολογήσεως.

2236 2906 2395 2976 Πρὸς
2421 2906 2516 2971 σὲ,
2546 2907 2741 2976 Κύριε,
2776 2901 2892 2979 ἦρα
2932 2904 3045 2975 τὴν
3086 2905 3300 2977 ψυχήν
3336 2924 3473 2977 μου·
3517 2908 3551 2961 ὁ
3593 2907 3753 2974 Θεός

2164 3015 2303 3068 μου,
2343 2996 2440 3051 ἐπί
2471 2997 2570 3052 σοί
2615 2998 2886 3061 πέποιθα,
2908 2998 2992 3069 μὴ
3040 2999 3541 3069 κατασχυνθείην·
3585 2998 3751 3070 μηδὲ

2169 3089 2752 3160 καταγελασάτωσάν
2771 3110 2846 3162 με
2873 3095 2926 3146 οἱ
2958 3092 3158 3162 ἐχθροί
3175 3108 3315 3162 μου·
3338 3091 3439 3145 καί
3465 3091 3574 3163 γὰρ
3596 3089 3747 3145 πάν·-

2167 3198 2265 3249 τες
2292 3185 2346 3237 οί
2393 3182 2800 3253 ύπομένοντές
2844 3201 2919 3239 σε
2960 3186 3031 3238 οὐ
3077 3183 3162 3254 μὴ
3232 3184 3743 3253 καταισχυνθῶσι.

2168 3271 2353 3327 Ταῦτά
2379 3290 2563 3346 φησιν,
2619 3274 2819 3328 ὡσανεὶ
2869 3275 3077 3347 ἐπάρας
3115 3278 3194 3340 εἰς
3240 3274 3373 3345 ὕψος
3403 3275 3653 3347 μεταθείς
3682 3292 3745 3331 τε

2166 3364 2258 3418 καὶ
2292 3364 2627 3438 μετεωρίσας
2652 3365 2761 3420 τῶν
2794 3367 2922 3439 τῇδε
2945 3368 3284 3440 πραγμάτων
3298 3368 3397 3441 τὴν
3427 3367 3620 3423 ἑαυτοῦ
3638 3368 3748 3440 ψυ-

2167 3458 2286 3529 χήν·
2324 3456 2434 3512 ἀνω
2454 3475 2515 3511 τε
2546 3458 2773 3530 πλησίον
2795 3459 2965 3531 αὐτὴν
2994 3459 3086 3513 τοῦ
3116 3459 3251 3514 Θεοῦ
3281 3463 3348 3533 τῇ
3373 3459 3609 3516 διαθέσει
3639 3478 3748 3515 κα-

2166 3554 2440 3623 ταστήσας
2465 3552 2534 3607 δι’
2574 3554 2923 3625 ἀποστροφῆς
2963 3554 3061 3626 μὲν
3093 3553 3200 3607 τῶν
3250 3552 3461 3625 θνητῶν
3507 3552 3602 3607 καὶ
3648 3552 3748 3607 ἁν-

2168 3643 2473 3717 θρωπίνων,
2503 3647 2834 3719 ἐπιστροφῆς
2881 3647 2938 3701 δὲ
2968 3646 3195 3719 γνησίας
3226 3646 3323 3718 τῆς
3371 3646 3509 3718 πρὸς
3556 3645 3742 3702 αὐτόν.

2171 3739 2409 3794 Ἐπειτά
2429 3756 2583 3812 φησι·
2603 3739 2773 3793 Τοῦτο
2800 3739 3097 3811 πεποίηκα,
3124 3738 3223 3791 οὐκ
3252 3736 3474 3809 ἐμαυτῷ
3503 3736 3743 3810 θαρρῶν,

2168 3831 2281 3885 ἀλλ’
2307 3831 2399 3884 ἐπὶ
2434 3831 2516 3884 σο⁹ι
2544 3829 2622 3902 τῷ
2642 3829 2760 3902 Θεῷ
2786 3848 2886 3903 μου
2913 3829 3208 3894 πεποιθὼς,
3266 3829 3432 3902 πολλῇ
3463 3830 3750 3903 παρρησίᾳ

2167 3922 2464 3995 χρώμενος.
2514 3922 2572 3977 '0
2595 3923 2809 3978 πάντων
2840 3922 2938 3994 μὲν
2988 3922 3098 3976 τῶν
3147 3922 3418 3995 αἰσθητῶν
3456 3925 3549 3977 καὶ
3604 3923 3749 3994 δρω-

2171 4012 2346 4083 μένων
2375 4013 2809 4085 καταφρονήσας,
2842 4013 2935 4067 ἐπὶ
2952 4013 3009 4067 δὲ
3033 4012 3124 4067 τὸν
3146 4013 3434 4084 ἀσώματον
3459 4014 3553 4068 καὶ
3579 4013 3749 4086 ἀόρα·⁵

2166 4119 2256 4157 τον
2283 4103 2415 4157 Θεὸν
2450 4102 2545 4177 τὴν
2569 4104 2762 4159 ἑαυτοῦ
2782 4104 2960 4177 ψυχὴν
2984 4104 3213 4176 ἐπάρας,
3272 4104 3348 4169 ὡς
3375 4104 3441 4160 ἂν
3466 4105 3595 4160 ῐδιον
3617 4106 3749 4160 ἑαυ-

2167 4196 2259 4250 τοῦ
2296 4198 2481 4270 κτῆμα
2524 4198 2813 4269 γενόμενον
2851 4196 2942 4251 τὸν
2973 4197 3104 4252 Θεὸν
3133 4198 3507 4253 ἐπικαλεῖσθαι
3530 4198 3741 4271 θαρῤεἶ·

2166 4287 2246 4342 διὸ
2271 4288 2437 4358 λέγει·
2498 4289 2560 4344 '0
2611 4291 2754 4357 Θεός
2775 4308 2919 4361 μου,
2944 4289 3041 4343 ἐπὶ
3071 4290 3169 4343 σοὶ
3229 4289 3501 4345 πέποιθα.
3538 4290 3647 4344 Καὶ
3674 4290 3748 4345 τά

2169 4382 2296 4453 παρ’
2320 4382 2451 4453 ἐμοῦ
2487 4383 2604 4453 μὲν,
2628 4383 2782 4454 φησὶ,
2811 4382 3002 4438 ταῦτα.
3037 4383 3235 4437 Λοιπὸν
3263 4383 3318 4437 δὲ
3339 4384 3504 4456 εὐχῆς
3534 4384 3745 4456 μοιδεῖ,

2168 4472 2262 4526 καὶ
2292 4472 2391 4543 τῆς
2423 4474 2575 4545 παρά
2596 4472 2691 4528 σοῦ
2730 4473 2824 4529 τοῦ
2878 4473 3012 4528 Θεοῦ
3042 4474 3379 4545 συνεργείας,
3410 4475 3546 4547 πρὸς
3578 4475 3637 4528 τὸ
3667 4477 3745 4548 μὴ

2166 4564 2423 4620 ἐκπεσεῖν
2474 4564 2568 4618 τοῦ
2596 4564 2821 4629 σκοποῦ,
2856 4564 2975 4636 μηδ’
3003 4564 3191 4637 ὥσπερ
3221 4566 3314 4636 ἀφ’
3335 4564 3542 4638 ὑψηλῆς
3568 4568 3750 4639 ἀκρω-

2169 4655 2321 4728 ρείας
2354 4655 2588 4710 πεσόντα
2618 4656 3019 4729 ἀπορραγῆναι.
3050 4657 3140 4711 Διὸ
3172 4656 3364 4728 δέομαι
3393 4660 3486 4712 καὶ
3517 4658 3750 4713 ἱκετεύω

2171 4750 2245 4822 μὴ
2276 4749 2754 4822 καταισχυνθῆναι,
2800 4748 2932 4820 μηδὲ
2973 4749 3445 4823 καταγελασθῆναι
3493 4750 3599 4804 ὐπὸ
3634 4750 3751 4803 τῶν

2168 4844 2375 4918 ἐχθρῶν
2400 4861 2522 4917 μου·
2558 4842 2728 4898 ταῦτα
2747 4841 2803 4895 δέ
2835 4858 2925 4913 μοι
2957 4840 3106 4894 ἔσται
3150 4842 3214 4895 ὲκ
3240 4842 3339 4913 τῆς
3364 4842 3465 4913 σῆς
3484 4840 3578 4895 τοῦ
3606 4841 3748 4896 Θεοῦ

2172 4954 2271 5009 μου
2304 4935 2573 5009 βοηθείας.
2605 4934 2686 4988 Τὰ
2712 4934 2808 5004 μὲν
2837 4932 2946 5005 γὰρ
2973 4932 3164 5005 πρῶτα
3203 4933 3263 5000 ἐξ
3291 4933 3434 5006 ὲμῆς
3463 4929 3530 5005 ἦν
3551 4950 3755 5005 προαι.

2170 5030 2391 5101 ρέσεως,
2417 5030 2479 5084 τὺ
2515 5029 2668 5097 ἄγειν
2690 5027 2785 5081 καί
2826 5027 3010 5099 φέρειν
3034 5026 3131 5099 τὴν
3162 5024 3399 5097 ἐμαυτοῦ
3435 5024 3614 5095 ψυχὴν
3635 5026 3749 5098 ὃτι-η

2166 5123 2260 5177 καὶ
2285 5122 2565 5195 βούλομαι·
2592 5119 2661 5174 τά
2685 5120 2742 5175 δὲ
2766 5118 2993 5192 δεύτερα
3024 5122 3125 5192 τῆς
3156 5120 3256 5192 σῆς
3282 5117 3620 5192 ἀντιλήψεως
3651 5120 3754 5174 καὶ

2166 5214 2480 5287 συνεργείας
2501 5212 2689 5267 δεῖται.

2234 5302 2746 5373 Αίσχυνθήτωσαν
2772 5306 2826 5358 ol
2853 5303 3218 5374 ἀνομοῦντες
3244 5301 3542 5371 διακενῆς.
3566 5301 3755 5356 Μόνον

2166 5394 2453 5467 ὑπομένειν
2476 5398 2543 5468 τῇ
2577 5395 2853 5469 προθέσει,
2886 5396 3019 5468 μηδὲ
3051 5395 3426 5468 μεταϐάλλειν,
3453 5397 3549 5450 καὶ
3590 5396 3753 5468 μεθί-

498 5476 846 5543 sententiam,
877 5477 961 5532 vel
989 5492 1021 5532 a
1060 5476 1166 5533 fide
1192 5477 1445 5535 deiicere.
1477 5477 1612 5534 Nam
1643 5483 1737 5552 qui
1774 5484 2061 5542 instabiles

2171 5486 2397 5543 στασθαι
2440 5489 2537 5561 τῆς
2565 5489 2818 5554 πίστεως.
2845 5489 2909 5542 Οἰ
2955 5487 3064 5561 γάρ
3096 5488 3398 5561 εὐρίπιστοι
3431 5488 3527 5544 καὶ
3578 5489 3747 5544 παντὶ

498 5570 832 5643 mobilesque
863 5578 1013 5638 sunt,
1062 5584 1125 5627 ac
1151 5571 1297 5626 omni
1329 5580 1490 5627 vento
1513 5572 1995 5644 circumferuntur,
2027 5577 2059 5633 ii

2171 5580 2354 5654 ἀνέμῳ
2381 5582 2799 5657 περιφερόμενοι
2826 5578 3045 5637 πάθοιεν
3074 5580 3137 5636 ἀν
3167 5597 3295 5636 ποτε
3324 5581 3392 5637 τὰ
3413 5582 3512 5654 τῆς
3540 5576 3745 5655 αἰσχύ-

569 5726 613 5762 ¹⁷
651 5727 806 5787 Joau.
842 5730 1047 5803 xw,_2.
1124 5732 1168 5766 ³⁸
1205 5729 1350 5788 Psal.
1390 5746 1548 5802 ιινι,
1586 5731 1638 5787 6.
