3992 6216
267 260 387 314 225
1398 255 1894 314 COMMENTARIA
1934 254 1999 309 ΙΝ
2038 252 2377 311 PSALMOS.
3395 255 3503 308 226

263 390 388 444 νηςο
414 375 474 428 οὐ
505 375 610 446 μὴν
635 374 727 429 καὶ
754 375 805 428 οἱ
845 375 1023 444 λέγειν
1068 374 1457 447 μεμαθηκότες·
1502 375 1833 446 ’Υπομένων

1943 382 2089 429 certe
2137 374 2193 428 in
2244 373 2622 430 confusionem
2672 381 2726 428 ct
2759 373 3111 444 Opprobrium
3147 373 3501 430 delabentur:

265 463 560 535 ὑπέμεινα
589 465 697 518 τὸν
744 467 978 534 Κύριον.
1016 467 1161 520 Ἀντὶ
1191 467 1248 520 δὲ
1299 467 1414 532 τοῦ,
1458 467 1833 538 ἀνομοῦντες,

1943 467 2036 520 sed
2063 481 2172 520 non
2205 466 2427 536 perinde
2457 465 2490 519 ii
2513 465 2607 535 qui
2637 465 2750 520 haec
2775 466 2926 520 ell'ari
2951 466 3279 533 didicerunt,
3313 465 3506 536 Exspe-

263 559 314 609 οἱ
344 557 524 610 λοιποὶ
549 557 644 611 καὶ
672 559 705 629 ὴ
733 559 952 631 πέμπτη
985 558 1212 622 ἔκδοσις,
1255 562 1309 613 οι
1365 559 1833 626 ἀποστατοῦντες

1945 567 2095 611 etans
2150 559 2446 627 exspectavi
2499 557 2780 612 Dominum
2801 559 2866 612 '9.
2914 555 3086 627 Hujus
3134 564 3312 610 autem
3359 556 3500 619 loco,

263 649 700 720 ἡρμηνεύκασιν·
739 651 924 720 σαφῶς
971 651 1096 713 τοὺς
1143 651 1482 722 παραϐάτας,
1513 651 1712 722 καὶμὴ
1765 650 1833 721 τᾷ

1945 650 2125 719 iniqua
2164 659 2392 719 agentes,
2432 648 2622 718 reliqui
2666 651 2984 719 interpretes
3016 663 3079 702 ac
3108 646 3304 713 Quinta
3337 646 3504 702 editio

259 741 523 812 προτέρῳ
553 741 756 795 ἑαυτῶν
789 742 972 812 σκοπῷ
1017 743 1349 815 ἐμμένοντας
1387 740 1833 812 καταισχυνθήσε-

1944 742 2239 811 de/icientes
2288 741 2627 811 interpretati
2667 749 2796 796 sunt
2839 761 2852 795 :
2885 755 2994 811 quo
3036 740 3502 810 praevaricatores,

264 831 397 885 σθαι
441 834 867 906 ἀποφηνάμενοι.
932 836 1042 906 Τῆς
1089 835 1196 907 γὰρ
1247 835 1581 898 ἀποστασίας
1639 833 1833 888 ὲαυτῶι

1945 850 2156 890 necnon
2205 849 2299 890 eos
2336 837 2429 905 qui
2463 835 2516 887 in
2549 834 2782 904 pristino
2829 849 2994 904 scopo
3040 848 3104 887 ac
3137 832 3367 887 consilio
3395 845 3501 885 non

267 923 484 995 καρπὸν
516 925 769 978 ὑπόκενον
798 925 1067 996 εὑρόντες,
1095 925 1170 989 ὡς
1200 925 1264 979 ἂν
1307 925 1558 995 διακενῆς
1606 923 1833 976 ἀποστα-

1946 933 2385 995 perseverarunt,
2413 925 2618 994 pudore
2646 924 2952 979 alliciendos
2972 939 3092 979 esse
3116 931 3297 992 aperte
3322 921 3502 977 decla-

269 1015 533 1086 τήσαντες
555 1015 647 1070 τοῦ
679 1015 834 1081 Θεοῦ,
868 1017 1438 1090 καταισχυνθήσονται.

1945 1026 2088 1071 rant.
2115 1016 2407 1087 Postquam
2437 1016 2581 1070 enim
2607 1031 2806 1070 vanum
2835 1015 3155 1084 irritumque
3181 1013 3502 1070 defectionis

270 1124 388 1166 suae
421 1109 653 1166 fructum
697 1111 1174 1182 deprehenderint,
1214 1119 1400 1182 utpote
1429 1110 1522 1182 qui
1554 1108 1756 1166 frustra
1789 1124 1817 1162 a
1859 1106 1970 1164 Deo
2007 1111 2355 1176 desciverint,
2390 1111 2444 1166 in
2479 1111 2735 1182 pudorem
2771 1124 2835 1162 ac
2899 1107 3290 1179 turpitudinem
3349 1106 3500 1162 dela-

270 1201 489 1257 bentur.

2008 1288 2172 1346 Vens.
2210 1290 2260 1344 5.
2305 1291 2428 1345 Vias
2463 1301 2601 1356 tuas,
2642 1291 2884 1356 Domine,
2929 1292 3233 1347 demonstra
3267 1296 3413 1359 mihi,
3447 1305 3498 1350 et

344 1314 453 1379 Τὰς
483 1312 660 1382 ὁδούς
688 1331 826 1381 σου,
851 1318 1048 1386 Κύριε,
1085 1317 1382 1388 πνικὶιρισόν
1409 1333 1530 1386 μοι,
1584 1315 1678 1369 καὶ
1731 1314 1838 1381 τὰς

1938 1383 2148 1436 semitas
2191 1393 2311 1436 tuas
2341 1383 2496 1436 edoce
2530 1400 2626 1436 me.
2655 1382 2836 1452 Dirige
2872 1399 2950 1436 me
2990 1384 3044 1437 in
3082 1385 3296 1439 veritate
3328 1393 3420 1439 tua
3449 1395 3498 1441 et

267 1405 502 1471 τρίϐους
535 1422 650 1460 σου
679 1407 928 1475 δίδαξον
945 1426 1042 1480 με.
1101 1408 1428 1478 Ὀδήγησόν
1466 1424 1542 1478 με
1588 1407 1686 1460 ἐπὶ
1725 1407 1839 1475 τὴν

263 1495 555 1562 ἀλήθειάν
577 1514 692 1554 σου
720 1474 1094 1566 καὶνδίδιιξόν
1134 1474 1252 1570 με(
1273 1474 1362 1553 ότι
1421 1474 1501 1554 σὺ
1530 1495 1590 1553 εἷ
1621 1503 1653 1553 ό
1695 1499 1833 1564 Θεὸς

1937 1474 2062 1528 doce
2084 1491 2182 1537 me,
2212 1476 2337 1544 quia
2368 1484 2422 1527 tu
2457 1492 2510 1529 es
2547 1475 2684 1528 Deus
2709 1474 2956 1530 Salvator
2985 1492 3148 1541 meus,
3184 1486 3234 1531 et
3265 1486 3314 1532 te
3333 1481 3496 1534 susti-

262 1591 296 1641 ὸ
326 1589 529 1658 Σωτήρ
560 1608 701 1660 μου,
733 1594 831 1647 καὶ
885 1593 960 1646 σὲ
1009 1565 1296 1661 ὑπέμεινα
1332 1591 1484 1658 ὅλην
1535 1589 1648 1658 τὴν
1696 1589 1833 1659 ἡμέ-

1939 1567 2030 1620 nui
2061 1575 2170 1620 tota
2207 1566 2308 1621 die.
2361 1565 2499 1620 Sunt
2546 1582 2708 1636 porro
2751 1566 2850 1621 vise
2878 1565 3113 1628 Domini,
3150 1568 3496 1638 providentiae

261 1695 396 1744 ραν.
429 1659 632 1736 Είσὶίδὲ
663 1683 772 1735 ὁδοὶ
807 1682 899 1736 τοῦ
927 1659 1134 1754 Κυρίου
1162 1685 1216 1736 αἱ
1252 1683 1348 1754 τῆς
1387 1679 1638 1754 προνοίας
1669 1681 1832 1734 αὑτοῦ
1869 1732 1905 1754 η
1937 1659 2110 1730 ῘΡ⁵Ῐ¹¹³
2161 1659 2682 1754 θάπξίηίείτθῑίοξιθει
2740 1661 2896 1754 (lueis
2944 1661 3125 1754 9mg“
3181 1662 3446 1732 Βυδετηθι
3479 1683 3493 1718 ε

261 1732 1831 1845 sanaugial's.'ia:tingi..."saepe:ea

1937 1765 2072 1820 quas
2104 1766 2204 1807 nos
2249 1751 2467 1806 divinus
2514 1751 2704 1806 edocet
2739 1752 3031 1821 Apostolus
3066 1753 3149 1808 his
3187 1754 3368 1810 verbis
3399 1775 3412 1811 :
3451 1754 3495 1811 0

262 1853 340 1913 ὧν
377 1864 404 1915 ὁ
438 1861 580 1926 θεῖος
634 1864 945 1928 Ἀπόστολος
989 1864 1250 1919 διδάσκων
1299 1864 1500 1933 ἔλεγενο
1539 1844 1606 1917 Ὢ
1631 1844 1832 1929 νβάθος

1936 1844 2164 1898 altitudo
2193 1844 2498 1899 divitiarum
2526 1844 2800 1914 sapientia:
2831 1854 2879 1898 et
2917 1846 3149 1898 scientia:
3182 1845 3317 1900 Dei!
3340 1863 3494 1918 quam

263 1953 533 2008 πλούτου
558 1955 654 2008 καὶ
675 1958 892 2026 σοφίας
927 1957 1023 2010 καὶ
1056 1956 1326 2027 γνώσεως
1347 1955 1512 2010 Θεοῦ
1544 1956 1622 2021 ὡς
1653 1957 1829 2020 ἀνεξ-

1936 1935 2476 2004 incomprehensibilia
2505 1944 2628 1990 sunt
2649 1933 2858 2004 judicia
2890 1935 3003 2004 ejus
3036 1944 3084 1989 et
3117 1937 3494 2006 investigabiles

262 2047 551 2114 ερεύνητα
600 2047 670 2101 τὰ
727 2025 980 2120 κρίματα
1024 2025 1207 2104 αὑτοῦ
1248 2048 1347 2102 καὶ
1389 2049 1831 2118 ἀνεξιχνίαστοι

1936 2031 2032 2080 viae
2066 2027 2179 2093 ejus
2206 2027 2287 2078 '°.'
2320 2025 2520 2082 Eadem
2557 2041 2685 2081 vero
2728 2025 2938 2080 ratione
2976 2025 3181 2080 semitae
3209 2026 3348 2094 ejus,
3384 2027 3489 2082 sin-

261 2138 322 2188 al
355 2135 478 2190 ὁδοὶ
506 2138 710 2192 αὐτοῦ.
745 2116 899 2193 ὸῦτω
943 2141 999 2193 δὲ
1052 2140 1142 2194 καὶ
1177 2138 1350 2210 τρίὸοι
1404 2116 1590 2191 αὑτοῦ⁷
1624 2133 1731 2190 εἷεν
1774 2139 1830 2191 αἱ

1936 2118 2072 2188 gula:
2103 2118 2480 2175 universorum
2513 2118 3012 2173 administrationes
3043 2116 3264 2181 fuerint,
3297 2118 3492 2188 quibus

1935 2208 2180 2263 caelestia
2209 2216 2534 2278 terrenaque
2561 2224 2658 2263 ceu
2687 2223 3031 2278 percurrens,
3069 2206 3379 2262 hominibus
3412 2208 3480 2262 in-

261 2226 402 2280 κατὰ
440 2229 603 2300 μέρος
639 2230 931 2302 διοικήσεις
995 2231 1103 2284 τῶν
1153 2232 1309 2293 ὅλων,
1369 2230 1491 2284 καθ’
1529 2230 1596 2293 ἃς
1643 2229 1830 2301 ὥσπερ

261 2320 716 2370 ἐπιπορευόμενος
745 2321 813 2370 τά
839 2339 898 2370 τε
941 2325 1061 2370 κατ’
1095 2323 1320 2370 οὐρανὸν
1364 2322 1458 2370 καὶ
1495 2321 1561 2370 τὰ
1589 2321 1680 2370 ἐπὶ
1728 2321 1830 2370 γῆς

1936 2226 2180 2263 coenesua
2209 2226 2534 2278 terrenaque
2561 2226 2658 2263 ceu
2687 2226 3031 2278 percurrens,
3069 2226 3379 2262 tmmtnlnus
3412 2226 3480 2262 m-

1937 2299 2227 2368 te‘lligentia
2267 2301 2506 2370 praeditis
2546 2300 2767 2355 semitas
2813 2312 3243 2368 progressusque
3271 2298 3491 2354 demon-

261 2320 716 2391 ἐπιπορευόμενος
745 2321 813 2375 τά
839 2339 898 2375 τε
941 2325 1061 2376 κατ’
1095 2323 1320 2394 οὐρανὸν
1364 2322 1458 2376 καὶ
1495 2321 1561 2374 τὰ
1589 2321 1680 2374 ἐπὶ
1728 2321 1830 2392 γῆς

261 2411 324 2480 τῇ
356 2388 684 2484 προνοητικῇ
714 2412 956 2485 δυνάμει,
980 2388 1198 2485 τρίδουτς
1247 2413 1435 2468 ἑαυτοῦ
1477 2414 1571 2466 καὶ
1605 2388 1829 2484 πορείας

1936 2397 2074 2446 strat
2115 2406 2277 2457 suos;
2313 2392 2688 2460 quamobrem,
2739 2391 3038 2446 secundum
3084 2388 3490 2461 Symmachum,

260 2503 370 2565 τοῖς
400 2481 538 2558 νοεῖν
561 2481 870 2574 δυναμένοις
927 2481 1182 2558 δείκνυσι’
1239 2504 1317 2558 διὸ
1359 2503 1496 2558 κατὰ
1536 2503 1629 2556 τὸν
1681 2481 1828 2574 inp.-

1936 2483 2154 2547 dicitur,
2188 2492 2237 2536 et
2272 2499 2573 2552 progressus
2609 2492 2724 2535 tuos
2747 2481 2900 2537 edoce
2934 2500 3032 2536 me.
3060 2481 3172 2537 l-lac
3198 2490 3378 2537 autem
3408 2499 3489 2539 me

262 2605 453 2660 μαχον,
485 2573 716 2664 εἴρηται,
769 2592 868 2646 καὶ
901 2592 1006 2658 τὰς
1047 2594 1286 2660 πορείας
1306 2608 1423 2649 σου
1462 2593 1710 2657 δίδαξόν
1730 2573 1824 2660 με.

1936 2575 2183 2630 doctrina
2218 2575 2531 2635 instituens,
2579 2573 2809 2627 veritate
2849 2582 2941 2626 tua
2984 2576 3244 2631 confirma
3280 2593 3395 2642 me;
3425 2593 3488 2632 ne

261 2679 444 2736 Ταῦτα
471 2663 626 2754 δέ
650 2685 931 2748 διδάσκων,
967 2687 1254 2757 ὲπίστησόν
1275 2705 1342 2758 με
1365 2689 1430 2758 τῇ
1461 2683 1686 2758 ἀληθείᾳ
1711 2703 1826 2748 σου,

1936 2667 2086 2721 labar
2119 2665 2270 2722 falsis
2300 2664 2673 2734 opinionibus,
2717 2678 2822 2716 neu
2859 2663 2912 2715 in
2946 2663 3270 2717 naturalium
3313 2681 3490 2720 rerum

263 2771 398 2836 πρὸς
441 2774 501 2826 τὸ
665 2744 988 2846 σφάλλεσθαι
1031 2744 1464 2848 ψευδοδοέοῦντά,
1521 2744 1614 2833 κάἱ
1659 2744 1828 2850 ’ἕτερα

1936 2757 2304 2827 speculatione
2337 2757 2443 2809 alia
2473 2755 2735 2810 aestimem
2766 2768 2864 2823 pro
2889 2753 3031 2816 aliis,
3057 2755 3238 2823 qualia
3268 2756 3335 2811 iis
3354 2757 3483 2812 acci-

264 2860 378 2913 ἀνθ’
416 2863 611 2936 ἐτέρων
653 2869 710 2920 ὲν
759 2872 823 2939 τῇ
877 2868 985 2921 τῶν
1038 2845 1277 2938 ᾧυσικῶν
1311 2871 1512 2943 θεωρίᾳ
1561 2845 1826 2937 δοξάζείνν

1936 2849 2129 2904 derunt
2156 2849 2248 2919 qui
2278 2855 2330 2903 te
2361 2847 2471 2902 Deo
2503 2846 2765 2917 magistro
2795 2861 2902 2899 non
2932 2852 3060 2900 sunt
3085 2845 3190 2909 usi,
3227 2845 3320 2900 sed
3350 2862 3492 2902 mor-

263 2951 424 3005 ὁποῖα
452 2955 779 3010 πεπόνθασιν
805 2961 852 3011 οἱ
879 2959 972 3012 σοῦ
996 2960 1088 3014 τοῦ
1131 2961 1264 3013 Θεοῦ
1315 2961 1388 3032 μὴ
1415 2962 1664 3031 τυχόντες
1686 2960 1828 3013 διδα-

1936 2945 2134 2998 talibus
2188 2941 2550 3010 humanisque
2611 2938 2919 2994 ratiociniis
2977 2951 3007 2990 a
3064 2952 3246 2992 rerum
3306 2937 3494 2992 notitia

261 3043 486 3110 σκάλου,
530 3046 808 3120 λογισμοῖς
829 3051 884 3104 δὲ
920 3052 1130 3122 θνητοῖς
1159 3053 1251 3106 καὶ
1283 3053 1641 3121 ἀνθρωπίνοις
1667 3071 1830 3108 κατα-

1936 3036 2278 3098 aberrarunt,
2311 3041 2364 3088 et
2403 3031 2590 3102 procul
2624 3045 2652 3084 a
2683 3031 2911 3086 veritate
2942 3029 3154 3099 disjecti
3190 3037 3338 3084 sunt.
3384 3031 3495 3084 Abs

1936 3134 1981 3148 ι.
2022 3127 2095 3148 ,2-
2137 3127 2352 3148 Δ.ι.,.ι....
2421 3132 2472 3148 ι-
2511 3138 2618 3148 ..Α-*ι
2664 3130 2962 3148 η-λιιοι.-.Α.ηι
3001 3120 3159 3148 ...ΑΛΑ
3246 3119 3492 3148 Ληῖιὲηηννι

260 3135 654 3208 στοχασάμενοι
692 3119 808 3196 τῶν
873 3119 1245 3213 πραγμάτων,
1297 3119 1397 3195 καὶ.
1464 3143 1678 3214 μακρὰν
1731 3144 1829 3214 τῆς

1936 3134 1986 3182 te
2019 3127 2098 3182 sic
2131 3127 2378 3187 edOctus,
2421 3132 2474 3178 te
2511 3138 2620 3176 non
2662 3130 2965 3176 creatorem
3001 3120 3181 3183 modo,
3245 3119 3492 3187 Opificem

259 3221 521 3293 ἀληθείας
558 3224 1047 3291 ὲξακοντισθέντες.
1107 3227 1381 3298 Διδαχθεὶς
1407 3227 1464 3280 δὲ
1514 3213 1665 3298 παρὰ
1713 3213 1827 3292 σοῦ,

1936 3216 2122 3282 Deum,
2185 3216 2278 3272 sed
2325 3215 2486 3270 etiam
2523 3214 2864 3268 Servatorem
2901 3228 3021 3269 esse
3063 3228 3260 3274 meum.
3286 3213 3410 3281 jure
3442 3219 3490 3263 te

259 3313 340 3366 ὅτι
375 3315 448 3387 μὴ
482 3317 642 3387 μόνον
677 3318 896 3389 κτίστης
937 3320 1032 3372 καὶ
1080 3317 1406 3390 δημιουργὸς
1434 3318 1527 3372 καὶ
1570 3318 1702 3382 Θεός
1729 3337 1828 3390 μου

1936 3309 2158 3392 sustinui
2194 3317 2302 3360 tota
2337 3308 2440 3373 die,
2491 3306 2544 3360 id
2591 3312 2694 3368 est,
2745 3320 2843 3375 per
2878 3311 3047 3358 totum
3080 3305 3204 3359 vita).
3243 3313 3486 3374 tempus,

260 3407 568 3478 τυγχάνεις,
599 3408 734 3462 ἀλλὰ
761 3409 851 3462 καὶ
903 3410 1092 3481 Σωτήρ
1140 3427 1262 3480 μου,
1319 3409 1544 3473 εἰκότως
1595 3409 1670 3463 σὲ
1714 3412 1828 3463 ὐπ-

1936 3416 2131 3472 gnarus
2159 3399 2365 3454 scilicet
2409 3398 2576 3462 illius,
2612 3398 2838 3452 universi
2871 3397 2960 3466 qui
2997 3397 3252 3450 sustinent
3291 3404 3359 3457 te,
3391 3411 3494 3451 non

261 3501 462 3570 ἐμεινα
481 3500 631 3569 ὅλην
658 3501 773 3570 τὴν
807 3499 1053 3570 ἡμέραν,
1080 3501 1320 3555 τουτέστι
1352 3504 1529 3557 πᾶσαν
1557 3503 1655 3574 τὴν
1686 3493 1829 3573 ζωήν

1936 3491 2334 3563 confundentur.

264 3609 385 3662 μου,
419 3591 771 3664 μεμαθηκὼς,
813 3594 895 3646 ὃτι
944 3591 1166 3660 πάντες
1209 3597 1262 3648 οι
1317 3593 1722 3664 ὐπομένοντές
1756 3609 1830 3648 σε

262 3684 330 3737 οὐ
354 3683 440 3752 μὴ
475 3683 1009 3753 καταισχυνθῶσιν.

329 3775 639 3845 Μνήσθητι
666 3777 783 3832 τῶν
829 3777 1139 3848 οἰκτιρμῶν
1191 3792 1328 3840 σου,
1359 3775 1558 3845 Κύριε,
1605 3777 1705 3832 καὶ
1756 3779 1830 3832 τὰ

1999 3761 2165 3816 Vens.
2217 3759 2273 3827 6,
2321 3760 2370 3815 7.
2422 3758 2769 3812 Reminiscere
2813 3754 3210 3808 miserationum
3256 3762 3482 3818 tua-nun,

263 3868 398 3937 ὲλέη
433 3883 568 3932 σου,
596 3868 684 3923 ὅτι
737 3867 853 3924 ἀπὸ
903 3869 1008 3923 τοῦ
1049 3868 1255 3934 αἰῶνός
1295 3870 1472 3922 εἰσιν.
1517 3867 1828 3938 Ἀμαρτίιις

1936 3854 2166 3918 Domine,
2205 3862 2252 3907 et
2300 3849 2785 3905 misericordiarum
2833 3855 3044 3900 tuarum
3076 3860 3192 3916 quae
3225 3860 3259 3898 a
3297 3849 3484 3900 sarcula

263 3961 537 4028 νεότητός
564 3979 704 4031 μου,
733 3961 829 4014 καὶ
876 3961 1120 4030 ἀγνοίας
1138 3977 1255 4028 μου
1283 3957 1368 4028 μὴ
1390 3937 1690 4028 μνησθῇς.
1714 3958 1826 4028 Οὐχ

1936 3955 2069 4000 mnt.
2098 3944 2300 3998 Delicta
2326 3942 2620 4012 juventutis
2658 3954 2786 3994 mea
2813 3945 2862 3991 et
2900 3937 3232 4008 ignorantias
3260 3953 3401 3990 meas
3427 3955 3482 3991 ne

267 4053 498 4124 ἡγοῦμαι
533 4052 704 4107 ταῦτα
756 4052 834 4123 τῷ
885 4051 1044 4104 Δαυῒδ
1095 4051 1343 4104 τοσοῦτον
1391 4049 1668 4121 ἁρμόζειν,
1703 4050 1824 4102 ὅσον

1936 4036 2242 4090 memineris.
2265 4033 2390 4088 Haec
2412 4049 2520 4087 non
2545 4041 2654 4086 tam
2680 4029 2871 4086 Davidi
2902 4044 3202 4100 congruere
3229 4029 3484 4093 arbitror,

263 4118 368 4208 τοῖς
393 4118 825 4211 ἐξομολογεῖσθαι
875 4143 966 4194 ἐπὶ
1012 4143 1124 4204 τοῖς
1154 4140 1416 4210 πρότερον
1430 4118 1824 4210 ἀμαρτήμασιν

1936 4142 2086 4198 quam
2127 4126 2194 4180 iis
2228 4125 2321 4195 qui
2371 4123 2681 4179 didicerunt
2727 4121 2958 4192 pristina
2990 4128 3211 4190 peccata
3243 4118 3484 4174 conﬁteri

261 4235 464 4290 ἑαυτῶν
496 4234 916 4307 διδασκομένοις.
943 4233 1017 4286 Οὐ
1049 4232 1154 4304 γὰρ
1187 4232 1508 4304 εὑρίσκομεν
1550 4230 1642 4283 τὸν
1665 4228 1826 4282 Δαυῒδ

1936 4235 2044 4276 sua.
2077 4219 2195 4273 Non
2216 4217 2360 4274 enim
2396 4217 2700 4288 reperimus
2743 4213 2996 4269 Davidem
3035 4212 3089 4266 in
3125 4211 3482 4266 adolescentia

261 4328 316 4379 ὲν
342 4330 408 4398 τῇ
438 4327 649 4397 νεότητι
678 4323 842 4380 αὐτοῦ
876 4323 1250 4396 ἡμαρτηκότα,
1283 4320 1388 4374 οὐδ’
1416 4323 1472 4373 ὲν
1497 4322 1562 4391 τῇ
1600 4320 1820 4392 παιδικῇ

1936 4326 2024 4368 sua
2051 4326 2226 4380 neque
2249 4312 2303 4364 in
2328 4308 2552 4378 juvenili
2579 4315 2735 4361 aetate
2761 4319 3051 4374 peccasse;
3077 4301 3169 4357 sed
3197 4316 3370 4369 neque
3392 4317 3479 4370 per

262 4389 464 4488 ἡλικίαν
500 4389 611 4470 an"
635 4419 744 4472 οὐδ’
767 4421 826 4472 ἐν
855 4389 1044 4488 ἀγνοίᾳ
1080 4389 1276 4485 γεγενη
1287 4413 1462 4484 μένον.
1493 4389 1703 4483 Μήποτ’
1727 4389 1820 4465 οὖν

1936 4402 2289 4474 ignorantiam
2317 4399 2633 4468 deliquisse.
2669 4395 2807 4448 Num
2838 4394 3003 4465 igitur
3024 4392 3273 4445 doctrina
3301 4389 3478 4445 isthzet

263 4481 295 4579 η
326 4481 637 4560 διδασκαλία
661 4509 735 4572 ὡς
768 4481 912 4580 παρά
969 4481 1299 4578 ἰατροῦντοῖς
1349 4481 1680 4572 νενοσηκόσι,
1724 4504 1818 4555 καὶ

1936 4510 2025 4550 ceu
2065 4509 2095 4548 a
2136 4492 2346 4547 medico
2383 4491 2563 4560 aegris,
2599 4497 2653 4543 et
2697 4487 2764 4540 iis
2796 4486 2888 4556 qui
2929 4485 2982 4538 in
3015 4484 3190 4538 aatatis
3222 4481 3352 4538 [lore
3392 4481 3479 4537 Dei

262 4575 320 4652 civ
340 4601 406 4670 τῇ
429 4598 528 4667 τῆς
553 4597 763 4668 ἡλικίας
805 4575 954 4670 ἀκμῇ
1008 4575 1155 4660 ἐντὸς
1175 4595 1484 4665 γενομένοις
1521 4592 1654 4645 Θεοῦ
1681 4591 1820 4660 γνώ-

1936 4586 2115 4641 notitia
2152 4581 2343 4636 imbuti
2385 4586 2535 4642 sunt,
2571 4585 2734 4646 atque
2777 4575 2833 4629 in
2874 4575 3202 4643 juvenilibus
3249 4577 3475 4643 peccatis

263 4666 418 4755 σεως,
443 4666 780 4762 νεωτερικοῖς
812 4666 1198 4763 ἁμαρτήμασιν
1232 4684 1710 4756 ἐγκαλινδηθείσιν,
1740 4683 1818 4738 δί-

1936 4675 2173 4741 rolutati,
2222 4673 2378 4744 quasi
2430 4670 2700 4726 medicina
2750 4666 2945 4722 tradita
2995 4666 3111 4720 est?
3152 4673 3210 4719 ut
3261 4666 3477 4734 eruditi,

264 4801 364 4853 κην
401 4758 688 4855 φαρμάκου
719 4758 1099 4855 παραδέδοταις
1125 4782 1198 4845 ὼς
1241 4780 1306 4834 ἂν
1339 4777 1597 4851 μαθόντες
1631 4777 1820 4848 ἐξομο-

1936 4777 2146 4841 peccata
2174 4782 2272 4824 sua
2303 4781 2399 4836 per
2438 4761 2799 4835 ignorantiam
2833 4758 3070 4814 admissa
3101 4759 3476 4822 confiteantur,

265 4878 500 4942 λογοῖντο
519 4873 588 4928 τὰ
616 4876 674 4929 ὲν
703 4874 891 4945 ἀγνοίᾳ
929 4875 1108 4937 αὐτοῖς
1149 4872 1325 4943 πεπλη
1335 4869 1510 4941 μμελη
1520 4867 1674 4938 μένα,
1699 4868 1823 4920 ἀνα-

1936 4867 2149 4934 ipsaque
2197 4861 2308 4916 Deo
2354 4859 2614 4917 revolent,
2660 4871 2724 4910 ac
2764 4864 3019 4922 tanquam
3065 4860 3247 4908 vetera
3291 4855 3475 4908 animat

266 4964 626 5030 καλύπτοντες
653 4964 730 5037 τῷ
754 4964 889 5035 Θεῷ,
921 4965 1014 5018 καὶ
1057 4965 1244 5034 ὥσπερ
1291 4960 1492 5014 παλαιά
1532 4957 1819 5031 τραύματα

1936 4972 2039 5012 suae
2063 4955 2286 5010 vulnera
2317 4951 2420 5022 ipsi
2451 4950 2723 5018 detegant,
2753 4945 3078 5000 medicinam
3110 4951 3163 4997 et
3195 4945 3474 5000 incolumi-

263 5054 359 5125 τῆς
388 5055 592 5108 ἑαυτῶν
622 5035 797 5125 ψυχῆς
818 5053 1252 5124 ἀπογυμνοῦντες
1292 5049 1458 5120 αὐτῷ,
1495 5046 1735 5119 δεόμενοί
1759 5063 1819 5099 τε

1936 5056 2088 5105 tatem
2118 5051 2367 5116 rogantes
2399 5058 2494 5113 per
2523 5039 2951 5096 misericordiam
2974 5038 3116 5108 ejus,
3149 5047 3360 5109 propter
3387 5035 3470 5086 bo-

267 5145 459 5210 ῑάσεως
488 5150 580 5202 καὶ
609 5146 899 5218 θεραπείας
953 5147 1133 5216 τυχεῖν
1173 5144 1260 5197 διὰ
1281 5143 1374 5197 τοῦ
1403 5142 1585 5205 ἐλέους
1635 5137 1817 5204 αὑτοῦ,

1936 5141 2141 5194 nitatem
2171 5146 2337 5201 tuam,
2368 5134 2608 5189 Domine.

263 5237 470 5303 ἕνεκεν
494 5243 604 5306 τῆς
640 5238 1043 5310 χρηστότητος
1068 5253 1204 5296 σου,
1240 5237 1436 5304 Κύριε.

640 5297 750 5383 321i
793 5297 972 5392 εὐθίίις
1055 5328 1286 5392 Κύριος,
1318 5297 1413 5378 διὰ
1441 5323 1615 5378 τοῦτο
1643 5338 1819 5390 νομο‹

1997 5315 2163 5372 Vnus.
2191 5314 2243 5380 8,
2270 5314 2322 5370 9.
2353 5313 2538 5368 Dulcis
2567 5320 2615 5366 et
2645 5319 2816 5364 rectus
2845 5307 3123 5363 Dominus,
3151 5309 3355 5369 propter
3384 5297 3478 5347 hoc

267 5393 502 5490 θετῆσει
528 5393 968 5492 ἁμαρτάνοντας
994 5419 1064 5471 ὲν
1093 5416 1226 5481 ὀδῷ.
1269 5414 1573 5484 Ὀδηγνήσει
1618 5413 1822 5482 πραεῖς

1936 5412 2086 5480 legem
2113 5409 2258 5463 dabit
2285 5405 2698 5477 delinquentibus
2735 5405 2789 5456 in
2822 5401 2925 5455 via.
2953 5393 3469 5492 Dirigetmtansuetos

265 5513 335 5565 ἐν
356 5483 577 5582 κρίσει,
603 5483 825 5576 διδάξει
864 5507 1070 5579 πραεῖς
1097 5507 1201 5573 τὰς
1221 5483 1632 5572 όδοὺςίαύτοῦ.
1668 5505 1822 5576 Χρη-

1936 5504 1984 5556 in
1997 5501 2226 5572 judicio,
2251 5501 2450 5556 docebit
2491 5499 2642 5553 mites
2684 5497 2795 5550 vias
2825 5507 2970 5546 suas.
3025 5483 3203 5536 Dulcis
3225 5516 3243 5546 ,
3278 5483 3469 5547 inquit,

341 5673 382 5705 "
422 5669 564 5727 l‘sal.
603 5686 800 5730 XXXIX.
831 5669 886 5724 9..
964 5670 1009 5702 ⁸⁸
1051 5668 1209 5722 Rom.
1247 5682 1298 5720 ιι
1322 5706 1336 5728 ,
1373 5666 1460 5722 55.
