3980 6214
520 309 619 365 227

1248 307 1512 363 EUSEBII
1547 304 2019 363 CESARIENSIS
2055 304 2202 363 OPP.
2228 306 2406 362 PARS
2441 306 2533 364 lli.
2574 338 2644 348 —
2679 307 3081 364 EXEGETICA.

3625 308 3728 363 228

519 438 571 486 et
601 437 780 485 rectus
814 428 1073 485 Dominus
1106 435 1209 492 est,
1241 427 1335 497 qui
1359 427 1528 496 probe
1566 427 1748 481 omnia
1772 415 2058 495 dispensat.

2173 424 2295 486 στός
2325 425 2471 478 ἐστιν
2511 426 2605 479 καὶ
2670 425 2848 493 εὑθὶς,
2883 425 3064 497 φησιν,
3090 427 3119 478 6
3160 423 3380 495 Κύριος,
3410 418 3469 478 εὖ
3500 424 3737 480 διατιθὲ-

519 528 830 588 rectamque
861 517 1036 589 diligit
1062 518 1226 581 viam,
1256 530 1321 570 ac
1350 523 1597 570 tortuosa
1629 516 1685 570 in
1728 522 1932 570 rectum
1958 515 2069 570 cal-

518 611 618 666 lem
647 607 886 664 deducit.
916 608 1256 677 Quapropter
1281 613 1597 674 peccatores
1627 618 1737 659 non
1763 611 2065 669 aversatur,

516 716 692 770 neque
715 699 940 770 negligit
969 699 1166 754 sinitve
1204 712 1299 751 eos
1336 695 1575 763 peccatis
1603 696 1877 766 corrumpi
1912 696 2026 751 suis
2052 715 2064 748 :

515 792 607 847 sed
639 792 795 862 quasi
821 791 1190 861 perhumanus
1219 789 1503 859 bonusque
1543 786 1799 843 Servator
1826 788 2070 842 inﬁrmo-

516 900 634 938 rum
698 884 821 955 plus
884 897 1046 952 quem
1097 882 1235 936 bene
1290 879 1605 934 habentium
1651 893 1837 933 curam
1894 880 2064 948 gerit,

516 988 675 1047 atque
716 977 848 1047 ipsis
877 977 1046 1045 legem
1101 975 1227 1037 dat,
1280 970 1613 1043 poenitentia:
1632 970 1749 1027 vias
1795 970 2063 1034 indicans,

516 1076 763 1142 legesque
783 1084 989 1134 ponens
1024 1068 1158 1138 ipsis
1180 1069 1248 1121 ad
1278 1067 1507 1121 salutem
1532 1074 1911 1136 congruentes.
1932 1065 2067 1120 Nam

514 1164 594 1219 vel
630 1163 697 1218 iis
724 1162 814 1232 qui
858 1170 1087 1232 peccant
1114 1160 1199 1214 via
1228 1159 1472 1230 quaedam
1522 1159 1713 1214 salutis
1739 1158 2062 1224 ostenditur,

514 1255 759 1309 videlicet
794 1252 1203 1318 conversionis,
1253 1250 1583 1321 poenitentiae
1606 1290 1622 1315 ,
1672 1250 2061 1315 confessionis,

513 1363 628 1417 quae
663 1347 881 1417 quidem
926 1346 1027 1398 alia
1060 1350 1144 1400 est
1174 1358 1204 1396 a
1248 1344 1334 1397 via
1374 1342 1628 1413 perfectis
1666 1342 1800 1397 viris
1842 1341 2059 1396 tradita.

512 1440 642 1495 Nam
664 1456 789 1496 cum
822 1440 993 1509 legem
1017 1438 1110 1493 dat
1140 1437 1299 1500 Deus,
1333 1438 1474 1490 viam
1503 1435 1856 1504 peccantibus
1879 1435 2061 1497 aliam,

512 1535 669 1588 aliam
698 1548 727 1586 a
757 1539 979 1603 peccato
1014 1546 1072 1586 se
1110 1531 1570 1594 convertentihus,
1603 1529 1762 1584 aliam
1792 1528 1858 1582 iis
1880 1527 1973 1597 qui
2007 1525 2063 1580 in

511 1628 708 1682 virtute
732 1626 1041 1697 proﬁciunt,
1070 1626 1229 1679 aliam
1261 1625 1477 1679 demum
1507 1621 1918 1694 perfectioribus
1954 1630 2064 1674 tra-

510 1719 605 1772 dit.
636 1716 998 1782 Quamobrem
1042 1716 1394 1785 peccantibus
1440 1715 1655 1785 quidem
1698 1712 1842 1766 viam
1878 1718 2063 1766 osten-

2174 535 2331 588 μενος
2355 516 2422 571 τὰ
2454 517 2652 584 πάντα,
2700 520 2793 571 καὶ
2830 517 2926 589 τὴν
2975 518 3186 573 εὐθεῖαν
3217 517 3331 572 ὁδὸν
3375 515 3621 584 ἀγαπῶν.
3664 516 3736 572 τά

2170 626 2226 661 τε
2250 608 2436 663 σκολιὰ
2462 612 2541 673 είς
2575 608 2785 664 εὐθεῖαν
2816 610 2984 678 ἄγων.
3028 610 3127 664 Διά
3156 610 3314 664 τοῦτο
3338 610 3438 663 οὑκ
3459 610 3715 683 ἀποστρέ-

2170 718 2346 770 φεται,
2380 702 2497 755 οὐδὲ
2528 704 2742 775 παρορᾷ
2767 703 3184 773 καταλιμπάνων
3202 702 3399 766 αὐτοὺς
3414 700 3728 774 φθείρεσθαι

2168 798 2286 857 ταῖς
2332 794 2535 847 ἑαυτῶν
2566 793 2892 866 ἁμαρτ⁹αις’
2946 796 3057 849 ἀλλ’
3093 790 3179 848 οἶα
3224 793 3600 865 φιλάνθρωπος
3634 794 3729 848 καὶ

2166 884 2366 953 ἀγαθὸς
2403 885 2590 957 Σωτὴρ
2632 886 2925 940 νοσούντων
2960 885 3154 957 μᾶλλον
3184 885 3217 956 ἢ
3252 885 3597 954 ὑγιαινόντων
3628 886 3729 956 τὴν

2166 976 2419 1048 φροντίδα
2452 980 2709 1031 ποιεῖται’
2746 979 2841 1031 καὶ
2865 978 3073 1042 τούτοις
3110 978 3407 1049 νομοθετεῖ,
3445 978 3729 1049 μετανοίας

2164 1070 2316 1133 ὀδοὺς
2348 1068 2662 1133 ὑποδεικνὺς
2691 1071 2890 1136 αὐτοῖς,
2914 1070 3004 1124 καὶ
3035 1068 3228 1140 νόμους
3243 1071 3369 1134 τοὺς
3392 1069 3728 1142 ἁρμόζοντας

2164 1160 2345 1224 αὐτοῖς
2373 1162 2510 1232 πρὸς
2537 1161 2803 1232 σωτηρίαν
2849 1160 3295 1233 παρατιθέμενος.
3334 1162 3489 1214 Ἔστι
3515 1160 3623 1233 γάρ
3643 1176 3727 1226 τις

2165 1252 2257 1305 καὶ
2280 1252 2397 1315 ὁδὸς
2417 1254 2527 1315 τοῖς
2566 1254 2960 1324 ἁμαρτάνουσιν
2992 1252 3393 1325 ὲπιδεδειγμένη
3435 1252 3727 1323 σωτηρίας,

2162 1342 2195 1411 ἡ
2225 1340 2327 1411 τῆς
2352 1341 2684 1412 ἐπιστροφῆς
2717 1342 2811 1395 καὶ
2843 1341 3124 1411 μετανοίας
3152 1340 3245 1394 καὶ
3267 1340 3725 1411 ἑξομολογήσεως,

2163 1434 2238 1495 ὡς
2274 1433 2434 1505 ἑτέρα
2490 1432 2624 1487 οὖσα
2673 1436 2821 1504 παρά
2861 1434 2959 1505 τὴν
3002 1435 3112 1496 τοῖς
3152 1433 3374 1497 τελείοις
3416 1432 3726 1505 δεδομένην.

2162 1526 2486 1598 Νομοθετῶν
2549 1526 2659 1598 γὰρ
2700 1529 2729 1580 6
2778 1525 2927 1590 Θεὸς,
2969 1524 3135 1596 ἀλλην
3181 1524 3278 1596 μὲν
3323 1525 3730 1598 ἁμαρτάνουσιν

2161 1616 2278 1669 ὁδὸν
2305 1617 2589 1680 δείκνυσιν,
2621 1618 2813 1688 ἑτέραν
2827 1616 2881 1669 δὲ
2906 1618 3018 1682 τοῖς
3045 1616 3457 1689 ἐπιστρέφουσιν
3472 1617 3531 1682 ἐξ
3550 1619 3720 1690 ἁμαρ-

2162 1710 2302 1773 τίας,
2356 1710 2448 1762 καὶ
2501 1709 2665 1781 ἄλλην
2696 1709 2855 1762 πάλιν
2886 1712 2998 1773 τοῖς
3027 1710 3084 1763 ἐν
3130 1711 3296 1782 ἀρετῇ
3333 1710 3725 1781 προκόπτουσι,

510 1812 617 1878 dit;
652 1818 971 1865 mansuetos
1023 1784 1145 1862 cum
1181 1807 1388 1877 judicio
1451 1784 1681 1876 diriget,
1727 1818 2058 1874 eorumque,

2164 1801 2258 1853 καὶ
2300 1801 2491 1871 ἑτέραν
2528 1804 2640 1865 τοῖς
2694 1800 3062 1873 τελειοτέροις.
3092 1802 3183 1855 Διὸ
3212 1805 3324 1865 τοῖς
3353 1802 3452 1873 μὲν
3481 1802 3702 1872 ἁμαρτά

510 1913 693 1977 utpote
726 1903 1108 1976 perfectiorum
1132 1942 1146 1965 ,
1192 1917 1378 1956 curam
1434 1908 1617 1972 geret:
1661 1916 1830 1971 quare
1869 1900 2063 1971 dignos

510 2010 600 2050 eos
635 1995 727 2065 qui
758 1994 901 2048 beati
952 1990 1379 2062 praedicarentur
1418 1988 1726 2053 aestimavit,
1762 1988 2059 2043 secundum

509 2086 677 2142 illud:
728 2085 881 2140 Beati
939 2084 1126 2147 mites,
1156 2083 1400 2154 quoniam
1446 2082 1547 2150 ipsi
1584 2081 1917 2149 possidebunt
1956 2088 2062 2133 ter-

508 2194 620 2232 ram
664 2177 730 2231 “.
771 2175 883 2231 Hos
929 2176 1092 2231 etiam
1143 2174 1304 2228 docet
1328 2175 1445 2229 vias
1488 2187 1636 2228 suas.
1688 2172 1831 2229 Loco
1880 2180 2060 2227 autem

508 2270 676 2337 illius,
709 2270 818 2324 vias
848 2282 972 2323 suas
999 2282 1017 2321 :
1046 2267 1236 2337 Aquila
1263 2274 1317 2321 et
1346 2265 1725 2337 Symmachus,
1750 2266 1886 2320 viam
1909 2281 2061 2319 suam

509 2362 784 2417 dixerunt.
819 2359 955 2414 Nam
983 2376 1045 2415 ea
1079 2360 1194 2429 ipsa
1218 2359 1303 2412 via
1346 2359 1596 2413 Salvator
1626 2359 1872 2423 incessit,
1900 2366 2061 2429 prout

508 2452 745 2507 dicitur:
793 2451 991 2505 Discite
1036 2467 1068 2503 a
1111 2466 1191 2503 me
1233 2450 1359 2519 quia
1399 2450 1541 2503 mitis
1590 2467 1706 2504 sum
1747 2459 1797 2505 et
1846 2448 2060 2504 humilis

507 2541 657 2596 corde
679 2542 745 2598 ³’.
791 2540 990 2596 Eadem
1045 2541 1209 2611 igitur
1267 2541 1385 2610 ipsa
1439 2541 1528 2594 via
1583 2541 1705 2595 illos
1747 2540 1965 2596 deducit
2006 2548 2060 2596 et

506 2634 659 2704 quasi
699 2649 860 2687 manu
894 2631 1101 2701 dirigit.
1151 2630 1359 2686 Idcirco
1394 2638 1454 2687 ut
1497 2633 1715 2702 sapiens
1762 2632 2053 2705 legislator,

507 2727 662 2782 aliam
696 2725 1109 2793 peccatoribus,
1152 2725 1378 2780 mitibus
1425 2729 1649 2779 alteram
1690 2724 1833 2779 viam
1875 2732 2059 2779 osten-

506 2817 602 2872 dit.

570 3079 736 3135 Vsus.
773 3078 861 3134 10.
908 3076 1172 3133 Πιιὶυετδιε
1206 3078 1304 3133 via:
1340 3075 1575 3142 Domini,
1599 3077 1966 3131 misericordia
2007 3086 2055 3131 et

504 3174 691 3229 ueritas
734 3158 1115 3243 requirentibus
1145 3180 1509 3226 testamentum
1537 3171 1650 3240 ejus
1671 3180 1720 3226 et
1757 3170 2056 3224 testimonia

503 3265 630 3334 eius.
660 3263 860 3328 Multae,
894 3263 1091 3333 inquit,
1111 3263 1212 3318 viae
1239 3262 1456 3318 Domini
1490 3270 1638 3326 sunt,
1667 3277 1853 3318 verum
1881 3262 2057 3316 omni-

503 3358 604 3413 bus
636 3357 921 3428 prtecurrit
945 3355 1325 3410 misericordia
1347 3355 1501 3425 ejus:
1537 3370 1661 3411 cum
1681 3352 2055 3410 misericordia

502 3464 664 3519 porro
701 3449 903 3505 veritas
941 3463 1048 3502 una
1078 3448 1362 3518 procedit,
1387 3448 1677 3502 miseretur
1713 3448 1911 3518 quippe
1937 3444 2054 3499 omt

501 3536 646 3590 nium
676 3544 732 3592 et
768 3536 903 3590 nihil
940 3535 1055 3591 odit
1076 3551 1264 3591 eorum
1290 3552 1410 3606 quae
1438 3536 1564 3591 fecit
1585 3535 1631 3568 ³³
1657 3555 1669 3590 :
1704 3551 1879 3605 neque
1909 3537 2053 3590 enim

500 3628 704 3699 aliquid
733 3628 978 3683 condidit
998 3628 1142 3698 quod
1171 3628 1296 3683 odio
1333 3628 1575 3683 haberet.
1611 3625 1850 3698 Singulis
1891 3626 2055 3697 igitur

499 3720 694 3775 divine
731 3718 1222 3773 administrationis
1263 3728 1316 3772 et
1353 3718 1706 3785 providentiae
1743 3718 1848 3772 viis
1891 3719 2054 3772 mise-

501 3810 736 3865 rieordia
767 3810 1084 3879 prmcurrit,
1133 3809 1566 3863 misericordiam
1600 3811 1799 3863 veritas
1858 3809 2051 3863 subse-

500 3898 701 3967 quitur.
735 3896 806 3951 lis
837 3904 1017 3950 autem
1048 3897 1141 3966 qui
1185 3896 1414 3951 sollicite
1454 3898 1759 3966 requirunt,
1797 3898 2053 3968 quaestio-

384 4026 385 4029 η
500 4004 628 4042 num
660 4002 841 4042 veram
872 3988 1122 4042 notitiam
1152 3988 1531 4045 subministrat
1549 3988 1732 4058 quiait
1765 3989 2051 4054 :Quazrite,

498 4088 547 4135 et
575 4080 865 4142 invenietis,
882 4081 1110 4148 pulsate,
1128 4088 1177 4133 et
1193 4080 1457 4147 aperietur
1479 4079 1621 4133 vobis
1644 4080 1710 4131 ".
1737 4079 2054 4135 Testamen-

498 4183 611 4227 tum
647 4187 776 4228 vero
808 4172 926 4241 ejus
964 4172 1019 4225 in
1053 4187 1249 4243 genere
1288 4180 1589 4241 acceptum,
1626 4180 1849 4226 vocatur
1874 4173 2053 4227 on'inis

496 4264 759 4320 divinitus
800 4264 1067 4335 inspirata
1117 4261 1398 4333 Scriptura
1457 4263 1769 4319 hominibus
1826 4263 2047 4318 tradita.

495 4358 828 4414 Testimouia
853 4365 981 4413 sunt
1014 4363 1279 4427 quotquot
1307 4357 1361 4412 in
1401 4355 1699 4426 Scripturis
1750 4356 1950 4412 divinis
1983 4358 2050 4414 de

2161 1910 2341 1946 νουσιν
2367 1892 2738 1947 ὑποδείκνυσιν
2760 1893 2876 1945 ὁδόν
2899 1911 2911 1923 ο
2942 1893 3066 1957 τοὺς
3095 1892 3151 1946 δὲ
3177 1896 3369 1965 πραεῖς
3387 1892 3641 1963 ὁδηγήσει
3669 1894 3726 1946 ὲν

2162 1987 2337 2060 κρίσει
2381 1985 2734 2057 κεκριμένως,
2779 1984 2872 2039 καὶ
2922 1985 3096 2038 αὑτῶν
3130 1984 3381 2056 πρόνοιαν
3407 1982 3727 2054 ποιούμενος

2161 2078 2236 2143 ὡς
2266 2078 2577 2149 βελτιόνων
2646 2077 2726 2131 διδ
2778 2077 2871 2130 καὶ
2925 2077 3283 2149 μακαρισμῶν
3322 2075 3518 2140 αὐτοὺς
3561 2074 3723 2142 ἀξιοῖ,

2162 2171 2400 2237 κατὰτὸ,
2436 2170 2722 2239 Μακάριοι
2768 2173 2823 2224 οἱ
2860 2170 3082 2239 πραεῖς,
3118 2158 3213 2224 δτί
3239 2170 3407 2225 αὐτοὶ
3435 2171 3725 2237 κληρονο-

2155 2263 2426 2334 μήσουσι
2470 2264 2585 2332 τὴν
2629 2263 2762 2334 m’r.
2798 2263 3030 2327 Τούτους
3069 2262 3125 2316 δὲ
3170 2263 3264 2317 καὶ
3291 2262 3529 2316 διδάσκει
3570 2260 3724 2324 ὁδοὺς

2161 2356 2346 2409 αὑτοῦ.
2394 2355 2538 2409 ’Δντὶ
2582 2355 2638 2408 δὲ
2681 2353 2794 2420 τοῦ,
2829 2354 3005 2420 ὁδοὺς
3035 2354 3241 2417 αὐτοῦ,
3283 2355 3312 2406 6
3356 2351 3586 2415 Ἀκύλας
3626 2352 3721 2404 καὶ

2159 2450 2188 2501 6
2213 2447 2525 2518 Σύμμαχος,
2554 2446 2695 2501 ὁδὸν
2708 2446 2944 2511 ἑαυτοῦ,
2965 2446 3182 2518 ἔφησεν.
3205 2445 3417 2515 Ταύτην
3433 2445 3541 2516 γάρ
3559 2444 3720 2506 αὐτὸς

2158 2543 2187 2593 6
2214 2540 2405 2611 Σωτὴρ
2451 2539 2652 2593 ὥδευσε
2684 2538 2781 2609 τὴν
2821 2538 2937 2592 ὁδὸν
2967 2537 3108 2591 κατὰ
3133 2537 3193 2591 τὸ
3226 2536 3543 2608 λελεγμένον
3568 2551 3583 2567 ·
3603 2534 3725 2589 Μά-

2160 2632 2288 2684 θετε
2316 2630 2417 2685 ἀπ’
2439 2630 2582 2700 ἐμοῦ
2616 2628 2704 2684 ὅτι
2723 2629 2911 2700 πρᾶός
2935 2632 3049 2701 ειμι
3071 2630 3169 2684 καὶ
3183 2629 3458 2695 ταπεινὸς
3480 2627 3558 2697 τῇ
3573 2645 3723 2695 καρ-

2158 2716 2277 2785 δίᾳ.
2303 2718 2461 2771 Κατὰ
2489 2716 2697 2789 ταύτην
2718 2714 2810 2773 οὖν
2858 2719 3003 2789 ἄγων
3044 2720 3257 2785 αὐτοὺς,
3309 2718 3494 2791 ὁδηγὸς
3533 2716 3720 2772 αὑτῶν

2159 2808 2252 2863 καὶ
2276 2810 2610 2880 χειραγωγὸς
2634 2810 2871 2880 γίνεται·
2907 2812 3093 2883 διόπερ
3117 2812 3193 2875 ὡς
3218 2811 3378 2882 σοφὸς
3399 2809 3716 2882 νομοθέτης,

2158 2901 2322 2972 ἄλλην
2354 2903 2453 2973 μὲν
2496 2903 2612 2958 ὁδὸν
2664 2904 2992 2958 ἐπιδείκνυσι
3018 2906 3127 2968 τοὶς
3144 2905 3561 2976 ἁμαρτάνουσιν,
3592 2900 3719 2955 ἑτέ-

2162 3008 2260 3062 ραν
2282 2992 2340 3045 δὲ
2363 2996 2475 3057 τοῖς
2492 2996 2704 3065 πράοις.

2227 3082 2423 3138 Πᾶσαι
2469 3088 2529 3139 αἱ
2570 3085 2697 3139 ὁδοί
2728 3087 2946 3154 Kvplov
2981 3086 3153 3153 ἕλεος
3182 3085 3279 3141 καὶ
3320 3084 3567 3152 ἀλήθεια
3591 3083 3716 3150 τοῖς

2152 3171 2463 3243 ἐπιζητοῦσι
2510 3175 2625 3245 τὴν
2659 3177 2950 3247 Διαθήκην
2993 3179 3176 3232 αὐτοῦ
3206 3176 3301 3231 καί
3337 3178 3409 3232 τὰ
3424 3177 3717 3246 μαρτύρια

2153 3265 2357 3320 αὐτοῦ.
2382 3266 2581 3321 Πολλαὶ
2611 3268 2729 3339 μὲν,
2765 3270 2946 3340 φησὶν,
2977 3271 3029 3322 αἱ
3061 3270 3167 3323 ὁδοὶ
3191 3267 3284 3323 τοῦ
3313 3269 3537 3341 Κυρίου,
3576 3266 3715 3339 πλὴν

2153 3353 2267 3407 ἀλλ’
2287 3357 2344 3409 ὲν
2374 3357 2573 3421 πάσαις
2598 3356 2658 3412 τὸ
2686 3359 2832 3423 ἔλεος
2860 3358 3023 3413 αὑτοῦ
3051 3360 3365 3432 προτρέχει·
3389 3360 3467 3431 τῷ
3493 3377 3553 3413 τε
3574 3359 3716 3413 ἐλέει

2156 3446 2524 3516 συμπαρορμᾷ
2545 3448 2578 3515 ἡ
2602 3445 2825 3517 ἀλήθεια
2846 3464 2861 3479 ο
2902 3447 3043 3501 ἐλεεῖ
3073 3447 3179 3522 γὰρ
3202 3448 3270 3502 τά
3297 3448 3424 3502 όντα
3445 3448 3540 3502 καὶ
3559 3448 3714 3501 οὐδὲν

2154 3530 2492 3601 βδελύσσεται
2551 3529 2624 3589 ὧν
2658 3537 2936 3607 ἐποίησεν·
2985 3538 3102 3592 οὐδὲ
3144 3538 3249 3611 γάρ
3308 3537 3479 3610 μισῶν
3501 3556 3554 3590 τι
3581 3555 3713 3592 κατ-

2153 3625 2431 3681 εσκεύασε.
2450 3628 2586 3681 Καθ’
2610 3630 2842 3701 ἑκάστην
2857 3632 3031 3686 τοίνυν
3058 3632 3172 3686 ὁδὸν
3189 3633 3289 3703 τῆς
3310 3632 3400 3685 τοῦ
3422 3632 3556 3685 Θεοῦ
3583 3632 3713 3686 διοι-

2153 3722 2363 3791 κήσεώς
2399 3740 2459 3775 τε
2500 3724 2592 3777 καὶ
2637 3725 2889 3796 προνοίας
2919 3726 2977 3779 τὸ
3015 3726 3158 3791 ἔλεος
3200 3727 3364 3781 αὑτοῦ
3399 3727 3712 3800 προτρέχει,

2152 3811 2341 3866 ἕπεται
2386 3813 2442 3865 δὲ
2490 3815 2566 3886 τῷ
2598 3816 2731 3886 ἐλέῳ
2762 3820 2795 3888 ἡ
2841 3818 3080 3889 ἀλήθεια.
3120 3822 3245 3885 Τοῖς
3291 3821 3334 3873 δ’
3373 3818 3709 3891 ἐκζητοῦσιν,

2152 3903 2585 3974 ἀσχολουμένοις,
2631 3908 2659 3959 6
2699 3907 2897 3960 εἰπών’
2941 3910 3197 3978 Ζητεῖτε,
3228 3910 3324 3965 καί
3384 3909 3710 3978 εὑρήσετε,

2153 3997 2411 4063 κρούετε,
2474 4000 2572 4053 καί
2599 4001 2976 4072 ἀνοιγήσεται
2995 4005 3154 4074 ὑμῖν,
3188 4006 3290 4078 τὴν
3315 4008 3442 4079 περί
3476 4006 3587 4060 τῶν
3611 4005 3712 4077 ζη-

2152 4088 2426 4159 τουμένων
2475 4090 2727 4163 ἀλήθειαν
2784 4098 3162 4168 παραδίδωσιν.
3189 4098 3429 4169 Διαθήκη
3456 4098 3513 4151 δὲ
3541 4097 3711 4151 αὐτοῦ

2152 4179 2378 4246 γενικῶς
2408 4183 2499 4235 καὶ
2528 4184 2646 4237 καθ’
2668 4185 2787 4239 ὅλου
2823 4186 3130 4257 ὠνόμασται
3160 4191 3309 4241 πᾶσα
3340 4191 3372 4259 ή
3403 4188 3712 4260 ἀνθρώποις

2152 4271 2510 4343 παραδοθεῖσα
2540 4274 2887 4341 θεόπνευστος
2907 4279 3115 4349 Γραφή,
3140 4278 3425 4351 Μαρτύρια
3452 4278 3508 4331 δὲ
3543 4279 3711 4332 αὑτοῦ

2151 4363 2404 4432 τυγχάνει
2440 4366 2643 4437 ἡτοιτά
2666 4370 3012 4440 προφητικῶς
3040 4372 3165 4442 περὶ
3199 4369 3360 4423 αὑτοῦ
3401 4371 3458 4423 ὲν
3496 4374 3562 4442 τῇ
3589 4370 3711 4442 θείᾳ

500 4451 591 4505 illo
625 4451 940 4522 prOphetice
989 4449 1273 4512 feruntur,
1324 4457 1419 4504 aut
1449 4466 1569 4521 qua:
1597 4450 1667 4505 ab
1712 4450 1829 4519 ipso
1858 4450 1926 4505 iis
1954 4451 2047 4520 qui

2159 4459 2337 4529 Γραφῇ
2395 4460 2875 4531 μεμαρτυρημένα,
2933 4461 2965 4533 ἢ
3018 4461 3086 4515 τὰ
3131 4461 3271 4516 κατά
3314 4462 3710 4535 διαμαρτυρίαν

498 4544 552 4599 in
570 4545 732 4601 rebus
748 4544 946 4599 divinis
976 4542 1354 4607 instituuntur,
1373 4542 1752 4599 testiﬁcatione
1782 4541 2046 4608 adhibita,

493 4645 759 4708 praecepta
790 4645 936 4693 sunt.

560 4743 727 4803 Vsus.
754 4747 841 4812 ιε,
876 4749 962 4801 15.
1005 4747 1137 4814 Quis
1169 4758 1246 4801 est
1271 4748 1421 4801 homo
1446 4749 1534 4818 qui
1565 4750 1710 4802 timet
1729 4747 2049 4803 Dominum?

2156 4550 2246 4603 ὑπ’
2291 4549 2455 4603 αὑτοῦ
2506 4553 2616 4615 τοῖς
2651 4552 2719 4605 τά
2764 4550 2881 4605 θεῖα
2932 4552 3333 4623 παιδευομένοις
3396 4556 3712 4627 παρηγγελ-

2157 4641 2311 4712 μένα.

2167 4782 2173 4785 -
2227 4754 2321 4819 Τίς
2350 4755 2522 4808 ἐστιν
2545 4754 2850 4823 ἄνθρωπος
2877 4759 2911 4810 ὁ
2934 4758 3299 4827 φοϐούμενος
3322 4760 3430 4815 τὸν
3451 4762 3711 4828 Κύριονς

491 4839 653 4909 legem
681 4846 873 4892 statuet
901 4838 948 4891 ei
972 4838 1025 4891 in
1054 4839 1166 4895 via.
1194 4854 1351 4907 quam
1386 4839 1556 4908 elegit.
1607 4840 1801 4893 Anima
1834 4841 1947 4909 ejus
1992 4841 2046 4893 in

2159 4845 2533 4915 νομοθετήσει
2560 4845 2719 4911 αὐτῷ
2736 4846 2805 4898 ἐν
2827 4845 2961 4911 ὀδῷ,
2984 4841 3023 4917 ᾗ
3053 4849 3386 4915 ῄρετίσατο.
3430 4851 3500 4905 'H
3531 4850 3709 4920 ψυχὴ

490 4930 636 4985 bonis
670 4928 1045 4995 demorabitur,
1067 4939 1115 4983 et
1138 4944 1311 4983 semen
1339 4929 1805 4999 ejuthazreditabit
1828 4940 2044 4987 terram.

2159 4936 2333 4990 αὐτοῦ
2363 4937 2433 4991 ἐν
2466 4936 2704 5006 ἀγαθοῖς
2751 4937 3204 5004 αὐλισθήσεται,
3233 4940 3331 4995 καί
3368 4940 3433 4993 τὸ
3470 4942 3714 5009 σπέρμα

490 5022 710 5088 Audiat,
744 5023 950 5092 inquit,
979 5022 1227 5092 quisquis
1258 5022 1410 5078 timet
1439 5022 1745 5090 Dominum,
1778 5035 1939 5094 atque
1990 5025 2047 5078 in

2159 5027 2333 5083 αὐτοῦ
2376 5027 2813 5097 κληρονομήσει
2843 5028 2978 5098 γῆν.
3037 5028 3324 5092 Ἀκουέτω,
3361 5031 3512 5101 φησὶ,
3548 5034 3713 5095 πᾶςό

491 5126 620 5177 una,
656 5125 817 5181 quam
845 5110 1024 5180 elegit,
1061 5112 1148 5165 via
1190 5112 1412 5176 incedit,
1455 5113 1712 5183 quidnam
1748 5113 1849 5183 ipsi
1885 5128 2047 5169 even-

2159 5118 2481 5190 φοϐούμενος
2526 5119 2617 5173 τὸν
2659 5120 2881 5191 Κύριον,
2929 5121 3054 5192 μίαν
3080 5138 3140 5174 τε
3159 5121 3272 5175 ὁδὸν
3298 5122 3364 5193 ἢν
3422 5122 3488 5176 ἂν
3534 5122 3713 5176 ἕλοιτο

491 5214 673 5259 turum
705 5203 797 5259 sit.
830 5201 896 5255 Et
928 5217 1075 5257 nunc
1107 5201 1323 5273 quidem
1353 5203 1444 5257 ille
1479 5204 1635 5259 malis
1669 5202 1950 5267 adicietur,
1986 5213 2046 5258 ut

2159 5210 2613 5281 Βιαπορευόμενος,
2646 5208 2699 5262 τί
2731 5210 2892 5263 αὐτὸν
2930 5211 3233 5282 περιμένει.
3269 5210 3383 5265 Νῦν
3416 5212 3514 5283 μὲν
3540 5228 3711 5266 κακο-

490 5311 590 5367 par
615 5302 719 5360 est,
750 5294 950 5366 quippe
980 5293 1073 5365 qui
1118 5293 1398 5363 religionis
1442 5306 1505 5347 ac
1532 5294 1750 5363 pietatis
1791 5294 2045 5348 certami-

2159 5301 2402 5373 παθήσει,
2433 5298 2521 5355 οἷα
2564 5302 2729 5366 εἰκὸς,
2778 5300 3244 5373 ὲγγυμναζόμενος
3263 5307 3372 5367 τοῖς
3390 5303 3490 5373 τῆς
3522 5304 3710 5358 θεοσε-

491 5388 654 5444 nibus
683 5392 1020 5444 exerceatur.
1068 5386 1137 5441 At
1166 5385 1271 5441 erit
1297 5392 1511 5454 tempus
1551 5400 1659 5455 quo
1704 5384 1883 5439 anima
1923 5384 2042 5454 ejus

2159 5392 2298 5456 δείας
2321 5392 2499 5456 ἄθλοις
2518 5410 2532 5423 ·
2565 5392 2715 5446 ἔσται
2743 5392 2799 5446 δὲ
2835 5393 3022 5465 καιρὸς
3048 5394 3282 5464 ὁπηνίκα
3315 5396 3348 5465 ἡ
3370 5393 3514 5466 ψυχὴ
3538 5395 3708 5449 αὐτοῦ

491 5483 547 5538 in
578 5482 735 5538 bonis
775 5479 1177 5536 demorabitur;
1226 5477 1549 5548 quibusnam
1609 5478 1663 5531 in
1722 5477 1900 5541 bonis,
1936 5478 2042 5532 nisi

2159 5485 2204 5537 ὲν
2240 5482 2459 5552 ἀγαθοῖς
2495 5483 2871 5555 αὑλισθήσεται
2894 5499 2908 5512 ·
2961 5481 3133 5545 ποίοις
3163 5482 3219 5535 δὲ
3249 5483 3471 5551 ἀγαθοῖς
3508 5483 3540 5554 ῆ
3576 5487 3707 5557 περὶ

489 5574 556 5631 de
581 5560 781 5646 quibus
817 5572 1023 5628 dictum
1060 5579 1180 5627 est:
1216 5569 1347 5637 Qute
1379 5569 1559 5623 oculus
1595 5585 1695 5623 non
1731 5568 1857 5624 vidit
1889 5568 1954 5634 ³⁵,
1986 5576 2040 5624 et

2159 5565 2220 5627 ὗν
2239 5572 2487 5645 εἴρηταιο
2534 5577 2594 5631 Ἃ
2641 5574 2943 5644 ὀφθαλμὸς
2969 5576 3079 5629 οὐκ
3122 5570 3274 5639 εἶδε,
3316 5576 3407 5628 καὶ
3440 5574 3509 5628 τὰ
3540 5575 3705 5647 ἑξῆς;

560 5728 602 5761 ³¹
637 5728 823 5785 Matth.
860 5744 892 5784 v
916 5769 929 5791 ,
966 5728 1019 5783 4.
1096 5727 1137 5760 ³³
1178 5726 1365 5784 Matth.
1406 5743 1493 5791 XI,
1526 5725 1613 5781 ἓξ).
1693 5726 1736 5759 ³³
1778 5725 1906 5793 Sap.
1941 5743 2029 5793 tu,

2233 5729 2278 5763 ³⁸
2317 5728 2505 5787 Matth.
2543 5747 2639 5796 vn,
2682 5731 2733 5787 7.
2809 5731 2853 5764 ³⁵
2892 5730 2912 5784 1
2945 5730 3071 5787 Cor.
3108 5744 3188 5793 ιι,
3226 5731 3277 5785 9.
