  <div class='ocr_page' id='page_1' title='image "/cluster/home/n/w/nwhite01/storage/ocr_20150623/23/hvd.32044073501116/120.png"; bbox 0 0 3992 6216; ppageno 0'>
   <div class='ocr_carea' id='block_1_1' title="bbox 288 294 395 350">
    <p class='ocr_par' dir='ltr' id='par_1_1' title="bbox 288 294 395 350">
     <span class='ocr_line' id='line_1_1' title="bbox 288 294 395 350; baseline 0 0"><span class='ocrx_word' id='word_1_1' title='bbox 288 294 395 350; x_wconf 74' lang='lat'><strong>2‘29</strong></span> 
     </span>
    </p>
   </div>
   <div class='ocr_carea' id='block_1_2' title="bbox 1396 276 2369 339">
    <p class='ocr_par' dir='ltr' id='par_1_2' title="bbox 1396 276 2369 339">
     <span class='ocr_line' id='line_1_2' title="bbox 1396 276 2369 339; baseline -0.007 0"><span class='ocrx_word' id='word_1_2' title='bbox 1396 282 1895 339; x_wconf 78' lang='lat' dir='ltr'><strong>COMMENTARIA</strong></span> <span class='ocrx_word' id='word_1_3' title='bbox 1929 281 1995 335; x_wconf 85' lang='lat' dir='ltr'><strong>IN</strong></span> <span class='ocrx_word' id='word_1_4' title='bbox 2036 276 2369 335; x_wconf 77' lang='lat' dir='ltr'><strong>PSALMOS.</strong></span> 
     </span>
    </p>
   </div>
   <div class='ocr_carea' id='block_1_3' title="bbox 3387 276 3495 334">
    <p class='ocr_par' dir='ltr' id='par_1_3' title="bbox 3387 276 3495 334">
     <span class='ocr_line' id='line_1_3' title="bbox 3387 276 3495 334; baseline 0.028 -4"><span class='ocrx_word' id='word_1_5' title='bbox 3387 276 3495 334; x_wconf 77' lang='lat'><strong>230</strong></span> 
     </span>
    </p>
   </div>
   <div class='ocr_carea' id='block_1_4' title="bbox 272 395 1831 481">
    <p class='ocr_par' dir='ltr' id='par_1_4' title="bbox 272 401 1827 481">
     <span class='ocr_line' id='line_1_4' title="bbox 272 401 1827 481; baseline -0.005 -16"><span class='ocrx_word' id='word_1_6' title='bbox 272 412 347 465; x_wconf 86' lang='grc' dir='ltr'>Τό</span> <span class='ocrx_word' id='word_1_7' title='bbox 371 428 435 479; x_wconf 72' lang='grc' dir='ltr'><strong>γε</strong></span> <span class='ocrx_word' id='word_1_8' title='bbox 460 409 558 481; x_wconf 81' lang='grc' dir='ltr'>μὲν</span> <span class='ocrx_word' id='word_1_9' title='bbox 585 405 803 476; x_wconf 82' lang='grc' dir='ltr'>σπέρμα</span> <span class='ocrx_word' id='word_1_10' title='bbox 827 446 843 471; x_wconf 92' lang='grc'><strong>,</strong></span> <span class='ocrx_word' id='word_1_11' title='bbox 888 405 1023 476; x_wconf 83' lang='grc' dir='ltr'>ὅπερ</span> <span class='ocrx_word' id='word_1_12' title='bbox 1055 401 1375 456; x_wconf 77' lang='grc' dir='ltr'>κατεϐάλετο</span> <span class='ocrx_word' id='word_1_13' title='bbox 1422 404 1479 455; x_wconf 85' lang='grc' dir='ltr'>ὲν</span> <span class='ocrx_word' id='word_1_14' title='bbox 1505 406 1572 475; x_wconf 83' lang='grc' dir='ltr'>τῇ</span> <span class='ocrx_word' id='word_1_15' title='bbox 1604 405 1673 474; x_wconf 76' lang='grc' dir='ltr'><strong>γῇ</strong></span> <span class='ocrx_word' id='word_1_16' title='bbox 1706 404 1827 457; x_wconf 87' lang='grc' dir='ltr'>καθ’</span> 
     </span>
    </p>
   </div>
   <div class='ocr_carea' id='block_1_5' title="bbox 1932 395 3498 481">
    <p class='ocr_par' dir='ltr' id='par_1_5' title="bbox 1932 395 3498 467">
     <span class='ocr_line' id='line_1_5' title="bbox 1932 395 3498 467; baseline -0.002 -12"><span class='ocrx_word' id='word_1_17' title='bbox 1932 398 2162 456; x_wconf 59' lang='grc' dir='ltr'>ρατιοτοῖ</span> <span class='ocrx_word' id='word_1_18' title='bbox 2210 396 2410 453; x_wconf 85' lang='lat' dir='ltr'><strong>Semen</strong></span> <span class='ocrx_word' id='word_1_19' title='bbox 2440 410 2609 467; x_wconf 85' lang='lat' dir='ltr'><strong>porro</strong></span> <span class='ocrx_word' id='word_1_20' title='bbox 2637 396 2788 466; x_wconf 84' lang='lat' dir='ltr'><strong>ejus,</strong></span> <span class='ocrx_word' id='word_1_21' title='bbox 2832 396 2977 467; x_wconf 86' lang='lat' dir='ltr'><strong>quod</strong></span> <span class='ocrx_word' id='word_1_22' title='bbox 3019 395 3074 450; x_wconf 88' lang='lat' dir='ltr'><strong>in</strong></span> <span class='ocrx_word' id='word_1_23' title='bbox 3121 404 3323 451; x_wconf 89' lang='lat' dir='ltr'><strong>terram</strong></span> <span class='ocrx_word' id='word_1_24' title='bbox 3364 395 3498 465; x_wconf 83' lang='lat' dir='ltr'><strong>iecit</strong></span> 
     </span>
    </p>
   </div>
   <div class='ocr_carea' id='block_1_6' title="bbox 271 492 1831 567">
    <p class='ocr_par' dir='ltr' id='par_1_6' title="bbox 271 492 1831 567">
     <span class='ocr_line' id='line_1_6' title="bbox 271 492 1831 567; baseline -0.006 -11"><span class='ocrx_word' id='word_1_25' title='bbox 271 502 331 556; x_wconf 78' lang='grc' dir='ltr'>ὃν</span> <span class='ocrx_word' id='word_1_26' title='bbox 359 498 699 554; x_wconf 75' lang='grc' dir='ltr'><strong>ἐπολιτεύετο</strong></span> <span class='ocrx_word' id='word_1_27' title='bbox 728 496 822 549; x_wconf 75' lang='grc' dir='ltr'>ἐπὶ</span> <span class='ocrx_word' id='word_1_28' title='bbox 859 496 958 567; x_wconf 84' lang='grc' dir='ltr'>γῆς</span> <span class='ocrx_word' id='word_1_29' title='bbox 1002 495 1207 565; x_wconf 87' lang='grc' dir='ltr'>χρόνον,</span> <span class='ocrx_word' id='word_1_30' title='bbox 1239 492 1462 557; x_wconf 79' lang='grc' dir='ltr'>πολλοὺς</span> <span class='ocrx_word' id='word_1_31' title='bbox 1492 494 1831 566; x_wconf 85' lang='grc' dir='ltr'>κληρονομή-</span> 
     </span>
    </p>
   </div>
   <div class='ocr_carea' id='block_1_7' title="bbox 274 584 1833 662">
    <p class='ocr_par' dir='ltr' id='par_1_7' title="bbox 274 584 1833 662">
     <span class='ocr_line' id='line_1_7' title="bbox 274 584 1833 662; baseline -0.005 -15"><span class='ocrx_word' id='word_1_32' title='bbox 274 611 377 655; x_wconf 88' lang='grc' dir='ltr'>σει,</span> <span class='ocrx_word' id='word_1_33' title='bbox 407 588 677 662; x_wconf 78' lang='grc' dir='ltr'><strong>σωτηρίας</strong></span> <span class='ocrx_word' id='word_1_34' title='bbox 712 588 880 640; x_wconf 85' lang='grc' dir='ltr'>αῐτιον</span> <span class='ocrx_word' id='word_1_35' title='bbox 932 585 1210 656; x_wconf 88' lang='grc' dir='ltr'>γινόμενον</span> <span class='ocrx_word' id='word_1_36' title='bbox 1245 584 1476 649; x_wconf 76' lang='grc' dir='ltr'><strong>πολλοῖς.</strong></span> <span class='ocrx_word' id='word_1_37' title='bbox 1520 585 1747 657; x_wconf 79' lang='grc' dir='ltr'><strong>Σπέρμα</strong></span> <span class='ocrx_word' id='word_1_38' title='bbox 1775 586 1833 639; x_wconf 80' lang='grc' dir='ltr'>δὲ</span> 
     </span>
    </p>
   </div>
   <div class='ocr_carea' id='block_1_8' title="bbox 270 675 1833 750">
    <p class='ocr_par' dir='ltr' id='par_1_8' title="bbox 270 675 1833 750">
     <span class='ocr_line' id='line_1_8' title="bbox 270 675 1833 750; baseline -0.006 -13"><span class='ocrx_word' id='word_1_39' title='bbox 270 684 324 737; x_wconf 91' lang='grc' dir='ltr'><strong>τί</strong></span> <span class='ocrx_word' id='word_1_40' title='bbox 352 682 418 736; x_wconf 83' lang='grc' dir='ltr'>ἂν</span> <span class='ocrx_word' id='word_1_41' title='bbox 452 680 624 743; x_wconf 82' lang='grc' dir='ltr'>εῖποις</span> <span class='ocrx_word' id='word_1_42' title='bbox 661 679 694 750; x_wconf 83' lang='grc' dir='ltr'><strong>ἢ</strong></span> <span class='ocrx_word' id='word_1_43' title='bbox 736 678 831 749; x_wconf 80' lang='grc' dir='ltr'>τὴν</span> <span class='ocrx_word' id='word_1_44' title='bbox 870 675 1212 730; x_wconf 77' lang='grc' dir='ltr'>διδασκαλίαν</span> <span class='ocrx_word' id='word_1_45' title='bbox 1244 676 1336 729; x_wconf 75' lang='grc' dir='ltr'>καὶ</span> <span class='ocrx_word' id='word_1_46' title='bbox 1366 678 1494 739; x_wconf 82' lang='grc' dir='ltr'>τοὺς</span> <span class='ocrx_word' id='word_1_47' title='bbox 1525 676 1714 745; x_wconf 82' lang='grc' dir='ltr'>λόγους</span> <span class='ocrx_word' id='word_1_48' title='bbox 1741 676 1833 729; x_wconf 79' lang='grc' dir='ltr'>καὶ</span> 
     </span>
    </p>
   </div>
   <div class='ocr_carea' id='block_1_9' title="bbox 269 769 1833 846">
    <p class='ocr_par' dir='ltr' id='par_1_9' title="bbox 269 769 1833 846">
     <span class='ocr_line' id='line_1_9' title="bbox 269 769 1833 846; baseline -0.003 -17"><span class='ocrx_word' id='word_1_49' title='bbox 269 776 342 829; x_wconf 82' lang='grc' dir='ltr'>τὰ</span> <span class='ocrx_word' id='word_1_50' title='bbox 395 775 816 846; x_wconf 83' lang='grc' dir='ltr'>συγγράμματα,</span> <span class='ocrx_word' id='word_1_51' title='bbox 876 772 908 842; x_wconf 81' lang='grc' dir='ltr'><strong>ἢ</strong></span> <span class='ocrx_word' id='word_1_52' title='bbox 963 770 1088 835; x_wconf 81' lang='grc' dir='ltr'>τοὺς</span> <span class='ocrx_word' id='word_1_53' title='bbox 1118 769 1257 824; x_wconf 85' lang='grc' dir='ltr'><strong>κατά</strong></span> <span class='ocrx_word' id='word_1_54' title='bbox 1302 770 1433 824; x_wconf 79' lang='grc' dir='ltr'>Θεὸν</span> <span class='ocrx_word' id='word_1_55' title='bbox 1473 770 1619 841; x_wconf 80' lang='grc' dir='ltr'>αὐτῷ</span> <span class='ocrx_word' id='word_1_56' title='bbox 1644 786 1833 841; x_wconf 89' lang='grc' dir='ltr'>γεννη-</span> 
     </span>
    </p>
   </div>
   <div class='ocr_carea' id='block_1_10' title="bbox 273 859 1832 936">
    <p class='ocr_par' dir='ltr' id='par_1_10' title="bbox 273 859 1832 936">
     <span class='ocr_line' id='line_1_10' title="bbox 273 859 1832 936; baseline -0.003 -15"><span class='ocrx_word' id='word_1_57' title='bbox 273 868 471 930; x_wconf 83' lang='grc' dir='ltr'>θέντας</span> <span class='ocrx_word' id='word_1_58' title='bbox 510 866 601 920; x_wconf 61' lang='grc' dir='ltr'><strong>καλ¹</strong></span> <span class='ocrx_word' id='word_1_59' title='bbox 649 863 1077 936; x_wconf 87' lang='grc' dir='ltr'>μαθητευθέντας</span> <span class='ocrx_word' id='word_1_60' title='bbox 1103 863 1340 935; x_wconf 84' lang='grc' dir='ltr'>άνδρας;</span> <span class='ocrx_word' id='word_1_61' title='bbox 1380 862 1447 915; x_wconf 84' lang='grc' dir='ltr'><strong>δι’</strong></span> <span class='ocrx_word' id='word_1_62' title='bbox 1471 859 1544 918; x_wconf 81' lang='grc' dir='ltr'>ὧν</span> <span class='ocrx_word' id='word_1_63' title='bbox 1575 864 1667 916; x_wconf 81' lang='grc' dir='ltr'>καὶ</span> <span class='ocrx_word' id='word_1_64' title='bbox 1697 862 1832 932; x_wconf 80' lang='grc' dir='ltr'>μετὰ</span> 
     </span>
    </p>
   </div>
   <div class='ocr_carea' id='block_1_11' title="bbox 271 956 1831 1032">
    <p class='ocr_par' dir='ltr' id='par_1_11' title="bbox 271 956 1831 1032">
     <span class='ocr_line' id='line_1_11' title="bbox 271 956 1831 1032; baseline 0 -21"><span class='ocrx_word' id='word_1_65' title='bbox 271 960 373 1032; x_wconf 85' lang='grc' dir='ltr'>τὴν</span> <span class='ocrx_word' id='word_1_66' title='bbox 389 962 447 1014; x_wconf 83' lang='grc' dir='ltr'>ὲν</span> <span class='ocrx_word' id='word_1_67' title='bbox 468 959 685 1027; x_wconf 79' lang='grc' dir='ltr'>ἀγαθοῖς</span> <span class='ocrx_word' id='word_1_68' title='bbox 711 959 1013 1012; x_wconf 79' lang='grc' dir='ltr'>ἀνάπαυσιν</span> <span class='ocrx_word' id='word_1_69' title='bbox 1056 956 1219 1010; x_wconf 79' lang='grc' dir='ltr'>αὐτοῦ</span> <span class='ocrx_word' id='word_1_70' title='bbox 1255 958 1435 1031; x_wconf 84' lang='grc' dir='ltr'>μυρίοι</span> <span class='ocrx_word' id='word_1_71' title='bbox 1458 958 1555 1028; x_wconf 82' lang='grc' dir='ltr'>τῆς</span> <span class='ocrx_word' id='word_1_72' title='bbox 1584 957 1731 1031; x_wconf 85' lang='grc' dir='ltr'>παρὰ</span> <span class='ocrx_word' id='word_1_73' title='bbox 1754 958 1831 1029; x_wconf 83' lang='grc' dir='ltr'><strong>τῷ</strong></span> 
     </span>
    </p>
   </div>
   <div class='ocr_carea' id='block_1_12' title="bbox 273 1049 1830 1123">
    <p class='ocr_par' dir='ltr' id='par_1_12' title="bbox 273 1049 1830 1123">
     <span class='ocr_line' id='line_1_12' title="bbox 273 1049 1830 1123; baseline -0.001 -18"><span class='ocrx_word' id='word_1_74' title='bbox 273 1051 395 1123; x_wconf 83' lang='grc' dir='ltr'><strong>Θεῷ</strong></span> <span class='ocrx_word' id='word_1_75' title='bbox 450 1050 805 1122; x_wconf 82' lang='grc' dir='ltr'>κληρονομίας</span> <span class='ocrx_word' id='word_1_76' title='bbox 869 1049 1181 1114; x_wconf 81' lang='grc' dir='ltr'>τεύξονται,</span> <span class='ocrx_word' id='word_1_77' title='bbox 1244 1050 1339 1104; x_wconf 82' lang='grc' dir='ltr'>ἆτε</span> <span class='ocrx_word' id='word_1_78' title='bbox 1394 1049 1611 1118; x_wconf 82' lang='grc' dir='ltr'>ἀγαθῶν</span> <span class='ocrx_word' id='word_1_79' title='bbox 1662 1068 1830 1123; x_wconf 89' lang='grc' dir='ltr'>σπερ-</span> 
     </span>
    </p>
   </div>
   <div class='ocr_carea' id='block_1_13' title="bbox 275 1142 1832 1215">
    <p class='ocr_par' dir='ltr' id='par_1_13' title="bbox 275 1142 1832 1215">
     <span class='ocr_line' id='line_1_13' title="bbox 275 1142 1832 1215; baseline -0.001 -17"><span class='ocrx_word' id='word_1_80' title='bbox 275 1144 459 1215; x_wconf 81' lang='grc' dir='ltr'><strong>μάτων</strong></span> <span class='ocrx_word' id='word_1_81' title='bbox 486 1144 731 1215; x_wconf 82' lang='grc' dir='ltr'><strong>τυχόντες</strong></span> <span class='ocrx_word' id='word_1_82' title='bbox 783 1144 874 1196; x_wconf 77' lang='grc' dir='ltr'>καὶ</span> <span class='ocrx_word' id='word_1_83' title='bbox 928 1142 1263 1215; x_wconf 80' lang='grc' dir='ltr'>ὠφελημένοι</span> <span class='ocrx_word' id='word_1_84' title='bbox 1295 1142 1392 1214; x_wconf 82' lang='grc' dir='ltr'>τὴν</span> <span class='ocrx_word' id='word_1_85' title='bbox 1419 1142 1597 1196; x_wconf 76' lang='grc' dir='ltr'>ἔνθεον</span> <span class='ocrx_word' id='word_1_86' title='bbox 1629 1160 1832 1215; x_wconf 88' lang='grc' dir='ltr'>καρπο-</span> 
     </span>
    </p>
   </div>
   <div class='ocr_carea' id='block_1_14' title="bbox 274 1235 481 1308">
    <p class='ocr_par' dir='ltr' id='par_1_14' title="bbox 274 1235 481 1308">
     <span class='ocr_line' id='line_1_14' title="bbox 274 1235 481 1308; baseline -0.019 -18"><span class='ocrx_word' id='word_1_87' title='bbox 274 1235 481 1308; x_wconf 84' lang='grc' dir='ltr'>φορίαν.</span> 
     </span>
    </p>
   </div>
   <div class='ocr_carea' id='block_1_15' title="bbox 341 1325 1832 1396">
    <p class='ocr_par' dir='ltr' id='par_1_15' title="bbox 341 1325 1832 1396">
     <span class='ocr_line' id='line_1_15' title="bbox 341 1325 1832 1396; baseline -0.001 -16"><span class='ocrx_word' id='word_1_88' title='bbox 341 1326 684 1396; x_wconf 82' lang='grc' dir='ltr'>Κραταίωμα</span> <span class='ocrx_word' id='word_1_89' title='bbox 713 1327 925 1394; x_wconf 85' lang='grc' dir='ltr'>Κύριος</span> <span class='ocrx_word' id='word_1_90' title='bbox 953 1326 1070 1380; x_wconf 86' lang='grc' dir='ltr'><strong>τῶν</strong></span> <span class='ocrx_word' id='word_1_91' title='bbox 1093 1325 1474 1395; x_wconf 64' lang='grc' dir='ltr'>φοϐουμένων</span> <span class='ocrx_word' id='word_1_92' title='bbox 1504 1326 1707 1389; x_wconf 84' lang='grc' dir='ltr'>αὐτὸν,</span> <span class='ocrx_word' id='word_1_93' title='bbox 1733 1327 1832 1382; x_wconf 81' lang='grc' dir='ltr'>καὶ</span> 
     </span>
    </p>
   </div>
   <div class='ocr_carea' id='block_1_16' title="bbox 269 1415 1831 1488">
    <p class='ocr_par' dir='ltr' id='par_1_16' title="bbox 269 1415 1831 1488">
     <span class='ocr_line' id='line_1_16' title="bbox 269 1415 1831 1488; baseline 0.001 -19"><span class='ocrx_word' id='word_1_94' title='bbox 269 1416 310 1483; x_wconf 81' lang='grc' dir='ltr'><em>ἠ</em></span> <span class='ocrx_word' id='word_1_95' title='bbox 356 1416 610 1485; x_wconf 78' lang='grc' dir='ltr'>Διαθήκη</span> <span class='ocrx_word' id='word_1_96' title='bbox 658 1415 842 1471; x_wconf 83' lang='grc' dir='ltr'>αὐτοῦ</span> <span class='ocrx_word' id='word_1_97' title='bbox 897 1416 1003 1470; x_wconf 85' lang='grc' dir='ltr'><strong>τοῦ</strong></span> <span class='ocrx_word' id='word_1_98' title='bbox 1051 1416 1318 1485; x_wconf 81' lang='grc' dir='ltr'>δηλῶσαι</span> <span class='ocrx_word' id='word_1_99' title='bbox 1363 1417 1582 1484; x_wconf 81' lang='grc' dir='ltr'>αὐτοῖς.</span> <span class='ocrx_word' id='word_1_100' title='bbox 1637 1418 1692 1471; x_wconf 90' lang='lat'><strong>&#39;0</strong></span> <span class='ocrx_word' id='word_1_101' title='bbox 1735 1419 1831 1488; x_wconf 81' lang='grc' dir='ltr'>μὲν</span> 
     </span>
    </p>
   </div>
   <div class='ocr_carea' id='block_1_17' title="bbox 282 1509 1830 1585">
    <p class='ocr_par' dir='ltr' id='par_1_17' title="bbox 282 1509 1830 1585">
     <span class='ocr_line' id='line_1_17' title="bbox 282 1509 1830 1585; baseline 0.005 -24"><span class='ocrx_word' id='word_1_102' title='bbox 282 1509 529 1575; x_wconf 75' lang='grc' dir='ltr'>Ἀκύλας,</span> <span class='ocrx_word' id='word_1_103' title='bbox 550 1511 886 1579; x_wconf 73' lang='grc' dir='ltr'>ἀπόρρητον</span> <span class='ocrx_word' id='word_1_104' title='bbox 907 1512 1125 1579; x_wconf 82' lang='grc' dir='ltr'>Κυρίου</span> <span class='ocrx_word' id='word_1_105' title='bbox 1152 1512 1227 1583; x_wconf 79' lang='grc'><strong>(1)</strong></span> <span class='ocrx_word' id='word_1_106' title='bbox 1249 1511 1524 1579; x_wconf 76' lang='grc' dir='ltr'><strong>ἐξέδωκεν·</strong></span> <span class='ocrx_word' id='word_1_107' title='bbox 1558 1512 1586 1564; x_wconf 89' lang='grc' dir='ltr'><strong>ὁ</strong></span> <span class='ocrx_word' id='word_1_108' title='bbox 1606 1513 1661 1566; x_wconf 85' lang='grc' dir='ltr'>δὲ</span> <span class='ocrx_word' id='word_1_109' title='bbox 1684 1515 1753 1567; x_wconf 86' lang='grc' dir='ltr'><strong>Σύ</strong></span> <span class='ocrx_word' id='word_1_110' title='bbox 1761 1533 1830 1585; x_wconf 77' lang='lat' dir='ltr'><strong>p.-</strong></span> 
     </span>
    </p>
   </div>
   <div class='ocr_carea' id='block_1_18' title="bbox 270 1603 1827 1678">
    <p class='ocr_par' dir='ltr' id='par_1_18' title="bbox 270 1603 1827 1678">
     <span class='ocr_line' id='line_1_18' title="bbox 270 1603 1827 1678; baseline 0.003 -24"><span class='ocrx_word' id='word_1_111' title='bbox 270 1618 462 1672; x_wconf 84' lang='grc' dir='ltr'>μαχος,</span> <span class='ocrx_word' id='word_1_112' title='bbox 498 1603 700 1672; x_wconf 73' lang='grc' dir='ltr'>ὁμιλία</span> <span class='ocrx_word' id='word_1_113' title='bbox 712 1603 950 1670; x_wconf 87' lang='grc' dir='ltr'>Κυρίου’</span> <span class='ocrx_word' id='word_1_114' title='bbox 981 1603 1083 1656; x_wconf 75' lang='grc' dir='ltr'>ὁδε</span> <span class='ocrx_word' id='word_1_115' title='bbox 1113 1603 1400 1658; x_wconf 85' lang='grc' dir='ltr'>Θεοδοτίων</span> <span class='ocrx_word' id='word_1_116' title='bbox 1420 1606 1514 1659; x_wconf 75' lang='grc' dir='ltr'><strong>καὶ</strong></span> <span class='ocrx_word' id='word_1_117' title='bbox 1540 1608 1571 1676; x_wconf 85' lang='grc' dir='ltr'>ἡ</span> <span class='ocrx_word' id='word_1_118' title='bbox 1607 1606 1827 1678; x_wconf 85' lang='grc' dir='ltr'>πέμπτη</span> 
     </span>
    </p>
   </div>
   <div class='ocr_carea' id='block_1_19' title="bbox 265 1692 1829 1768">
    <p class='ocr_par' dir='ltr' id='par_1_19' title="bbox 265 1692 1829 1768">
     <span class='ocr_line' id='line_1_19' title="bbox 265 1692 1829 1768; baseline 0.003 -21"><span class='ocrx_word' id='word_1_119' title='bbox 265 1692 495 1758; x_wconf 68' lang='grc' dir='ltr'>ἔκδοσις,</span> <span class='ocrx_word' id='word_1_120' title='bbox 522 1692 858 1763; x_wconf 77' lang='grc' dir='ltr'>μυστήριον</span> <span class='ocrx_word' id='word_1_121' title='bbox 879 1694 1116 1763; x_wconf 86' lang='grc' dir='ltr'>Κυρίου.</span> <span class='ocrx_word' id='word_1_122' title='bbox 1151 1694 1425 1749; x_wconf 81' lang='grc' dir='ltr'>Ἐντεῦθεν</span> <span class='ocrx_word' id='word_1_123' title='bbox 1458 1696 1562 1768; x_wconf 84' lang='grc' dir='ltr'>γὰρ</span> <span class='ocrx_word' id='word_1_124' title='bbox 1594 1698 1673 1760; x_wconf 80' lang='grc' dir='ltr'><strong>εἰς</strong></span> <span class='ocrx_word' id='word_1_125' title='bbox 1706 1714 1829 1760; x_wconf 81' lang='grc' dir='ltr'>τοσ-</span> 
     </span>
    </p>
   </div>
   <div class='ocr_carea' id='block_1_20' title="bbox 270 1784 1833 1859">
    <p class='ocr_par' dir='ltr' id='par_1_20' title="bbox 270 1784 1833 1859">
     <span class='ocr_line' id='line_1_20' title="bbox 270 1784 1833 1859; baseline 0.003 -21"><span class='ocrx_word' id='word_1_126' title='bbox 270 1784 441 1858; x_wconf 78' lang='grc' dir='ltr'>αύτην</span> <span class='ocrx_word' id='word_1_127' title='bbox 509 1784 675 1857; x_wconf 73' lang='grc' dir='ltr'>ἡλασε</span> <span class='ocrx_word' id='word_1_128' title='bbox 720 1785 1087 1856; x_wconf 87' lang='grc' dir='ltr'>μακαριότητα</span> <span class='ocrx_word' id='word_1_129' title='bbox 1132 1787 1162 1838; x_wconf 82' lang='grc' dir='ltr'><strong>ὁ</strong></span> <span class='ocrx_word' id='word_1_130' title='bbox 1203 1786 1455 1859; x_wconf 86' lang='grc' dir='ltr'><strong>ἀνωτέρω</strong></span> <span class='ocrx_word' id='word_1_131' title='bbox 1519 1788 1833 1859; x_wconf 74' lang='grc' dir='ltr'>προλεχθεὶς</span> 
     </span>
    </p>
   </div>
   <div class='ocr_carea' id='block_1_21' title="bbox 271 1868 1833 1950">
    <p class='ocr_par' dir='ltr' id='par_1_21' title="bbox 271 1868 1833 1950">
     <span class='ocr_line' id='line_1_21' title="bbox 271 1868 1833 1950; baseline 0.001 -20"><span class='ocrx_word' id='word_1_132' title='bbox 271 1874 605 1949; x_wconf 61' lang='grc' dir='ltr'>φοϐούμενος</span> <span class='ocrx_word' id='word_1_133' title='bbox 632 1876 835 1947; x_wconf 82' lang='grc' dir='ltr'>Κύριον</span> <span class='ocrx_word' id='word_1_134' title='bbox 878 1868 942 1930; x_wconf 82' lang='grc' dir='ltr'>ὲκ</span> <span class='ocrx_word' id='word_1_135' title='bbox 974 1874 1065 1930; x_wconf 88' lang='grc' dir='ltr'><strong>τοῦ</strong></span> <span class='ocrx_word' id='word_1_136' title='bbox 1109 1876 1321 1948; x_wconf 87' lang='grc' dir='ltr'>ὁμιλίαν</span> <span class='ocrx_word' id='word_1_137' title='bbox 1358 1876 1449 1931; x_wconf 89' lang='grc' dir='ltr'><strong>τοῦ</strong></span> <span class='ocrx_word' id='word_1_138' title='bbox 1485 1877 1707 1950; x_wconf 82' lang='grc' dir='ltr'>Κυρίου,</span> <span class='ocrx_word' id='word_1_139' title='bbox 1740 1880 1833 1932; x_wconf 75' lang='grc' dir='ltr'>καὶ</span> 
     </span>
    </p>
   </div>
   <div class='ocr_carea' id='block_1_22' title="bbox 273 1965 1833 2040">
    <p class='ocr_par' dir='ltr' id='par_1_22' title="bbox 273 1965 1833 2040">
     <span class='ocr_line' id='line_1_22' title="bbox 273 1965 1833 2040; baseline -0.001 -18"><span class='ocrx_word' id='word_1_140' title='bbox 273 1969 583 2040; x_wconf 74' lang='grc' dir='ltr'>ἀπόρρητον</span> <span class='ocrx_word' id='word_1_141' title='bbox 614 1965 807 2032; x_wconf 87' lang='grc' dir='ltr'>αὐτοῦ,</span> <span class='ocrx_word' id='word_1_142' title='bbox 847 1967 939 2020; x_wconf 76' lang='grc' dir='ltr'>καὶ</span> <span class='ocrx_word' id='word_1_143' title='bbox 980 1967 1041 2019; x_wconf 86' lang='grc' dir='ltr'>τὸ</span> <span class='ocrx_word' id='word_1_144' title='bbox 1073 1970 1364 2039; x_wconf 87' lang='grc' dir='ltr'>μυστήριον</span> <span class='ocrx_word' id='word_1_145' title='bbox 1395 1967 1555 2022; x_wconf 80' lang='grc' dir='ltr'>αὑτοῦ</span> <span class='ocrx_word' id='word_1_146' title='bbox 1594 1968 1833 2037; x_wconf 77' lang='grc' dir='ltr'>γνωστὸν</span> 
     </span>
    </p>
   </div>
   <div class='ocr_carea' id='block_1_23' title="bbox 274 2054 1831 2131">
    <p class='ocr_par' dir='ltr' id='par_1_23' title="bbox 274 2054 1831 2131">
     <span class='ocr_line' id='line_1_23' title="bbox 274 2054 1831 2131; baseline 0.001 -21"><span class='ocrx_word' id='word_1_147' title='bbox 274 2055 423 2127; x_wconf 80' lang='grc' dir='ltr'>αὐτῷ</span> <span class='ocrx_word' id='word_1_148' title='bbox 440 2057 737 2125; x_wconf 86' lang='grc' dir='ltr'>γεγονέναι,</span> <span class='ocrx_word' id='word_1_149' title='bbox 786 2057 880 2110; x_wconf 74' lang='grc' dir='ltr'>καὶ</span> <span class='ocrx_word' id='word_1_150' title='bbox 906 2054 975 2109; x_wconf 77' lang='grc' dir='ltr'>τὰ</span> <span class='ocrx_word' id='word_1_151' title='bbox 1003 2057 1059 2129; x_wconf 65' lang='grc' dir='ltr'><strong>εν</strong></span> <span class='ocrx_word' id='word_1_152' title='bbox 1096 2060 1164 2128; x_wconf 75' lang='grc' dir='ltr'><strong>τῇ</strong></span> <span class='ocrx_word' id='word_1_153' title='bbox 1208 2057 1449 2131; x_wconf 81' lang='grc' dir='ltr'>Διαθήκῃ</span> <span class='ocrx_word' id='word_1_154' title='bbox 1477 2058 1660 2124; x_wconf 80' lang='grc' dir='ltr'>αὐτοϋ,</span> <span class='ocrx_word' id='word_1_155' title='bbox 1688 2059 1831 2112; x_wconf 89' lang='grc' dir='ltr'>τοῦτ’</span> 
     </span>
    </p>
   </div>
   <div class='ocr_carea' id='block_1_24' title="bbox 271 2148 1690 2222">
    <p class='ocr_par' dir='ltr' id='par_1_24' title="bbox 271 2148 1690 2222">
     <span class='ocr_line' id='line_1_24' title="bbox 271 2148 1690 2222; baseline 0.001 -19"><span class='ocrx_word' id='word_1_156' title='bbox 271 2150 418 2204; x_wconf 71' lang='grc' dir='ltr'>ἔστιν</span> <span class='ocrx_word' id='word_1_157' title='bbox 446 2151 504 2203; x_wconf 84' lang='grc' dir='ltr'>ὲν</span> <span class='ocrx_word' id='word_1_158' title='bbox 525 2153 590 2222; x_wconf 78' lang='grc' dir='ltr'>τῇ</span> <span class='ocrx_word' id='word_1_159' title='bbox 625 2148 744 2222; x_wconf 81' lang='grc' dir='ltr'>θείᾳ</span> <span class='ocrx_word' id='word_1_160' title='bbox 768 2150 977 2222; x_wconf 75' lang='grc' dir='ltr'>Γραφῇ,</span> <span class='ocrx_word' id='word_1_161' title='bbox 1009 2148 1369 2220; x_wconf 86' lang='grc' dir='ltr'>περιεχόμενα</span> <span class='ocrx_word' id='word_1_162' title='bbox 1399 2150 1690 2221; x_wconf 80' lang='grc' dir='ltr'>μυστήρια.</span> 
     </span>
    </p>
   </div>
   <div class='ocr_carea' id='block_1_25' title="bbox 344 2237 1829 2312">
    <p class='ocr_par' dir='ltr' id='par_1_25' title="bbox 344 2237 1829 2312">
     <span class='ocr_line' id='line_1_25' title="bbox 344 2237 1829 2312; baseline -0.002 -16"><span class='ocrx_word' id='word_1_163' title='bbox 344 2245 407 2296; x_wconf 86' lang='lat' dir='ltr'><strong>Ol</strong></span> <span class='ocrx_word' id='word_1_164' title='bbox 435 2241 727 2312; x_wconf 67' lang='grc' dir='ltr'>ὀφθαλμοί</span> <span class='ocrx_word' id='word_1_165' title='bbox 745 2258 864 2310; x_wconf 80' lang='grc' dir='ltr'><strong>μου</strong></span> <span class='ocrx_word' id='word_1_166' title='bbox 891 2238 989 2293; x_wconf 82' lang='grc' dir='ltr'>διὰ</span> <span class='ocrx_word' id='word_1_167' title='bbox 1031 2237 1258 2304; x_wconf 84' lang='grc' dir='ltr'>παντὸς</span> <span class='ocrx_word' id='word_1_168' title='bbox 1284 2238 1433 2306; x_wconf 83' lang='grc' dir='ltr'>πρὸς</span> <span class='ocrx_word' id='word_1_169' title='bbox 1466 2237 1571 2291; x_wconf 82' lang='grc' dir='ltr'>τὸν</span> <span class='ocrx_word' id='word_1_170' title='bbox 1594 2238 1829 2306; x_wconf 82' lang='grc' dir='ltr'>Κύριον,</span> 
     </span>
    </p>
   </div>
   <div class='ocr_carea' id='block_1_26' title="bbox 271 2330 1829 2403">
    <p class='ocr_par' dir='ltr' id='par_1_26' title="bbox 271 2330 1829 2403">
     <span class='ocr_line' id='line_1_26' title="bbox 271 2330 1829 2403; baseline -0.003 -13"><span class='ocrx_word' id='word_1_171' title='bbox 271 2336 362 2391; x_wconf 83' lang='grc' dir='ltr'>ὅτι</span> <span class='ocrx_word' id='word_1_172' title='bbox 392 2335 575 2402; x_wconf 80' lang='grc' dir='ltr'>αὐτὸς</span> <span class='ocrx_word' id='word_1_173' title='bbox 606 2333 901 2390; x_wconf 83' lang='grc' dir='ltr'>ἐκσπάσει</span> <span class='ocrx_word' id='word_1_174' title='bbox 931 2332 1000 2387; x_wconf 81' lang='grc' dir='ltr'>ἐκ</span> <span class='ocrx_word' id='word_1_175' title='bbox 1031 2331 1283 2403; x_wconf 75' lang='grc' dir='ltr'>παγίδος</span> <span class='ocrx_word' id='word_1_176' title='bbox 1313 2330 1455 2397; x_wconf 86' lang='grc' dir='ltr'>τοὺς</span> <span class='ocrx_word' id='word_1_177' title='bbox 1482 2330 1671 2398; x_wconf 80' lang='grc' dir='ltr'>πόδας</span> <span class='ocrx_word' id='word_1_178' title='bbox 1690 2349 1829 2400; x_wconf 80' lang='grc' dir='ltr'>μου.</span> 
     </span>
    </p>
   </div>
   <div class='ocr_carea' id='block_1_27' title="bbox 283 2424 1834 2500">
    <p class='ocr_par' dir='ltr' id='par_1_27' title="bbox 283 2424 1834 2500">
     <span class='ocr_line' id='line_1_27' title="bbox 283 2424 1834 2500; baseline -0.003 -16"><span class='ocrx_word' id='word_1_179' title='bbox 283 2432 640 2500; x_wconf 74' lang='grc' dir='ltr'>Ἐπίόλεψον</span> <span class='ocrx_word' id='word_1_180' title='bbox 674 2429 767 2483; x_wconf 82' lang='grc' dir='ltr'><strong>ἐπ’</strong></span> <span class='ocrx_word' id='word_1_181' title='bbox 792 2427 897 2498; x_wconf 78' lang='grc' dir='ltr'><strong>ἐμὲ</strong></span> <span class='ocrx_word' id='word_1_182' title='bbox 922 2427 1019 2482; x_wconf 76' lang='grc' dir='ltr'>καὶ</span> <span class='ocrx_word' id='word_1_183' title='bbox 1065 2424 1327 2495; x_wconf 76' lang='grc' dir='ltr'>ἐλέησόν</span> <span class='ocrx_word' id='word_1_184' title='bbox 1347 2442 1444 2495; x_wconf 84' lang='grc' dir='ltr'><strong>με,</strong></span> <span class='ocrx_word' id='word_1_185' title='bbox 1474 2425 1565 2479; x_wconf 88' lang='grc' dir='ltr'>ὅτι</span> <span class='ocrx_word' id='word_1_186' title='bbox 1586 2442 1834 2497; x_wconf 79' lang='grc' dir='ltr'>μονογε-</span> 
     </span>
    </p>
   </div>
   <div class='ocr_carea' id='block_1_28' title="bbox 269 2518 1834 2594">
    <p class='ocr_par' dir='ltr' id='par_1_28' title="bbox 269 2518 1834 2594">
     <span class='ocr_line' id='line_1_28' title="bbox 269 2518 1834 2594; baseline -0.003 -16"><span class='ocrx_word' id='word_1_187' title='bbox 269 2524 383 2594; x_wconf 79' lang='grc' dir='ltr'>νὴς</span> <span class='ocrx_word' id='word_1_188' title='bbox 403 2523 500 2578; x_wconf 77' lang='grc' dir='ltr'><strong>καί</strong></span> <span class='ocrx_word' id='word_1_189' title='bbox 522 2523 754 2593; x_wconf 77' lang='grc' dir='ltr'>πτωχός</span> <span class='ocrx_word' id='word_1_190' title='bbox 779 2524 895 2591; x_wconf 78' lang='grc' dir='ltr'>εἰμι</span> <span class='ocrx_word' id='word_1_191' title='bbox 924 2520 1056 2591; x_wconf 69' lang='grc' dir='ltr'><strong>ἐγώ.</strong></span> <span class='ocrx_word' id='word_1_192' title='bbox 1097 2523 1167 2575; x_wconf 84' lang='lat' dir='ltr'><strong>Al</strong></span> <span class='ocrx_word' id='word_1_193' title='bbox 1191 2521 1427 2589; x_wconf 74' lang='grc' dir='ltr'>θλίψεις</span> <span class='ocrx_word' id='word_1_194' title='bbox 1448 2518 1558 2589; x_wconf 80' lang='grc' dir='ltr'>τῆς</span> <span class='ocrx_word' id='word_1_195' title='bbox 1585 2518 1834 2589; x_wconf 77' lang='grc' dir='ltr'>καρδίας</span> 
     </span>
    </p>
   </div>
   <div class='ocr_carea' id='block_1_29' title="bbox 263 2610 1834 2687">
    <p class='ocr_par' dir='ltr' id='par_1_29' title="bbox 263 2610 1834 2687">
     <span class='ocr_line' id='line_1_29' title="bbox 263 2610 1834 2687; baseline -0.003 -17"><span class='ocrx_word' id='word_1_196' title='bbox 263 2633 382 2687; x_wconf 78' lang='grc' dir='ltr'><strong>μου</strong></span> <span class='ocrx_word' id='word_1_197' title='bbox 406 2616 897 2683; x_wconf 71' lang='grc' dir='ltr'>ἐπληθύνθησαν,</span> <span class='ocrx_word' id='word_1_198' title='bbox 927 2615 995 2668; x_wconf 79' lang='grc' dir='ltr'>ἐκ</span> <span class='ocrx_word' id='word_1_199' title='bbox 1016 2613 1132 2668; x_wconf 79' lang='grc' dir='ltr'><strong>τῶν</strong></span> <span class='ocrx_word' id='word_1_200' title='bbox 1145 2610 1422 2682; x_wconf 75' lang='grc' dir='ltr'>ἀναγκῶν</span> <span class='ocrx_word' id='word_1_201' title='bbox 1436 2629 1556 2682; x_wconf 82' lang='grc' dir='ltr'><strong>μου</strong></span> <span class='ocrx_word' id='word_1_202' title='bbox 1581 2610 1834 2683; x_wconf 67' lang='grc' dir='ltr'>ἐξάγαγέ</span> 
     </span>
    </p>
   </div>
   <div class='ocr_carea' id='block_1_30' title="bbox 176 2690 1833 2779">
    <p class='ocr_par' dir='ltr' id='par_1_30' title="bbox 176 2690 1833 2779">
     <span class='ocr_line' id='line_1_30' title="bbox 176 2690 1833 2779; baseline -0.003 -16"><span class='ocrx_word' id='word_1_203' title='bbox 176 2690 177 2693; x_wconf 8' lang='grc' dir='ltr'>Ἴ</span> <span class='ocrx_word' id='word_1_204' title='bbox 264 2725 357 2777; x_wconf 81' lang='grc' dir='ltr'>με.</span> <span class='ocrx_word' id='word_1_205' title='bbox 396 2709 468 2763; x_wconf 85' lang='grc' dir='ltr'><strong>Οὐ</strong></span> <span class='ocrx_word' id='word_1_206' title='bbox 501 2706 586 2761; x_wconf 83' lang='grc' dir='ltr'><strong>διὰ</strong></span> <span class='ocrx_word' id='word_1_207' title='bbox 607 2707 673 2761; x_wconf 80' lang='grc' dir='ltr'><strong>τά</strong></span> <span class='ocrx_word' id='word_1_208' title='bbox 696 2705 1092 2779; x_wconf 83' lang='grc' dir='ltr'>κατορθώματα</span> <span class='ocrx_word' id='word_1_209' title='bbox 1134 2704 1321 2777; x_wconf 82' lang='grc' dir='ltr'>ῶσπερ</span> <span class='ocrx_word' id='word_1_210' title='bbox 1351 2704 1702 2777; x_wconf 76' lang='grc' dir='ltr'>ὀφειλομένην</span> <span class='ocrx_word' id='word_1_211' title='bbox 1733 2706 1833 2776; x_wconf 81' lang='grc' dir='ltr'>τὴν</span> 
     </span>
    </p>
   </div>
   <div class='ocr_carea' id='block_1_31' title="bbox 275 2794 1833 2870">
    <p class='ocr_par' dir='ltr' id='par_1_31' title="bbox 275 2794 1833 2870">
     <span class='ocr_line' id='line_1_31' title="bbox 275 2794 1833 2870; baseline 0 -19"><span class='ocrx_word' id='word_1_212' title='bbox 275 2799 545 2870; x_wconf 82' lang='grc' dir='ltr'>σωτηρίαν</span> <span class='ocrx_word' id='word_1_213' title='bbox 590 2797 772 2868; x_wconf 76' lang='grc' dir='ltr'>αὐτῷ’</span> <span class='ocrx_word' id='word_1_214' title='bbox 804 2794 921 2851; x_wconf 79' lang='grc' dir='ltr'>οἶδα</span> <span class='ocrx_word' id='word_1_215' title='bbox 971 2797 1099 2867; x_wconf 85' lang='grc' dir='ltr'>γὰρ,</span> <span class='ocrx_word' id='word_1_216' title='bbox 1140 2797 1242 2863; x_wconf 83' lang='grc' dir='ltr'>ὅτι,</span> <span class='ocrx_word' id='word_1_217' title='bbox 1293 2795 1469 2851; x_wconf 85' lang='grc' dir='ltr'>πάντα</span> <span class='ocrx_word' id='word_1_218' title='bbox 1507 2798 1738 2869; x_wconf 81' lang='grc' dir='ltr'>ποιήσας</span> <span class='ocrx_word' id='word_1_219' title='bbox 1764 2796 1833 2851; x_wconf 85' lang='grc' dir='ltr'><strong>τά</strong></span> 
     </span>
    </p>
   </div>
   <div class='ocr_carea' id='block_1_32' title="bbox 276 2888 1832 2962">
    <p class='ocr_par' dir='ltr' id='par_1_32' title="bbox 276 2888 1832 2962">
     <span class='ocr_line' id='line_1_32' title="bbox 276 2888 1832 2962; baseline 0 -20"><span class='ocrx_word' id='word_1_220' title='bbox 276 2891 403 2962; x_wconf 87' lang='grc' dir='ltr'>παρ’</span> <span class='ocrx_word' id='word_1_221' title='bbox 455 2889 711 2961; x_wconf 75' lang='grc' dir='ltr'>ἐμαυτοῦ,</span> <span class='ocrx_word' id='word_1_222' title='bbox 752 2888 847 2942; x_wconf 71' lang='grc' dir='ltr'>ἔτι</span> <span class='ocrx_word' id='word_1_223' title='bbox 878 2888 970 2943; x_wconf 88' lang='grc' dir='ltr'><strong>τοῦ</strong></span> <span class='ocrx_word' id='word_1_224' title='bbox 1004 2889 1095 2943; x_wconf 86' lang='grc' dir='ltr'><strong>σοῦ</strong></span> <span class='ocrx_word' id='word_1_225' title='bbox 1133 2889 1311 2953; x_wconf 78' lang='grc' dir='ltr'>ἐλέους</span> <span class='ocrx_word' id='word_1_226' title='bbox 1345 2889 1553 2960; x_wconf 86' lang='grc' dir='ltr'>δέομαι.</span> <span class='ocrx_word' id='word_1_227' title='bbox 1587 2890 1677 2944; x_wconf 75' lang='grc' dir='ltr'>Διὸ</span> <span class='ocrx_word' id='word_1_228' title='bbox 1705 2888 1832 2943; x_wconf 79' lang='grc' dir='ltr'>ἐπί-</span> 
     </span>
    </p>
   </div>
   <div class='ocr_carea' id='block_1_33' title="bbox 277 2980 1833 3053">
    <p class='ocr_par' dir='ltr' id='par_1_33' title="bbox 277 2980 1833 3053">
     <span class='ocr_line' id='line_1_33' title="bbox 277 2980 1833 3053; baseline -0.001 -16"><span class='ocrx_word' id='word_1_229' title='bbox 277 2984 503 3051; x_wconf 73' lang='grc' dir='ltr'>ϐλεψον</span> <span class='ocrx_word' id='word_1_230' title='bbox 553 2982 644 3036; x_wconf 81' lang='grc' dir='ltr'><strong>ἐπ’</strong></span> <span class='ocrx_word' id='word_1_231' title='bbox 689 2981 812 3050; x_wconf 82' lang='grc' dir='ltr'>ἐμὲ,</span> <span class='ocrx_word' id='word_1_232' title='bbox 849 2980 948 3034; x_wconf 75' lang='grc' dir='ltr'>καὶ</span> <span class='ocrx_word' id='word_1_233' title='bbox 1006 2981 1264 3048; x_wconf 78' lang='grc' dir='ltr'>ἐλέησόν</span> <span class='ocrx_word' id='word_1_234' title='bbox 1308 2999 1402 3050; x_wconf 81' lang='grc' dir='ltr'>με.</span> <span class='ocrx_word' id='word_1_235' title='bbox 1464 2982 1686 3036; x_wconf 83' lang='grc' dir='ltr'>Σύνοιδα</span> <span class='ocrx_word' id='word_1_236' title='bbox 1724 2980 1833 3053; x_wconf 77' lang='grc' dir='ltr'><strong>γὰρ</strong></span> 
     </span>
    </p>
   </div>
   <div class='ocr_carea' id='block_1_34' title="bbox 274 3071 1902 3169">
    <p class='ocr_par' dir='ltr' id='par_1_34' title="bbox 274 3071 1902 3169">
     <span class='ocr_line' id='line_1_34' title="bbox 274 3071 1902 3169; baseline -0.001 -42"><span class='ocrx_word' id='word_1_237' title='bbox 274 3072 496 3145; x_wconf 75' lang='grc' dir='ltr'>ἐμαυτῷ</span> <span class='ocrx_word' id='word_1_238' title='bbox 541 3072 739 3143; x_wconf 84' lang='grc' dir='ltr'>πτωχῷ</span> <span class='ocrx_word' id='word_1_239' title='bbox 770 3073 863 3126; x_wconf 76' lang='grc' dir='ltr'>καὶ</span> <span class='ocrx_word' id='word_1_240' title='bbox 914 3071 1199 3142; x_wconf 81' lang='grc' dir='ltr'>ἀδοηθήτῳ</span> <span class='ocrx_word' id='word_1_241' title='bbox 1237 3073 1329 3125; x_wconf 78' lang='grc' dir='ltr'><strong>καὶ</strong></span> <span class='ocrx_word' id='word_1_242' title='bbox 1380 3072 1454 3143; x_wconf 80' lang='grc' dir='ltr'>μὴ</span> <span class='ocrx_word' id='word_1_243' title='bbox 1507 3073 1834 3143; x_wconf 82' lang='grc' dir='ltr'>ἐπαρχοῦντι</span> <span class='ocrx_word' id='word_1_244' title='bbox 1861 3112 1902 3169; x_wconf 72' lang='lat' dir='ltr'>c</span> 
     </span>
    </p>
   </div>
   <div class='ocr_carea' id='block_1_35' title="bbox 275 3163 1833 3243">
    <p class='ocr_par' dir='ltr' id='par_1_35' title="bbox 275 3163 1833 3243">
     <span class='ocr_line' id='line_1_35' title="bbox 275 3163 1833 3243; baseline -0.001 -24"><span class='ocrx_word' id='word_1_245' title='bbox 275 3182 408 3243; x_wconf 60' lang='lat' dir='ltr'><strong>np);</strong></span> <span class='ocrx_word' id='word_1_246' title='bbox 434 3167 725 3239; x_wconf 83' lang='grc' dir='ltr'>σωτηρίαν.</span> <span class='ocrx_word' id='word_1_247' title='bbox 770 3166 928 3219; x_wconf 80' lang='grc' dir='ltr'>Ἰδιόν</span> <span class='ocrx_word' id='word_1_248' title='bbox 953 3166 1012 3218; x_wconf 87' lang='grc' dir='ltr'><strong>τέ</strong></span> <span class='ocrx_word' id='word_1_249' title='bbox 1052 3166 1169 3217; x_wconf 78' lang='grc' dir='ltr'>ἐστι</span> <span class='ocrx_word' id='word_1_250' title='bbox 1212 3164 1423 3218; x_wconf 87' lang='grc' dir='ltr'>πάντων</span> <span class='ocrx_word' id='word_1_251' title='bbox 1443 3164 1548 3218; x_wconf 86' lang='grc' dir='ltr'><strong>τῶν</strong></span> <span class='ocrx_word' id='word_1_252' title='bbox 1574 3163 1833 3233; x_wconf 79' lang='grc' dir='ltr'>θεοφιλῶν</span> 
     </span>
    </p>
   </div>
   <div class='ocr_carea' id='block_1_36' title="bbox 271 3255 1836 3326">
    <p class='ocr_par' dir='ltr' id='par_1_36' title="bbox 271 3255 1836 3326">
     <span class='ocr_line' id='line_1_36' title="bbox 271 3255 1836 3326; baseline -0.003 -13"><span class='ocrx_word' id='word_1_253' title='bbox 271 3261 332 3313; x_wconf 71' lang='grc' dir='ltr'><strong>τὸ</strong></span> <span class='ocrx_word' id='word_1_254' title='bbox 358 3258 582 3323; x_wconf 77' lang='grc' dir='ltr'>ἑαυτοὺς</span> <span class='ocrx_word' id='word_1_255' title='bbox 619 3257 822 3313; x_wconf 89' lang='grc' dir='ltr'>κακοῦν</span> <span class='ocrx_word' id='word_1_256' title='bbox 861 3260 919 3311; x_wconf 86' lang='grc' dir='ltr'>ὲν</span> <span class='ocrx_word' id='word_1_257' title='bbox 945 3256 1205 3326; x_wconf 73' lang='grc' dir='ltr'>θλίψεσιν,</span> <span class='ocrx_word' id='word_1_258' title='bbox 1228 3258 1284 3309; x_wconf 81' lang='grc' dir='ltr'>ὲν</span> <span class='ocrx_word' id='word_1_259' title='bbox 1318 3255 1602 3324; x_wconf 83' lang='grc' dir='ltr'>ἀνάγκαις,</span> <span class='ocrx_word' id='word_1_260' title='bbox 1632 3257 1689 3308; x_wconf 83' lang='grc' dir='ltr'>ὲν</span> <span class='ocrx_word' id='word_1_261' title='bbox 1719 3272 1836 3308; x_wconf 85' lang='grc' dir='ltr'>στε-</span> 
     </span>
    </p>
   </div>
   <div class='ocr_carea' id='block_1_37' title="bbox 270 3345 1834 3424">
    <p class='ocr_par' dir='ltr' id='par_1_37' title="bbox 270 3345 1834 3424">
     <span class='ocr_line' id='line_1_37' title="bbox 270 3345 1834 3424; baseline -0.003 -19"><span class='ocrx_word' id='word_1_262' title='bbox 270 3352 575 3424; x_wconf 86' lang='grc' dir='ltr'>νοχωρίαις,</span> <span class='ocrx_word' id='word_1_263' title='bbox 603 3350 699 3404; x_wconf 72' lang='grc' dir='ltr'>καὶ</span> <span class='ocrx_word' id='word_1_264' title='bbox 721 3352 978 3422; x_wconf 87' lang='grc' dir='ltr'>διωγμοῖς</span> <span class='ocrx_word' id='word_1_265' title='bbox 995 3366 1010 3381; x_wconf 88' lang='grc'><strong>·</strong></span> <span class='ocrx_word' id='word_1_266' title='bbox 1038 3347 1150 3402; x_wconf 84' lang='grc' dir='ltr'>ἀλλ’</span> <span class='ocrx_word' id='word_1_267' title='bbox 1166 3349 1226 3400; x_wconf 85' lang='grc' dir='ltr'>οὐ</span> <span class='ocrx_word' id='word_1_268' title='bbox 1250 3348 1341 3402; x_wconf 72' lang='grc' dir='ltr'>καὶ</span> <span class='ocrx_word' id='word_1_269' title='bbox 1362 3345 1610 3416; x_wconf 85' lang='grc' dir='ltr'>ἀγνοοῦσι</span> <span class='ocrx_word' id='word_1_270' title='bbox 1640 3346 1701 3401; x_wconf 76' lang='grc' dir='ltr'>τὸ</span> <span class='ocrx_word' id='word_1_271' title='bbox 1712 3345 1834 3400; x_wconf 84' lang='grc' dir='ltr'>τού-</span> 
     </span>
    </p>
   </div>
   <div class='ocr_carea' id='block_1_38' title="bbox 272 3437 1835 3513">
    <p class='ocr_par' dir='ltr' id='par_1_38' title="bbox 272 3437 1835 3513">
     <span class='ocr_line' id='line_1_38' title="bbox 272 3437 1835 3513; baseline -0.004 -15"><span class='ocrx_word' id='word_1_272' title='bbox 272 3462 381 3498; x_wconf 88' lang='grc' dir='ltr'><strong>των</strong></span> <span class='ocrx_word' id='word_1_273' title='bbox 406 3444 591 3508; x_wconf 85' lang='grc' dir='ltr'>τέλος·</span> <span class='ocrx_word' id='word_1_274' title='bbox 627 3443 708 3497; x_wconf 86' lang='grc' dir='ltr'>διὸ</span> <span class='ocrx_word' id='word_1_275' title='bbox 753 3444 935 3513; x_wconf 84' lang='grc' dir='ltr'>τυχεῖν</span> <span class='ocrx_word' id='word_1_276' title='bbox 990 3438 1154 3493; x_wconf 81' lang='grc' dir='ltr'>αὐτοῦ</span> <span class='ocrx_word' id='word_1_277' title='bbox 1219 3438 1367 3510; x_wconf 81' lang='grc' dir='ltr'>παρὰ</span> <span class='ocrx_word' id='word_1_278' title='bbox 1421 3437 1512 3492; x_wconf 88' lang='grc' dir='ltr'><strong>τοῦ</strong></span> <span class='ocrx_word' id='word_1_279' title='bbox 1556 3437 1689 3491; x_wconf 87' lang='grc' dir='ltr'>Θεοῦ</span> <span class='ocrx_word' id='word_1_280' title='bbox 1727 3438 1835 3491; x_wconf 87' lang='grc' dir='ltr'>ἱκε-</span> 
     </span>
    </p>
   </div>
   <div class='ocr_carea' id='block_1_39' title="bbox 271 3528 1836 3605">
    <p class='ocr_par' dir='ltr' id='par_1_39' title="bbox 271 3528 1836 3605">
     <span class='ocr_line' id='line_1_39' title="bbox 271 3528 1836 3605; baseline -0.004 -16"><span class='ocrx_word' id='word_1_281' title='bbox 271 3536 483 3591; x_wconf 85' lang='grc' dir='ltr'>τεύουσι</span> <span class='ocrx_word' id='word_1_282' title='bbox 507 3535 754 3605; x_wconf 88' lang='grc' dir='ltr'>λέγοντες</span> <span class='ocrx_word' id='word_1_283' title='bbox 779 3553 792 3565; x_wconf 90' lang='grc'><strong>·</strong></span> <span class='ocrx_word' id='word_1_284' title='bbox 833 3535 926 3587; x_wconf 83' lang='grc' dir='ltr'>Ἐκ</span> <span class='ocrx_word' id='word_1_285' title='bbox 978 3532 1097 3585; x_wconf 84' lang='grc' dir='ltr'><strong>τῶν</strong></span> <span class='ocrx_word' id='word_1_286' title='bbox 1141 3529 1417 3601; x_wconf 71' lang='grc' dir='ltr'>ἀναγκῶν</span> <span class='ocrx_word' id='word_1_287' title='bbox 1440 3547 1558 3599; x_wconf 80' lang='grc' dir='ltr'><strong>μου</strong></span> <span class='ocrx_word' id='word_1_288' title='bbox 1583 3528 1836 3601; x_wconf 64' lang='grc' dir='ltr'>ἐξάπιγέ</span> 
     </span>
    </p>
   </div>
   <div class='ocr_carea' id='block_1_40' title="bbox 265 3620 1832 3698">
    <p class='ocr_par' dir='ltr' id='par_1_40' title="bbox 265 3620 1832 3698">
     <span class='ocr_line' id='line_1_40' title="bbox 265 3620 1832 3698; baseline -0.007 -15"><span class='ocrx_word' id='word_1_289' title='bbox 265 3644 373 3698; x_wconf 79' lang='grc' dir='ltr'>με’</span> <span class='ocrx_word' id='word_1_290' title='bbox 404 3627 479 3691; x_wconf 81' lang='grc' dir='ltr'>ὡς</span> <span class='ocrx_word' id='word_1_291' title='bbox 506 3626 571 3680; x_wconf 84' lang='grc' dir='ltr'>ἂν</span> <span class='ocrx_word' id='word_1_292' title='bbox 596 3625 893 3688; x_wconf 84' lang='grc' dir='ltr'>διελθόντες</span> <span class='ocrx_word' id='word_1_293' title='bbox 920 3624 1019 3687; x_wconf 87' lang='grc' dir='ltr'>τὰς</span> <span class='ocrx_word' id='word_1_294' title='bbox 1054 3621 1149 3676; x_wconf 93' lang='grc' dir='ltr'><strong>τοῦ</strong></span> <span class='ocrx_word' id='word_1_295' title='bbox 1188 3621 1300 3693; x_wconf 82' lang='grc' dir='ltr'>βίου</span> <span class='ocrx_word' id='word_1_296' title='bbox 1343 3622 1607 3689; x_wconf 82' lang='grc' dir='ltr'>ἀνάγκας,</span> <span class='ocrx_word' id='word_1_297' title='bbox 1633 3621 1731 3684; x_wconf 79' lang='grc' dir='ltr'><strong>τάς</strong></span> <span class='ocrx_word' id='word_1_298' title='bbox 1773 3620 1832 3674; x_wconf 84' lang='grc' dir='ltr'>δὲ</span> 
     </span>
    </p>
   </div>
   <div class='ocr_carea' id='block_1_41' title="bbox 275 3713 1831 3792">
    <p class='ocr_par' dir='ltr' id='par_1_41' title="bbox 275 3713 1831 3792">
     <span class='ocr_line' id='line_1_41' title="bbox 275 3713 1831 3792; baseline -0.006 -18"><span class='ocrx_word' id='word_1_299' title='bbox 275 3719 555 3792; x_wconf 84' lang='grc' dir='ltr'>συμφορὰς</span> <span class='ocrx_word' id='word_1_300' title='bbox 604 3719 698 3771; x_wconf 73' lang='grc' dir='ltr'><strong>καὶ</strong></span> <span class='ocrx_word' id='word_1_301' title='bbox 752 3716 851 3780; x_wconf 83' lang='grc' dir='ltr'>τὰς</span> <span class='ocrx_word' id='word_1_302' title='bbox 910 3714 1274 3787; x_wconf 84' lang='grc' dir='ltr'>περιστάσεις,</span> <span class='ocrx_word' id='word_1_303' title='bbox 1314 3715 1484 3767; x_wconf 76' lang='grc' dir='ltr'>εἰπεῖν</span> <span class='ocrx_word' id='word_1_304' title='bbox 1513 3730 1640 3767; x_wconf 91' lang='grc' dir='ltr'>ποτε</span> <span class='ocrx_word' id='word_1_305' title='bbox 1671 3713 1831 3784; x_wconf 89' lang='grc' dir='ltr'>δυνη-</span> 
     </span>
    </p>
   </div>
   <div class='ocr_carea' id='block_1_42' title="bbox 273 3803 1830 3878">
    <p class='ocr_par' dir='ltr' id='par_1_42' title="bbox 273 3803 1830 3878">
     <span class='ocr_line' id='line_1_42' title="bbox 273 3803 1830 3878; baseline -0.002 -16"><span class='ocrx_word' id='word_1_306' title='bbox 273 3809 412 3863; x_wconf 87' lang='grc' dir='ltr'>θεῖεν</span> <span class='ocrx_word' id='word_1_307' title='bbox 434 3827 447 3840; x_wconf 87' lang='grc'><strong>·</strong></span> <span class='ocrx_word' id='word_1_308' title='bbox 484 3808 809 3878; x_wconf 76' lang='grc' dir='ltr'>Διήλθομεν</span> <span class='ocrx_word' id='word_1_309' title='bbox 833 3806 930 3861; x_wconf 87' lang='grc' dir='ltr'>διὰ</span> <span class='ocrx_word' id='word_1_310' title='bbox 957 3804 1140 3875; x_wconf 82' lang='grc' dir='ltr'>πυρὸς</span> <span class='ocrx_word' id='word_1_311' title='bbox 1161 3805 1261 3859; x_wconf 79' lang='grc' dir='ltr'>καὶ</span> <span class='ocrx_word' id='word_1_312' title='bbox 1291 3804 1525 3871; x_wconf 83' lang='grc' dir='ltr'>ὕδατος,</span> <span class='ocrx_word' id='word_1_313' title='bbox 1553 3805 1660 3874; x_wconf 39' lang='grc' dir='ltr'>,καὶ</span> <span class='ocrx_word' id='word_1_314' title='bbox 1691 3803 1830 3872; x_wconf 81' lang='grc' dir='ltr'><strong>ἐξή-</strong></span> 
     </span>
    </p>
   </div>
   <div class='ocr_carea' id='block_1_43' title="bbox 273 3892 1128 3966">
    <p class='ocr_par' dir='ltr' id='par_1_43' title="bbox 273 3892 1128 3966">
     <span class='ocr_line' id='line_1_43' title="bbox 273 3892 1128 3966; baseline -0.007 0"><span class='ocrx_word' id='word_1_315' title='bbox 273 3913 449 3966; x_wconf 75' lang='grc' dir='ltr'>γαγες</span> <span class='ocrx_word' id='word_1_316' title='bbox 480 3895 636 3964; x_wconf 72' lang='grc' dir='ltr'><strong>ἡμᾶς</strong></span> <span class='ocrx_word' id='word_1_317' title='bbox 665 3898 753 3961; x_wconf 78' lang='grc' dir='ltr'>εις</span> <span class='ocrx_word' id='word_1_318' title='bbox 784 3892 1128 3964; x_wconf 68' lang='grc' dir='ltr'>ἀναψυχήν·</span> 
     </span>
    </p>
   </div>
   <div class='ocr_carea' id='block_1_44' title="bbox 348 3985 1827 4056">
    <p class='ocr_par' dir='ltr' id='par_1_44' title="bbox 348 3985 1827 4056">
     <span class='ocr_line' id='line_1_44' title="bbox 348 3985 1827 4056; baseline -0.001 -15"><span class='ocrx_word' id='word_1_319' title='bbox 348 3987 459 4044; x_wconf 83' lang='grc' dir='ltr'>Ἰδε</span> <span class='ocrx_word' id='word_1_320' title='bbox 488 3987 602 4056; x_wconf 84' lang='grc' dir='ltr'>τὴν</span> <span class='ocrx_word' id='word_1_321' title='bbox 626 3986 988 4041; x_wconf 78' lang='grc' dir='ltr'>ταπείνωσιν</span> <span class='ocrx_word' id='word_1_322' title='bbox 1016 4003 1133 4056; x_wconf 77' lang='grc' dir='ltr'><strong>μου</strong></span> <span class='ocrx_word' id='word_1_323' title='bbox 1173 3985 1273 4039; x_wconf 81' lang='grc' dir='ltr'>καὶ</span> <span class='ocrx_word' id='word_1_324' title='bbox 1327 3986 1433 4040; x_wconf 84' lang='grc' dir='ltr'>τὸν</span> <span class='ocrx_word' id='word_1_325' title='bbox 1479 3987 1667 4041; x_wconf 80' lang='grc' dir='ltr'>κόπον</span> <span class='ocrx_word' id='word_1_326' title='bbox 1689 4002 1827 4055; x_wconf 78' lang='grc' dir='ltr'>μου,</span> 
     </span>
    </p>
   </div>
   <div class='ocr_carea' id='block_1_45' title="bbox 270 4077 1831 4149">
    <p class='ocr_par' dir='ltr' id='par_1_45' title="bbox 270 4077 1831 4149">
     <span class='ocr_line' id='line_1_45' title="bbox 270 4077 1831 4149; baseline -0.004 -13"><span class='ocrx_word' id='word_1_327' title='bbox 270 4082 367 4137; x_wconf 77' lang='grc' dir='ltr'>καὶ</span> <span class='ocrx_word' id='word_1_328' title='bbox 428 4079 576 4149; x_wconf 70' lang='grc' dir='ltr'>ἇφερ</span> <span class='ocrx_word' id='word_1_329' title='bbox 627 4079 828 4145; x_wconf 80' lang='grc' dir='ltr'>πάσας</span> <span class='ocrx_word' id='word_1_330' title='bbox 875 4078 978 4143; x_wconf 82' lang='grc' dir='ltr'>τὰς</span> <span class='ocrx_word' id='word_1_331' title='bbox 1017 4078 1302 4146; x_wconf 80' lang='grc' dir='ltr'>ἁμαρτίας</span> <span class='ocrx_word' id='word_1_332' title='bbox 1346 4095 1484 4147; x_wconf 86' lang='grc' dir='ltr'>μου.</span> <span class='ocrx_word' id='word_1_333' title='bbox 1527 4078 1639 4132; x_wconf 81' lang='grc' dir='ltr'>Ἴδε</span> <span class='ocrx_word' id='word_1_334' title='bbox 1692 4077 1831 4143; x_wconf 88' lang='grc' dir='ltr'>τοὺς</span> 
     </span>
    </p>
   </div>
   <div class='ocr_carea' id='block_1_46' title="bbox 266 4169 1831 4244">
    <p class='ocr_par' dir='ltr' id='par_1_46' title="bbox 266 4169 1831 4244">
     <span class='ocr_line' id='line_1_46' title="bbox 266 4169 1831 4244; baseline -0.001 -16"><span class='ocrx_word' id='word_1_335' title='bbox 266 4174 516 4244; x_wconf 83' lang='grc' dir='ltr'>ἐχθρούς</span> <span class='ocrx_word' id='word_1_336' title='bbox 535 4190 672 4242; x_wconf 86' lang='grc' dir='ltr'>μου,</span> <span class='ocrx_word' id='word_1_337' title='bbox 695 4171 783 4225; x_wconf 83' lang='grc' dir='ltr'>ὅτι</span> <span class='ocrx_word' id='word_1_338' title='bbox 800 4170 1287 4237; x_wconf 79' lang='grc' dir='ltr'>ἐπληθύνθησαν,</span> <span class='ocrx_word' id='word_1_339' title='bbox 1309 4170 1407 4223; x_wconf 78' lang='grc' dir='ltr'>καὶ</span> <span class='ocrx_word' id='word_1_340' title='bbox 1423 4169 1603 4240; x_wconf 82' lang='grc' dir='ltr'>μῖσος</span> <span class='ocrx_word' id='word_1_341' title='bbox 1623 4171 1831 4226; x_wconf 77' lang='grc' dir='ltr'>ἄδικον</span> 
     </span>
    </p>
   </div>
   <div class='ocr_carea' id='block_1_47' title="bbox 265 4258 1830 4334">
    <p class='ocr_par' dir='ltr' id='par_1_47' title="bbox 265 4258 1830 4334">
     <span class='ocr_line' id='line_1_47' title="bbox 265 4258 1830 4334; baseline -0.003 -16"><span class='ocrx_word' id='word_1_342' title='bbox 265 4262 568 4334; x_wconf 81' lang='grc' dir='ltr'>ἐμίσησάν</span> <span class='ocrx_word' id='word_1_343' title='bbox 598 4279 687 4331; x_wconf 78' lang='grc' dir='ltr'>με.</span> <span class='ocrx_word' id='word_1_344' title='bbox 722 4261 999 4325; x_wconf 70' lang='grc' dir='ltr'>Φύλαξον</span> <span class='ocrx_word' id='word_1_345' title='bbox 1046 4258 1159 4327; x_wconf 84' lang='grc' dir='ltr'>τὴν</span> <span class='ocrx_word' id='word_1_346' title='bbox 1185 4259 1396 4329; x_wconf 73' lang='grc' dir='ltr'>ψυχήν</span> <span class='ocrx_word' id='word_1_347' title='bbox 1434 4279 1552 4330; x_wconf 83' lang='grc' dir='ltr'><strong>μου</strong></span> <span class='ocrx_word' id='word_1_348' title='bbox 1595 4263 1693 4318; x_wconf 80' lang='grc' dir='ltr'>καὶ</span> <span class='ocrx_word' id='word_1_349' title='bbox 1720 4264 1830 4331; x_wconf 69' lang='lat' dir='ltr'><strong>pii-</strong></span> 
     </span>
    </p>
   </div>
   <div class='ocr_carea' id='block_1_48' title="bbox 268 4351 1825 4424">
    <p class='ocr_par' dir='ltr' id='par_1_48' title="bbox 268 4351 1825 4424">
     <span class='ocr_line' id='line_1_48' title="bbox 268 4351 1825 4424; baseline 0 -15"><span class='ocrx_word' id='word_1_350' title='bbox 268 4355 375 4409; x_wconf 88' lang='grc' dir='ltr'>σαί</span> <span class='ocrx_word' id='word_1_351' title='bbox 399 4371 504 4424; x_wconf 80' lang='grc' dir='ltr'>με·</span> <span class='ocrx_word' id='word_1_352' title='bbox 541 4353 626 4424; x_wconf 83' lang='grc' dir='ltr'>μὴ</span> <span class='ocrx_word' id='word_1_353' title='bbox 672 4351 1194 4421; x_wconf 80' lang='grc' dir='ltr'>καταισχυνθείην,</span> <span class='ocrx_word' id='word_1_354' title='bbox 1231 4352 1319 4405; x_wconf 86' lang='grc' dir='ltr'>ὅτι</span> <span class='ocrx_word' id='word_1_355' title='bbox 1347 4351 1577 4420; x_wconf 75' lang='grc' dir='ltr'>ἤλπισα</span> <span class='ocrx_word' id='word_1_356' title='bbox 1602 4354 1700 4407; x_wconf 79' lang='grc' dir='ltr'><strong>ἐπὶ</strong></span> <span class='ocrx_word' id='word_1_357' title='bbox 1733 4354 1825 4409; x_wconf 81' lang='grc' dir='ltr'><strong>σέ.</strong></span> 
     </span>
    </p>
   </div>
   <div class='ocr_carea' id='block_1_49' title="bbox 1937 488 3493 561">
    <p class='ocr_par' dir='ltr' id='par_1_49' title="bbox 1937 488 3493 561">
     <span class='ocr_line' id='line_1_49' title="bbox 1937 488 3493 561; baseline -0.003 -11"><span class='ocrx_word' id='word_1_358' title='bbox 1937 496 2065 550; x_wconf 87' lang='lat' dir='ltr'><strong>dum</strong></span> <span class='ocrx_word' id='word_1_359' title='bbox 2101 494 2156 547; x_wconf 90' lang='lat' dir='ltr'><strong>in</strong></span> <span class='ocrx_word' id='word_1_360' title='bbox 2184 507 2249 546; x_wconf 84' lang='lat' dir='ltr'><strong>ea</strong></span> <span class='ocrx_word' id='word_1_361' title='bbox 2292 500 2635 554; x_wconf 80' lang='lat' dir='ltr'><strong>versaretur,</strong></span> <span class='ocrx_word' id='word_1_362' title='bbox 2668 490 2869 545; x_wconf 86' lang='lat' dir='ltr'><strong>multos</strong></span> <span class='ocrx_word' id='word_1_363' title='bbox 2906 488 3221 545; x_wconf 65' lang='lat' dir='ltr'><strong>haereditate</strong></span> <span class='ocrx_word' id='word_1_364' title='bbox 3244 490 3493 561; x_wconf 84' lang='lat' dir='ltr'><strong>accipiet,</strong></span> 
     </span>
    </p>
   </div>
   <div class='ocr_carea' id='block_1_50' title="bbox 1936 576 3494 656">
    <p class='ocr_par' dir='ltr' id='par_1_50' title="bbox 1936 576 3494 656">
     <span class='ocr_line' id='line_1_50' title="bbox 1936 576 3494 656; baseline -0.004 -18"><span class='ocrx_word' id='word_1_365' title='bbox 1936 584 2133 656; x_wconf 87' lang='lat' dir='ltr'><strong>quibus</strong></span> <span class='ocrx_word' id='word_1_366' title='bbox 2164 595 2330 637; x_wconf 87' lang='lat' dir='ltr'><strong>causa</strong></span> <span class='ocrx_word' id='word_1_367' title='bbox 2356 580 2550 636; x_wconf 87' lang='lat' dir='ltr'><strong>salutis</strong></span> <span class='ocrx_word' id='word_1_368' title='bbox 2583 578 2796 635; x_wconf 79' lang='lat' dir='ltr'><strong>evadet.</strong></span> <span class='ocrx_word' id='word_1_369' title='bbox 2835 577 3031 634; x_wconf 83' lang='lat' dir='ltr'><strong>Semen</strong></span> <span class='ocrx_word' id='word_1_370' title='bbox 3053 593 3183 633; x_wconf 88' lang='lat' dir='ltr'><strong>vero</strong></span> <span class='ocrx_word' id='word_1_371' title='bbox 3220 576 3494 647; x_wconf 92' lang='lat' dir='ltr'><strong>quodnam</strong></span> 
     </span>
    </p>
   </div>
   <div class='ocr_carea' id='block_1_51' title="bbox 1935 671 3497 741">
    <p class='ocr_par' dir='ltr' id='par_1_51' title="bbox 1935 671 3497 741">
     <span class='ocr_line' id='line_1_51' title="bbox 1935 671 3497 741; baseline -0.004 -11"><span class='ocrx_word' id='word_1_372' title='bbox 1935 691 2057 731; x_wconf 92' lang='lat' dir='ltr'><strong>esse</strong></span> <span class='ocrx_word' id='word_1_373' title='bbox 2087 674 2311 735; x_wconf 83' lang='lat' dir='ltr'><strong>dixeris.</strong></span> <span class='ocrx_word' id='word_1_374' title='bbox 2338 673 2445 729; x_wconf 90' lang='lat' dir='ltr'><strong>nisi</strong></span> <span class='ocrx_word' id='word_1_375' title='bbox 2472 672 2778 728; x_wconf 87' lang='lat' dir='ltr'><strong>doctrinam</strong></span> <span class='ocrx_word' id='word_1_376' title='bbox 2797 712 2812 736; x_wconf 96' lang='lat'><strong>,</strong></span> <span class='ocrx_word' id='word_1_377' title='bbox 2849 686 3128 727; x_wconf 84' lang='lat' dir='ltr'><strong>sermones</strong></span> <span class='ocrx_word' id='word_1_378' title='bbox 3147 712 3162 736; x_wconf 90' lang='lat'><strong>,</strong></span> <span class='ocrx_word' id='word_1_379' title='bbox 3209 671 3413 741; x_wconf 81' lang='lat' dir='ltr'><strong>scripta</strong></span> <span class='ocrx_word' id='word_1_380' title='bbox 3442 679 3497 725; x_wconf 87' lang='lat' dir='ltr'><strong>et</strong></span> 
     </span>
    </p>
   </div>
   <div class='ocr_carea' id='block_1_52' title="bbox 1936 763 3498 839">
    <p class='ocr_par' dir='ltr' id='par_1_52' title="bbox 1936 763 3498 839">
     <span class='ocr_line' id='line_1_52' title="bbox 1936 763 3498 839; baseline -0.004 -16"><span class='ocrx_word' id='word_1_381' title='bbox 1936 768 2186 824; x_wconf 85' lang='lat' dir='ltr'><strong>homines</strong></span> <span class='ocrx_word' id='word_1_382' title='bbox 2225 768 2319 839; x_wconf 85' lang='lat' dir='ltr'><strong>qui</strong></span> <span class='ocrx_word' id='word_1_383' title='bbox 2369 764 2671 822; x_wconf 88' lang='lat' dir='ltr'><strong>secundum</strong></span> <span class='ocrx_word' id='word_1_384' title='bbox 2721 764 2891 820; x_wconf 88' lang='lat' dir='ltr'><strong>Deum</strong></span> <span class='ocrx_word' id='word_1_385' title='bbox 2926 763 3030 833; x_wconf 88' lang='lat' dir='ltr'><strong>ipsi</strong></span> <span class='ocrx_word' id='word_1_386' title='bbox 3077 763 3192 818; x_wconf 88' lang='lat' dir='ltr'><strong>nati</strong></span> <span class='ocrx_word' id='word_1_387' title='bbox 3231 771 3396 833; x_wconf 89' lang='lat' dir='ltr'><strong>atque</strong></span> <span class='ocrx_word' id='word_1_388' title='bbox 3428 763 3498 817; x_wconf 87' lang='lat' dir='ltr'><strong>ab</strong></span> 
     </span>
    </p>
   </div>
   <div class='ocr_carea' id='block_1_53' title="bbox 1936 855 3497 927">
    <p class='ocr_par' dir='ltr' id='par_1_53' title="bbox 1936 855 3497 927">
     <span class='ocr_line' id='line_1_53' title="bbox 1936 855 3497 927; baseline -0.004 -12"><span class='ocrx_word' id='word_1_389' title='bbox 1936 875 2002 915; x_wconf 88' lang='lat' dir='ltr'><strong>eo</strong></span> <span class='ocrx_word' id='word_1_390' title='bbox 2029 860 2263 917; x_wconf 84' lang='lat' dir='ltr'><strong>instituti</strong></span> <span class='ocrx_word' id='word_1_391' title='bbox 2310 859 2473 915; x_wconf 83' lang='lat' dir='ltr'><strong>sunt?</strong></span> <span class='ocrx_word' id='word_1_392' title='bbox 2507 857 2611 924; x_wconf 85' lang='lat' dir='ltr'><strong>Qui</strong></span> <span class='ocrx_word' id='word_1_393' title='bbox 2644 873 2876 913; x_wconf 86' lang='lat' dir='ltr'><strong>numero</strong></span> <span class='ocrx_word' id='word_1_394' title='bbox 2921 872 3074 927; x_wconf 63' lang='lat' dir='ltr'><strong>paane</strong></span> <span class='ocrx_word' id='word_1_395' title='bbox 3119 855 3339 919; x_wconf 83' lang='lat' dir='ltr'><strong>inﬁniti,</strong></span> <span class='ocrx_word' id='word_1_396' title='bbox 3371 863 3497 926; x_wconf 88' lang='lat' dir='ltr'><strong>post</strong></span> 
     </span>
    </p>
   </div>
   <div class='ocr_carea' id='block_1_54' title="bbox 1936 949 3501 1025">
    <p class='ocr_par' dir='ltr' id='par_1_54' title="bbox 1936 949 3501 1025">
     <span class='ocr_line' id='line_1_54' title="bbox 1936 949 3501 1025; baseline -0.003 -17"><span class='ocrx_word' id='word_1_397' title='bbox 1936 954 2107 1025; x_wconf 87' lang='lat' dir='ltr'><strong>ipsius</strong></span> <span class='ocrx_word' id='word_1_398' title='bbox 2137 953 2181 1009; x_wconf 76' lang='lat' dir='ltr'><strong>il;</strong></span> <span class='ocrx_word' id='word_1_399' title='bbox 2245 954 2402 1008; x_wconf 81' lang='lat' dir='ltr'><strong>bonis</strong></span> <span class='ocrx_word' id='word_1_400' title='bbox 2430 951 2679 1022; x_wconf 84' lang='lat' dir='ltr'><strong>adeptam</strong></span> <span class='ocrx_word' id='word_1_401' title='bbox 2720 950 2983 1020; x_wconf 86' lang='lat' dir='ltr'><strong>requiem,</strong></span> <span class='ocrx_word' id='word_1_402' title='bbox 3033 957 3218 1019; x_wconf 83' lang='lat' dir='ltr'><strong>utpote</strong></span> <span class='ocrx_word' id='word_1_403' title='bbox 3255 964 3323 1004; x_wconf 75' lang='lat' dir='ltr'><strong>ex</strong></span> <span class='ocrx_word' id='word_1_404' title='bbox 3353 949 3501 1003; x_wconf 88' lang='lat' dir='ltr'><strong>bono</strong></span> 
     </span>
    </p>
   </div>
   <div class='ocr_carea' id='block_1_55' title="bbox 1936 1040 3497 1113">
    <p class='ocr_par' dir='ltr' id='par_1_55' title="bbox 1936 1040 3497 1113">
     <span class='ocr_line' id='line_1_55' title="bbox 1936 1040 3497 1113; baseline -0.004 -11"><span class='ocrx_word' id='word_1_405' title='bbox 1936 1048 2041 1102; x_wconf 78' lang='lat' dir='ltr'><strong>orti</strong></span> <span class='ocrx_word' id='word_1_406' title='bbox 2094 1048 2336 1113; x_wconf 84' lang='lat' dir='ltr'><strong>semine,</strong></span> <span class='ocrx_word' id='word_1_407' title='bbox 2372 1061 2436 1101; x_wconf 91' lang='lat' dir='ltr'><strong>ac</strong></span> <span class='ocrx_word' id='word_1_408' title='bbox 2461 1046 2643 1101; x_wconf 90' lang='lat' dir='ltr'><strong>divina</strong></span> <span class='ocrx_word' id='word_1_409' title='bbox 2693 1044 2783 1101; x_wconf 88' lang='lat' dir='ltr'><strong>illa</strong></span> <span class='ocrx_word' id='word_1_410' title='bbox 2825 1043 3052 1113; x_wconf 89' lang='lat' dir='ltr'><strong>utilique</strong></span> <span class='ocrx_word' id='word_1_411' title='bbox 3091 1042 3197 1097; x_wconf 88' lang='lat' dir='ltr'><strong>sibi</strong></span> <span class='ocrx_word' id='word_1_412' title='bbox 3241 1040 3497 1113; x_wconf 83' lang='lat' dir='ltr'><strong>prosapia</strong></span> 
     </span>
    </p>
   </div>
   <div class='ocr_carea' id='block_1_56' title="bbox 1935 1136 3265 1211">
    <p class='ocr_par' dir='ltr' id='par_1_56' title="bbox 1935 1136 3265 1211">
     <span class='ocr_line' id='line_1_56' title="bbox 1935 1136 3265 1211; baseline -0.004 -19"><span class='ocrx_word' id='word_1_413' title='bbox 1935 1140 2226 1211; x_wconf 73' lang='lat' dir='ltr'><strong>progeniti,</strong></span> <span class='ocrx_word' id='word_1_414' title='bbox 2256 1138 2620 1194; x_wconf 56' lang='lat' dir='ltr'><strong>haereditatem</strong></span> <span class='ocrx_word' id='word_1_415' title='bbox 2644 1152 2673 1191; x_wconf 91' lang='lat' dir='ltr'><strong>a</strong></span> <span class='ocrx_word' id='word_1_416' title='bbox 2704 1136 2815 1192; x_wconf 88' lang='lat' dir='ltr'><strong>Deo</strong></span> <span class='ocrx_word' id='word_1_417' title='bbox 2843 1146 3265 1206; x_wconf 89' lang='lat' dir='ltr'><strong>consequentur.</strong></span> 
     </span>
    </p>
   </div>
   <div class='ocr_carea' id='block_1_57' title="bbox 2004 1311 3501 1373">
    <p class='ocr_par' dir='ltr' id='par_1_57' title="bbox 2004 1311 3501 1373">
     <span class='ocr_line' id='line_1_57' title="bbox 2004 1311 3501 1373; baseline -0.003 -2"><span class='ocrx_word' id='word_1_418' title='bbox 2004 1316 2169 1373; x_wconf 69' lang='lat' dir='ltr'><strong>Vens.</strong></span> <span class='ocrx_word' id='word_1_419' title='bbox 2205 1317 2288 1371; x_wconf 72' lang='grc'><strong>14.</strong></span> <span class='ocrx_word' id='word_1_420' title='bbox 2335 1316 2756 1370; x_wconf 79' lang='lat' dir='ltr'><strong>Firmamentum</strong></span> <span class='ocrx_word' id='word_1_421' title='bbox 2787 1322 2865 1368; x_wconf 86' lang='lat' dir='ltr'><strong>est</strong></span> <span class='ocrx_word' id='word_1_422' title='bbox 2896 1313 3156 1367; x_wconf 78' lang='lat' dir='ltr'><strong>Dominus</strong></span> <span class='ocrx_word' id='word_1_423' title='bbox 3193 1311 3501 1366; x_wconf 79' lang='lat' dir='ltr'><strong>timentibus</strong></span> 
     </span>
    </p>
   </div>
   <div class='ocr_carea' id='block_1_58' title="bbox 1934 1404 3492 1474">
    <p class='ocr_par' dir='ltr' id='par_1_58' title="bbox 1934 1404 3492 1474">
     <span class='ocr_line' id='line_1_58' title="bbox 1934 1404 3492 1474; baseline -0.003 -11"><span class='ocrx_word' id='word_1_424' title='bbox 1934 1426 2072 1474; x_wconf 89' lang='lat' dir='ltr'><strong>eum,</strong></span> <span class='ocrx_word' id='word_1_425' title='bbox 2107 1418 2156 1463; x_wconf 90' lang='lat' dir='ltr'><strong>et</strong></span> <span class='ocrx_word' id='word_1_426' title='bbox 2214 1417 2580 1463; x_wconf 79' lang='lat' dir='ltr'><strong>testamentum</strong></span> <span class='ocrx_word' id='word_1_427' title='bbox 2624 1407 2786 1474; x_wconf 90' lang='lat' dir='ltr'><strong>ipsius</strong></span> <span class='ocrx_word' id='word_1_428' title='bbox 2832 1416 2890 1459; x_wconf 90' lang='lat' dir='ltr'><strong>ut</strong></span> <span class='ocrx_word' id='word_1_429' title='bbox 2937 1404 3300 1474; x_wconf 80' lang='lat' dir='ltr'><strong>manifestetitr</strong></span> <span class='ocrx_word' id='word_1_430' title='bbox 3360 1404 3492 1459; x_wconf 91' lang='lat' dir='ltr'><strong>illis.</strong></span> 
     </span>
    </p>
   </div>
   <div class='ocr_carea' id='block_1_59' title="bbox 1935 1496 3503 1572">
    <p class='ocr_par' dir='ltr' id='par_1_59' title="bbox 1935 1496 3503 1572">
     <span class='ocr_line' id='line_1_59' title="bbox 1935 1496 3503 1572; baseline -0.004 -16"><span class='ocrx_word' id='word_1_431' title='bbox 1935 1502 2150 1572; x_wconf 87' lang='lat' dir='ltr'><strong>Aquila,</strong></span> <span class='ocrx_word' id='word_1_432' title='bbox 2178 1510 2431 1555; x_wconf 86' lang='lat' dir='ltr'><strong>secretum</strong></span> <span class='ocrx_word' id='word_1_433' title='bbox 2448 1499 2682 1563; x_wconf 85' lang='lat' dir='ltr'><strong>Domini,</strong></span> <span class='ocrx_word' id='word_1_434' title='bbox 2709 1497 2908 1564; x_wconf 90' lang='lat' dir='ltr'><strong>edidit;</strong></span> <span class='ocrx_word' id='word_1_435' title='bbox 2936 1496 3313 1569; x_wconf 85' lang='lat' dir='ltr'><strong>Symmachus,</strong></span> <span class='ocrx_word' id='word_1_436' title='bbox 3331 1496 3503 1552; x_wconf 81' lang='lat' dir='ltr'><strong>collo-</strong></span> 
     </span>
    </p>
   </div>
   <div class='ocr_carea' id='block_1_60' title="bbox 1933 1588 3485 1664">
    <p class='ocr_par' dir='ltr' id='par_1_60' title="bbox 1933 1588 3485 1664">
     <span class='ocr_line' id='line_1_60' title="bbox 1933 1588 3485 1664; baseline -0.001 -18"><span class='ocrx_word' id='word_1_437' title='bbox 1933 1596 2111 1664; x_wconf 85' lang='lat' dir='ltr'><strong>quium</strong></span> <span class='ocrx_word' id='word_1_438' title='bbox 2134 1593 2393 1657; x_wconf 86' lang='lat' dir='ltr'><strong>.Domini;</strong></span> <span class='ocrx_word' id='word_1_439' title='bbox 2426 1591 2726 1648; x_wconf 85' lang='lat' dir='ltr'><strong>Theodotio</strong></span> <span class='ocrx_word' id='word_1_440' title='bbox 2756 1599 2811 1646; x_wconf 90' lang='lat' dir='ltr'><strong>et</strong></span> <span class='ocrx_word' id='word_1_441' title='bbox 2836 1589 3034 1657; x_wconf 88' lang='lat' dir='ltr'><strong>Quinta</strong></span> <span class='ocrx_word' id='word_1_442' title='bbox 3066 1588 3255 1655; x_wconf 85' lang='lat' dir='ltr'><strong>editio,</strong></span> <span class='ocrx_word' id='word_1_443' title='bbox 3295 1598 3485 1659; x_wconf 81' lang='lat' dir='ltr'><strong>myste-</strong></span> 
     </span>
    </p>
   </div>
   <div class='ocr_carea' id='block_1_61' title="bbox 1933 1685 3497 1755">
    <p class='ocr_par' dir='ltr' id='par_1_61' title="bbox 1933 1685 3497 1755">
     <span class='ocr_line' id='line_1_61' title="bbox 1933 1685 3497 1755; baseline -0.001 -14"><span class='ocrx_word' id='word_1_444' title='bbox 1933 1690 2071 1742; x_wconf 88' lang='lat' dir='ltr'><strong>rium</strong></span> <span class='ocrx_word' id='word_1_445' title='bbox 2102 1688 2356 1742; x_wconf 84' lang='lat' dir='ltr'><strong>Domini:</strong></span> <span class='ocrx_word' id='word_1_446' title='bbox 2386 1686 2514 1743; x_wconf 89' lang='lat' dir='ltr'><strong>inde</strong></span> <span class='ocrx_word' id='word_1_447' title='bbox 2555 1686 2700 1742; x_wconf 89' lang='lat' dir='ltr'><strong>enim</strong></span> <span class='ocrx_word' id='word_1_448' title='bbox 2739 1686 2829 1742; x_wconf 87' lang='lat' dir='ltr'><strong>ille</strong></span> <span class='ocrx_word' id='word_1_449' title='bbox 2867 1685 3117 1755; x_wconf 87' lang='lat' dir='ltr'><strong>superius</strong></span> <span class='ocrx_word' id='word_1_450' title='bbox 3154 1692 3497 1741; x_wconf 78' lang='lat' dir='ltr'><strong>memoratus</strong></span> 
     </span>
    </p>
   </div>
   <div class='ocr_carea' id='block_1_62' title="bbox 1864 1769 3493 1873">
    <p class='ocr_par' dir='ltr' id='par_1_62' title="bbox 1864 1769 3493 1873">
     <span class='ocr_line' id='line_1_62' title="bbox 1864 1769 3493 1873; baseline 0.002 -44"><span class='ocrx_word' id='word_1_451' title='bbox 1864 1769 1909 1829; x_wconf 84' lang='grc' dir='ltr'><strong>Β</strong></span> <span class='ocrx_word' id='word_1_452' title='bbox 1933 1780 2208 1873; x_wconf 58' lang='lat' dir='ltr'><strong>qui&#39;timet</strong></span> <span class='ocrx_word' id='word_1_453' title='bbox 2229 1780 2535 1847; x_wconf 90' lang='lat' dir='ltr'><strong>Dominum,</strong></span> <span class='ocrx_word' id='word_1_454' title='bbox 2564 1778 2631 1834; x_wconf 89' lang='lat' dir='ltr'><strong>ad</strong></span> <span class='ocrx_word' id='word_1_455' title='bbox 2661 1789 2865 1834; x_wconf 89' lang='lat' dir='ltr'><strong>tantam</strong></span> <span class='ocrx_word' id='word_1_456' title='bbox 2893 1777 3199 1833; x_wconf 79' lang='lat' dir='ltr'><strong>felicitatem</strong></span> <span class='ocrx_word' id='word_1_457' title='bbox 3226 1778 3493 1848; x_wconf 78' lang='lat' dir='ltr'><strong>pervenit,</strong></span> 
     </span>
    </p>
   </div>
   <div class='ocr_carea' id='block_1_63' title="bbox 1935 1871 3500 1944">
    <p class='ocr_par' dir='ltr' id='par_1_63' title="bbox 1935 1871 3500 1944">
     <span class='ocr_line' id='line_1_63' title="bbox 1935 1871 3500 1944; baseline 0 -18"><span class='ocrx_word' id='word_1_458' title='bbox 1935 1871 2061 1944; x_wconf 81' lang='lat' dir='ltr'><strong>quia</strong></span> <span class='ocrx_word' id='word_1_459' title='bbox 2105 1874 2432 1944; x_wconf 86' lang='lat' dir='ltr'><strong>colloquium</strong></span> <span class='ocrx_word' id='word_1_460' title='bbox 2480 1872 2712 1939; x_wconf 90' lang='lat' dir='ltr'><strong>Domini,</strong></span> <span class='ocrx_word' id='word_1_461' title='bbox 2744 1879 3014 1927; x_wconf 88' lang='lat' dir='ltr'><strong>secretum</strong></span> <span class='ocrx_word' id='word_1_462' title='bbox 3069 1885 3134 1926; x_wconf 88' lang='lat' dir='ltr'><strong>ac</strong></span> <span class='ocrx_word' id='word_1_463' title='bbox 3178 1871 3500 1943; x_wconf 85' lang='lat' dir='ltr'><strong>mysterium</strong></span> 
     </span>
    </p>
   </div>
   <div class='ocr_carea' id='block_1_64' title="bbox 1934 1962 3494 2034">
    <p class='ocr_par' dir='ltr' id='par_1_64' title="bbox 1934 1962 3494 2034">
     <span class='ocr_line' id='line_1_64' title="bbox 1934 1962 3494 2034; baseline -0.002 -14"><span class='ocrx_word' id='word_1_464' title='bbox 1934 1964 2075 2034; x_wconf 88' lang='lat' dir='ltr'><strong>ejus,</strong></span> <span class='ocrx_word' id='word_1_465' title='bbox 2105 1976 2292 2019; x_wconf 89' lang='lat' dir='ltr'><strong>n0tum</strong></span> <span class='ocrx_word' id='word_1_466' title='bbox 2321 1964 2423 2034; x_wconf 90' lang='lat' dir='ltr'><strong>ipsi</strong></span> <span class='ocrx_word' id='word_1_467' title='bbox 2453 1974 2589 2029; x_wconf 88' lang='lat' dir='ltr'><strong>erat,</strong></span> <span class='ocrx_word' id='word_1_468' title='bbox 2622 1972 2751 2019; x_wconf 90' lang='lat' dir='ltr'><strong>nota</strong></span> <span class='ocrx_word' id='word_1_469' title='bbox 2793 1964 2922 2019; x_wconf 87' lang='lat' dir='ltr'><strong>item</strong></span> <span class='ocrx_word' id='word_1_470' title='bbox 2954 1978 3019 2019; x_wconf 89' lang='lat' dir='ltr'><strong>ea</strong></span> <span class='ocrx_word' id='word_1_471' title='bbox 3051 1978 3172 2033; x_wconf 64' lang='lat' dir='ltr'><strong>quas</strong></span> <span class='ocrx_word' id='word_1_472' title='bbox 3212 1964 3267 2019; x_wconf 90' lang='lat' dir='ltr'><strong>in</strong></span> <span class='ocrx_word' id='word_1_473' title='bbox 3299 1962 3494 2019; x_wconf 85' lang='lat' dir='ltr'><strong>Testa-</strong></span> 
     </span>
    </p>
   </div>
   <div class='ocr_carea' id='block_1_65' title="bbox 1935 2055 3500 2127">
    <p class='ocr_par' dir='ltr' id='par_1_65' title="bbox 1935 2055 3500 2127">
     <span class='ocr_line' id='line_1_65' title="bbox 1935 2055 3500 2127; baseline 0 -17"><span class='ocrx_word' id='word_1_474' title='bbox 1935 2064 2117 2111; x_wconf 87' lang='lat' dir='ltr'><strong>mento</strong></span> <span class='ocrx_word' id='word_1_475' title='bbox 2146 2056 2285 2126; x_wconf 86' lang='lat' dir='ltr'><strong>ejus,</strong></span> <span class='ocrx_word' id='word_1_476' title='bbox 2304 2056 2357 2111; x_wconf 91' lang='lat' dir='ltr'><strong>id</strong></span> <span class='ocrx_word' id='word_1_477' title='bbox 2382 2064 2492 2122; x_wconf 89' lang='lat' dir='ltr'><strong>est,</strong></span> <span class='ocrx_word' id='word_1_478' title='bbox 2515 2057 2570 2111; x_wconf 90' lang='lat' dir='ltr'><strong>in</strong></span> <span class='ocrx_word' id='word_1_479' title='bbox 2597 2056 2795 2112; x_wconf 85' lang='lat' dir='ltr'><strong>divinis</strong></span> <span class='ocrx_word' id='word_1_480' title='bbox 2822 2055 3123 2127; x_wconf 87' lang='lat' dir='ltr'><strong>Scripturis</strong></span> <span class='ocrx_word' id='word_1_481' title='bbox 3145 2056 3500 2113; x_wconf 86' lang='lat' dir='ltr'><strong>continentur</strong></span> 
     </span>
    </p>
   </div>
   <div class='ocr_carea' id='block_1_66' title="bbox 1933 2150 2211 2219">
    <p class='ocr_par' dir='ltr' id='par_1_66' title="bbox 1933 2150 2211 2219">
     <span class='ocr_line' id='line_1_66' title="bbox 1933 2150 2211 2219; baseline 0.004 -16"><span class='ocrx_word' id='word_1_482' title='bbox 1933 2150 2211 2219; x_wconf 80' lang='lat' dir='ltr'><strong>mysteria.</strong></span> 
     </span>
    </p>
   </div>
   <div class='ocr_carea' id='block_1_67' title="bbox 2010 2237 3493 2311">
    <p class='ocr_par' dir='ltr' id='par_1_67' title="bbox 2010 2237 3493 2311">
     <span class='ocr_line' id='line_1_67' title="bbox 2010 2237 3493 2311; baseline 0.002 -20"><span class='ocrx_word' id='word_1_483' title='bbox 2010 2237 2175 2296; x_wconf 71' lang='lat' dir='ltr'><strong>Vens.</strong></span> <span class='ocrx_word' id='word_1_484' title='bbox 2214 2240 2393 2297; x_wconf 68' lang='lat'><strong>[5-17.</strong></span> <span class='ocrx_word' id='word_1_485' title='bbox 2450 2238 2603 2296; x_wconf 84' lang='lat' dir='ltr'><strong>Oculi</strong></span> <span class='ocrx_word' id='word_1_486' title='bbox 2629 2241 2728 2295; x_wconf 90' lang='lat' dir='ltr'><strong>mei</strong></span> <span class='ocrx_word' id='word_1_487' title='bbox 2798 2258 2998 2311; x_wconf 79' lang='lat' dir='ltr'><strong>semper</strong></span> <span class='ocrx_word' id='word_1_488' title='bbox 3064 2239 3133 2294; x_wconf 87' lang='lat' dir='ltr'><strong>ad</strong></span> <span class='ocrx_word' id='word_1_489' title='bbox 3187 2238 3493 2307; x_wconf 81' lang='lat' dir='ltr'><strong>Dominum,</strong></span> 
     </span>
    </p>
   </div>
   <div class='ocr_carea' id='block_1_68' title="bbox 1933 2332 3499 2405">
    <p class='ocr_par' dir='ltr' id='par_1_68' title="bbox 1933 2332 3499 2405">
     <span class='ocr_line' id='line_1_68' title="bbox 1933 2332 3499 2405; baseline 0.003 -20"><span class='ocrx_word' id='word_1_490' title='bbox 1933 2333 2181 2402; x_wconf 87' lang='lat' dir='ltr'><strong>quoniam</strong></span> <span class='ocrx_word' id='word_1_491' title='bbox 2209 2334 2318 2403; x_wconf 88' lang='lat' dir='ltr'><strong>ipse</strong></span> <span class='ocrx_word' id='word_1_492' title='bbox 2350 2334 2528 2389; x_wconf 85' lang='lat' dir='ltr'><strong>evellet</strong></span> <span class='ocrx_word' id='word_1_493' title='bbox 2563 2334 2627 2389; x_wconf 88' lang='lat' dir='ltr'><strong>de</strong></span> <span class='ocrx_word' id='word_1_494' title='bbox 2667 2334 2850 2405; x_wconf 85' lang='lat' dir='ltr'><strong>laqueo</strong></span> <span class='ocrx_word' id='word_1_495' title='bbox 2883 2333 3035 2403; x_wconf 84' lang='lat' dir='ltr'><strong>pedes</strong></span> <span class='ocrx_word' id='word_1_496' title='bbox 3078 2351 3239 2390; x_wconf 87' lang='lat' dir='ltr'><strong>meos.</strong></span> <span class='ocrx_word' id='word_1_497' title='bbox 3283 2332 3499 2402; x_wconf 76' lang='lat' dir='ltr'><strong>Respice</strong></span> 
     </span>
    </p>
   </div>
   <div class='ocr_carea' id='block_1_69' title="bbox 1935 2423 3496 2495">
    <p class='ocr_par' dir='ltr' id='par_1_69' title="bbox 1935 2423 3496 2495">
     <span class='ocr_line' id='line_1_69' title="bbox 1935 2423 3496 2495; baseline 0.003 -20"><span class='ocrx_word' id='word_1_498' title='bbox 1935 2423 1989 2476; x_wconf 87' lang='lat' dir='ltr'><strong>in</strong></span> <span class='ocrx_word' id='word_1_499' title='bbox 2018 2440 2098 2478; x_wconf 91' lang='lat' dir='ltr'><strong>me</strong></span> <span class='ocrx_word' id='word_1_500' title='bbox 2136 2434 2182 2478; x_wconf 89' lang='lat' dir='ltr'><strong>et</strong></span> <span class='ocrx_word' id='word_1_501' title='bbox 2231 2426 2473 2479; x_wconf 86' lang='lat' dir='ltr'><strong>miserere</strong></span> <span class='ocrx_word' id='word_1_502' title='bbox 2521 2426 2641 2488; x_wconf 88' lang='lat' dir='ltr'><strong>mei,</strong></span> <span class='ocrx_word' id='word_1_503' title='bbox 2686 2426 2811 2495; x_wconf 87' lang='lat' dir='ltr'><strong>quia</strong></span> <span class='ocrx_word' id='word_1_504' title='bbox 2858 2427 3043 2480; x_wconf 86' lang='lat' dir='ltr'><strong>unicus</strong></span> <span class='ocrx_word' id='word_1_505' title='bbox 3064 2435 3114 2480; x_wconf 89' lang='lat' dir='ltr'><strong>et</strong></span> <span class='ocrx_word' id='word_1_506' title='bbox 3149 2441 3346 2495; x_wconf 85' lang='lat' dir='ltr'><strong>pauper</strong></span> <span class='ocrx_word' id='word_1_507' title='bbox 3378 2442 3496 2480; x_wconf 83' lang='lat' dir='ltr'><strong>sum</strong></span> 
     </span>
    </p>
   </div>
   <div class='ocr_carea' id='block_1_70' title="bbox 1933 2516 3499 2588">
    <p class='ocr_par' dir='ltr' id='par_1_70' title="bbox 1933 2516 3499 2588">
     <span class='ocr_line' id='line_1_70' title="bbox 1933 2516 3499 2588; baseline 0.004 -19"><span class='ocrx_word' id='word_1_508' title='bbox 1933 2533 2046 2588; x_wconf 87' lang='lat' dir='ltr'><strong>ego.</strong></span> <span class='ocrx_word' id='word_1_509' title='bbox 2088 2516 2475 2572; x_wconf 87' lang='lat' dir='ltr'><strong>Tribulationes</strong></span> <span class='ocrx_word' id='word_1_510' title='bbox 2505 2518 2677 2571; x_wconf 82' lang='lat' dir='ltr'><strong>cordis</strong></span> <span class='ocrx_word' id='word_1_511' title='bbox 2725 2519 2827 2572; x_wconf 92' lang='lat' dir='ltr'><strong>mei</strong></span> <span class='ocrx_word' id='word_1_512' title='bbox 2866 2520 3233 2588; x_wconf 76' lang='lat' dir='ltr'><strong>multiplicata:</strong></span> <span class='ocrx_word' id='word_1_513' title='bbox 3261 2530 3403 2586; x_wconf 90' lang='lat' dir='ltr'><strong>sunt,</strong></span> <span class='ocrx_word' id='word_1_514' title='bbox 3430 2519 3499 2575; x_wconf 84' lang='lat' dir='ltr'><strong>de</strong></span> 
     </span>
    </p>
   </div>
   <div class='ocr_carea' id='block_1_71' title="bbox 1934 2608 3497 2667">
    <p class='ocr_par' dir='ltr' id='par_1_71' title="bbox 1934 2608 3497 2667">
     <span class='ocr_line' id='line_1_71' title="bbox 1934 2608 3497 2667; baseline 0.004 -7"><span class='ocrx_word' id='word_1_515' title='bbox 1934 2608 2331 2663; x_wconf 87' lang='lat' dir='ltr'><strong>necessitatibus</strong></span> <span class='ocrx_word' id='word_1_516' title='bbox 2378 2608 2505 2663; x_wconf 87' lang='lat' dir='ltr'><strong>meis</strong></span> <span class='ocrx_word' id='word_1_517' title='bbox 2547 2624 2669 2661; x_wconf 76' lang='lat' dir='ltr'><strong>eme</strong></span> <span class='ocrx_word' id='word_1_518' title='bbox 2714 2625 2815 2663; x_wconf 88' lang='lat' dir='ltr'><strong>me.</strong></span> <span class='ocrx_word' id='word_1_519' title='bbox 2870 2608 2988 2664; x_wconf 80' lang='lat' dir='ltr'><strong>Non</strong></span> <span class='ocrx_word' id='word_1_520' title='bbox 3032 2612 3102 2665; x_wconf 89' lang='lat' dir='ltr'><strong>ob</strong></span> <span class='ocrx_word' id='word_1_521' title='bbox 3153 2619 3303 2666; x_wconf 90' lang='lat' dir='ltr'><strong>recte</strong></span> <span class='ocrx_word' id='word_1_522' title='bbox 3351 2610 3497 2667; x_wconf 73' lang='lat' dir='ltr'><strong>facta</strong></span> 
     </span>
    </p>
   </div>
   <div class='ocr_carea' id='block_1_72' title="bbox 1933 2700 3495 2774">
    <p class='ocr_par' dir='ltr' id='par_1_72' title="bbox 1933 2700 3495 2774">
     <span class='ocr_line' id='line_1_72' title="bbox 1933 2700 3495 2774; baseline 0.004 -20"><span class='ocrx_word' id='word_1_523' title='bbox 1933 2715 2098 2770; x_wconf 87' lang='lat' dir='ltr'><strong>opera</strong></span> <span class='ocrx_word' id='word_1_524' title='bbox 2135 2702 2293 2771; x_wconf 84' lang='lat' dir='ltr'><strong>quasi</strong></span> <span class='ocrx_word' id='word_1_525' title='bbox 2324 2700 2562 2757; x_wconf 88' lang='lat' dir='ltr'><strong>debitam</strong></span> <span class='ocrx_word' id='word_1_526' title='bbox 2620 2701 2854 2756; x_wconf 88' lang='lat' dir='ltr'><strong>salutem</strong></span> <span class='ocrx_word' id='word_1_527' title='bbox 2900 2703 3031 2757; x_wconf 89' lang='lat' dir='ltr'><strong>mihi</strong></span> <span class='ocrx_word' id='word_1_528' title='bbox 3082 2704 3336 2774; x_wconf 88' lang='lat' dir='ltr'><strong>postulo;</strong></span> <span class='ocrx_word' id='word_1_529' title='bbox 3370 2705 3495 2760; x_wconf 80' lang='lat' dir='ltr'><strong>novi</strong></span> 
     </span>
    </p>
   </div>
   <div class='ocr_carea' id='block_1_73' title="bbox 1933 2790 3496 2865">
    <p class='ocr_par' dir='ltr' id='par_1_73' title="bbox 1933 2790 3496 2865">
     <span class='ocr_line' id='line_1_73' title="bbox 1933 2790 3496 2865; baseline 0.003 -18"><span class='ocrx_word' id='word_1_530' title='bbox 1933 2790 2079 2847; x_wconf 89' lang='lat' dir='ltr'><strong>enim</strong></span> <span class='ocrx_word' id='word_1_531' title='bbox 2107 2806 2213 2857; x_wconf 91' lang='lat' dir='ltr'><strong>me,</strong></span> <span class='ocrx_word' id='word_1_532' title='bbox 2247 2792 2496 2862; x_wconf 82' lang='lat' dir='ltr'><strong>quamvis</strong></span> <span class='ocrx_word' id='word_1_533' title='bbox 2520 2792 2702 2847; x_wconf 86' lang='lat' dir='ltr'><strong>omnia</strong></span> <span class='ocrx_word' id='word_1_534' title='bbox 2733 2806 2832 2864; x_wconf 87' lang='lat' dir='ltr'><strong>pro</strong></span> <span class='ocrx_word' id='word_1_535' title='bbox 2866 2791 3123 2849; x_wconf 79' lang='lat' dir='ltr'><strong>facultate</strong></span> <span class='ocrx_word' id='word_1_536' title='bbox 3152 2796 3375 2865; x_wconf 77' lang='lat' dir='ltr'><strong>egerim,</strong></span> <span class='ocrx_word' id='word_1_537' title='bbox 3398 2803 3496 2852; x_wconf 88' lang='lat' dir='ltr'><strong>tuo</strong></span> 
     </span>
    </p>
   </div>
   <div class='ocr_carea' id='block_1_74' title="bbox 1934 2884 3496 2955">
    <p class='ocr_par' dir='ltr' id='par_1_74' title="bbox 1934 2884 3496 2955">
     <span class='ocr_line' id='line_1_74' title="bbox 1934 2884 3496 2955; baseline 0.005 -18"><span class='ocrx_word' id='word_1_538' title='bbox 1934 2891 2116 2940; x_wconf 87' lang='lat' dir='ltr'><strong>tamen</strong></span> <span class='ocrx_word' id='word_1_539' title='bbox 2162 2900 2321 2954; x_wconf 75' lang='lat' dir='ltr'><strong>egere</strong></span> <span class='ocrx_word' id='word_1_540' title='bbox 2351 2885 2577 2943; x_wconf 81' lang='lat' dir='ltr'><strong>auxilio.</strong></span> <span class='ocrx_word' id='word_1_541' title='bbox 2609 2884 2971 2951; x_wconf 86' lang='lat' dir='ltr'><strong>Quamobrem</strong></span> <span class='ocrx_word' id='word_1_542' title='bbox 2998 2887 3190 2955; x_wconf 85' lang='lat' dir='ltr'><strong>respice</strong></span> <span class='ocrx_word' id='word_1_543' title='bbox 3226 2888 3281 2943; x_wconf 86' lang='lat' dir='ltr'><strong>in</strong></span> <span class='ocrx_word' id='word_1_544' title='bbox 3313 2905 3412 2954; x_wconf 89' lang='lat' dir='ltr'><strong>me,</strong></span> <span class='ocrx_word' id='word_1_545' title='bbox 3443 2900 3496 2945; x_wconf 88' lang='lat' dir='ltr'><strong>et</strong></span> 
     </span>
    </p>
   </div>
   <div class='ocr_carea' id='block_1_75' title="bbox 1934 2977 3493 3052">
    <p class='ocr_par' dir='ltr' id='par_1_75' title="bbox 1934 2977 3493 3052">
     <span class='ocr_line' id='line_1_75' title="bbox 1934 2977 3493 3052; baseline 0.004 -21"><span class='ocrx_word' id='word_1_546' title='bbox 1934 2978 2177 3032; x_wconf 87' lang='lat' dir='ltr'><strong>miserere</strong></span> <span class='ocrx_word' id='word_1_547' title='bbox 2192 2980 2308 3032; x_wconf 89' lang='lat' dir='ltr'><strong>mei.</strong></span> <span class='ocrx_word' id='word_1_548' title='bbox 2327 2977 2458 3033; x_wconf 84' lang='lat' dir='ltr'><strong>Nam</strong></span> <span class='ocrx_word' id='word_1_549' title='bbox 2477 2993 2562 3034; x_wconf 90' lang='lat' dir='ltr'><strong>me</strong></span> <span class='ocrx_word' id='word_1_550' title='bbox 2577 2992 2889 3049; x_wconf 85' lang='lat' dir='ltr'><strong>pauperem,</strong></span> <span class='ocrx_word' id='word_1_551' title='bbox 2911 2979 3060 3033; x_wconf 90' lang='lat' dir='ltr'><strong>nulla</strong></span> <span class='ocrx_word' id='word_1_552' title='bbox 3076 2979 3269 3034; x_wconf 84' lang='lat' dir='ltr'><strong>fultum</strong></span> <span class='ocrx_word' id='word_1_553' title='bbox 3282 2996 3404 3052; x_wconf 90' lang='lat' dir='ltr'><strong>ope,</strong></span> <span class='ocrx_word' id='word_1_554' title='bbox 3427 2997 3493 3038; x_wconf 88' lang='lat' dir='ltr'><strong>ac</strong></span> 
     </span>
    </p>
   </div>
   <div class='ocr_carea' id='block_1_76' title="bbox 1936 3069 3493 3142">
    <p class='ocr_par' dir='ltr' id='par_1_76' title="bbox 1936 3069 3493 3142">
     <span class='ocr_line' id='line_1_76' title="bbox 1936 3069 3493 3142; baseline 0.001 -17"><span class='ocrx_word' id='word_1_555' title='bbox 1936 3070 2095 3125; x_wconf 90' lang='lat' dir='ltr'><strong>saluti</strong></span> <span class='ocrx_word' id='word_1_556' title='bbox 2116 3069 2248 3123; x_wconf 87' lang='lat' dir='ltr'><strong>mihi</strong></span> <span class='ocrx_word' id='word_1_557' title='bbox 2271 3070 2627 3140; x_wconf 76' lang='lat' dir='ltr'><strong>procuranda:</strong></span> <span class='ocrx_word' id='word_1_558' title='bbox 2649 3069 2909 3140; x_wconf 87' lang='lat' dir='ltr'><strong>imparem</strong></span> <span class='ocrx_word' id='word_1_559' title='bbox 2928 3070 3063 3125; x_wconf 89' lang='lat' dir='ltr'><strong>scio.</strong></span> <span class='ocrx_word' id='word_1_560' title='bbox 3080 3069 3363 3142; x_wconf 90' lang='lat' dir='ltr'><strong>Proprium</strong></span> <span class='ocrx_word' id='word_1_561' title='bbox 3395 3087 3493 3127; x_wconf 86' lang='lat' dir='ltr'><strong>au-</strong></span> 
     </span>
    </p>
   </div>
   <div class='ocr_carea' id='block_1_77' title="bbox 1935 3160 3494 3230">
    <p class='ocr_par' dir='ltr' id='par_1_77' title="bbox 1935 3160 3494 3230">
     <span class='ocr_line' id='line_1_77' title="bbox 1935 3160 3494 3230; baseline 0.004 -15"><span class='ocrx_word' id='word_1_562' title='bbox 1935 3167 2047 3215; x_wconf 78' lang='lat' dir='ltr'><strong>tem</strong></span> <span class='ocrx_word' id='word_1_563' title='bbox 2088 3160 2345 3216; x_wconf 88' lang='lat' dir='ltr'><strong>omnibus</strong></span> <span class='ocrx_word' id='word_1_564' title='bbox 2393 3161 2501 3230; x_wconf 91' lang='lat' dir='ltr'><strong>piis</strong></span> <span class='ocrx_word' id='word_1_565' title='bbox 2547 3177 2611 3217; x_wconf 86' lang='lat' dir='ltr'><strong>ac</strong></span> <span class='ocrx_word' id='word_1_566' title='bbox 2642 3160 2752 3217; x_wconf 77' lang='lat' dir='ltr'><strong>Deo</strong></span> <span class='ocrx_word' id='word_1_567' title='bbox 2802 3160 2996 3216; x_wconf 83' lang='lat' dir='ltr'><strong>amicis</strong></span> <span class='ocrx_word' id='word_1_568' title='bbox 3038 3161 3171 3218; x_wconf 89' lang='lat' dir='ltr'><strong>viris</strong></span> <span class='ocrx_word' id='word_1_569' title='bbox 3223 3173 3326 3226; x_wconf 91' lang='lat' dir='ltr'><strong>est,</strong></span> <span class='ocrx_word' id='word_1_570' title='bbox 3371 3178 3494 3221; x_wconf 84' lang='lat' dir='ltr'><strong>sese</strong></span> 
     </span>
    </p>
   </div>
   <div class='ocr_carea' id='block_1_78' title="bbox 1934 3246 3490 3325">
    <p class='ocr_par' dir='ltr' id='par_1_78' title="bbox 1934 3246 3490 3325">
     <span class='ocr_line' id='line_1_78' title="bbox 1934 3246 3490 3325; baseline 0.006 -19"><span class='ocrx_word' id='word_1_571' title='bbox 1934 3246 2193 3307; x_wconf 60' lang='lat' dir='ltr'><strong>an‘umnis</strong></span> <span class='ocrx_word' id='word_1_572' title='bbox 2220 3252 2473 3324; x_wconf 80' lang='lat' dir='ltr'><strong>allligere,</strong></span> <span class='ocrx_word' id='word_1_573' title='bbox 2511 3254 2565 3308; x_wconf 91' lang='lat' dir='ltr'><strong>in</strong></span> <span class='ocrx_word' id='word_1_574' title='bbox 2613 3255 3060 3319; x_wconf 84' lang='lat' dir='ltr'><strong>necessitatibus,</strong></span> <span class='ocrx_word' id='word_1_575' title='bbox 3103 3256 3161 3311; x_wconf 88' lang='lat' dir='ltr'><strong>in</strong></span> <span class='ocrx_word' id='word_1_576' title='bbox 3198 3258 3490 3325; x_wconf 79' lang='lat' dir='ltr'><strong>angustiis,</strong></span> 
     </span>
    </p>
   </div>
   <div class='ocr_carea' id='block_1_79' title="bbox 1936 3345 3491 3420">
    <p class='ocr_par' dir='ltr' id='par_1_79' title="bbox 1936 3345 3491 3420">
     <span class='ocr_line' id='line_1_79' title="bbox 1936 3345 3491 3420; baseline 0.006 -22"><span class='ocrx_word' id='word_1_577' title='bbox 1936 3345 1991 3399; x_wconf 92' lang='lat' dir='ltr'><strong>in</strong></span> <span class='ocrx_word' id='word_1_578' title='bbox 2021 3345 2493 3416; x_wconf 85' lang='lat' dir='ltr'><strong>persecutionibus</strong></span> <span class='ocrx_word' id='word_1_579' title='bbox 2517 3347 2759 3413; x_wconf 85' lang='lat' dir='ltr'><strong>versari;</strong></span> <span class='ocrx_word' id='word_1_580' title='bbox 2792 3346 2888 3402; x_wconf 90' lang='lat' dir='ltr'><strong>sed</strong></span> <span class='ocrx_word' id='word_1_581' title='bbox 2923 3346 3016 3420; x_wconf 88' lang='lat' dir='ltr'><strong>qui</strong></span> <span class='ocrx_word' id='word_1_582' title='bbox 3045 3351 3117 3403; x_wconf 89' lang='lat' dir='ltr'><strong>sit</strong></span> <span class='ocrx_word' id='word_1_583' title='bbox 3145 3364 3333 3405; x_wconf 90' lang='lat' dir='ltr'><strong>eorum</strong></span> <span class='ocrx_word' id='word_1_584' title='bbox 3366 3351 3491 3409; x_wconf 81' lang='lat' dir='ltr'><strong>ﬁnis</strong></span> 
     </span>
    </p>
   </div>
   <div class='ocr_carea' id='block_1_80' title="bbox 1934 3438 3492 3511">
    <p class='ocr_par' dir='ltr' id='par_1_80' title="bbox 1934 3438 3492 3511">
     <span class='ocr_line' id='line_1_80' title="bbox 1934 3438 3492 3511; baseline 0.004 -20"><span class='ocrx_word' id='word_1_585' title='bbox 1934 3453 2043 3491; x_wconf 90' lang='lat' dir='ltr'><strong>non</strong></span> <span class='ocrx_word' id='word_1_586' title='bbox 2088 3439 2338 3508; x_wconf 81' lang='lat' dir='ltr'><strong>ignorant</strong></span> <span class='ocrx_word' id='word_1_587' title='bbox 2381 3451 2596 3507; x_wconf 88' lang='lat' dir='ltr'><strong>:quare</strong></span> <span class='ocrx_word' id='word_1_588' title='bbox 2645 3438 2792 3493; x_wconf 91' lang='lat' dir='ltr'><strong>illius</strong></span> <span class='ocrx_word' id='word_1_589' title='bbox 2833 3440 3159 3509; x_wconf 86' lang='lat' dir='ltr'><strong>assequendi</strong></span> <span class='ocrx_word' id='word_1_590' title='bbox 3207 3456 3336 3511; x_wconf 78' lang='lat' dir='ltr'><strong>ergo</strong></span> <span class='ocrx_word' id='word_1_591' title='bbox 3381 3441 3492 3498; x_wconf 90' lang='lat' dir='ltr'><strong>Deo</strong></span> 
     </span>
    </p>
   </div>
   <div class='ocr_carea' id='block_1_81' title="bbox 1933 3528 3492 3602">
    <p class='ocr_par' dir='ltr' id='par_1_81' title="bbox 1933 3528 3492 3602">
     <span class='ocr_line' id='line_1_81' title="bbox 1933 3528 3492 3602; baseline 0.003 -16"><span class='ocrx_word' id='word_1_592' title='bbox 1933 3531 2239 3602; x_wconf 88' lang='lat' dir='ltr'><strong>supplicant</strong></span> <span class='ocrx_word' id='word_1_593' title='bbox 2283 3530 2368 3586; x_wconf 90' lang='lat' dir='ltr'><strong>bis</strong></span> <span class='ocrx_word' id='word_1_594' title='bbox 2398 3529 2610 3594; x_wconf 89' lang='lat' dir='ltr'><strong>verbis,</strong></span> <span class='ocrx_word' id='word_1_595' title='bbox 2651 3528 2714 3584; x_wconf 87' lang='lat' dir='ltr'><strong>de</strong></span> <span class='ocrx_word' id='word_1_596' title='bbox 2754 3532 3150 3587; x_wconf 83' lang='lat' dir='ltr'><strong>necessitatibus</strong></span> <span class='ocrx_word' id='word_1_597' title='bbox 3193 3533 3319 3586; x_wconf 87' lang='lat' dir='ltr'><strong>meis</strong></span> <span class='ocrx_word' id='word_1_598' title='bbox 3368 3549 3492 3590; x_wconf 73' lang='lat' dir='ltr'><strong>erue</strong></span> 
     </span>
    </p>
   </div>
   <div class='ocr_carea' id='block_1_82' title="bbox 1933 3623 3488 3694">
    <p class='ocr_par' dir='ltr' id='par_1_82' title="bbox 1933 3623 3488 3694">
     <span class='ocr_line' id='line_1_82' title="bbox 1933 3623 3488 3694; baseline 0.003 -17"><span class='ocrx_word' id='word_1_599' title='bbox 1933 3641 2049 3692; x_wconf 88' lang='lat' dir='ltr'><strong>me;</strong></span> <span class='ocrx_word' id='word_1_600' title='bbox 2080 3630 2157 3687; x_wconf 87' lang='lat' dir='ltr'><strong>ut,</strong></span> <span class='ocrx_word' id='word_1_601' title='bbox 2183 3624 2453 3694; x_wconf 88' lang='lat' dir='ltr'><strong>superatis</strong></span> <span class='ocrx_word' id='word_1_602' title='bbox 2484 3623 2600 3677; x_wconf 84' lang='lat' dir='ltr'><strong>vitae</strong></span> <span class='ocrx_word' id='word_1_603' title='bbox 2619 3623 3053 3688; x_wconf 83' lang='lat' dir='ltr'><strong>necessitatibus,</strong></span> <span class='ocrx_word' id='word_1_604' title='bbox 3068 3623 3488 3690; x_wconf 89' lang='lat' dir='ltr'><strong>calamitatibus,</strong></span> 
     </span>
    </p>
   </div>
   <div class='ocr_carea' id='block_1_83' title="bbox 1930 3714 3489 3786">
    <p class='ocr_par' dir='ltr' id='par_1_83' title="bbox 1930 3714 3489 3786">
     <span class='ocr_line' id='line_1_83' title="bbox 1930 3714 3489 3786; baseline 0.001 -15"><span class='ocrx_word' id='word_1_605' title='bbox 1930 3716 2223 3781; x_wconf 59' lang='lat' dir='ltr'><strong>aerumnis,</strong></span> <span class='ocrx_word' id='word_1_606' title='bbox 2267 3716 2450 3770; x_wconf 79' lang='lat' dir='ltr'><strong>dicere</strong></span> <span class='ocrx_word' id='word_1_607' title='bbox 2503 3714 2793 3785; x_wconf 89' lang='lat' dir='ltr'><strong>aliquando</strong></span> <span class='ocrx_word' id='word_1_608' title='bbox 2838 3715 3086 3786; x_wconf 40' lang='lat' dir='ltr'><strong>possintt:</strong></span> <span class='ocrx_word' id='word_1_609' title='bbox 3133 3718 3489 3773; x_wconf 81' lang='lat' dir='ltr'><strong>Transivimus</strong></span> 
     </span>
    </p>
   </div>
   <div class='ocr_carea' id='block_1_84' title="bbox 1929 3805 3488 3882">
    <p class='ocr_par' dir='ltr' id='par_1_84' title="bbox 1929 3805 3488 3882">
     <span class='ocr_line' id='line_1_84' title="bbox 1929 3805 3488 3882; baseline 0.003 -21"><span class='ocrx_word' id='word_1_610' title='bbox 1929 3823 2019 3875; x_wconf 86' lang='lat' dir='ltr'><strong>per</strong></span> <span class='ocrx_word' id='word_1_611' title='bbox 2067 3809 2236 3879; x_wconf 85' lang='lat' dir='ltr'><strong>ignem</strong></span> <span class='ocrx_word' id='word_1_612' title='bbox 2275 3816 2325 3863; x_wconf 91' lang='lat' dir='ltr'><strong>et</strong></span> <span class='ocrx_word' id='word_1_613' title='bbox 2373 3823 2596 3877; x_wconf 89' lang='lat' dir='ltr'><strong>aquam,</strong></span> <span class='ocrx_word' id='word_1_614' title='bbox 2641 3816 2692 3861; x_wconf 86' lang='lat' dir='ltr'><strong>et</strong></span> <span class='ocrx_word' id='word_1_615' title='bbox 2737 3805 2967 3861; x_wconf 78' lang='lat' dir='ltr'><strong>eduxisti</strong></span> <span class='ocrx_word' id='word_1_616' title='bbox 3020 3825 3114 3863; x_wconf 87' lang='lat' dir='ltr'><strong>nos</strong></span> <span class='ocrx_word' id='word_1_617' title='bbox 3167 3811 3219 3864; x_wconf 91' lang='lat' dir='ltr'><strong>in</strong></span> <span class='ocrx_word' id='word_1_618' title='bbox 3269 3810 3488 3882; x_wconf 79' lang='lat' dir='ltr'><strong>refrige-</strong></span> 
     </span>
    </p>
   </div>
   <div class='ocr_carea' id='block_1_85' title="bbox 1930 3902 2162 3956">
    <p class='ocr_par' dir='ltr' id='par_1_85' title="bbox 1930 3902 2162 3956">
     <span class='ocr_line' id='line_1_85' title="bbox 1930 3902 2162 3956; baseline 0.009 -2"><span class='ocrx_word' id='word_1_619' title='bbox 1930 3903 2068 3955; x_wconf 83' lang='lat' dir='ltr'><strong>rium</strong></span> <span class='ocrx_word' id='word_1_620' title='bbox 2095 3902 2162 3956; x_wconf 78' lang='lat'><strong>“.</strong></span> 
     </span>
    </p>
   </div>
   <div class='ocr_carea' id='block_1_86' title="bbox 2002 3992 3487 4051">
    <p class='ocr_par' dir='ltr' id='par_1_86' title="bbox 2002 3992 3487 4051">
     <span class='ocr_line' id='line_1_86' title="bbox 2002 3992 3487 4051; baseline 0.005 -7"><span class='ocrx_word' id='word_1_621' title='bbox 2002 3992 2163 4049; x_wconf 72' lang='lat' dir='ltr'><strong>Vens.</strong></span> <span class='ocrx_word' id='word_1_622' title='bbox 2213 3992 2397 4049; x_wconf 73' lang='grc'><strong>18-20.</strong></span> <span class='ocrx_word' id='word_1_623' title='bbox 2474 3993 2600 4048; x_wconf 76' lang='lat' dir='ltr'><strong>l’ide</strong></span> <span class='ocrx_word' id='word_1_624' title='bbox 2662 3995 3009 4049; x_wconf 85' lang='lat' dir='ltr'><strong>humilitatem</strong></span> <span class='ocrx_word' id='word_1_625' title='bbox 3068 4012 3238 4050; x_wconf 88' lang='lat' dir='ltr'><strong>meam</strong></span> <span class='ocrx_word' id='word_1_626' title='bbox 3291 4007 3341 4051; x_wconf 91' lang='lat' dir='ltr'><strong>et</strong></span> <span class='ocrx_word' id='word_1_627' title='bbox 3401 3998 3487 4051; x_wconf 88' lang='lat' dir='ltr'><strong>la-</strong></span> 
     </span>
    </p>
   </div>
   <div class='ocr_carea' id='block_1_87' title="bbox 1930 4084 3490 4157">
    <p class='ocr_par' dir='ltr' id='par_1_87' title="bbox 1930 4084 3490 4157">
     <span class='ocr_line' id='line_1_87' title="bbox 1930 4084 3490 4157; baseline 0.004 -20"><span class='ocrx_word' id='word_1_628' title='bbox 1930 4084 2104 4139; x_wconf 87' lang='lat' dir='ltr'><strong>borem</strong></span> <span class='ocrx_word' id='word_1_629' title='bbox 2133 4102 2322 4150; x_wconf 84' lang='lat' dir='ltr'><strong>meum,</strong></span> <span class='ocrx_word' id='word_1_630' title='bbox 2340 4095 2389 4139; x_wconf 86' lang='lat' dir='ltr'><strong>et</strong></span> <span class='ocrx_word' id='word_1_631' title='bbox 2410 4084 2616 4139; x_wconf 85' lang='lat' dir='ltr'><strong>dimitte</strong></span> <span class='ocrx_word' id='word_1_632' title='bbox 2644 4086 2888 4140; x_wconf 86' lang='lat' dir='ltr'><strong>universa</strong></span> <span class='ocrx_word' id='word_1_633' title='bbox 2910 4084 3099 4139; x_wconf 83' lang='lat' dir='ltr'><strong>delicta</strong></span> <span class='ocrx_word' id='word_1_634' title='bbox 3124 4102 3259 4141; x_wconf 91' lang='lat' dir='ltr'><strong>mea.</strong></span> <span class='ocrx_word' id='word_1_635' title='bbox 3276 4085 3490 4157; x_wconf 79' lang='lat' dir='ltr'><strong>Respice</strong></span> 
     </span>
    </p>
   </div>
   <div class='ocr_carea' id='block_1_88' title="bbox 1928 4175 3487 4249">
    <p class='ocr_par' dir='ltr' id='par_1_88' title="bbox 1928 4175 3487 4249">
     <span class='ocr_line' id='line_1_88' title="bbox 1928 4175 3487 4249; baseline 0.003 -22"><span class='ocrx_word' id='word_1_636' title='bbox 1928 4175 2167 4230; x_wconf 90' lang='lat' dir='ltr'><strong>inimicos</strong></span> <span class='ocrx_word' id='word_1_637' title='bbox 2200 4191 2340 4229; x_wconf 89' lang='lat' dir='ltr'><strong>meos</strong></span> <span class='ocrx_word' id='word_1_638' title='bbox 2391 4177 2655 4249; x_wconf 84' lang='lat' dir='ltr'><strong>quoniam</strong></span> <span class='ocrx_word' id='word_1_639' title='bbox 2690 4176 3028 4244; x_wconf 84' lang='lat' dir='ltr'><strong>multiplicati</strong></span> <span class='ocrx_word' id='word_1_640' title='bbox 3070 4186 3221 4241; x_wconf 85' lang='lat' dir='ltr'><strong>sunt,</strong></span> <span class='ocrx_word' id='word_1_641' title='bbox 3266 4188 3316 4230; x_wconf 87' lang='lat' dir='ltr'><strong>et</strong></span> <span class='ocrx_word' id='word_1_642' title='bbox 3365 4177 3487 4231; x_wconf 87' lang='lat' dir='ltr'><strong>odio</strong></span> 
     </span>
    </p>
   </div>
   <div class='ocr_carea' id='block_1_89' title="bbox 1927 4267 3488 4340">
    <p class='ocr_par' dir='ltr' id='par_1_89' title="bbox 1927 4267 3488 4340">
     <span class='ocr_line' id='line_1_89' title="bbox 1927 4267 3488 4340; baseline 0 -17"><span class='ocrx_word' id='word_1_643' title='bbox 1927 4270 2105 4340; x_wconf 86' lang='lat' dir='ltr'><strong>iniquo</strong></span> <span class='ocrx_word' id='word_1_644' title='bbox 2139 4267 2358 4323; x_wconf 86' lang='lat' dir='ltr'><strong>oderunt</strong></span> <span class='ocrx_word' id='word_1_645' title='bbox 2396 4284 2495 4322; x_wconf 88' lang='lat' dir='ltr'><strong>me.</strong></span> <span class='ocrx_word' id='word_1_646' title='bbox 2540 4267 2761 4323; x_wconf 83' lang='lat' dir='ltr'><strong>Custodi</strong></span> <span class='ocrx_word' id='word_1_647' title='bbox 2803 4268 3032 4321; x_wconf 88' lang='lat' dir='ltr'><strong>animam</strong></span> <span class='ocrx_word' id='word_1_648' title='bbox 3068 4284 3235 4321; x_wconf 89' lang='lat' dir='ltr'><strong>meam</strong></span> <span class='ocrx_word' id='word_1_649' title='bbox 3286 4278 3334 4322; x_wconf 86' lang='lat' dir='ltr'><strong>et</strong></span> <span class='ocrx_word' id='word_1_650' title='bbox 3365 4284 3488 4323; x_wconf 82' lang='lat' dir='ltr'><strong>erue</strong></span> 
     </span>
    </p>
   </div>
   <div class='ocr_carea' id='block_1_90' title="bbox 1928 4356 3486 4428">
    <p class='ocr_par' dir='ltr' id='par_1_90' title="bbox 1928 4356 3486 4428">
     <span class='ocr_line' id='line_1_90' title="bbox 1928 4356 3486 4428; baseline -0.001 -16"><span class='ocrx_word' id='word_1_651' title='bbox 1928 4376 2045 4414; x_wconf 88' lang='lat' dir='ltr'><strong>me:</strong></span> <span class='ocrx_word' id='word_1_652' title='bbox 2079 4376 2183 4414; x_wconf 89' lang='lat' dir='ltr'><strong>non</strong></span> <span class='ocrx_word' id='word_1_653' title='bbox 2216 4362 2519 4414; x_wconf 85' lang='lat' dir='ltr'><strong>erubescam</strong></span> <span class='ocrx_word' id='word_1_654' title='bbox 2541 4360 2788 4428; x_wconf 88' lang='lat' dir='ltr'><strong>quoniam</strong></span> <span class='ocrx_word' id='word_1_655' title='bbox 2819 4358 3019 4424; x_wconf 84' lang='lat' dir='ltr'><strong>speravi</strong></span> <span class='ocrx_word' id='word_1_656' title='bbox 3046 4358 3103 4410; x_wconf 88' lang='lat' dir='ltr'><strong>in</strong></span> <span class='ocrx_word' id='word_1_657' title='bbox 3135 4367 3203 4411; x_wconf 92' lang='lat' dir='ltr'><strong>te.</strong></span> <span class='ocrx_word' id='word_1_658' title='bbox 3229 4356 3384 4423; x_wconf 85' lang='lat' dir='ltr'><strong>Quod</strong></span> <span class='ocrx_word' id='word_1_659' title='bbox 3415 4357 3486 4412; x_wconf 90' lang='lat' dir='ltr'><strong>ad</strong></span> 
     </span>
    </p>
   </div>
   <div class='ocr_carea' id='block_1_91' title="bbox 267 4441 1831 4520">
    <p class='ocr_par' dir='ltr' id='par_1_91' title="bbox 267 4441 1827 4517">
     <span class='ocr_line' id='line_1_91' title="bbox 267 4441 1827 4517; baseline -0.001 -17"><span class='ocrx_word' id='word_1_660' title='bbox 267 4445 351 4500; x_wconf 84' lang='grc' dir='ltr'><strong>Τὰ</strong></span> <span class='ocrx_word' id='word_1_661' title='bbox 378 4446 473 4517; x_wconf 81' lang='grc' dir='ltr'>μὲν</span> <span class='ocrx_word' id='word_1_662' title='bbox 504 4448 629 4517; x_wconf 84' lang='grc' dir='ltr'>παρ’</span> <span class='ocrx_word' id='word_1_663' title='bbox 662 4445 794 4516; x_wconf 69' lang='grc' dir='ltr'>ἐμοῦ</span> <span class='ocrx_word' id='word_1_664' title='bbox 826 4441 1200 4508; x_wconf 81' lang='grc' dir='ltr'>σπουδάζεται,</span> <span class='ocrx_word' id='word_1_665' title='bbox 1232 4442 1300 4497; x_wconf 81' lang='grc' dir='ltr'><strong>τὰ</strong></span> <span class='ocrx_word' id='word_1_666' title='bbox 1328 4443 1384 4496; x_wconf 86' lang='grc' dir='ltr'>δὲ</span> <span class='ocrx_word' id='word_1_667' title='bbox 1421 4444 1571 4517; x_wconf 85' lang='grc' dir='ltr'><strong>παρά</strong></span> <span class='ocrx_word' id='word_1_668' title='bbox 1614 4443 1707 4498; x_wconf 88' lang='grc' dir='ltr'><strong>σοῦ</strong></span> <span class='ocrx_word' id='word_1_669' title='bbox 1722 4454 1827 4499; x_wconf 80' lang='grc' dir='ltr'>τυ-</span> 
     </span>
    </p>
   </div>
   <div class='ocr_carea' id='block_1_92' title="bbox 1932 4441 3482 4520">
    <p class='ocr_par' dir='ltr' id='par_1_92' title="bbox 1932 4448 3482 4520">
     <span class='ocr_line' id='line_1_92' title="bbox 1932 4448 3482 4520; baseline 0.001 -17"><span class='ocrx_word' id='word_1_670' title='bbox 1932 4465 2017 4504; x_wconf 89' lang='lat' dir='ltr'><strong>me</strong></span> <span class='ocrx_word' id='word_1_671' title='bbox 2070 4456 2300 4520; x_wconf 86' lang='lat' dir='ltr'><strong>spectat,</strong></span> <span class='ocrx_word' id='word_1_672' title='bbox 2353 4452 2777 4507; x_wconf 88' lang='lat' dir='ltr'><strong>sollicitudinem</strong></span> <span class='ocrx_word' id='word_1_673' title='bbox 2823 4449 2929 4504; x_wconf 90' lang='lat' dir='ltr'><strong>mei</strong></span> <span class='ocrx_word' id='word_1_674' title='bbox 2961 4464 3125 4519; x_wconf 79' lang='lat' dir='ltr'><strong>gero;</strong></span> <span class='ocrx_word' id='word_1_675' title='bbox 3176 4448 3272 4503; x_wconf 89' lang='lat' dir='ltr'><strong>sed</strong></span> <span class='ocrx_word' id='word_1_676' title='bbox 3325 4465 3482 4519; x_wconf 90' lang='lat' dir='ltr'><strong>opem</strong></span> 
     </span>
    </p>
   </div>
   <div class='ocr_carea' id='block_1_93' title="bbox 266 4532 1827 4609">
    <p class='ocr_par' dir='ltr' id='par_1_93' title="bbox 266 4532 1827 4609">
     <span class='ocr_line' id='line_1_93' title="bbox 266 4532 1827 4609; baseline 0 -19"><span class='ocrx_word' id='word_1_677' title='bbox 266 4540 382 4608; x_wconf 72' lang='grc' dir='ltr'>χεῖν</span> <span class='ocrx_word' id='word_1_678' title='bbox 405 4534 558 4601; x_wconf 86' lang='grc' dir='ltr'>ἀξιῶ.</span> <span class='ocrx_word' id='word_1_679' title='bbox 599 4536 737 4605; x_wconf 86' lang='grc' dir='ltr'><strong>Ἐγὼ</strong></span> <span class='ocrx_word' id='word_1_680' title='bbox 757 4536 854 4608; x_wconf 81' lang='grc' dir='ltr'>μὲν</span> <span class='ocrx_word' id='word_1_681' title='bbox 875 4532 966 4589; x_wconf 83' lang='grc' dir='ltr'><strong>οῦν</strong></span> <span class='ocrx_word' id='word_1_682' title='bbox 997 4534 1229 4606; x_wconf 77' lang='grc' dir='ltr'>ἐμαυτὸν</span> <span class='ocrx_word' id='word_1_683' title='bbox 1259 4535 1490 4600; x_wconf 78' lang='grc' dir='ltr'>κολάζω,</span> <span class='ocrx_word' id='word_1_684' title='bbox 1523 4537 1616 4589; x_wconf 63' lang='grc' dir='ltr'><strong>καὶ⁸</strong></span> <span class='ocrx_word' id='word_1_685' title='bbox 1639 4536 1827 4609; x_wconf 84' lang='grc' dir='ltr'>ὥσπερ</span> 
     </span>
    </p>
   </div>
   <div class='ocr_carea' id='block_1_94' title="bbox 263 4620 1826 4701">
    <p class='ocr_par' dir='ltr' id='par_1_94' title="bbox 263 4620 1826 4701">
     <span class='ocr_line' id='line_1_94' title="bbox 263 4620 1826 4701; baseline -0.002 -17"><span class='ocrx_word' id='word_1_686' title='bbox 263 4631 420 4699; x_wconf 86' lang='grc' dir='ltr'>δίκην</span> <span class='ocrx_word' id='word_1_687' title='bbox 466 4628 949 4699; x_wconf 86' lang='grc' dir='ltr'>είσπρατττόμενος</span> <span class='ocrx_word' id='word_1_688' title='bbox 997 4620 1072 4680; x_wconf 82' lang='grc' dir='ltr'>ὧν</span> <span class='ocrx_word' id='word_1_689' title='bbox 1105 4626 1367 4699; x_wconf 84' lang='grc' dir='ltr'>πρότερον</span> <span class='ocrx_word' id='word_1_690' title='bbox 1411 4626 1826 4701; x_wconf 83' lang='grc' dir='ltr'>ὲπλημμέλησα,</span> 
     </span>
    </p>
   </div>
   <div class='ocr_carea' id='block_1_95' title="bbox 266 4718 1830 4793">
    <p class='ocr_par' dir='ltr' id='par_1_95' title="bbox 266 4718 1830 4793">
     <span class='ocr_line' id='line_1_95' title="bbox 266 4718 1830 4793; baseline -0.001 -18"><span class='ocrx_word' id='word_1_691' title='bbox 266 4719 501 4793; x_wconf 79' lang='grc' dir='ltr'>ἐμαυτὸν</span> <span class='ocrx_word' id='word_1_692' title='bbox 516 4719 876 4791; x_wconf 87' lang='grc' dir='ltr'>τιμωροῦμαι,</span> <span class='ocrx_word' id='word_1_693' title='bbox 906 4719 1173 4773; x_wconf 85' lang='grc' dir='ltr'>ταπεινῶν</span> <span class='ocrx_word' id='word_1_694' title='bbox 1201 4718 1434 4790; x_wconf 76' lang='grc' dir='ltr'>ἐμαυτὸν</span> <span class='ocrx_word' id='word_1_695' title='bbox 1448 4721 1505 4773; x_wconf 84' lang='grc' dir='ltr'>ὲν</span> <span class='ocrx_word' id='word_1_696' title='bbox 1517 4720 1703 4784; x_wconf 88' lang='grc' dir='ltr'>κόποις</span> <span class='ocrx_word' id='word_1_697' title='bbox 1735 4722 1830 4776; x_wconf 65' lang='grc' dir='ltr'><strong>καλ⁹</strong></span> 
     </span>
    </p>
   </div>
   <div class='ocr_carea' id='block_1_96' title="bbox 266 4806 1829 4884">
    <p class='ocr_par' dir='ltr' id='par_1_96' title="bbox 266 4806 1829 4884">
     <span class='ocr_line' id='line_1_96' title="bbox 266 4806 1829 4884; baseline -0.001 -16"><span class='ocrx_word' id='word_1_698' title='bbox 266 4812 551 4877; x_wconf 84' lang='grc' dir='ltr'>πόνοις-σὺ</span> <span class='ocrx_word' id='word_1_699' title='bbox 589 4812 671 4878; x_wconf 81' lang='grc' dir='ltr'>δὲ,</span> <span class='ocrx_word' id='word_1_700' title='bbox 701 4813 729 4865; x_wconf 88' lang='grc' dir='ltr'>ὁ</span> <span class='ocrx_word' id='word_1_701' title='bbox 751 4812 904 4878; x_wconf 80' lang='grc' dir='ltr'>Θεὸς,</span> <span class='ocrx_word' id='word_1_702' title='bbox 931 4806 1020 4867; x_wconf 77' lang='grc' dir='ltr'>οἷά</span> <span class='ocrx_word' id='word_1_703' title='bbox 1052 4829 1136 4875; x_wconf 91' lang='grc' dir='ltr'><strong>τις</strong></span> <span class='ocrx_word' id='word_1_704' title='bbox 1176 4811 1533 4882; x_wconf 82' lang='grc' dir='ltr'>ἀγωνοθέτης,</span> <span class='ocrx_word' id='word_1_705' title='bbox 1567 4811 1657 4865; x_wconf 85' lang='grc' dir='ltr'>τὸν</span> <span class='ocrx_word' id='word_1_706' title='bbox 1698 4813 1829 4884; x_wconf 72' lang='grc' dir='ltr'>ἐμὸν</span> 
     </span>
    </p>
   </div>
   <div class='ocr_carea' id='block_1_97' title="bbox 267 4893 1829 4974">
    <p class='ocr_par' dir='ltr' id='par_1_97' title="bbox 267 4893 1829 4974">
     <span class='ocr_line' id='line_1_97' title="bbox 267 4893 1829 4974; baseline 0 -17"><span class='ocrx_word' id='word_1_707' title='bbox 267 4903 451 4973; x_wconf 78' lang='grc' dir='ltr'>ἀγῶνα</span> <span class='ocrx_word' id='word_1_708' title='bbox 462 4902 680 4974; x_wconf 90' lang='grc' dir='ltr'>θεωρῶν</span> <span class='ocrx_word' id='word_1_709' title='bbox 699 4893 926 4967; x_wconf 70' lang='grc' dir='ltr'>καὶτοὺς</span> <span class='ocrx_word' id='word_1_710' title='bbox 940 4902 1105 4973; x_wconf 75' lang='grc' dir='ltr'>εμοὺς</span> <span class='ocrx_word' id='word_1_711' title='bbox 1117 4902 1412 4973; x_wconf 86' lang='grc' dir='ltr'>καμάτους,</span> <span class='ocrx_word' id='word_1_712' title='bbox 1428 4901 1570 4955; x_wconf 88' lang='grc' dir='ltr'>δίδου</span> <span class='ocrx_word' id='word_1_713' title='bbox 1585 4902 1681 4974; x_wconf 85' lang='grc' dir='ltr'>τὴν</span> <span class='ocrx_word' id='word_1_714' title='bbox 1699 4903 1829 4972; x_wconf 77' lang='grc' dir='ltr'>ἀφεσ-</span> 
     </span>
    </p>
   </div>
   <div class='ocr_carea' id='block_1_98' title="bbox 270 4990 1830 5065">
    <p class='ocr_par' dir='ltr' id='par_1_98' title="bbox 270 4990 1830 5065">
     <span class='ocr_line' id='line_1_98' title="bbox 270 4990 1830 5065; baseline -0.002 -16"><span class='ocrx_word' id='word_1_715' title='bbox 270 5012 357 5049; x_wconf 85' lang='grc' dir='ltr'><strong>σιν</strong></span> <span class='ocrx_word' id='word_1_716' title='bbox 380 4993 488 5048; x_wconf 89' lang='grc' dir='ltr'><strong>τῶν</strong></span> <span class='ocrx_word' id='word_1_717' title='bbox 516 4993 944 5065; x_wconf 83' lang='grc' dir='ltr'>ἁμαρτημάτων,</span> <span class='ocrx_word' id='word_1_718' title='bbox 958 4993 1051 5046; x_wconf 76' lang='grc' dir='ltr'><strong>καὶ</strong></span> <span class='ocrx_word' id='word_1_719' title='bbox 1089 4990 1358 5063; x_wconf 86' lang='grc' dir='ltr'>συγχώρει</span> <span class='ocrx_word' id='word_1_720' title='bbox 1372 4992 1472 5046; x_wconf 85' lang='grc' dir='ltr'>ὃσα</span> <span class='ocrx_word' id='word_1_721' title='bbox 1489 4990 1707 5046; x_wconf 86' lang='grc' dir='ltr'>πώποτε</span> <span class='ocrx_word' id='word_1_722' title='bbox 1723 4991 1830 5046; x_wconf 90' lang='grc' dir='ltr'>διε-</span> 
     </span>
    </p>
   </div>
   <div class='ocr_carea' id='block_1_99' title="bbox 267 5082 1827 5161">
    <p class='ocr_par' dir='ltr' id='par_1_99' title="bbox 267 5082 1827 5161">
     <span class='ocr_line' id='line_1_99' title="bbox 267 5082 1827 5161; baseline -0.002 -21"><span class='ocrx_word' id='word_1_723' title='bbox 267 5085 559 5161; x_wconf 81' lang='grc' dir='ltr'>πραξάμην</span> <span class='ocrx_word' id='word_1_724' title='bbox 590 5087 649 5139; x_wconf 79' lang='grc' dir='ltr'>ὲν</span> <span class='ocrx_word' id='word_1_725' title='bbox 676 5083 987 5157; x_wconf 80' lang='grc' dir='ltr'>ἁμαρτίαις.</span> <span class='ocrx_word' id='word_1_726' title='bbox 1029 5083 1188 5136; x_wconf 81' lang='grc' dir='ltr'>Ἀλλά</span> <span class='ocrx_word' id='word_1_727' title='bbox 1218 5084 1310 5137; x_wconf 82' lang='grc' dir='ltr'>καὶ</span> <span class='ocrx_word' id='word_1_728' title='bbox 1338 5082 1670 5154; x_wconf 86' lang='grc' dir='ltr'>θεασάμενος</span> <span class='ocrx_word' id='word_1_729' title='bbox 1700 5084 1827 5149; x_wconf 82' lang='grc' dir='ltr'>τοὺς</span> 
     </span>
    </p>
   </div>
   <div class='ocr_carea' id='block_1_100' title="bbox 267 5174 1826 5253">
    <p class='ocr_par' dir='ltr' id='par_1_100' title="bbox 267 5174 1826 5253">
     <span class='ocr_line' id='line_1_100' title="bbox 267 5174 1826 5253; baseline -0.002 -19"><span class='ocrx_word' id='word_1_730' title='bbox 267 5180 433 5253; x_wconf 72' lang='grc' dir='ltr'>ἐμοὺς</span> <span class='ocrx_word' id='word_1_731' title='bbox 458 5179 684 5252; x_wconf 77' lang='grc' dir='ltr'>ἐχθροὺς</span> <span class='ocrx_word' id='word_1_732' title='bbox 726 5176 911 5231; x_wconf 86' lang='grc' dir='ltr'>ὁπόσοι</span> <span class='ocrx_word' id='word_1_733' title='bbox 935 5176 1084 5243; x_wconf 76' lang='grc' dir='ltr'>ὄντες</span> <span class='ocrx_word' id='word_1_734' title='bbox 1115 5174 1484 5241; x_wconf 74' lang='grc' dir='ltr'>ἐπεϐούλευον,</span> <span class='ocrx_word' id='word_1_735' title='bbox 1516 5178 1608 5231; x_wconf 63' lang='grc' dir='ltr'><strong>καλ⁵</strong></span> <span class='ocrx_word' id='word_1_736' title='bbox 1636 5178 1711 5242; x_wconf 86' lang='grc' dir='ltr'>ὼς</span> <span class='ocrx_word' id='word_1_737' title='bbox 1738 5181 1826 5249; x_wconf 86' lang='grc' dir='ltr'>μῖ-</span> 
     </span>
    </p>
   </div>
   <div class='ocr_carea' id='block_1_101' title="bbox 267 5266 1832 5344">
    <p class='ocr_par' dir='ltr' id='par_1_101' title="bbox 267 5266 1832 5344">
     <span class='ocr_line' id='line_1_101' title="bbox 267 5266 1832 5344; baseline 0.005 -18"><span class='ocrx_word' id='word_1_738' title='bbox 267 5290 361 5337; x_wconf 86' lang='grc' dir='ltr'><strong>σος</strong></span> <span class='ocrx_word' id='word_1_739' title='bbox 383 5271 565 5327; x_wconf 73' lang='grc' dir='ltr'>ἄδικον</span> <span class='ocrx_word' id='word_1_740' title='bbox 587 5269 856 5344; x_wconf 80' lang='grc' dir='ltr'>ὲμίσησάν</span> <span class='ocrx_word' id='word_1_741' title='bbox 882 5285 970 5341; x_wconf 90' lang='grc' dir='ltr'><strong>με,</strong></span> <span class='ocrx_word' id='word_1_742' title='bbox 986 5266 1160 5337; x_wconf 83' lang='grc' dir='ltr'>φύλαξ</span> <span class='ocrx_word' id='word_1_743' title='bbox 1179 5267 1335 5337; x_wconf 78' lang='grc' dir='ltr'>γενοῦ</span> <span class='ocrx_word' id='word_1_744' title='bbox 1349 5267 1448 5339; x_wconf 79' lang='grc' dir='ltr'><strong>τῆς</strong></span> <span class='ocrx_word' id='word_1_745' title='bbox 1475 5268 1612 5340; x_wconf 77' lang='grc' dir='ltr'><strong>ὲμῆς</strong></span> <span class='ocrx_word' id='word_1_746' title='bbox 1629 5269 1808 5342; x_wconf 76' lang='grc' dir='ltr'>ψυχῆς</span> <span class='ocrx_word' id='word_1_747' title='bbox 1817 5310 1832 5334; x_wconf 61' lang='grc' dir='ltr'>φ</span> 
     </span>
    </p>
   </div>
   <div class='ocr_carea' id='block_1_102' title="bbox 336 5424 878 5491">
    <p class='ocr_par' dir='ltr' id='par_1_102' title="bbox 336 5424 878 5491">
     <span class='ocr_line' id='line_1_102' title="bbox 336 5424 878 5491; baseline -0.004 -11"><span class='ocrx_word' id='word_1_748' title='bbox 336 5428 383 5460; x_wconf 77' lang='grc'><strong>³⁸</strong></span> <span class='ocrx_word' id='word_1_749' title='bbox 432 5424 577 5483; x_wconf 87' lang='lat' dir='ltr'><strong>Psal.</strong></span> <span class='ocrx_word' id='word_1_750' title='bbox 608 5441 713 5481; x_wconf 78' lang='lat' dir='ltr'><strong>va</strong></span> <span class='ocrx_word' id='word_1_751' title='bbox 735 5465 751 5491; x_wconf 92' lang='lat'><strong>,</strong></span> <span class='ocrx_word' id='word_1_752' title='bbox 790 5424 878 5479; x_wconf 76' lang='grc'><strong>12.</strong></span> 
     </span>
    </p>
   </div>
   <div class='ocr_carea' id='block_1_103' title="bbox 337 5575 1819 5654">
    <p class='ocr_par' dir='ltr' id='par_1_103' title="bbox 337 5575 1819 5654">
     <span class='ocr_line' id='line_1_103' title="bbox 337 5575 1819 5654; baseline -0.004 -17"><span class='ocrx_word' id='word_1_753' title='bbox 337 5583 413 5654; x_wconf 79' lang='grc'><strong>(1)</strong></span> <span class='ocrx_word' id='word_1_754' title='bbox 452 5581 718 5654; x_wconf 82' lang='lat' dir='ltr'><strong>Hebraica</strong></span> <span class='ocrx_word' id='word_1_755' title='bbox 749 5588 897 5654; x_wconf 75' lang='lat' dir='ltr'><strong>sunt</strong></span> <span class='ocrx_word' id='word_1_756' title='bbox 926 5586 1174 5654; x_wconf 54' lang='lat' dir='ltr'><strong>fmina</strong></span> <span class='ocrx_word' id='word_1_757' title='bbox 1194 5617 1209 5641; x_wconf 91' lang='lat'><strong>,</strong></span> <span class='ocrx_word' id='word_1_758' title='bbox 1264 5592 1294 5631; x_wconf 84' lang='lat' dir='ltr'><strong>a</strong></span> <span class='ocrx_word' id='word_1_759' title='bbox 1327 5575 1666 5654; x_wconf 83' lang='lat' dir='ltr'><strong>Tbeodoreto</strong></span> <span class='ocrx_word' id='word_1_760' title='bbox 1697 5592 1819 5654; x_wconf 53' lang='grc' dir='ltr'>λιιι-</span> 
     </span>
    </p>
   </div>
   <div class='ocr_carea' id='block_1_104' title="bbox 267 5647 1811 5725">
    <p class='ocr_par' dir='ltr' id='par_1_104' title="bbox 267 5647 1811 5725">
     <span class='ocr_line' id='line_1_104' title="bbox 267 5647 1811 5725; baseline -0.007 -16"><span class='ocrx_word' id='word_1_761' title='bbox 267 5647 379 5709; x_wconf 80' lang='lat' dir='ltr'><strong>tem</strong></span> <span class='ocrx_word' id='word_1_762' title='bbox 397 5647 579 5725; x_wconf 73' lang='lat' dir='ltr'><strong>lectio</strong></span> <span class='ocrx_word' id='word_1_763' title='bbox 628 5651 939 5725; x_wconf 86' lang='lat' dir='ltr'><strong>Symma_c_hi</strong></span> <span class='ocrx_word' id='word_1_764' title='bbox 970 5652 1049 5725; x_wconf 77' lang='lat' dir='ltr'><strong>sic</strong></span> <span class='ocrx_word' id='word_1_765' title='bbox 1073 5651 1297 5725; x_wconf 63' lang='lat' dir='ltr'><strong>affertur</strong></span> <span class='ocrx_word' id='word_1_766' title='bbox 1316 5688 1331 5711; x_wconf 94' lang='lat'><strong>,</strong></span> <span class='ocrx_word' id='word_1_767' title='bbox 1360 5651 1649 5725; x_wconf 68' lang='grc' dir='ltr'>μυστήριον</span> <span class='ocrx_word' id='word_1_768' title='bbox 1697 5647 1811 5725; x_wconf 75' lang='grc' dir='ltr'>Κυ-</span> 
     </span>
    </p>
   </div>
   <div class='ocr_carea' id='block_1_105' title="bbox 272 5715 1813 5797">
    <p class='ocr_par' dir='ltr' id='par_1_105' title="bbox 272 5715 1813 5797">
     <span class='ocr_line' id='line_1_105' title="bbox 272 5715 1813 5797; baseline -0.004 -19"><span class='ocrx_word' id='word_1_769' title='bbox 272 5727 408 5797; x_wconf 87' lang='grc' dir='ltr'>ρίου.</span> <span class='ocrx_word' id='word_1_770' title='bbox 444 5723 575 5791; x_wconf 80' lang='lat' dir='ltr'><strong>Quae</strong></span> <span class='ocrx_word' id='word_1_771' title='bbox 604 5715 807 5796; x_wconf 68' lang='lat' dir='ltr'><strong>pariter</strong></span> <span class='ocrx_word' id='word_1_772' title='bbox 827 5721 1212 5779; x_wconf 83' lang='lat' dir='ltr'><strong>Theodotionis</strong></span> <span class='ocrx_word' id='word_1_773' title='bbox 1240 5715 1371 5775; x_wconf 79' lang='lat' dir='ltr'><strong>esse</strong></span> <span class='ocrx_word' id='word_1_774' title='bbox 1392 5715 1590 5774; x_wconf 84' lang='lat' dir='ltr'><strong>ibidem</strong></span> <span class='ocrx_word' id='word_1_775' title='bbox 1626 5715 1813 5773; x_wconf 80' lang='lat' dir='ltr'><strong>fertur.</strong></span> 
     </span>
    </p>
   </div>
   <div class='ocr_carea' id='block_1_106' title="bbox 1927 4541 3486 4613">
    <p class='ocr_par' dir='ltr' id='par_1_106' title="bbox 1927 4541 3486 4613">
     <span class='ocr_line' id='line_1_106' title="bbox 1927 4541 3486 4613; baseline 0.003 -19"><span class='ocrx_word' id='word_1_776' title='bbox 1927 4542 2159 4611; x_wconf 83' lang='lat' dir='ltr'><strong>imploro</strong></span> <span class='ocrx_word' id='word_1_777' title='bbox 2186 4549 2353 4596; x_wconf 88' lang='lat' dir='ltr'><strong>tuam.</strong></span> <span class='ocrx_word' id='word_1_778' title='bbox 2383 4541 2496 4612; x_wconf 86' lang='lat' dir='ltr'><strong>Ego</strong></span> <span class='ocrx_word' id='word_1_779' title='bbox 2523 4542 2742 4611; x_wconf 88' lang='lat' dir='ltr'><strong>quidem</strong></span> <span class='ocrx_word' id='word_1_780' title='bbox 2764 4542 3142 4611; x_wconf 89' lang='lat' dir='ltr'><strong>memetipsum</strong></span> <span class='ocrx_word' id='word_1_781' title='bbox 3173 4542 3398 4613; x_wconf 76' lang='lat' dir='ltr'><strong>castigo,</strong></span> <span class='ocrx_word' id='word_1_782' title='bbox 3430 4552 3486 4600; x_wconf 91' lang='lat' dir='ltr'><strong>et</strong></span> 
     </span>
    </p>
   </div>
   <div class='ocr_carea' id='block_1_107' title="bbox 1927 4632 3482 4704">
    <p class='ocr_par' dir='ltr' id='par_1_107' title="bbox 1927 4632 3482 4704">
     <span class='ocr_line' id='line_1_107' title="bbox 1927 4632 3482 4704; baseline 0.003 -17"><span class='ocrx_word' id='word_1_783' title='bbox 1927 4632 2086 4703; x_wconf 83' lang='lat' dir='ltr'><strong>quasi</strong></span> <span class='ocrx_word' id='word_1_784' title='bbox 2140 4633 2465 4704; x_wconf 90' lang='lat' dir='ltr'><strong>supplicium</strong></span> <span class='ocrx_word' id='word_1_785' title='bbox 2527 4634 2596 4690; x_wconf 90' lang='lat' dir='ltr'><strong>de</strong></span> <span class='ocrx_word' id='word_1_786' title='bbox 2650 4634 2896 4704; x_wconf 89' lang='lat' dir='ltr'><strong>pristinis</strong></span> <span class='ocrx_word' id='word_1_787' title='bbox 2948 4634 3162 4690; x_wconf 89' lang='lat' dir='ltr'><strong>delictis</strong></span> <span class='ocrx_word' id='word_1_788' title='bbox 3224 4651 3482 4700; x_wconf 88' lang='lat' dir='ltr'><strong>sumens,</strong></span> 
     </span>
    </p>
   </div>
   <div class='ocr_carea' id='block_1_108' title="bbox 1931 4725 3486 4799">
    <p class='ocr_par' dir='ltr' id='par_1_108' title="bbox 1931 4725 3486 4799">
     <span class='ocr_line' id='line_1_108' title="bbox 1931 4725 3486 4799; baseline 0.003 -20"><span class='ocrx_word' id='word_1_789' title='bbox 1931 4725 2168 4781; x_wconf 90' lang='lat' dir='ltr'><strong>ulciscor</strong></span> <span class='ocrx_word' id='word_1_790' title='bbox 2200 4726 2501 4797; x_wconf 90' lang='lat' dir='ltr'><strong>meipsmn,</strong></span> <span class='ocrx_word' id='word_1_791' title='bbox 2555 4741 2641 4782; x_wconf 90' lang='lat' dir='ltr'><strong>me</strong></span> <span class='ocrx_word' id='word_1_792' title='bbox 2681 4727 2952 4797; x_wconf 89' lang='lat' dir='ltr'><strong>abjectum</strong></span> <span class='ocrx_word' id='word_1_793' title='bbox 2999 4726 3277 4782; x_wconf 90' lang='lat' dir='ltr'><strong>laboribus</strong></span> <span class='ocrx_word' id='word_1_794' title='bbox 3322 4737 3486 4799; x_wconf 91' lang='lat' dir='ltr'><strong>atque</strong></span> 
     </span>
    </p>
   </div>
   <div class='ocr_carea' id='block_1_109' title="bbox 1930 4815 3485 4889">
    <p class='ocr_par' dir='ltr' id='par_1_109' title="bbox 1930 4815 3485 4889">
     <span class='ocr_line' id='line_1_109' title="bbox 1930 4815 3485 4889; baseline 0.002 -19"><span class='ocrx_word' id='word_1_795' title='bbox 1930 4815 2188 4870; x_wconf 65' lang='lat' dir='ltr'><strong>aerumnis</strong></span> <span class='ocrx_word' id='word_1_796' title='bbox 2224 4817 2516 4872; x_wconf 84' lang='lat' dir='ltr'><strong>constituo.</strong></span> <span class='ocrx_word' id='word_1_797' title='bbox 2545 4816 2627 4872; x_wconf 86' lang='lat' dir='ltr'><strong>Tu</strong></span> <span class='ocrx_word' id='word_1_798' title='bbox 2647 4832 2796 4881; x_wconf 87' lang='lat' dir='ltr'><strong>vero,</strong></span> <span class='ocrx_word' id='word_1_799' title='bbox 2821 4816 2984 4880; x_wconf 88' lang='lat' dir='ltr'><strong>Deus.</strong></span> <span class='ocrx_word' id='word_1_800' title='bbox 3016 4833 3116 4874; x_wconf 91' lang='lat' dir='ltr'><strong>ceu</strong></span> <span class='ocrx_word' id='word_1_801' title='bbox 3152 4820 3277 4889; x_wconf 89' lang='lat' dir='ltr'><strong>quis</strong></span> <span class='ocrx_word' id='word_1_802' title='bbox 3308 4827 3485 4874; x_wconf 84' lang='lat' dir='ltr'><strong>certa-</strong></span> 
     </span>
    </p>
   </div>
   <div class='ocr_carea' id='block_1_110' title="bbox 1933 4907 3486 4980">
    <p class='ocr_par' dir='ltr' id='par_1_110' title="bbox 1933 4907 3486 4980">
     <span class='ocr_line' id='line_1_110' title="bbox 1933 4907 3486 4980; baseline 0.003 -18"><span class='ocrx_word' id='word_1_803' title='bbox 1933 4907 2140 4963; x_wconf 90' lang='lat' dir='ltr'><strong>minum</strong></span> <span class='ocrx_word' id='word_1_804' title='bbox 2168 4909 2478 4979; x_wconf 65' lang='lat' dir='ltr'><strong>praefectus,</strong></span> <span class='ocrx_word' id='word_1_805' title='bbox 2511 4916 2565 4965; x_wconf 88' lang='lat' dir='ltr'><strong>et</strong></span> <span class='ocrx_word' id='word_1_806' title='bbox 2594 4925 2829 4980; x_wconf 79' lang='lat' dir='ltr'><strong>pugnam</strong></span> <span class='ocrx_word' id='word_1_807' title='bbox 2859 4918 2913 4966; x_wconf 92' lang='lat' dir='ltr'><strong>et</strong></span> <span class='ocrx_word' id='word_1_808' title='bbox 2935 4912 3149 4968; x_wconf 88' lang='lat' dir='ltr'><strong>labores</strong></span> <span class='ocrx_word' id='word_1_809' title='bbox 3174 4927 3323 4968; x_wconf 90' lang='lat' dir='ltr'><strong>meos</strong></span> <span class='ocrx_word' id='word_1_810' title='bbox 3352 4927 3486 4967; x_wconf 91' lang='lat' dir='ltr'><strong>con-</strong></span> 
     </span>
    </p>
   </div>
   <div class='ocr_carea' id='block_1_111' title="bbox 1926 4997 3483 5068">
    <p class='ocr_par' dir='ltr' id='par_1_111' title="bbox 1926 4997 3483 5068">
     <span class='ocr_line' id='line_1_111' title="bbox 1926 4997 3483 5068; baseline 0.001 -19"><span class='ocrx_word' id='word_1_811' title='bbox 1926 4997 2251 5067; x_wconf 89' lang='lat' dir='ltr'><strong>templatus,</strong></span> <span class='ocrx_word' id='word_1_812' title='bbox 2282 5000 2495 5054; x_wconf 89' lang='lat' dir='ltr'><strong>veniam</strong></span> <span class='ocrx_word' id='word_1_813' title='bbox 2527 5013 2743 5068; x_wconf 59' lang='lat' dir='ltr'><strong>quaeso,</strong></span> <span class='ocrx_word' id='word_1_814' title='bbox 2785 5000 3052 5057; x_wconf 86' lang='lat' dir='ltr'><strong>scelerum</strong></span> <span class='ocrx_word' id='word_1_815' title='bbox 3100 5000 3404 5066; x_wconf 89' lang='lat' dir='ltr'><strong>concedito,</strong></span> <span class='ocrx_word' id='word_1_816' title='bbox 3431 5007 3483 5054; x_wconf 90' lang='lat' dir='ltr'><strong>et</strong></span> 
     </span>
    </p>
   </div>
   <div class='ocr_carea' id='block_1_112' title="bbox 1927 5086 3480 5157">
    <p class='ocr_par' dir='ltr' id='par_1_112' title="bbox 1927 5086 3480 5157">
     <span class='ocr_line' id='line_1_112' title="bbox 1927 5086 3480 5157; baseline 0 -17"><span class='ocrx_word' id='word_1_817' title='bbox 1927 5101 2266 5157; x_wconf 80' lang='lat' dir='ltr'><strong>quaecunque</strong></span> <span class='ocrx_word' id='word_1_818' title='bbox 2293 5087 2350 5141; x_wconf 87' lang='lat' dir='ltr'><strong>in</strong></span> <span class='ocrx_word' id='word_1_819' title='bbox 2388 5087 2628 5157; x_wconf 89' lang='lat' dir='ltr'><strong>peccatis</strong></span> <span class='ocrx_word' id='word_1_820' title='bbox 2671 5087 2814 5143; x_wconf 90' lang='lat' dir='ltr'><strong>edidi</strong></span> <span class='ocrx_word' id='word_1_821' title='bbox 2858 5089 3138 5144; x_wconf 88' lang='lat' dir='ltr'><strong>remittito.</strong></span> <span class='ocrx_word' id='word_1_822' title='bbox 3172 5086 3278 5145; x_wconf 88' lang='lat' dir='ltr'><strong>Sed</strong></span> <span class='ocrx_word' id='word_1_823' title='bbox 3318 5087 3480 5143; x_wconf 90' lang='lat' dir='ltr'><strong>etiam</strong></span> 
     </span>
    </p>
   </div>
   <div class='ocr_carea' id='block_1_113' title="bbox 1929 5178 3480 5250">
    <p class='ocr_par' dir='ltr' id='par_1_113' title="bbox 1929 5178 3480 5250">
     <span class='ocr_line' id='line_1_113' title="bbox 1929 5178 3480 5250; baseline -0.003 -18"><span class='ocrx_word' id='word_1_824' title='bbox 1929 5179 2182 5235; x_wconf 89' lang='lat' dir='ltr'><strong>inimicos</strong></span> <span class='ocrx_word' id='word_1_825' title='bbox 2231 5193 2380 5235; x_wconf 90' lang='lat' dir='ltr'><strong>meos</strong></span> <span class='ocrx_word' id='word_1_826' title='bbox 2414 5178 2784 5249; x_wconf 88' lang='lat' dir='ltr'><strong>conspicatus,</strong></span> <span class='ocrx_word' id='word_1_827' title='bbox 2816 5188 2949 5250; x_wconf 89' lang='lat' dir='ltr'><strong>quot</strong></span> <span class='ocrx_word' id='word_1_828' title='bbox 2984 5178 3230 5235; x_wconf 88' lang='lat' dir='ltr'><strong>videlicet</strong></span> <span class='ocrx_word' id='word_1_829' title='bbox 3256 5190 3480 5233; x_wconf 88' lang='lat' dir='ltr'><strong>numero</strong></span> 
     </span>
    </p>
   </div>
   <div class='ocr_carea' id='block_1_114' title="bbox 1925 5269 3476 5343">
    <p class='ocr_par' dir='ltr' id='par_1_114' title="bbox 1925 5269 3476 5343">
     <span class='ocr_line' id='line_1_114' title="bbox 1925 5269 3476 5343; baseline -0.003 -19"><span class='ocrx_word' id='word_1_830' title='bbox 1925 5269 2153 5327; x_wconf 89' lang='lat' dir='ltr'><strong>insidias</strong></span> <span class='ocrx_word' id='word_1_831' title='bbox 2178 5269 2312 5326; x_wconf 87' lang='lat' dir='ltr'><strong>mihi</strong></span> <span class='ocrx_word' id='word_1_832' title='bbox 2343 5277 2553 5341; x_wconf 86' lang='lat' dir='ltr'><strong>parent,</strong></span> <span class='ocrx_word' id='word_1_833' title='bbox 2587 5277 2643 5326; x_wconf 89' lang='lat' dir='ltr'><strong>et</strong></span> <span class='ocrx_word' id='word_1_834' title='bbox 2677 5271 2823 5343; x_wconf 85' lang='lat' dir='ltr'><strong>quod</strong></span> <span class='ocrx_word' id='word_1_835' title='bbox 2857 5286 2943 5327; x_wconf 89' lang='lat' dir='ltr'><strong>me</strong></span> <span class='ocrx_word' id='word_1_836' title='bbox 2974 5272 3100 5327; x_wconf 91' lang='lat' dir='ltr'><strong>odio</strong></span> <span class='ocrx_word' id='word_1_837' title='bbox 3132 5270 3317 5340; x_wconf 88' lang='lat' dir='ltr'><strong>iniquo</strong></span> <span class='ocrx_word' id='word_1_838' title='bbox 3359 5280 3476 5337; x_wconf 85' lang='lat' dir='ltr'><strong>per-</strong></span> 
     </span>
    </p>
   </div>
   <div class='ocr_carea' id='block_1_115' title="bbox 1922 5575 3483 5645">
    <p class='ocr_par' dir='ltr' id='par_1_115' title="bbox 1922 5575 3483 5645">
     <span class='ocr_line' id='line_1_115' title="bbox 1922 5575 3483 5645; baseline 0.006 -16"><span class='ocrx_word' id='word_1_839' title='bbox 1922 5575 2032 5631; x_wconf 89' lang='lat' dir='ltr'><strong>Nos</strong></span> <span class='ocrx_word' id='word_1_840' title='bbox 2056 5578 2322 5633; x_wconf 85' lang='lat' dir='ltr'><strong>saniorem</strong></span> <span class='ocrx_word' id='word_1_841' title='bbox 2348 5579 2633 5637; x_wconf 85' lang='lat' dir='ltr'><strong>lectionem</strong></span> <span class='ocrx_word' id='word_1_842' title='bbox 2660 5595 2725 5637; x_wconf 83' lang='lat' dir='ltr'><strong>ex</strong></span> <span class='ocrx_word' id='word_1_843' title='bbox 2753 5597 2887 5638; x_wconf 89' lang='lat' dir='ltr'><strong>mss.</strong></span> <span class='ocrx_word' id='word_1_844' title='bbox 2918 5578 3188 5645; x_wconf 88' lang='lat' dir='ltr'><strong>omnibus,</strong></span> <span class='ocrx_word' id='word_1_845' title='bbox 3250 5593 3361 5635; x_wconf 86' lang='lat' dir='ltr'><strong>uno</strong></span> <span class='ocrx_word' id='word_1_846' title='bbox 3383 5595 3483 5638; x_wconf 76' lang='lat' dir='ltr'><strong>ex-</strong></span> 
     </span>
    </p>
   </div>
   <div class='ocr_carea' id='block_1_116' title="bbox 1924 5655 2478 5719">
    <p class='ocr_par' dir='ltr' id='par_1_116' title="bbox 1924 5655 2478 5719">
     <span class='ocr_line' id='line_1_116' title="bbox 1924 5655 2478 5719; baseline 0.005 -18"><span class='ocrx_word' id='word_1_847' title='bbox 1924 5655 2106 5719; x_wconf 82' lang='lat' dir='ltr'><strong>cepto,</strong></span> <span class='ocrx_word' id='word_1_848' title='bbox 2146 5656 2478 5705; x_wconf 88' lang='lat' dir='ltr'><strong>mutuamur.</strong></span> 
     </span>
    </p>
   </div>
  </div>
