3980 6214
425 310 525 365 ΞΜ

1132 304 1394 364 EUSEBII
1427 302 1902 361 CESARIENSlS
1933 305 2084 363 OPP.
2125 306 2303 364 PARS
2341 305 2506 364 lll.-——
2541 306 2951 363 EXEGETICA.

3544 307 3654 360 9.32

441 435 765 496 sequantur,
795 430 984 482 custos
1013 431 1129 479 esto
1160 423 1353 478 animae
1399 438 1552 488 meae,
1593 431 1648 478 et
1695 422 1765 478 ab
1813 423 1996 479 inimi-

2106 426 2188 479 καὶ
2213 426 2373 498 ῥῦσαί
2405 443 2472 497 με
2507 427 2606 497 τῆς
2626 427 2734 480 τῶν
2764 427 3038 499 πολεμίων
3065 423 3371 494 ἐπιϐουλῆς.
3405 421 3655 475 Τοσαῦτα

432 533 624 574 corum
677 517 892 573 insidiis
937 533 1066 574 erue
1113 531 1219 573 me.
1259 515 1356 572 His
1400 531 1564 587 porro
1610 521 1810 586 gestis,
1860 518 1987 572 tali-

435 611 645 680 busque
676 610 931 680 precibus
970 608 1220 672 emissis,
1267 623 1336 662 ne
1383 607 1688 663 confundar
1733 607 1985 679 efﬂagito.

429 701 566 756 Cum
599 702 743 758 enim
774 711 827 757 te
856 717 1006 772 spem
1038 716 1214 755 meam
1247 701 1642 766 constituerim,
1676 703 1842 770 probe
1875 702 1988 756 scio

432 811 495 850 ac
526 811 844 866 persuasum
875 796 1069 856 habeo,
1104 795 1247 863 quod
1286 812 1412 866 spes
1436 811 1543 851 non
1607 796 1925 850 confundat.

504 888 670 944 Vens.
721 890 784 942 ει
817 929 831 952 ,
878 887 969 942 92.
1022 887 1327 941 Innocentes
1384 897 1432 941 et
1482 888 1610 941 recti
1661 888 1991 942 adltteserunt

436 982 582 1045 mihi,
616 983 738 1052 quia
774 981 1000 1035 sustinui
1047 991 1110 1035 te.
1149 979 1360 1044 Libera,
1395 980 1554 1045 Deus,
1589 979 1762 1034 Israel
1791 996 1854 1034 ea:
1883 997 1996 1034 om-

437 1074 588 1130 nibus
619 1073 1050 1126 tribulationibus
1083 1074 1213 1126 suis.
1247 1071 1359 1127 lloc
1392 1088 1422 1125 a
1454 1089 1539 1128 me
1581 1081 1790 1143 gestum
1833 1088 1992 1142 opus,

437 1181 559 1219 cum
604 1167 813 1220 caneris
869 1165 1146 1228 collatum,
1199 1179 1553 1234 permagnum
1605 1163 1728 1229 fuit,
1788 1165 1997 1234 tibique

439 1258 547 1314 Deo
579 1265 860 1328 acceptum
886 1275 899 1323 ;
934 1257 1119 1310 multis
1149 1257 1294 1310 enim
1322 1258 1627 1325 exemplum
1672 1257 1992 1323 tolerantia),

438 1353 560 1405 vitae
602 1349 806 1420 probze,
855 1347 1189 1418 pmnitentia:
1241 1356 1296 1402 et
1351 1346 1715 1403 confessionis
1768 1349 1993 1403 exstiti:

439 1448 768 1510 quaprOpter
811 1439 1130 1492 innocentes
1163 1446 1215 1492 et
1260 1439 1391 1492 recti
1442 1437 1544 1491 viri
1579 1438 1710 1492 mihi
1745 1454 1843 1492 ceu
1875 1439 1998 1509 glu-

438 1530 552 1584 tine
604 1529 882 1598 conjuncti
926 1529 1289 1592 adltzeserunt,
1337 1544 1624 1599 meumque
1666 1531 1998 1583 consortium

440 1620 853 1690 expetiverunt;
881 1620 1027 1674 nulla
1059 1635 1191 1674 sane
1220 1620 1321 1672 alia
1352 1619 1418 1674 de
1451 1634 1638 1683 causa,
1682 1634 1842 1690 quam
1873 1619 2000 1688 quia

449 1714 850 1784 perseverando
879 1712 1138 1777 sustinui,
1170 1720 1224 1765 et
1255 1710 1384 1764 nihil
1409 1725 1514 1764 non
1540 1725 1830 1779 perpessus
1857 1725 1999 1774 sum,

2091 519 2148 571 δὲ
2180 518 2390 589 πράξας
2446 520 2538 573 καὶ
2578 519 2813 573 τοσαῦτα
2837 519 3068 590 δεηθεὶς,
3095 520 3167 590 μὴ
3200 515 3654 586 καταισχυνθήισι

2093 610 2247 677 ἀξιῶ.
2279 611 2346 664 Σὲ
2372 612 2479 683 γάρ
2501 612 2688 664 ἐλπίδα
2731 613 2966 684 ἐμαυτοῦ
2991 612 3232 684 θέμενος,
3269 609 3509 680 ἀκριϐῶς
3539 603 3658 662 οἶδα

2094 703 2188 756 καὶ
2208 702 2530 775 πέπεισμαι,
2553 705 2634 757 ὅτι
2668 706 2702 775 ἡ
2738 705 2889 769 ἐλπὶς
2917 705 2976 758 οὺ
3007 702 3375 774 καταισχύνει.

2170 889 2401 942 Ἀκακοι
2426 886 2521 940 καὶ
2539 886 2732 953 εὐθεῖς
2761 885 3102 941 ὲκολλῶντό
3113 905 3234 956 μοι,
3257 887 3345 941 ὅτι
3368 887 3661 958 ὑπέμεινά

2095 995 2188 1034 σε.
2243 981 2570 1048 Λύτρωσαι,
2617 983 2649 1034 ὁ
2691 979 2853 1046 Θεὸς,
2893 979 3000 1032 τὸν
3053 979 3288 1048 Ἰσραὴλ
3331 981 3402 1034 ἐκ
3447 980 3662 1034 πασῶν

2097 1071 2214 1126 τῶν
2233 1074 2497 1141 θλίψεων
2515 1072 2719 1126 αὐτοῦ.
2747 1074 2857 1126 Καὶ
2883 1073 3040 1126 τοῦτό
3069 1091 3156 1144 μοι
3185 1076 3319 1147 πρὸς
3345 1079 3456 1139 τοῖς
3482 1077 3663 1141 ἄλλοις

2099 1163 2479 1234 κατορθώμασι
2534 1165 2678 1234 μέγα
2725 1163 2952 1235 ὑπῆρξε,
2990 1165 3084 1218 καὶ
3115 1166 3196 1218 σοὶ
3224 1166 3300 1236 τῷ
3323 1166 3441 1237 Θεῷ
3473 1168 3660 1238 φίλονο

2103 1257 2316 1320 πολλοῖς
2353 1256 2460 1328 γὰρ
2515 1256 2772 1325 ἐγινόμην
2808 1256 3166 1328 ὑπογραμμὸς
3202 1258 3514 1330 καρτερίας,
3545 1258 3664 1329 βίου

2099 1367 2158 1404 τε
2223 1349 2417 1420 σεμνοῦ
2468 1350 2561 1402 καὶ
2603 1349 2884 1419 μετανοίας
2937 1350 3029 1403 καὶ
3076 1349 3540 1423 ἐξομολογήσεως·
3581 1352 3663 1406 διὸ

2099 1445 2293 1498 ἄκακοι
2323 1442 2510 1514 ἄνδρες
2535 1445 2626 1495 καὶ
2652 1444 2826 1508 εὐθεῖς
2852 1443 3180 1514 συνήπτοντό
3203 1461 3291 1514 μοι
3313 1443 3663 1516 κολλώμενοι,

2101 1535 2195 1588 καὶ
2222 1534 2480 1605 συμϐιοῦν
2504 1532 2796 1599 ἀξιοῦντες,
2822 1535 2885 1588 δι’
2913 1535 3060 1588 οὐδὲν
3089 1534 3273 1606 ἕτερον
3294 1536 3326 1606 ἥ
3347 1537 3427 1588 ὅτι
3457 1537 3663 1607 ὑπέμε-

2103 1647 2192 1682 νον
2216 1629 2515 1700 καρτερῶν,
2556 1629 2648 1682 καί
2680 1629 2855 1682 πάντα
2878 1628 3167 1700 ὑπέφερον,
3202 1629 3259 1682 σὲ
3297 1629 3393 1700 τὴν
3427 1631 3666 1700 ἐμαυτοῦ

2104 1721 2290 1776 ἐλπίδα
2341 1720 2795 1792 προϐεϐλημένος.
2860 1720 3081 1783 Τούτοις
3141 1719 3342 1776 ἅπασιν
3393 1722 3664 1791 ἐπιλέγειο

442 1805 586 1874 quod
617 1813 670 1859 te
702 1820 849 1874 spem
882 1820 1054 1857 meam
1087 1803 1482 1858 constituerim.
1517 1799 1612 1857 llis
1650 1803 1762 1857 haec
1796 1802 1998 1857 subne»

2106 1817 2423 1884 Λύτρωσαι,
2469 1817 2501 1867 ό
2562 1813 2722 1880 Θεὸς,
2767 1813 2874 1867 τὸν
2918 1812 3152 1881 Ἰσραὴλ
3193 1814 3260 1867 ἐκ
3302 1814 3511 1869 πασῶν
3549 1815 3665 1869 τῶν

444 1900 562 1962 ctit,
580 1894 786 1960 Libera,
821 1897 979 1962 Deus,
1016 1894 1188 1948 Israel
1215 1909 1278 1949 ex
1307 1893 1544 1949 omnibus
1576 1893 1998 1949 tribulationibus

442 1991 584 2044 suis:
616 2004 735 2043 sese
769 1988 976 2043 scilicet
1019 1986 1272 2041 lsraelem
1304 1986 1374 2039 ob
1408 1987 1658 2055 superius
1705 1992 2001 2041 memorata

454 2087 607 2150 gesta
633 2085 934 2146 nuncupat.
965 2075 1114 2131 Talis
1153 2077 1296 2132 enim
1324 2084 1407 2132 est
1434 2077 1682 2146 quisquis
1709 2077 1776 2130 ab
1810 2077 2004 2130 anima:

441 2188 556 2228 su.e
602 2169 913 2225 conditione
965 2169 1178 2224 lsraelis
1211 2183 1408 2222 nomen
1468 2169 1695 2222 obtinet.
1743 2167 1851 2222 Aut
1897 2167 2003 2220 alia

444 2261 672 2327 ratione,
707 2273 830 2314 cum
881 2260 954 2312 ita
984 2259 1269 2312 institutus
1301 2259 1393 2322 sit,
1450 2265 1509 2311 ut
1551 2273 1660 2311 non
1707 2257 1792 2312 sui
1832 2256 2004 2312 solius

443 2354 747 2410 custodiam
779 2359 951 2422 gerat,
985 2360 1076 2405 aut
1123 2351 1207 2405 sui
1245 2358 1458 2404 tantum
1490 2352 1778 2416 sollicitus,
1819 2367 1918 2422 pro
1946 2367 2005 2407 se

445 2447 564 2504 solo
595 2445 760 2500 Deum
794 2453 1077 2514 precetur;
1105 2452 1224 2511 post
1268 2457 1380 2496 rem
1412 2442 1548 2497 bene
1576 2453 1806 2512 gestam,
1854 2449 2006 2511 post-

446 2552 607 2607 quam
657 2549 755 2590 sua
801 2540 948 2588 recte
1001 2532 1330 2602 composuit,
1371 2548 1469 2602 pro
1514 2534 1768 2587 universo
1805 2532 2006 2604 populo

447 2625 540 2682 Dei
576 2624 999 2694 supplicationes
1037 2624 1256 2687 emittit,
1298 2631 1584 2693 rogatque,
1628 2633 1710 2688 ut,
1746 2624 2006 2693 quemad-

448 2719 668 2773 modum
715 2733 775 2771 se
808 2716 1037 2770 antehac
1087 2731 1152 2770 ex
1187 2717 1445 2788 terumnis
1486 2725 1542 2771 et
1589 2719 1853 2788 angustiis
1897 2717 2002 2773 eri.

449 2825 575 2881 pere
623 2808 875 2880 dignatus
922 2817 1027 2870 est,
1077 2806 1130 2859 id
1171 2806 1348 2874 ipsum
1385 2815 1510 2876 agat
1538 2822 1666 2876 erga
1698 2815 1875 2862 totum
1913 2807 2007 2863 Dei

449 2904 730 2978 p0pulum,
781 2903 876 2972 qui
923 2899 1257 2970 intelligendi
1305 2899 1543 2970 quadam
1593 2901 1805 2958 ratione
1840 2901 2008 2960 Israel

453 3002 819 3067 nuncupatur.
834 3035 854 3048 κ

850 3103 1174 3160 PSALMUS
1207 3103 1410 3158 DAVID
1434 3103 1599 3160 XXV.

2101 1909 2363 1976 θλίψεων
2383 1907 2566 1961 αὐτοῦ
2585 1924 2598 1937 °
2627 1909 2744 1977 ἦτοι
2779 1906 2938 1969 αὐτὸς
2956 1906 3148 1960 ἐαυτὸν
3181 1905 3667 1978 ἐξομολογούμενος

2109 2001 2320 2073 Ἰσραήλ
2347 1999 2622 2071 ὀνομάζων
2654 2000 2741 2054 διὰ
2764 1999 2832 2052 τά
2862 1999 3226 2070 προλεχθέντα
3264 1999 3427 2053 αὑτοῦ
3466 2019 3668 2072 κατορ-

2103 2090 2327 2162 θώματα
2347 2108 2360 2122 °
2388 2091 2625 2155 τοιοῦτος
2645 2091 2753 2160 γάρ
2789 2092 2935 2143 ἐστιν
2972 2093 3000 2142 6
3045 2090 3184 2142 κατὰ
3225 2089 3400 2160 ψυχὴν
3429 2091 3665 2162 Ἰσραήλ.

2105 2181 2178 2234 ’Ἡ
2210 2181 2402 2246 ἄλλως,
2430 2181 2811 2251 διδασκόμενος
2851 2180 2924 2251 μὴ
2956 2181 3145 2234 ἑαυτὸν
3177 2181 3334 2249 μόνον
3360 2181 3668 2250 φυλάττειν,

2106 2274 2238 2346 μηδὲ
2275 2273 2422 2345 αὑτῷ
2451 2273 2594 2344 μόνῳ
2639 2272 2976 2335 σπουδάζειν,
3005 2274 3098 2325 καὶ¹
3127 2272 3253 2341 περὶ
3294 2272 3450 2342 μόνου
3477 2274 3668 2327 ἐαυτοῦ

2102 2370 2192 2421 τὸν
2240 2367 2370 2420 Θεὸν
2423 2365 2680 2418 ἱκετεύειν
2705 2382 2718 2395 ·
2754 2365 2890 2436 μετὰ
2925 2365 2980 2418 δὲ
3019 2364 3079 2416 τὸ
3107 2363 3447 2435 κατορθῶσαι
3480 2366 3573 2418 καὶ
3605 2362 3668 2421 εὖ

2103 2457 2170 2510 τά
2198 2457 2318 2510 καθ’
2342 2457 2531 2510 ἐαυτὸν
2571 2454 2863 2520 διαθέσθαι,
2901 2454 3039 2524 ὑπὲρ
3067 2451 3160 2506 τοῦ
3197 2454 3394 2517 παντὸς
3419 2455 3546 2508 λαοῦ
3571 2456 3669 2510 τοῦ

2104 2547 2237 2600 Θεοῦ
2287 2547 2385 2609 τὰς
2430 2545 2796 2616 παρακλήσεις
2826 2544 3133 2615 ἀναπέμπει
3157 2561 3170 2575 ο
3227 2545 3454 2599 ἱκετεύει
3489 2564 3567 2610 τε,
3601 2549 3670 2601 ἵν’

2105 2639 2251 2694 ὥσπε
2261 2658 2292 2712 ρ
2316 2640 2568 2712 ἀνωτέρω
2599 2639 2788 2692 ἐαυτὸν
2808 2637 2958 2709 ἠξίου
2991 2639 3248 2710 ρυσθῆναι
3281 2641 3387 2693 ἀπὸ
3410 2641 3514 2694 τῶν
3537 2644 3669 2695 έαυ-

2105 2741 2198 2794 τοῦ
2250 2739 2516 2810 θλίψεων,
2560 2740 2700 2793 οὕτω
2753 2741 2846 2794 καὶ
2905 2740 3080 2794 πάντα
3121 2741 3213 2794 τὸν
3244 2740 3340 2794 τοῦ
3372 2739 3501 2794 Θεοῦ
3532 2737 3664 2791 λαὸν

2107 2831 2250 2887 κατά
2279 2832 2515 2887 διάνοιαν
2559 2832 2772 2905 Ἰσραήλ
2802 2831 3216 2905 ὀνομαζόμενον.

2493 3085 2786 3139 ΨΑΛΜΟΣ
2809 3085 2894 3138 ΤΩ
2929 3084 3128 3137 ΔΑΥΙΔ
3156 3085 3285 3139 ΚΕ’.

520 3196 686 3252 Vens.
707 3196 758 3249 i.
781 3193 976 3249 Judica
1026 3211 1124 3258 me,
1174 3193 1409 3259 Domine,
1449 3194 1695 3264 quoniam
1725 3211 1817 3265 ego
1845 3196 1898 3249 in
1931 3197 2004 3250 in-

2181 3179 2398 3248 Κρῒνόν
2417 3195 2512 3248 με,
2546 3179 2741 3246 Κύριε.
2769 3177 2856 3231 ὅτι
2879 3177 2993 3246 ἐγὼ
3025 3178 3094 3230 ἐν
3129 3177 3346 3246 ἀκακία
3377 3194 3494 3247 μου
3534 3175 3672 3231 ἐπο-

451 3287 691 3344 rtocentia
717 3301 832 3340 mea
869 3301 1174 3355 progressus
1207 3299 1344 3346 sum,
1374 3292 1422 3336 et
1451 3283 1505 3336 in
1546 3281 1770 3336 Domino
1800 3299 2012 3352 sperans

453 3399 557 3438 non
574 3379 946 3438 commovebar.
970 3377 1221 3433 Fortasse
1249 3377 1518 3447 quispiam
1543 3376 1657 3430 haec
1669 3375 1812 3430 dicta
1826 3376 2013 3432 Davidi

453 3475 697 3532 referens
727 3474 971 3545 apposite
1001 3471 1219 3535 dixerit,
1249 3471 1427 3541 ipsum
1454 3469 1726 3540 supplices
1753 3467 1864 3523 Deo
1887 3484 2012 3540 pre-

453 3584 546 3626 ces
569 3566 842 3624 ell‘undere
872 3580 970 3635 pro
998 3565 1107 3620 vita
1136 3577 1252 3618 sua.
1295 3560 1428 3616 Nam
1458 3577 1582 3616 cum
1621 3571 1845 3617 sanctus
1869 3562 2015 3633 Apo-

456 3660 629 3715 stolus
659 3657 804 3712 dicat
831 3675 844 3712 :
873 3655 1088 3725 Oportet
1109 3656 1338 3724 primum
1366 3655 1599 3708 omnium
1627 3654 1745 3724 ﬁeri
1775 3654 2015 3709 obsecra-

457 3751 640 3812 tiones,
663 3749 946 3810 orationes,
964 3745 1361 3814 postulationes,
1383 3745 1677 3814 gratiarum
1690 3746 1920 3799 actiones
1935 3746 2010 3813 '7;

457 3855 522 3894 ac
571 3838 828 3909 praedicta
877 3838 932 3890 in
980 3844 1214 3905 quatuor
1250 3835 1461 3904 species
1505 3835 1866 3902 distribuerit,
1919 3851 2016 3906 par

456 3939 540 3988 est
569 3945 668 3984 nos
702 3944 763 3982 ea
786 3941 905 3998 quae
933 3927 986 3980 in
1012 3926 1343 3995 psalmorum
1383 3925 1523 3980 libro
1563 3924 1812 3980 feruntur
1834 3937 2014 3982 mente

459 4021 819 4094 perpendere,
870 4026 1032 4088 atque
1073 4017 1316 4072 indicare
1343 4017 1566 4086 quinam
1618 4033 1808 4073 eorum
1855 4019 2013 4076 obse-

458 4115 752 4177 crationes,
785 4112 878 4183 qui
920 4111 1217 4172 orationes,
1249 4110 1340 4180 qui
1386 4111 1803 4189 postulationes,
1835 4115 2014 4167 maxi-

458 4221 651 4278 meque
693 4205 786 4276 qui
833 4205 1130 4276 gratiarum
1164 4202 1407 4256 actiones
1455 4200 1785 4272 praeferant:
1817 4203 2014 4273 quidve

458 4301 606 4356 aliud
644 4301 712 4354 ab
746 4298 854 4353 alio
886 4295 1121 4362 differat,
1150 4303 1310 4366 atque
1339 4311 1402 4350 ex
1442 4301 1554 4349 toto
1584 4294 1915 4364 psalmorum
1952 4296 2014 4350 li-

459 4395 560 4450 bro
589 4406 751 4463 supra
780 4390 1052 4445 dictorum
1083 4387 1439 4459 proprietates
1469 4385 1726 4457 seligere;
1757 4394 1837 4450 ut,
1865 4387 2012 4442 verbi

459 4501 644 4552 causa,
673 4483 1102 4548 obsecrationes,
1133 4497 1199 4535 ex
1229 4481 1296 4535 iis
1325 4479 1551 4552 psalmis
1581 4480 1674 4551 qui
1713 4479 2014 4535 invocatio-

457 4595 556 4635 nes
599 4588 652 4634 et
709 4577 1132 4648 supplicationes
1191 4575 1645 4646 complectuntur,
1708 4574 1762 4628 in
1817 4574 2014 4645 quibus

457 4679 673 4726 exstant
710 4672 871 4725 etiam
913 4667 1321 4731 confessiones;
1371 4667 1548 4737 qualis
1599 4677 1682 4723 est
1719 4667 2012 4736 vigesimus

458 4768 686 4833 quartus
724 4761 984 4830 psalmus,
1017 4759 1110 4829 qui
1141 4772 1313 4827 neque
1355 4757 1648 4820 canticum,
1675 4772 1850 4825 neque
1869 4757 2014 4825 psal—

459 4869 601 4916 mus,
638 4866 812 4922 neque
842 4850 1096 4922 hymnus,
1138 4863 1315 4919 neque
1357 4847 1534 4903 simile
1572 4847 1870 4918 quidpiam,
1913 4849 2008 4903 sed

458 4943 646 5000 Davidi
675 4945 852 4999 solum
879 4943 1213 4998 inscribitur.
1245 4941 1532 4996 Orationes
1561 4947 1708 5005 sunt,
1747 4948 2012 5012 quotquot

461 5035 652 5108 psalmi
685 5037 738 5089 in
769 5035 927 5090 titulo
955 5034 1231 5090 orationes
1261 5034 1550 5096 dicuntur;
1584 5032 1891 5101 cujusmodi
1931 5041 2015 5088 est

459 5127 702 5182 decimus
731 5136 941 5192 sextus,
973 5127 1336 5196 octogesimus
1368 5126 1614 5195 quintus,
1645 5124 2014 5194 octogesimus

461 5236 659 5284 nonus,
707 5220 1038 5276 centesimus
1080 5219 1310 5288 primus,
1355 5218 1683 5272 centesimus
1713 5219 2013 5288 quadrage-

463 5315 633 5375 simus
672 5312 901 5383 primus.
949 5311 1258 5366 Gratiarum
1300 5310 1543 5365 actiones
1589 5318 1736 5376 sunt,
1767 5311 1860 5379 qui
1894 5309 2011 5379 pani

461 5407 674 5461 ratione
701 5419 763 5458 ac
793 5403 1124 5458 centesimus
1155 5400 1426 5457 secundus
1448 5399 1742 5469 conscripti
1777 5408 1926 5461 sunt,
1956 5401 2010 5453 in

461 5513 569 5567 quo
608 5499 689 5554 sic
731 5496 967 5567 legitur:
993 5492 1236 5556 Benedic,
1285 5491 1468 5545 anima
1498 5507 1632 5557 mea,
1684 5489 1933 5552 Domino,
1961 5499 2011 5544 et

461 5591 570 5644 noli
625 5588 860 5644 oblivisci
901 5602 1076 5644 omnes
1117 5583 1483 5640 retributiones
1515 5583 1663 5652 ejus,
1707 5590 1761 5638 et
1794 5589 2007 5637 extera.

530 5745 574 5782 "
614 5744 636 5799 ι
667 5745 808 5801 Tim.
845 5763 920 5806 ιι.
958 5745 1010 5801 ι.
1050 5742 1185 5800 Vide
1216 5755 1376 5809 supra
1407 5739 1600 5809 psalm.
1636 5751 1709 5793 vn
1731 5774 1747 5804 ,
1783 5737 1844 5804 Ι,
1880 5734 1932 5791 5.

2105 3272 2350 3340 ρεύθην,
2373 3270 2472 3324 καὶ
2492 3270 2587 3323 ἐπὶ
2607 3269 2687 3336 τῷ
2702 3270 2892 3338 Κυρίῳ
2905 3267 3158 3329 ἐλπίζων
3175 3271 3245 3322 οὐ
3267 3267 3353 3338 μὴ
3371 3265 3672 3322 σαλευθῶ.

2125 3363 2290 3426 ’ἰδίως
2325 3363 2388 3416 ἄν
2416 3381 2499 3426 τις
2538 3362 2630 3415 ἐπὶ
2672 3362 2761 3415 τὸν
2788 3360 2949 3414 Δαυῒδ
2996 3361 3276 3430 ἀναφέρων
3298 3360 3422 3424 τοὺς
3453 3377 3677 3432 προκει-

2115 3455 2306 3524 μένους
2334 3453 2542 3522 λόγους,
2566 3453 2705 3505 είποι
2727 3451 2790 3505 ἂν
2811 3452 3057 3521 ἐντυχίαν
3071 3451 3230 3504 αὑτὸν
3251 3451 3516 3505 ποιεῖσθαι
3537 3450 3675 3522 πρὸς

2111 3544 2200 3598 τὸν
2225 3543 2355 3598 Θεὸν
2387 3544 2515 3615 περὶ
2539 3543 2631 3596 τοῦ
2660 3543 2784 3596 ίδίου
2817 3541 2949 3612 βίου.
2980 3541 3085 3594 Τοῦ
3103 3541 3210 3615 γάρ
3232 3541 3377 3614 ἱεροῦ
3416 3542 3674 3596 Ἀποστὸ-

2111 3633 2204 3687 λου
2235 3636 2530 3705 φήσαντος·
2575 3633 2811 3702 Πρῶτον
2849 3632 3082 3687 πάντων
3108 3634 3201 3687 δεῖ
3220 3634 3510 3688 ποιεῖσθαι
3538 3633 3676 3701 δεή-

2112 3743 2263 3792 σεις,
2313 3727 2686 3796 προσευχὰς,
2721 3727 3053 3792 ἐντεύξεις,
3091 3727 3506 3794 εὐχαριστίαςο
3578 3726 3678 3778 καὶ

2111 3818 2371 3882 διελόντος
2415 3819 2484 3871 τά
2528 3818 2890 3890 προλεχθέντα
2935 3821 3014 3883 εἰς
3067 3819 3180 3890 εἴδη
3225 3819 3482 3890 τέσσαρα,
3521 3819 3675 3888 ἡμᾶς

2112 3913 2376 3984 προσήκει
2401 3912 2501 3984 τήν
2531 3911 2764 3966 διάνοιαν
2789 3915 2900 3975 τοῖς
2934 3914 2992 3966 ἐν
3016 3915 3082 3983 τῇ
3110 3913 3275 3983 βίϐλῳ
3308 3912 3413 3965 τῶν
3428 3910 3677 3982 Ψαλμῶν

2112 4003 2503 4074 ἐμφερομένοις
2550 4004 2774 4074 ἐφιστᾷν
2816 4003 2905 4055 τὸν
2951 4003 3094 4070 νοῦν,
3149 4001 3676 4074 ἐπισημαινομένους

2111 4095 2252 4158 τίνες
2280 4096 2374 4166 μὲν
2399 4095 2574 4149 αὐτῶν
2613 4095 2927 4166 περιέχουσι
2949 4095 3180 4166 δεήσεις,
3211 4095 3304 4149 καὶ
3331 4095 3473 4159 τίνες
3503 4111 3678 4167 προσ-

2113 4185 2293 4256 ευχάς,
2344 4188 2436 4240 καὶ
2471 4188 2615 4251 τίνες
2657 4187 2945 4253 ἐντεύξεις,
2976 4189 3066 4240 καὶ
3093 4190 3183 4241 ἐπὶ
3225 4190 3358 4242 πᾶσι
3390 4188 3531 4252 τίνες
3583 4189 3679 4242 εὑ-

2113 4279 2424 4350 χαριστίας·
2460 4279 2512 4332 τί
2538 4297 2595 4332 τε
2639 4279 2883 4351 διαφέρει
2939 4280 3163 4352 θάτερον
3193 4280 3444 4352 θατέρου,
3483 4281 3681 4334 ἀναλέ-

2112 4371 2300 4439 γεσθαί
2357 4389 2416 4424 τε
2469 4372 2574 4425 ἀπὸ
2614 4373 2792 4442 πάσης
2837 4372 2936 4443 τῆς
2977 4373 3157 4442 βίὸλου
3188 4372 3295 4426 τῶν
3334 4373 3575 4443 Ψαλμῶν
3604 4373 3680 4427 τὰ

2117 4463 2379 4535 ἰδιώματα
2410 4465 2518 4519 τῶν
2543 4467 2845 4536 εἰρημένων
2871 4483 2884 4496 ·
2920 4461 3028 4519 οἷον
3075 4467 3173 4529 τάς
3205 4467 3301 4537 μὲν
3333 4466 3541 4538 δεήσεις
3567 4467 3681 4521 ἀπὸ

2047 4552 2088 4606 D
2115 4558 2224 4611 τῶν
2256 4559 2613 4629 περιεχόντων
2642 4558 3034 4630 παρακλήσεις,
3064 4560 3157 4612 καὶ
3175 4561 3474 4632 ἱκετηρίας,
3509 4562 3567 4613 ἐν
3587 4555 3682 4624 αἷς

2117 4647 2288 4701 sum
2311 4647 2719 4720 ἐξομολογήσεις
2757 4650 3046 4720 φέρονται’
3079 4650 3259 4712 ὁποῖός
3290 4652 3436 4704 ἐστιν
3461 4653 3489 4704 6
3525 4653 3680 4705 εἰκο-

2120 4740 2241 4804 στὸς
2259 4740 2528 4812 τέταρτος
2571 4741 2802 4812 ψαλμὸς,
2837 4741 2958 4794 οὔτε
2983 4742 3114 4814 ᾠδὴ,
3143 4741 3265 4796 οὔτε
3289 4743 3521 4814 ψαλμὸς,
3552 4743 3680 4799 οὔτε

2117 4835 2301 4906 ὕμνος,
2335 4835 2456 4889 οῦτε
2484 4853 2535 4889 τι
2575 4835 2840 4889 τοιοῦτον·
2889 4835 3002 4889 ἀλλ’
3038 4836 3221 4900 ἁπλῶς
3254 4835 3331 4908 τῷ
3359 4837 3521 4891 Δαυῒδ
3553 4841 3684 4892 ἐπι-

2115 4932 2514 5003 γεγραμμένος.
2582 4933 2886 5003 Προσευχαὶ
2921 4932 2978 4984 δέ
3027 4934 3184 4997 είσιν,
3211 4934 3323 4987 ὅσοι
3355 4935 3412 4988 ἐν
3438 4937 3504 5006 τῇ
3546 4952 3686 5004 προ-

2115 5027 2298 5095 γραφῇ
2352 5023 2665 5096 προσευχῶν
2713 5024 3134 5095 ἐπιγράφουσιψ
3165 5020 3277 5079 οἷον
3314 5029 3342 5080 6
3373 5027 3432 5092 ἒξ
3479 5029 3573 5080 καὶ
3592 5027 3688 5080 δὲ-

2115 5131 2297 5177 κατος,
2329 5114 2422 5167 καὶ⁵
2446 5115 2474 5166 6
2505 5113 2853 5184 ὀγδοηκοστὸς
2895 5113 3163 5186 πέμπτος,
3198 5119 3291 5171 καὶ
3321 5119 3685 5188 ὀγδοηκοστὸς

2113 5204 2345 5267 ἓννατος,
2386 5203 2479 5257 καὶ
2523 5203 2808 5268 έκατοστὺς
2839 5205 3074 5277 πρῶτος,
3109 5209 3204 5261 καὶ
3233 5207 3520 5271 ἐκατοστὸς
3551 5223 3683 5260 τεσ-

2113 5301 2444 5371 σαρακοστὸς
2487 5297 2716 5370 πρῶτος.
2751 5299 3099 5371 Εὐχαριστίαι
3122 5301 3181 5354 δέ
3220 5301 3355 5354 εἰσιν
3387 5303 3434 5354 oi
3478 5301 3684 5371 ὁμοίως

2115 5395 2324 5467 ἔχοντες
2337 5395 2414 5466 τῷ
2429 5394 2699 5464 ἑκατοστῷ
2714 5395 2968 5467 δευτέρῳ,
2987 5398 3043 5449 ἐν
3062 5389 3106 5463 ᾧ
3133 5395 3344 5467 εἴρηται
3362 5413 3376 5426 ·
3402 5397 3678 5464 Εὺλόγει,

2115 5489 2339 5558 ήψυχή
2358 5505 2497 5558 μου,
2547 5489 2652 5543 τὸν
2705 5491 2941 5558 Κύριον,
3006 5490 3105 5542 καὶ
3137 5489 3223 5559 μὴ
3271 5487 3680 5543 ἐπιλανθάνου

2116 5579 2315 5648 πάσας
2362 5581 2467 5649 τὰς
2499 5581 2931 5648 ἀνταποδόσεις
2989 5580 3209 5648 αὑτοῦ,
3263 5582 3357 5634 καὶ
3411 5579 3480 5634 τά
3526 5578 3674 5650 ἑξῆς.
