3992 6216
200 300 314 354 233

1351 306 1847 365 COMMENTARIA
1886 312 1954 367 IN
1991 313 2323 369 PSALMOS.

3346 320 3454 374 23.!

202 413 506 484 Ἔντευξιν
526 420 589 474 δὲ
619 422 862 493 περιέχει
877 423 907 475 ὁ
936 423 1072 492 μετά
1094 427 1296 495 χεῖρας,
1316 427 1374 479 ὲν
1456 426 1762 498 γέγραπται

1897 429 2296 487 Postulationes
2339 432 2580 488 continet
2625 448 2864 503 praesens
2917 437 3201 507 psalmus,
3252 439 3308 493 in
3350 455 3459 509 quo

194 506 438 575 Κρῖνόν
484 527 591 577 με,
650 513 843 577 Κύριε,
875 513 966 566 ὅτι
1017 513 1130 583 ἐγὼ
1162 515 1231 568 ἐν
1272 516 1486 585 ἀκακία
1511 535 1629 587 μου
1656 520 1794 572 ἐπο-

192 598 460 665 ρεύθην,
498 601 603 654 καὶ
641 601 709 655 τὰ
741 602 885 673 ἑξῆς.

291 688 486 760 Ἐρεῖς
520 686 639 757 οὖν,
690 693 876 765 ἐπειδὴ
932 692 1099 758 ὅντως
1136 695 1339 767 ἤρξατο
1373 700 1403 751 ὁ
1438 700 1622 764 Δαυῒδ,
1651 701 1725 765 ὡς
1745 703 1795 755 οἱ

196 780 490 850 θεοφιλεῖς
536 783 727 855 ἄνδρες
755 787 813 839 ὲν
862 788 972 851 τοῖς
1001 788 1205 841 ἑαυτῶν
1237 788 1329 842 τοῦ
1364 789 1479 860 βίου
1522 793 1795 864 κατορθώ-

201 889 381 942 μασιν
436 870 590 946 εἷχόν
630 894 750 929 τινα
792 877 1238 950 πλεονεκτήματα
1284 879 1557 953 ἐξαίρετα.
1606 884 1665 936 ὲν
1712 879 1794 948 οἷς

198 962 450 1029 ἕκαστος
498 965 678 1020 αὐτῶν
728 967 870 1032 ἰδίως
918 968 1228 1042 διαπρεπὴς
1274 971 1521 1041 γέγονεν’
1558 968 1667 1028 οἷον
1716 975 1793 1039 ὡς

200 1053 305 1108 ἐπὶ
336 1058 801 1129 παραδείγματος,
858 1062 1057 1133 Ἰωτὴφ
1096 1064 1154 1117 ἐν
1187 1066 1530 1139 σωφροσύνῃ,
1582 1066 1696 1120 Ἰὼὸ
1723 1071 1788 1141 τῇ

202 1144 316 1198 τῶν
342 1145 539 1200 δεινῶν
567 1150 830 1223 ὑπομονῇ,
858 1152 1105 1225 Σολομὼν
1131 1156 1189 1209 ἐν
1212 1156 1374 1227 σοφίᾳ.
1398 1156 1491 1209 καὶ
1512 1159 1786 1230 φρονήσει·

216 1235 479 1309 Ἀϐραὰμ
498 1239 587 1294 διὰ
615 1242 714 1312 τῆς
746 1243 977 1309 πίστεως
1002 1246 1379 1301 δεδικαιῶσθαι
1418 1248 1659 1319 λέγεταιο
1695 1251 1791 1304 καὶ

194 1328 365 1394 ἄλλος
396 1331 570 1386 πάλιν
609 1337 669 1387 ἐν
703 1334 847 1407 ἄλλῳ
900 1337 1098 1409 ἀρετῆς
1146 1339 1319 1408 ἀγῶνι
1367 1343 1788 1414 μεμαρτύρηται

188 1419 544 1494 διαλάμψας.
593 1425 814 1491 Τούτοις
858 1424 951 1483 οὖν
999 1430 1200 1501 ὁμοίως
1224 1432 1321 1486 καὶ
1347 1434 1375 1486 ὁ
1394 1433 1554 1488 Δαυῖδ
1581 1434 1790 1506 ἐξαίρε-

189 1524 287 1562 τον
324 1509 546 1584 ἀρετὴν
589 1514 929 1587 κτησάμενος
976 1518 1387 1592 ἀναγέγραπται
1413 1524 1511 1595 τὴν
1537 1524 1785 1589 ἀνεξικα-

1899 526 2161 596 scriptum
2198 536 2279 581 est
2308 545 2321 580 :
2347 524 2543 580 Judica
2574 544 2675 592 me,
2724 527 2968 593 Domine,
2998 532 3249 602 quoniam
3284 549 3376 603 ego
3402 535 3458 588 in

1896 618 2192 672 innocentia
2224 635 2338 672 mea
2360 634 2667 689 progressus
2692 636 2830 684 sum,
2866 629 2970 676 etc.

1966 710 2125 766 Dicas
2150 712 2315 782 igitur
2340 714 2466 783 quia
2500 713 2666 768 David
2706 729 2773 769 eo
2806 730 2866 770 se
2898 715 3062 771 modo
3085 730 3277 788 gerere
3310 716 3457 793 ince-

1896 801 1993 871 pit,
2024 801 2308 872 religiosos
2339 804 2489 859 viros
2522 804 2575 858 in
2606 804 2865 874 operibus
2892 806 2990 861 abs
3020 822 3079 861 se
3107 806 3288 868 editis,
3320 821 3457 875 quo-

1895 892 2020 946 dam
2052 892 2311 948 virtutum
2344 910 2538 965 genere
2569 894 2957 966 praecelluisse,
2992 898 3048 952 in
3082 913 3191 969 quo
3219 899 3455 969 quisque
3534 952 3539 959 ,

1896 981 2137 1051 ipsorum
2170 985 2465 1055 praeclarus
2492 987 2699 1054 evasit;
2745 996 2828 1051 ut,
2865 990 3097 1060 exempli
3136 1004 3321 1053 causa,
3353 987 3451 1044 Jo-

1891 1078 2021 1146 seph
2044 1078 2398 1143 continentia,
2415 1076 2517 1133 Job
2540 1079 2795 1148 patientia
2817 1079 2870 1133 in
2895 1081 3171 1149 adversis;
3195 1081 3449 1139 Salomon

1890 1169 2151 1238 sapientia
2175 1179 2229 1224 et
2246 1170 2528 1239 prudentia
2545 1188 2559 1237 ;
2578 1170 2847 1225 Abraham
2869 1172 2973 1226 ﬁde
2988 1172 3315 1241 justiﬁcatus
3330 1191 3451 1231 esse

1888 1260 2083 1316 dicitur
2108 1277 2122 1312 :
2149 1271 2202 1316 et
2228 1262 2369 1316 alius
2397 1262 2592 1317 iterum
2620 1263 2725 1319 alio
2755 1264 2970 1319 virtutis
2993 1266 3285 1322 certamine
3308 1269 3447 1322 cmi-

1887 1352 2067 1408 cuisse
2086 1352 2430 1423 praedicatur.
2453 1353 2825 1425 Similiterque
2846 1353 3011 1410 David
3032 1356 3296 1426 praecipua
3320 1374 3449 1429 qua-

1885 1445 2007 1500 dam
2029 1446 2248 1511 virtute,
2282 1447 2487 1501 scilicet
2504 1446 2824 1516 injuriarum
2842 1448 3133 1514 oblivione,
3155 1449 3447 1508 emicuisse

1890 1533 2097 1604 scripto
2138 1534 2409 1601 traditur;
2463 1550 2573 1607 qua
2604 1532 2826 1590 Saulem
2854 1536 3128 1606 patienter
3158 1537 3305 1602 tulit,
3358 1537 3453 1609 qui

189 1599 324 1701 κίαν
344 1618 359 1631 ο
392 1602 553 1677 δι’ἢν
582 1606 677 1660 καὶ
706 1608 796 1661 τὸν
823 1610 997 1665 Σαοὺλ
1018 1612 1240 1682 ἤνεγκε,
1277 1614 1447 1687 μυρία
1478 1618 1597 1670 κατ’
1622 1617 1778 1671 αὐτοῦ

1889 1627 2161 1683 sexcentis
2184 1642 2307 1683 eum
2335 1628 2490 1683 malis
2514 1628 2787 1696 all‘ecerat,
2817 1638 2870 1684 et
2894 1630 3009 1685 haec
3032 1630 3148 1701 ipse
3171 1631 3449 1686 moderate

184 1688 530 1793 δεδρακότα,
566 1695 709 1769 ἆπερ
741 1697 932 1769 πράως
970 1702 1061 1754 καὶ
1104 1702 1438 1770 ἀνεξικάκως
1483 1708 1778 1779 ὑπομείνας

1891 1732 1955 1773 ac
1992 1718 2112 1775 sine
2150 1718 2524 1790 indignatione
2556 1721 2748 1777 tulisse
2782 1722 2840 1776 in
2868 1720 3149 1793 Scriptura
3174 1731 3450 1780 narratur.

188 1779 646 1850 ἀναγέγραπται.
699 1789 850 1843 Ἐπεὶ
909 1791 1086 1846 τοίνυν
1157 1794 1432 1868 ἐξαίρετος
1507 1794 1575 1871 ἦν
1647 1798 1778 1871 αὕτη

1888 1807 2028 1876 Quia
2055 1810 2220 1881 igitur
2250 1779 2367 1866 haec
2397 1810 2621 1869 Davidis
2642 1813 2916 1884 praecipua
2938 1779 3114 1869 virtus
3141 1821 3281 1875 erat,
3307 1828 3456 1869 man-

185 1872 289 1925 τοῦ
320 1874 499 1929 Δαυτδ
524 1878 711 1951 ἀρετὴ,
753 1881 897 1951 λέγω
930 1884 987 1938 δὲ
1015 1886 1047 1957 ἡ
1078 1887 1173 1958 τῆς
1209 1888 1514 1962 πραότητος
1540 1893 1634 1946 καὶ
1680 1909 1782 1947 τα-ὅ

188 1966 643 2040 πεινοφροσύνης
668 1971 761 2024 καὶ
802 1973 1169 2043 ἀνεξικακίας,
1216 1978 1387 2034 ταῦτα
1422 1981 1600 2037 πάντα
1643 1982 1778 2056 ὁμοῦ

192 2052 523 2124 περιλαϐὼν
553 2059 785 2117 ἀκακίαν
810 2064 947 2119 αύτά
983 2065 1263 2141 ὠνόμασε’
1301 2072 1395 2125 καὶ
1418 2072 1494 2136 ὡς
1522 2074 1578 2126 ὲν
1608 2052 1781 2146 τούτῳ

192 2145 447 2239 μάλιστα
480 2151 557 2223 τῷ
601 2154 754 2227 μέρει
795 2158 1162 2231 κατορθώσας,
1191 2165 1250 2220 ὲν
1275 2168 1342 2237 τῇ
1376 2167 1513 2239 πρὸς
1538 2169 1629 2221 τὸν
1648 2145 1780 2225 Θεὸν

189 2236 597 2316 ὲντεύξειφησί
614 2262 627 2275 ·
661 2246 882 2316 Ιίρῖιοόν
898 2267 999 2320 με,
1028 2254 1225 2322 Κύριε,
1250 2236 1468 2328 ὄτι
1488 2259 1782 2329 ἐνάκακίᾳ

186 2346 313 2397 μου
376 2332 726 2406 ἐπορεύθην.
768 2340 919 2395 Ἐπεὶ
964 2343 1021 2398 δὲ
1064 2345 1208 2416 μέγα
1254 2350 1384 2421 περὶ
1423 2350 1615 2404 ἑαυτοῦ
1653 2353 1782 2406 ἀπε-

190 2421 441 2516 φήνατο,
465 2425 650 2500 ὥσπερ
690 2432 1170 2508 ὲγκαυχησάμενος
1194 2440 1271 2510 τῷ
1290 2442 1552 2516 ἐξαιρέτῳ
1584 2444 1777 2499 ἑαυτοῦ

190 2514 590 2612 κατορθώματι
614 2520 716 2593 τῆς
755 2524 1043 2599 ἀκακίαςῆ
1068 2529 1167 2600 τῆς
1197 2514 1531 2606 ἁπλότητος,
1553 2538 1781 2612 ἐπιλαμ-

191 2603 426 2705 δάνεται
449 2614 609 2681 αὐτὸς
644 2616 835 2675 ἑαυτοῦ
869 2622 962 2675 καὶ
986 2623 1228 2691 ἐπιλέγει
1251 2603 1564 2697 ἀναγκαίως
1616 2603 1774 2705 ἑξῆς·

194 2696 309 2795 Καὶ
328 2699 527 2795 eatea
543 2712 734 2779 Κυρίῳ
760 2713 1012 2775 ἐλπίζων
1025 2718 1095 2770 οὐ
1109 2718 1196 2787 μὴ
1218 2696 1555 2791 ἀσθενήσω.
1589 2696 1781 2795 Ἀνάγ-

191 2787 370 2886 καίως
385 2788 479 2849 οὖν
501 2801 818 2869 συνέπλεξεν
832 2807 1018 2860 ἑαυτὸν
1043 2812 1106 2880 τῇ
1141 2811 1236 2864 ἐπὶ
1256 2811 1347 2865 τὸν
1363 2787 1566 2886 Κύριον
1581 2787 1775 2886 ἐλπίδι,

182 2877 279 2981 καὶ
302 2879 513 2981 ἑαυτοῦ
560 2899 871 2966 κατηγορεῖ,
905 2899 980 2962 ὼς
1005 2877 1300 2972 δυναμένου
1334 2877 1659 2981 σαλευθῆναι
1683 2877 1777 2966 καί.

173 2966 547 3066 ξκςερᾳιτῆναι
579 2984 671 3037 καὶ
705 2986 1082 3062 ὲξασθενῆσαι.
1120 2995 1266 3066 Πλὴν
1309 2999 1460 3053 οὐδὲν
1496 3002 1777 3058 πείσεσθαι

176 3059 271 3167 διὰ
427 3072 505 3167 εἰς
522 3071 652 3129 Θεὸν
673 3077 861 3133 ἐλπίδα
878 3059 1093 3154 θαρρῶν
1113 3059 1494 3145 διεϐεϐαιοῦτο·
1515 3093 1630 3163 ᾔδει
1646 3094 1773 3167 γὰρ,

180 3156 264 3211 ὃτι
288 3159 325 3231 ἡ
352 3160 523 3229 ἐλπὶς
539 3167 599 3219 ού
620 3172 991 3242 καταισχύνει,
1030 3177 1167 3231 κατὰ
1193 3179 1283 3233 τὸν
1329 3156 1669 3241 ’Δπόστολονῖ

254 3253 608 3325 Δοκίμασόν
629 3279 726 3330 με,
762 3265 956 3333 Κύριε,
995 3269 1093 3322 καί
1124 3271 1415 3340 πείρασόν
1443 3291 1521 3343 με
1540 3292 1554 3304 ·
1583 3277 1783 3345 πύρωρ

190 3355 310 3436 σον
338 3347 486 3415 τοὺς
508 3355 765 3421 νεφρούς
782 3373 903 3424 μου
935 3359 1034 3412 καί
1064 3359 1178 3429 τὴν
1208 3362 1461 3431 καρδίαν
1489 3383 1636 3436 μου.
1661 3368 1781 3423 Ὅτι

191 3433 261 3489 τὸ
288 3436 466 3505 ἔλεός
491 3458 608 3497 σου
635 3444 951 3502 κατέναντι
982 3450 1103 3504 τῶν
1131 3453 1456 3523 ὀφθαλμῶν
1479 3433 1599 3526 μου
1622 3458 1777 3525 ἐστὶ,

194 3527 297 3619 καὶ
337 3530 720 3602 εὐηρέστησα
751 3537 822 3590 ἐν
851 3538 925 3607 τῇ
952 3542 1204 3610 ἀληθείᾳ
1232 3560 1367 3600 σου.
1405 3548 1516 3619 Ούχ
1547 3548 1622 3614 ὡς
1643 3550 1778 3606 ἀλα-

190 3617 566 3693 ζονευόμενος,
594 3627 702 3681 οὐδ’
729 3630 1083 3701 ἐπαιρόμενος
1121 3633 1276 3704 ἔλεγε
1303 3635 1365 3689 τό
1383 3653 1396 3665 '
1433 3617 1778 3707 Δοκίμασόν

189 3728 281 3781 με,
317 3714 519 3783 Κύριε,
559 3719 659 3772 καὶ
691 3722 984 3790 πείρασόν
1016 3741 1129 3794 με·
1175 3729 1460 3796 πύρωσον
1502 3730 1644 3798 τοὺς
1676 3749 1775 3795 νε-

188 3803 387 3870 φρούς
408 3822 528 3874 μου
560 3808 661 3861 καὶ
686 3810 802 3878 τὴν
828 3812 1078 3881 καρδίαν
1113 3833 1235 3889 μου
1255 3832 1268 3846 ·
1304 3817 1417 3872 ἀλλ’
1444 3818 1520 3884 ὡς
1550 3824 1608 3874 ὲν
1640 3822 1773 3895 εὐχῇ

189 3895 529 3967 παρακαλῶν
561 3900 666 3954 ὑπὸ
692 3902 786 3955 τοῦ
811 3903 944 3958 Θεοῦ
979 3906 1318 3981 καθαρθῆναι
1350 3910 1439 3964 διὰ
1466 3912 1567 3982 τῆς
1598 3913 1776 3986 πυρώο

190 4003 357 4053 σεως,
390 3990 439 4041 εί
483 3989 652 4046 δέοιτο
685 3994 1018 4069 καθάρσεως.
1055 4001 1370 4072 Παρακαλεῖ
1407 4004 1586 4060 τοίνυν
1629 4007 1776 4061 δοκι-

191 4079 473 4151 μασθῆναι
505 4084 599 4137 καὶ
643 4088 1000 4160 πειρασθῆναι
1031 4091 1129 4164 τὴν
1176 4094 1567 4166 προλεχθεῖσαν
1606 4100 1772 4154 αὐτοῦ

187 4174 416 4246 ἀρετὴν,
467 4176 588 4230 καθ’
632 4178 698 4250 ἦν
751 4179 1053 4253 διαπρέψας
1105 4186 1504 4253 ἀποδέδεικται,
1541 4191 1641 4245 οὐκ
1686 4195 1773 4261 ἐφ’

186 4266 371 4339 ἑαυτῷ
416 4269 710 4334 πεποιθὼς,
736 4271 850 4326 ἀλλ’
887 4275 979 4328 ἐπὶ
1010 4275 1086 4346 τῷ
1127 4277 1219 4331 τοῦ
1253 4278 1388 4332 Θεοῦ
1425 4280 1583 4353 ἐλέῳ.
1615 4283 1774 4337 Ούτω

184 4359 343 4428 γοῦν,
380 4362 532 4432 φησὶ,
554 4362 641 4417 διὰ
669 4365 869 4429 παντὸς
915 4367 974 4419 σὲ
1000 4368 1089 4421 τὸν
1120 4367 1250 4423 Θεὸν
1278 4373 1369 4425 καὶ
1393 4372 1484 4428 τὸν
1513 4374 1603 4427 σὺν
1626 4374 1773 4428 ἔλεον

186 4452 300 4524 πρὸ
328 4452 616 4524 ὀφθαλμῶν
642 4455 800 4527 ἔχων,
827 4459 1004 4513 πάντα
1033 4460 1122 4514 τὸν
1144 4462 1382 4533 ἐμαυτοῦ
1409 4464 1522 4535 βίον
1549 4467 1642 4519 καὶ
1666 4467 1770 4521 πά-

190 4561 295 4609 σας
326 4561 428 4616 μου
461 4546 559 4610 τὰς
585 4548 811 4620 πράξεις
844 4551 1276 4622 ἐπαιδαγώγουν,
1305 4555 1380 4620 ὼς
1410 4557 1767 4631 εὐαρεστῆσαι
1801 4539 1846 4597 θ

190 4635 250 4690 ὲν
281 4639 348 4708 τῇ
377 4636 602 4711 ἀληθείᾳ
635 4659 747 4696 σου.
774 4644 847 4696 Ού
885 4644 992 4717 γὰρ
1026 4646 1144 4717 μεθ’
1174 4647 1532 4719 ὑποκρίσεως,
1560 4652 1674 4705 ἀλλ’
1709 4656 1767 4706 ὲν

191 4729 423 4802 ἀληθείᾳ
454 4734 828 4807 περιεπάτησα
857 4739 949 4791 καὶ
981 4739 1346 4811 ἀνεστράφην,
1381 4741 1527 4814 μόνῳ
1549 4743 1626 4815 τῷ
1650 4744 1769 4816 Θεῷ

189 4822 559 4894 εὐαρεστῆσαι
588 4826 919 4892 σπουδάζων.

263 4936 390 4988 Οὐκ
416 4936 670 4992 ἐκάθισα
693 4939 842 5009 μετὰ
872 4945 1191 5015 συνεδρίου
1222 4949 1637 5018 ματαιότητος,
1670 4951 1766 5004 καί

182 5024 339 5097 μετὰ
380 5033 884 5100 παρανομούντων
918 5039 989 5091 οὐ
1025 5037 1110 5109 μὴ
1152 5042 1421 5098 εἰσέλθω.
1471 5042 1766 5111 Ἐμίσησα

180 5119 527 5188 ἐκκλησίαν
561 5125 1072 5195 πονηρευομένων,
1117 5134 1213 5188 καὶ
1235 5133 1387 5203 μετὰ
1432 5133 1669 5189 ἀσεϐῶν
1694 5137 1766 5188 οὺ

171 5208 273 5280 μὴ
308 5212 552 5266 καθίσω.
585 5214 654 5268 Εἴ
676 5231 779 5268 που
805 5217 981 5272 τοίνυν
1015 5223 1339 5295 συνήρχοντο
1370 5224 1511 5279 κατὰ
1542 5225 1603 5278 τὸ
1635 5224 1767 5279 αὐτὸ

176 5298 385 5390 ἄνδρες
418 5300 489 5367 ,ού
534 5303 833 5371 σπουδαῖοι,
861 5307 970 5363 οὐδ’
999 5310 1092 5365 ἐπὶ
1132 5314 1440 5379 σπουδαίοις
1478 5316 1765 5390 πράγμασι

182 5389 637 5464 φαιεδρεύυντες,
673 5397 765 5450 ἐπὶ
811 5400 1061 5469 ματαίοις
1104 5403 1162 5457 δὲ
1188 5406 1282 5459 καὶ
1312 5407 1412 5459 οὐκ
1449 5389 1767 5478 ἀναγκαίοις

182 5482 501 5556 ποιούμενοι
524 5487 623 5559 τὴν
642 5488 877 5545 σύνοδον*
903 5493 1147 5561 τούτους,
1172 5498 1354 5568 φησὶν,
1384 5498 1601 5570 ἔφυγον,
1626 5503 1767 5559 ὥστε

190 5574 269 5647 μὴ
303 5578 837 5650 ωμπεριπλέκεσθαι
878 5583 1055 5640 αὐτῶν
1098 5590 1166 5659 τῇ
1221 5588 1561 5661 ματαιότητι,
1589 5593 1647 5613 “'
1692 5591 1767 5655 ὡς

262 5730 305 5763 ⁸⁸
342 5729 499 5789 Rom.
536 5751 598 5799 ν,
632 5735 683 5790 5.

474 5824 747 5888 ΡΑτιιοι..
779 5827 896 5889 Gtt.
952 5825 1193 5890 XXIII.

1889 1901 2119 1957 suetudo
2155 1919 2370 1974 nempe,
2400 1903 2702 1973 humilitas,
2736 1913 2790 1960 et
2819 1905 3109 1962 tolerantia
3138 1926 3151 1960 :
3178 1907 3294 1961 haec
3334 1920 3452 1960 om-

1889 1995 1981 2049 nia
2025 2010 2133 2050 una
2165 1995 2557 2066 complectens,
2600 1997 2972 2053 innocentiam
3006 1998 3240 2053 vocavit.
3272 1998 3339 2052 Et
3365 2005 3454 2053 ut-

1888 2094 2014 2157 pote
2043 2087 2135 2158 qui
2167 2088 2271 2143 bac
2297 2090 2567 2159 praecipue
2596 2089 2651 2144 in
2684 2101 2838 2161 parte
2868 2106 2928 2146 se
2960 2091 3219 2162 prazclare
3251 2091 3453 2162 gessis-

1889 2185 1992 2242 set,
2025 2179 2080 2233 in
2110 2180 2477 2251 postulatione
2502 2195 2600 2237 sua
2628 2182 2701 2235 ita
2725 2180 2893 2237 Deum
2924 2181 3453 2253 compellatdudica

1887 2287 1989 2338 me,
2023 2271 2266 2341 Domine,
2299 2274 2545 2345 quoniam
2590 2291 2682 2345 ego
2725 2274 2781 2327 in
2826 2274 3122 2328 innocentia
3164 2289 3279 2328 mea
3329 2289 3453 2343 pro-

1888 2379 2095 2435 gressus
2125 2383 2262 2419 sum.
2310 2366 2759 2439 Quandoquidem
2804 2383 3059 2439 magnum
3084 2367 3151 2423 de
3191 2383 3251 2423 se
3293 2367 3453 2438 quid-

1887 2456 2030 2527 piam
2067 2461 2469 2529 pronuntiarat,
2503 2461 2661 2531 quasi
2688 2460 3056 2530 iactabundus
3086 2460 3154 2515 de
3192 2461 3453 2531 praeclara

1888 2562 1990 2602 sua
2022 2549 2351 2603 innocentia:
2376 2557 2431 2603 et
2464 2548 2833 2619 simplicitatis
2865 2549 3088 2614 virtute,
3129 2564 3250 2605 SCSC
3278 2549 3454 2619 repri-

1887 2638 1987 2693 mit
2018 2648 2072 2695 et
2100 2640 2258 2710 quasi
2293 2640 2620 2696 necessitate
2650 2639 2908 2695 inductus
2937 2640 3146 2709 adjicit,
3178 2650 3228 2694 et
3257 2642 3311 2695 in
3339 2639 3454 2697 Do—

1887 2732 2030 2788 mino
2070 2748 2288 2802 sperans
2335 2750 2439 2787 non
2488 2732 2868 2788 commovebar.
2915 2731 3239 2789 Necessario
3287 2732 3455 2804 igitur

1885 2839 1983 2896 spe
2019 2840 2073 2879 tn
2105 2824 2272 2894 Deum
2309 2842 2368 2881 se
2398 2825 2631 2881 munivit
2652 2866 2668 2891 ,
2722 2840 2952 2896 seseque
2984 2826 3219 2891 incusat,
3252 2831 3311 2878 ut
3356 2825 3452 2894 qui

1883 2917 2238 2981 commoveri,
2285 2918 2476 2982 everti,
2512 2933 2575 2973 ac
2609 2917 2875 2972 inﬁrmari
2913 2916 3108 2972 valeat.
3145 2915 3340 2972 Verum
3383 2917 3450 2971 ti~

1884 3006 2075 3063 denter
2096 3025 2175 3075 se,
2209 3010 2280 3064 ob
2310 3025 2461 3082 spem
2496 3010 2552 3064 in
2583 3010 2773 3072 Deum,
2822 3009 2957 3067 nihil
3010 3010 3135 3064 mali
3158 3024 3448 3080 passurum

1887 3101 2234 3156 asseverabat
2267 3121 2280 3157 :
2318 3110 2547 3157 noverat
2569 3102 2716 3158 enim
2746 3118 2897 3174 spem
2945 3120 3054 3158 non
3089 3101 3447 3166 confundere,

1809 3176 1854 3233 ο
1887 3190 2185 3245 secundum
2213 3192 2531 3262 Apostolum
2556 3193 2630 3248 ³⁸.

1950 3281 2117 3338 Vens.
2147 3282 2203 3344 2,
2232 3283 2286 3337 ‘5.
2320 3284 2500 3339 Proba
2520 3304 2621 3351 me,
2651 3286 2894 3355 Domine,
2923 3298 2972 3343 et
3014 3297 3158 3343 tenta
3193 3304 3274 3342 me
3300 3303 3319 3342 :
3350 3303 3446 3340 ure

1879 3390 2026 3429 renes
2053 3391 2192 3429 meos
2232 3383 2282 3429 et
2314 3392 2405 3430 cor
2430 3392 2622 3432 meum.
2653 3377 2916 3443 Quoniam
2956 3378 3324 3432 misericordia
3355 3386 3447 3430 tua

1878 3475 2000 3520 ante
2025 3466 2204 3521 oculos
2237 3484 2377 3522 meos
2405 3477 2505 3532 est,
2553 3478 2603 3523 et
2643 3469 2937 3539 complacui
2985 3469 3042 3521 in
3080 3468 3297 3522 veritate
3330 3477 3443 3520 tua.

1877 3553 1995 3610 Non
2041 3556 2200 3627 quasi
2242 3556 2611 3626 iactabundus
2660 3567 2714 3613 et
2762 3559 2939 3613 elatus
2975 3557 3158 3611 animo
3206 3555 3314 3611 hoc
3340 3555 3440 3618 ait,

1878 3648 2055 3719 Proba
2103 3666 2204 3713 me,
2239 3650 2483 3715 Domine,
2511 3660 2560 3705 et
2590 3660 2733 3705 tenta
2758 3667 2839 3704 me
2872 3666 2890 3704 :
2931 3666 3024 3704 ure
3053 3665 3200 3705 renes
3224 3664 3366 3704 meos
3396 3659 3448 3704 et

1876 3760 1967 3798 cor
1995 3760 2188 3809 meum,
2225 3744 2318 3799 sed
2349 3743 2508 3816 quasi
2559 3745 2614 3799 in
2667 3743 2918 3801 oratione
2944 3742 3274 3815 postulando
3328 3757 3387 3797 se
3415 3757 3445 3796 a

1877 3834 1990 3891 Deo
2011 3837 2136 3908 igne
2156 3836 2399 3908 purgari.
2428 3837 2475 3892 si
2508 3837 2726 3907 quidem
2758 3835 3082 3907 purgatione
3107 3842 3287 3906 egeat.
3330 3833 3445 3889 Ro-

1874 3938 1966 4000 gat
1996 3929 2161 3999 igitur
2193 3928 2412 4000 probari
2446 3939 2501 3984 et
2524 3926 2826 3983 examinari
2876 3943 3042 3998 supra
3084 3936 3444 3983 memoratam

1877 4036 2032 4076 suam
2054 4024 2334 4086 virtutem,
2355 4037 2460 4091 qua
2486 4020 2782 4092 przcc1arus
2806 4027 3273 4076 commonstratus
3316 4027 3400 4074 est
3425 4035 3442 4085 ;

1875 4129 1983 4168 non
2021 4113 2146 4181 sibi,
2180 4113 2276 4168 sed
2320 4112 2414 4168 Dei
2449 4112 2839 4169 misericordiae
2891 4112 3152 4167 conlisus.
3207 4109 3305 4175 Ita,
3365 4110 3446 4163 in-

1876 4205 2013 4274 quit,
2052 4213 2102 4260 te
2134 4203 2322 4272 Deum,
2355 4213 2617 4275 tuamque
2647 4202 3079 4261 misericordiam
3107 4218 3221 4274 prae
3266 4203 3443 4256 oculis

1875 4310 2091 4367 semper
2125 4295 2352 4360 habens,
2381 4298 2548 4352 vitam
2578 4311 2753 4350 meam
2785 4295 3148 4365 universaque
3173 4307 3339 4362 opera
3362 4290 3443 4344 sie

1872 4388 2107 4452 institui,
2155 4398 2214 4443 ut
2243 4389 2637 4459 complacerem
2691 4387 2748 4442 in
2805 4387 3029 4441 veritate
3086 4393 3199 4439 tua.
3254 4381 3443 4450 Neque

1872 4482 2018 4537 enim
2058 4496 2181 4536 cum
2205 4481 2553 4536 simulatione
2573 4478 2833 4549 quadam,
2868 4477 2961 4534 sed
2989 4479 3044 4530 in
3074 4475 3305 4530 veritate
3325 4487 3442 4526 am-

1876 4570 2058 4627 bulavi
2089 4585 2153 4626 ac
2186 4577 2439 4626 versatus
2496 4583 2637 4636 sum,
2693 4566 2899 4636 unique
2939 4565 3050 4620 Deo
3078 4564 3293 4636 placere
3324 4571 3443 4618 stu-

1870 4659 1985 4714 dui.

1944 4938 2111 4997 Vens.
2146 4941 2200 5005 4,
2234 4943 2285 4997 5.
2325 4939 2450 4995 Non
2488 4940 2600 4995 sedi
2644 4955 2762 4993 tum
2810 4938 3034 4993 concilia
3081 4940 3355 5002 vanitatis,
3387 4947 3440 4993 et

1873 5052 1991 5088 cum
2018 5035 2201 5106 iniqua
2239 5033 2535 5105 gerentibus
2563 5050 2666 5087 non
2702 5030 2950 5085 introibo.
2981 5030 3134 5086 0divi
3164 5032 3440 5087 ecclesiam

1874 5127 2299 5198 malignantium,
2328 5135 2378 5181 et
2400 5143 2517 5180 cum
2538 5125 2711 5195 impiis
2744 5143 2848 5180 non
2869 5124 3073 5181 sedebo.
3112 5123 3297 5179 Sicubi
3331 5137 3439 5177 una

1872 5219 2227 5274 convenirent
2244 5219 2347 5272 viri
2375 5233 2483 5273 non
2515 5216 2678 5289 frugi,
2705 5233 2881 5289 neque
2903 5218 2970 5272 de
2998 5216 3155 5272 bonis
3182 5216 3439 5285 cperihus

1874 5312 2164 5369 consilium
2202 5312 2494 5383 agitantes,
2530 5311 2626 5367 sed
2649 5311 2717 5367 de
2743 5312 2899 5366 vanis
2943 5325 3007 5365 ac
3037 5324 3147 5364 non
3181 5320 3433 5361 necessa-

1872 5409 1971 5464 riis
2000 5407 2165 5462 rebus
2195 5407 2251 5460 in
2278 5412 2424 5461 cmtu
2449 5420 2549 5462 suo
2573 5412 2999 5475 pertractantes;
3028 5403 3097 5456 ab
3120 5401 3207 5462 iis,
3233 5396 3433 5465 inquit»

1873 5498 2229 5570 refugiebam,
2265 5506 2323 5553 ut
2350 5514 2420 5553 ne
2467 5497 2654 5551 talium
2705 5497 2984 5552 hominum
3027 5488 3249 5547 vanitati
3283 5502 3429 5541 com-

1874 5591 2155 5660 miscerer,
2285 5598 2345 5644 ut
2373 5588 2500 5661 quid
2534 5598 2729 5659 praeter
2750 5588 2987 5643 divinam
3010 5585 3182 5651 legem
3215 5578 3435 5650 aggredi

3083 5830 3124 5888 8
