3980 6214
537 281 643 341 235

1271 289 1535 345 EUSEBll
1573 287 2048 346 CrESARlENSlS
2085 303 2088 331 ε

2189 289 2237 344 Ρ.
2280 289 2458 342 PARS
2495 288 2654 341 lll.—
2688 288 3094 339 hlbbb’ltbA.

3654 286 3761 336 236

537 404 821 473 auderent,
849 410 1022 465 multo
1054 410 1226 483 magis
1275 412 1345 467 ab
1392 412 1462 469 iis
1492 412 1854 478 declinabam,
1882 413 2088 469 erroris

2189 412 2279 466 καὶ
2302 410 2451 483 παρά
2475 410 2565 464 τὸν
2590 409 2730 462 θεῖον
2752 408 2914 479 νόμον
2946 406 3149 478 τολμᾷν
3173 406 3293 459 τινὰ
3317 406 3447 477 δρᾷν
3471 422 3482 434 ·
3518 405 3611 462 καὶ
3634 405 3760 459 τού-

538 515 648 556 una
676 512 798 555 cum
821 500 888 558 iis
922 503 1313 559 adeundiviam
1335 503 1632 575 refugiens.
1666 505 1820 572 Quod
1847 507 1895 561 si
1916 522 2088 576 quan-

538 589 609 645 do
631 589 869 648 viderem
891 594 1102 665 aliquos
1126 588 1326 650 cretum
1349 604 1592 669 agentes,
1617 598 1710 668 qui
1734 613 1840 652 non
1875 613 1975 668 pro
1998 614 2090 653 va-

537 683 707 740 nitate
745 699 847 740 nec
872 702 970 757 pro
1003 688 1266 759 improbis
1298 691 1556 760 operibus
1579 691 1958 756 convenirent,
1994 692 2088 747 sed

539 789 635 846 pro
664 782 846 846 pravis
866 786 918 834 et
945 778 1128 850 impiis
1146 780 1490 852 dogmatibus
1517 783 1573 837 in
1611 783 1846 839 ecclesia
1870 798 2092 854 congre-

539 877 816 936 garentur,
852 870 952 926 hos
986 871 1275 944 plusquam
1325 888 1488 945 supra
1516 873 1693 930 dictos
1727 874 1855 930 odio
1895 874 2090 945 dignos

537 960 718 1014 rebar.
750 961 909 1017 Aliud
934 978 1066 1019 vero
1091 979 1121 1017 a
1144 979 1309 1035 supra
1335 966 1647 1021 memoratis
1685 965 1967 1021 hominum
1998 981 2091 1038 ge—

537 1066 641 1106 nus
673 1052 1043 1122 conspicatus,
1087 1054 1380 1125 impiorum
1418 1055 1691 1121 videlicet,
1721 1064 1775 1112 et
1801 1058 1893 1128 qui
1917 1056 2088 1113 Deum

536 1157 645 1197 non
673 1151 921 1209 nossent,
952 1160 1017 1199 ac
1048 1146 1142 1216 qui
1171 1146 1227 1201 in
1248 1161 1435 1203 errore
1462 1154 1516 1203 et
1538 1147 1846 1204 idololatria
1876 1149 2086 1204 voluta-

534 1242 744 1300 rentur,
776 1235 845 1290 ab
875 1236 941 1291 iis
967 1237 1313 1306 secedebam;
1353 1239 1428 1293 ita
1455 1248 1515 1294 ut
1546 1256 1615 1296 ne
1646 1242 1837 1297 sedere
1868 1241 2088 1313 quidem

535 1341 659 1381 cum
688 1326 757 1383 iis
787 1326 1006 1395 vellem,
1036 1343 1135 1384 nec
1164 1329 1257 1385 diu
1306 1345 1430 1385 cum
1464 1331 1532 1386 iis
1583 1333 1807 1397 morari,
1856 1349 1925 1389 ne
1982 1350 2088 1404 qua

535 1416 668 1471 mihi
697 1432 761 1473 ex
794 1431 984 1472 eorum
1031 1433 1329 1491 congressu
1372 1421 1667 1491 impietatis
1695 1424 1951 1497 contagio
1978 1425 2082 1481 ha:-

536 1515 696 1564 reret.
730 1506 909 1575 Quare
931 1508 1055 1564 dico
1092 1529 1105 1564 :
1133 1518 1183 1564 et
1205 1526 1322 1565 cum
1352 1512 1529 1582 impiis
1558 1528 1662 1567 non
1684 1512 1888 1570 sedebo.

2189 521 2312 566 τους
2374 502 2452 555 ἔτι
2509 500 2706 572 μᾶλλον
2760 498 2980 570 ἔφυγον,
3033 497 3462 571 παραιτούμενος
3501 497 3598 570 τὴν
3643 499 3765 568 ἃμα

2190 595 2368 658 αὐτοῖς
2408 595 2487 657 είς
2532 594 2631 664 τὴν
2665 593 2870 662 πλάνην
2916 592 3136 646 εἴσοδον.
3181 592 3289 645 Καὶ
3318 590 3372 643 εἴ
3405 607 3532 644 ποτε
3567 591 3625 644 δὲ
3656 591 3765 644 ἐώ-

2193 702 2298 757 ρων
2353 683 2806 754 ὲκκλησιάζοντάς
2858 700 3043 749 τινας,
3099 684 3189 736 καὶ
3245 683 3345 736 οὐκ
3384 683 3475 735 ἐπὶ
3529 684 3764 751 ματαιό-

2187 791 2348 845 τητος
2385 777 2831 845 συνερχομένους,
2856 774 2971 828 ἀλλ’
3005 774 3111 828 οὐδ’
3154 774 3246 827 ἐπὶ
3298 774 3633 845 παρανόμοις
3671 774 3764 847 ἕρ-

2189 884 2342 937 γοις,
2380 866 2494 920 ἀλλ’
2540 867 2634 919 ἐπὶ
2667 870 2925 939 πονηροῖς
2969 868 3063 921 καὶ¹
3105 867 3325 922 ἀσεϐέσι
3369 867 3650 939 δόγμασιν,
3703 871 3766 921 ἐν

2190 956 2449 1028 ἐκκλησίᾳ
2491 955 2650 1028 δῆθεν
2696 958 3212 1030 συγκροτουμένους,
3277 956 3499 1022 τούτους
3545 959 3610 1031 δὴ
3657 961 3765 1031 μά-

2190 1047 2343 1100 λιστα
2375 1045 2525 1118 παρά
2567 1047 2693 1111 τοὺς
2732 1046 3127 1119 προλεχθέντας
3169 1048 3361 1118 μίσους
3388 1047 3571 1113 ἀξίους
3597 1050 3765 1121 ἡγού-

2193 1155 2318 1210 μην.
2346 1139 2456 1192 Καὶ
2495 1138 2680 1211 ἕτερον
2720 1139 2779 1192 δὲ
2821 1140 3006 1212 τάγμα
3054 1140 3207 1211 παρά
3244 1140 3315 1193 τὰ
3356 1140 3765 1213 προλελεγμένα

2191 1228 2361 1295 εἰδὼς,
2394 1231 2455 1284 τὸ
2485 1230 2594 1283 τῶν
2641 1231 2870 1297 ἀσεϐῶν,
2918 1232 3024 1286 τῶν
3065 1232 3157 1286 τὸν
3203 1231 3335 1285 Θεὸν
3394 1231 3468 1303 μὴ
3516 1233 3761 1299 εἰδότων,

2189 1322 2651 1395 είδωλολατρείαις
2673 1324 2767 1378 καὶ
2791 1323 2966 1397 πλάνῃ
2987 1323 3433 1394 καλινδουμένων,
3454 1324 3767 1397 ἀνεχώρουν

2189 1414 2386 1482 αὐτῶν,
2437 1415 2513 1479 ὡς
2562 1415 2697 1488 μηδὲ
2741 1415 3023 1487 βούλεσθαι
3072 1418 3254 1481 αὐτοῖς
3307 1417 3763 1487 συγκαθέζεσθαι,

2145 1569 2152 1583 ⁸
2192 1506 2314 1578 μηδ’
2356 1507 2449 1560 ἐπὶ
2498 1507 2630 1562 πολὺ
2668 1508 3056 1582 συγχρονίζειν,
3098 1508 3172 1581 μὴ
3216 1510 3324 1580 ἀρα
3356 1527 3440 1574 τις
3484 1510 3542 1578 ἐξ
3580 1512 3766 1567 αὐτῶν

2188 1599 2396 1669 γένοιτό
2426 1618 2517 1673 μοι
2547 1601 2829 1673 μετάδοσις
2849 1602 3134 1667 ἀσεϐείαςο
3164 1601 3244 1656 διὸ
3269 1603 3446 1674 φημί·
3468 1602 3577 1658 Kal
3606 1604 3765 1674 μετὰ

2193 1693 2429 1748 ἀσεϐῶν
2454 1696 2526 1749 οὐ
2555 1693 2643 1775 ,μὴ
2678 1694 2922 1751 καθίσω.

605 1812 765 1871 Vnus.
838 1814 957 1872 6-8.
1040 1814 1248 1870 Lavabo
1318 1816 1453 1871 inter
1530 1817 1823 1873 innocentes
1900 1834 2088 1874 manus

2257 1808 2519 1878 Νίψομαι
2546 1807 2616 1862 ἐν
2663 1806 2876 1875 ἀθώοις
2922 1807 3029 1875 τὰς
3074 1808 3279 1879 χεῖράς
3319 1828 3460 1881 μου,
3512 1811 3615 1866 καὶ
3654 1830 3764 1867 κυ-

536 1921 698 1971 meas,
748 1915 801 1960 et
827 1905 1163 1961 circumdabo
1197 1910 1367 1962 altare
1395 1917 1563 1972 tuum,
1601 1908 1823 1964 Domine
1852 1926 1871 1965 :
1901 1920 1959 1964 ut
1993 1926 2089 1964 au—

534 1999 678 2053 diam
704 2015 877 2054 vocem
923 2000 1121 2065 laudis,
1174 2009 1225 2055 et
1279 2018 1516 2057 enarrem
1548 2004 1789 2057 universa
1817 2001 2088 2057 mirabilia

524 2098 647 2167 tua.
675 2087 924 2167 Domine,
953 2090 1118 2145 dilexi
1150 2090 1388 2146 decorem
1411 2090 1598 2148 domus
1642 2102 1766 2157 tuae,
1812 2102 1863 2148 et
1917 2094 2089 2148 locum

535 2159 887 2236 habitationi;
909 2182 1094 2252 gloriae
1121 2193 1243 2238 tuae.
1276 2182 1336 2238 ln
1369 2185 1605 2239 circuitu
1641 2183 1979 2240 tabernaculi
2007 2185 2086 2241 tui

536 2269 952 2335 obambulando,
987 2271 1216 2344 hymnos
1265 2274 1578 2330 emittebam
1627 2289 1728 2350 pro
1780 2274 2085 2341 sacrificiis,

536 2368 595 2414 ut
623 2361 694 2416 ab
717 2361 1031 2419 hominibus
1064 2378 1096 2420 e
1150 2364 1334 2420 vicino
1367 2366 1563 2436 positis
1599 2366 1961 2437 audirentur,
2013 2367 2087 2422 ita

534 2457 596 2505 ut
625 2466 815 2510 omnes
866 2468 1057 2519 vocem
1103 2470 1277 2510 meam
1308 2463 1361 2512 te
1387 2456 1777 2524 celebrantem,
1836 2472 1901 2513 ac
1925 2472 2087 2514 enar-

534 2550 744 2599 rantem
776 2543 1029 2600 universa
1060 2544 1331 2600 mirabilia
1387 2555 1480 2600 tua
1527 2546 1917 2603 auscultarent.
1951 2545 2087 2602 Nam

533 2633 591 2688 in
618 2632 833 2705 hymnis
884 2633 953 2689 ad
1002 2633 1083 2689 tui
1111 2633 1323 2692 laudem
1370 2637 1733 2706 concinnatis,
1769 2637 2087 2694 admiranda

532 2735 682 2798 gesta
712 2733 807 2781 tua
838 2742 947 2782 una
974 2727 1393 2797 complectebar,
1447 2745 1570 2800 qua:
1614 2730 1834 2801 proavis
1882 2732 2088 2788 nostris

535 2816 847 2874 exhibuisti.
877 2817 1065 2889 Neque
1091 2818 1354 2875 duntaxat
1383 2820 1553 2877 altare
1575 2831 1729 2877 tuum
1761 2822 2085 2890 circuibam,

533 2908 626 2965 sed
655 2915 827 2964 totam
857 2925 1073 2980 quoque
1116 2910 1335 2966 domum
1392 2920 1540 2966 tuam
1591 2911 1777 2981 dilexi,
1836 2911 2083 2979 Domine,

536 2998 875 3070 maximeque
901 2998 1151 3059 decorem
1189 2998 1332 3070 eius,
1369 3001 1462 3072 qui
1503 3001 1562 3057 in
1605 3002 1712 3074 piis
1740 3003 2087 3076 dogmatibus

2188 1896 2402 1952 κλώσω
2430 1898 2499 1953 τὸ
2521 1898 2953 1969 θυσιαστήριόν
2992 1917 3130 1965 σου,
3156 1903 3350 1970 Κύριε,
3371 1902 3477 1957 τοῦ
3500 1902 3762 1959 ἀκοῦσαι

2187 1989 2390 2061 φωνῆς
2412 1990 2719 2058 αἰνέσεως,
2751 1992 2848 2047 καὶ
2876 1991 3275 2064 διηγήσασθαι
3299 1993 3495 2049 πάντα
3524 1996 3597 2050 τὰ
3619 2000 3761 2052 θαυ-

2181 2081 2373 2152 μάσιά
2417 2099 2553 2138 σου.
2603 2085 2802 2154 Κύριε,
2852 2084 3139 2156 ἠγάπησα
3184 2087 3542 2157 εὐπρέπειαν
3578 2090 3757 2145 οἷκον

2187 2190 2323 2239 σου,
2367 2176 2466 2231 καὶ
2497 2179 2683 2232 τόπον
2708 2177 3098 2249 σκηνώωτος
3123 2180 3307 2250 δόξης
3345 2197 3484 2235 σου.
3524 2182 3761 2236 κυκλῶν

2189 2283 2284 2321 σου
2315 2266 2378 2321 τὸ
2401 2267 2802 2342 θυσιαστήριον,
2830 2269 3029 2342 ὕμνους
3060 2272 3370 2344 ἀνέπεμπον
3400 2273 3520 2327 ἀντὶ
3542 2273 3755 2340 Θυσίας,

2187 2359 2280 2413 καὶ
2301 2359 2400 2429 τὴν
2422 2358 2559 2431 ἐμὴν
2584 2360 2764 2433 φωνὴν
2787 2361 3054 2435 ἀκουστὴν
3079 2363 3294 2416 ἐποίουν
3307 2366 3418 2427 τοῖς
3437 2362 3760 2436 πλησιάζου-

2189 2464 2294 2514 σιν,
2328 2446 2473 2502 ὥστε¹
2501 2448 2706 2514 πάντας
2733 2449 2950 2503 ἀκούειν
2987 2450 3085 2521 τῆς
3115 2450 3253 2522 ἐμῆς
3292 2450 3473 2521 φωνῆς
3500 2451 3759 2523 αίνούσης

2189 2555 2248 2593 σε
2294 2539 2386 2594 τὸν
2427 2540 2556 2594 Θεὸν
2600 2542 2694 2595 καὶ
2739 2540 3097 2614 διηγουμένης
3142 2541 3319 2596 πάντα
3360 2540 3431 2596 τά
3475 2541 3759 2614 θαυμάσιά

2189 2648 2299 2686 σου.
2357 2632 2443 2685 Ἐν
2473 2632 2581 2704 γὰρ
2613 2635 2725 2697 τοῖς
2782 2635 2860 2699 είς
2892 2633 2953 2687 σὲ
2994 2632 3181 2705 ὕμνοις
3229 2635 3756 2707 συμπαρελάμϐανον

2185 2723 2286 2789 τὰς
2312 2722 2619 2796 θαυμασίας
2651 2741 2744 2778 σου
2776 2725 3021 2796 πράξεις,
3047 2726 3113 2789 ἃς
3139 2726 3384 2794 ἐνεδείξω
3405 2730 3513 2792 τοῖς
3550 2726 3758 2798 ἡμετέ-

2193 2832 2306 2887 ροις
2337 2816 2725 2889 προπάτορσιν.
2762 2818 2834 2871 Οὐ
2887 2817 3044 2889 μόνον
3068 2818 3124 2873 δὲ
3150 2818 3211 2873 τὸ
3255 2820 3627 2892 θυσιαστήριόν
3654 2836 3754 2874 σου

2191 2905 2472 2971 ἐκύκλουν,
2517 2905 2651 2959 ἀλλά
2690 2907 2785 2961 καὶ
2830 2907 3006 2961 πάντα
3037 2908 3126 2963 τὸν
3157 2904 3303 2964 οἶκόν
3347 2926 3439 2962 σου
3468 2908 3751 2981 ὴγάπησα.

2186 2997 2359 3069 Κύριε
2381 3014 2395 3029 ·
2431 2998 2526 3053 καὶ
2555 2998 2743 3052 τούτου
2784 2998 3016 3070 μάλιστα
3041 2999 3138 3072 τὴν
3163 3000 3493 3073 εὐπρέπειαν
3519 3000 3755 3073 θεωρου-

534 3097 587 3143 et
622 3088 984 3155 sermonibus,
1015 3104 1229 3147 necnon
1261 3091 1320 3146 in
1343 3090 1605 3150 divinitus
1636 3094 1852 3151 traditis
1896 3095 2088 3152 lectio-

2192 3090 2358 3163 μένην
2385 3092 2442 3144 ἐν
2467 3090 2713 3144 εὐσεϐέσι
2734 3090 2966 3163 δόγμασι
2987 3093 3080 3145 καὶ
3103 3091 3298 3161 λόγοις,
3331 3091 3388 3146 ἐν
3409 3109 3467 3146 τε
3496 3095 3607 3157 τοῖς
3635 3092 3755 3147 θεο-

533 3180 697 3236 nibus
726 3180 1024 3252 spectatur.
1056 3180 1228 3239 Decor
1276 3190 1458 3239 autem
1499 3184 1699 3243 domus
1749 3184 1844 3242 Dei
1900 3186 2085 3263 fuerit,

532 3271 973 3328 convenientium
1001 3282 1251 3341 ornatus,
1288 3274 1565 3348 inculpata
1601 3277 1734 3346 vita,
1785 3277 2090 3334 multitudi-

533 3360 622 3417 nis
650 3361 928 3429 bonestas,
975 3372 1275 3422 concentus
1325 3374 1380 3422 et
1425 3366 1716 3422 concordia
1756 3383 2090 3425 concurren-

532 3454 693 3510 tium.
722 3452 827 3511 Sed
859 3456 1116 3527 quoniam
1146 3452 1238 3514 ’νεὶ
1264 3457 1394 3529 ipsa:
1423 3457 1619 3515 domus
1645 3459 1824 3526 sedes,
1850 3461 1921 3516 ob
1941 3475 2092 3516 amo-

531 3545 611 3601 ris
639 3561 766 3620 erga
797 3546 966 3604 Deum
991 3549 1382 3621 praestantiam,
1411 3550 1683 3621 religiosis
1711 3551 1909 3607 animis
1940 3566 2094 3607 ama-

534 3634 673 3692 biles
726 3645 876 3704 sunt,
922 3638 1133 3694 etiamsi
1174 3638 1403 3695 diversae
1448 3639 1558 3713 sint
1604 3653 1636 3693 a
1667 3639 1868 3696 tradito
1895 3641 2091 3698 domus

537 3723 629 3781 Dei
660 3726 876 3793 decore,
918 3729 1111 3784 merito
1156 3729 1375 3800 adjecit,
1426 3738 1476 3785 et
1530 3730 1704 3786 locum
1748 3732 2090 3789 habitationis

535 3817 716 3889 gloria:
745 3828 869 3874 tam.

606 3928 770 3986 Vsus.
801 3930 889 3998 11,
938 3931 1024 3987 l2.
1066 3929 1177 4004 Ego
1220 3944 1396 3991 autem
1440 3936 1498 3991 in
1526 3937 1827 3992 innocentia
1860 3955 1976 3994 mea
2008 3940 2092 3993 in-

536 4035 743 4090 gressus
771 4037 889 4076 sum
928 4037 947 4076 :
989 4022 1195 4078 redime.
1213 4041 1314 4093 me,
1344 4025 1589 4093 Domine,
1617 4036 1669 4082 et
1697 4028 1940 4083 miserere
1969 4029 2089 4084 mei.

536 4110 636 4167 Pes
661 4128 805 4169 meus
835 4115 976 4169 stetit
1004 4115 1061 4169 in
1092 4110 1312 4185 directo,
1338 4118 1393 4171 in
1419 4116 1654 4173 ecclesiis
1689 4118 1987 4176 benediram
2022 4131 2089 4188 te,

536 4203 775 4261 Domine.
810 4206 1260 4279 Quandoquidem
1299 4209 1468 4281 igitur
1498 4225 1605 4281 qua
1648 4226 1905 4269 mensura
1934 4214 2093 4268 meti-

535 4313 677 4364 mur,
705 4300 1004 4356 remetietur
1030 4300 1199 4364 nobis,
1229 4309 1285 4358 et
1317 4303 1373 4357 in
1397 4318 1507 4375 quo
1525 4302 1735 4374 judicio
1756 4301 2089 4374 iudicamus,

534 4393 590 4449 in
618 4392 806 4450 eodem
825 4393 1196 4466 judicabimur
1219 4395 1298 4464 ³⁹;
1331 4394 1452 4452 ideo
1489 4394 1803 4467 frequenter
1827 4396 2093 4452 innocen-

2189 3180 2475 3246 πνεύστοις
2498 3180 2933 3254 ἀναγνώσμασιν.
2958 3181 3273 3255 Εύπρέπεια
3294 3182 3350 3235 δὲ
3376 3182 3461 3255 εἴη
3484 3182 3578 3236 τοῦ
3603 3184 3751 3237 οἴκου

2188 3272 2282 3327 τοῦ
2307 3273 2441 3328 Θεοῦ
2474 3274 2567 3327 καὶ
2588 3276 2617 3328 ό
2636 3274 2745 3328 τῶν
2770 3274 3171 3346 συνερχομένων
3193 3275 3414 3346 κόσμος,
3450 3275 3479 3327 ὅ
3503 3292 3561 3328 τε
3590 3274 3702 3345 βίος
3722 3276 3754 3329 ό

2191 3364 2553 3436 ἀνεπίληπτος
2575 3366 2669 3420 καὶ
2695 3365 2756 3419 τὸ
2786 3365 3010 3436 κόσμιον
3036 3365 3130 3419 τοῦ
3156 3366 3411 3438 πλήθους,
3437 3366 3532 3419 καὶ
3562 3369 3597 3438 ἡ
3620 3368 3753 3436 ὁμο-

2190 3455 2429 3527 φροσύνη
2485 3456 2595 3513 τῶν
2635 3459 3057 3531 συνερχομένων.
3114 3458 3249 3512 Ἀλλ’
3307 3458 3428 3511 ἐπεὶ
3479 3459 3574 3511 καὶ
3622 3458 3756 3511 αὐτὸ

2190 3551 2385 3621 ἔδαφος
2415 3551 2480 3604 δι’
2505 3552 2808 3626 ὑπερϐολὴν
2832 3553 2932 3625 τῆς
2958 3552 3095 3625 πρὸς
3120 3552 3252 3606 Θεὸν
3284 3552 3504 3623 ἀγάπης
3535 3552 3758 3623 ἀγαπη-

2189 3640 2281 3695 τὸν
2302 3641 2555 3712 τυγχάνει
2574 3643 2694 3705 ταῖς
2725 3640 2989 3710 φιλοθέοις
3025 3640 3242 3712 ψυχαῖς,
3268 3638 3453 3710 ἓτερον
3498 3638 3557 3691 ὃν
3602 3636 3758 3709 παρά

2188 3733 2287 3806 τὴν
2317 3732 2663 3788 ἀποδοθεῖσαν
2686 3733 2815 3805 ἡμῖν
2838 3733 3163 3805 εὐπρέπειαν
3184 3730 3278 3785 τοῦ
3300 3731 3451 3785 οἴκου
3472 3730 3567 3783 τοῦ
3593 3727 3755 3793 Θεοῦ,

2191 3823 2411 3889 εἰκότως
2428 3823 2684 3893 ἐπιλέγει·
2707 3823 2817 3878 Καὶ
2832 3824 3016 3878 τόπον
3024 3821 3403 3893 σκηνώματός
3416 3820 3600 3889 δόξης
3614 3834 3755 3874 σου.

2276 3934 2420 4006 Ἐγὼ
2452 3934 2520 3989 δὲ
2557 3935 2627 3991 ἐν
2652 3936 2871 4003 ἀκακία
2904 3954 3023 4007 μου
3062 3936 3422 4005 ἐπορεύθην·
3451 3934 3760 4003 λύτρωσαί

2190 4046 2284 4100 με,
2318 4030 2515 4097 Κύριε,
2544 4028 2640 4082 καὶ
2670 4027 2927 4096 ἐλέησόν
2955 4044 3053 4098 με.
3096 4029 3149 4082 Ὁ
3184 4026 3337 4094 ποῦς
3357 4043 3476 4097 μου
3505 4026 3656 4094 ἔστη
3688 4027 3759 4080 ἐν

2192 4123 2487 4190 εὐθύτητι,
2539 4120 2610 4174 ἐν
2650 4119 3002 4187 ἐκκλησίαις
3043 4118 3358 4189 εὐλογήσω
3404 4134 3498 4181 σε,
3555 4120 3755 4187 Κύριε.

2205 4215 2358 4270 Ἐπεὶ
2380 4213 2558 4267 τοίνυν
2594 4206 2638 4281 ᾧ
2671 4211 2851 4285 μέτρῳ
2876 4201 3763 4279 μετροῦμενάντιμετρηθήσεται

2197 4300 2356 4370 ἡμῖν,
2382 4300 2476 4354 καὶ
2519 4303 2576 4354 ὲν
2614 4294 2659 4369 ᾧ
2690 4300 2913 4372 κρίματι
2943 4298 3219 4369 κρίνομεν,
3247 4296 3644 4369 κριθησόμεθα,
3671 4295 3764 4350 διὰ

2191 4392 2349 4447 τοῦτο
2392 4391 2627 4464 συνεχῶς
2667 4393 2765 4464 τὴν
2806 4391 3038 4446 ἀκακίαν
3080 4390 3460 4465 προϐάλλεται,
3510 4389 3765 4444 τουτέστι

534 4483 663 4538 tiam
693 4463 966 4555 proponit,
996 4484 1051 4540 id
1076 4492 1180 4551 est,
1212 4463 1478 4541 malorum
1507 4463 1856 4552 oblivionem,
1881 4493 1938 4541 et
1955 4487 2088 4541 tole-

2196 4486 2293 4557 τὴν
2318 4463 2619 4557 ἀμνηστίαν
2654 4463 2862 4551 κακῶν,
2903 4484 2999 4538 καὶ
3028 4463 3136 4555 τὴν*
3157 4483 3292 4556 πρὸς
3330 4485 3456 4547 τοὺς
3488 4485 3570 4548 είς
3596 4483 3766 4538 αὐτὸν

534 4576 768 4631 rantiam
813 4562 1397 4650 mansuetudinemque
1426 4594 1554 4650 erga
1586 4594 1682 4634 eos
1713 4579 1807 4649 qui
1861 4578 1916 4633 in
1981 4577 2094 4634 sel-

534 4679 690 4735 psum
725 4677 1117 4736 peccaverant,
1176 4678 1238 4724 ut
1261 4685 1443 4740 parem
1478 4678 1535 4726 et
1578 4670 1696 4740 ipse
1726 4684 1824 4741 pro
1853 4668 2092 4725 admisso

532 4765 714 4811 errato
745 4754 1135 4828 indulgentiam
1184 4757 1281 4814 Dei
1333 4760 1709 4815 nanciscatur.
1763 4758 1856 4814 Sic
1893 4774 2089 4831 preca-

531 4856 645 4910 tus,
691 4844 878 4903 divino
927 4850 1106 4907 sancti
1132 4857 1195 4904 et
1238 4850 1545 4922 prophetici
1586 4848 1822 4921 Spiritus
1865 4851 2091 4908 numine

531 4937 765 5005 adlatus,
806 4940 884 4995 ita
932 4942 1127 5014 pergit,
1160 4957 1249 5013 pes
1274 4960 1418 4999 meus
1456 4946 1600 4999 stetit
1641 4946 1697 5000 in
1730 4945 1928 5002 directo
1969 4964 1989 5002 :
2035 4948 2091 5002 in

531 5031 760 5088 ecclesiis
789 5032 1089 5090 benedicam
1111 5045 1180 5100 te,
1204 5036 1446 5093 Domine.
1468 5036 1813 5094 Vaticinatur
1832 5039 1977 5096 enim
2006 5055 2088 5106 se,

532 5123 635 5180 ctsi
691 5124 923 5194 pedibus
978 5142 1372 5199 nonnunquam
1421 5130 1778 5196 vacillaverit,
1810 5145 1875 5186 ac
1908 5140 2090 5189 motus

532 5230 937 5288 succussusque
969 5218 1156 5284 fuerit,
1179 5236 1457 5292 nunquam
1488 5224 1667 5278 ta‘men
1696 5222 1751 5276 in
1786 5222 1873 5278 his
1902 5222 2090 5293 lapsu-

533 5321 674 5379 rum,
723 5307 817 5363 sed
847 5310 1211 5365 constitutum
1260 5312 1314 5365 in
1348 5311 1580 5377 directo,
1628 5319 1792 5383 atque
1840 5311 2086 5367 futurum

532 5413 654 5456 esse
677 5406 737 5454 ut
760 5398 817 5456 in
845 5400 1095 5458 ecclesiis
1113 5401 1396 5458 benedicat
1425 5401 1686 5471 Domino;
1719 5403 1807 5459 his
1834 5418 2090 5475 praenun-

531 5491 671 5550 tians
719 5491 959 5550 futuram
1009 5493 1097 5551 sui
1149 5495 1206 5552 in
1255 5495 1502 5553 ecclesiis
1550 5495 1648 5553 Dei
1702 5495 2019 5553 memoriam
2072 5516 2084 5550 :

602 5697 646 5730 ”
685 5698 871 5757 Matth.
904 5717 978 5757 vlt
1000 5743 1017 5773 ,
1046 5691 1108 5758 2;

2191 4579 2575 4652 ἡμαρτηκότας
2602 4577 2947 4645 ἀνεξικακίαν
2965 4593 2981 4608 ’
3014 4576 3089 4642 ὡς
3109 4576 3174 4631 ἂν
3202 4578 3294 4631 καὶ
3315 4577 3475 4642 αὐτὸς
3506 4578 3605 4648 τῆς
3638 4579 3768 4649 ῐσης

2192 4674 2345 4748 παρά
2367 4675 2462 4729 τοῦ
2506 4675 2640 4729 Θεοῦ
2665 4674 2817 4745 τύχοι
2842 4674 3143 4747 ἀμνηστίας
3171 4676 3263 4729 ἐπὶ
3286 4674 3364 4748 τῷ
3394 4676 3770 4747 συμϐεϐηκότι

2192 4766 2340 4838 αύτῷ
2373 4766 2664 4837 σφάλματι.
2692 4765 2803 4819 Καὶ
2840 4764 3011 4820 ταῦτα
3047 4765 3325 4831 ἱκετεύσας
3358 4766 3655 4833 ἐπιθειάζει
3685 4770 3773 4841 τῷ

2192 4856 2334 4927 ἁγίῳ
2364 4855 2459 4909 καὶ
2483 4852 2805 4926 προφητικῷ
2821 4851 3098 4925 Πνεύματι
3130 4852 3305 4923 λέγων
3327 4853 3452 4925 ἑξῆς
3470 4870 3484 4884 ·
3524 4854 3579 4907 Ὀ
3605 4854 3775 4922 ποῦς

2192 4965 2310 5018 μου
2337 4947 2486 5015 ἔστη
2520 4947 2592 5000 ἐν
2624 4946 2917 5015 εὐθύτητι,
2961 4945 3032 5000 ἐν
3059 4946 3411 5014 ἐκκλησίαις
3447 4943 3775 5014 εὐλογήσω

2195 5054 2292 5105 σε,
2329 5040 2524 5107 Κύριε.
2556 5035 2895 5109 Προφητεύει
2934 5034 3064 5109 γὰρ,
3102 5037 3205 5101 ὅτι,
3234 5037 3284 5090 εί
3313 5036 3407 5090 καί
3440 5052 3570 5089 ποτε
3600 5035 3774 5104 γέγο-

2195 5147 2283 5184 νεν
2309 5132 2367 5184 ἐν
2397 5132 2511 5194 τοῖς
2547 5128 2704 5185 ποσὶν
2738 5128 2901 5182 αὐτοῦ
2936 5126 3096 5192 σάλος
3127 5127 3222 5181 καὶ
3249 5126 3435 5191 κλόνος
3472 5126 3568 5180 καὶ
3609 5126 3773 5196 κίνηο

2198 5239 2315 5287 σις·
2358 5220 2471 5274 ἀλλ’
2503 5220 2563 5274 ού
2607 5224 2853 5273 πεσεῖται
2895 5219 2988 5272 ἐπὶ
3029 5217 3258 5283 τούτοις,
3309 5218 3566 5288 στήσεται
3611 5215 3671 5268 δὲ
3707 5218 3773 5269 ἐν

2196 5313 2466 5385 εὐθύτητι,
2514 5311 2720 5384 μέλλων
2764 5314 2823 5366 ἐν
2856 5310 3170 5383 ἐκκλησίαις
3202 5310 3439 5378 εὐλογεῖν
3478 5306 3571 5361 τὸν
3607 5306 3771 5372 Θεὸν,

2194 5405 2292 5477 τὴν
2322 5403 2410 5458 διὰ
2440 5403 2628 5459 πασῶν
2653 5403 2761 5457 τῶν
2784 5403 3086 5477 ἐκκλησιῶν
3113 5402 3206 5456 τοῦ
3229 5402 3364 5456 Θεοῦ
3401 5403 3618 5473 μνήμην
3640 5398 3777 5452 ἐαυ-

2195 5494 2288 5551 τοῦ
2320 5498 2784 5569 προαναφωνήσας
2806 5512 2820 5527 ο
2863 5497 2942 5561 είς
2966 5495 3046 5549 ἔτι
3072 5493 3200 5564 γοῦν
3228 5494 3323 5547 καὶ
3365 5494 3606 5565 σήμερον
3642 5489 3773 5545 καθ’
