3980 6214
267 300 369 359 957

1384 297 1879 356 COMMENTARIA
1913 295 1981 351 IN
2014 292 2348 353 PSALMOS.

3393 291 3500 348 238

264 416 393 488 ὅλης
421 415 526 488 τῆς
569 413 892 486 οἰκουμένης
932 414 991 467 ἐν
1021 416 1140 479 ταῖς
1187 414 1419 486 Χριστοῦ
1458 416 1772 488 ἐκκλησίαις
1811 418 1838 470 ό

1942 428 2065 468 nam
2119 412 2188 467 ad
2238 409 2565 465 hodiernum
2627 422 2799 478 usque
2861 406 2997 462 diem
3057 421 3152 476 per
3189 405 3496 461 universam

265 501 427 563 Δαυῖδ
452 505 665 576 εὐλογετ
684 505 775 559 τὸν
810 504 1033 577 Κύριον.

802 718 888 771 ro
922 718 1119 772 eam
1163 721 1305 786 KQ".

329 811 555 880 Κύριος
597 812 901 879 φωτισμός
944 827 1083 879 ⁹ιιου,
1134 810 1232 864 καὶ
1279 810 1479 879 σωτήρ
1526 827 1666 880 μου,
1704 810 1835 864 τίνα

263 901 721 972 φοϐηθήσομαις
763 901 979 969 Κύριος
1026 901 1484 970 ὑπερασπιστὴς
1531 900 1642 970 τῆς
1690 899 1836 968 ζωῆς

234 1010 390 1062 μου,
417 993 551 1048 ἀπὸ
590 993 757 1059 τινος
799 991 1113 1057 δειλιάσω;
1143 995 1252 1047 Καὶ
1291 995 1379 1049 διὰ
1410 992 1566 1047 τοῦτο
1611 994 1664 1047 τί
1695 994 1835 1048 διδά-

265 1102 376 1141 σκει
399 1085 465 1139 τὸ
503 1084 735 1157 Πνεῦμα
757 1085 816 1139 τὸ
842 1084 1210 1157 προφητικόνς
1242 1087 1427 1150 Ὅπως
1459 1086 1721 1157 προσήκει
1746 1084 1837 1138 τὸν

262 1174 335 1247 τῷ
375 1175 507 1247 Θεῷ
559 1174 919 1246 ἀνακείμενον
961 1176 1296 1248 εὐχαριστεῖν
1338 1175 1505 1247 αὐτῷ,
1538 1176 1632 1230 καὶ
1679 1177 1836 1230 ὁποῖα

267 1265 406 1339 παρὰ
442 1266 551 1320 τοῦ
583 1265 720 1320 Θεοῦ
767 1266 958 1320 αἰτεῖν.
1001 1266 1248 1338 Περιέχει
1284 1268 1341 1321 δὲ
1365 1268 1395 1321 ὁ
1430 1267 1585 1336 λόγος
1616 1268 1828 1339 εὐχαρι-

272 1358 427 1413 στίαν.
466 1358 715 1422 Εἰκότως
756 1358 934 1413 τοίνυν
960 1356 1083 1412 οὔτε
1123 1358 1355 1431 ψαλμδς,
1385 1359 1506 1414 οὕτε
1536 1360 1666 1432 ᾠδὴ.
1710 1358 1833 1413 οὗτε

270 1469 314 1504 τι
342 1450 450 1504 τῶν
500 1449 898 1522 παραπλησίων
941 1451 1371 1523 ἐπιγέγραπται·
1413 1452 1627 1520 Κύριος
1658 1468 1832 1521 φωτι-

271 1545 414 1612 σμός
440 1559 567 1613 μου
594 1541 692 1595 καὶ
731 1540 930 1610 σωτήρ
956 1560 1096 1611 μου,
1128 1543 1264 1596 τινα
1289 1542 1732 1612 φοϐηθήσομαις
1775 1543 1833 1596 Ὀ

276 1635 367 1705 μὲν
406 1634 513 1704 τὴν
539 1632 716 1704 ψυχὴν
758 1634 818 1686 ἐν
866 1633 1020 1687 νυκτὶ
1053 1633 1148 1686 καὶ⁵
1187 1635 1360 1706 σκότῳ
1403 1633 1831 1706 καλινδούμενος,

276 1726 370 1780 οὒκ
389 1725 542 1792 εἰδὼς
572 1729 691 1781 ὅποι
727 1725 956 1797 φέρεται
989 1727 1084 1780 καὶ
1108 1726 1255 1790 ὅπως
1281 1727 1632 1797 προσκόπτει,
1667 1727 1834 1800 μυρία

282 1817 425 1871 κακὰ
461 1818 837 1890 φοϐηθησεται,
882 1818 956 1882 ὡς
994 1817 1060 1873 ἂν
1100 1818 1374 1883 παντελῶς
1424 1818 1801 1891 ἐπισπώμενος
1819 1839 1834 1852 ο

290 1906 409 1960 ὅθεν
432 1908 603 1961 πάντα
638 1907 793 1977 φόϐον
833 1908 1152 1980 ὑπιδόμενος
1187 1912 1582 1983 καταπτήσσει.
1613 1913 1707 1965 καὶ⁵
1741 1912 1838 1983 τῆς

297 1998 375 2062 είς
395 1996 483 2052 τὸν
505 1998 627 2053 Θεὸν
647 2000 929 2071 ὁμολογίας
952 2000 1172 2069 ἔξαρνος
1191 2002 1414 2070 γίνεται.
1445 2002 1503 2055 '0
1524 2002 1581 2056 δὲ
1607 2003 1707 2073 τῆς
1734 2002 1832 2073 ψυ-

299 2088 397 2159 χῆς
416 2090 534 2154 τοὺς
562 2091 864 2163 ὀφθαλμοὺς
887 2091 994 2145 ὑπὸ
1022 2092 1120 2163 τῆς
1143 2092 1346 2163 Κυρίου
1377 2092 1694 2164 ὲλλάμψεως
1728 2112 1840 2163 φω-

296 2183 485 2248 τισθεὶς
512 2184 721 2256 πρῶτον
765 2187 864 2256 μὲν
891 2186 1142 2240 ἁπάντων
1185 2185 1346 2239 αὑτὸν
1383 2185 1473 2239 τὸν
1505 2186 1670 2240 αὑτοῦ
1708 2187 1841 2258 πρό-

287 2293 447 2347 μαχον
472 2278 565 2331 καὶ
588 2278 811 2350 σωτῆρα
837 2278 1032 2342 ὁπόσος
1053 2277 1137 2342 τίς
1171 2280 1284 2330 ἐστι
1310 2277 1532 2349 θεωρεῖ·
1572 2272 1670 2331 εἶτ’
1696 2277 1838 2349 ἔργῳ

282 2368 623 2440 παραλαϐὼν,
646 2369 722 2434 ὡς
746 2371 777 2423 ὁ
804 2369 912 2424 τῶν
930 2370 1185 2424 ἁπάντων
1207 2368 1471 2439 δεσπότης
1500 2369 1593 2421 καὶ⁵
1613 2368 1836 2441 Κύριος,

194 2456 199 2469 '
281 2458 460 2530 θυρεὸς
496 2460 665 2515 αὑτοῦ
711 2461 807 2515 καὶ
845 2460 1006 2514 ὅπλον
1046 2461 1256 2532 ἄμαχον
1288 2461 1381 2514 καὶ
1430 2461 1840 2533 ὑπερασπιστὴς

279 2552 627 2625 καθέστηκεν,
661 2554 906 2625 ἀτρεμὴς
948 2553 1175 2623 γίνεται,
1218 2554 1312 2607 καὶ
1353 2553 1448 2607 ἆτε
1484 2554 1611 2618 τοὺς
1641 2553 1840 2623 ὀφθαλ-

283 2644 409 2714 μοὺς
431 2645 531 2714 τῆς
556 2644 734 2715 ψυχῆς
765 2646 1021 2716 ἀτρεμεῖς
1046 2642 1204 2715 ἔχων,
1247 2646 1342 2699 καὶ
1375 2644 1837 2716 πεφωτισμένους,

280 2735 480 2799 πάντας
499 2736 629 2801 τοὺς
654 2735 847 2790 ἐαυτοῦ
874 2735 1119 2808 ἐχθροὺς,
1147 2735 1255 2789 εἴτε
1275 2736 1400 2801 τοὺς
1421 2736 1512 2790 τὸν
1536 2736 1668 2790 Θεὸν
1690 2736 1841 2806 ἁγνο-

279 2826 463 2890 οὖντας
500 2826 841 2899 ἀνθρώπους,
873 2827 983 2882 εἴτε
1031 2826 1131 2892 τὰς
1160 2828 1423 2901 ἀοράτους
1463 2828 1558 2883 καὶ
1599 2827 1841 2901 πονηρὰς

283 2918 549 2989 δυνάμεις,
588 2921 829 2991 ἐρήμους
867 2921 970 2994 ὁρᾷ
1006 2920 1101 2974 τοῦ
1148 2920 1403 2975 τοσούτου
1450 2920 1694 2994 σωτῆρος
1745 2920 1839 2975 καὶ

290 3003 498 3076 βοηθοῦ,
523 3006 614 3061 καὶ
646 3007 721 3071 ὡς
754 3008 857 3079 ήδη
890 3010 1245 3073 πεπτωκότας
1280 3009 1474 3083 Θεωρεί
1495 3027 1509 3040 ο
1542 3010 1622 3064 διὸ
1660 3011 1840 3082 πάσης

1938 511 2140 559 terram
2196 501 2251 556 in
2296 499 2540 556 ecclesiis
2586 497 2793 554 Christi
2854 496 3023 553 David
3074 496 3343 552 benedici:
3390 495 3501 553 Do»

1940 610 2107 651 mino.

2494 707 2702 763 DAVID
2728 705 2921 761 XXVI.

2012 803 2179 859 Vens.
2216 803 2270 865 1,
2298 802 2353 856 2.
2393 801 2653 855 Dominus
2683 798 3004 853 illuminatio
3030 813 3167 859 mea.
3195 805 3245 850 et
3267 795 3501 850 salvator

1940 914 2105 956 meus.
2127 912 2276 967 quem
2301 894 2531 947 timebo?
2569 892 2823 947 Dominus
2850 899 3112 959 protector
3140 890 3260 943 vita
3291 904 3439 949 meat,
3469 905 3503 941 a

1938 1007 2037 1060 quo
2062 986 2370 1056 trepidabo?
2403 983 2499 1040 His
2530 998 2693 1053 porro
2721 981 2852 1053 quid
2885 978 3121 1051 Spiritus
3151 978 3503 1050 propheticus

1937 1084 2132 1139 docet?
2163 1080 2448 1148 Quomodo
2475 1086 2721 1150 oporteat
2757 1077 3031 1133 hominem
3078 1076 3189 1132 Deo
3225 1074 3499 1130 addictum

1940 1175 2041 1243 ipsi
2080 1174 2285 1244 gratias
2339 1188 2522 1244 agere,
2551 1180 2607 1227 ct
2633 1170 2815 1241 qualia
2844 1185 2939 1240 par
2966 1169 3038 1224 sit
3065 1169 3133 1225 ab
3163 1169 3282 1240 ipso
3312 1175 3506 1239 postué

1938 1266 2071 1320 lare.
2104 1265 2203 1320 Hic
2230 1279 2362 1320 sane
2390 1278 2570 1319 sermo
2599 1263 2894 1333 gratiarum
2931 1261 3199 1316 actionem
3238 1259 3501 1315 continet.

1938 1357 2118 1423 Quare
2140 1357 2263 1427 jure
2286 1369 2351 1409 ac
2390 1354 2587 1413 merito
2614 1369 2791 1424 neque
2814 1352 3060 1424 psalmus
3077 1393 3093 1416 ,
3125 1367 3300 1423 neque
3326 1351 3503 1406 canti-

1937 1440 2084 1515 cum,
2109 1464 2285 1521 neque
2310 1447 2588 1518 quidpiam
2631 1447 2809 1502 simile
2856 1444 3175 1502 inscribitur
3205 1463 3219 1500 :
3247 1444 3502 1499 Dominus

1937 1543 2257 1597 illuminatio
2287 1556 2404 1596 mea
2453 1548 2503 1594 et
2557 1538 2793 1594 salvator
2839 1554 3019 1600 meus,
3069 1552 3220 1607 quem
3274 1534 3505 1591 timebo?

1939 1635 2042 1702 Qui
2064 1637 2118 1689 in
2138 1643 2296 1690 nocte
2323 1648 2388 1687 ac
2424 1632 2669 1688 tenebris
2711 1629 2895 1685 animo
2916 1630 3191 1684 volutatur
3219 1668 3236 1692 ,
3284 1628 3504 1685 nescius

1943 1740 2051 1796 quo
2072 1727 2296 1789 feratur,
2323 1723 2467 1780 etin
2513 1719 2659 1792 quod
2697 1720 2994 1791 impingat.
3055 1729 3312 1775 sexcenta
3362 1718 3506 1774 mala

1945 1816 2299 1889 pertimescit,
2329 1822 2517 1887 utpote
2548 1813 2641 1885 qui
2674 1813 2783 1869 huc,
2812 1811 2941 1867 illuc
2966 1811 3181 1883 penitus
3211 1812 3503 1880 trahatur;

1939 1904 2108 1982 quare
2160 1910 2371 1964 nullum
2424 1922 2536 1963 non
2590 1903 2894 1961 formidinis
2948 1918 3118 1975 genus
3170 1905 3502 1976 suspicatus.

1936 1999 2298 2062 exhorrescit,
2327 2006 2489 2068 atque
2542 1995 2942 2052 confessionem
2987 1993 3099 2050 Deo
3149 1996 3399 2067 abnegat.
3432 1995 3507 2051 At

1938 2091 2032 2162 qui
2066 2090 2263 2146 mentis
2293 2088 2467 2146 oculis
2499 2104 2529 2143 a
2556 2086 2769 2143 Domini
2813 2087 3101 2158 splendore
3134 2087 3503 2153 illuminatur,

1941 2179 2117 2251 primo
2148 2179 2366 2250 quidem
2397 2193 2461 2235 ac
2492 2194 2604 2248 prae
2647 2179 2901 2235 omnibus
2945 2186 3401 2251 propugnatorem
3440 2194 3506 2235 ac

1941 2273 2282 2331 Servatorem
2315 2289 2515 2338 suum,
2571 2280 2811 2344 quantus
2828 2256 3085 2331 'videlicet
3121 2275 3230 2340 sit,
3261 2283 3507 2328 contem-

1940 2369 2147 2439 platur;
2201 2366 2397 2422 deinde
2426 2380 2557 2422 vero
2590 2376 2877 2437 postquam
2931 2365 3014 2421 vel
3043 2381 3109 2420 ex
3153 2365 3288 2435 ipsis
3335 2364 3503 2434 gestis

1939 2458 2105 2514 rebus
2136 2456 2402 2522 edidicit,
2448 2456 2830 2513 universorum
2878 2455 3166 2511 Dominum
3211 2464 3267 2511 et
3319 2463 3506 2528 patro-

1939 2565 2093 2614 num,
2123 2548 2373 2621 clypeum
2405 2547 2535 2614 sibi,
2580 2556 2911 2603 armaturam
2946 2547 3414 2619 inexpugnabilem
3437 2560 3506 2603 ac

1940 2651 2303 2714 protectorem
2331 2655 2486 2707 esse;
2513 2646 2649 2695 tunc
2697 2639 3010 2695 formidinis
3050 2655 3281 2710 expers,
3312 2654 3378 2696 ac
3414 2645 3506 2696 ut-

1941 2743 2068 2807 pote
2116 2734 2314 2790 mentis
2339 2732 2528 2789 oculos
2578 2731 2881 2802 intrepidos
2934 2731 3376 2806 illuminatosque
3405 2731 3505 2787 ha-

1939 2827 2097 2887 bens.
2131 2840 2320 2882 omnes
2351 2823 2602 2880 inimicos
2656 2837 2821 2889 suos,
2869 2822 2985 2878 sive
3034 2821 3286 2876 homines
3332 2821 3533 2876 Deum‘

1941 2918 2274 2989 ignorantes,
2312 2916 2426 2972 sive
2455 2914 2755 2972 invisibiles
2787 2914 3158 2987 malignasque
3185 2922 3502 2986 potestates,

1940 3008 2253 3080 hujusmodi
2283 3017 2559 3065 servatore
2609 3008 2961 3079 adjutoreque
3010 3022 3235 3072 vacuos,
3265 3007 3501 3078 aspicit,

286 3096 466 3152 αὐτῶν
509 3097 602 3168 τῆς
637 3098 928 3171 ἐπιϐουλῆς
966 3100 1238 3173 καταγελᾷ
1271 3100 1485 3173 θαρσῶν
1526 3101 1603 3174 τῷ
1647 3102 1838 3156 ἐαυτοῦ

1943 3113 1996 3157 et
2023 3102 2181 3173 quasi
2200 3101 2312 3172 jam
2336 3102 2519 3171 lapsos
2550 3100 2824 3164 intuetur;
2858 3114 3029 3171 quare
3071 3097 3342 3156 defensori
3373 3114 3506 3155 con-

284 3187 617 3259 ὑπερμάχῳ·
660 3190 740 3244 διό
794 3207 988 3261 φησιν·
1030 3191 1093 3243 Ei
1134 3191 1232 3263 μὲν
1272 3192 1347 3264 μή
1385 3208 1477 3263 μοι
1515 3194 1545 3247 ό
1589 3192 1840 3258 τοσοῦτος

277 3280 465 3352 παρῆν
511 3280 721 3353 βοηθὸς,
767 3281 1018 3350 φωτίζων
1068 3301 1169 3355 μου
1205 3284 1305 3354 τὴν
1334 3283 1509 3356 ψυχὴν
1539 3286 1634 3339 καὶ
1673 3286 1841 3358 ὑπερ-

271 3370 518 3436 ασπὶζων
555 3390 658 3443 μου
679 3373 777 3445 τῆς
792 3372 957 3444 ζωῆς,
984 3375 1207 3439 εἰκότως
1221 3375 1495 3449 ἐφοϐήθην
1510 3376 1575 3430 ἂν
1601 3376 1708 3445 τὰς
1737 3378 1840 3446 ἀρ-

267 3462 383 3531 χὰς
428 3464 532 3518 καὶ
576 3465 687 3532 τὰς
722 3465 1008 3534 ἐξουσίας
1044 3466 1143 3522 καὶ
1180 3468 1323 3535 τοὺς
1363 3469 1841 3539 κοσμοκράτορας

265 3554 373 3609 τοῦ
426 3555 693 3621 σκότους
743 3557 978 3621 τούτου,
1043 3557 1140 3611 καὶ
1193 3557 1266 3612 τὰ
1315 3560 1683 3630 πνευματικὰ
1729 3560 1843 3629 τῆς

264 3647 585 3713 πονηρίας,
625 3644 751 3709 τούς
791 3665 851 3701 τε
896 3648 999 3701 ὑπὸ
1033 3648 1234 3704 τούτων
1273 3652 1714 3724 ἐνεργουμένους,
1747 3654 1842 3707 καὶ

264 3738 409 3791 κατὰ
431 3737 545 3790 τῶν
566 3737 664 3791 τοῦ
688 3738 822 3792 Θεοῦ
852 3739 1097 3811 ἀθλητῶν
1121 3742 1600 3815 ἐπανισταμένους.
1647 3746 1843 3800 Ἰκανοὶ

263 3830 374 3901 γὰρ
406 3824 554 3900 ἦσαν
578 3822 725 3884 οὗτοι
758 3831 1054 3904 θορυϐῆσαι
1083 3832 1181 3905 τὴν
1204 3834 1381 3906 ψυχήν
1418 3853 1519 3907 μου
1551 3837 1625 3910 μὴ
1656 3856 1842 3908 πεφω-

263 3921 534 3992 τισμένην
555 3938 571 3952 ·
607 3922 730 3975 ἐπεὶ
752 3922 809 3976 δὲ
831 3924 992 3988 αὐτὸς
1022 3927 1051 3977 ό
1076 3925 1184 3979 τῶν
1214 3926 1350 3981 ὅλων
1375 3928 1662 4001 δεσπότης,
1694 3932 1722 3984 ὁ
1749 3930 1840 3984 τοῦ

264 4013 402 4068 Θεοῦ
426 4014 579 4078 Υἱὸς,
606 4014 882 4085 φωτισμὸς
907 4017 1180 4087 τυγχάνει,
1206 4020 1235 4070 ὁ
1266 4019 1426 4082 αὐτὸς
1451 4020 1506 4073 δὲ
1544 4022 1636 4075 καὶ
1660 4024 1842 4095 σωτήρ

269 4124 370 4177 μου
412 4106 586 4170 ἐστὶν,
614 4104 838 4170 εἰκότως
862 4109 1091 4178 φήσαιμ’
1115 4107 1200 4172 ἄν,
1237 4110 1377 4164 Τίνα
1400 4111 1808 4181 φοϐηθήσομαι
1823 4129 1842 4176 ;

265 4198 477 4252 οὐδένα
521 4196 631 4270 γὰρ
672 4199 1142 4270 ἐπιστραφήσομαι
1170 4198 1279 4253 τῶν
1300 4201 1565 4256 τοσούτων
1613 4204 1841 4275 ἐχθρῶν,

265 4290 391 4345 οὐδὲ
441 4288 560 4343 ἀπό
593 4306 735 4353 τινος
764 4289 966 4344 τούτων
995 4291 1267 4355 δειλιάσω,
1316 4292 1530 4366 θαρσῶν
1566 4295 1646 4367 τῷ
1677 4296 1846 4370 ὑπερο

267 4380 516 4448 ασπιστῇ
545 4378 645 4447 τῆς
680 4376 825 4449 ζωῆς
858 4396 979 4449 μου.
1016 4378 1196 4433 ’Πάλιν
1227 4381 1271 4434 δ’
1299 4382 1532 4436 ἐνταῦθα
1560 4386 1840 4457 τηρήσεις,

1942 3192 2076 3249 fisus
2102 3208 2204 3249 suo
2238 3193 2508 3263 quaslibet
2537 3183 2793 3262 ἱρθοτιιιιί
2810 3190 3020 3248 deridet
3050 3190 3297 3255 insidias,
3355 3190 3507 3247 ideo-

1941 3302 2048 3358 que
2070 3287 2145 3341 ait
2173 3306 2185 3341 :
2234 3285 2352 3342 Nisi
2385 3286 2518 3340 mihi
2549 3286 2675 3341 talis
2715 3284 2933 3355 adiutor
2961 3284 3197 3349 adesset,
3225 3283 3503 3339 illumina-

1944 3387 2029 3435 tor
2061 3379 2273 3440 animm,
2306 3393 2372 3433 ac
2403 3386 2680 3448 protector
2706 3377 2850 3440 vitm,
2872 3375 3063 3431 merito
3093 3374 3503 3430 reformidarem

1941 3471 2265 3541 principatus
2310 3480 2361 3523 et
2397 3478 2676 3538 potestates
2732 3478 2781 3522 et
2808 3465 2989 3521 mundi
3012 3475 3236 3520 rectores
3267 3462 3505 3518 tenebra~

1944 3581 2061 3619 rum
2090 3563 2298 3627 harum,
2321 3571 2370 3617 et
2396 3560 2698 3626 spiritualia
2747 3559 2991 3629 nequitia:
3037 3558 3084 3592 “
3106 3598 3122 3622 ,
3165 3572 3379 3613 necnon
3411 3571 3508 3612 eos

1944 3656 2039 3726 qui
2070 3655 2221 3710 hisce
2245 3653 2473 3709 interius
2520 3652 2814 3723 agitantur,
2844 3657 2900 3706 et
2931 3657 3123 3705 contra
3151 3648 3248 3705 Dei
3275 3648 3508 3704 athletas

1943 3750 2253 3819 insurgunt.
2284 3745 2419 3800 Nam
2448 3745 2486 3799 ii
2528 3744 2666 3800 tales
2710 3750 2865 3799 erant
2896 3742 2989 3813 qui
3040 3742 3276 3796 animam
3329 3756 3504 3796 meam

1943 3839 2270 3895 conturbare
2298 3842 2543 3908 possent,
2572 3836 2620 3891 si
2670 3850 2780 3890 non
2830 3834 3130 3890 illuminata
3175 3833 3407 3898 fuisset;
3453 3841 3510 3885 at

1944 3930 2199 4002 quoniam
2232 3930 2349 4000 ipse
2377 3918 2755 3984 universorum
2781 3926 3041 3982 Dominus
3065 3925 3160 3981 Dei
3187 3924 3357 3980 Filius
3384 3924 3508 3978 illu-

1942 4025 2172 4079 minatio
2203 4038 2322 4079 mea
2344 4030 2450 4084 est,
2480 4023 2705 4093 ipseque
2738 4018 2995 4076 Servator
3010 4034 3185 4083 meus,
3204 4018 3330 4089 jure
3354 4017 3508 4073 dixe-

1943 4116 2070 4177 rim,
2097 4115 2265 4181 Quem
2295 4114 2525 4170 timebo?
2554 4111 2633 4167 Ex
2662 4119 2742 4167 tot
2760 4113 2959 4182 quippe
2988 4110 3225 4166 inimicis
3249 4125 3318 4166 ne
3338 4124 3509 4166 unum

1944 4206 2162 4277 quidem
2194 4205 2594 4275 pertimescam,
2627 4219 2803 4273 neque
2849 4201 3084 4271 aliquem
3114 4217 3303 4257 eorum
3334 4201 3508 4257 refor-

1943 4294 2185 4359 midabo,
2208 4295 2500 4364 protectori
2529 4294 2654 4348 vitae
2684 4307 2816 4347 meae
2840 4290 3101 4346 conﬁsus.
3157 4290 3269 4347 Hic.
3314 4291 3510 4346 iterum

1944 4389 2204 4443 observes
2234 4386 2415 4449 velim,
2449 4385 2604 4449 illud,
2636 4384 2883 4440 Salvator
2914 4401 3091 4448 meus,
3147 4383 3204 4438 in
3242 4381 3511 4438 Hebraico

265 4470 340 4533 ὡς
395 4469 480 4533 τὸ,
536 4469 737 4537 Σωτήρ
777 4488 916 4540 μου,
973 4473 1032 4525 ἐν
1085 4471 1163 4543 τῷ
1217 4473 1505 4546 Ἐϐραῖκῷ,
1558 4478 1619 4531 τὸ
1670 4478 1838 4550 ὄνομα

1947 4480 2261 4550 exemplari,
2292 4477 2589 4533 Salvatoris
2641 4477 2817 4531 nostri
2864 4475 2991 4531 Jesu
3035 4476 3239 4531 Christi
3279 4489 3510 4541 nomen,

270 4561 361 4615 τοῦ
394 4560 652 4633 Σωτῆρος
672 4561 828 4632 ἡμῶν
860 4562 1031 4633 Ἰησοῦ
1053 4565 1287 4635 Χριστοῦ
1321 4567 1501 4632 αὐτοῖς
1528 4571 1841 4643 χαρακτῆρ-

268 4673 355 4709 σιν
397 4655 707 4729 Ἐϐραῖκοξς
749 4658 1008 4729 περιέχει,
1042 4661 1100 4713 ἐν
1140 4654 1221 4723 οἷς
1263 4659 1330 4714 ἄν
1360 4671 1441 4718 τις
1483 4657 1575 4710 τὸν
1608 4660 1844 4729 Ἰησοῦν

270 4748 553 4820 γράψειεν.

351 4842 411 4898 Ὀ
438 4842 499 4895 δὲ
535 4841 707 4897 ταῦτα
746 4842 917 4911 λέγων
952 4843 1187 4898 διδάσκει
1224 4844 1406 4898 ὁποίου
1440 4846 1721 4920 πειραθεὶς
1747 4846 1841 4901 τοῦ

276 4933 465 4990 ἐαυτοῦ
504 4935 764 5008 σωτῆρος,
796 4934 899 5005 τῆς
930 4935 1037 4989 τῶν
1060 4934 1268 5006 ἐχθρῶν
1293 4937 1582 5010 ἐπιϐουλῆς
1608 4940 1838 5008 κατεγέ-

276 5036 432 5081 λασε·
457 5025 541 5080 διό
573 5043 735 5098 φησιν
758 5045 771 5057 ·
810 5029 911 5082 Ἐν
939 5027 1021 5092 τῷ
1044 5028 1290 5099 ἐγγίζειν
1317 5030 1411 5084 ἐπ’
1442 5029 1548 5097 ἐμὲ
1587 5031 1841 5086 κακοῦν-

278 5136 399 5186 τας,
439 5119 548 5173 τοῦ
589 5119 801 5188 φαγεῖν
840 5120 945 5186 τὰς
988 5119 1221 5189 σάρκας
1265 5141 1404 5193 μου,
1445 5127 1499 5178 οι
1538 5124 1842 5192 θλίϐοντες

277 5211 373 5263 ml
406 5211 462 5264 οι
501 5210 706 5279 ἐχθροί
719 5228 859 5278 μου,
884 5212 1055 5266 αὐτοὶ
1077 5211 1426 5282 quamam»
1463 5214 1563 5268 καί
1593 5216 1839 5269 ἔπεσαν.

276 5303 337 5354 υἱ
372 5302 470 5373 μὲν
498 5301 720 5356 ἐπίεσάν
756 5320 845 5374 μοι
870 5303 1075 5375 θηρίων
1100 5304 1405 5359 ἀτιθάσσων
1431 5306 1606 5377 δίκην,
1656 5323 1846 5377 μονονι

277 5392 392 5462 ουχὶ
423 5396 708 5448 καταπιεῖν
756 5411 823 5465 με
861 5393 1170 5467 βουλόμενοι
1199 5398 1290 5451 καὶ
1322 5399 1491 5462 αὑτάς
1532 5416 1632 5470 μου
1676 5415 1843 5453 κατα-

279 5485 622 5556 μασήσασθαι
640 5484 739 5550 τὰς
760 5486 986 5559 σάρκας.
1015 5488 1106 5542 Διὸ
1134 5488 1381 5544 λέλεκται
1422 5489 1574 5561 παρὰ
1592 5489 1671 5562 τῷ
1699 5491 1843 5562 Συμ-

280 5576 465 5647 μάχῳ*
512 5576 618 5631 Ἐν
661 5576 741 5643 τῷ
785 5577 1032 5649 ἐγγίζειν
1069 5580 1163 5634 ἐπ’
1196 5580 1302 5651 ἐμὲ
1344 5582 1712 5652 κακούργους
1755 5584 1843 5649 είς

380 5733 427 5764 ⁸⁸
471 5730 675 5796 Euhes~
708 5748 797 5794 vt,
836 5733 921 5788 12.

1941 4572 2235 4642 ipsissimis
2279 4568 2647 4625 caracteribus
2679 4565 2962 4622 Hebraicis
3012 4565 3336 4636 exprimere,
3354 4565 3514 4636 queis

1944 4677 2141 4718 nomen
2170 4660 2324 4716 Iesus
2358 4656 2704 4715 describitur.

2018 4839 2123 4907 Qui
2161 4839 2276 4894 haec
2327 4835 2601 4907 loquitur,
2649 4839 2869 4889 enarrat
2911 4831 3124 4902 qualem
3178 4838 3513 4887 servatorem

1942 4942 2198 5005 expertus
2221 4931 2568 4986 inimicorum
2594 4927 2825 4984 insidias
2862 4925 3135 4989 deriserit,
3160 4925 3513 4995 quamobrem

1941 5026 2053 5080 ait:
2088 5024 2229 5078 Dum
2258 5022 2572 5093 appropiant
2592 5035 2747 5089 super
2772 5035 2851 5073 me
2893 5027 3132 5072 nocentes
3160 5056 3175 5080 ,
3233 5026 3293 5070 ut
3355 5016 3513 5072 edant

1943 5131 2127 5170 carnes
2155 5127 2333 5176 meas;
2361 5111 2450 5180 qui
2482 5108 2741 5163 tribulant
2773 5124 2854 5162 me
2895 5106 3096 5161 inimici
3127 5107 3252 5174 mei,
3278 5105 3381 5175 ipsi
3432 5104 3514 5157 in-

1945 5206 2145 5274 ﬁrmati
2174 5214 2296 5260 sunt
2336 5213 2385 5259 et
2428 5202 2743 5259 ceciderunt.
2789 5199 2872 5255 Illi
2900 5200 3118 5271 quidem
3164 5199 3340 5256 instar
3373 5196 3514 5251 fera-

1944 5319 2065 5357 rum
2105 5298 2533 5357 intractabilium
2573 5311 2662 5351 me
2693 5293 2904 5350 adorati
2935 5299 3106 5359 sunt,
3147 5299 3359 5347 tantum
3403 5302 3515 5340 non

1948 5393 2189 5465 aggressi
2219 5400 2279 5446 ut
2297 5390 2621 5447 devorarent
2649 5398 2704 5444 et
2733 5387 2883 5458 ipsas
2911 5400 3105 5442 carnes
3142 5380 3511 5440 comederent.

1949 5487 2128 5555 Quare
2179 5485 2323 5558 apud
2371 5482 2756 5556 Symmachum
2784 5479 2985 5535 dicitur
3014 5497 3029 5533 :
3061 5477 3202 5532 Dum
3239 5472 3516 5546 appmpin-

1946 5592 2110 5652 quant
2164 5579 2293 5635 mihi
2339 5577 2664 5646 facinerosi,
2725 5582 2783 5631 ut
2843 5573 3081 5628 devorent
3130 5581 3313 5622 carnes
3343 5580 3516 5631 meas,
