3980 6214
466 302 576 361 239

1207 293 1475 352 EUSEBll
1510 284 1985 348 CIESARIENSIS
2022 284 2174 340 OPP.
2212 284 2393 339 PARS
2431 284 2518 338 lll.
2558 316 2627 326 —
2662 279 3070 338 EXEGETICA.

3600 273 3711 327 2‘0

470 420 671 476 Verum
714 417 805 488 qui
860 415 991 470 talia
1024 420 1213 470 contra
1266 426 1353 466 me
1384 406 1879 467 machinatisunt,
1919 416 2035 457 cum

2146 401 2211 455 τὸ
2258 401 2618 472 καταφαγεῖν
2658 399 2763 466 τὰς
2809 397 3039 467 σάρκας
3077 411 3215 465 μου.
3255 390 3393 447 Ἀλλ’
3437 392 3486 445 οί
3532 387 3710 442 ταῦτα

467 514 580 583 jam
612 505 846 581 proximi
887 506 1143 561 carnibus
1175 503 1313 559 meis
1346 503 1614 557 instarent
1642 539 1657 565 ,
1712 496 1900 581 nescio
1929 510 2037 567 quo

472 613 633 676 pacto
659 617 779 673 quae
808 603 864 657 in
902 617 989 656 me
1025 605 1337 671 perpetrare
1379 593 1622 651 meditati
1666 591 1883 647 fuerant
1905 631 1919 655 ,
1973 603 2037 643 ea

472 698 589 767 ipsa
611 694 855 766 perpessi
883 700 1027 750 sunt.
1056 688 1192 747 Nam
1240 704 1347 754 me,
1376 687 1572 758 inquit,
1600 698 1789 742 contra
1823 699 1921 741 eos
1948 684 2037 738 ni-

471 788 548 843 hil
578 787 958 859 aggrediente,
989 784 1092 855 ipsi
1131 783 1389 852 inﬁrmati
1416 788 1571 845 sunt,
1624 788 1674 833 et
1720 776 2034 832 ceciderunt.

472 879 785 944 Enimvero,
826 890 885 934 ut
917 884 1101 949 aperte
1130 877 1329 947 liquet,
1365 874 1505 930 lucis
1531 888 1664 928 meae
1716 870 2039 926 servatoris-

469 989 575 1043 que
604 974 707 1029 mei
750 987 950 1028 arcana
989 971 1281 1042 divinaque
1323 968 1521 1024 virtute
1562 963 1816 1022 dcbellati
1849 970 1904 1019 et
1944 962 2041 1018 de-

470 1065 612 1135 pulsi
646 1073 804 1130 sunt,
837 1073 897 1120 ut
929 1081 1033 1120 una
1064 1080 1163 1137 ego
1202 1066 1270 1119 ab
1300 1061 1515 1118 insidiis
1544 1073 1734 1116 eorum
1760 1058 2037 1127 eriperer;

469 1160 712 1231 nihilque
741 1160 926 1216 damni
957 1158 1281 1229 acciperem,
1311 1164 1364 1213 et
1395 1156 1506 1212 illis
1536 1168 1754 1226 quoque
1786 1151 2040 1207 utilitatis

469 1251 746 1321 quidpiam
769 1251 1080 1317 obveniret;
1115 1265 1180 1303 ac
1209 1247 1489 1303 debilitata
1508 1245 1822 1303 eorumdem
1852 1243 2041 1314 nequi-

474 1343 570 1405 tia,
596 1341 652 1396 id
678 1342 871 1397 saltem
900 1341 1038 1396 lucri
1086 1340 1460 1411 perciperent,
1509 1346 1570 1392 ut
1616 1352 1686 1393 ne
1727 1336 1799 1393 ob
1829 1336 2038 1390 illatum

426 1436 603 1489 ‘mihi
658 1434 1078 1499 detrimentum,
1130 1449 1321 1489 eorum
1377 1431 1694 1503 improbitas
1757 1443 2040 1485 accresce-

468 1531 573 1580 ret.
607 1522 665 1578 ln
695 1524 1022 1595 quibusdam
1045 1522 1448 1594 exemplaribus
1480 1520 1839 1578 inscribitur:
1874 1519 2040 1574 Psal-

471 1634 586 1673 mus
616 1618 835 1673 Davidis
864 1621 1171 1689 priusquam
1203 1618 1465 1692 (iniretur.

540 1710 705 1766 Vsus.
744 1713 799 1768 4.
848 1709 1018 1766 Unam
1048 1711 1226 1780 petiia
1252 1709 1478 1764 Domino
1500 1748 1516 1771 ,
1551 1708 1687 1761 hanc
1734 1706 1996 1777 requiram
2019 1746 2035 1770 ,

468 1813 525 1856 ut
557 1804 840 1858 inhabilem
869 1798 925 1858 in
953 1804 1108 1858 domo
1156 1802 1370 1856 Domini
1409 1801 1650 1855 omnibus
1682 1798 1864 1854 diebus
1917 1798 2036 1852 vita:

467 1912 630 1959 mea,
679 1905 736 1950 ut
776 1894 982 1951 rideam
1040 1894 1357 1964 voluptatem
1411 1892 1664 1957 Domini,
1726 1900 1777 1945 et
1834 1890 2035 1945 uisitem

370 1978 373 1981 ’
469 1986 720 2057 templum
762 1985 898 2056 ejus.
936 1984 1149 2039 Domini
1194 1982 1564 2055 pulchritudo,
1599 1998 1663 2036 ac
1688 1981 1852 2035 decor
1878 1978 2036 2034 volu-

466 2084 733 2150 ptasque,
785 2077 841 2132 in
894 2077 1056 2133 domo
1107 2075 1205 2131 Dei
1236 2075 1611 2145 conspicitur,
1676 2071 1931 2128 videlicet
1978 2069 2035 2125 in

466 2167 709 2227 Ecclesia
740 2168 893 2240 ejus;
952 2169 1114 2240 idque
1145 2176 1367 2239 propter
1397 2165 1657 2221 divinitus
1685 2164 1916 2219 traditas
1933 2177 2036 2248 ,εε-

466 2275 700 2331 crasque
748 2258 1106 2329 disciplinas,
1161 2255 1359 2326 quibus
1388 2269 1516 2309 vera
1571 2252 1712 2307 inest
1764 2248 2035 2305 sermonis

467 2351 833 2424 pulchritudo,
864 2365 1025 2407 verus
1055 2349 1239 2413 decor,
1267 2348 1321 2403 in
1361 2363 1468 2418 quo
1496 2346 1580 2402 vel
1621 2350 1738 2415 ipse
1766 2342 1911 2398 Deus
1939 2340 2035 2396 de-

466 2446 698 2500 lectatur
737 2458 802 2498 ac
849 2453 1120 2498 versatur.
1150 2439 1337 2511 Neque
1369 2454 1400 2492 a
1431 2452 1560 2494 vero
1590 2433 1960 2497 aberraveris,
1984 2431 2032 2487 si

465 2535 716 2590 decorem
750 2532 902 2588 illum
934 2531 1139 2587 dixeris
1160 2546 1283 2587 esse
1315 2534 1667 2600 temperatam
1695 2525 2034 2596 probamque

467 2626 651 2691 vitam,
688 2639 755 2680 ac
788 2631 1037 2681 sanctum
1087 2624 1396 2680 institutum
1433 2620 1713 2678 hominum
1766 2618 1859 2689 qui
1906 2615 2033 2672 reli-

465 2720 625 2791 gione
656 2734 722 2774 ac
751 2719 952 2789 pietate
976 2725 1333 2775 exornantur.

533 2895 700 2952 Vsus.
741 2897 795 2958 5,
832 2896 887 2951 6.
931 2895 1191 2963 Quoniam
1242 2892 1517 2948 abscondit
1562 2909 1642 2946 me
1686 2892 1740 2945 in
1788 2890 2035 2945 taberna-

466 2990 583 3046 culo
607 3007 627 3045 :
657 2991 710 3044 in
735 2989 819 3044 die
840 2989 1099 3043 malorum
1142 2988 1369 3057 protexit
1408 3001 1487 3039 me
1518 2984 1571 3038 in
1606 2981 1913 3038 abscondito
1949 2991 2032 3036 ta-

2139 495 2259 546 κατ’
2292 492 2423 563 ἐμοῦ
2467 490 2859 560 διανοηθέντες,
2889 489 2983 543 καὶ
3025 485 3125 558 ῆδη
3168 482 3392 555 πλησίον
3427 481 3710 551 γενόμενοι

2135 582 2242 637 τῶν
2274 582 2420 653 ἐμῶν
2456 582 2692 653 σαρκῶν,
2729 580 2829 634 οὐκ
2868 576 2962 633 οἷδ’
2991 579 3138 640 ὅπως
3178 574 3321 645 ἅπερ
3350 571 3554 645 πρᾶξαι
3585 571 3711 624 κατ’

2137 675 2272 746 ἐμοῦ
2321 676 2676 748 διανενόηντο,
2722 672 2895 728 ταῦτα
2939 670 3301 726 πεπόνθασινο
3357 664 3536 720 Αὐτοὶ
3574 665 3706 748 γὰρ,

2135 744 2321 838 φησὶν,
2367 744 2747 836 ἠσθένησαν,
2778 765 2875 818 καὶ
2914 764 3162 828 ἔπεσαν,
3215 760 3363 815 οὐδὲν
3407 757 3542 829 ἐμοῦ
3587 744 3711 811 κατ⁹

2136 860 2312 915 αὐτῶν
2354 860 2713 933 ἐνηργηκότος
2736 876 2750 890 σ
2793 857 2927 911 ἀλλὰ
2967 855 3166 927 δηλαδὴ
3211 853 3303 908 τοῦ
3353 851 3485 923 ἐμοῦ
3535 852 3712 921 φωτὸς

2136 954 2230 1007 καὶ
2265 952 2361 1007 τοῦ
2403 952 2537 1024 ἐμοῦ
2582 952 2821 1023 σωτῆρος
2849 949 3142 1023 ἀπορρήτῳ
3166 947 3260 1001 καὶ
3291 946 3444 1017 θεῖκῇ
3482 944 3711 1015 δυνάμει

2138 1046 2258 1099 κατ’
2301 1042 2481 1097 αὐτῶν
2531 1041 2998 1115 στρατευσαμένου
3049 1040 3141 1094 καὶ
3182 1036 3578 1099 καταϐαλόντος
3618 1034 3711 1087 αὐ-

2136 1134 2281 1211 τοὺς,
2319 1134 2383 1186 ἵν’
2408 1132 2517 1203 ἐγώ
2548 1150 2606 1185 τε
2634 1132 2884 1204 ρυσθείην
2910 1131 3009 1202 τῆς
3048 1128 3228 1183 αὐτῶν
3274 1126 3582 1198 ἐπιϐουλῆς,
3618 1126 3713 1179 καὶ

2142 1224 2307 1297 μηδὲν
2351 1224 2622 1296 βλαϐείην,
2666 1224 2819 1278 αὐτοί
2864 1240 2924 1276 τε
2970 1220 3320 1293 ὼφεληθεῖεν,
3356 1219 3458 1290 τῆς
3501 1218 3712 1294 ἐαυτῶν

2139 1316 2333 1380 κακίας
2363 1314 2835 1386 ἐξασθενήσαντες,
2870 1313 3225 1384 κερδάναντες
3246 1309 3326 1380 τῷ
3360 1309 3434 1381 μὴ
3460 1308 3558 1380 τὴν
3584 1310 3711 1363 ἐαυ-

2137 1409 2245 1463 τῶν
2278 1408 2509 1480 αὐξῆσαι
2550 1407 2847 1481 μοχθηρίαν
2875 1404 2963 1459 διὰ
3007 1404 3108 1474 τῆς
3138 1405 3257 1457 κατ’
3305 1401 3439 1473 ἐμοῦ
3485 1401 3709 1473 βλάϐης.

2143 1503 2240 1556 Ἐν
2283 1518 2422 1555 τισιν
2463 1500 2886 1571 ἐπιγέγραπται,
2937 1495 3182 1566 Ψαλμὸς
3219 1495 3325 1549 τοῦ
3368 1493 3547 1548 Δαυτδ
3594 1493 3713 1562 πρὸ

2139 1594 2245 1648 τοῦ
2274 1592 2614 1664 χρισθῆναι.

2212 1685 2372 1739 Μίαν
2418 1684 2737 1754 ᾐτησάμην
2773 1680 2933 1751 παρὰ
2980 1681 3221 1751 Κυρίου,
3272 1679 3499 1747 ταύτην
3543 1675 3694 1748 ἐκζη-

2138 1776 2335 1845 τήσω·
2374 1777 2482 1831 τοῦ
2525 1776 2825 1831 κατοικεῖν
2860 1792 2938 1845 με
2962 1775 3032 1829 ὲν
3067 1773 3210 1837 οἴκῳ
3256 1773 3476 1841 Κυρίου
3507 1769 3705 1838 πάσας

2139 1870 2247 1938 τὰς
2287 1870 2510 1940 ἡμέρας
2555 1869 2665 1938 τῆς
2707 1868 2854 1938 ζωῆς
2890 1887 3030 1939 μου,
3079 1867 3184 1923 τοῦ
3213 1865 3450 1936 θεωρεῖν
3486 1883 3565 1935 με
3594 1863 3709 1933 τὴν

2141 1964 2508 2033 τερπνότητα
2537 1960 2782 2031 Κυρίου,
2814 1960 2912 2015 καὶ
2944 1959 3409 2015 ἐπισκέπτεσθαι
3432 1956 3541 2012 τὸν
3559 1956 3711 2011 ναὸν

2139 2056 2343 2112 αὐτοῦ.
2369 2055 2581 2119 Κάλλος
2609 2054 2814 2127 Κυρίου
2835 2053 2929 2107 καὶ
2958 2050 3257 2124 εὐπρέπεια
3287 2051 3380 2104 καὶ
3407 2048 3711 2122 τερπνότης

2142 2151 2199 2203 ἐν
2227 2148 2305 2220 τῷ
2346 2150 2480 2220 οἴκῳ
2510 2146 2602 2201 τοῦ
2649 2145 2782 2203 Θεοῦ
2813 2146 3120 2217 θεωρεῖται,
3149 2142 3343 2214 δηλαδὴ
3379 2142 3438 2195 ἐν
3468 2142 3535 2212 τῇ
3580 2140 3709 2194 Ἐκ-

2140 2241 2338 2314 κλησίᾳ
2370 2239 2556 2305 αὐτοῦ,
2600 2238 2687 2293 διὰ
2724 2236 2833 2291 τῶν
2872 2235 3239 2290 θεοτωεύστων
3283 2234 3375 2287 καὶ
3409 2233 3568 2305 ἱερῶν
3603 2248 3710 2301 μα-

2141 2332 2417 2403 θημάτων,
2449 2334 2507 2385 ἐν
2538 2324 2620 2393 οἷς
2649 2328 2709 2382 τὸ
2744 2327 2991 2400 ἀληθινὸν
3022 2325 3114 2380 τοῦ
3148 2325 3304 2393 λόγου
3350 2322 3564 2386 κάλλος,
3613 2323 3708 2376 καὶ

2137 2428 2171 2497 ἡ
2216 2423 2420 2496 ἀληθὴς
2471 2421 2792 2494 εὐπρέπεια,
2921 2420 3014 2474 καὶ
3067 2418 3229 2481 αὐτὸς
3275 2418 3629 2489 ἐπιτέρπεται
3668 2420 3699 2470 6

2139 2517 2271 2581 Θεὸς
2298 2516 2391 2570 καὶ⁹
2416 2513 2845 2586 ἐμπολιτεύεται.
2891 2512 3004 2565 Οὐκ
3029 2510 3093 2564 ἂν
3124 2510 3180 2563 δὲ
3225 2508 3486 2580 ἁμάρτοις
3514 2505 3683 2579 εὐπρέ

2139 2628 2299 2665 πειαν
2346 2609 2518 2679 λέγων
2566 2608 2659 2661 καὶ
2704 2607 2794 2660 τὸν
2836 2603 3085 2677 σώφρονα
3124 2603 3219 2657 καὶ
3248 2600 3441 2673 σεμνὸν
3473 2599 3586 2670 βίον
3614 2599 3710 2651 καὶ

2139 2706 2317 2759 πᾶσαν
2355 2701 2452 2774 τὴν
2485 2703 2736 2774 ἐνάρετον
2760 2698 3028 2752 πολιτείαν
3056 2696 3162 2750 τῶν
3200 2697 3258 2749 ἐν
3288 2692 3556 2765 θεοσεϐείᾳ
3583 2691 3705 2745 δια-

2140 2799 2473 2872 πρεπόντων.

2212 2897 2331 2948 "Ott
2372 2891 2600 2962 ἔκρυψέ
2643 2907 2719 2961 με
2757 2891 2827 2943 ἐν
2876 2884 3077 2955 σκηνῇ
3095 2902 3108 2916 ’
3156 2885 3227 2939 ἐν
3272 2881 3459 2952 ἡμέρᾳ
3505 2877 3707 2935 κακῶν

2137 2986 2441 3043 ἐσκέπασέ
2480 3003 2557 3056 με
2597 2986 2667 3039 ἐν
2708 2982 3030 3050 ἀποκρύφῳ
3073 2976 3184 3047 τῆς
3220 2972 3455 3042 σκηνῆς
3495 2969 3707 3025 αὑτοῦ.

468 3080 736 3135 bernaculi
764 3081 869 3135 sui.
916 3078 983 3133 In
1016 3089 1165 3149 petra
1217 3076 1473 3132 exultavit
1523 3091 1622 3130 me.
1675 3072 1802 3128 Haec
1848 3073 2032 3127 omnia

2151 3084 2249 3137 Ἐν
2272 3081 2456 3150 πέτρᾳ
2486 3078 2697 3149 ὕψωσέ
2718 3094 2813 3149 με.
2842 3074 3025 3130 Ταῦτά
3052 3090 3140 3145 μοι
3175 3071 3353 3125 πάντα
3382 3066 3654 3138 παρέσχεν
3678 3064 3706 3165 ς

465 3172 597 3228 mihi
646 3172 895 3228 Salvator
927 3187 1082 3228 meus
1120 3171 1347 3242 largitus
1378 3176 1497 3233 est,
1543 3168 1670 3221 dum
1721 3167 2034 3236 appropiant

2138 3172 2328 3245 Σωτήρ
2360 3188 2461 3244 μου
2484 3170 2555 3224 ἐν
2578 3168 2658 3235 τῷ
2686 3165 2930 3238 ἐγγίζειν
2955 3161 3045 3219 ἐπ’
3083 3161 3189 3232 ἐμὲ
3215 3158 3575 3222 κακοῦντας,
3600 3152 3707 3209 τοῦ

466 3279 621 3332 super
648 3280 728 3319 me
752 3272 1012 3331 nocentes,
1040 3274 1098 3318 ut
1137 3263 1297 3317 edant
1327 3275 1510 3315 carnes
1539 3274 1705 3312 meas.
1744 3255 1852 3327 Ipsi
1883 3270 2037 3310 nam-

466 3373 574 3428 que
595 3357 853 3413 inﬂrmati
884 3364 1014 3413 sunt
1049 3364 1105 3413 et
1132 3356 1446 3411 ceciderunt
1477 3372 1492 3407 :
1528 3367 1629 3422 ego
1659 3357 1838 3405 autem
1870 3348 1925 3402 in
1954 3355 2037 3401 ta-

467 3450 766 3509 bernaculo
795 3450 1050 3506 habitans
1075 3449 1300 3504 dextera
1346 3447 1468 3517 ejus
1508 3442 1838 3514 contegebat
1860 3481 1875 3506 ,
1909 3441 2037 3511 quia

467 3544 782 3600 scilicet~in
826 3543 1060 3600 desertis
1113 3542 1248 3597 locis
1280 3547 1412 3595 tunc
1446 3537 1707 3609 temporis
1739 3532 2032 3595 versabar,

465 3638 613 3709 quod
646 3637 889 3693 nondum
918 3637 1149 3693 excitata
1177 3633 1374 3688 domus
1407 3630 1619 3687 Domini
1647 3635 1831 3691 esset,
1861 3639 2038 3695 neque

466 3731 729 3801 templum
750 3729 871 3799 ejus
899 3734 1157 3784 exstaret.
1189 3723 1294 3780 Sed
1334 3724 1453 3794 ipse
1491 3721 1728 3794 protexit
1753 3735 1840 3775 me
1870 3719 1925 3773 in
1949 3715 2037 3772 die

467 3822 757 3885 malorum,
799 3819 855 3874 id
884 3829 987 3882 est,
1023 3825 1270 3888 tempore
1299 3815 1742 3887 persecutionum
1775 3821 1830 3868 et
1859 3817 2037 3866 tenta-

467 3914 709 3978 tionum;
766 3925 874 3965 non
917 3910 1026 3964 alio
1074 3909 1127 3963 in
1157 3908 1298 3974 loco,
1331 3896 1492 3978 quam
1526 3906 1579 3960 in
1604 3903 1929 3961 abscondito
1957 3910 2039 3956 ta-

469 4002 749 4059 bernaculi
780 4003 886 4059 sui.
921 4000 1161 4072 Hujusce
1190 4015 1355 4071 porro
1372 3999 1504 4055 dicti
1533 3997 2034 4069 interpretationem

469 4092 810 4148 mutuaberis
861 4107 930 4148 ex
992 4091 1062 4147 iis
1114 4106 1251 4162 quae.
1290 4090 1501 4161 Moyses
1560 4089 1627 4144 de
1685 4086 2038 4143 tabernaculo

467 4184 834 4257 conscripsit,
893 4197 1108 4239 necnon
1157 4182 1225 4238 de
1282 4180 1618 4238 tabernaculi
1670 4178 1878 4234 intimis
1919 4194 2038 4248 par-

465 4278 642 4344 tibus,
675 4292 797 4350 qua:
831 4276 1089 4333 omnibus
1115 4275 1663 4340 inaccessae,Sancta
1721 4278 2033 4327 sanctorum

465 4373 823 4430 vocabantur.
898 4369 1023 4426 Haec
1084 4376 1241 4425 erant
1299 4367 1615 4423 abscondita
1676 4361 2031 4419 tabernaculi.

2136 3265 2348 3336 φαγεῖν
2374 3262 2482 3330 τὰς
2523 3262 2755 3329 σάρκας
2788 3277 2929 3329 μου.
2960 3260 3021 3311 Οἱ
3059 3256 3155 3328 μὲν
3186 3254 3294 3323 γὰρ
3322 3250 3583 3323 ἠσθένουν
3612 3246 3704 3300 καὶ

2136 3356 2360 3409 ἔπιπτον
2379 3372 2393 3385 °
2442 3351 2554 3423 ἐγὼ
2581 3352 2637 3405 δὲ
2679 3351 2783 3404 ὑπὸ
2825 3349 2925 3419 τῆς
2962 3346 3122 3401 αὐτοῦ
3150 3345 3326 3408 δεξιᾶς,
3352 3339 3707 3413 ἐκρυπτόμην

2135 3447 2193 3500 ἐν
2219 3447 2390 3515 σκηνῇ
2414 3442 2702 3507 κατοικῶν,
2727 3442 2814 3496 διὰ
2842 3440 2902 3493 τὺ
2928 3441 2985 3493 ἐν
3012 3436 3266 3509 ἐρημίαις
3300 3434 3399 3497 τὰς
3427 3431 3707 3503 διατριϐὰς

2137 3536 2424 3600 ποιεῖσθαι,
2452 3536 2544 3589 καὶ
2569 3535 2644 3606 μὴ
2669 3534 2809 3604 ἔχειν
2834 3531 2951 3585 τότε
2977 3528 3067 3583 τὸν
3092 3523 3240 3581 οἶκον
3265 3524 3358 3578 τοῦ
3386 3522 3543 3585 Θεοῦ,
3570 3520 3708 3592 μηδὲ

2134 3631 2224 3684 τὸν
2256 3631 2381 3684 ναὸν
2418 3627 2603 3682 αὐτοῦ.
2641 3624 2798 3680 Ἀλλὰ
2841 3623 2933 3678 καί
2971 3619 3245 3675 ἐσκέπασέ
3292 3634 3361 3690 με
3406 3617 3465 3670 ἐν
3496 3618 3560 3686 τῇ
3594 3612 3711 3667 τῶν

2136 3722 2321 3778 κακῶν
2352 3721 2553 3793 ἡμέρᾳ,
2587 3718 2859 3773 τουτέστιν
2893 3718 2951 3769 ἐν
2977 3713 3152 3787 καιρῷ
3191 3712 3296 3766 τῶν
3326 3708 3578 3780 διωγμῶν
3612 3706 3711 3760 καὶι

2136 3814 2243 3869 τῶν
2274 3813 2640 3887 πειρατηρίων
2657 3830 2669 3843 ·
2698 3812 2799 3866 οὐκ
2825 3807 3057 3880 ἀλλαχοῦ
3086 3824 3209 3871 που,
3235 3804 3347 3859 ἀλλ’
3382 3806 3439 3857 ἐν
3462 3801 3539 3873 τῷ
3565 3802 3704 3854 ἀπο·

2137 3907 2331 3980 κρύφῳ
2355 3905 2457 3976 τῆς
2485 3904 2689 3975 σκηνῆς
2726 3900 2912 3955 αὐτοῦ.
2944 3900 3175 3970 Νοήσεις
3206 3897 3262 3951 δὲ
3288 3896 3349 3949 τὸ
3381 3892 3709 3963 λελεγμένον

2137 4000 2244 4054 ἀπὸ
2268 3999 2375 4053 τῶν
2410 3982 2561 4069 παρὰ
2584 3996 2806 4050 Μωῦσεῖ
2829 3993 2955 4064 περὶ
2984 3990 3085 4061 τῆς
3116 3988 3317 4060 σκηνῆς
3350 3989 3705 4056 ἀναγεγραμ-

2140 4092 2335 4164 μένων,
2371 4091 2465 4145 καὶ
2491 4089 2619 4162 περὶ
2656 4087 2764 4140 τῶν
2803 4084 3057 4138 ἐσωτάτω
3094 4081 3197 4152 τῆς
3228 4079 3429 4150 σκηνῆς
3461 4076 3566 4130 τῶν
3592 4078 3707 4138 τοῖς

2139 4186 2303 4239 πᾶσιν
2345 4183 2583 4245 ἀϐάτων,
2618 4180 2761 4251 ἅπερ
2805 4177 3031 4231 ἐκάλουν
3071 4176 3236 4243 Ἅγια
3281 4170 3473 4241 ἁγίων.
3519 4166 3707 4222 Ταῦτα

2136 4278 2244 4349 γὰρ
2269 4273 2337 4347 ἦν
2375 4275 2446 4328 τὰ
2491 4272 2785 4343 ἀπόκρυφα
2819 4269 2916 4340 τῆς
2948 4264 3177 4337 σκηνῆς.
3210 4261 3367 4317 Οὕτω
3405 4259 3710 4313 τοίνυνκαὶ

2139 4372 2195 4423 ἐν
2242 4368 2320 4439 τῷ
2360 4364 2535 4437 καιρῷ
2578 4363 2686 4417 τῶν
2730 4359 3095 4432 πειρατηρίων
3137 4355 3295 4418 αὐτὸς
3337 4353 3466 4424 ἐμὸς
3501 4350 3709 4423 Κύριος

464 4463 561 4523 Sic
614 4467 797 4539 itaque
852 4466 908 4520 in
976 4473 1221 4536 tempore
1270 4460 1631 4518 tentationum
1665 4498 1681 4523 ,
1754 4458 1872 4528 ipse
1926 4455 2033 4510 Do-

2138 4463 2230 4518 xa‘t
2259 4459 2449 4531 Σωτὴρ
2480 4457 2749 4512 ἐσκέπασε
2774 4452 2867 4507 καὶ
2887 4449 3169 4523 ἀπέκρυψε
3187 4463 3255 4518 με
3277 4446 3336 4499 ἐν
3356 4442 3433 4514 τῷ
3450 4444 3710 4516 ἐσωτάτω

468 4562 649 4618 minus
701 4569 757 4618 et
796 4560 1053 4617 Servator
1118 4572 1275 4614 meus
1341 4554 1581 4629 protexit
1641 4567 1729 4608 me
1786 4557 1842 4606 et
1908 4550 2035 4605 abs-

464 4653 655 4708 condit
728 4653 785 4707 in
841 4654 1048 4708 intimis
1123 4650 1464 4707 tabernaculi
1523 4647 1611 4703 sui
1657 4667 1669 4702 :
1725 4660 1834 4700 non
1889 4643 2035 4715 quod

464 4758 657 4801 revera
700 4745 776 4799 ibi
822 4760 907 4800 me
962 4744 1353 4808 collocaverit,
1409 4740 1506 4797 sed
1554 4741 1610 4795 in
1650 4739 1845 4794 anima:
1890 4746 2033 4793 statu

466 4835 832 4902 sanctiﬁcato,
878 4844 932 4892 et
975 4850 1006 4889 a
1059 4835 1234 4889 turba:
1279 4833 1581 4903 frequentia
1627 4838 1930 4901 segregato.
1969 4827 2035 4882 Et

466 4929 604 4995 haec,
638 4929 837 5000 inquit,
869 4927 1002 4982 mihi
1031 4927 1324 4991 obvenere,
1358 4924 1665 4997 usquedum
1695 4924 1815 4980 dies
1858 4926 2032 4977 malo-

464 5038 587 5079 rum
617 5029 1051 5094 pcrseverarcnt,
1084 5020 1382 5076 secundum
1418 5019 1549 5073 illud
1580 5019 1687 5072 alio
1714 5018 1770 5072 in
1805 5017 1926 5071 loco
1952 5016 2034 5070 di-

463 5124 612 5172 ctum
651 5133 665 5169 2
707 5112 871 5179 Vade,
900 5112 1122 5181 populus
1156 5128 1321 5177 meus,
1354 5112 1496 5165 intra
1544 5112 1599 5164 in
1642 5108 1883 5163 cubicula
1920 5115 2032 5173 tua,

464 5206 651 5263 claude
670 5206 897 5277 januam
939 5213 1107 5269 tuam,
1136 5204 1395 5259 absconde
1425 5204 1685 5259 modicum
1713 5202 1781 5256 ad
1810 5219 2036 5258 momen-

466 5320 599 5367 tum,
632 5300 797 5355 donec
831 5309 1161 5370 pertranseat
1190 5300 1274 5354 ira
1314 5297 1523 5353 Domini
1556 5298 1624 5354 "l.
1652 5297 1759 5353 Sed
1786 5312 1911 5352 cum
1949 5311 2034 5351 me

467 5412 572 5449 non
606 5407 820 5464 semper
847 5391 1137 5468 occultari,
1178 5404 1355 5460 neque
1398 5389 1455 5444 in
1493 5388 1813 5444 abscondito
1847 5389 2032 5444 taber-

468 5487 645 5541 naculi
683 5484 765 5539 sui
812 5483 1029 5537 latitare
1058 5482 1239 5545 vellet,
1271 5495 1333 5534 ac
1383 5480 1556 5535 solum
1608 5495 1693 5535 me
1746 5478 2031 5534 utilitatem

465 5593 691 5648 capere;
722 5590 957 5631 cumaue
1001 5575 1334 5633 decrevisset
1378 5588 1465 5629 me
1498 5572 1618 5628 aliis
1652 5587 1869 5644 quoque
1913 5570 2032 5625 fru-

540 5758 578 5787 '"
622 5755 728 5811 lsa.
762 5772 910 5822 xxvi,
944 5756 1035 5813 ‘20.

2137 4554 2235 4624 τῆς
2261 4550 2425 4607 αὐτοῦ
2459 4548 2693 4620 σκηνῆς·
2726 4546 2786 4600 οὐ
2817 4546 3033 4609 πάντως
3060 4544 3119 4597 ἐν
3152 4542 3303 4612 τόπῳ
3327 4541 3457 4610 τοίῳ
3497 4538 3561 4609 δὴ
3606 4554 3711 4591 κα-

2135 4646 2429 4715 ταστήσας,
2460 4639 2572 4694 ἀλλ’
2618 4640 2676 4693 ἐν
2709 4636 2885 4708 ψυχῆς
2910 4634 3239 4689 καταστάσει
3275 4630 3581 4703 ἡγιασμένη
3611 4631 3708 4683 καὶ

2134 4740 2233 4810 τῆς
2276 4737 2385 4792 τῶν
2430 4735 2638 4789 πολλῶν
2684 4731 2987 4801 κοινότητος
3032 4726 3539 4800 ἀποκεχωρισμένῃ.
3585 4726 3709 4777 ,Καὶ

2134 4832 2327 4896 ταῦτα,
2348 4830 2501 4902 φησι,
2521 4828 2649 4900 περὶ
2677 4826 2776 4896 ἐμὲ
2806 4824 3032 4890 ἐγίνετο,
3063 4822 3224 4894 μέχρι
3248 4818 3438 4893 καιροῦ
3472 4818 3573 4887 τῆς
3598 4817 3710 4869 τῶν

2136 4924 2324 4981 κακῶν
2353 4924 2585 4996 ἡμέρας,
2618 4918 2760 4973 κατὰ
2779 4916 2842 4970 τὸ
2877 4914 3200 4985 λελεγμένον
3231 4916 3288 4967 ὲν
3314 4912 3521 4983 ἑτέροις
3542 4927 3556 4941 ·
3588 4909 3711 4964 Βά-

2134 5020 2268 5084 διζε,
2301 5022 2333 5073 ό
2350 5018 2498 5083 λαός
2520 5032 2660 5085 μου,
2689 5013 2924 5067 εἴσελθε
2954 5013 3041 5077 εὶς
3064 5010 3138 5063 τὰ
3166 5006 3372 5078 ταμεῒά
3400 5022 3535 5069 σου,
3562 5003 3712 5056 ἀπό-

2135 5118 2385 5168 κλεισον
2403 5111 2517 5178 τὴν
2542 5110 2729 5177 θύραν
2752 5122 2890 5172 σου,
2910 5104 3276 5173 ἀποκρύϐηθι
3290 5098 3508 5171 μικρὸν
3529 5097 3707 5159 ὅσον,

2132 5206 2244 5272 ἕως
2269 5204 2346 5259 ἂν
2389 5200 2654 5271 παρέλθῃ
2687 5201 2725 5270 ἠ
2754 5199 2899 5271 ὀργὴ
2938 5198 3179 5267 Κυρίου.
3225 5194 3362 5248 Ἀλλ’
3399 5192 3500 5245 οὐκ
3539 5190 3620 5253 εἰς
3645 5190 3710 5242 τὸ

2134 5297 2392 5361 παντελὲς
2423 5293 2758 5368 κρύπτεσθαί
2791 5311 2857 5366 με
2900 5290 3195 5364 βουληθεὶς,
3222 5288 3328 5341 οὐδ’
3356 5289 3413 5339 ἐν
3460 5281 3539 5353 τῷ
3564 5282 3707 5336 ἀπο-

2134 5392 2327 5463 κρύφῳ
2356 5391 2455 5461 τῆς
2488 5389 2692 5461 σκηνῆς
2719 5387 2880 5442 αὐτοῦ
2921 5385 3221 5441 λανθάνειν.
3249 5381 3343 5436 κα)⁸
3371 5378 3527 5449 μόνον
3556 5376 3705 5445 ὠφε-

2133 5484 2361 5549 λεῖσθαι,
2393 5485 2660 5556 χρήσιμον
2688 5480 2742 5534 δὲ
2782 5479 2876 5535 καὶ
2907 5480 3090 5550 ἓτερον
3117 5475 3449 5543 καταστῆναι
3488 5468 3706 5543 κρίνας,

2136 5578 2227 5631 ἐπί
2262 5576 2405 5631 τέλει
2446 5576 2546 5639 τῆς
2575 5575 2682 5629 τῶν
2707 5573 2891 5629 κακῶν
2925 5572 3135 5643 ἡμέρας
3164 5570 3234 5623 ἑν
3274 5568 3457 5637 πέτρᾳ
3492 5560 3709 5634 ὕψωσέ
