3980 6214
219 302 319 358 151

1380 298 1883 357 (ΖΟΜΜΕΝΤΑΒΙΑ
1920 299 1988 355 ΙΝ
2039 298 2383 357 PSALMOS.

3345 306 3452 362 9ιὲ

217 431 301 485 με.
336 411 404 467 Ἡ
426 411 617 480 πέτρα
643 411 711 466 δὲ
731 408 829 482 ἦν,
862 412 1028 485 φησὶν
1052 415 1082 468 6
1108 413 1441 477 Ἀπόστολος,
1460 416 1493 468 ὀ
1511 414 1771 482 Χριστός

1891 422 2037 469 ctum
2072 415 2361 469 allaturum
2395 430 2537 478 esse,
2568 423 2756 470 exacta
2784 415 2871 471 die
2895 411 3181 482 malorum,
3218 419 3273 471 in
3305 431 3451 489 petra

225 507 310 558 ἐν
342 501 457 572 γὰρ
489 502 571 572 τῷ
619 503 782 557 αὑτοῦ
824 503 987 575 λόγῳ,
1033 506 1123 559 καὶ
1152 507 1216 576 τῇ
1250 502 1414 557 αὑτοῦ
1465 503 1647 574 σοφίᾳ,
1691 504 1784 556 καὶ

216 600 273 668 τῇ
310 594 545 666 δυνάμει
577 597 644 666 τῇ
684 595 935 667 σωτηρίῳ
966 595 1147 666 aqua:
1189 614 1257 668 με
1283 597 1312 649 6
1344 595 1509 650 πάλαι
1546 595 1788 667 ἀποκρύ-

215 689 312 760 ψας
336 689 396 741 ἐν
424 689 496 759 τῇ
544 689 715 759 σκηνῇ
749 688 934 753 αὑτοῦ,
964 689 1057 743 καὶ
1091 690 1368 753 σκεπάσας
1406 690 1464 742 ἐν
1486 687 1786 760 ἀποκρύφῳ

214 782 306 850 τῆς
330 780 546 852 σκηνῆς
571 779 740 834 αὑτοῦ
773 782 830 833 ἐν
855 780 1034 853 ἡμέρᾳ
1069 781 1275 836 κακῶν.
1302 779 1647 854 Παραγαγὼν
1678 780 1786 852 γὰρ

215 875 274 926 τὰ
310 873 459 926 κακὰ
507 872 724 927 καὶτὸν
772 874 963 945 καιρὸν
1000 872 1106 927 τῶν
1144 873 1353 945 ἐχθρῶν
1400 873 1494 926 καὶ
1526 873 1633 926 τῶν
1674 871 1787 925 θλι-

215 966 405 1019 6όντων
435 983 514 1037 με
539 965 836 1037 πολεμίων,
862 968 940 1030 εἰς
980 965 1152 1020 εὖδιον
1178 968 1269 1022 καὶ
1296 970 1564 1040 εἰρηναῖον
1591 966 1785 1038 λιμένα

217 1056 566 1126 κατέστησεν,
608 1053 831 1124 ἀγαγών
877 1073 935 1108 τε
977 1057 1055 1120 εἰς
1105 1056 1167 1111 τὸ
1203 1057 1441 1128 ἐμφανὲς
1480 1057 1570 1110 τὸν
1620 1056 1783 1111 πάλαι

218 1147 678 1219 κρνπταζόμενον,
709 1148 983 1220 μετέωρον
1003 1149 1172 1221 ἐπῆρε
1192 1150 1283 1202 καὶ
1308 1147 1507 1220 ὑψηλὸν
1536 1146 1780 1221 ἔστησεν,

218 1241 282 1306 ὡς
310 1243 482 1295 πᾶσιν
529 1238 759 1313 ὁρᾶσθαι
789 1240 883 1292 καὶ
919 1239 1070 1313 παρὰ
1106 1244 1219 1305 τοῖς
1262 1242 1395 1295 πᾶσι
1444 1238 1779 1305 δοξάζεσθαι,

220 1333 550 1405 ἡδρασμένον
589 1332 689 1386 καὶ
726 1330 1187 1404 τεθεμελιωμένον
1227 1335 1284 1386 ἐν
1311 1335 1378 1405 τῇ
1410 1333 1649 1405 ἀρῤαγεῐ
1689 1332 1783 1385 καὶ

221 1424 588 1495 ἀσφαλεστάτη
618 1421 786 1477 αὑτοῦ
816 1421 1011 1494 πέτρᾳ.

282 1645 389 1699 Kal
411 1644 530 1699 νῦν
550 1643 766 1713 ῧψωσε
792 1642 1065 1713 κεφαλήν
1085 1660 1205 1713 μου
1239 1643 1332 1697 ἐπ’
1353 1644 1609 1714 ἐχθρούς
1632 1661 1771 1713 μου.

220 1739 444 1809 Not-pet;
467 1739 761 1811 ἐπιστήσας
781 1737 930 1801 ὃπως
951 1737 1162 1809 εἴρηται
1180 1736 1335 1813 ,παρά
1355 1735 1433 1809 τῷ
1472 1735 1780 1807 ’Δποστόλῳ

1891 503 2142 558 exultavit
2173 521 2272 558 me.
2320 504 2483 558 Petra
2524 516 2718 567 autem,
2767 505 2944 576 inquit
2984 505 3298 576 Apostolus,
3337 525 3453 566 erat

1889 595 2130 650 Christus
2164 595 2231 651 “.
2268 593 2402 649 Nam
2439 597 2604 650 verbo
2651 611 2773 659 suo,
2818 599 3083 667 sapientia
3131 605 3185 653 et
3229 601 3452 659 salutari

1886 686 2089 743 virtute
2133 701 2233 743 sua
2274 689 2533 744 exaltavit
2564 705 2667 752 me,
2700 690 2793 759 qui
2841 691 2969 745 olim
3001 692 3365 749 absconderat
3396 697 3451 751 in

1886 780 2240 863 tabernaculo
2268 785 2389 842 suo’.
2424 790 2477 836 et
2509 782 2601 851 qui
2635 782 2689 836 in
2719 782 2806 837 die
2849 783 3117 838 malorum
3149 794 3453 854 protexerat

1886 870 1942 925 in
1972 871 2292 928 abscondito
2320 873 2656 928 tabernaculi
2683 873 2789 928 sui.
2822 872 2958 928 Cum
2991 879 3133 931 enim
3161 877 3455 933 amovisset

1885 965 2048 1032 mala,
2087 973 2142 1021 et
2171 981 2235 1021 ea
2260 982 2380 1037 quae
2414 974 2659 1036 tempore
2710 966 3055 1022 inimicorum
3106 976 3161 1024 et
3213 969 3452 1026 hostium

1884 1071 1970 1110 me
1996 1055 2401 1111 molestantium
2427 1056 2763 1123 acciderant,
2808 1058 2863 1111 in
2903 1058 3202 1129 tranquillo
3240 1068 3294 1115 et
3333 1062 3454 1131 pla-

1882 1146 2007 1202 cido
2039 1159 2202 1216 portu
2231 1163 2317 1204 me
2349 1150 2634 1205 constituit
2672 1168 2686 1204 :
2720 1166 2912 1221 meque
2944 1152 3070 1205 olim
3123 1152 3451 1217 latitantem,

1883 1236 1939 1291 in
1974 1238 2330 1307 conspicuum
2370 1240 2548 1295 locum
2594 1240 2910 1309 deductum,
2945 1243 3233 1298 sublimem
3255 1245 3449 1309 erexit,

1882 1335 1934 1383 el
1963 1329 2242 1384 excelsum
2276 1330 2488 1391 statuit,
2530 1338 2591 1384 ut
2629 1332 2874 1386 omnium
2929 1335 3247 1404 conspectui
3299 1342 3452 1405 pate-

1882 1434 2018 1484 rem,
2056 1420 2124 1475 ab
2152 1420 2408 1476 omnibus
2439 1421 2714 1487 laudarer,
2752 1430 2938 1494 utpote
2966 1424 3022 1479 in
3056 1424 3369 1482 ﬁrmissima
3397 1436 3450 1483 et

1883 1511 2113 1567 infracta
2144 1512 2319 1584 ipsius
2346 1522 2500 1583 petra
2528 1516 2741 1585 positus
2770 1523 2825 1570 et
2855 1516 3136 1574 fundatus.

1952 1625 2020 1681 Et
2040 1643 2177 1682 nunc
2200 1628 2454 1683 exaltavit
2476 1637 2632 1698 caput
2654 1646 2826 1685 meum
2847 1646 3001 1700 super
3022 1632 3260 1688 inimicos
3284 1649 3443 1689 meos.

1880 1721 2193 1794 Perpendas
2216 1722 2378 1779 velim
2403 1738 2511 1794 qua
2542 1725 2812 1779 sententia
2844 1726 2913 1781 ab
2940 1725 3203 1797 Apostolo
3231 1727 3448 1783 dicatur

224 1831 302 1884 τό·
338 1833 486 1897 Ἕως
513 1826 583 1886 οὗ
608 1830 669 1883 τὸ
696 1829 967 1899 σήμερον
994 1812 1276 1885 tradeat.
1316 1826 1470 1882 Οὕτω
1498 1828 1606 1902 γὰρ
1634 1830 1771 1899 ἐρεῖς

1882 1814 2015 1869 illud
2046 1834 2060 1871 :
2090 1813 2266 1870 Donec
2310 1814 2463 1869 hodie
2514 1816 2912 1886 cognominatur
2943 1817 3011 1873 “.
3066 1816 3201 1872 Nam
3255 1819 3445 1876 eadem

230 1924 326 1977 καὶ
359 1923 451 1976 ἐπὶ
481 1922 572 1976 τοῦ
605 1924 860 1994 παρόντος
895 1922 956 1976 τὸ
985 1922 1202 1998 διαρκὲς
1228 1921 1321 1976 τοῦ
1352 1922 1545 1994 χρόνου
1576 1921 1777 1994 σημαί-

230 2009 431 2068 νεσθαι.
488 2014 544 2067 '0
580 2012 678 2085 γάρ
725 2013 818 2067 τοῦ
862 2012 996 2071 Θεοῦ
1039 2013 1341 2086 ἄνθρωπος,
1388 2013 1457 2068 τὰ
1491 2015 1778 2086 νικητήρια

232 2105 367 2160 κατὰ
394 2105 496 2158 τῶν
520 2103 722 2177 ἐχθρῶν
750 2103 1008 2175 εἰληφὼς,
1054 2105 1140 2158 ἀεὶ
1170 2106 1270 2177 τῆς
1305 2104 1413 2159 τῶν
1448 2104 1655 2177 ἐχθρῶν
1688 2122 1779 2158 κε-

230 2198 391 2270 ιραλῆς
433 2199 696 2269 άνώτερος
737 2197 965 2268 γίνεται·
1002 2196 1173 2262 οὕτως
1216 2198 1311 2252 καὶ
1355 2197 1515 2261 αὐτὸς
1554 2200 1582 2251 6
1623 2196 1780 2252 ἐαυῒδ

223 2292 373 2365 μέχρι
410 2290 502 2345 τοῦ
536 2291 799 2364 παρόντος
836 2291 1029 2363 χρόνου
1063 2291 1348 2360 ἐπαίρεται
1396 2290 1490 2344 καὶ
1528 2288 1777 2359 ὑψοῦται,

216 2382 329 2435 καθ’
371 2381 498 2453 ὅλης
550 2382 651 2452 τῆς
700 2382 1027 2454 οἰκουμένης
1075 2381 1330 2453 ᾴδόμενος
1382 2381 1475 2435 καὶ
1509 2380 1779 2453 βοώμενος

216 2470 353 2544 παρά
385 2474 517 2525 πᾶσι
550 2474 664 2535 τοῖς
692 2471 889 2534 ἔθνεσι,
925 2473 1019 2528 καὶ
1046 2471 1253 2543 ὓψωταί
1281 2490 1345 2543 γε
1371 2472 1585 2544 άληθῶς
1618 2477 1651 2546 ἡ
1684 2491 1777 2527 κε-

216 2560 345 2631 φαλὴ
364 2560 531 2614 αὑτοῦ
547 2560 645 2615 ἐπὶ
658 2560 785 2624 τοὺς
804 2560 970 2615 πάλαι
994 2560 1316 2633 γενομένους
1337 2561 1501 2615 αὑτοῦ
1526 2562 1774 2633 ἐχθροὺς,

213 2652 302 2716 τάς
338 2652 603 2724 ἀοράτους
638 2652 919 2724 δυνάμεις.
975 2654 1035 2707 '0
1079 2653 1137 2706 δὲ
1179 2652 1270 2707 τοῦ
1305 2652 1439 2707 Θεοῦ
1472 2654 1774 2726 ἄνθρωπος,

210 2744 385 2800 τοῦτον
419 2744 655 2817 ὑψωθεὶς
685 2745 775 2799 τὸν
801 2746 1020 2819 τρόπον,
1053 2746 1153 2800 οὐκ
1185 2746 1354 2818 ἀργίᾳ
1395 2746 1584 2800 ἑαυτὸν
1609 2746 1777 2816 ζδίδω-

212 2855 313 2903 σιν,
340 2840 460 2892 οὑδὲ
490 2837 755 2911 ἀπραξία,
786 2838 1004 2893 πλείονα
1025 2839 1083 2893 δὲ
1106 2838 1340 2911 σπουδὴν
1380 2839 1507 2911 περὶ
1544 2837 1642 2911 τὴν
1681 2838 1775 2893 τοῦ

212 2930 346 2984 Θεοῦ
383 2931 634 3003 λατρείαν
682 2930 944 3003 εἰσφέρει.
990 2930 1083 2984 Διὸ
1132 2931 1396 2999 ἐπιλέγει·
1435 2931 1778 2986 Ἐκύκλωσα

212 3022 312 3076 καὶ
336 3022 519 3075 ἔθυσα
539 3022 597 3076 ἐν
627 3020 703 3091 τῇ
722 3020 927 3092 σκηνῇ
950 3022 1134 3077 αὐτοῦ
1157 3023 1377 3077 θυσίαν
1400 3022 1771 3094 ἀλαλαγμοῦ.

208 3108 381 3168 Αὖται
405 3114 465 3169 δὲ
489 3109 620 3185 ἦσαν
652 3117 708 3169 αἱ
733 3116 820 3170 διὲι
854 3115 1037 3186 φωνῆς
1068 3118 1162 3170 καὶ
1190 3116 1468 3186 θεολογίας
1497 3114 1682 3187 ὕμνων
1712 3133 1773 3171 τε

1880 1904 2107 1980 prorsus
2127 1910 2340 1965 ratione
2372 1909 2429 1963 in
2459 1908 2712 1980 praesenti
2759 1909 3022 1980 temporis
3062 1912 3444 1970 assiduitatem

1879 2001 2179 2074 signiﬁcari
2210 2001 2487 2058 fateberis.
2522 2001 2801 2072 Siquidem
2832 2001 2926 2057 Dei
2957 2002 3120 2058 homo
3148 2004 3243 2074 qui
3270 2005 3448 2062 victo-

1878 2095 1971 2152 ria:
1992 2095 2060 2151 de
2085 2093 2322 2150 inimicis
2354 2101 2523 2165 partae
2564 2095 2787 2165 praemia
2814 2096 3045 2165 accepit,
3077 2111 3292 2167 semper
3334 2098 3442 2152 iui-

1876 2190 2145 2245 micorum
2176 2188 2341 2259 capiti
2376 2188 2630 2260 superior
2659 2188 2881 2253 eminet,
2917 2188 2999 2244 sic
3027 2195 3081 2245 et
3114 2188 3232 2261 ipse
3273 2192 3442 2249 David

1878 2294 2050 2348 usque
2081 2279 2150 2334 ad
2199 2293 2438 2349 praesens
2475 2285 2693 2348 tempus
2727 2279 3007 2334 extollitur
3051 2291 3107 2336 et
3150 2279 3441 2343 exaltatur.

1877 2384 1971 2436 per
2005 2369 2315 2425 universam
2345 2381 2546 2424 terram
2577 2370 2904 2426 decantatus
2931 2371 3285 2443 omniumque
3308 2388 3442 2444 gen-

1877 2460 2012 2515 tium
2048 2460 2275 2517 vocibus
2307 2460 2634 2524 celebratus,
2666 2468 2720 2516 et
2741 2471 2903 2531 caput
2922 2460 3042 2531 ejus
3070 2477 3261 2520 revera
3289 2464 3446 2521 exat-

1877 2558 2048 2606 tatum
2097 2559 2181 2607 est
2220 2566 2386 2622 super
2417 2563 2607 2607 omnes
2648 2551 2741 2621 qui
2770 2552 3043 2622 quondam
3083 2555 3293 2611 inimici
3321 2556 3444 2627 ejus

1876 2646 2113 2714 tuerant,
2148 2646 2489 2702 adversarias
2523 2645 2785 2700 nimirum
2826 2653 3149 2716 potestates.
3176 2648 3246 2704 At
3275 2648 3444 2705 homo

1875 2739 1970 2796 Dei
1996 2755 2061 2796 ea
2089 2741 2301 2796 ratione
2326 2739 2623 2804 exaltatus,
2656 2753 2766 2792 non
2797 2752 2856 2793 se
2887 2737 3117 2808 ignaviae
3145 2751 3239 2797 aut
3268 2744 3443 2813 segni-

1875 2831 1968 2886 tiei
1989 2829 2176 2896 tradit,
2203 2829 2296 2886 sed
2321 2828 2518 2897 majori
2543 2826 2725 2883 studio
2742 2826 2928 2884 divino
2950 2828 3121 2884 cultui
3148 2830 3438 2893 incumbit.

1874 2920 2056 2988 Quare
2086 2919 2390 2992 subiungit,
2421 2916 2653 2974 Circuivi
2696 2926 2747 2971 et
2781 2916 3053 2973 immolavi
3096 2920 3152 2974 in
3192 2919 3442 2999 taberna-

1872 3016 1993 3071 culo
2027 3014 2141 3085 ejus
2173 3015 2399 3071 hostiam
2438 3015 2800 3086 jubilationis.
2854 3015 2948 3072 Ha:
2979 3030 3114 3072 sane
3145 3021 3304 3071 erant
3338 3014 3439 3070 ho-

1873 3108 1994 3165 stia:
2023 3108 2267 3173 vocibus,
2293 3109 2493 3165 divinis
2544 3110 2800 3180 eloquiis,
2850 3108 3088 3181 hymnis,
3136 3108 3435 3179 gratiarum

203 3209 300 3261 καὶ
337 3207 677 3279 εὐχαριστίας
702 3208 1177 3280 άναπεμπόμεναι.
1222 3210 1309 3262 Ἐν
1338 3209 1435 3280 μὲν
1458 3204 1552 3263 οὖν
1570 3208 1647 3281 τῷ
1669 3208 1771 3279 πρὸ

1876 3203 2185 3260 actionibus
2212 3206 2448 3261 emissae.
2480 3204 2540 3259 In
2567 3204 2891 3275 praecedenti
2926 3205 3281 3276 psalmo,.vir.
3299 3203 3439 3260 divi-

199 3299 388 3353 τούτου
425 3296 621 3371 ψαλμῷ
673 3300 1008 3371 μελλητικῶς
1058 3300 1365 3355 ἐδιδάσκετο
1415 3299 1591 3370 λέγειν
1632 3299 1662 3352 6
1704 3299 1772 3355 τὰ

198 3392 312 3448 θεῖα
341 3392 744 3464 παιδευόμενος·
789 3394 1047 3463 Νίψομαι
1082 3394 1152 3446 ἐν
1187 3391 1396 3459 ἀθώοις
1430 3390 1537 3459 τὰς
1572 3390 1774 3462 χεῖράς

191 3504 326 3557 μου,
370 3486 471 3539 καὶ
513 3485 806 3540 κυκλώσω
837 3484 905 3539 τὸ
946 3484 1378 3554 θυσιαστήριον
1410 3501 1548 3549 σου,
1572 3484 1768 3552 Ktipte'

195 3578 426 3632 ἐνταῦθα
455 3578 515 3631 δὲ
546 3577 622 3642 ὼς
642 3578 741 3649 ἤδη
771 3576 1055 3649 προκύψας
1085 3578 1178 3632 xal
1198 3575 1375 3648 τυχὼν
1394 3575 1495 3648 τῆς
1522 3576 1686 3648 εὐχῆς
1711 3576 1770 3630 τὸ

195 3669 547 3741 ἀποτέλεσμα
591 3669 693 3740 τῆς
742 3670 1092 3739 ἐπαγγελίας,
1135 3670 1329 3738 ἐπάγει
1374 3669 1566 3739 λέγων’
1606 3668 1771 3722 Ὲκύ-

194 3768 399 3819 Wa
448 3764 551 3818 καί
592 3764 784 3819 ἔθυσα
819 3765 890 3817 ἐν
936 3762 1011 3833 τῇ
1062 3762 1266 3833 σκηνῇ
1317 3762 1503 3817 αὐτοῦ
1548 3763 1769 3817 θυσίαν

192 3854 573 3927 ἀλαλαγμοῦ
622 3854 718 3910 καὶ
765 3857 822 3909 ἐν
876 3856 977 3928 μὲν
1019 3858 1133 3921 τοῖς
1180 3854 1488 3928 ἔμπροσθεν
1527 3853 1762 3923 ἐλέγετο*

198 3947 303 4002 Τοῦ
331 3947 597 4003 ἀκοῦσαι
634 3946 844 4017 φωνὴν
877 3946 1180 4016 αἰνέσεως-ο
1225 3944 1457 4002 ἐνταῦθα
1489 3942 1566 3998 δέ’
1602 3946 1765 4015 ’ᾼσω

192 4036 286 4092 καὶ
313 4037 499 4108 ψαλῶ
535 4037 617 4105 τῷ
642 4039 852 4108 Κυρίῳ.

257 4174 669 4239 Είσάκουσον,
714 4175 908 4250 Κύριε²
948 4171 1056 4241 τῆς
1088 4172 1293 4242 φωνῆς
1331 4189 1470 4242 μου,
1518 4167 1593 4242 ἧς
1635 4169 1764 4225 ἐκέ-

190 4267 400 4336 κραξον
446 4266 738 4336 Ἐλέησόν
759 4283 836 4336 με
870 4265 970 4321 καί
996 4264 1365 4321 εἰσάκουσον
1391 4281 1533 4334 μου.
1560 4264 1660 4318 Σοὶ
1689 4258 1765 4317 εἴ·

189 4360 361 4427 κενή
383 4357 601 4427 καρδία
626 4356 1041 4429 μου-Ἐζήτησέ
1072 4374 1145 4412 σε
1176 4355 1243 4410 τὸ
1273 4358 1596 4425 πρόσωπόν
1616 4373 1759 4425 μου·

187 4449 252 4502 τὸ
277 4449 612 4519 πρόσωπόν
647 4462 784 4513 σου,
819 4449 1013 4517 Κύριε,
1052 4446 1300 4517 ζητήσω.
1357 4447 1501 4500 ’Δντὶ
1541 4447 1599 4501 δὲ
1642 4446 1755 4501 τοῦδ

187 4542 282 4597 Σοί
302 4538 476 4597 εἶπεν
493 4542 534 4610 ἡ
561 4542 773 4609 καρδία
796 4558 935 4610 μου,
970 4539 1251 4610 Ἐζιὶτησέ
1271 4557 1343 4595 σε
1360 4540 1425 4594 τὸ
1438 4542 1762 4633 πρόσωπόν
1791 4576 1836 4633 D

179 4654 319 4705 μου,
356 4637 388 4689 6
425 4634 723 4706 Σύμμαχος
758 4633 1082 4706 σαφέστερον
1124 4633 1383 4699 ἐξέδωκεν
1421 4632 1609 4689 εἰπών’
1657 4633 1760 4688 Σοί

188 4726 553 4796 προσελάλει
580 4728 619 4795 ἡ
644 4725 860 4795 καρδία
880 4742 1018 4795 μου·
1038 4726 1114 4780 σὲ
1130 4723 1316 4792 ἐζήτει
1339 4724 1405 4779 τὸ
1435 4726 1761 4794 πρόσωπόν

181 4836 312 4887 μου.
347 4819 422 4872 Τὸ
448 4818 563 4889 γάρ
587 4818 689 4889 τῆς
714 4817 892 4889 ψυχῆς
926 4818 1215 4888 πρόσωπον
1248 4818 1345 4890 τὴν
1389 4817 1757 4890 ἁρμόττουσαν

184 4912 309 4967 θέαν
338 4912 547 4966 ἐπόθει.
580 4910 783 4965 Τούτου
800 4911 858 4965 δὲ
876 4911 968 4965 καὶ
988 4911 1224 4981 Μωῦσῆς
1247 4926 1376 4963 ποτε
1396 4912 1577 4980 τυχεῖν
1601 4907 1751 4979 ἠξίου

184 5002 349 5072 λέγων
379 5003 458 5076 τῷ
485 5002 626 5073 Θεῷ·
673 5002 818 5057 Ἰδοὺ
855 5002 1081 5072 εὕρηκα
1112 5002 1286 5073 χάριν
1316 5002 1572 5057 ἐνώπιόν
1601 5019 1742 5057 σουε

183 5096 513 5166 ἐμφάνισόν
533 5113 637 5166 μοι
680 5096 957 5149 σεαυτόν·
996 5094 1275 5165 γνωστῶς
1313 5095 1417 5149 ἴδω
1457 5111 1550 5150 σε·
1597 5095 1745 5159 ὅπως

184 5187 687 5260 ἀνακεκαλυμμένῳ
712 5186 984 5259 προσώπῳ
1024 5188 1126 5259 τὴν
1170 5188 1325 5253 δόξαν
1382 5188 1587 5259 Κυρίου
1620 5204 1752 5241 κατ-ο

185 5282 503 5356 οπτρίζοιτο.
529 5282 624 5335 Διό
656 5297 810 5352 φησιν
834 5281 901 5334 Τὸ
928 5281 1251 5349 πρόσωπόν
1280 5297 1417 5346 σου,
1438 5282 1635 5349 Κύριε,
1664 5279 1756 5348 ζη-

186 5371 357 5437 τήσωο
377 5375 467 5445 μὴ
489 5373 888 5441 ἀποστρέψῃς
904 5373 967 5426 τὸ
988 5373 1310 5441 πρόσωπόν
1329 5389 1444 5427 σου
1459 5373 1559 5428 ἀπ’
1582 5370 1748 5441 ἐμοῦ.

187 5462 244 5517 Εἰ
266 5466 371 5536 γὰρ
395 5470 480 5531 εἰς
505 5468 679 5534 ἄκρον
701 5463 993 5535 τελειότης,
1028 5466 1122 5518 καὶ
1151 5467 1184 5536 ἡ
1221 5463 1359 5519 κατὰ
1386 5463 1517 5518 Θεὸν
1545 5464 1750 5535 ὑστάτη

248 5774 290 5807 δ’
346 5773 525 5831 lCor.
563 5789 621 5835 ι,
652 5772 707 5827 ι.
781 5771 827 5805 ⁸³
878 5769 1041 5828 Hebr.
1078 5786 1160 5836 ιιι,
1209 5772 1289 5825 to.

1400 5769 1445 5802 “
1484 5767 1629 5825 Psal.
1662 5783 1787 5835 xxv,
1819 5766 1871 5822 6.

1876 3297 1964 3353 nis
1994 3297 2048 3351 in
2081 3296 2244 3354 rebus
2272 3298 2558 3354 institutus
2583 3299 2700 3352 haec
2722 3297 2790 3353 de
2823 3299 3006 3351 futuro
3031 3296 3216 3352 dicere
3242 3294 3441 3351 edoce—

1873 3383 2412 3446 baturzLavabointer
2432 3390 2727 3443 innocentes
2750 3405 2936 3443 manus
2961 3405 3124 3452 meas,
3147 3397 3195 3441 et
3217 3388 3441 3440 circum-

1872 3481 2006 3536 dabo
2032 3482 2202 3536 altare
2228 3491 2395 3548 tuum,
2436 3480 2658 3537 Domine
2686 3482 2732 3513 “
2764 3499 2776 3534 :
2816 3481 2906 3537 hic
2931 3495 3080 3542 vero,
3119 3485 3178 3533 ut
3205 3478 3300 3549 qui
3323 3478 3438 3548 jam

1871 3575 2164 3645 profecerit
2186 3586 2241 3631 et
2271 3577 2526 3646 precibus
2549 3577 2818 3646 promissa
2846 3581 3181 3630 consecutus
3201 3572 3293 3640 sit,
3322 3572 3439 3628 haec
3506 3582 3511 3589 ‘

1871 3665 2394 3738 loquitur:Circuivi
2439 3679 2487 3723 et
2530 3668 2798 3723 immolavi
2845 3668 2900 3721 in
2949 3663 3285 3720 tabernaculo
3321 3666 3437 3734 ejus
3508 3692 3519 3703 ο

1867 3758 2093 3814 hostium
2121 3760 2461 3829 jubilationis
2493 3775 2512 3813 :
2541 3767 2595 3815 et
2636 3758 2693 3814 in
2725 3759 2995 3828 superiori
3028 3757 3193 3813 etiam
3224 3756 3439 3828 psalmo

1868 3851 2073 3906 dictum
2101 3859 2205 3920 est,
2235 3850 2304 3906 Ut
2333 3851 2551 3906 audiam
2580 3868 2753 3906 vocem
2786 3849 2962 3905 laudis
2994 3850 3074 3915 *δς
3120 3849 3213 3904 hic
3251 3855 3434 3904 autem

1867 3939 2335 4012 dicitur,Cantabo
2358 3955 2407 4000 et
2437 3946 2701 4015 psalmum
2725 3942 2901 3998 dicam
2932 3942 3178 3998 Domino.

1933 4166 2099 4223 Vens.
2153 4168 2307 4224 7-10.
2353 4167 2585 4234 Exaudi,
2632 4166 2872 4228 Domine,
2914 4180 3087 4219 vocem
3115 4180 3306 4226 meam,
3330 4179 3435 4234 qua

1862 4255 2086 4313 clamavi
2098 4256 2167 4311 ad
2188 4266 2235 4313 te
2254 4274 2271 4311 :
2292 4259 2531 4313 miserere
2550 4260 2648 4311 mei
2663 4267 2711 4312 et
2726 4256 2920 4311 exaudi
2939 4272 3038 4310 me.
3060 4253 3180 4309 Tibi
3196 4254 3329 4307 dixit
3344 4270 3435 4306 cor

1861 4365 2053 4413 meum,
2074 4348 2369 4419 Exquisivit
2393 4359 2440 4404 te
2450 4350 2611 4419 [acies
2631 4366 2744 4403 mea
2760 4365 2778 4401 :
2799 4347 2986 4417 faciem
3007 4342 3429 4407 tuam,Domine,
3462 4362 3475 4377 ο

1861 4442 2143 4511 requiram.
2162 4440 2293 4511 Ejus
2316 4442 2454 4504 loco,
2473 4441 2566 4494 tibi
2586 4441 2720 4494 dixit
2744 4457 2835 4493 cor
2863 4452 3055 4502 meum,
3079 4433 3358 4505 exquisivi!
3383 4442 3432 4486 te

1864 4535 2024 4605 facies
2062 4551 2198 4599 mea,
2228 4534 2469 4604 apertius
2499 4531 2861 4603 Symmachus
2902 4532 2982 4585 sic
3022 4528 3431 4596 interpretatur.

1864 4627 1958 4682 tibi
1985 4625 2292 4697 loquebatur
2335 4643 2424 4679 cor
2453 4640 2646 4688 meum,
2682 4632 2728 4677 te
2753 4620 3020 4694 quazrebat
3049 4618 3222 4674 vultus
3265 4632 3431 4672 meus.

1857 4720 2065 4774 Animae
2094 4718 2292 4789 quippe
2332 4717 2512 4772 vultus
2541 4724 2934 4787 congruentem
2978 4709 3083 4768 sibi
3133 4708 3431 4781 inspectio-

1857 4828 1979 4868 nem
2013 4811 2383 4867 desiderabat.
2415 4811 2529 4865 lloc
2579 4811 2758 4881 ipsum
2788 4808 3002 4879 Moyses
3037 4805 3119 4860 sic
3149 4802 3320 4858 Deum
3354 4802 3435 4856 al-

1852 4907 2080 4978 loquens
2102 4904 2364 4976 consequi
2395 4903 2705 4976 postulabat
2748 4922 2760 4958 :
2805 4899 2939 4955 Ecce
2984 4900 3156 4953 inveni
3203 4896 3423 4968 gratiae

1850 5000 1907 5053 in
1946 5008 2225 5067 conspectu
2274 5008 2362 5053 tuo
2398 5013 2417 5049 :7
2446 4996 2659 5052 ostende
2691 4993 2817 5048 mihi
2854 4992 3097 5061 teipsum,
3137 4997 3186 5043 te
3214 4989 3426 5041 scientir

1852 5088 2057 5148 videam
2090 5089 2170 5157 ης
2203 5096 2261 5144 ιιι
2294 5089 2529 5144 revelata
2559 5085 2698 5140 facie
2736 5087 2966 5156 gloriam
2999 5079 3213 5137 Domini
3253 5081 3405 5133 intuc

1858 5194 2027 5240 retur.
2064 5181 2429 5248 Quamobrem
2480 5180 2577 5245 ait,
2618 5179 2809 5247 faciem
2851 5187 3020 5241 tuam,
3055 5174 3302 5237 Domine,
3342 5188 3426 5224 re-

1862 5277 2105 5347 quiram;
2141 5290 2203 5328 ne
2236 5284 2439 5329 avertas
2491 5272 2679 5343 [aciem
2725 5283 2867 5326 tuam
2900 5289 2932 5323 a
2964 5287 3064 5324 me.
3097 5267 3154 5323 Si
3182 5268 3326 5323 enim
3362 5263 3427 5317 ad

1861 5382 2175 5440 supremum
2200 5367 2461 5439 perfectio
2490 5366 2787 5428 devenerit,
2823 5379 2955 5421 sane
2976 5362 3199 5418 ultimus
3231 5371 3426 5414 secun-

1860 5462 1988 5518 dum
2016 5460 2183 5517 Deum
2214 5457 2488 5531 profectus
2515 5458 2605 5513 ille
2639 5457 2823 5523 fuerit,
2855 5457 2948 5528 qui
2981 5454 3190 5510 scilicet
3228 5448 3295 5504 ad
3326 5444 3422 5502 Dei

1981 5766 2027 5799 "
2070 5764 2199 5823 ibid.
2247 5765 2296 5820 7.
2352 5764 2420 5838 f‘
2454 5761 2623 5819 Exod.
2658 5776 2851 5827 xxxiii,
2897 5759 2978 5820 l3.
