3980 6214
505 246 640 339 ω’

1247 282 1530 339 EUSEBII'
1549 279 2022 339 CESARIENSIS

2152 277 2208 334 P.
2248 276 2428 333 PARS
2461 274 2547 330 Ill.
2590 304 2658 314 -—-
2694 265 3100 326 EXEGETICA.

3623 256 3722 312 2-H

508 400 716 457 vultum
741 395 993 462 deducit,
1023 408 1097 452 tta
1124 405 1182 450 ut
1203 397 1326 467 quis
1351 394 1460 453 Deo
1483 412 1725 468 praesens
1745 398 1906 462 adsit,
1930 398 2049 468 ejus

2172 392 2419 463 προκοπὴ
2448 389 2587 458 αὕτη
2613 387 2678 441 ἂν
2703 384 2930 455 γένοιτο,
2954 385 2987 453 ἡ
3016 380 3111 434 ἐπὶ
3134 378 3197 431 τὸ
3218 375 3501 448 πρόσωπον
3523 372 3727 468 ἄγουσα

507 507 613 559 que
634 488 852 544 deitatis
880 488 1049 544 radiis
1074 486 1307 542 fruatur.

575 665 786 721 Gnarus
819 675 996 722 autem
1027 682 1267 738 persaepe
1312 666 1480 723 Deum
1515 668 1584 722 ab
1621 668 1690 723 iis
1724 667 1817 738 qui
1858 667 2066 722 vultum

503 756 623 826 ejus
644 756 916 812 sustinere
936 771 1043 813 non
1070 758 1274 823 valent,
1301 772 1476 828 neque
1502 757 1807 813 innumero
1833 756 2066 813 ﬁliorum

502 851 624 922 ejus
655 858 1059 922 computantur,
1099 861 1342 907 avertere
1386 867 1467 915 se,
1520 866 1583 906 ac
1613 858 1765 922 terga
1808 851 1877 906 iis
1910 866 2067 906 mon-

502 953 697 1010 strare,
728 934 1183 1014 quemadmodum
1223 943 1391 1014 Moysi
1423 942 1598 997 dixit:
1638 941 1844 997 Videbis
1887 953 2059 1011 poste-

501 1038 644 1091 riora
674 1053 811 1101 mea,
844 1037 1043 1090 vultum
1085 1021 1260 1089 autem
1305 1051 1474 1089 meum
1523 1052 1850 1107 nequaquam
1896 1036 2065 1104 inspi—

501 1129 605 1183 cies
633 1129 710 1197 ";
745 1140 804 1185 ut
834 1146 902 1185 ne
930 1130 984 1184 in
1016 1129 1245 1184 similem
1289 1143 1475 1183 casum
1536 1127 1739 1182 incidat
1771 1127 1819 1183 is
1857 1127 1925 1183 de
1954 1143 2065 1199 quo

495 1223 609 1291 jam
646 1238 848 1287 sermo,
894 1222 978 1278 his
1012 1223 1192 1279 verbis
1226 1221 1494 1292 supplicat
1536 1220 1896 1290 obsecratque
1929 1240 1941 1274 :
1981 1218 2064 1274 Ne

500 1323 706 1369 avertas
753 1314 939 1384 faciem
971 1322 1116 1367 luant
1156 1331 1188 1367 a
1233 1330 1312 1367 me
1344 1327 1363 1366 :
1404 1328 1466 1367 ne
1521 1312 1749 1365 declines
1806 1311 1859 1364 in
1909 1313 1993 1363 ira
2027 1328 2060 1363 a

498 1422 646 1460 servo
682 1417 790 1461 tuo.
822 1403 1049 1475 Adjutor
1070 1421 1212 1459 meus
1249 1414 1381 1469 esto,
1416 1420 1478 1457 ne
1518 1401 1738 1472 abjicias
1771 1418 1872 1466 me,
1902 1419 2062 1473 neque

496 1496 708 1552 deseras
757 1515 856 1562 me,
897 1497 1039 1552 Deus
1083 1498 1329 1553 Salvator
1377 1513 1540 1552 meus.
1597 1496 1861 1562 Quoniam
1910 1503 2061 1564 pater

497 1604 642 1645 meus
669 1599 718 1645 et
757 1599 925 1645 mater
969 1607 1085 1646 mea
1130 1590 1516 1661 dereliquerunt
1549 1604 1650 1652 me,
1677 1586 1932 1641 Dominus
1963 1602 2060 1639 au-

499 1692 599 1736 tem
625 1684 909 1753 assumpsit
946 1701 1049 1739 me.
1078 1682 1156 1739 Ne
1197 1699 1283 1739 me
1325 1696 1541 1738 servum
1571 1690 1746 1744 tuum,
1787 1678 1931 1751 quod
1970 1687 2057 1733 ta-

2164 485 2259 539 τοῦ
2281 481 2438 544 Θεοῦ,
2461 480 2535 544 ὡς
2560 474 2895 550 παρεστάναι
2926 470 3074 542 αύτῷ
3102 469 3194 524 καὶ
3219 468 3329 522 τῶν
3357 464 3721 539 μαρμαρυγῶ

2166 576 2263 647 τῆς
2296 570 2459 626 αὐτοῦ
2491 569 2741 639 θεότητος
2769 564 3077 620 ἀπολαύειν.

2236 660 2406 725 Είδὼς
2437 660 2515 723 δὲ,
2536 660 2617 713 ὅτι
2637 656 2895 720 πολλάκις
2920 657 2949 708 ό
2971 654 3104 717 Θεὸς
3130 651 3238 706 ἀπὸ
3264 650 3373 704 τῶν
3403 650 3478 722 μὴ
3498 648 3708 722 χωρούν

2163 770 2271 809 των
2284 752 2346 806 τὸ
2357 749 2519 805 αὑτοῦ
2534 749 2820 823 πρόσωπον
2839 746 2971 819 μηδὲ
2985 744 3141 810 eam
3156 743 3281 816 (sic)
3298 741 3379 816 [ἐξ
3390 741 3542 814 υἱῶν]
3558 742 3722 795 αὑτοῦ

2163 846 2352 909 ὄντων,
2390 844 2723 916 ἀποστρέφει
2755 841 2966 904 ἑαυτὸν,
2998 839 3067 893 τά
3096 838 3241 892 νῶτα
3271 835 3461 891 ἑαυτοῦ
3489 834 3722 899 δεικνὺς,

2163 937 2351 1010 ῶσπερ
2381 933 2476 990 οὖν
2501 936 2579 1007 τῷ
2611 937 2835 989 Μωῦσεί
2861 933 3062 1002 ἔλεγεν·
3096 933 3262 1002 "arb-et
3287 929 3358 985 τὰ
3379 929 3571 983 ὀπίσω
3581 945 3720 999 μου,

2162 1027 2230 1081 τὸ
2258 1026 2327 1081 δὲ
2353 1026 2676 1095 πρόσωπόν
2695 1042 2815 1094 μου
2850 1025 2961 1079 οὐκ
2996 1021 3322 1092 ὀφθήσεται
3365 1036 3483 1075 σοι·
3525 1019 3590 1072 ἵν’
3630 1013 3725 1072 οὖν

2167 1119 2241 1190 μὴ
2267 1118 2423 1171 τοῦτο
2455 1116 2617 1171 πάθοι
2652 1117 2681 1167 ό
2714 1115 2802 1172 διὰ
2840 1114 2947 1168 τῶν
2978 1112 3349 1185 προκειμένων
3373 1110 3720 1182 δηλούμενος,

2164 1210 2392 1264 ἱκετεύει
2441 1210 2535 1263 καὶ
2590 1208 2764 1261 δέεται
2811 1206 3016 1275 λέγων·
3067 1204 3165 1273 Μὴ
3210 1201 3598 1272 ἀποστρέψῃς
3653 1202 3723 1256 τὸ

2161 1301 2483 1371 πρόσωπόν
2517 1315 2633 1354 σου
2680 1300 2781 1353 ἀπ’
2825 1297 2971 1368 ἐμοῦ
2988 1313 3002 1326 ·
3033 1295 3118 1365 μὴ
3151 1295 3439 1362 ἐκκλίνῃς
3467 1294 3538 1347 ὲν
3573 1293 3723 1364 ὁρτῇ

2159 1392 2276 1447 ἀπὸ
2309 1390 2416 1446 τοῦ
2445 1390 2668 1445 δούλου
2695 1404 2829 1443 σου.
2852 1387 3077 1455 Βοηθός
3098 1402 3215 1455 μου
3241 1384 3440 1456 γενοῦ,
3466 1384 3554 1454 μὴ
3575 1385 3723 1439 ἀπο-

2159 1483 2529 1550 σκορακίσῃς
2567 1498 2664 1551 με,
2710 1478 2806 1533 καὶ
2840 1477 2919 1547 μὴ
2948 1475 3348 1546 Marcellum
3369 1490 3464 1545 με,
3511 1476 3547 1528 ὁ
3576 1473 3723 1541 Θεὸς

2159 1576 2193 1627 ὁ
2222 1571 2423 1641 Σωτήρ
2448 1589 2587 1641 μου.
2619 1573 2739 1625 Ὅτι
2765 1574 2798 1625 ό
2820 1568 3013 1638 πατήρ
3032 1586 3151 1639 μου
3174 1567 3271 1621 καὶ
3301 1568 3340 1635 ἠ
3364 1565 3560 1636 μήτηρ
3598 1584 3722 1636 μου

2157 1664 2507 1734 ἐγκατέλιπέ
2536 1681 2632 1734 με·
2678 1666 2711 1718 ό
2750 1662 2819 1717 δὲ
2861 1662 3076 1731 Κύριος
3120 1658 3523 1729 προσελάϐετο
3575 1675 3719 1727 μου.

497 1772 570 1827 lia
598 1788 887 1845 aggressus
917 1774 1042 1834 sim.
1072 1773 1364 1829 averseris.
1405 1770 1589 1842 Neque
1626 1772 1769 1827 enim
1803 1771 1929 1826 licet
1962 1771 2049 1825 ho-

2159 1756 2273 1828 Μὴ,
2303 1758 2385 1811 ὅτι
2412 1756 2634 1810 τοιαῦτα
2658 1756 2981 1828 τετόλμηκα,
3013 1752 3369 1825 ἀποστράφῃς
3399 1768 3465 1823 με
3485 1751 3575 1803 τὸν
3598 1749 3723 1804 δοῦ-

497 1865 629 1920 mini
652 1881 813 1920 carne
836 1865 1024 1920 induto
1041 1864 1352 1933 hujusmodi
1373 1863 1735 1934 dignationem
1758 1863 2054 1934 attingere;

497 1974 664 2029 quare
692 1957 860 2029 Moysi
886 1957 1106 2012 dicebas
1139 1974 1154 2010 :
1192 1954 1361 2010 Nemo
1388 1952 1578 2010 videbit
1620 1954 1822 2009 vultum
1861 1970 2054 2019 meum,

495 2057 546 2103 et
578 2048 708 2103 vivet
735 2043 811 2102 ⁸⁸.’
850 2045 1037 2118 Neque
1065 2047 1210 2103 enim
1254 2044 1472 2101 mortali
1501 2046 1627 2111 vita;
1668 2045 1720 2099 id
1752 2051 2057 2114 competere

495 2138 660 2204 valet,
708 2146 767 2194 ut
800 2140 1009 2195 vultum
1041 2138 1443 2211 contempletur
1482 2146 1657 2193 tuum.
1691 2136 2078 2203 Quamobrem-

494 2224 708 2291 uajutor
740 2240 884 2278 meus
923 2235 1069 2290 esto,
1101 2234 1160 2280 ut
1188 2227 1458 2295 postulata
1492 2243 1815 2299 consequar.
1848 2229 1932 2285 Ne
1956 2232 2054 2285 ab-

482 2316 645 2385 jicias
685 2332 784 2380 me,
831 2331 931 2387 pro
969 2333 1078 2388 quo
1120 2318 1512 2391 Symmachus,
1553 2320 1636 2376 Ne
1680 2322 1888 2392 rejieias
1936 2340 2051 2388 me;

488 2405 686 2475 Aquila
721 2421 870 2473 vero,
904 2405 990 2462 Ne
1016 2406 1224 2464 deseras
1248 2426 1349 2478 me,
1380 2411 1567 2467 edidit.
1592 2410 1794 2469 Deinde
1819 2414 2003 2482 adjicit
2034 2435 2048 2471 :

493 2497 675 2571 Neque
701 2501 912 2557 deseras
942 2519 1044 2570 me,
1076 2502 1218 2557 Deus
1245 2500 1495 2557 Salvator
1525 2516 1691 2555 meus.
1722 2500 1799 2556 Te
1820 2515 2053 2571 namque

492 2591 867 2661 patrocinante
900 2606 964 2647 ac
1004 2591 1284 2648 dexteram
1316 2592 1650 2663 por-rigente,
1692 2608 1817 2663 spes
1854 2605 1938 2649 est
1963 2609 2051 2650 me

492 2681 631 2735 bona
671 2681 855 2736 omnia
887 2689 1336 2738 consecuturum.
1364 2680 1506 2748 Quia
1536 2681 1721 2737 nullus
1749 2682 1890 2738 alius
1917 2683 2051 2738 mihi

489 2771 706 2842 adjutor
736 2773 892 2830 adest
920 2794 934 2829 :
965 2788 1143 2845 neque
1176 2774 1320 2830 enim
1347 2774 1528 2844 aliqua
1564 2773 1768 2828 arctior
1806 2773 2052 2828 charior-

488 2878 616 2933 que,
642 2879 806 2934 quam
854 2866 1027 2936 patris
1077 2876 1133 2921 et
1186 2867 1401 2931 matris,
1449 2865 1796 2922 necessitudo
1844 2865 2047 2934 fuerit;

489 2954 594 3024 ipsi
621 2968 752 3011 vero
780 2954 1186 3025 dereliquerunt
1217 2970 1326 3020 me,
1365 2953 1491 3025 quia
1536 2955 1605 3009 ab
1630 2954 1740 3011 illis
1771 2955 2046 3022 omnibus,

489 3055 548 3100 ut
573 3046 666 3101 tibi
711 3047 815 3103 soli
858 3045 969 3102 Deo
996 3061 1269 3111 vacarem,
1307 3046 1530 3101 recessi.
1565 3045 1743 3113 Quare
1786 3046 1884 3102 tibi
1918 3063 2042 3118 gra-

2157 1851 2247 1905 λόν
2277 1868 2391 1905 σου.
2418 1851 2493 1905 Οὐ
2523 1850 2631 1921 γὰρ
2658 1852 2864 1920 ἐφεῖται
2894 1844 3163 1919 ἀνθρώπῳ
3193 1845 3369 1919 σάρκα
3399 1844 3722 1917 περιϐεϐλη-

2164 1941 2313 2012 μένῳ
2337 1940 2444 1995 τῶν
2468 1939 2720 1994 τοιούτων
2740 1936 3036 2004 ἀξιοῦσθαι·
3065 1937 3144 1991 διὸ
3170 1936 3352 2007 ἔλεγες
3374 1934 3452 2007 τῷ
3474 1937 3715 1991 Μωῦσεῗ·

2159 2033 2368 2099 οὐδεὶς
2399 2032 2608 2102 ὄψεται
2653 2032 2719 2086 τὸ
2765 2031 3091 2101 πρόσωπόν
3126 2048 3267 2100 μου,
3309 2030 3407 2083 καὶ
3454 2028 3716 2098 ζήσεται.

2167 2124 2440 2180 ’Δδυνατεῖ
2468 2124 2576 2197 γὰρ
2600 2125 2634 2196 ἡ
2658 2122 2825 2196 θνητὴ
2855 2123 2966 2195 ζωὴ
2994 2121 3129 2195 πρὸς
3150 2120 3247 2193 τὴν
3274 2118 3402 2175 θέαν
3425 2120 3519 2175 τοῦ
3545 2139 3718 2193 προσ⁹

2150 2214 2302 2271 ὠπου
2340 2233 2455 2271 σου·
2488 2216 2569 2270 διὸ
2605 2215 2801 2286 μᾶλλον
2815 2216 3145 2286 ,βοηθόςμω
3175 2215 3359 2271 γενοῦ
3373 2216 3511 2291 πρός
3530 2213 3591 2267 τὸ
3621 2229 3719 2268 τυ-

2151 2308 2264 2375 χεῖν
2295 2303 2405 2358 τῶν
2426 2304 2726 2377 ᾐτημένων.
2758 2302 2854 2371 Μὴ
2884 2302 3375 2371 ἀποσκορακίσῃς
3388 2319 3485 2372 με·
3510 2303 3627 2358 ἀνθ’
3648 2297 3715 2356 οὗ

2149 2399 2179 2451 ὁ
2223 2399 2549 2469 Σύμμαχος,
2586 2397 2684 2466 Μὴ
2726 2396 3068 2466 demptum
3111 2412 3219 2465 με,
3253 2393 3542 2462 ἐξέδωκεν·
3591 2397 3620 2450 ό
3652 2394 3713 2449 δὲ

2164 2489 2395 2554 ’Δκύλας
2418 2507 2433 2520 ·
2468 2489 2567 2558 Μὴ
2616 2489 2804 2559 ἐάσῃς
2836 2506 2933 2559 με.
2989 2487 3102 2542 Εἶτ’
3149 2487 3422 2557 ἐπιλέγει·
3473 2489 3580 2542 Kal
3621 2488 3713 2559 μὴ

2148 2581 2588 2651 ἐγκαταλείπῃς
2613 2599 2710 2651 με,
2740 2584 2773 2635 ὁ
2808 2579 2951 2648 Θεὸς
2983 2583 3017 2634 ὁ
3043 2577 3247 2648 Σωτήρ
3277 2597 3416 2651 μου.
3456 2578 3557 2633 Σοῦ
3600 2582 3715 2652 γὰρ

2150 2666 2700 2743 ἀντιλαμϐανομένου,
2754 2671 2847 2725 καὶ
2910 2668 3089 2734 δεξιὰν
3139 2670 3438 2743 ὀρέγοντος,
3490 2670 3716 2724 πάντων

2148 2763 2303 2827 ἐλπὶς
2341 2766 2521 2835 τυχεῖν
2561 2762 2667 2817 τῶν
2698 2761 2939 2832 ἀγαθῶν.
2994 2763 3145 2816 Ἐπεὶ
3185 2762 3372 2834 μηδεὶς
3404 2762 3582 2833 ἕτερός
3613 2779 3710 2832 μοι

2149 2855 2380 2925 πάρεστι
2406 2854 2612 2926 βοηθός·
2645 2854 2752 2907 τῶν
2778 2854 2888 2927 γὰρ
2919 2854 2977 2907 ὲν
3005 2854 3310 2927 ἀνθρώποις
3340 2854 3586 2924 ἀναγκῶν
3617 2855 3717 2909 ού-

2145 2948 2254 3013 δεὶς
2272 2947 2339 3003 ἂν
2361 2949 2568 3018 γένοιτο
2587 2948 2791 3021 πατρὸς
2813 2948 2907 3002 καὶ
2934 2949 3138 3021 μητρὸς
3165 2949 3361 3021 μᾶλλον
3385 2949 3710 3022 προσφιλής·

2146 3034 2292 3096 οὗτοι
2320 3042 2377 3096 δὲ
2399 3042 2553 3097 αὐτοὶ
2573 3041 2990 3096 καταλελοίπασί
3014 3060 3079 3114 με
3097 3042 3183 3096 διά
3203 3043 3264 3097 τὸ
3290 3043 3505 3097 πάντων
3528 3042 3717 3097 αὐτῶν

488 3136 617 3191 tiam
650 3137 924 3210 proﬁteor,
963 3138 1093 3210 quia
1131 3138 1200 3193 ab
1245 3139 1500 3195 omnibus
1530 3138 1781 3197 desertus
1822 3155 1887 3195 ac
1926 3139 2049 3195 reli-

2152 3132 2648 3205 ἀνακεχωρηκέναι,
2689 3135 2783 3187 καὶ
2825 3134 2908 3187 σοὶ
2960 3134 3105 3206 μόνῳ
3136 3134 3413 3206 σχολάζειν
3453 3134 3530 3206 τῷ
3568 3134 3712 3207 Θεῷ.

487 3235 628 3294 ctus,
664 3230 763 3289 abs
796 3241 847 3288 te
878 3231 995 3290 solo
1026 3242 1341 3305 assumptus
1366 3251 1510 3291 sum.

559 3406 721 3466 Vens.
760 3410 848 3474 11,
885 3411 973 3469 ιε.
1017 3410 1203 3485 Legem
1247 3428 1380 3484 pone
1432 3414 1560 3469 mihi
1599 3416 1653 3470 in
1692 3418 1779 3471 via
1809 3425 1903 3472 tua
1939 3437 1957 3473 :
1993 3430 2043 3476 et

484 3498 648 3570 dirige
682 3517 762 3556 me
794 3501 848 3556 in
876 3503 1118 3557 semitam
1147 3513 1346 3559 rectam
1372 3513 1584 3575 propter
1616 3505 1856 3561 inimicos
1881 3523 2041 3564 meos.

485 3591 572 3646 Ne
623 3591 910 3649 tradideris
989 3612 1071 3650 me
1130 3596 1187 3649 in
1247 3598 1453 3652 animas
1513 3596 1877 3654 tribulantium
1942 3617 2043 3667 me,

483 3682 731 3751 quoniam
811 3685 1209 3753 insurrexerunt
1287 3689 1341 3741 in
1416 3706 1498 3744 me
1577 3700 1728 3745 testes
1838 3693 2042 3763 iniqui,

483 3778 535 3825 et
596 3774 816 3826 mentita
887 3783 965 3828 est
1037 3775 1290 3846 iniquitas
1363 3777 1485 3833 sibi.
1556 3777 1692 3834 Cum
1770 3782 2046 3839 multoties

481 3860 550 3917 de
591 3878 650 3918 se
698 3862 917 3920 divinus
964 3864 1255 3937 Apostolus
1302 3868 1416 3923 haec
1473 3871 1804 3927 declarasset
1854 3889 1918 3929 ac
1961 3875 2047 3930 di-

482 3951 652 4008 xisset
676 3970 691 4009 :
718 3951 871 4008 Nihil
899 3956 1037 4009 enim
1069 3958 1241 4011 minus
1280 3958 1362 4027 {ui
1399 3958 1463 4013 ab
1496 3960 1562 4013 iis
1597 3963 1689 4031 qui
1728 3971 1850 4016 sunt
1882 3979 2042 4032 supra

481 4038 695 4092 modum
743 4042 1048 4111 apostoli“;
1079 4044 1148 4100 iis
1178 4044 1294 4099 haec
1330 4046 1554 4116 adjicit:
1585 4046 1709 4102 Non
1751 4049 1889 4121 quod
1925 4054 2043 4121 jam

481 4132 785 4200 acceperim,
820 4142 913 4187 aut
946 4132 1063 4205 jam
1096 4136 1355 4206 perfectus
1400 4138 1500 4193 sim
1522 4155 1540 4192 :
1569 4156 1754 4210 sequor
1785 4152 1957 4197 autem
1996 4146 2046 4199 si

479 4242 580 4297 quo
622 4225 775 4281 modo
816 4228 1248 4297 comprehendam
1265 4232 1310 4263 ⁸ο
1339 4247 1357 4285 :
1387 4246 1451 4285 ac
1482 4247 1700 4287 rursum
1742 4234 1910 4290 alibi:
1939 4235 2044 4292 Ca-

478 4320 614 4389 stigo
639 4334 826 4390 corpus
857 4337 1048 4387 meum,
1081 4331 1131 4377 et
1156 4323 1212 4376 in
1239 4323 1537 4378 servitutem
1564 4324 1761 4395 redigo,
1818 4342 1881 4380 ne
1909 4326 2045 4397 forte

477 4426 597 4467 cum
620 4412 741 4468 aliis
766 4415 1176 4483 prtedicaverim,
1195 4416 1305 4486 ipse
1327 4415 1574 4488 reprobus
1601 4417 1793 4486 e/ﬁciar
1808 4418 1877 4471 ⁸η.
1905 4417 2040 4474 Nam

2153 3221 2313 3277 Ὅθεν
2338 3224 2432 3277 καὶ
2457 3224 2616 3295 χάριν
2636 3223 2900 3296 ὁμολογῶ,
2930 3225 3013 3279 ὅτι
3037 3226 3250 3281 πάντων
3278 3225 3481 3299 ἔρημος
3502 3228 3597 3281 καὶ
3620 3244 3713 3281 κα·

2146 3313 2453 3394 ταλειιρθεὶς
2485 3316 2589 3370 ὑπὸ
2616 3316 2709 3370 σοῦ
2741 3316 3135 3390 προσελήφθην.

2217 3407 2637 3477 Νομοθέτησόν
2661 3426 2737 3479 με
2769 3410 2842 3463 ἐν
2870 3409 2948 3479 τῇ
2976 3409 3093 3475 6ξῷ
3115 3426 3251 3475 σου,
3281 3408 3379 3464 καὶ
3405 3410 3717 3481 ὁδήγησόν

2143 3518 2219 3571 με
2240 3502 2312 3555 ἐγ
2338 3503 2512 3571 τρίϐῳ
2545 3504 2747 3573 εὐθείᾳ
2793 3504 2972 3560 ἕνεκα
3017 3503 3136 3560 τῶν
3161 3506 3401 3577 ’ἐχθρῶν
3439 3526 3580 3578 μου.
3608 3508 3713 3578 Μὴ

2148 3588 2425 3660 παραδῷς
2445 3609 2522 3661 με
2550 3594 2636 3659 εὶς
2672 3593 2876 3663 ψυχὰς
2905 3596 3227 3650 θλιϐόντων
3253 3612 3349 3666 με,
3381 3596 3470 3651 ὅτι
3498 3597 3715 3654 ἐπανέ-

2149 3683 2390 3751 στησαν
2406 3701 2509 3754 μοι
2531 3682 2826 3754 μάρτιζρες
2853 3684 3061 3754 ἄδικοι,
3085 3686 3183 3741 καὶ
3200 3688 3500 3757 ἐψεύσατο
3520 3690 3559 3758 ἡ
3587 3689 3713 3744 ἀδι-

2147 3774 2250 3827 κία
2275 3773 2478 3843 ἑαυτῇ.
2500 3774 2763 3839 Πολλάκις
2791 3778 2917 3849 περ)⁸
2948 3777 3140 3831 ἑαυτοῦ
3172 3779 3202 3831 ό
3231 3777 3370 3844 θεῖος
3394 3779 3713 3844 Ἀπόστολος

2148 3864 2365 3932 διδάξας
2398 3865 2494 3920 κα)⁸
2520 3866 2708 3922 εἰπών·
2740 3868 2931 3923 Οὐδὲν
2958 3868 3068 3939 γὰρ
3094 3854 3394 3939 ὖστέρηκα
3419 3872 3536 3926 τῶν
3558 3874 3713 3943 ὑπὲρ

2146 3958 2290 4012 λίαν
2302 3958 2675 4014 ἀποστόλων·
2699 3960 2905 4025 τούτοις
2925 3962 3094 4033 ἐπῆγε
3120 3961 3310 4032 λέγων·
3338 3966 3458 4034 Οὐχ
3481 3964 3569 4018 ὅτι
3590 3964 3711 4035 ἤδη

2146 4050 2370 4106 ἔλαϐον
2396 4052 2435 4121 ἢ
2462 4052 2578 4121 ἤδη
2612 4054 3002 4124 τετελείωμαι·
3030 4052 3216 4109 διώκω
3243 4054 3312 4109 δὲ
3335 4058 3387 4110 εὶ
3415 4057 3510 4111 καὶ
3535 4075 3715 4112 κατα-

2148 4142 2327 4198 λάϐω·
2356 4146 2449 4199 καὶ
2471 4144 2632 4198 πάλιν
2654 4144 2905 4216 ἀλλαχοῦ·
2946 4145 3270 4208 Ὑπωπιάζω
3288 4164 3407 4216 μου
3432 4146 3499 4200 τὸ
3515 4145 3708 4216 σῶμα,

2147 4235 2247 4290 καὶ
2289 4235 2661 4307 δουλαγωγῶ·
2691 4236 2925 4307 μήπως,
2962 4236 3173 4305 ἄλλοις
3208 4237 3490 4307 κηρύξας,
3527 4240 3712 4304 αὐτὸς

2148 4327 2430 4398 ἀδόκιμος
2444 4327 2720 4399 γένωμαι.
2741 4330 2903 4383 Ὅσον
2922 4328 3020 4400 μὲν
3040 4327 3149 4400 γὰρ
3164 4329 3239 4392 ὡς
3253 4329 3389 4401 πρὸς
3408 4328 3711 4400 ἀνθρώπων

2151 4417 2457 4489 σύγκρισιν,
2496 4419 2709 4491 συνῄδει
2758 4419 2936 4491 ἑαυτῷ
2975 4419 3356 4491 προκεκοφότι,
3400 4421 3495 4475 καὶ
3521 4420 3623 4491 τὴν
3653 4422 3711 4474 ὲν

476 4513 739 4573 quantum
785 4506 853 4562 ad
897 4507 1177 4564 hominum
1228 4511 1695 4580 comparationem
1725 4511 2038 4567 testimatio-

2152 4508 2447 4580 ἀνθρώποις
2491 4510 2802 4582 τελειότητα
2848 4510 3178 4581 ἀνειληφότι·
3221 4511 3344 4564 ὅσον
3386 4510 3445 4564 δὲ
3494 4510 3589 4564 ἐπὶ
3633 4511 3715 4581 τῷ

476 4610 709 4668 nemque
732 4598 1059 4668 pertinebat,
1093 4616 1154 4656 se
1182 4602 1480 4673 profecisse
1513 4619 1575 4659 ac
1602 4604 1894 4658 humanam
1920 4620 2044 4675 per-

476 4686 764 4745 fectionem
811 4694 1056 4762 attigisse
1109 4692 1215 4748 sibi
1266 4695 1523 4751 conscius
1571 4705 1724 4762 erat;
1778 4702 2040 4766 quantum

474 4787 656 4834 autem
691 4781 759 4835 ad
783 4782 863 4837 rei
890 4785 1194 4848 veritatem.
1230 4802 1290 4842 se
1335 4787 1391 4841 in
1422 4787 1611 4842 multis
1649 4789 1878 4845 deiicere
1906 4788 2045 4844 scie-

475 4872 592 4936 bat,
638 4872 711 4928 ob
756 4873 920 4944 idque
949 4890 1070 4933 sese
1105 4876 1487 4948 imperfectum
1514 4878 1805 4936 fatebatur.
1840 4880 2041 4936 Eadem

474 4980 702 5035 prorsus
732 4973 931 5032 mente,
963 4967 1012 5023 is
1042 4967 1135 5039 qui
1167 4969 1223 5024 in
1249 4970 1503 5041 praesenti
1533 4970 1793 5040 loquitur,
1827 4970 2043 5026 videtur

473 5057 607 5112 mihi
640 5057 852 5115 debitas
880 5058 990 5115 Deo
1036 5059 1104 5116 de
1147 5064 1436 5132 praeteritis
1465 5063 1625 5118 bonis
1653 5062 1858 5134 gratias
1884 5070 2038 5118 retu-

472 5150 623 5215 lisse,
656 5164 741 5211 ac,
771 5159 955 5221 utpOte
977 5152 1160 5217 homo,
1187 5154 1519 5210 infirmitatis
1546 5155 1796 5210 humana:
1827 5155 2038 5226 lapsum

473 5241 785 5312 suspicatus
810 5258 954 5300 esse.
985 5242 1325 5315 Quapropter
1368 5245 1436 5301 de
1472 5245 1655 5304 futuro
1682 5247 1849 5303 Deum
1879 5262 2041 5316 roga-

476 5335 587 5398 bat,
622 5340 682 5387 ut
714 5333 832 5405 ipse
864 5333 965 5390 sibi
994 5335 1272 5406 legislator
1302 5346 1467 5393 esset.
1489 5337 1675 5409 Neque
1705 5339 1850 5395 enim
1882 5338 2035 5403 mihi,

474 5425 673 5497 inquit,
704 5434 833 5483 sunt
865 5428 1057 5499 lcgalia
1103 5429 1303 5502 Moysis
1353 5431 1508 5487 satis.
1541 5430 1652 5487 Lex
1679 5432 1876 5502 quippe
1923 5430 2034 5496 illa,

474 5535 584 5575 non
618 5520 806 5592 justts,
841 5523 936 5578 sed
983 5522 1181 5594 iniquis
1225 5529 1279 5577 et
1320 5522 1820 5594 inolisequcntibus,
1857 5522 2037 5592 impiis

2143 4599 2350 4671 ἀληθεῖ,
2382 4602 2441 4654 ὲν
2461 4601 2675 4666 πολλοῖς
2695 4601 2902 4656 ἑαυτῶν
2935 4603 3178 4673 ὑστερεῖν
3205 4602 3519 4671 ἐγίνωσκεν,
3543 4602 3715 4673 ἀτελῆ

2139 4709 2200 4745 τε
2239 4688 2379 4746 εἶναι
2408 4693 2598 4747 ἑαυτὸν
2622 4693 2710 4748 διὰ
2738 4692 2881 4747 τοῦθ’
2908 4692 3191 4765 ὡμολόγει.
3222 4693 3406 4766 Ταύτῃ
3440 4712 3530 4766 μοι
3562 4695 3715 4749 δοκεῖ

2146 4786 2212 4856 τῇ
2241 4784 2451 4858 διανοίᾳ
2477 4786 2572 4839 καὶ
2605 4787 2635 4838 ὁ
2667 4786 2737 4838 τά
2767 4785 3098 4857 προκείμενα
3136 4784 3416 4853 διεξελθὼν
3446 4788 3575 4859 περὶ
3609 4789 3714 4860 μὲν

2139 4875 2249 4929 τῶν
2283 4877 2686 4949 παρῳχηκότων
2723 4876 2821 4948 τὴν
2849 4878 3165 4950 πρέπουσαν
3190 4879 3538 4951 εὐχαριστίαν
3568 4882 3716 4936 ἀπο⁴

2140 4969 2432 5023 δεδωκέναι
2460 4969 2539 5040 τῷ
2564 4968 2702 5040 Θεῷ,
2731 4964 2819 5023 οἷα
2848 4970 2905 5022 δὲ
2946 4969 3229 5042 ἄνθρωπος
3253 4972 3344 5026 τὸν
3370 4971 3580 5025 ὄλισθον
3611 4976 3719 5043 τῆς

2142 5062 2488 5135 ἀνθρωπίνης
2516 5061 2797 5127 ἀσθενείας
2824 5064 3146 5136 ὑφορᾶσθαι.
3182 5065 3274 5119 Διὸ
3302 5065 3431 5137 περὶ
3456 5064 3550 5118 τοῦ
3585 5067 3721 5136 μέλ-

2141 5155 2323 5218 λοντος
2350 5154 2544 5226 χρόνου
2578 5154 2877 5225 παρεκάλει
2896 5155 2988 5208 τὸν
3015 5156 3167 5222 Θεὸν,
3194 5157 3341 5220 ὅπως
3367 5156 3531 5221 αὐτὸς
3563 5157 3719 5228 αὐτῷ

2142 5245 2352 5315 γένοιτο
2387 5245 2702 5318 νομοθέτης.
2747 5247 2820 5302 Ού
2866 5246 2974 5320 γὰρ
3015 5249 3254 5320 ἀπαρκεῖ
3297 5266 3408 5320 μοι,
3454 5250 3611 5320 φησι,
3645 5249 3720 5304 τά

2145 5338 2297 5409 παρά
2337 5340 2560 5393 Μωῦσεῖ
2599 5339 2822 5412 νόμιμα·
2853 5341 3084 5404 δικαίοις
3114 5341 3281 5414 γάροό
3308 5341 3472 5413 νόμος
3505 5345 3718 5409 ἐκεῖνος

2144 5429 2206 5484 ού
2230 5430 2633 5503 νενομοθέτητο,
2654 5432 2767 5486 ἀλλ’
2795 5433 3013 5504 ἀνόμοις
3034 5433 3129 5486 καὶ
3153 5434 3565 5501 ἀνυποτάκτοις,
3591 5437 3717 5489 ἀσε-

2145 5519 2264 5573 ϐέσι
2289 5520 2379 5574 καὶ
2412 5521 2751 5594 ἁμαρτωλοῖς
2776 5522 2869 5577 καὶ
2892 5524 3002 5586 τοῖς
3025 5522 3446 5595 παραπλησίοις.
3482 5525 3711 5588 Τούτοις

547 5676 590 5709 "
631 5677 798 5735 Exod.
833 5694 1024 5746 χχχιιι,
1057 5682 1147 5738 23.
1221 5682 1265 5713 "
1305 5680 1433 5736 ibid.
1514 5682 1553 5713 δ’
1595 5679 1636 5734 ΙΙ
1667 5680 1789 5736 Cor.
1827 5694 1922 5749 stt,
1960 5678 2041 5733 il.

2152 5680 2165 5711 υ
2207 5678 2435 5751 Philipp.
2475 5641 2555 5747 ..'.,
2592 5680 2671 5734 ιε.
2750 5679 2787 5710 ιι
2833 5677 3007 5734 lCor.
3043 5694 3118 5745 ιι,
3146 5677 3238 5733 27.
