3992 6216
211 267 314 324 155

1363 252 1863 311 COMMENTARIA
1895 253 1961 307 ΙΝ
2001 247 2339 304 PSALMOS.

3329 233 3434 289 2-66

156 399 170 415 ³
212 381 318 454 γὰρ
355 382 384 436 6
419 377 660 448 Μωῦσῆς
691 372 1020 445 ἐνομοθέτει,
1051 368 1190 425 κατά
1215 369 1314 440 τὴν
1347 369 1774 441 σκληροκαρδίαν

1899 377 1929 422 :t
1957 364 2332 438 peccatoribus
2357 360 2532 431 iisque
2560 358 2831 414 similibus
2860 358 2984 412 data
3003 361 3110 414 est.
3136 355 3258 412 Istis
3279 359 3439 428 quip-

155 478 157 484 ’
208 473 386 531 αὐτῶν
433 468 866 540 δίαταττόμενος.
913 464 1053 534 Ἐγὼ
1091 465 1168 528 δὲ,
1211 464 1392 534 φησιν,
1426 463 1486 515 ού
1515 465 1581 534 τῇ
1611 464 1778 517 Μωῢ-

212 569 348 631 σέως
387 561 675 635 νομοθεσίᾳ
721 556 1064 627 ὑποδέδληκα
1107 555 1357 626 ἐμαυτόν.
1401 554 1491 607 Διὸ
1528 553 1650 607 οὐδὲ
1681 553 1779 625 τὴν

207 660 296 714 διὰ
329 657 485 724 ζώων
509 653 723 724 σφαγῆς
761 652 947 705 θυσίαν
974 648 1405 719 ἐπηγγειλάμην,
1435 645 1571 701 ἀλλά
1591 645 1779 699 Θυσίαν

211 747 552 820 ἀλαλαγμοῦ,
584 745 890 816 καινότερον
931 741 1133 814 τρόπον
1161 740 1194 810 ἦ
1222 725 1366 794 κατά
1402 739 1471 792 τὰ
1505 738 1780 802 Μωῦσέως

212 844 440 914 νόμιμα.
489 840 686 910 Διόπερ
733 835 868 903 ἀξιῶ
901 834 1094 904 καινῆς
1137 831 1456 904 νομοθεσίας
1499 831 1649 900 παρὰ
1687 830 1779 883 σοῦ

213 937 418 1007 τυχεῖν.
454 932 622 996 Αὐτὸς
653 925 744 984 οὖν
770 928 866 999 τὴν
895 928 993 999 σὴν
1021 926 1139 980 ὁδὸν
1173 923 1436 991 ὲπίδειξόν
1473 940 1580 994 μοι’
1612 923 1645 993 ἢ
1669 921 1782 992 φώ-

213 1044 414 1092 τισον,
451 1024 587 1081 κατὰ
615 1023 703 1078 τὸν
763 1021 1010 1075 Ἀκύλαν.
1058 1019 1152 1090 Μὴ
1201 1019 1358 1090 μόνον
1405 1017 1461 1070 δὲ
1503 1015 1781 1085 ὑποδείξῃς

219 1120 355 1194 μηδὲ
389 1116 751 1190 νομοθετήσῃς
781 1131 890 1185 μοι,
923 1106 969 1166 ὦ
1003 1110 1195 1182 Κύριε,
1227 1107 1363 1163 ἀλλά
1394 1108 1487 1160 καὶ
1520 1105 1782 1176 ὁδήγησόν

318 1213 375 1264 ὲν
393 1206 560 1279 τρίσῳ
578 1203 784 1276 εὐθείᾳ,
809 1201 944 1274 πρὸς
967 1200 1028 1254 τὸ
1051 1200 1124 1271 μὴ
1153 1195 1458 1270 προσκόψαι
1479 1193 1615 1265 πρὸς
1636 1191 1782 1245 λίθον

214 1303 306 1358 τὸν
339 1300 472 1354 πόδα
503 1315 625 1370 μου,
659 1295 868 1350 ἕνεκεν
898 1293 1018 1346 τῶν
1045 1289 1273 1361 ἐχθρῶν
1298 1305 1438 1357 μου.
1470 1286 1566 1353 Μὴ
1600 1298 1783 1352 παρα-

215 1394 332 1460 δῷς
353 1408 428 1462 με
465 1393 551 1456 εἰς
593 1387 798 1457 ψυχὰς
841 1385 1166 1440 θλιϐόντων
1190 1397 1287 1449 με.
1317 1379 1394 1432 Δι’
1427 1375 1633 1447 ὁμαλῆς
1674 1371 1782 1443 γὰρ

213 1489 333 1544 6δοῦ
371 1489 466 1541 καὶ
499 1483 782 1557 εἰρηνικῆς
819 1482 964 1542 ὅπως
1001 1477 1266 1548 διαγάγῃς
1309 1490 1374 1544 με
1410 1469 1545 1535 ἀξιῶ
1570 1467 1659 1521 τὸν
1685 1465 1783 1534 τῆς

217 1579 362 1652 ζωῆς
398 1595 500 1650 μου
524 1576 736 1648 χρόνον.
767 1572 842 1626 Ού
878 1569 988 1642 γὰρ
1028 1569 1182 1640 μόνον
1216 1564 1463 1635 πολέμιοι
1488 1558 1782 1630 τυγχάνου-

217 1651 325 1735 σιν,
359 1668 495 1724 ἀλλά
524 1667 616 1720 καὶ
644 1662 974 1732 συκοφάνται
1002 1659 1175 1714 ἄδικοι
1203 1657 1297 1710 καὶ
1321 1651 1779 1725 ψευδομάρτυρες,

1880 476 1948 532 pe
1975 458 2186 528 Moyses
2209 457 2380 526 legem
2410 453 2636 517 ferebat,
2661 449 2728 504 ad
2759 449 3011 504 duritiem
3044 447 3227 504 cordis
3250 462 3440 503 eorum

1881 548 2363 606 accommodatam.
2397 544 2465 598 At
2491 557 2611 613 ego,
2646 541 2841 612 inquit,
2873 555 2983 594 non
3012 554 3097 593 me
3130 537 3332 609 Moysis
3360 537 3441 592 le-

1880 639 2037 710 gibus
2084 636 2321 693 subdidi.
2368 634 2549 700 Quare
2595 647 2705 687 non
2759 637 3047 685 cruentum
3093 628 3443 694 sacriﬁcium,

1881 728 1976 784 sed
2026 727 2260 783 hostiam
2300 723 2642 794 jubilationis
2682 719 2960 792 pollicitus
3005 735 3148 786 sum,
3196 732 3339 772 novo
3383 732 3448 772 ac

1881 820 2037 888 longe
2082 816 2297 872 diverso
2326 830 2358 868 a
2391 812 2591 886 Moysis
2636 811 2904 882 legalibus
2952 810 3084 866 ritu.
3110 808 3238 865 ldeo
3281 822 3449 862 novas

1882 912 1978 966 abs
2002 918 2057 965 te
2088 908 2305 979 postulo
2336 907 2500 976 leges.
2531 903 2614 958 Tu
2660 904 2799 974 ipse,
2829 917 3036 974 quaero,
3066 901 3210 955 viam
3261 907 3450 956 osten-

1883 1003 1981 1057 das
2013 1002 2177 1067 mihi;
2205 1008 2298 1054 aut
2329 998 2594 1061 illumina,
2633 995 2934 1052 secundum
2962 993 3233 1065 Aquilam.
3267 990 3452 1062 Neque

1884 1095 2059 1150 solum
2093 1092 2352 1148 ostendas
2391 1105 2455 1143 ac
2482 1089 2653 1159 legem
2683 1102 2856 1158 ponas
2888 1087 3045 1152 mihi,
3075 1085 3320 1149 Domine,
3354 1083 3450 1140 sed

1883 1189 2043 1245 etiam
2072 1188 2243 1259 dirige
2273 1202 2358 1241 me
2393 1187 2445 1240 in
2481 1183 2672 1240 semita
2702 1189 2874 1246 recta,
2908 1189 2968 1236 ut
2997 1195 3064 1236 ne
3089 1177 3450 1235 oﬁendamad

1884 1283 2112 1356 lapidem
2142 1281 2278 1354 pede
2309 1295 2450 1344 meo,
2480 1287 2687 1348 propter
2713 1277 2954 1331 inimicos
2980 1292 3118 1329 meos
3144 1291 3161 1329 :
3194 1291 3256 1329 ne
3281 1274 3452 1328 tradi-

1882 1376 2020 1430 deris
2065 1391 2145 1428 me
2174 1375 2230 1428 in
2258 1373 2466 1426 animas
2498 1369 2863 1424 tribulantium
2881 1384 2980 1422 me.
3013 1364 3115 1422 Per
3142 1367 3357 1436 planam
3388 1380 3454 1420 ac

1882 1469 2158 1539 paciﬁcam
2187 1467 2328 1520 viam
2364 1479 2449 1518 me
2490 1471 2734 1533 tempore
2761 1461 2886 1516 vita:
2913 1475 3047 1515 meae
3087 1458 3327 1514 deducas
3357 1473 3455 1529 po-

1883 1559 2046 1615 stulo.
2073 1556 2191 1612 Non
2221 1556 2396 1612 solum
2425 1555 2569 1610 enim
2604 1553 2833 1615 inimici,
2853 1552 2948 1608 sed
2974 1551 3136 1606 etiam
3169 1550 3339 1620 iniqui
3367 1566 3458 1621 sy-

1883 1652 2166 1723 cophantae
2210 1656 2264 1705 et
2311 1648 2433 1704 falsi
2468 1654 2635 1702 testes
2662 1646 2890 1711 instant,
2922 1643 3016 1714 qui
3038 1643 3222 1698 omnia
3265 1639 3449 1697 hostili

217 1726 322 1817 καὶ⁷
343 1761 519 1815 πάντα
550 1757 619 1811 τά
650 1726 859 1827 ὲχθρίῖιν
901 1751 1248 1824 πράττοντες.
1293 1747 1425 1799 Τότε
1472 1744 1528 1798 δὲ
1570 1741 1786 1813 ἀληθῶς

1899 1760 2035 1800 nere
2065 1757 2276 1799 mecum
2311 1749 2498 1812 agunt.
2526 1738 2682 1794 Tunc
2709 1753 2875 1809 porro
2909 1737 3013 1793 sibi
3041 1752 3169 1792 vere
3194 1735 3458 1791 mentitur

220 1858 388 1927 ἑαυτῇ
419 1852 667 1923 ψεύδεται
708 1851 742 1919 ἠ
769 1845 970 1909 ἀδικία,
999 1844 1127 1897 ὅταν
1175 1839 1248 1911 μὴ
1276 1837 1417 1892 κατά
1447 1834 1786 1907 πραγμάτων

225 1925 478 2022 φέρηται,
523 1941 653 2014 μηδὲ
677 1936 942 2009 κατισχύῃ
969 1933 1077 1986 τῶν
1109 1925 1754 2022 ψευδομαρτυρουμένων.

214 2014 251 2053 ’⁷
296 2014 564 2092 ΪΙιοίτεύω
589 2030 694 2084 τοῦ
728 2027 875 2083 ἰδεῖν
901 2027 974 2082 τὰ
1004 2023 1194 2095 ἀγαθὰ
1217 2020 1435 2089 Κυρίου
1457 2019 1526 2073 ἐν
1545 2017 1623 2087 γῇ
1653 2014 1790 2076 ζών-

224 2139 363 2177 των.
403 2120 628 2192 Μήποτε
659 2117 715 2170 δὲ
756 2117 850 2170 καὶ
892 2114 984 2167 ἐπὶ
1022 2113 1120 2185 τὴν
1145 2109 1402 2180 ἀνωτέρω
1428 2109 1639 2178 αἴτησιν
1663 2107 1792 2160 ἀνα-

227 2216 454 2289 πέμπειο
482 2211 664 2282 ἀγαθὰ
684 2210 890 2282 Κυρίου
927 2208 1100 2277 λέγων
1130 2205 1190 2258 τὸ
1223 2203 1477 2274 ἀνωτέρω
1509 2200 1794 2271 εἰρημένον

225 2309 520 2382 πρόσωπον
565 2303 751 2368 αὑτοῦ,
802 2301 932 2374 περὶ
975 2295 1036 2354 οὗ
1081 2298 1307 2368 ἔφασκε·
1357 2294 1430 2349 T6
1475 2292 1798 2363 πρόσωπόν

227 2418 366 2467 σου,
401 2398 597 2467 Κύριε,
642 2393 896 2464 ζητήσω.
932 2390 1030 2460 Μὴ
1063 2387 1455 2457 ἀποστρέψῃς
1481 2385 1548 2440 τὸ
1570 2385 1800 2454 πρόσω-

229 2493 347 2546 πόν
374 2506 488 2544 σου
530 2487 630 2543 ἀπ’
664 2485 830 2556 ἐμοῦ.
870 2483 961 2536 Διὸ
995 2480 1138 2536 κατά
1173 2479 1264 2535 τὸν
1307 2477 1536 2532 Ἀκύλαν
1563 2475 1799 2547 εἴρηταιο

241 2583 608 2638 Ἐπίστευσα
632 2579 738 2632 τοῦ
781 2576 929 2631 ἰδεῖν
965 2576 1034 2630 ἐν
1065 2569 1262 2644 ἀγαθῷ
1299 2571 1540 2641 Κυρίου’
1571 2569 1709 2624 κατὰ
1744 2568 1801 2622 δὲ

230 2675 322 2730 τὸν
347 2673 658 2746 Σύμμαχονσ
697 2669 1042 2722 Ἐπίστευον
1067 2665 1216 2719 ίδεῖν
1244 2664 1360 2734 τὴν
1411 2661 1800 2732 ἀγαθωσύνην

236 2768 478 2837 Κυρίου.
521 2764 658 2818 Ἀλλ’
687 2761 872 2832 δψεταί
887 2779 953 2831 γε
979 2758 1072 2813 τοῦ
1089 2757 1292 2830 Κυρίου
1316 2755 1376 2809 τὸ
1398 2755 1687 2828 πρόσωπον
1710 2754 1806 2806 καὶ

237 2858 308 2913 τὰ
337 2855 516 2926 ἀγαθά
555 2851 909 2924 Κυρίου,οὑκ
953 2851 1012 2903 ὲν
1051 2847 1130 2920 τῷ
1171 2845 1433 2919 περιγείῳ
1474 2845 1643 2915 τόπῳ,
1691 2841 1804 2896 ἀλλ’

240 2948 361 3002 οὐδὲ
392 2949 450 3000 ὲν
490 2944 569 3015 τῷ
607 2943 715 2996 τῶν
749 2942 955 3012 θνητῶν
987 2939 1191 3011 χωρίῳ,
1223 2938 1335 2992 ἀλλ’
1363 2938 1421 2990 ὲν
1461 2938 1531 3008 γῇ
1569 2935 1804 3001 ζώντων,

1887 1836 2168 1906 iniquitas,
2201 1833 2420 1905 quando
2452 1846 2542 1886 res
2575 1830 2678 1901 ipsi
2723 1845 2835 1884 non
2877 1829 3014 1885 bene
3035 1827 3253 1894 cedunt,
3279 1841 3458 1896 neque

1889 1928 2027 1983 falsa
2056 1926 2372 1982 testimonia
2401 1925 2721 1997 praevalent.

1961 2018 2128 2075 Vens.
2162 2019 2252 2074 l5.
2293 2017 2461 2073 Credo
2491 2015 2661 2072 videre
2699 2014 2835 2069 bona
2864 2011 3077 2067 Domini
3109 2011 3165 2066 in
3205 2020 3345 2066 terra
3382 2011 3461 2066 viv

1891 2113 2138 2168 pentiam.
2174 2109 2312 2166 Num
2358 2109 2424 2164 ad
2456 2108 2792 2179 superiorem
2823 2104 3242 2177 postulationem
3273 2101 3460 2158 remit-

1891 2206 1979 2270 tit,
2010 2220 2073 2260 ac
2117 2205 2260 2259 bona
2308 2201 2521 2258 Domini
2565 2200 2768 2257 voeitat
2795 2199 3005 2254 vultum
3047 2194 3264 2252 Domini
3294 2208 3461 2265 supra

1895 2302 2272 2358 memoratum,
2307 2293 2374 2349 de
2421 2307 2531 2363 quo
2581 2291 2701 2345 ait:
2745 2289 2961 2345 Vultum
3001 2297 3184 2352 tuum,
3215 2285 3460 2349 Domine,

1897 2386 2178 2456 requiram.
2209 2382 2291 2438 Ne
2315 2391 2522 2438 avertas
2553 2381 2742 2452 faciem
2771 2390 2917 2435 tuam
2939 2396 2972 2434 a
3003 2378 3122 2434 me?
3157 2376 3341 2444 Quare
3375 2391 3464 2432 se-

1898 2477 2134 2534 cundum
2182 2475 2433 2546 Aquilam
2479 2473 2722 2528 dicitur:
2755 2470 2968 2526 Credidi
3021 2486 3101 2524 me
3148 2467 3467 2524 visurum-ia

1901 2567 2032 2620 bono
2058 2564 2308 2626 Domini;
2339 2561 2637 2631 secundum
2662 2575 2791 2615 vero
2821 2559 3205 2630 Symmachum
3234 2577 3249 2613 :
3276 2556 3469 2614 Crede-

1903 2660 2023 2714 bam
2051 2657 2222 2714 videre
2269 2655 2552 2710 bonitatem
2603 2652 2833 2707 Domini.
2871 2650 2976 2706 Sed
3016 2650 3221 2706 videbit
3250 2649 3466 2704 Domini

1909 2763 2118 2818 vultum
2158 2769 2213 2817 et
2245 2760 2384 2815 bena
2428 2754 2675 2821 Domini,
2703 2768 2811 2809 non
2856 2753 2912 2807 in
2947 2760 3162 2807 terreno
3182 2748 3336 2812 loco,
3366 2747 3462 2803 sed

1910 2869 2086 2925 neque
2126 2853 2179 2908 in
2219 2862 2559 2907 mortuorum
2591 2846 2829 2919 regione,
2861 2844 2954 2901 sed
2997 2843 3052 2898 in
3092 2851 3236 2899 terra
3276 2841 3462 2896 viven-

1908 2949 2046 3003 tium
2074 2985 2090 3012 ,
2139 2959 2303 3015 quam
2348 2942 2624 3014 pollicitus
2678 2948 2761 2996 est
2810 2937 3075 2994 Salvator
3101 2935 3186 2990 his
3236 2932 3462 2995 verbis:

241 3041 308 3110 ἢν
345 3038 439 3093 κτιύ⁵
484 3038 515 3089 6
553 3034 744 3106 Σωτὴρ
782 3032 1142 3104 ἐπηγγείλατο
1181 3030 1371 3099 λέγων·
1427 3027 1713 3096 Μακάριοι
1753 3034 1795 3082 οι

1911 3038 2061 3093 Beati
2090 3037 2262 3105 mites,
2295 3035 2541 3106 quoniam
2573 3033 2671 3103 ipsi
2698 3030 3032 3102 possidebunt
3063 3030 3255 3082 terram
3273 3025 3344 3085 ⁸³.

241 3129 470 3200 πραεῖς,
499 3127 590 3181 ὅτι
621 3125 787 3179 αὐτοὶ
818 3120 1347 3192 κληρονομήσουσι
1377 3117 1490 3187 τὴν
1512 3117 1646 3187 γῆν.

785 3235 872 3321 ’φ
912 3233 1111 3287 ΔΑΥΙΔ
1142 3232 1267 3285 KZ'.

315 3332 472 3402 Πρὸς
519 3328 615 3396 σὲ,
645 3315 850 3398 Κύριεῖ
869 3323 1246 3394 κεκράξομαι,
1291 3324 1324 3376 ό
1371 3322 1515 3387 Θεός
1553 3336 1692 3389 μου,
1726 3315 1811 3386 μὴ

248 3419 722 3492 παρασιωπήσῃς
751 3419 851 3471 ἀπ’
881 3414 1048 3485 ἐμοῦ,
1081 3413 1313 3483 μήποτε
1344 3408 1815 3479 παρασιωπήσῃς

247 3514 339 3566 ἐπ’
374 3511 523 3581 ἐμοὶ,
569 3508 668 3562 καὶ
713 3503 1146 3578 ὀμοιωθήσομαι
1191 3501 1314 3566 τοῖς
1353 3498 1816 3554 καταϐαίνουσιν

250 3608 336 3670 είς
361 3601 608 3658 λάκκον.
640 3600 754 3653 Οὐκ
786 3592 1198 3664 ἐπιλελησμένοι
1225 3590 1336 3644 τῶν
1363 3587 1667 3660 ἔμπροσθεν
1688 3589 1816 3658 ἡμῖν

252 3693 588 3765 λελεγμένων
632 3689 760 3761 περὶ
794 3686 902 3740 τῶν
938 3684 1066 3739 ἄνευ
1106 3681 1250 3746 τινὸς
1291 3680 1606 3752 προσθήκης
1633 3681 1818 3748 ἐπιγε-

251 3783 586 3858 γραμμένων
613 3779 694 3846 τῷ
739 3776 938 3841 Δαυϊδ,
985 3775 1020 3847 ἢ
1047 3773 1156 3829 τοῦ
1197 3770 1398 3835 Δαυῖδ,
1443 3769 1818 3841 προσθήσομεν

252 3877 480 3939 ἐκείνοις
523 3875 617 3928 ἐπὶ
656 3869 750 3925 τοῦ
795 3869 1058 3941 παρόντος
1104 3865 1204 3937 τὴν
1248 3865 1327 3928 εἰς
1369 3864 1518 3934 ἡμᾶς
1561 3859 1818 3914 ἐλθοῦσαν

253 3967 572 4040 παράδοσιν.
617 3963 753 4017 Φασὶ
798 3961 975 4014 τοίνυν
1035 3955 1302 4028 Ἐϐραίων
1344 3954 1532 4017 παῖδες
1573 3952 1666 4006 ἐπὶ
1713 3951 1819 4004 τῶν

251 4059 508 4131 τοιαύτην
538 4056 768 4128 ἐχόντων
794 4053 1031 4124 γραφὴν,
1071 4049 1181 4102 δεῖν
1219 4045 1535 4118 ἀνατρέχειν
1571 4045 1666 4096 ἐπὶ
1695 4041 1819 4105 τοὺς

253 4151 533 4223 ἀνωτέρω,
577 4148 672 4202 καὶ
711 4147 930 4200 σκοπεῖν
968 4143 1149 4205 ὁποῖος
1185 4136 1252 4212 ἦν
1293 4141 1322 4193 ό
1361 4141 1417 4192 ἐν
1457 4139 1599 4208 ἀρχῇ
1632 4153 1822 4208 προτε-

2367 3223 2496 3280 lPSl
2528 3220 2737 3277 DAVI‘D
2794 3218 3011 3276 XXVII.

1984 3321 2148 3378 Vens.
2183 3321 2236 3388 l,
2259 3320 2313 3374 2.
2355 3317 2435 3372 Ad
2471 3326 2539 3383 te,
2561 3315 2800 3376 Domine,
2845 3309 3107 3377 clamabo,
3141 3308 3284 3362 Deus
3308 3322 3472 3371 meus,

1917 3431 1979 3468 ne
2006 3412 2164 3468 sileas
2189 3429 2219 3465 a
2249 3427 2348 3474 me,
2372 3408 2664 3480 rte-quando
2693 3416 2866 3462 taceas
2898 3421 2930 3458 a
2953 3411 3116 3468 me,et
3144 3399 3479 3456 assimilabor

1916 3499 2340 3558 descendentibus
2363 3500 2419 3553 in
2444 3497 2638 3551 lacum.
2671 3495 2870 3550 Eorum
2900 3506 3020 3563 qua:
3064 3489 3314 3560 superius
3341 3486 3481 3542 dixi-

1917 3612 2040 3651 mus
2085 3594 2151 3650 de
2199 3593 2423 3665 psalmis
2447 3589 2539 3661 qui
2579 3589 2698 3646 sine
2721 3585 3092 3642 additamento
3124 3580 3340 3646 Dauidi,
3368 3579 3482 3634 sive

1919 3681 2138 3736 Davidis
2179 3679 2572 3743 inscribuntur,
2598 3692 2708 3732 non
2742 3676 3108 3737 immemores,
3136 3671 3244 3726 illis
3273 3671 3328 3724 in
3347 3684 3486 3740 pne-

1919 3774 2057 3828 senti
2085 3771 2455 3836 traditionem,
2493 3785 2613 3841 qua:
2649 3768 2716 3823 ad
2753 3782 2854 3822 nos
2887 3779 3062 3835 usque
3087 3762 3355 3834 pervenit,
3387 3761 3484 3816 ad-

1916 3865 2291 3936 jiciemus(l).
2323 3863 2415 3918 Sic
2463 3863 2615 3917 aiunt
2657 3863 2839 3931 itaque
2889 3858 3097 3914 Hebraei
3143 3856 3212 3912 de
3259 3854 3483 3927 psalmis

1919 3957 2012 4028 qui
2045 3957 2206 4012 talem
2228 3953 2520 4027 pmferunt
2549 3952 2954 4023 inscriptionem
2977 3991 2992 4016 ,
3020 3957 3273 4022 Oportere
3297 3947 3363 4002 ad
3388 3963 3482 4004 su-

1921 4051 2165 4131 periores
2197 4062 2502 4111 recurrere,
2540 4055 2703 4117 atque
2752 4046 3062 4107 observare,
3087 4044 3310 4114 quinam
3344 4051 3488 4098 esset

1921 4141 2164 4212 psalmus
2195 4140 2286 4211 qui
2317 4139 2534 4212 praeiret
2563 4138 2686 4194 aliis
2709 4135 3192 4209 subsequentibus,
3225 4133 3338 4190 sive
3360 4131 3486 4186 nul-

253 4221 527 4314 ταγμένος
565 4239 777 4311 ψαλμὸς
814 4234 921 4288 τῶν
966 4232 1102 4305 μετά
1145 4230 1338 4296 ταῦτα,
1380 4230 1497 4299 ἦτοι
1544 4226 1795 4281 παντελῶ

1923 4233 2028 4287 lam
2069 4248 2295 4303 prorsus
2339 4231 2749 4302 inscriptionem
2791 4229 3111 4293 ferentibus,
3148 4228 3267 4284 sive
3296 4221 3490 4278 Davidi

256 4335 665 4406 ἀνεπιγράφων,
695 4331 730 4403 ἦ
754 4328 834 4395 τῷ
853 4325 1033 4382 Δα-υῒδ
1066 4324 1570 4397 ἐπιγεγραμμένων
1603 4323 1697 4376 καὶ
1723 4340 1795 4394 μα

1922 4324 2200 4393 inscriptis
2215 4364 2230 4389 ,
2255 4334 2414 4394 atque
2435 4333 2654 4393 accepta
2679 4321 2858 4376 abillo
2880 4322 3087 4390 psalmo
3113 4314 3490 4385 inscriptione,

260 4425 446 4488 θόντες
473 4424 532 4487 ἐξ
559 4422 766 4475 ἐκείνου
803 4419 901 4490 τὴν
939 4413 1279 4488 προγραφὴν,
1321 4412 1648 4484 ἐφαρμόζειν
1688 4413 1795 4465 αὐτ

1899 4460 1900 4469 χ
1928 4418 2253 4474 sententiam
2285 4415 2734 4485 subsequentium
2763 4412 3097 4487 psalmorum
3133 4409 3236 4483 ipsi
3272 4421 3491 4462 accom-

264 4513 488 4569 καὶτῶν
512 4513 647 4583 μετά
666 4511 834 4564 ταῦτα
856 4505 1210 4578 συνημμένων
1234 4504 1332 4576 τὴν
1354 4503 1611 4558 διάνοιαν.
1645 4503 1701 4555 '0
1729 4501 1794 4573 μὲ

1929 4507 2138 4563 modari
2170 4516 2440 4577 oportere.
2472 4505 2718 4560 Prazsens
2745 4505 2928 4572 itaque
2956 4502 3197 4574 psalmus
3225 4499 3316 4570 qui
3345 4513 3494 4553 xxvn

263 4601 359 4660 οὖν
389 4603 525 4674 μετὰ
551 4607 758 4678 χεῖρας,
781 4601 860 4665 κζ’
881 4599 974 4662 ὢν,
1005 4597 1208 4668 ταύτην
1230 4596 1341 4667 ἔχει
1364 4595 1460 4667 τὴν
1486 4594 1795 4667 προγραφὴι

1930 4604 2036 4661 est,
2069 4597 2227 4652 istam
2273 4596 2433 4649 habet
2477 4593 2909 4662 inscriptionem,
2963 4590 3272 4666 pariterque
3324 4605 3493 4656 xxvr,

266 4697 363 4752 καὶ
395 4696 424 4748 6
457 4701 552 4758 κςί
572 4696 666 4747 καί
696 4695 724 4745 6
758 4700 834 4746 κε’
865 4691 957 4745 καὶ
990 4693 1018 4744 6
1046 4690 1153 4744 x6"
1183 4690 1296 4743 ἀλλ’
1329 4690 1357 4742 ὁ
1385 4695 1470 4758 κγ’
1493 4687 1731 4757 ψωμύς
1762 4683 1795 4758 ἦ

1932 4704 2038 4743 xxv
2065 4695 2120 4742 et
2149 4701 2277 4740 xxxv
2309 4706 2323 4740 :
2357 4685 2451 4740 sed
2485 4699 2617 4738 χχιιι
2649 4682 2886 4753 psalmus
2917 4690 3034 4737 erat
3065 4679 3259 4734 Davidi
3303 4679 3497 4736 inscri-

270 4785 354 4854 τῷ
374 4784 572 4848 Δαυῒδ,
621 4783 818 4854 ὁμοίως
854 4784 910 4836 δὲ
951 4784 1042 4836 καὶ
1085 4784 1112 4835 6
1155 4781 1257 4836 κδ’.
1307 4779 1515 4834 Οὐκοῦν
1547 4777 1795 4833 ἀκόλουθό

1935 4785 2082 4852 ptus,
2115 4777 2474 4848 similiterque
2498 4793 2639 4842 ιιιιι,
2668 4775 2810 4830 unde
2846 4773 3144 4830 secundum
3173 4771 3498 4831 Hebraicam

265 4881 409 4942 ἐστι,
440 4875 581 4931 κατά
598 4875 693 4948 τὴν
726 4875 1015 4946 Ἐὅραῖκὴν
1034 4875 1352 4947 παράδοσιν,
1377 4871 1612 4934 καὶτοὺς
1635 4869 1795 4940 ἐφεξῆ

1933 4868 2278 4924 traditionem
2330 4881 2670 4937 consequens
2715 4871 2830 4930 est,
2880 4864 3118 4935 reliquos
3166 4879 3354 4920 omnes
3401 4877 3497 4934 pro

264 4972 479 5035 πάντας
507 4969 753 5040 ψαλμοὺς
777 4965 914 5022 εἷναι
942 4968 1359 5040 ὑπολαμϐάνειν,
1394 4966 1492 5029 ὼς,
1533 4963 1673 5018 κατά
1711 4961 1795 5016 τοῦ

1937 4961 2161 5034 psalmis
2211 4959 2278 5014 ad
2333 4957 2577 5014 eamdem
2606 4956 2870 5012 rationem
2906 4954 3235 5026 reputandos
3265 4969 3405 5016 esse,
3437 4967 3500 5006 ac

261 5078 360 5115 τον
390 5061 484 5114 τὸν
509 5059 687 5128 λόγον,
728 5059 822 5112 καὶ
864 5058 954 5112 τὸν
998 5057 1133 5128 μετά
1171 5060 1356 5128 χεῖρας
1403 5053 1648 5126 ἡγεῖσθαι
1697 5048 1795 5106 sive

1937 5061 2261 5126 praesentem
2289 5051 2541 5107 similiter
2567 5051 2835 5122 psalmum
2884 5049 3311 5121 supplicationes
3353 5061 3499 5102 com—

259 5153 503 5225 ψαλμὸν,
537 5151 854 5224 περιέχοντα
890 5149 1090 5220 δέησιν.

1940 5147 2286 5217 plectentem.

341 5243 511 5298 Τοῦτο
547 5243 656 5314 γὰρ
697 5241 1019 5312 παρίστησιν
1061 5239 1222 5304 αὐτὸς
1263 5239 1464 5311 προῖὼν
1506 5240 1598 5294 καὶ
1636 5239 1795 5308 λέγωι

2011 5237 2150 5293 Illud
2191 5254 2288 5309 per
2334 5254 2393 5294 se
2441 5238 2680 5294 declarat
2712 5238 2794 5293 vel
2831 5235 2947 5306 ipse
2990 5235 3255 5307 psalmus,
3283 5230 3410 5286 dum
3446 5226 3500 5279 in

257 5335 656 5396 Εὶσὰκουσον
685 5330 792 5401 τῆς
833 5329 1034 5400 φωνῆς
1075 5329 1186 5400 τῆς
1232 5330 1491 5397 δεήσεως
1517 5350 1634 5403 μου
1664 5331 1734 5387 ἐν
1759 5349 1795 5385 τι

1943 5331 2295 5402 sequentibus
2324 5331 2407 5387 sic
2434 5331 2594 5388 habet
2621 5349 2635 5387 :
2663 5327 2877 5385 Exaudi
2911 5345 3084 5385 vocem
3125 5316 3502 5393 deprecationis

343 5494 392 5525 "
434 5490 624 5547 Matth.
651 5506 705 5557 ν,
739 5489 794 5545 4.

3518 5467 3532 5506 ι

278 5645 1088 5778 mg)1::(ﬂﬁgsggéqt2;.igenis
1114 5661 1142 5701 a
1168 5645 1326 5702 nobis
1349 5644 1656 5716 propediem
1681 5645 1908 5715 edendo,
1945 5647 2088 5717 quod
2158 5646 2223 5703 ab
2254 5643 2582 5717 Hieronymo
2618 5641 2889 5704 laudatur.
2929 5639 3041 5694 haec
3083 5632 3196 5699 ipsa
3248 5623 3498 5685 Hebm0~
