3980 6214
499 247 603 303 ξιτ
1212 246 1475 303 EUSEBH
1513 241 1985 304 CESARIENSIS
2024 244 2174 302 OPP.
2214 242 2394 300 PARS
2433 243 2519 297 111.
2558 275 2628 286 —-
2665 242 3072 298 EXEGETICA.
3607 240 3718 296 358

497 381 624 420 mete
646 365 772 418 dum
793 379 885 419 ora
908 362 978 418 ad
1008 371 1076 418 te.
1107 362 1278 430 Quam
1306 377 1439 419 vero
1465 370 1700 418 mentem
1725 362 2050 433 deprecatio-

2159 360 2401 415 δέεσθαι
2418 376 2494 430 με
2517 359 2665 428 πρὸς
2685 358 2777 412 σέ.
2804 357 2936 411 Τίνα
2961 358 3019 411 δὲ
3044 356 3282 411 διάνοιαν
3310 358 3553 429 περιέχει
3580 362 3610 410 6
3628 359 3731 428 τῆς

494 460 583 514 nis
608 456 777 514 series
803 455 1078 526 praeferat,
1105 470 1201 525 age
1231 460 1485 510 accurate
1504 453 1920 525 perpendamus.
1940 454 2050 509 Cla-

2164 453 2403 524 δεήσεως
2428 452 2605 521 λόγος,
2628 450 2761 522 φέρε
2790 450 3229 521 κατανοήσωμεν.
3259 450 3396 521 Βοᾷν
3428 449 3563 519 φησὶ
3588 450 3734 521 πρὸς

494 563 643 603 mare
668 561 728 602 se
748 545 885 601 dicit
907 547 975 602 ad
1000 546 1305 612 Dominum,
1339 553 1503 616 atque
1525 544 1680 599 illum
1707 553 1767 599 nt
1788 545 2050 616 pr0prium

2165 543 2385 616 Κύριον,
2413 541 2787 597 ἐπικαλεῖσθαί
2812 558 2869 595 τε
2907 541 3066 594 αὐτὸν
3124 541 3200 604 ὡς
3229 540 3357 593 ἴδιον
3382 537 3542 593 αὐτοῦ
3571 537 3727 593 Θεόν.

491 640 597 696 sibi
637 638 807 693 Deum
834 639 1109 693 invocare.
1144 636 1226 692 Tu
1255 637 1423 702 enim,
1441 637 1538 701 ait,
1563 636 1820 708 dignatus
1843 652 1904 693 es
1933 651 2050 691 nun

2164 638 2237 690 Σὺ
2268 636 2396 709 γὰρ,
2426 636 2610 707 φησὶν,
2638 635 2666 686 ὁ
2694 631 3036 698 καταξιώσας
3064 632 3198 703 ἐμὸς
3221 630 3551 704 χρηματίσαι
3571 630 3729 695 Θεὸς,

491 729 679 799 cupari
728 727 872 784 Deus
917 743 1091 795 meus,
1118 735 1179 783 ut
1207 728 1624 799 promissionem
1657 728 1806 782 illam
1858 727 2050 782 sanctis

2163 726 2284 781 καθ’
2324 728 2391 799 ἢν
2426 726 2777 799 περιποιῆσαι
2821 724 2960 795 πρὸς
3000 723 3127 787 τοὺς
3168 722 3354 791 ἁγίους
3397 721 3734 790 ἐπαγγελίαν

490 820 621 877 viris
653 820 835 875 datam
865 834 1140 875 assereres
1167 838 1181 875 :
1222 819 1289 873 Et
1319 836 1407 874 ero
1431 819 1645 874 illorum
1675 818 1842 883 Deus,
1876 826 1926 872 et
1959 818 2050 887 ips:

2162 818 2347 873 εἰπών·
2380 820 2487 874 Καὶ
2513 819 2725 888 ἔσομαι
2749 816 2946 872 αὐτῶν
2965 816 3129 880 Θεὸς,
3154 814 3255 869 καί
3277 815 3447 875 αὐτοὶ
3481 813 3736 867 ἔσονταί

492 916 646 966 erunt
675 906 804 963 milii
829 903 1049 973 populus
1075 903 1162 955 "‘.
1189 892 1385 972 Excipe
1417 901 1827 971 deprecationem
1857 912 2048 964 meam,

495 1010 546 1058 et
580 1018 643 1056 ne
682 999 837 1054 sileas
877 1014 911 1052 a
938 1014 1039 1063 me,
1087 995 1361 1067 nequando
1405 1006 1576 1049 taceas
1624 1011 1658 1048 a
1688 1009 1789 1058 me,
1833 999 1884 1047 et
1912 991 2051 1046 assi-

500 1092 724 1148 milabor
763 1089 1187 1146 descendentibus
1228 1089 1281 1142 in
1329 1087 1523 1145 lacum.
1569 1086 1695 1142 Haec
1738 1086 1949 1142 dicebat
1995 1083 2052 1138 in

499 1183 797 1241 certamine
841 1181 1169 1238 constitutus
1214 1198 1229 1235 :
1270 1194 1340 1235 ne
1382 1179 1451 1235 iis
1497 1180 1589 1249 qui
1641 1186 1767 1249 post
1809 1177 2056 1232 mortalis

501 1275 729 1345 hujusce
762 1276 885 1329 vitae
922 1272 1129 1328 exitum
1171 1271 1229 1326 in
1270 1272 1464 1327 mortis
1496 1271 1672 1326 lacum
1701 1268 2054 1333 descendunt,

502 1367 696 1422 similis
747 1365 916 1420 ﬁeret.
957 1362 1183 1419 Etiamsi
1235 1364 1380 1418 enim
1432 1364 1489 1418 in
1538 1362 1803 1432 superiori
1841 1360 2054 1431 psalmo

492 1449 691 1504 dixerit
723 1467 738 1505 :
767 1447 933 1504 Credo
954 1450 1124 1504 videre
1157 1448 1291 1503 bona
1334 1449 1549 1503 Domini
1593 1452 1648 1504 in
1694 1461 1837 1506 terra
1885 1453 2060 1507 viven-

2155 929 2258 982 μοι
2288 911 2453 977 λαός.
2482 909 2816 979 Παρὰδεξαι
2835 927 2953 979 μου
2980 907 3097 975 τὴν
3119 906 3350 974 δέησιν.
3380 904 3492 959 Καὶ
3509 904 3597 975 μὴ
3626 922 3734 959 na-

2152 992 2552 1071 ρασιωπήσῃς
2599 1001 2701 1056 ἀπ’
2746 999 2912 1070 ἐμοῦ,
2968 997 3202 1068 μήποτε
3249 996 3733 1066 παρασιωπήσῃς

2159 1094 2260 1149 ἀπ’
2291 1093 2458 1163 ἐμοῦ,
2501 1092 2600 1149 καὶ
2637 1091 3071 1161 ὀμοιωθήσομαι
3103 1089 3229 1156 τοῖς
3263 1089 3735 1143 καταϐαίνουσιν

2157 1187 2245 1251 εἰς
2281 1183 2527 1240 λάκκον.
2557 1185 2738 1237 Ταῦτα
2765 1183 2810 1237 δ’
2845 1182 3083 1252 ἔφασκεν
3111 1183 3168 1234 ὲν
3189 1176 3397 1253 ἀγωνίᾳ
3427 1179 3729 1245 καθεστώς

2162 1277 2234 1347 μή
2270 1293 2344 1348 πη
2374 1275 2481 1347 ἄρα
2516 1277 2630 1339 τοῖς
2659 1275 2794 1347 μετὰ
2830 1274 2927 1345 τὴν
2961 1273 3218 1327 ἀνάλυσιν
3240 1272 3335 1326 τοῦ
3372 1272 3568 1345 θνητοῦ
3610 1272 3731 1343 βίου

2156 1368 2569 1423 καταϐαίνουσιν
2590 1369 2670 1432 είς
2700 1368 2791 1420 τὸν
2816 1367 2910 1420 τοῦ
2940 1365 3169 1420 θανάτου
3197 1363 3396 1420 λάκκον
3417 1381 3730 1439 παρομοιω-

2157 1458 2294 1531 θείη.
2342 1461 2406 1512 Ei
2436 1459 2546 1532 γὰρ
2590 1459 2659 1512 τὰ
2708 1458 2941 1530 μάλιστα
2986 1459 3046 1511 ὲν
3089 1455 3167 1527 τῷ
3213 1456 3319 1528 πρὸ
3349 1457 3537 1511 τούτου
3570 1457 3728 1527 ἔλεγε

493 1543 960 1607 ιὶιιιη⁵⁸;οιιοιηοη
991 1549 1051 1597 ιιι
1080 1542 1243 1598 homo
1265 1541 1443 1597 adhuc
1471 1557 1637 1598 carne
1659 1545 2050 1607 circumdatus,

2153 1551 2369 1623 ψαλμῷ·
2419 1552 2685 1605 Πιστεύω
2710 1551 2815 1605 τοῦ
2832 1549 2981 1604 testa»
3005 1532 3075 1604 τὰ
3096 1548 3287 1618 ἀγαθά
3315 1549 3536 1618 Κυρίου
3555 1550 3626 1603 ἐν
3645 1549 3728 1620 τῇ

491 1634 564 1688 ob
587 1633 710 1689 vitze
738 1635 1067 1690 debilitatem
1097 1648 1163 1689 ac
1188 1634 1581 1690 volubilitatem
1612 1634 1941 1690 decertabat.
1971 1636 2050 1689 Si-

2159 1641 2417 1704 ζώντων’
2460 1642 2574 1697 ἀλλ’
2601 1643 2750 1714 ὅμως
2790 1643 2867 1707 ὡς
2902 1642 3206 1715 ἅνθρωπος,
3250 1642 3329 1695 ἔτι
3364 1642 3543 1713 σάρκα
3570 1659 3734 1713 περι-

495 1724 712 1795 quidem
729 1734 783 1782 et
810 1727 923 1797 ipse
947 1726 1237 1797 Apostolus
1265 1726 1604 1793 decertabat,
1629 1742 1696 1782 ne
1717 1727 1839 1782 aliis
1862 1727 2050 1796 praedi-

2158 1734 2425 1804 κείμενος,
2454 1710 2664 1804 ἠγωνία
2691 1733 2778 1787 διὰ
2805 1735 2866 1788 τὸ
2886 1710 3084 1807 σαθρὸν
3115 1734 3210 1787 καὶ
3240 1710 3597 1805 εὐμετάϐολον
3623 1710 3724 1787 τοῦ

492 1831 627 1873 cans
654 1816 769 1887 ipse
799 1818 1059 1888 reprobus
1087 1817 1503 1874 inveniretur“.
1536 1816 1738 1871 Lacum
1770 1825 1948 1873 autem
1970 1833 2050 1873 so-

2158 1825 2294 1895 βίου.
2336 1826 2487 1879 Ἐπεὶ
2514 1826 2609 1878 καὶ
2631 1827 2660 1879 6
2692 1826 3011 1889 Ἀπόστολος
3035 1825 3264 1896 ἠγωνία,
3295 1827 3512 1896 μήπως,
3544 1823 3732 1889 ἄλλοις

490 1909 605 1963 lent
633 1908 800 1963 divini
825 1908 948 1964 libri
982 1924 1293 1978 nuncupare
1315 1909 1619 1964 animarum
1639 1908 1978 1964 domicilium
2002 1910 2050 1963 in

2155 1912 2418 1986 κηρύξας,
2448 1914 2609 1977 αὐτὸς
2642 1913 2897 1985 ἀδόκιμος
2924 1913 3165 1985 γένηται.
3197 1914 3410 1968 Λάκκον
3438 1913 3493 1966 δὲ
3526 1912 3728 1966 εἰώθα-

491 2000 728 2065 inferno,
766 2009 824 2054 ut
871 2015 1067 2056 vocare
1114 2010 1535 2063 consueverunt.
1564 1999 1721 2067 Quod
1746 2002 1908 2056 etiam
1938 2002 2050 2072 ipse

2156 2022 2239 2059 σιν
2260 2007 2307 2058 οἱ
2331 2005 2463 2058 θεῖοι
2487 2005 2634 2073 λόγοι
2661 2005 2945 2076 ὀνομάζειν
2971 2005 3033 2059 τδ
3062 2005 3169 2059 τῶν
3192 2004 3380 2074 ψυχῶν
3406 2005 3745 2077 οἰκητήριον·

490 2091 658 2146 David
691 2090 950 2156 declarat,
983 2091 1112 2147 dum
1148 2109 1257 2148 non
1292 2093 1451 2163 longe
1496 2092 1624 2148 hinc
1671 2092 1725 2147 in
1758 2107 1893 2147 nix
1919 2093 2050 2163 psal-

2153 2094 2213 2147 τὸ
2244 2097 2303 2148 ὲν
2340 2094 2418 2165 τῷ
2443 2094 2756 2165 καλουμένῳ
2951 2093 2981 2147 ὃ
3021 2093 3087 2165 δὴ
3129 2093 3456 2166 παρίστησιν
3496 2092 3658 2156 αὐτὸς
3697 2094 3730 2146 6

491 2196 582 2237 mo
614 2182 741 2236 talia
770 2180 912 2238 fatur
939 2203 953 2237 :
987 2183 1210 2238 Domine
1242 2183 1396 2259 Deus
1426 2200 1591 2250 meus,
1613 2184 1837 2239 clamavi
1865 2184 1933 2237 ad
1984 2192 2050 2248 te,

2153 2183 2312 2237 Δαυῖδ
2337 2184 2437 2238 οὐκ
2458 2185 2534 2247 εἰς
2557 2183 2771 2255 μακρὰν
2798 2184 2857 2236 ὲν
2882 2182 2959 2253 τῷ
2978 2182 3059 2236 κθ’
3082 2182 3282 2254 ψαλμῷ
3314 2183 3509 2251 λέγων’
3542 2184 3727 2250 Κύριε

490 2285 543 2328 et
566 2274 771 2330 sanasti
800 2291 879 2330 me
900 2292 920 2330 :
960 2275 1203 2340 Domine,
1230 2275 1461 2330 eduxisti
1492 2291 1557 2331 ea:
1586 2275 1789 2345 inferno
1819 2276 2050 2333 animam

2154 2270 2187 2324 ὁ
2215 2275 2358 2341 Θεός
2384 2293 2517 2340 μου,
2543 2274 2837 2345 ἐκέκραξα
2867 2274 3016 2342 πρὸς
3047 2275 3142 2340 σὲ,
3170 2275 3268 2329 καὶ
3302 2273 3449 2328 Idam
3470 2291 3569 2344 με·
3598 2276 3723 2328 Κύ-

495 2380 703 2428 meam;
746 2366 963 2421 salvasti
992 2384 1074 2421 me
1101 2384 1135 2420 a
1161 2366 1587 2422 descendentibus
1623 2368 1699 2420 in:
1717 2366 1936 2421 locum"
1964 2364 2050 2420 Vi-

2153 2382 2254 2433 ριε,
2274 2365 2569 2436 ἀνήγαγες
2587 2364 2656 2430 έε
2679 2365 2826 2433 ςῖδου
2853 2364 2968 2433 τὴν
2992 2364 3203 2434 ψυχήν
3224 2381 3362 2434 μου·
3389 2363 3625 2431 ἔσωσάς
3640 2382 3723 2434 με

489 2455 619 2512 den'
643 2457 913 2526 quomodo
937 2457 1123 2514 eodem
1148 2458 1202 2511 in
1231 2460 1350 2513 loco
1378 2457 1649 2513 infernum
1667 2467 1720 2513 et
1745 2459 1918 2512 lacum
1949 2472 2050 2512 una

2153 2454 2267 2509 ἀπὸ
2300 2454 2418 2508 τῶν
2444 2455 2921 2509 καταϐαινόντων
2942 2456 3030 2519 εὶς
3059 2452 3310 2509 λάκκον.
3364 2453 3528 2525 Ὁρᾷς
3566 2454 3724 2518 ὅπως

490 2548 805 2620 copulavit?
848 2549 954 2605 Sed
980 2549 1038 2603 in
1067 2552 1319 2619 prasenti
1355 2549 1573 2622 quidem
1606 2551 1815 2620 psalmo
1847 2551 2050 2605 clamo-

2153 2547 2236 2601 τὸν
2264 2546 2396 2618 ᾅδην
2425 2550 2518 2599 καὶ
2548 2545 2638 2600 τὸν
2665 2545 2865 2600 λάκκον
2891 2545 2948 2598 ὲν
2985 2543 3172 2615 ταύτῷ
3199 2544 3286 2598 διὰ
3321 2543 3522 2598 τούτων
3548 2544 3721 2615 συνῆ-

488 2656 602 2697 rem
631 2640 699 2699 ad
723 2640 891 2697 Deum
913 2642 1132 2702 emittit.
1164 2657 1361 2712 rogans
1385 2658 1493 2697 non
1515 2641 1808 2698 assimilari
1829 2642 2050 2699 descen-

2153 2640 2278 2711 tjiev;
2308 2638 2446 2692 Ἀλλ’
2468 2640 2525 2692 ὲν
2550 2638 2648 2709 μὲν
2674 2636 2753 2709 τῷ
2778 2635 2917 2708 μετὰ
2935 2640 3123 2708 χεῖρας
3149 2635 3277 2707 βοὰς
3310 2636 3443 2708 πρὸς
3464 2635 3556 2688 τὸν
3579 2632 3726 2689 Θεὸν

488 2732 740 2790 dentibus
777 2734 832 2788 in
861 2734 1070 2801 lacum;
1112 2743 1169 2787 at
1207 2735 1261 2788 in
1295 2750 1436 2790 nono
1468 2743 1524 2790 et
1553 2735 1814 2805 vigesimo
1843 2734 2048 2793 oratio-

2153 2733 2387 2803 ἀφίησιν,
2405 2729 2735 2803 παρακαλῶν
2753 2730 2828 2802 μὴ
2841 2729 3168 2800 ὁμοιωθῆναι
3182 2731 3291 2791 τοῖς
3304 2727 3621 2782 καταϐαίνου
3628 2744 3725 2783 σιν

488 2842 612 2881 nem
644 2827 746 2882 sibi
793 2826 932 2882 bene
960 2826 1197 2881 cessisse
1238 2828 1582 2889 testiﬁcatur,
1613 2827 1693 2881 sic
1725 2825 1910 2881 aiens:
1938 2825 2047 2880 Do—

2153 2825 2224 2886 ιίς
2249 2823 2466 2877 λάκκον
2486 2825 2543 2876 ὲν
2565 2821 2622 2876 δὲ
2641 2820 2717 2892 τῷ
2738 2820 2940 2892 ὲννάτῳ
2965 2822 3059 2875 καὶ
3084 2821 3308 2892 εἰκοστῷ
3328 2818 3722 2893 κατωρθῶσθαι

494 2919 650 2982 mine,
680 2917 906 2972 clamavi
943 2919 1012 2972 ad
1045 2929 1113 2983 te,
1147 2928 1196 2972 et
1240 2919 1446 2973 sanasti
1484 2934 1599 2983 me;
1643 2917 1861 2973 salvasti
1897 2934 1977 2971 me
2010 2935 2046 2975 a

2153 2915 2292 2987 αὐτῷ
2312 2915 2379 2969 τὰ
2398 2915 2496 2985 τῆς
2522 2914 2687 2984 εὐχῆς
2705 2913 2943 2969 διδάσκει
2974 2912 3164 2983 λέγων’
3202 2915 3399 2984 Κύριε,
3424 2913 3724 2982 ἐκέκραξα

486 3008 910 3065 descendentibus
950 3010 1006 3063 in
1043 3010 1215 3063 lacum
1231 3010 1300 3064 ⁸⁸.
1333 3007 1646 3079 Opportune
1687 3017 1863 3064 autem
1891 3010 2047 3068 lacus

2153 3013 2296 3078 πρὸς
2322 3007 2416 3071 σὲ,
2454 3009 2553 3062 καὶ
2581 3006 2729 3062 ἰάσω
2755 3024 2853 3077 με·
2885 3007 3126 3076 ἔσωσας
3147 3026 3223 3080 με
3247 3009 3362 3063 ἀπὸ
3392 3006 3509 3061 τῶν
3534 3024 3721 3062 κατα-

493 3101 694 3157 dicitur
731 3101 1034 3156 animarum
1064 3102 1119 3155 in
1153 3101 1368 3157 inferno
1398 3102 1754 3156 domicilium.
1782 3100 2050 3167 Quemad-

2153 3102 2469 3156 ὕαινάν-των
2501 3103 2589 3167 εἰς
2614 3100 2867 3157 λάκκον.
2904 3101 3206 3173 Προσφυῶς
3236 3102 3293 3156 δὲ
3337 3101 3535 3165 λάκκος
3581 3100 3722 3154 ὠνό-

491 3194 713 3249 modum
761 3195 902 3250 enim
935 3196 1083 3251 lacus
1115 3196 1511 3265 receptaculum
1547 3205 1630 3250 est
1658 3209 1921 3268 aquarum
1955 3193 2050 3253 de-

2153 3209 2352 3267 μασται
2389 3192 2449 3248 τὸ
2473 3194 2530 3248 ὲν
2558 3192 2636 3265 τῷ
2658 3194 2758 3269 ᾅδῃ
2779 3193 2888 3247 τῶν
2913 3192 3101 3264 ψυχῶν
3116 3193 3451 3269 οἰκητήριον.
3492 3193 3582 3255 Ὣς
3607 3192 3721 3264 γὰρ

489 3299 656 3356 super
682 3299 747 3340 ac
775 3298 806 3341 e
836 3285 1053 3341 sublimi
1085 3287 1227 3341 istuc
1252 3285 1641 3354 decidentium,
1672 3266 1752 3345 sic
1782 3296 1837 3345 et
1859 3289 2050 3345 mortis

2153 3286 2175 3338 6
2208 3285 2407 3349 λάκκος
2439 3285 2643 3355 δοχεῖόν
2680 3266 2796 3339 ἐστι
2834 3285 2940 3338 τῶν
2982 3266 3185 3339 άνωᾶν
3218 3284 3311 3337 καὶ
3347 3282 3407 3348 ἐξ
3440 3282 3605 3353 ὕψους
3633 3284 3718 3346 εἰς

486 3380 660 3450 regio,
693 3379 783 3435 cui
813 3394 1008 3434 nomen
1044 3379 1312 3442 infernus,
1349 3392 1443 3435 eas
1483 3395 1604 3453 quae
1640 3397 1670 3435 a
1702 3383 1950 3452 supernis
1982 3398 2048 3437 ex

2153 3375 2305 3429 αὑτὸν
2339 3375 2794 3446 καταφερομένων
2825 3376 3048 3430 ὑδάτωνο
3088 3375 3180 3428 τὸν
3205 3376 3365 3429 αὐτὸν
3396 3375 3594 3446 τρόπον
3621 3375 3719 3429 καὶ

487 3470 725 3528 humana
754 3470 865 3527 vita
899 3471 1040 3526 istuc
1070 3470 1329 3527 decidunt
1359 3474 1572 3530 animas
1601 3475 1899 3544 excipiens,
1927 3473 2050 3543 jure

2153 3468 2176 3520 6
2203 3466 2296 3520 τοῦ
2326 3466 2555 3521 θανάτου
2582 3468 2778 3539 χῶρος,
2806 3470 2835 3521 6
2866 3467 3196 3539 καλούμενος
3220 3466 3353 3539 ᾅδης
3380 3466 3477 3530 τὰς
3508 3466 3718 3520 ἄνωθεν

486 3564 638 3619 lacus
668 3563 996 3633 appellatur.
1020 3560 1198 3635 Rogat
1217 3561 1400 3636 itaque
1425 3572 1483 3620 ut
1512 3580 1581 3620 ne
1603 3566 1658 3619 in
1692 3574 2048 3622 memoratum

486 3654 663 3707 lacum
694 3668 798 3710 una
836 3668 959 3711 cum
998 3658 1119 3712 aliis
1153 3656 1491 3713 detrahatur.
1524 3655 1591 3709 Et
1620 3655 1724 3710 hoc
1752 3670 1884 3711 sane
1916 3656 2049 3710 mihi

484 3751 780 3816 continget,
802 3747 898 3812 ait,
922 3747 967 3803 si
1002 3747 1235 3817 reliquis
1258 3747 1570 3802 hominibus
1599 3747 1795 3803 similis
1823 3746 2047 3802 evadam

485 3839 578 3907 qui
619 3838 718 3893 abs
747 3844 801 3893 te
828 3852 936 3892 non
969 3838 1354 3900 exaudiuntur,
1382 3837 1526 3906 quod
1558 3845 1642 3892 est
1669 3838 1968 3894 aversionis
1997 3844 2052 3891 et

484 3928 596 3982 odii
628 3928 706 3981 tui
733 3927 969 3997 signum.
990 3925 1136 3981 Loco
1164 3935 1348 3982 autem
1385 3926 1570 3996 hujus,
1608 3944 1670 3981 ne
1699 3928 1856 3982 sileas
1887 3944 1919 3981 a
1946 3943 2046 3992 me,

487 4016 865 4086 Symmachus,
916 4033 978 4071 ne
1017 4026 1191 4073 taceas
1221 4032 1289 4071 ea:
1321 4035 1422 4082 me,
1460 4019 1661 4085 habet;
1706 4034 1776 4073 ne
1816 4018 1954 4073 forte
1997 4028 2049 4074 te

484 4107 675 4177 procul
715 4122 803 4163 me
845 4108 1182 4179 quiescente,
1227 4109 1424 4165 similis
1463 4110 1565 4164 sim
1596 4109 2047 4166 descendentibus

485 4200 541 4254 in
576 4199 780 4255 lacum.

552 4459 716 4521 Vens.
752 4465 803 4521 5.
846 4465 1109 4533 Quoniam
1138 4483 1241 4521 non
1274 4466 1642 4523 intellexerunt
1676 4484 1833 4538 opera
1861 4468 2040 4525 Domi-
2068 4462 2112 4517 D

2146 3559 2254 3612 ἀπὸ
2282 3558 2376 3612 τοῦ
2404 3558 2511 3612 τῶν
2537 3558 2839 3630 ἀνθρώπων
2877 3558 2995 3630 βίου
3028 3561 3106 3623 είς
3138 3551 3299 3612 αὐτὸν
3338 3558 3718 3629 καταφερομέ-

2147 3666 2243 3712 νας
2266 3648 2442 3721 ψυχάς
2473 3649 2882 3721 ὑποδεχόμενος,
2927 3650 3221 3723 προσφυῶς
3261 3650 3461 3713 λάκκος
3493 3650 3715 3721 ὠνόμα-

2150 3756 2292 3794 σται.
2347 3740 2661 3812 Παρακαλεῖ
2703 3742 2882 3796 τοίνυν
2926 3743 2999 3814 μὴ
3051 3742 3473 3815 ωνελκυσθῆυαι
3506 3746 3586 3808 είς
3622 3744 3718 3801 τὸν

2146 3832 2508 3904 δεδηλωμένον
2532 3833 2753 3888 λάκκον.
2779 3833 2947 3890 Τοῦτο
2966 3834 3042 3900 δὲ,
3067 3835 3250 3905 φησὶν,
3272 3834 3445 3899 ἔσται,
3463 3836 3511 3888 εί
3528 3836 3717 3905 ὅμοιος

2148 3924 2405 3995 γενοίμην
2428 3926 2541 3988 τοῖς
2561 3925 2763 3988 λοιποῖς
2787 3924 3092 3997 ἀνθρώποις
3118 3929 3230 3990 τοῖς
3260 3927 3334 3998 μὴ
3365 3928 3718 3998 εἰσακουομὲ-

2146 4033 2257 4081 νοις
2279 4017 2382 4070 ὑπὸ
2402 4016 2515 4069 σοῦ·
2538 4016 2567 4070 ὃ
2588 4017 2652 4087 δὴ
2676 4020 2898 4088 σημεῖον
2920 4019 3174 4088 τυγχάνει
3192 4019 3290 4089 τῆς
3324 4020 3420 4090 σῆς
3448 4020 3719 4091 ἀποστρο-

2148 4110 2276 4181 φῆς.
2318 4110 2460 4163 Ἀντὶ
2484 4109 2540 4163 δὲ
2575 4109 2690 4163 τοῦ’
2726 4109 2822 4179 Μὴ
2855 4110 3329 4180 παρασιωπήσῃς
3354 4112 3455 4175 ἀπ’
3482 4113 3651 4182 ἐμοῦ,
3685 4116 3716 4167 6

2149 4202 2462 4273 Σύμμαχος,
2478 4202 2564 4272 μὴ
2590 4202 2852 4272 σιγήσῃς
2874 4203 2943 4268 ἐξ
2965 4203 3130 4273 ἐμοῦ,
3156 4204 3305 4275 φησί’
3330 4206 3560 4276 μήποτε,
3585 4206 3716 4276 ήσυ-

2146 4294 2410 4364 χάσαντός
2438 4312 2531 4348 σου
2556 4294 2755 4350 ἄποθεν
2780 4312 2901 4366 μου,
2929 4295 3182 4367 ὁμοιωθῶ
3211 4299 3321 4362 τοῖς
3350 4296 3715 4351 καταϐαίνου-

2147 4400 2233 4437 σιν
2259 4386 2339 4448 είς
2362 4384 2580 4439 λάκκον.

2212 4475 2333 4527 Ὅτι
2363 4476 2434 4529 οὐ
2466 4474 2742 4543 συνῆκαν
2766 4479 2852 4545 είς
2878 4479 2949 4533 τὰ
2974 4478 3117 4549 ἔργα
3144 4481 3383 4549 Κυρίου,
3410 4480 3509 4535 καὶ
3532 4482 3618 4546 είς
3638 4479 3715 4534 τὰ

482 4553 559 4618 ni,
589 4565 640 4611 et
670 4559 724 4612 in
754 4575 911 4621 opera
955 4575 1208 4613 manuum
1247 4559 1382 4630 ejus,
1412 4556 1649 4614 destrues
1682 4561 1826 4626 illos,
1859 4570 1908 4616 et
1934 4579 2038 4617 non

2153 4566 2281 4634 ἔργα
2316 4563 2432 4618 τῶν
2462 4565 2677 4635 χειρῶν
2712 4568 2919 4632 αὑτοῦ,
2948 4570 3218 4637 καθελεῖς
3246 4571 3486 4637 αὐτοὺς,
3510 4571 3608 4637 καὶ
3638 4574 3714 4627 οὐ

483 4645 770 4718 cedi/icabis
803 4668 909 4709 eos.
955 4648 1130 4722 Opera
1173 4653 1389 4709 Domini
1439 4652 1644 4710 dixeris
1698 4653 2037 4710 conditarum

2153 4654 2219 4722 αὴ
2257 4655 2668 4726 οὶκοδομήσεις
2701 4659 2940 4724 αὐτούς.
2991 4659 3167 4728 Ἔργα
3199 4658 3257 4712 δὲ
3299 4659 3505 4731 Κυρίου
3535 4657 3715 4723 εἴποις

484 4737 728 4794 omnium
764 4756 943 4795 rerum
984 4743 1368 4807 substantiam,
1402 4759 1565 4816 quam
1593 4761 1656 4801 ex
1684 4760 1793 4800 non
1822 4752 2043 4801 exstan-

486 4827 633 4885 tibus
675 4830 743 4884 ad
783 4832 1154 4888 exsistentiam
1200 4834 1423 4891 deduxit
1454 4836 1830 4892 universorum
1860 4837 2037 4908 opifex

484 4920 628 4976 Deus
658 4939 671 4977 :
699 4936 863 4992 Opera
896 4935 1074 4980 autem
1106 4941 1363 4983 manuum
1393 4927 1533 4998 ejus.
1566 4943 1745 4984 rerum
1775 4928 2041 4985 factarum

485 5012 1026 5083 administrationem,
1056 5032 1162 5087 qua
1186 5018 1446 5091 prospicit
1473 5034 1537 5075 ac
1568 5019 1870 5089 dispensat,
1901 5020 2037 5078 Pro-

482 5106 734 5164 videntiae
764 5122 878 5163 suae
906 5108 1198 5167 virtutibus
1226 5126 1326 5168 ceu
1358 5114 1608 5170 manibus
1634 5112 1815 5169 omnia
1844 5113 2042 5185 guber-

486 5216 641 5258 nans.

568 5293 722 5350 Vsus.
753 5293 807 5357 6,
840 5295 893 5349 7.
936 5295 1247 5351 Benedictus
1287 5295 1448 5365 Deus,
1481 5299 1727 5368 quoniam
1766 5295 2034 5352 exaudivit

486 5403 657 5442 vocem
687 5386 1063 5457 deprecationis
1088 5404 1235 5443 mete.
1274 5387 1531 5443 Dominus
1571 5388 1785 5458 adjutor
1813 5404 1954 5442 meus
1987 5396 2036 5441 et

487 5488 746 5551 protector
770 5496 950 5536 meus:
976 5482 1029 5534 in
1063 5481 1176 5551 ipso
1207 5482 1433 5550 speravit
1460 5498 1550 5537 cor
1581 5498 1771 5547 meum,
1812 5490 1861 5536 et
1889 5480 2041 5550 adju-

2140 4746 2206 4802 ἂν
2243 4748 2341 4820 τὴν
2385 4748 2491 4802 τῶν
2520 4749 2761 4821 γενητῶν
2793 4751 3007 4806 πάντων
3039 4751 3353 4817 ὑπόστασιν,
3392 4752 3513 4806 καθ’
3542 4751 3611 4823 ἢν
3653 4752 3714 4819 ἐξ

2141 4839 2242 4892 οὐκ
2265 4839 2432 4893 ὄντων
2463 4842 2543 4904 εἰς
2586 4841 2647 4894 τὸ
2686 4836 2821 4895 εἶναι
2864 4841 2933 4895 τὰ
2971 4842 3147 4897 πάντα
3177 4845 3492 4915 παρήγαγεν
3532 4844 3562 4895 6
3599 4843 3715 4897 τῶν

2144 4931 2359 4986 πάντων
2379 4931 2606 5003 ποιητὴς
2634 4931 2783 4997 Θεόςο
2815 4932 2950 5005 ἔργα
2980 4934 3036 4987 δὲ
3060 4936 3258 5006 χειρῶν
3286 4934 3445 4989 αὐτοῦ
3475 4932 3573 5005 τὴν
3599 4935 3712 4988 τῶν

2142 5023 2447 5093 γενομένων
2489 5023 2771 5095 διοίκησιν,
2825 5026 2945 5079 καθ’
2992 5027 3059 5097 ἢν
3106 5031 3323 5099 προνοεῖ
3365 5027 3458 5082 καὶ
3509 5026 3691 5082 διέπει

2142 5113 2382 5187 ὡσπερεὶ
2419 5114 2575 5185 χερσὶ
2609 5117 2730 5178 ταῖς
2778 5116 2971 5171 ἑαυτοῦ
3016 5123 3400 5193 προνοητικαῖς
3445 5120 3689 5191 δυνάμεσ

2141 5203 2505 5276 διακυϐερνῶν
2531 5205 2599 5259 τὰ
2623 5207 2820 5261 πάντα.

2212 5297 2552 5366 Εὐλογητὸς
2591 5301 2625 5352 ὁ
2662 5299 2824 5368 Θεὸς,
2868 5301 2957 5357 ὅτι
2996 5305 3320 5374 είσήκανονε
3362 5303 3471 5373 τῆς
3500 5304 3710 5376 φωνῆς

2142 5387 2251 5458 τῆς
2273 5388 2535 5458 δεήσεώς
2565 5410 2701 5461 μου.
2747 5395 2962 5463 Κύριος
2997 5397 3224 5464 ,ϐοηθός
3246 5415 3365 5467 μου
3398 5398 3497 5451 καὶ
3524 5400 3706 5466 ὑπερ-

2140 5480 2447 5551 ασπιστής
2483 5501 2621 5552 μου·
2653 5484 2748 5538 ἐπ’
2775 5486 2934 5553 αὐτῷ
2961 5485 3224 5556 ἤλπισεν
3252 5490 3292 5557 ἡ
3328 5489 3537 5558 καρδία
3559 5506 3674 5559 μοι

558 5663 622 5696 n-
652 5661 760 5719 ιειο,
795 5680 890 5732 νη,
914 5662 1002 5718 23,
1078 5660 1298 5717 "tPsal.
1338 5678 1484 5729 xxvr,
1516 5658 1603 5713 15.
1679 5660 1724 5691 ³⁸
1754 5657 1776 5714 1
1801 5660 1927 5715 Cor.
1958 5674 2031 5727 Ix,

2153 5704 2155 5713 ν
2210 5663 2281 5739 7⁸⁸
2309 5662 2447 5721 Psal.
2481 5682 2626 5736 εχιτ,
2653 5669 2705 5724 «ί.
