3992 6216
224 266 327 322 249

1369 258 1868 317 COMMENTARlA
1906 259 1971 313 IN
2010 257 2347 316 PSALMOS.

3353 262 3458 321 250

221 380 321 434 καὶ
345 376 701 447 ἐϐοηθήθην.
734 376 844 431 Kal
870 375 1162 430 ἀνέθαλεν
1192 375 1230 442 ἠ
1258 373 1413 442 σάρξ
1434 389 1574 443 μου,
1603 369 1701 425 καὶ
1719 371 1774 424 ἐκ

1892 380 1974 426 tus
2010 387 2150 426 sum.
2190 368 2259 423 Et
2290 370 2527 439 reﬂoruit
2557 387 2683 426 caro
2714 391 2859 450 mea,
2881 384 2932 430 et
2955 391 3021 430 ea:
3049 375 3315 430 uoluntate
3342 392 3456 431 mea

218 470 549 541 θελήματός
568 485 688 538 μου
711 464 1220 537 ὲξομολογὴσομαι
1245 462 1422 530 αὐτῷ.
1459 464 1517 517 ὐ
1546 461 1779 534 ἀψευδὴς

221 564 374 627 Θεὸς,
421 559 779 630 πιστούμενος
827 556 1018 613 ἑαυτοῦ
1066 556 1164 621 τὰς
1209 555 1561 628 ὑποσχέσεις,
1606 555 1675 608 δι’
1706 548 1780 607 ὧν

223 651 556 723 ἐπήγγελται
588 649 778 719 λέγων·
809 652 929 703 Ἔτι
964 648 1296 714 λαλοῦντός
1320 664 1435 701 σου
1460 644 1589 715 ἐρῶο
1627 644 1781 699 ἰδοὺ

224 744 479 812 πάρειμι·
510 742 585 805 ὡς
610 742 772 809 ὲγγῦς
800 739 969 803 ἑστὼς
995 739 1101 793 τῶν
1128 737 1384 810 καθαρῶς
1411 737 1570 791 αὐτὸν
1589 738 1781 790 ἐπικα-

221 835 521 906 λουμένων,
560 834 652 888 καὶ
691 832 765 896 ὡς
801 833 862 885 ού
900 832 1086 904 πόρρω
1121 831 1400 902 τυγχάνων
1422 830 1515 883 τοῦ
1541 828 1611 881 τά
1639 846 1781 901 πρα-

222 925 417 996 χθέντα
467 922 870 997 [προλεχθέντα]
931 921 1239 993 δεηθέντος,
1300 923 1534 994 ἐπήκοον
1593 920 1782 975 ἑαυτὸν

222 1017 464 1088 παρέσχε
494 1018 610 1079 ταῖς
651 1014 1058 1087 προλεχθείσαις
1091 1013 1408 1085 ἱκετηρίαις.
1451 1008 1565 1066 Εἶθ’
1596 1012 1781 1082 ῶσπερ

224 1112 445 1181 σημεῖον
485 1107 667 1162 δίδωσι
714 1107 804 1161 διὰ
850 1107 942 1161 τοῦ
989 1106 1324 1179 προφητικοῦ
1366 1104 1674 1175 πνεύματος
1712 1107 1776 1175 τῇ

220 1205 315 1258 τοῦ
335 1202 609 1274 δεηθέντος
625 1202 792 1274 ψυχῇ,
828 1202 958 1273 περὶ
991 1200 1086 1253 τοῦ
1118 1196 1463 1270 εἰσηκοῦσθαι
1493 1197 1681 1267 αὐτήν.
1717 1195 1781 1248 Ἠ

217 1296 295 1360 δὲ,
350 1294 765 1365 συναισθομένη,
818 1292 1138 1364 μεταϐάλλει
1192 1291 1290 1362 μὲν
1335 1289 1434 1353 τὰς
1480 1287 1781 1359 ίκετηρίους

218 1390 398 1459 φωνάς
443 1389 524 1452 είς
562 1386 931 1459 εὐχαριστίαν,
977 1383 1271 1454 ἐγνωκέναι
1313 1381 1369 1435 δὲ
1407 1380 1654 1451 ὁμολογεί
1683 1379 1782 1451 τὴν

215 1477 514 1549 γενομένην
561 1477 697 1547 αὐτῇ
746 1473 1083 1547 εὐεργεσίαν
1117 1474 1196 1527 διό
1229 1489 1408 1544 φησιν·
1439 1469 1781 1540 Εὐλογητὸς

216 1571 448 1639 Κύριος,
494 1568 584 1623 ὅτι
615 1567 940 1637 olorinost
979 1564 1090 1634 τῆς
1127 1563 1328 1635 φωνῆς
1370 1562 1479 1633 τῆς
1518 1562 1781 1630 δεήσεώς

212 1678 346 1732 μου·
401 1662 618 1730 Κύριος
663 1660 892 1729 ,βοηθός
909 1677 1028 1729 μου
1076 1658 1172 1712 καὶ
1217 1655 1604 1723 ὑπασπιστής
1636 1674 1775 1725 μου,

1882 460 2167 531 conﬁtebor
2209 462 2277 516 ei.
2328 460 2473 516 Deus
2513 462 2783 518 mendacii
2829 482 3047 536 expers,
3085 473 3145 520 ut
3185 466 3457 536 promissa

1882 567 1982 606 sua
2003 552 2285 606 conﬁrmet
2303 551 2390 605 his
2410 550 2594 607 verbis
2618 568 2681 608 ex
2689 569 2900 623 pressa,
2935 556 3119 610 Adhuc
3143 565 3189 610 te
3220 556 3458 627 loquente

1882 640 2082 697 dicam:
2114 639 2246 694 Ecce
2274 640 2462 696 adsum
2492 642 2563 708 ”,
2595 650 2781 713 utpote
2801 645 2894 714 qui
2924 662 3091 717 prope
3113 648 3184 701 sit
3206 648 3458 703 omnibus

1882 732 1975 801 qui
1999 747 2058 785 se
2084 746 2220 802 puro
2243 731 2408 786 corde
2431 733 2714 798 invocant,
2743 742 2928 789 etnon
2957 738 3150 805 procul
3174 737 3247 793 sit
3276 753 3342 792 eo
3362 737 3456 807 qui

1883 839 2047 894 supra
2080 824 2226 879 dicto
2259 829 2368 879 ritu
2400 826 2669 896 supplicat
2691 845 2705 894 ;
2729 828 3029 896 prmmissis
3060 830 3456 900 deprecationi-

1881 918 1984 972 bus
2034 933 2093 973 se
2137 918 2433 988 pr0pitium
2490 917 2756 973 exhibuit.
2790 918 2995 976 Deinde
3040 938 3171 977 vero
3203 939 3299 993 per
3322 938 3453 995 pro-

1881 1009 2153 1079 pheticum
2202 1010 2453 1079 spiritum
2505 1011 2838 1081 supplicanti
2882 1012 3078 1068 animae
3109 1028 3207 1069 ceu
3241 1016 3453 1093 signum

1882 1100 1996 1166 dat,
2025 1117 2134 1171 quo
2164 1117 2223 1157 se
2252 1102 2563 1157 exauditam
2594 1103 3030 1178 fuissepoverit.
3066 1104 3160 1160 Illa
3190 1122 3318 1162 vero
3341 1108 3454 1162 haec

1882 1192 2345 1261 animadvertetis,
2377 1194 2650 1265 supplices
2677 1210 2839 1250 voces
2870 1196 2924 1249 in
2952 1197 3249 1266 gratiarum
3283 1199 3453 1252 actio-

1881 1301 2004 1340 nem
2034 1285 2324 1350 convertit,
2369 1300 2433 1340 ac
2480 1285 2803 1341 beneﬁcium
2857 1286 2964 1341 sibi
2995 1287 3254 1341 collatum
3288 1302 3450 1359 agno-

1881 1391 2036 1431 scere
2059 1391 2118 1432 se
2140 1376 2450 1431 confitetur.
2483 1376 2847 1443 Quamobrem
2881 1377 2980 1441 ait,
3007 1376 3321 1433 Benedictus
3343 1378 3451 1434 Do-

1881 1468 2078 1533 minus,
2125 1468 2375 1537 quoniam
2404 1466 2673 1522 exaudivit
2707 1484 2876 1521 uocem
2894 1467 3270 1537 deprecationis
3304 1486 3451 1525 mete.

1882 1559 2138 1613 Dominus
2188 1558 2403 1629 adjutor
2433 1574 2579 1613 meus
2629 1569 2679 1613 et
2723 1568 2988 1627 protector
3031 1576 3175 1614 meus
3207 1576 3225 1613 :
3256 1560 3312 1613 in
3344 1562 3454 1629 ipsa

1883 1655 2105 1721 sperauit
2142 1669 2232 1707 cor
2261 1668 2453 1716 meum,
2484 1661 2533 1706 et
2560 1651 2775 1721 adjutus
2815 1669 2953 1707 sum.
2993 1650 3271 1708 Sentiebat
3308 1655 3452 1709 enim

212 1752 306 1807 ἐπ’
345 1750 508 1822 αὐτῷ
556 1751 821 1820 ἤλπισεν
870 1753 912 1819 ἡ
967 1750 1181 1818 καρδία
1220 1767 1360 1818 μου,
1399 1748 1496 1802 καὶ
1533 1746 1774 1815 ἐϐοηθή-

1879 1744 2156 1800 dexteram
2188 1743 2281 1800 Dei
2307 1752 2613 1814 porrectam
2641 1744 2766 1808 sibi,
2789 1744 3095 1814 patrocinio
3127 1760 3270 1809 esse,
3302 1752 3361 1798 tit
3388 1760 3453 1800 ne

211 1847 347 1911 θην.
382 1841 683 1914 Συνῄσθετο
708 1841 814 1914 γὰρ
846 1841 944 1911 τῆς
976 1839 1151 1905 δεξιᾶς
1177 1838 1270 1891 τοῦ
1293 1838 1423 1892 Θεοῦ
1455 1838 1775 1921 ἐκταθείσης

217 1932 410 2007 μέχρις
443 1931 612 2002 αὐτῆς
643 1932 734 1986 καὶ
771 1929 1304 2003 ἀντιλαμβανομένης
1343 1930 1511 2001 αὐτῆς
1543 1929 1680 2001 πρὸς
1716 1931 1778 1984 τὺ

217 2024 293 2095 μὴ
333 2022 761 2095 καθελκυσθῆναι
808 2024 889 2087 είς
934 2022 1026 2075 τὸν
1066 2021 1372 2092 δηλωθέντα
1410 2021 1629 2077 λάκκον.
1688 2021 1777 2088 Ἐξ

214 2114 659 2187 ὑπερϐαλλούσης
697 2115 755 2168 δὲ
797 2117 971 2188 χαρᾶς
1012 2117 1041 2169 ὁ
1076 2114 1359 2185 προφήτης
1386 2114 1447 2166 οὐ
1477 2114 1573 2185 τὴν
1602 2114 1776 2186 ψυχὴν

215 2208 397 2280 μόνον,
429 2207 563 2261 ἀλλά
590 2209 684 2261 καὶ
706 2208 804 2279 τὴν
823 2208 999 2279 σάρκα
1022 2206 1184 2261 αὐτοῦ
1213 2206 1347 2277 φησὶ
1368 2205 1658 2276 γεγηθέναι
1682 2206 1777 2259 καὶ

211 2299 546 2355 ἀνανεῶσθαι
574 2299 663 2354 διά
688 2300 786 2372 τὴν
821 2300 913 2353 καὶ
951 2297 1099 2369 αὐτῷ
1125 2296 1334 2369 σώματι
1366 2296 1778 2368 ἐπηγγελμένην

210 2392 417 2465 ἀγαθὴν
451 2392 642 2448 ἐλπίδα
673 2392 815 2447 κατά
844 2391 939 2464 τὴν
965 2389 1074 2444 τῶν
1107 2389 1317 2463 νεκρῶν
1353 2388 1669 2444 ἀνάστασιν
1698 2388 1777 2441 διὸ

210 2485 463 2555 ἐπιλέγειο
500 2486 609 2539 Kal
670 2484 968 2541 ἁνέθαλεν
990 2485 1029 2552 ἡ
1053 2467 1213 2551 σάρξ
1240 2498 1392 2552 μου·
1434 2476 1516 2545 οἷς
1551 2483 1776 2535 ὲπισυν-

210 2573 383 2629 ἀπτειο
402 2576 507 2629 Kal
522 2576 591 2629 ἐκ
605 2575 934 2644 θελήματος
938 2591 1056 2643 μου
1065 2571 1570 2641 elfopolorrio'opat
1590 2569 1775 2637 αὐτῷ’

210 2667 341 2740 ὅπερ
359 2669 542 2739 ὅμοιον
568 2664 704 2722 εἷναί
725 2684 813 2738 μοι
831 2666 978 2720 δοκεῖ
1001 2664 1097 2736 τῷ·
1140 2665 1459 2729 Ἑκουσίως
1475 2666 1638 2718 θύσω
1653 2678 1772 2716 σοι.

214 2759 361 2814 Ἀντὶ
398 2759 457 2813 δὲ
497 2758 614 2824 τοῦ,
659 2758 756 2813 καὶ
795 2756 1090 2812 ἀνέϐαλον
1131 2758 1171 2826 ἡ
1219 2754 1375 2824 σάρξ
1426 2771 1566 2824 μου,
1606 2755 1635 2807 ὁ
1676 2754 1775 2823 μὲν

202 2848 520 2921 Σύμμαχος,
585 2850 864 2918 ἆνθησαι,
912 2851 1094 2920 φησὶν,
1141 2850 1180 2917 ἡ
1224 2847 1434 2917 καρδία
1477 2862 1625 2916 μουο
1655 2848 1685 2899 ὁ
1715 2844 1774 2901 δὲ

205 2938 462 3004 Ἀκύλας,
498 2939 887 3013 ἐγαυριάοιατο
916 2943 955 3009 ἡ
996 2940 1209 3009 καρδία
1260 2958 1380 3010 μου
1398 2957 1412 2971 ⁸
1440 2940 1469 2992 ὁ
1495 2938 1551 2991 δὲ
1582 2937 1773 2993 Θεοδο-

1878 1838 1934 1892 in
1966 1844 2323 1893 memoratum
2351 1838 2527 1891 lacum
2554 1834 2959 1890 detruderetur.
2986 1834 3061 1889 Ex
3085 1836 3268 1906 gaudii
3290 1851 3454 1906 porro

1879 1928 2217 1984 vehementia
2234 1927 2505 1997 PrOpheta
2527 1942 2637 1982 non
2659 1928 2895 1981 animam
2915 1935 3149 1995 tantum,
3175 1928 3269 1983 sed
3291 1928 3452 1983 etiam

1877 2033 2095 2074 carnem
2126 2034 2280 2074 suam
2311 2020 2552 2089 gavisam
2593 2026 2648 2074 et
2676 2025 2993 2073 renovatum
3034 2033 3158 2074 esse
3195 2020 3453 2076 testiﬁca-

1878 2122 1987 2175 tur,
2019 2112 2091 2167 ob
2127 2127 2280 2182 spem
2320 2111 2469 2165 illam
2511 2112 2709 2166 bonam
2742 2110 2827 2165 vel
2876 2111 2978 2181 ipsi
3027 2111 3338 2182 corporisin
3367 2127 3451 2167 re-

1878 2205 2221 2259 surrectione
2273 2212 2615 2259 mortuorum
2671 2203 2918 2271 factam;
2950 2220 3121 2275 quare
3150 2204 3359 2268 subdit,
3401 2214 3454 2260 et

1877 2296 2113 2364 refloruit
2148 2313 2273 2351 caro
2302 2314 2416 2351 mea
2447 2312 2466 2351 :
2499 2297 2698 2367 quibus
2731 2306 2786 2353 et
2809 2297 3080 2367 adjunxit,
3103 2306 3154 2352 et
3175 2314 3242 2352 ea:
3268 2298 3453 2352 uolun-

1878 2398 1985 2442 tate
2019 2405 2131 2443 mea
2168 2389 2455 2459 confitebor
2485 2390 2556 2445 ei.
2593 2389 2750 2456 Quod
2796 2390 2931 2444 mihi
2981 2406 3240 2461 perquam
3276 2391 3454 2447 simile

1877 2479 2093 2534 videtur
2130 2479 2306 2534 huic:
2349 2481 2657 2536 Voluntaria
2703 2483 3018 2551 sacriﬁcabo
3072 2482 3166 2536 tibi
3185 2483 3253 2537 ".
3308 2482 3453 2538 Loco

1877 2581 2061 2627 autem
2092 2571 2225 2627 dicti
2266 2573 2438 2637 illius,
2487 2583 2534 2627 ct
2572 2574 2811 2642 reﬂoruit
2858 2591 2982 2628 caro
3030 2591 3164 2642 mea,
3207 2576 3453 2646 Symma-

1875 2665 2034 2727 chus,
2062 2665 2338 2736 eﬂloresce,
2368 2666 2566 2737 inquit,
2599 2682 2691 2720 cor
2714 2682 2914 2731 meum;
2939 2668 3130 2737 Aquila
3165 2682 3314 2733 vero,
3340 2666 3453 2737 glo-

1874 2758 2071 2811 riatum
2092 2767 2169 2811 est
2218 2774 2309 2811 cor
2360 2774 2562 2821 meum;
2614 2757 2937 2822 Theodmio,
2979 2768 3029 2811 et
3073 2757 3310 2826 reﬂoruit
3358 2774 3449 2811 cor

1875 2866 2076 2913 meum;
2112 2850 2303 2920 quinta
2337 2850 2525 2915 editio,
2553 2850 2861 2904 roboratam
2885 2860 2960 2904 est
2983 2866 3073 2903 cor
3095 2866 3286 2904 uteunt.
3315 2848 3453 2903 Rur-

1873 2957 2103 3013 sumque
2134 2942 2281 2997 illius
2312 2943 2452 3007 loco,
2493 2958 2558 2997 ex
2591 2943 2857 2997 voluntate
2897 2960 3013 2997 mea
3050 2941 3335 3012 conﬁtebor
3361 2941 3445 3006 ei,

188 3032 360 3098 σίων,
397 3033 495 3087 καὶ
540 3032 829 3087 ἀνέθαλεν
868 3035 908 3101 ἡ
953 3032 1165 3101 καρδία
1201 3048 1350 3102 μουο
1386 3034 1419 3104 ὴ
1454 3031 1511 3085 δὲ
1544 3031 1772 3102 πέμπτη

1879 3033 2257 3105 Symmachus,
2293 3036 2348 3088 in
2376 3035 2600 3089 canticis
2635 3036 2761 3089 meis
2794 3035 3065 3090 celebrabo
3097 3036 3290 3105 ipsum,
3330 3035 3449 3089 edi—

180 3096 434 3190 ἐκδοσις,
472 3125 801 3194 ἐκρατύνθη
854 3096 906 3193 ἡ·
927 3096 1136 3192 καρδία
1157 3096 1295 3193 μου.
1327 3096 1438 3176 Kal.
1467 3096 1632 3177 πάλιν
1655 3096 1774 3177 ἀντι

1879 3096 1988 3189 dit;
2019 3124 2214 3193 Aquila
2247 3141 2397 3188 vero,
2431 3134 2482 3179 et
2513 3142 2545 3177 a
2571 3129 2777 3179 cantico
2816 3142 2927 3181 meo
2957 3096 3246 3196 conﬁtebor
3273 3126 3340 3179 ei.

178 3218 319 3283 τοῦ,
368 3219 437 3272 ἐκ
479 3219 810 3288 θελήματός
846 3237 964 3288 μου
1002 3217 1519 3288 ἐξομολογήσομαι
1586 3218 1766 3284 αὐτῷ,
1823 3220 1852 3270 ὁ
1888 3220 1986 3289 μὲν
2013 3220 2326 3291 Σύμμαχος·
2360 3221 2468 3275 Kal
2497 3222 2568 3274 ἐν
2599 3222 2778 3288 ᾠδαῖς
2812 3240 2933 3290 μου
2958 3222 3210 3293 ὑμνήσω
3241 3222 3448 3286 αὑτὸν,

180 3312 485 3380 ὶξέδωκεν·
514 3313 543 3363 ὀ
567 3310 623 3364 δὲ
664 3310 920 3376 Ἀκύλας,
946 3312 1044 3367 καὶ
1070 3310 1189 3365 ἀπὸ
1217 3308 1481 3379 ᾷσματός
1501 3328 1619 3379 μου
1642 3310 2156 3383 ἐξομολογήσομαι
2184 3310 2363 3377 αὐτῷ.

268 3404 486 3471 Κύριος
522 3404 856 3472 κραταίωμα
888 3403 994 3457 τοῦ
1030 3401 1186 3457 λαοῦ
1217 3403 1424 3468 αὑτοῦ,
1457 3403 1552 3456 καὶ
1592 3405 1772 3472 ὑπερ-

193 3495 508 3564 ασπιστὴς
527 3494 646 3550 τῶν
671 3496 975 3566 σωτηρίων
998 3499 1103 3552 τοῦ
1132 3497 1389 3565 Χριστοῦ
1416 3497 1600 3552 αὐτοῦ
1619 3498 1768 3551 ἐστι.

202 3589 398 3661 Σαφῶς
424 3584 518 3643 οὖν
539 3591 597 3642 ὲν
620 3588 830 3653 τούτοις
848 3589 941 3643 τοῦ
971 3589 1207 3662 Χριστοῦ
1242 3591 1336 3645 καὶ
1359 3590 1466 3644 τῶν
1497 3590 1587 3643 ὑπ’
1608 3590 1771 3644 αὐτοῦ

204 3681 527 3754 σωζομένων
559 3682 961 3754 ἐμνημόνευσεν
989 3684 1023 3754 ἡ
1054 3683 1379 3754 προφητεία,
1415 3682 1687 3754 εὐκαίρως
1714 3681 1773 3747 ἐξ

203 3775 322 3839 ἐνὸς
345 3773 439 3827 τοῦ
471 3773 629 3827 Δαυῒδ
657 3774 783 3838 τοὺς
813 3772 1019 3837 πάντας
1059 3773 1529 3846 χαρακτηρίσασα.
1562 3774 1771 3846 ’Ὠσπερ

202 3867 334 3941 γὰρ,
374 3867 556 3938 φησὶν,
595 3868 798 3921 ἐκεῖνον
828 3866 1084 3937 δεηθέντα
1110 3865 1332 3929 ἔσωσεν,
1360 3865 1551 3931 οὕτως,
1586 3867 1769 3937 φησὶν,

202 3960 297 4015 καὶ
328 3958 527 4022 παντὸς
552 3959 645 4012 τοῦ
682 3959 811 4012 ἰδίου
840 3957 971 4012 λαοῦ
1001 3958 1326 4031 κραταίωμα
1348 3957 1519 4011 ἔσται.

270 4049 486 4104 Σῶσον
512 4049 617 4103 τὸν
646 4052 798 4105 λαόν
824 4066 959 4114 σου,
990 4048 1088 4103 καὶ
1116 4050 1456 4119 εὐλόησον
1486 4048 1601 4117 τὴν
1626 4052 1773 4118 κλη-

197 4140 489 4211 ρονομίαν
508 4157 643 4203 σου,
667 4140 761 4193 καί
780 4140 881 4192 ποί
877 4155 1071 4208 μανον
1084 4139 1302 4204 αὐτοὺς
1317 4138 1413 4192 καὶ
1429 4138 1654 4208 ἕπαρον
1669 4141 1777 4193 αὐ.

195 4233 343 4300 τοὺς
365 4230 475 4298 ἓως
492 4231 597 4284 τοῦ
621 4229 855 4295 αἰῶνος.
875 4228 1008 4281 Ποία
1022 4228 1081 4283 δὲ
1095 4227 1186 4281 τοῦ
1204 4228 1439 4300 Χριστοῦ
1459 4231 1492 4300 ἡ
1516 4230 1615 4301 κλη
1626 4248 1773 4302 ρονο-

202 4326 301 4398 μία
347 4323 616 4376 δείκνυται
656 4323 715 4375 ὲν
746 4320 824 4391 τῷ
850 4320 1087 4392 δευτέρῳ
1100 4319 1297 4393 ψαλμῷ
1316 4338 1329 4351 ο
1364 4321 1619 4389 Αἷτησαι
1641 4322 1769 4394 γάρ,

199 4417 388 4488 φησὶν,
403 4414 498 4467 καὶ
519 4413 689 4468 δώσω
706 4428 804 4467 σοι
816 4411 958 4481 ἔθνη
975 4411 1088 4481 τὴν
1108 4414 1512 4483 κληρονομίαν
1533 4413 1772 4480 σου,καὶ

200 4508 320 4576 τὴν
332 4505 710 4576 κατάσχεσίν
740 4522 856 4561 σου
888 4507 961 4561 τὰ
991 4506 1216 4574 πέρατα
1236 4505 1488 4576 τῆςγῆς.
1512 4507 1624 4559 Οὐκ
1637 4506 1702 4560 ἂν
1717 4506 1773 4559 δὲ

198 4599 472 4672 ἁμάρτοις
499 4600 593 4651 καὶ
624 4599 749 4663 τούς
781 4600 838 4652 ἐν
867 4598 945 4669 τῷ
976 4599 1224 4671 προτέρῳ
1254 4597 1368 4669 λαῷ
1398 4597 1659 4667 θεοφιλεῖς
1679 4599 1772 4652 καὶ

1948 3403 2114 3461 Vsus.
2146 3404 2200 3459 8.
2233 3405 2488 3460 Dominus
2519 3405 2778 3475 fortitudo
2808 3406 2973 3475 plebis
3010 3423 3143 3470 suae,
3184 3422 3232 3461 et
3272 3418 3449 3477 prote-

1876 3505 1990 3551 etor
2018 3498 2372 3552 salvationum
2411 3497 2612 3553 Christi
2640 3499 2724 3552 sui
2752 3510 2851 3551 est.
2882 3497 2981 3552 llic
3005 3511 3190 3568 aperte
3218 3500 3451 3570 prophe-

1876 3590 1947 3643 tia
1981 3589 2259 3645 Christum
2289 3598 2343 3644 et
2380 3606 2476 3645 eos
2502 3590 2597 3659 qui
2628 3590 2775 3644 illius
2806 3604 2909 3659 ope
2939 3590 3173 3645 salutem
3202 3591 3452 3647 obtinent

1876 3684 2217 3747 tnemuravit,
2250 3692 2664 3753 opportuneque
2703 3698 2799 3752 per
2842 3698 3009 3736 unum
3042 3681 3296 3739 Davidem
3329 3685 3451 3739 uni-

1874 3793 2064 3833 versos
2112 3776 2386 3847 exprimit.
2438 3775 2591 3830 Sicut
2629 3775 2795 3835 enim,
2839 3775 3035 3843 inquit,
3066 3775 3447 3845 deprecantem

1874 3871 2051 3939 ipsum
2098 3869 2354 3932 servavit,
2390 3869 2466 3921 ita
2505 3872 2671 3922 totius
2703 3867 2808 3921 sibi
2843 3867 3044 3937 proprii
3074 3868 3260 3939 populi
3295 3868 3451 3923 forti-

1876 3963 2007 4016 tudo
2036 3961 2162 4017 erit.
3408 4033 3413 4038 .

1943 4053 2109 4109 Vens.
2142 4052 2193 4107 9.
2244 4052 2461 4107 Saluum
2504 4050 2591 4120 fac
2636 4050 2885 4120 populum
2924 4061 3092 4115 tuum,
3146 4060 3196 4105 et
3230 4052 3444 4107 benedic

1874 4144 2170 4195 Ita'reditati
2200 4152 2324 4197 mw.
2356 4152 2405 4193 et
2430 4158 2585 4211 pasce
2611 4158 2698 4195 eos
2733 4151 2783 4195 et
2806 4142 2999 4195 extolle
3031 4143 3150 4196 illos
3183 4158 3346 4213 usque
3389 4145 3445 4197 in

1873 4250 2145 4292 wternum.
2172 4234 2430 4302 Quaenam
2464 4236 2535 4288 sit
2562 4232 2766 4288 Christi
2800 4234 3087 4289 haereditas
3118 4236 3171 4288 in
3202 4235 3445 4290 secundo

1874 4330 2081 4400 psalmo
2123 4328 2462 4393 declaratur;
2497 4342 2645 4389 nam,
2692 4326 2917 4379 Postulo
2960 4342 2992 4380 a
3028 4343 3124 4386 me.
3173 4325 3367 4395 inquit,
3394 4335 3443 4379 et

1873 4422 2008 4475 dabo
2039 4421 2132 4475 tibi
2178 4428 2351 4491 gentes
2385 4418 2744 4472 [nereditatem
2783 4427 2949 4479 tuam,
2986 4427 3034 4471 et
3067 4418 3443 4485 possessionem

1875 4524 2020 4567 tuam
2071 4513 2317 4567 terminos
2368 4519 2524 4565 terrm
2544 4511 2607 4563 ⁸⁸.
2648 4509 2833 4579 Neque
2862 4524 2889 4561 a
2920 4524 3048 4563 vero
3078 4510 3441 4573 abcrravcris,

1874 4605 1921 4660 si
1952 4604 2238 4673 religiosos
2270 4604 2393 4657 illos
2422 4603 2475 4656 in
2510 4601 2676 4672 priori
2710 4600 2909 4670 populo
2933 4601 3101 4662 Viros,
3127 4599 3441 4670 prophetas,

198 4691 487 4764 προφήτας
523 4689 617 4741 καὶ
650 4689 887 4755 δικαίους
923 4689 1121 4762 ἀνδρας
1156 4691 1258 4762 τῆς
1289 4690 1383 4744 τοῦ
1417 4691 1649 4763 Χριστοῦ
1677 4709 1771 4760 γε-

1879 4704 1927 4750 ct
1955 4696 2158 4765 justos,
2191 4692 2257 4747 ad
2291 4693 2496 4748 Christi
2534 4691 2901 4747 lxaareditatetn
2932 4691 3262 4761 pertinuisse
3291 4690 3445 4755 dixe-

194 4781 421 4853 γονέναι
459 4780 820 4852 κληρονομίας
854 4782 1040 4847 εἰπὼν,
1075 4783 1170 4836 καὶ
1203 4782 1310 4837 τῶν
1341 4785 1645 4853 σωτηρίων
1676 4786 1774 4839 αὐ-

194 4870 296 4928 τοῦ
351 4868 765 4941 μετεσχηκέναι,
794 4870 926 4925 Οὐδὲ
948 4872 1055 4945 γὰρ
1082 4874 1150 4929 τά
1185 4874 1361 4947 πλήθη
1387 4876 1623 4939 καὶτοὺς
1645 4877 1775 4929 ἁνα-

196 4967 334 5036 eam;
367 4962 776 5036 παραδαλόντας
804 4968 869 5037 τῇ
909 4966 1200 5039 Ἐκκλησία
1226 4968 1320 5022 τοῦ
1345 4967 1481 5021 Θεοῦ
1509 4970 1773 5040 προσήκει

193 5061 330 5115 λαὸν
365 5057 685 5127 ἀποφαίνειν
717 5056 903 5121 αὐτοῦ,
936 5057 1049 5111 ἀλλ’
1085 5059 1119 5130 ἢ
1152 5059 1327 5129 μόνως
1358 5061 1484 5124 τοὺς
1514 5061 1773 5133 ἀρεσκόν-

192 5170 310 5217 τως
339 5148 490 5219 αὑτῷ
523 5147 790 5219 βιοῦντας,
832 5150 959 5219 περὶ
989 5142 1065 5204 ὧν
1101 5150 1241 5205 εἴποι
1283 5152 1375 5206 ἄν’
1405 5152 1516 5207 Kal
1556 5153 1767 5224 ἔσομαι

192 5240 405 5301 αὐτῶν
437 5238 602 5305 Θεὸς,
644 5238 741 5292 καὶ
772 5238 939 5292 αὐτοὶ
971 5240 1215 5294 ἔσονταί
1236 5258 1336 5310 μοι
1364 5245 1532 5310 λαός.
1556 5271 1623 5281 ·-
1657 5244 1769 5298 Kal

194 5334 505 5404 ποίμανον
545 5330 786 5398 αὐτοὺς,
843 5330 941 5383 καί
982 5330 1210 5400 ἕπαρον
1249 5332 1357 5399 ἕως
1391 5335 1496 5389 τοῦ
1532 5334 1765 5402 αἰῶνος.

196 5423 491 5498 Ποιμαίνει
509 5421 567 5475 δὲ
586 5423 779 5486 αὐτοὺς
806 5421 1058 5486 ἐνταῦθα,
1082 5423 1179 5495 τὴν
1205 5422 1378 5494 ψυχὴν
1415 5425 1577 5478 αὐτοῦ
1598 5425 1767 5489 τιθεὶς

197 5517 343 5591 ὑπὲρ
374 5510 578 5581 αὐτῶν,
607 5514 680 5579 ὣς
708 5515 1358 5586 φησιν-ὲνἘύαγγελίοις·
1404 5516 1455 5569 '0
1487 5517 1706 5597 eratth
1733 5521 1766 5572 ό

1872 4789 1968 4850 ris,
1996 4795 2159 4856 atque
2189 4786 2542 4839 saleatianunt
2571 4784 2693 4854 ejus
2717 4783 3011 4854 participes
3037 4783 3225 4840 fuisse.
3258 4783 3445 4857 Neque

1871 4877 2275 4933 multitudinem
2320 4878 2526 4948 populi,
2576 4892 2640 4931 ac
2670 4892 2766 4932 eos
2802 4877 2893 4946 qui
2927 4876 3151 4949 indigne
3184 4876 3445 4935 Ecclesiae

1869 4970 1966 5026 Dei
2017 4978 2392 5035 accesserunt,
2448 4969 2709 5040 pupulum
2765 4970 2887 5039 ejus
2940 4970 3299 5041 pronuntiare
3347 4987 3447 5041 par

1870 5064 2002 5127 fuit;
2033 5064 2125 5119 sed
2159 5064 2334 5119 solum
2370 5078 2465 5118 eos
2508 5061 2598 5131 qui
2651 5064 2753 5134 ipsi
2789 5062 3074 5134 probatam
3106 5070 3159 5118 et
3191 5064 3443 5133 placitam

1868 5155 2036 5209 vitam
2077 5154 2373 5216 duxerunt,
2399 5154 2466 5210 de
2494 5155 2697 5225 quibus
2732 5155 2849 5227 ipse
2880 5154 3079 5210 dixerit
3112 5173 3125 5209 :
3162 5154 3274 5208 Ero
3319 5153 3442 5206 illo-

1874 5267 1990 5304 rum
2006 5248 2235 5312 Deus,-et
2260 5248 2360 5317 ipsi
2382 5257 2536 5302 erunt
2547 5248 2673 5303 milti
2686 5248 2911 5319 populus
2930 5249 3073 5304 ".—
3088 5247 3158 5301 Et
3177 5263 3334 5316 pasce
3353 5261 3436 5298 eos

1874 5352 1923 5396 et
1945 5341 2138 5396 extolle
2169 5340 2290 5395 illos
2324 5357 2485 5410 usque
2521 5342 2576 5395 in
2605 5351 2875 5396 teternum.
2911 5339 3012 5395 llic
3043 5348 3223 5394 autem
3265 5334 3447 5406 pascit.

1872 5433 2017 5497 illos,
2039 5432 2131 5502 qui
2159 5432 2397 5485 animam
2431 5447 2585 5487 suam
2622 5448 2720 5503 pro
2746 5433 2813 5488 iis
2840 5431 3042 5503 posuit,
3086 5436 3143 5483 ut
3171 5427 3225 5479 in
3261 5424 3439 5479 Even-

1871 5518 2025 5588 geliis
2066 5517 2183 5573 ait:
2215 5518 2393 5574 Bonus
2443 5530 2627 5591 pastor
2675 5523 2908 5576 animant
2947 5533 3096 5574 suam
3149 5513 3295 5582 ponit
3340 5527 3438 5584 pro

304 5671 354 5706 ⁸⁸
384 5668 492 5727 lea.
524 5684 678 5736 Lvm,
704 5669 755 5725 9.
818 5672 860 5704 ⁸⁷
890 5669 1035 5728 Psal.
1060 5687 1177 5737 Llll,
1204 5670 1256 5725 8.
1334 5672 1377 5705 ⁵⁸·
1401 5670 1543 5730 Psal.
1581 5689 1637 5741 ιι,
1668 5676 1720 5729 8.

1879 5672 2065 5730 lerem.
2099 5691 2195 5744 vn,
2224 5675 2313 5732 95.
