  <div class='ocr_page' id='page_1' title='image "/cluster/home/n/w/nwhite01/storage/ocr_20150623/23/hvd.32044073501116/131.png"; bbox 0 0 3980 6214; ppageno 0'>
   <div class='ocr_carea' id='block_1_1' title="bbox 515 263 612 320">
    <p class='ocr_par' dir='ltr' id='par_1_1' title="bbox 515 263 612 320">
     <span class='ocr_line' id='line_1_1' title="bbox 515 263 612 320; baseline -0.01 0"><span class='ocrx_word' id='word_1_1' title='bbox 515 263 612 320; x_wconf 69' lang='lat'><strong>251</strong></span> 
     </span>
    </p>
   </div>
   <div class='ocr_carea' id='block_1_2' title="bbox 1216 253 3055 319">
    <p class='ocr_par' dir='ltr' id='par_1_2' title="bbox 1216 253 3055 319">
     <span class='ocr_line' id='line_1_2' title="bbox 1216 253 3055 319; baseline -0.007 -1"><span class='ocrx_word' id='word_1_2' title='bbox 1216 261 1481 319; x_wconf 83' lang='lat' dir='ltr'><strong>EUSEBII</strong></span> <span class='ocrx_word' id='word_1_3' title='bbox 1518 258 1995 318; x_wconf 72' lang='lat' dir='ltr'><strong>CASSABIENSIS</strong></span> <span class='ocrx_word' id='word_1_4' title='bbox 2029 257 2181 315; x_wconf 86' lang='lat' dir='ltr'><strong>OPP.</strong></span> <span class='ocrx_word' id='word_1_5' title='bbox 2214 256 2394 313; x_wconf 76' lang='lat' dir='ltr'><strong>PARS</strong></span> <span class='ocrx_word' id='word_1_6' title='bbox 2432 255 2518 312; x_wconf 90' lang='lat' dir='ltr'><strong>III.</strong></span> <span class='ocrx_word' id='word_1_7' title='bbox 2558 286 2628 298; x_wconf 91' lang='lat'><strong>-—</strong></span> <span class='ocrx_word' id='word_1_8' title='bbox 2654 253 3055 311; x_wconf 79' lang='lat' dir='ltr'><strong>EXEGETICA.</strong></span> 
     </span>
    </p>
   </div>
   <div class='ocr_carea' id='block_1_3' title="bbox 3612 252 3725 307">
    <p class='ocr_par' dir='ltr' id='par_1_3' title="bbox 3612 252 3725 307">
     <span class='ocr_line' id='line_1_3' title="bbox 3612 252 3725 307; baseline -0.009 0"><span class='ocrx_word' id='word_1_9' title='bbox 3612 252 3725 307; x_wconf 67' lang='lat'><strong>252</strong></span> 
     </span>
    </p>
   </div>
   <div class='ocr_carea' id='block_1_4' title="bbox 510 376 2076 452">
    <p class='ocr_par' dir='ltr' id='par_1_4' title="bbox 510 383 2066 452">
     <span class='ocr_line' id='line_1_4' title="bbox 510 383 2066 452; baseline 0.001 -15"><span class='ocrx_word' id='word_1_10' title='bbox 510 383 689 439; x_wconf 78' lang='lat' dir='ltr'><strong><em>ovibus</em></strong></span> <span class='ocrx_word' id='word_1_11' title='bbox 714 385 784 452; x_wconf 84' lang='grc'><strong>⁶⁰;</strong></span> <span class='ocrx_word' id='word_1_12' title='bbox 821 402 883 442; x_wconf 87' lang='lat' dir='ltr'><strong>ac</strong></span> <span class='ocrx_word' id='word_1_13' title='bbox 914 403 1128 443; x_wconf 85' lang='lat' dir='ltr'><strong>rursum</strong></span> <span class='ocrx_word' id='word_1_14' title='bbox 1167 407 1179 443; x_wconf 83' lang='lat'><strong>&#39;.</strong></span> <span class='ocrx_word' id='word_1_15' title='bbox 1216 388 1345 442; x_wconf 84' lang='lat' dir='ltr'><strong><em>Oves</em></strong></span> <span class='ocrx_word' id='word_1_16' title='bbox 1398 404 1525 441; x_wconf 73' lang='lat' dir='ltr'><strong><em>mea:</em></strong></span> <span class='ocrx_word' id='word_1_17' title='bbox 1568 402 1739 441; x_wconf 84' lang='lat' dir='ltr'><strong><em>vocem</em></strong></span> <span class='ocrx_word' id='word_1_18' title='bbox 1774 402 1941 440; x_wconf 88' lang='lat' dir='ltr'><strong><em>meam</em></strong></span> <span class='ocrx_word' id='word_1_19' title='bbox 1968 402 2066 438; x_wconf 83' lang='lat' dir='ltr'><strong>au-</strong></span> 
     </span>
    </p>
   </div>
   <div class='ocr_carea' id='block_1_5' title="bbox 2177 376 3721 452">
    <p class='ocr_par' dir='ltr' id='par_1_5' title="bbox 2177 376 3721 452">
     <span class='ocr_line' id='line_1_5' title="bbox 2177 376 3721 452; baseline -0.007 -15"><span class='ocrx_word' id='word_1_20' title='bbox 2177 383 2351 450; x_wconf 67' lang='grc' dir='ltr'>καλὸς</span> <span class='ocrx_word' id='word_1_21' title='bbox 2386 382 2500 450; x_wconf 75' lang='grc' dir='ltr'><em>τὴν</em></span> <span class='ocrx_word' id='word_1_22' title='bbox 2525 381 2735 452; x_wconf 74' lang='grc' dir='ltr'><strong>ψυχὴν</strong></span> <span class='ocrx_word' id='word_1_23' title='bbox 2762 381 2947 437; x_wconf 82' lang='grc' dir='ltr'><em>αὐτοῦ</em></span> <span class='ocrx_word' id='word_1_24' title='bbox 2984 381 3225 448; x_wconf 81' lang='grc' dir='ltr'>τίθησιν</span> <span class='ocrx_word' id='word_1_25' title='bbox 3250 376 3400 445; x_wconf 77' lang='grc' dir='ltr'><strong>ὑπὲρ</strong></span> <span class='ocrx_word' id='word_1_26' title='bbox 3430 376 3548 430; x_wconf 83' lang='grc' dir='ltr'><em>τῶν</em></span> <span class='ocrx_word' id='word_1_27' title='bbox 3574 388 3721 441; x_wconf 76' lang='grc' dir='ltr'>προ-</span> 
     </span>
    </p>
   </div>
   <div class='ocr_carea' id='block_1_6' title="bbox 506 470 2069 550">
    <p class='ocr_par' dir='ltr' id='par_1_6' title="bbox 506 470 2069 550">
     <span class='ocr_line' id='line_1_6' title="bbox 506 470 2069 550; baseline 0.001 -21"><span class='ocrx_word' id='word_1_28' title='bbox 506 470 663 530; x_wconf 79' lang='lat' dir='ltr'><strong><em>dinnt</em></strong></span> <span class='ocrx_word' id='word_1_29' title='bbox 691 477 770 543; x_wconf 84' lang='grc'><strong>⁶¹;</strong></span> <span class='ocrx_word' id='word_1_30' title='bbox 819 478 1127 550; x_wconf 89' lang='lat' dir='ltr'><strong>iterumque</strong></span> <span class='ocrx_word' id='word_1_31' title='bbox 1164 498 1176 532; x_wconf 93' lang='lat'>:</span> <span class='ocrx_word' id='word_1_32' title='bbox 1218 477 1327 532; x_wconf 85' lang='lat' dir='ltr'><strong>Ero</strong></span> <span class='ocrx_word' id='word_1_33' title='bbox 1365 479 1628 533; x_wconf 78' lang='lat' dir='ltr'><strong>vobiscum</strong></span> <span class='ocrx_word' id='word_1_34' title='bbox 1657 495 1819 549; x_wconf 85' lang='lat' dir='ltr'><strong><em>usque</em></strong></span> <span class='ocrx_word' id='word_1_35' title='bbox 1847 477 1916 531; x_wconf 85' lang='lat' dir='ltr'><strong>ad</strong></span> <span class='ocrx_word' id='word_1_36' title='bbox 1944 495 2069 531; x_wconf 86' lang='lat' dir='ltr'><strong><em>con-</em></strong></span> 
     </span>
    </p>
   </div>
   <div class='ocr_carea' id='block_1_7' title="bbox 511 570 2069 641">
    <p class='ocr_par' dir='ltr' id='par_1_7' title="bbox 511 570 2069 641">
     <span class='ocr_line' id='line_1_7' title="bbox 511 570 2069 641; baseline 0.003 -20"><span class='ocrx_word' id='word_1_37' title='bbox 511 570 912 625; x_wconf 83' lang='lat' dir='ltr'><strong><em>summationem</em></strong></span> <span class='ocrx_word' id='word_1_38' title='bbox 978 572 1161 627; x_wconf 69' lang='lat' dir='ltr'><strong><em>saeculi</em></strong></span> <span class='ocrx_word' id='word_1_39' title='bbox 1188 572 1255 625; x_wconf 79' lang='lat'><strong>“.</strong></span> <span class='ocrx_word' id='word_1_40' title='bbox 1314 571 1375 626; x_wconf 89' lang='lat' dir='ltr'><strong>In</strong></span> <span class='ocrx_word' id='word_1_41' title='bbox 1436 578 1678 641; x_wconf 89' lang='lat' dir='ltr'><strong>tempore</strong></span> <span class='ocrx_word' id='word_1_42' title='bbox 1738 579 1916 626; x_wconf 86' lang='lat' dir='ltr'><strong>autem</strong></span> <span class='ocrx_word' id='word_1_43' title='bbox 1973 586 2069 641; x_wconf 59' lang='lat' dir='ltr'><strong>op.</strong></span> 
     </span>
    </p>
   </div>
   <div class='ocr_carea' id='block_1_8' title="bbox 517 661 2069 733">
    <p class='ocr_par' dir='ltr' id='par_1_8' title="bbox 517 661 2069 733">
     <span class='ocr_line' id='line_1_8' title="bbox 517 661 2069 733; baseline 0.003 -20"><span class='ocrx_word' id='word_1_44' title='bbox 517 669 745 730; x_wconf 84' lang='lat' dir='ltr'><strong>portuno</strong></span> <span class='ocrx_word' id='word_1_45' title='bbox 798 662 948 733; x_wconf 84' lang='lat' dir='ltr'><strong>ipsas</strong></span> <span class='ocrx_word' id='word_1_46' title='bbox 996 664 1053 717; x_wconf 92' lang='lat' dir='ltr'><strong>in</strong></span> <span class='ocrx_word' id='word_1_47' title='bbox 1104 661 1339 718; x_wconf 87' lang='lat' dir='ltr'><strong>sublime</strong></span> <span class='ocrx_word' id='word_1_48' title='bbox 1381 662 1587 729; x_wconf 89' lang='lat' dir='ltr'><strong>elatas,</strong></span> <span class='ocrx_word' id='word_1_49' title='bbox 1632 661 1842 717; x_wconf 71' lang='lat' dir='ltr'><strong>cmlesti</strong></span> <span class='ocrx_word' id='word_1_50' title='bbox 1901 677 2069 732; x_wconf 79' lang='lat' dir='ltr'><strong>regno</strong></span> 
     </span>
    </p>
   </div>
   <div class='ocr_carea' id='block_1_9' title="bbox 516 752 762 811">
    <p class='ocr_par' dir='ltr' id='par_1_9' title="bbox 516 752 762 811">
     <span class='ocr_line' id='line_1_9' title="bbox 516 752 762 811; baseline 0 -6"><span class='ocrx_word' id='word_1_51' title='bbox 516 752 762 811; x_wconf 80' lang='lat' dir='ltr'><strong>donabit.</strong></span> 
     </span>
    </p>
   </div>
   <div class='ocr_carea' id='block_1_10' title="bbox 856 883 1689 942">
    <p class='ocr_par' dir='ltr' id='par_1_10' title="bbox 856 883 1689 942">
     <span class='ocr_line' id='line_1_10' title="bbox 856 883 1689 942; baseline 0.002 -3"><span class='ocrx_word' id='word_1_52' title='bbox 856 883 1177 942; x_wconf 78' lang='lat' dir='ltr'><strong>PSALMUS</strong></span> <span class='ocrx_word' id='word_1_53' title='bbox 1206 886 1409 941; x_wconf 81' lang='lat' dir='ltr'><strong>DAVID</strong></span> <span class='ocrx_word' id='word_1_54' title='bbox 1450 885 1689 941; x_wconf 78' lang='lat' dir='ltr'><strong>XXVIII.</strong></span> 
     </span>
    </p>
   </div>
   <div class='ocr_carea' id='block_1_11' title="bbox 990 998 1600 1054">
    <p class='ocr_par' dir='ltr' id='par_1_11' title="bbox 990 998 1600 1054">
     <span class='ocr_line' id='line_1_11' title="bbox 990 998 1600 1054; baseline 0.002 -1"><span class='ocrx_word' id='word_1_55' title='bbox 990 998 1052 1053; x_wconf 87' lang='lat' dir='ltr'><strong>In</strong></span> <span class='ocrx_word' id='word_1_56' title='bbox 1078 1000 1223 1053; x_wconf 70' lang='lat' dir='ltr'><strong><em>exitu</em></strong></span> <span class='ocrx_word' id='word_1_57' title='bbox 1254 998 1600 1054; x_wconf 74' lang='lat' dir='ltr'><strong>tabernaculi.</strong></span> 
     </span>
    </p>
   </div>
   <div class='ocr_carea' id='block_1_12' title="bbox 577 1110 2071 1181">
    <p class='ocr_par' dir='ltr' id='par_1_12' title="bbox 577 1110 2071 1181">
     <span class='ocr_line' id='line_1_12' title="bbox 577 1110 2071 1181; baseline 0 -16"><span class='ocrx_word' id='word_1_58' title='bbox 577 1110 746 1166; x_wconf 76' lang='lat' dir='ltr'><strong>Vsus.</strong></span> <span class='ocrx_word' id='word_1_59' title='bbox 782 1112 834 1176; x_wconf 84' lang='grc'><strong>1,</strong></span> <span class='ocrx_word' id='word_1_60' title='bbox 864 1111 919 1167; x_wconf 75' lang='grc' dir='ltr'><strong>Ξ.</strong></span> <span class='ocrx_word' id='word_1_61' title='bbox 945 1111 1145 1181; x_wconf 74' lang='lat' dir='ltr'><strong>Aﬁ&#39;erte</strong></span> <span class='ocrx_word' id='word_1_62' title='bbox 1168 1112 1414 1175; x_wconf 88' lang='lat' dir='ltr'><strong><em>Domino,</em></strong></span> <span class='ocrx_word' id='word_1_63' title='bbox 1464 1112 1564 1174; x_wconf 67' lang='lat' dir='ltr'><strong><em>filii</em></strong></span> <span class='ocrx_word' id='word_1_64' title='bbox 1598 1111 1718 1175; x_wconf 86' lang='lat' dir='ltr'><strong>Dei,</strong></span> <span class='ocrx_word' id='word_1_65' title='bbox 1742 1111 1927 1181; x_wconf 71' lang='lat' dir='ltr'><strong>aﬂ&#39;erte</strong></span> <span class='ocrx_word' id='word_1_66' title='bbox 1962 1110 2071 1165; x_wconf 90' lang='lat' dir='ltr'><strong>Do-</strong></span> 
     </span>
    </p>
   </div>
   <div class='ocr_carea' id='block_1_13' title="bbox 514 1202 2069 1273">
    <p class='ocr_par' dir='ltr' id='par_1_13' title="bbox 514 1202 2069 1273">
     <span class='ocr_line' id='line_1_13' title="bbox 514 1202 2069 1273; baseline 0.001 -19"><span class='ocrx_word' id='word_1_67' title='bbox 514 1204 652 1255; x_wconf 83' lang='lat' dir='ltr'><strong><em>mino</em></strong></span> <span class='ocrx_word' id='word_1_68' title='bbox 681 1202 823 1271; x_wconf 77' lang='lat' dir='ltr'><strong><em>ﬁlios</em></strong></span> <span class='ocrx_word' id='word_1_69' title='bbox 846 1203 1092 1257; x_wconf 88' lang='lat' dir='ltr'><strong><em>arietum.</em></strong></span> <span class='ocrx_word' id='word_1_70' title='bbox 1140 1203 1337 1272; x_wconf 74' lang='lat' dir='ltr'><strong>Aﬁ&#39;erte</strong></span> <span class='ocrx_word' id='word_1_71' title='bbox 1366 1202 1594 1257; x_wconf 88' lang='lat' dir='ltr'><strong><em>Domino</em></strong></span> <span class='ocrx_word' id='word_1_72' title='bbox 1636 1202 1862 1273; x_wconf 75' lang='lat' dir='ltr'><strong>gloriam</strong></span> <span class='ocrx_word' id='word_1_73' title='bbox 1894 1209 1942 1255; x_wconf 85' lang='lat' dir='ltr'><strong>et</strong></span> <span class='ocrx_word' id='word_1_74' title='bbox 1977 1202 2069 1255; x_wconf 85' lang='lat' dir='ltr'><strong>ho-</strong></span> 
     </span>
    </p>
   </div>
   <div class='ocr_carea' id='block_1_14' title="bbox 514 1290 2071 1361">
    <p class='ocr_par' dir='ltr' id='par_1_14' title="bbox 514 1290 2071 1361">
     <span class='ocr_line' id='line_1_14' title="bbox 514 1290 2071 1361; baseline 0.001 -17"><span class='ocrx_word' id='word_1_75' title='bbox 514 1307 707 1353; x_wconf 74' lang='lat' dir='ltr'><strong><em>norem,</em></strong></span> <span class='ocrx_word' id='word_1_76' title='bbox 741 1291 924 1361; x_wconf 75' lang='lat' dir='ltr'><strong><em>afferte</em></strong></span> <span class='ocrx_word' id='word_1_77' title='bbox 949 1290 1170 1345; x_wconf 70' lang='lat' dir='ltr'><strong><em>Domino</em></strong></span> <span class='ocrx_word' id='word_1_78' title='bbox 1200 1292 1425 1361; x_wconf 84' lang='lat' dir='ltr'><strong><em>gloriam</em></strong></span> <span class='ocrx_word' id='word_1_79' title='bbox 1458 1291 1659 1345; x_wconf 81' lang='lat' dir='ltr'><strong>nomini</strong></span> <span class='ocrx_word' id='word_1_80' title='bbox 1685 1290 1822 1358; x_wconf 92' lang='lat' dir='ltr'><strong>ejus,</strong></span> <span class='ocrx_word' id='word_1_81' title='bbox 1854 1290 2071 1346; x_wconf 85' lang='lat' dir='ltr'><strong>adorate</strong></span> 
     </span>
    </p>
   </div>
   <div class='ocr_carea' id='block_1_15' title="bbox 516 1381 2071 1453">
    <p class='ocr_par' dir='ltr' id='par_1_15' title="bbox 516 1381 2071 1453">
     <span class='ocr_line' id='line_1_15' title="bbox 516 1381 2071 1453; baseline 0.002 -19"><span class='ocrx_word' id='word_1_82' title='bbox 516 1381 797 1436; x_wconf 88' lang='lat' dir='ltr'><strong><em>Dominum</em></strong></span> <span class='ocrx_word' id='word_1_83' title='bbox 830 1384 888 1435; x_wconf 83' lang='lat' dir='ltr'><strong><em>in</em></strong></span> <span class='ocrx_word' id='word_1_84' title='bbox 927 1382 1068 1436; x_wconf 87' lang='lat' dir='ltr'><strong><em>atrio</em></strong></span> <span class='ocrx_word' id='word_1_85' title='bbox 1116 1393 1299 1436; x_wconf 89' lang='lat' dir='ltr'><strong><em>sancto</em></strong></span> <span class='ocrx_word' id='word_1_86' title='bbox 1328 1384 1461 1452; x_wconf 91' lang='lat' dir='ltr'><strong>ejus.</strong></span> <span class='ocrx_word' id='word_1_87' title='bbox 1495 1382 1591 1439; x_wconf 91' lang='lat' dir='ltr'><strong>llis</strong></span> <span class='ocrx_word' id='word_1_88' title='bbox 1624 1399 1849 1453; x_wconf 84' lang='lat' dir='ltr'><strong>prorsus</strong></span> <span class='ocrx_word' id='word_1_89' title='bbox 1872 1384 2071 1439; x_wconf 81' lang='lat' dir='ltr'><strong><em>similia</em></strong></span> 
     </span>
    </p>
   </div>
   <div class='ocr_carea' id='block_1_16' title="bbox 516 1473 2073 1546">
    <p class='ocr_par' dir='ltr' id='par_1_16' title="bbox 516 1473 2073 1546">
     <span class='ocr_line' id='line_1_16' title="bbox 516 1473 2073 1546; baseline 0.003 -20"><span class='ocrx_word' id='word_1_90' title='bbox 516 1473 689 1543; x_wconf 56' lang='lat' dir='ltr'><strong>quoad</strong></span> <span class='ocrx_word' id='word_1_91' title='bbox 744 1474 1066 1529; x_wconf 88' lang='lat' dir='ltr'><strong>sententiam</strong></span> <span class='ocrx_word' id='word_1_92' title='bbox 1123 1474 1361 1529; x_wconf 80' lang='lat' dir='ltr'><strong>arbitror</strong></span> <span class='ocrx_word' id='word_1_93' title='bbox 1422 1489 1486 1529; x_wconf 91' lang='lat' dir='ltr'><strong>ea</strong></span> <span class='ocrx_word' id='word_1_94' title='bbox 1544 1490 1666 1545; x_wconf 68' lang='lat' dir='ltr'><strong>qum</strong></span> <span class='ocrx_word' id='word_1_95' title='bbox 1717 1476 1773 1529; x_wconf 93' lang='lat' dir='ltr'><strong>in</strong></span> <span class='ocrx_word' id='word_1_96' title='bbox 1831 1491 2073 1546; x_wconf 80' lang='lat' dir='ltr'><strong>nonage-</strong></span> 
     </span>
    </p>
   </div>
   <div class='ocr_carea' id='block_1_17' title="bbox 511 1565 2069 1635">
    <p class='ocr_par' dir='ltr' id='par_1_17' title="bbox 511 1565 2069 1635">
     <span class='ocr_line' id='line_1_17' title="bbox 511 1565 2069 1635; baseline 0.005 -22"><span class='ocrx_word' id='word_1_97' title='bbox 511 1565 651 1619; x_wconf 74' lang='lat' dir='ltr'><strong>simo</strong></span> <span class='ocrx_word' id='word_1_98' title='bbox 671 1566 863 1634; x_wconf 84' lang='lat' dir='ltr'><strong>quinto</strong></span> <span class='ocrx_word' id='word_1_99' title='bbox 892 1566 1100 1635; x_wconf 82' lang='lat' dir='ltr'><strong><em>psalmo</em></strong></span> <span class='ocrx_word' id='word_1_100' title='bbox 1115 1566 1182 1620; x_wconf 91' lang='lat' dir='ltr'><strong>de</strong></span> <span class='ocrx_word' id='word_1_101' title='bbox 1213 1566 1500 1620; x_wconf 85' lang='lat' dir='ltr'><strong>vocatione</strong></span> <span class='ocrx_word' id='word_1_102' title='bbox 1528 1569 1766 1635; x_wconf 86' lang='lat' dir='ltr'><strong>gentium</strong></span> <span class='ocrx_word' id='word_1_103' title='bbox 1806 1566 2069 1631; x_wconf 86' lang='lat' dir='ltr'><strong>feruntur,</strong></span> 
     </span>
    </p>
   </div>
   <div class='ocr_carea' id='block_1_18' title="bbox 518 1658 2071 1729">
    <p class='ocr_par' dir='ltr' id='par_1_18' title="bbox 518 1658 2071 1729">
     <span class='ocr_line' id='line_1_18' title="bbox 518 1658 2071 1729; baseline 0 -18"><span class='ocrx_word' id='word_1_104' title='bbox 518 1674 631 1729; x_wconf 53' lang='lat' dir='ltr'><strong>qua:</strong></span> <span class='ocrx_word' id='word_1_105' title='bbox 655 1659 759 1713; x_wconf 93' lang='lat' dir='ltr'><strong>hoc</strong></span> <span class='ocrx_word' id='word_1_106' title='bbox 781 1658 940 1713; x_wconf 92' lang='lat' dir='ltr'><strong>modo</strong></span> <span class='ocrx_word' id='word_1_107' title='bbox 971 1674 1029 1713; x_wconf 89' lang='lat' dir='ltr'><strong>se</strong></span> <span class='ocrx_word' id='word_1_108' title='bbox 1051 1658 1252 1713; x_wconf 78' lang='lat' dir='ltr'><strong>habent</strong></span> <span class='ocrx_word' id='word_1_109' title='bbox 1284 1678 1297 1712; x_wconf 84' lang='lat'><strong>:</strong></span> <span class='ocrx_word' id='word_1_110' title='bbox 1322 1658 1544 1713; x_wconf 85' lang='lat' dir='ltr'><strong><em>Cantate</em></strong></span> <span class='ocrx_word' id='word_1_111' title='bbox 1562 1658 1785 1711; x_wconf 85' lang='lat' dir='ltr'><strong><em>Domino</em></strong></span> <span class='ocrx_word' id='word_1_112' title='bbox 1812 1658 2071 1712; x_wconf 76' lang='lat' dir='ltr'><strong>canticum</strong></span> 
     </span>
    </p>
   </div>
   <div class='ocr_carea' id='block_1_19' title="bbox 2168 465 3723 544">
    <p class='ocr_par' dir='ltr' id='par_1_19' title="bbox 2168 465 3723 544">
     <span class='ocr_line' id='line_1_19' title="bbox 2168 465 3723 544; baseline -0.006 -14"><span class='ocrx_word' id='word_1_113' title='bbox 2168 476 2373 531; x_wconf 74' lang='grc' dir='ltr'>ϐάτων·</span> <span class='ocrx_word' id='word_1_114' title='bbox 2402 477 2496 529; x_wconf 76' lang='grc' dir='ltr'>καὶ</span> <span class='ocrx_word' id='word_1_115' title='bbox 2521 474 2699 528; x_wconf 83' lang='grc' dir='ltr'>πάλιν·</span> <span class='ocrx_word' id='word_1_116' title='bbox 2731 474 2806 529; x_wconf 84' lang='grc' dir='ltr'><strong>Τὰ</strong></span> <span class='ocrx_word' id='word_1_117' title='bbox 2831 475 2943 544; x_wconf 82' lang='grc' dir='ltr'>ἐμὰ</span> <span class='ocrx_word' id='word_1_118' title='bbox 2972 475 3232 544; x_wconf 80' lang='grc' dir='ltr'><strong>,πρόϐατα</strong></span> <span class='ocrx_word' id='word_1_119' title='bbox 3255 468 3363 538; x_wconf 81' lang='grc' dir='ltr'>τῆς</span> <span class='ocrx_word' id='word_1_120' title='bbox 3384 465 3585 539; x_wconf 72' lang='grc' dir='ltr'>φωνῆς</span> <span class='ocrx_word' id='word_1_121' title='bbox 3603 482 3723 535; x_wconf 83' lang='grc' dir='ltr'><strong>μου</strong></span> 
     </span>
    </p>
   </div>
   <div class='ocr_carea' id='block_1_20' title="bbox 2166 555 3723 635">
    <p class='ocr_par' dir='ltr' id='par_1_20' title="bbox 2166 555 3723 635">
     <span class='ocr_line' id='line_1_20' title="bbox 2166 555 3723 635; baseline -0.008 -14"><span class='ocrx_word' id='word_1_122' title='bbox 2166 567 2366 621; x_wconf 81' lang='grc' dir='ltr'>ἀκούει</span> <span class='ocrx_word' id='word_1_123' title='bbox 2384 584 2397 596; x_wconf 91' lang='grc'>·</span> <span class='ocrx_word' id='word_1_124' title='bbox 2442 567 2535 620; x_wconf 76' lang='grc' dir='ltr'>καὶ</span> <span class='ocrx_word' id='word_1_125' title='bbox 2575 566 2735 619; x_wconf 82' lang='grc' dir='ltr'>πάλιν</span> <span class='ocrx_word' id='word_1_126' title='bbox 2753 583 2767 596; x_wconf 89' lang='grc'><strong>·</strong></span> <span class='ocrx_word' id='word_1_127' title='bbox 2805 568 3059 635; x_wconf 83' lang='grc' dir='ltr'>Ἐσομαι</span> <span class='ocrx_word' id='word_1_128' title='bbox 3086 563 3213 633; x_wconf 81' lang='grc' dir='ltr'>μεθ’</span> <span class='ocrx_word' id='word_1_129' title='bbox 3259 559 3425 630; x_wconf 82' lang='grc' dir='ltr'>ὑμῶν</span> <span class='ocrx_word' id='word_1_130' title='bbox 3465 558 3573 623; x_wconf 76' lang='grc' dir='ltr'>ἕως</span> <span class='ocrx_word' id='word_1_131' title='bbox 3612 555 3723 624; x_wconf 84' lang='grc' dir='ltr'>τῆς</span> 
     </span>
    </p>
   </div>
   <div class='ocr_carea' id='block_1_21' title="bbox 2166 648 3724 729">
    <p class='ocr_par' dir='ltr' id='par_1_21' title="bbox 2166 648 3724 729">
     <span class='ocr_line' id='line_1_21' title="bbox 2166 648 3724 729; baseline -0.007 -18"><span class='ocrx_word' id='word_1_132' title='bbox 2166 657 2520 724; x_wconf 73' lang='grc' dir='ltr'><strong>συντελείας</strong></span> <span class='ocrx_word' id='word_1_133' title='bbox 2548 656 2654 711; x_wconf 83' lang='grc' dir='ltr'><strong>τοῦ</strong></span> <span class='ocrx_word' id='word_1_134' title='bbox 2680 655 2911 724; x_wconf 74' lang='grc' dir='ltr'>αίῶνοςο</span> <span class='ocrx_word' id='word_1_135' title='bbox 2940 655 3115 729; x_wconf 84' lang='grc' dir='ltr'>καιρῷ</span> <span class='ocrx_word' id='word_1_136' title='bbox 3134 654 3190 708; x_wconf 86' lang='grc' dir='ltr'><strong>δὲ</strong></span> <span class='ocrx_word' id='word_1_137' title='bbox 3210 650 3497 721; x_wconf 72' lang='grc' dir='ltr'><strong>ἐπιτηδείῳ</strong></span> <span class='ocrx_word' id='word_1_138' title='bbox 3516 648 3724 719; x_wconf 84' lang='grc' dir='ltr'>ἐπάρας</span> 
     </span>
    </p>
   </div>
   <div class='ocr_carea' id='block_1_22' title="bbox 2167 734 3721 818">
    <p class='ocr_par' dir='ltr' id='par_1_22' title="bbox 2167 734 3721 818">
     <span class='ocr_line' id='line_1_22' title="bbox 2167 734 3721 818; baseline -0.008 -16"><span class='ocrx_word' id='word_1_139' title='bbox 2167 748 2361 811; x_wconf 74' lang='grc' dir='ltr'>αὐτοὺς</span> <span class='ocrx_word' id='word_1_140' title='bbox 2397 749 2477 811; x_wconf 82' lang='grc' dir='ltr'>εις</span> <span class='ocrx_word' id='word_1_141' title='bbox 2505 745 2656 817; x_wconf 75' lang='grc' dir='ltr'>ὕψος,</span> <span class='ocrx_word' id='word_1_142' title='bbox 2682 747 2783 818; x_wconf 88' lang='grc' dir='ltr'><strong>τῆς</strong></span> <span class='ocrx_word' id='word_1_143' title='bbox 2801 744 3047 818; x_wconf 76' lang='grc' dir='ltr'>οὐρανίου</span> <span class='ocrx_word' id='word_1_144' title='bbox 3077 742 3350 815; x_wconf 80' lang='grc' dir='ltr'><strong>βασιλείας</strong></span> <span class='ocrx_word' id='word_1_145' title='bbox 3377 734 3721 803; x_wconf 68' lang='grc' dir='ltr'>καταξαῢσει.</span> 
     </span>
    </p>
   </div>
   <div class='ocr_carea' id='block_1_23' title="bbox 2554 879 3336 936">
    <p class='ocr_par' dir='ltr' id='par_1_23' title="bbox 2554 879 3336 936">
     <span class='ocr_line' id='line_1_23' title="bbox 2554 879 3336 936; baseline -0.006 -1"><span class='ocrx_word' id='word_1_146' title='bbox 2554 883 2838 936; x_wconf 78' lang='grc' dir='ltr'><strong>ΨΑΛΜΟΣ</strong></span> <span class='ocrx_word' id='word_1_147' title='bbox 2865 883 2909 934; x_wconf 91' lang='grc' dir='ltr'><strong>Τ</strong></span> <span class='ocrx_word' id='word_1_148' title='bbox 2910 882 2951 934; x_wconf 83' lang='grc' dir='ltr'><strong><em>Ω</em></strong></span> <span class='ocrx_word' id='word_1_149' title='bbox 2978 880 3175 934; x_wconf 79' lang='grc' dir='ltr'><strong>ΔΑΥΙΔ</strong></span> <span class='ocrx_word' id='word_1_150' title='bbox 3200 879 3336 932; x_wconf 79' lang='lat' dir='ltr'><strong>KII&#39;.</strong></span> 
     </span>
    </p>
   </div>
   <div class='ocr_carea' id='block_1_24' title="bbox 2609 988 3282 1058">
    <p class='ocr_par' dir='ltr' id='par_1_24' title="bbox 2609 988 3282 1058">
     <span class='ocr_line' id='line_1_24' title="bbox 2609 988 3282 1058; baseline -0.007 -14"><span class='ocrx_word' id='word_1_151' title='bbox 2609 990 2871 1056; x_wconf 80' lang='grc' dir='ltr'><strong>Ἐξοδίου</strong></span> <span class='ocrx_word' id='word_1_152' title='bbox 2903 988 3139 1058; x_wconf 78' lang='grc' dir='ltr'><em>σκηνῆς</em></span> <span class='ocrx_word' id='word_1_153' title='bbox 3179 988 3282 1058; x_wconf 80' lang='grc'><strong>(1).</strong></span> 
     </span>
    </p>
   </div>
   <div class='ocr_carea' id='block_1_25' title="bbox 2252 1092 3730 1172">
    <p class='ocr_par' dir='ltr' id='par_1_25' title="bbox 2252 1092 3730 1172">
     <span class='ocr_line' id='line_1_25' title="bbox 2252 1092 3730 1172; baseline -0.005 -18"><span class='ocrx_word' id='word_1_154' title='bbox 2252 1099 2554 1172; x_wconf 75' lang='grc' dir='ltr'><strong>Ἐνέγκατε</strong></span> <span class='ocrx_word' id='word_1_155' title='bbox 2594 1099 2674 1166; x_wconf 85' lang='grc' dir='ltr'><em>τῷ</em></span> <span class='ocrx_word' id='word_1_156' title='bbox 2716 1100 2928 1168; x_wconf 81' lang='grc' dir='ltr'>Κυρίῳ,</span> <span class='ocrx_word' id='word_1_157' title='bbox 2967 1099 3082 1153; x_wconf 78' lang='grc' dir='ltr'>υἱοί</span> <span class='ocrx_word' id='word_1_158' title='bbox 3125 1097 3292 1164; x_wconf 82' lang='grc' dir='ltr'><strong>Θεοῦ,</strong></span> <span class='ocrx_word' id='word_1_159' title='bbox 3331 1094 3609 1165; x_wconf 75' lang='grc' dir='ltr'><strong>ἐνέγκατε</strong></span> <span class='ocrx_word' id='word_1_160' title='bbox 3649 1092 3730 1159; x_wconf 83' lang='grc' dir='ltr'><em>τῷ</em></span> 
     </span>
    </p>
   </div>
   <div class='ocr_carea' id='block_1_26' title="bbox 2170 1182 3730 1257">
    <p class='ocr_par' dir='ltr' id='par_1_26' title="bbox 2170 1182 3730 1257">
     <span class='ocr_line' id='line_1_26' title="bbox 2170 1182 3730 1257; baseline -0.004 -14"><span class='ocrx_word' id='word_1_161' title='bbox 2170 1190 2361 1256; x_wconf 80' lang='grc' dir='ltr'><strong>Κυρίῳ</strong></span> <span class='ocrx_word' id='word_1_162' title='bbox 2387 1188 2554 1255; x_wconf 74' lang='grc' dir='ltr'><strong>υἱοὺς</strong></span> <span class='ocrx_word' id='word_1_163' title='bbox 2588 1188 2785 1257; x_wconf 83' lang='grc' dir='ltr'>κριῶν.</span> <span class='ocrx_word' id='word_1_164' title='bbox 2826 1187 3135 1257; x_wconf 80' lang='grc' dir='ltr'><strong>Ἐνέγκατε</strong></span> <span class='ocrx_word' id='word_1_165' title='bbox 3184 1184 3263 1251; x_wconf 80' lang='grc' dir='ltr'><em>τῷ</em></span> <span class='ocrx_word' id='word_1_166' title='bbox 3303 1185 3497 1253; x_wconf 81' lang='grc' dir='ltr'><strong>Κυρίῳ</strong></span> <span class='ocrx_word' id='word_1_167' title='bbox 3540 1182 3730 1246; x_wconf 74' lang='grc' dir='ltr'><em>δόξαν</em></span> 
     </span>
    </p>
   </div>
   <div class='ocr_carea' id='block_1_27' title="bbox 2170 1276 3732 1350">
    <p class='ocr_par' dir='ltr' id='par_1_27' title="bbox 2170 1276 3732 1350">
     <span class='ocr_line' id='line_1_27' title="bbox 2170 1276 3732 1350; baseline -0.003 -16"><span class='ocrx_word' id='word_1_168' title='bbox 2170 1280 2266 1334; x_wconf 79' lang='grc' dir='ltr'><strong>καὶ</strong></span> <span class='ocrx_word' id='word_1_169' title='bbox 2327 1277 2522 1350; x_wconf 81' lang='grc' dir='ltr'>τιμήν·</span> <span class='ocrx_word' id='word_1_170' title='bbox 2591 1280 2895 1349; x_wconf 76' lang='grc' dir='ltr'><strong>Ἐνέγκατε</strong></span> <span class='ocrx_word' id='word_1_171' title='bbox 2961 1277 3039 1344; x_wconf 86' lang='grc' dir='ltr'><em>τῷ</em></span> <span class='ocrx_word' id='word_1_172' title='bbox 3100 1278 3293 1347; x_wconf 85' lang='grc' dir='ltr'>Κυρίῳ</span> <span class='ocrx_word' id='word_1_173' title='bbox 3351 1276 3537 1342; x_wconf 77' lang='grc' dir='ltr'><strong>δόξαν</strong></span> <span class='ocrx_word' id='word_1_174' title='bbox 3596 1277 3732 1330; x_wconf 81' lang='grc' dir='ltr'><strong>ὀνό-</strong></span> 
     </span>
    </p>
   </div>
   <div class='ocr_carea' id='block_1_28' title="bbox 2164 1368 3731 1440">
    <p class='ocr_par' dir='ltr' id='par_1_28' title="bbox 2164 1368 3731 1440">
     <span class='ocr_line' id='line_1_28' title="bbox 2164 1368 3731 1440; baseline -0.002 -15"><span class='ocrx_word' id='word_1_175' title='bbox 2164 1388 2305 1440; x_wconf 82' lang='grc' dir='ltr'><em>ματι</em></span> <span class='ocrx_word' id='word_1_176' title='bbox 2347 1371 2551 1425; x_wconf 82' lang='grc' dir='ltr'><strong>αὑτοῦ.</strong></span> <span class='ocrx_word' id='word_1_177' title='bbox 2604 1368 3069 1438; x_wconf 84' lang='grc' dir='ltr'><strong>Προσκυνήσατε</strong></span> <span class='ocrx_word' id='word_1_178' title='bbox 3105 1368 3186 1434; x_wconf 85' lang='grc' dir='ltr'><em>τῷ</em></span> <span class='ocrx_word' id='word_1_179' title='bbox 3225 1370 3418 1437; x_wconf 81' lang='grc' dir='ltr'><strong>Κυρίῳ</strong></span> <span class='ocrx_word' id='word_1_180' title='bbox 3456 1368 3525 1422; x_wconf 85' lang='grc' dir='ltr'><strong>ἐν</strong></span> <span class='ocrx_word' id='word_1_181' title='bbox 3565 1368 3731 1437; x_wconf 72' lang='grc' dir='ltr'><strong>αὐλῇ</strong></span> 
     </span>
    </p>
   </div>
   <div class='ocr_carea' id='block_1_29' title="bbox 2170 1460 3731 1532">
    <p class='ocr_par' dir='ltr' id='par_1_29' title="bbox 2170 1460 3731 1532">
     <span class='ocr_line' id='line_1_29' title="bbox 2170 1460 3731 1532; baseline -0.001 -16"><span class='ocrx_word' id='word_1_182' title='bbox 2170 1463 2306 1532; x_wconf 80' lang='grc' dir='ltr'>ἁγίᾳ</span> <span class='ocrx_word' id='word_1_183' title='bbox 2336 1462 2541 1516; x_wconf 84' lang='grc' dir='ltr'><strong>αὑτοῦ.</strong></span> <span class='ocrx_word' id='word_1_184' title='bbox 2584 1461 2803 1525; x_wconf 82' lang='grc' dir='ltr'><strong>Τούτοις</strong></span> <span class='ocrx_word' id='word_1_185' title='bbox 2834 1461 3165 1532; x_wconf 76' lang='grc' dir='ltr'><strong>ἰσοδυναμεῖν</strong></span> <span class='ocrx_word' id='word_1_186' title='bbox 3188 1460 3425 1531; x_wconf 77' lang='grc' dir='ltr'>ἡγοῦμαι</span> <span class='ocrx_word' id='word_1_187' title='bbox 3458 1460 3599 1514; x_wconf 70' lang='grc' dir='ltr'>κατὰ</span> <span class='ocrx_word' id='word_1_188' title='bbox 3629 1462 3731 1531; x_wconf 71' lang='grc' dir='ltr'>τὴν</span> 
     </span>
    </p>
   </div>
   <div class='ocr_carea' id='block_1_30' title="bbox 2169 1552 3739 1625">
    <p class='ocr_par' dir='ltr' id='par_1_30' title="bbox 2169 1552 3739 1625">
     <span class='ocr_line' id='line_1_30' title="bbox 2169 1552 3739 1625; baseline -0.001 -18"><span class='ocrx_word' id='word_1_189' title='bbox 2169 1554 2402 1608; x_wconf 80' lang='grc' dir='ltr'>διάνοιαν</span> <span class='ocrx_word' id='word_1_190' title='bbox 2437 1555 2504 1607; x_wconf 81' lang='grc' dir='ltr'><strong>τὰ</strong></span> <span class='ocrx_word' id='word_1_191' title='bbox 2526 1556 2582 1606; x_wconf 87' lang='grc' dir='ltr'><strong>ἐν</strong></span> <span class='ocrx_word' id='word_1_192' title='bbox 2612 1554 2844 1625; x_wconf 83' lang='grc' dir='ltr'><strong>πέμπτῳ</strong></span> <span class='ocrx_word' id='word_1_193' title='bbox 2886 1555 2980 1608; x_wconf 70' lang='grc' dir='ltr'><strong>καὶ</strong></span> <span class='ocrx_word' id='word_1_194' title='bbox 3018 1552 3350 1624; x_wconf 77' lang='grc' dir='ltr'><strong>ἐνενηκοστῷ</strong></span> <span class='ocrx_word' id='word_1_195' title='bbox 3375 1552 3573 1624; x_wconf 75' lang='grc' dir='ltr'>ψαλμῷ</span> <span class='ocrx_word' id='word_1_196' title='bbox 3598 1555 3739 1625; x_wconf 72' lang='grc' dir='ltr'>περὶ</span> 
     </span>
    </p>
   </div>
   <div class='ocr_carea' id='block_1_31' title="bbox 2169 1644 3725 1716">
    <p class='ocr_par' dir='ltr' id='par_1_31' title="bbox 2169 1644 3725 1716">
     <span class='ocr_line' id='line_1_31' title="bbox 2169 1644 3725 1716; baseline 0.001 -19"><span class='ocrx_word' id='word_1_197' title='bbox 2169 1645 2267 1716; x_wconf 81' lang='grc' dir='ltr'><strong>τῆς</strong></span> <span class='ocrx_word' id='word_1_198' title='bbox 2294 1645 2402 1697; x_wconf 84' lang='grc' dir='ltr'><strong>τῶν</strong></span> <span class='ocrx_word' id='word_1_199' title='bbox 2422 1644 2589 1698; x_wconf 84' lang='grc' dir='ltr'>ἐθνῶν</span> <span class='ocrx_word' id='word_1_200' title='bbox 2613 1644 2852 1716; x_wconf 83' lang='grc' dir='ltr'><strong>κλήσεως</strong></span> <span class='ocrx_word' id='word_1_201' title='bbox 2872 1644 3059 1700; x_wconf 82' lang='grc' dir='ltr'>τοῦτον</span> <span class='ocrx_word' id='word_1_202' title='bbox 3080 1644 3377 1714; x_wconf 82' lang='grc' dir='ltr'><strong>λελεγμένα</strong></span> <span class='ocrx_word' id='word_1_203' title='bbox 3393 1644 3485 1698; x_wconf 82' lang='grc' dir='ltr'>τὸν</span> <span class='ocrx_word' id='word_1_204' title='bbox 3504 1645 3725 1715; x_wconf 79' lang='grc' dir='ltr'>τρόπον’</span> 
     </span>
    </p>
   </div>
   <div class='ocr_carea' id='block_1_32' title="bbox 518 1730 2076 1814">
    <p class='ocr_par' dir='ltr' id='par_1_32' title="bbox 518 1748 2075 1814">
     <span class='ocr_line' id='line_1_32' title="bbox 518 1748 2075 1814; baseline 0 -12"><span class='ocrx_word' id='word_1_205' title='bbox 518 1766 718 1814; x_wconf 78' lang='lat' dir='ltr'><strong><em>novum,</em></strong></span> <span class='ocrx_word' id='word_1_206' title='bbox 756 1759 963 1803; x_wconf 84' lang='lat' dir='ltr'><strong><em>cantate</em></strong></span> <span class='ocrx_word' id='word_1_207' title='bbox 1012 1749 1238 1803; x_wconf 84' lang='lat' dir='ltr'><strong><em>Domino</em></strong></span> <span class='ocrx_word' id='word_1_208' title='bbox 1288 1751 1458 1804; x_wconf 87' lang='lat' dir='ltr'><strong><em>omnis</em></strong></span> <span class='ocrx_word' id='word_1_209' title='bbox 1510 1761 1670 1803; x_wconf 88' lang='lat' dir='ltr'><strong>terra.</strong></span> <span class='ocrx_word' id='word_1_210' title='bbox 1721 1750 1943 1804; x_wconf 85' lang='lat' dir='ltr'><strong><em>Cantate</em></strong></span> <span class='ocrx_word' id='word_1_211' title='bbox 1966 1748 2075 1802; x_wconf 85' lang='lat' dir='ltr'><strong>Do-</strong></span> 
     </span>
    </p>
   </div>
   <div class='ocr_carea' id='block_1_33' title="bbox 2177 1730 3731 1814">
    <p class='ocr_par' dir='ltr' id='par_1_33' title="bbox 2182 1730 3731 1806">
     <span class='ocr_line' id='line_1_33' title="bbox 2182 1730 3731 1806; baseline -0.001 -17"><span class='ocrx_word' id='word_1_212' title='bbox 2182 1738 2402 1806; x_wconf 80' lang='grc' dir='ltr'><em>’ᾼσατε</em></span> <span class='ocrx_word' id='word_1_213' title='bbox 2433 1735 2511 1802; x_wconf 84' lang='grc' dir='ltr'><em>τῷ</em></span> <span class='ocrx_word' id='word_1_214' title='bbox 2527 1737 2721 1803; x_wconf 83' lang='grc' dir='ltr'><strong>Κυρίῳ</strong></span> <span class='ocrx_word' id='word_1_215' title='bbox 2753 1730 2916 1803; x_wconf 79' lang='grc' dir='ltr'><em>ᾆσμα</em></span> <span class='ocrx_word' id='word_1_216' title='bbox 2939 1736 3145 1788; x_wconf 82' lang='grc' dir='ltr'>καινόν</span> <span class='ocrx_word' id='word_1_217' title='bbox 3163 1751 3177 1764; x_wconf 74' lang='grc' dir='ltr'><strong>ο</strong></span> <span class='ocrx_word' id='word_1_218' title='bbox 3201 1733 3388 1802; x_wconf 74' lang='grc' dir='ltr'><em>ᾄσατε</em></span> <span class='ocrx_word' id='word_1_219' title='bbox 3409 1733 3488 1799; x_wconf 83' lang='grc' dir='ltr'><em>τῷ</em></span> <span class='ocrx_word' id='word_1_220' title='bbox 3509 1736 3731 1803; x_wconf 78' lang='grc' dir='ltr'>Κυρίῳ,</span> 
     </span>
    </p>
   </div>
   <div class='ocr_carea' id='block_1_34' title="bbox 518 1838 2074 1909">
    <p class='ocr_par' dir='ltr' id='par_1_34' title="bbox 518 1838 2074 1909">
     <span class='ocr_line' id='line_1_34' title="bbox 518 1838 2074 1909; baseline 0 -18"><span class='ocrx_word' id='word_1_221' title='bbox 518 1840 674 1903; x_wconf 88' lang='lat' dir='ltr'><strong><em>mino,</em></strong></span> <span class='ocrx_word' id='word_1_222' title='bbox 713 1840 992 1894; x_wconf 83' lang='lat' dir='ltr'><strong><em>benedicite</em></strong></span> <span class='ocrx_word' id='word_1_223' title='bbox 1040 1840 1239 1893; x_wconf 86' lang='lat' dir='ltr'><strong><em>nomini</em></strong></span> <span class='ocrx_word' id='word_1_224' title='bbox 1290 1840 1423 1909; x_wconf 88' lang='lat' dir='ltr'><strong>ejus,</strong></span> <span class='ocrx_word' id='word_1_225' title='bbox 1449 1840 1753 1893; x_wconf 83' lang='lat' dir='ltr'><strong><em>annuntiate</em></strong></span> <span class='ocrx_word' id='word_1_226' title='bbox 1792 1839 1853 1893; x_wconf 75' lang='lat' dir='ltr'><strong>de</strong></span> <span class='ocrx_word' id='word_1_227' title='bbox 1888 1838 1972 1892; x_wconf 87' lang='lat' dir='ltr'><strong>die</strong></span> <span class='ocrx_word' id='word_1_228' title='bbox 2019 1840 2074 1891; x_wconf 85' lang='lat' dir='ltr'><strong><em>in</em></strong></span> 
     </span>
    </p>
   </div>
   <div class='ocr_carea' id='block_1_35' title="bbox 519 1928 2074 2000">
    <p class='ocr_par' dir='ltr' id='par_1_35' title="bbox 519 1928 2074 2000">
     <span class='ocr_line' id='line_1_35' title="bbox 519 1928 2074 2000; baseline -0.001 -16"><span class='ocrx_word' id='word_1_229' title='bbox 519 1932 649 1984; x_wconf 74' lang='lat' dir='ltr'><strong><em>liem</em></strong></span> <span class='ocrx_word' id='word_1_230' title='bbox 674 1931 909 1985; x_wconf 73' lang='lat' dir='ltr'><strong><em>salutare</em></strong></span> <span class='ocrx_word' id='word_1_231' title='bbox 936 1930 1069 1998; x_wconf 86' lang='lat' dir='ltr'><strong>ejus.</strong></span> <span class='ocrx_word' id='word_1_232' title='bbox 1096 1931 1418 1983; x_wconf 82' lang='lat' dir='ltr'><strong><em>Annuntiate</em></strong></span> <span class='ocrx_word' id='word_1_233' title='bbox 1454 1930 1507 1983; x_wconf 89' lang='lat' dir='ltr'><strong>in</strong></span> <span class='ocrx_word' id='word_1_234' title='bbox 1564 1928 1800 2000; x_wconf 75' lang='lat' dir='ltr'><strong>gentibus</strong></span> <span class='ocrx_word' id='word_1_235' title='bbox 1849 1928 2074 1999; x_wconf 86' lang='lat' dir='ltr'><strong><em>gloriam</em></strong></span> 
     </span>
    </p>
   </div>
   <div class='ocr_carea' id='block_1_36' title="bbox 519 2019 2075 2092">
    <p class='ocr_par' dir='ltr' id='par_1_36' title="bbox 519 2019 2075 2092">
     <span class='ocr_line' id='line_1_36' title="bbox 519 2019 2075 2092; baseline -0.001 -16"><span class='ocrx_word' id='word_1_236' title='bbox 519 2039 647 2091; x_wconf 76' lang='lat' dir='ltr'><strong>ejus,</strong></span> <span class='ocrx_word' id='word_1_237' title='bbox 684 2024 740 2075; x_wconf 87' lang='lat' dir='ltr'><strong>in</strong></span> <span class='ocrx_word' id='word_1_238' title='bbox 770 2021 1010 2075; x_wconf 82' lang='lat' dir='ltr'><strong><em>omnibus</em></strong></span> <span class='ocrx_word' id='word_1_239' title='bbox 1048 2023 1253 2092; x_wconf 85' lang='lat' dir='ltr'><strong><em>populis</em></strong></span> <span class='ocrx_word' id='word_1_240' title='bbox 1314 2021 1584 2075; x_wconf 86' lang='lat' dir='ltr'><strong><em>mirabilia</em></strong></span> <span class='ocrx_word' id='word_1_241' title='bbox 1627 2021 1761 2090; x_wconf 90' lang='lat' dir='ltr'><strong>ejus.</strong></span> <span class='ocrx_word' id='word_1_242' title='bbox 1814 2019 2075 2085; x_wconf 76' lang='lat' dir='ltr'><strong><em>Quoniam</em></strong></span> 
     </span>
    </p>
   </div>
   <div class='ocr_carea' id='block_1_37' title="bbox 518 2108 2074 2179">
    <p class='ocr_par' dir='ltr' id='par_1_37' title="bbox 518 2108 2074 2179">
     <span class='ocr_line' id='line_1_37' title="bbox 518 2108 2074 2179; baseline 0.002 -18"><span class='ocrx_word' id='word_1_243' title='bbox 518 2124 736 2179; x_wconf 59' lang='lat' dir='ltr'><strong><em>magna</em></strong></span> <span class='ocrx_word' id='word_1_244' title='bbox 767 2109 1022 2163; x_wconf 86' lang='lat' dir='ltr'><strong><em>Dominus</em></strong></span> <span class='ocrx_word' id='word_1_245' title='bbox 1073 2121 1122 2165; x_wconf 88' lang='lat' dir='ltr'><strong><em>et</em></strong></span> <span class='ocrx_word' id='word_1_246' title='bbox 1158 2108 1443 2164; x_wconf 81' lang='lat' dir='ltr'><strong><em>laudabilis</em></strong></span> <span class='ocrx_word' id='word_1_247' title='bbox 1471 2108 1641 2174; x_wconf 86' lang='lat' dir='ltr'><strong>valde,</strong></span> <span class='ocrx_word' id='word_1_248' title='bbox 1711 2109 1960 2164; x_wconf 83' lang='lat' dir='ltr'><strong><em>terribilis</em></strong></span> <span class='ocrx_word' id='word_1_249' title='bbox 1998 2120 2074 2165; x_wconf 84' lang='lat' dir='ltr'><strong>est</strong></span> 
     </span>
    </p>
   </div>
   <div class='ocr_carea' id='block_1_38' title="bbox 517 2200 2077 2271">
    <p class='ocr_par' dir='ltr' id='par_1_38' title="bbox 517 2200 2077 2271">
     <span class='ocr_line' id='line_1_38' title="bbox 517 2200 2077 2271; baseline 0.001 -17"><span class='ocrx_word' id='word_1_250' title='bbox 517 2215 668 2267; x_wconf 78' lang='lat' dir='ltr'><strong>super</strong></span> <span class='ocrx_word' id='word_1_251' title='bbox 696 2217 869 2254; x_wconf 89' lang='lat' dir='ltr'><strong><em>omnes</em></strong></span> <span class='ocrx_word' id='word_1_252' title='bbox 891 2200 1012 2255; x_wconf 88' lang='lat' dir='ltr'><strong>deos</strong></span> <span class='ocrx_word' id='word_1_253' title='bbox 1040 2201 1108 2254; x_wconf 79' lang='lat'><strong>“.</strong></span> <span class='ocrx_word' id='word_1_254' title='bbox 1151 2200 1414 2271; x_wconf 86' lang='lat' dir='ltr'><strong>Deinceps</strong></span> <span class='ocrx_word' id='word_1_255' title='bbox 1443 2201 1515 2253; x_wconf 91' lang='lat' dir='ltr'><strong>ita</strong></span> <span class='ocrx_word' id='word_1_256' title='bbox 1537 2201 1805 2255; x_wconf 88' lang='lat' dir='ltr'><strong>subsumit</strong></span> <span class='ocrx_word' id='word_1_257' title='bbox 1837 2216 1851 2253; x_wconf 91' lang='lat'><strong>:</strong></span> <span class='ocrx_word' id='word_1_258' title='bbox 1885 2201 2077 2269; x_wconf 75' lang='lat' dir='ltr'><strong>Afferte</strong></span> 
     </span>
    </p>
   </div>
   <div class='ocr_carea' id='block_1_39' title="bbox 519 2290 2078 2360">
    <p class='ocr_par' dir='ltr' id='par_1_39' title="bbox 519 2290 2078 2360">
     <span class='ocr_line' id='line_1_39' title="bbox 519 2290 2078 2360; baseline 0.001 -17"><span class='ocrx_word' id='word_1_259' title='bbox 519 2290 740 2345; x_wconf 85' lang='lat' dir='ltr'><strong><em>Domino</em></strong></span> <span class='ocrx_word' id='word_1_260' title='bbox 763 2292 986 2359; x_wconf 90' lang='lat' dir='ltr'><strong><em>gloriam</em></strong></span> <span class='ocrx_word' id='word_1_261' title='bbox 1016 2293 1215 2345; x_wconf 85' lang='lat' dir='ltr'><strong><em>nomini</em></strong></span> <span class='ocrx_word' id='word_1_262' title='bbox 1239 2293 1375 2360; x_wconf 75' lang='lat' dir='ltr'><strong>ejus.</strong></span> <span class='ocrx_word' id='word_1_263' title='bbox 1403 2291 1596 2345; x_wconf 87' lang='lat' dir='ltr'><strong><em>Tollite</em></strong></span> <span class='ocrx_word' id='word_1_264' title='bbox 1647 2291 1849 2345; x_wconf 78' lang='lat' dir='ltr'><strong><em>hostias</em></strong></span> <span class='ocrx_word' id='word_1_265' title='bbox 1899 2301 1948 2345; x_wconf 82' lang='lat' dir='ltr'><strong>et</strong></span> <span class='ocrx_word' id='word_1_266' title='bbox 2000 2292 2078 2344; x_wconf 77' lang='lat' dir='ltr'><strong><em>in-</em></strong></span> 
     </span>
    </p>
   </div>
   <div class='ocr_carea' id='block_1_40' title="bbox 517 2381 2076 2452">
    <p class='ocr_par' dir='ltr' id='par_1_40' title="bbox 517 2381 2076 2452">
     <span class='ocr_line' id='line_1_40' title="bbox 517 2381 2076 2452; baseline 0 -17"><span class='ocrx_word' id='word_1_267' title='bbox 517 2384 671 2437; x_wconf 88' lang='lat' dir='ltr'><strong><em>troite</em></strong></span> <span class='ocrx_word' id='word_1_268' title='bbox 699 2384 751 2436; x_wconf 90' lang='lat' dir='ltr'><strong>in</strong></span> <span class='ocrx_word' id='word_1_269' title='bbox 782 2384 923 2436; x_wconf 89' lang='lat' dir='ltr'><strong><em>atria</em></strong></span> <span class='ocrx_word' id='word_1_270' title='bbox 944 2383 1079 2452; x_wconf 87' lang='lat' dir='ltr'><strong>ejus,</strong></span> <span class='ocrx_word' id='word_1_271' title='bbox 1110 2382 1327 2437; x_wconf 84' lang='lat' dir='ltr'><strong><em>adorate</em></strong></span> <span class='ocrx_word' id='word_1_272' title='bbox 1343 2381 1627 2435; x_wconf 80' lang='lat' dir='ltr'><strong><em>Dominum</em></strong></span> <span class='ocrx_word' id='word_1_273' title='bbox 1655 2383 1711 2435; x_wconf 87' lang='lat' dir='ltr'><strong>in</strong></span> <span class='ocrx_word' id='word_1_274' title='bbox 1733 2382 1860 2435; x_wconf 89' lang='lat' dir='ltr'><strong><em>aula</em></strong></span> <span class='ocrx_word' id='word_1_275' title='bbox 1891 2392 2076 2436; x_wconf 87' lang='lat' dir='ltr'><strong><em>sancta</em></strong></span> 
     </span>
    </p>
   </div>
   <div class='ocr_carea' id='block_1_41' title="bbox 517 2467 2076 2539">
    <p class='ocr_par' dir='ltr' id='par_1_41' title="bbox 517 2467 2076 2539">
     <span class='ocr_line' id='line_1_41' title="bbox 517 2467 2076 2539; baseline 0.002 -16"><span class='ocrx_word' id='word_1_276' title='bbox 517 2468 648 2538; x_wconf 85' lang='lat' dir='ltr'><strong>ejus.</strong></span> <span class='ocrx_word' id='word_1_277' title='bbox 674 2468 880 2534; x_wconf 81' lang='lat' dir='ltr'><strong>Quibus</strong></span> <span class='ocrx_word' id='word_1_278' title='bbox 901 2484 1033 2524; x_wconf 85' lang='lat' dir='ltr'><strong>sane</strong></span> <span class='ocrx_word' id='word_1_279' title='bbox 1088 2467 1454 2539; x_wconf 86' lang='lat' dir='ltr'><strong>evangelicam</strong></span> <span class='ocrx_word' id='word_1_280' title='bbox 1496 2468 1748 2538; x_wconf 78' lang='lat' dir='ltr'><strong>gratiam,</strong></span> <span class='ocrx_word' id='word_1_281' title='bbox 1785 2469 1839 2523; x_wconf 93' lang='lat' dir='ltr'><strong>in</strong></span> <span class='ocrx_word' id='word_1_282' title='bbox 1886 2485 2076 2526; x_wconf 86' lang='lat' dir='ltr'><strong>omnes</strong></span> 
     </span>
    </p>
   </div>
   <div class='ocr_carea' id='block_1_42' title="bbox 517 2559 2075 2632">
    <p class='ocr_par' dir='ltr' id='par_1_42' title="bbox 517 2559 2075 2632">
     <span class='ocr_line' id='line_1_42' title="bbox 517 2559 2075 2632; baseline 0 -17"><span class='ocrx_word' id='word_1_283' title='bbox 517 2561 683 2617; x_wconf 84' lang='lat' dir='ltr'><strong>totius</strong></span> <span class='ocrx_word' id='word_1_284' title='bbox 714 2560 865 2616; x_wconf 90' lang='lat' dir='ltr'><strong>orbis</strong></span> <span class='ocrx_word' id='word_1_285' title='bbox 896 2560 1151 2616; x_wconf 89' lang='lat' dir='ltr'><strong>nationes</strong></span> <span class='ocrx_word' id='word_1_286' title='bbox 1180 2559 1455 2623; x_wconf 84' lang='lat' dir='ltr'><strong>dill‘usam,</strong></span> <span class='ocrx_word' id='word_1_287' title='bbox 1499 2561 1891 2630; x_wconf 71' lang='lat' dir='ltr'><strong>pmnuntians,</strong></span> <span class='ocrx_word' id='word_1_288' title='bbox 1923 2569 2075 2632; x_wconf 90' lang='lat' dir='ltr'><strong>post-</strong></span> 
     </span>
    </p>
   </div>
   <div class='ocr_carea' id='block_1_43' title="bbox 518 2652 2072 2722">
    <p class='ocr_par' dir='ltr' id='par_1_43' title="bbox 518 2652 2072 2722">
     <span class='ocr_line' id='line_1_43' title="bbox 518 2652 2072 2722; baseline 0.002 -16"><span class='ocrx_word' id='word_1_289' title='bbox 518 2667 677 2722; x_wconf 84' lang='lat' dir='ltr'><strong>quam</strong></span> <span class='ocrx_word' id='word_1_290' title='bbox 712 2652 985 2706; x_wconf 85' lang='lat' dir='ltr'><strong>canticum</strong></span> <span class='ocrx_word' id='word_1_291' title='bbox 1015 2667 1238 2717; x_wconf 85' lang='lat' dir='ltr'><strong>nuvum,</strong></span> <span class='ocrx_word' id='word_1_292' title='bbox 1277 2652 1531 2707; x_wconf 86' lang='lat' dir='ltr'><strong>videlicet</strong></span> <span class='ocrx_word' id='word_1_293' title='bbox 1559 2653 1686 2707; x_wconf 89' lang='lat' dir='ltr'><strong>novi</strong></span> <span class='ocrx_word' id='word_1_294' title='bbox 1718 2652 2072 2720; x_wconf 88' lang='lat' dir='ltr'><strong>Testamenti,</strong></span> 
     </span>
    </p>
   </div>
   <div class='ocr_carea' id='block_1_44' title="bbox 519 2740 2071 2813">
    <p class='ocr_par' dir='ltr' id='par_1_44' title="bbox 519 2740 2071 2813">
     <span class='ocr_line' id='line_1_44' title="bbox 519 2740 2071 2813; baseline 0.001 -19"><span class='ocrx_word' id='word_1_295' title='bbox 519 2740 858 2803; x_wconf 87' lang='lat' dir='ltr'><strong>memoravit,</strong></span> <span class='ocrx_word' id='word_1_296' title='bbox 885 2740 1082 2797; x_wconf 89' lang='lat' dir='ltr'><strong>deinde</strong></span> <span class='ocrx_word' id='word_1_297' title='bbox 1108 2740 1353 2812; x_wconf 64' lang='lat' dir='ltr'><strong>praecipit</strong></span> <span class='ocrx_word' id='word_1_298' title='bbox 1378 2749 1439 2796; x_wconf 92' lang='lat' dir='ltr'><strong>ut</strong></span> <span class='ocrx_word' id='word_1_299' title='bbox 1468 2740 1695 2796; x_wconf 85' lang='lat' dir='ltr'><strong>all‘erant</strong></span> <span class='ocrx_word' id='word_1_300' title='bbox 1712 2740 1942 2796; x_wconf 89' lang='lat' dir='ltr'><strong>Domino</strong></span> <span class='ocrx_word' id='word_1_301' title='bbox 1962 2743 2071 2813; x_wconf 62' lang='lat' dir='ltr'><strong>gloo</strong></span> 
     </span>
    </p>
   </div>
   <div class='ocr_carea' id='block_1_45' title="bbox 519 2831 2077 2897">
    <p class='ocr_par' dir='ltr' id='par_1_45' title="bbox 519 2831 2077 2897">
     <span class='ocr_line' id='line_1_45' title="bbox 519 2831 2077 2897; baseline 0.001 -11"><span class='ocrx_word' id='word_1_302' title='bbox 519 2834 653 2887; x_wconf 87' lang='lat' dir='ltr'><strong>riam</strong></span> <span class='ocrx_word' id='word_1_303' title='bbox 675 2839 729 2887; x_wconf 87' lang='lat' dir='ltr'><strong>et</strong></span> <span class='ocrx_word' id='word_1_304' title='bbox 759 2832 1044 2897; x_wconf 85' lang='lat' dir='ltr'><strong>honorem,</strong></span> <span class='ocrx_word' id='word_1_305' title='bbox 1092 2841 1147 2888; x_wconf 87' lang='lat' dir='ltr'><strong>et</strong></span> <span class='ocrx_word' id='word_1_306' title='bbox 1197 2839 1417 2887; x_wconf 74' lang='lat' dir='ltr'><strong>czetcra.</strong></span> <span class='ocrx_word' id='word_1_307' title='bbox 1473 2831 1599 2887; x_wconf 62' lang='lat' dir='ltr'><strong>Haec</strong></span> <span class='ocrx_word' id='word_1_308' title='bbox 1651 2840 1831 2887; x_wconf 88' lang='lat' dir='ltr'><strong>autem</strong></span> <span class='ocrx_word' id='word_1_309' title='bbox 1885 2832 2077 2888; x_wconf 80' lang='lat' dir='ltr'><strong>all‘erre</strong></span> 
     </span>
    </p>
   </div>
   <div class='ocr_carea' id='block_1_46' title="bbox 520 2922 2080 2995">
    <p class='ocr_par' dir='ltr' id='par_1_46' title="bbox 520 2922 2080 2995">
     <span class='ocr_line' id='line_1_46' title="bbox 520 2922 2080 2995; baseline 0.004 -18"><span class='ocrx_word' id='word_1_310' title='bbox 520 2923 687 2992; x_wconf 85' lang='lat' dir='ltr'><strong>iubet,</strong></span> <span class='ocrx_word' id='word_1_311' title='bbox 720 2940 829 2979; x_wconf 91' lang='lat' dir='ltr'><strong>non</strong></span> <span class='ocrx_word' id='word_1_312' title='bbox 854 2922 1094 2990; x_wconf 57' lang='lat' dir='ltr'><strong>Iudaeos,</strong></span> <span class='ocrx_word' id='word_1_313' title='bbox 1123 2922 1217 2979; x_wconf 88' lang='lat' dir='ltr'><strong>sed</strong></span> <span class='ocrx_word' id='word_1_314' title='bbox 1274 2922 1506 2980; x_wconf 77' lang='lat' dir='ltr'><strong>familias</strong></span> <span class='ocrx_word' id='word_1_315' title='bbox 1547 2925 1811 2995; x_wconf 82' lang='lat' dir='ltr'><strong>gentium,</strong></span> <span class='ocrx_word' id='word_1_316' title='bbox 1857 2934 1952 2980; x_wconf 87' lang='lat' dir='ltr'><strong>aut</strong></span> <span class='ocrx_word' id='word_1_317' title='bbox 1997 2942 2080 2983; x_wconf 81' lang='lat' dir='ltr'><strong>se-</strong></span> 
     </span>
    </p>
   </div>
   <div class='ocr_carea' id='block_1_47' title="bbox 521 3014 2076 3084">
    <p class='ocr_par' dir='ltr' id='par_1_47' title="bbox 521 3014 2076 3084">
     <span class='ocr_line' id='line_1_47' title="bbox 521 3014 2076 3084; baseline 0.003 -15"><span class='ocrx_word' id='word_1_318' title='bbox 521 3014 753 3070; x_wconf 82' lang='lat' dir='ltr'><strong>cundum</strong></span> <span class='ocrx_word' id='word_1_319' title='bbox 784 3014 1024 3084; x_wconf 82' lang='lat' dir='ltr'><strong>reliquos</strong></span> <span class='ocrx_word' id='word_1_320' title='bbox 1050 3015 1393 3083; x_wconf 88' lang='lat' dir='ltr'><strong>interpretes,</strong></span> <span class='ocrx_word' id='word_1_321' title='bbox 1443 3030 1508 3069; x_wconf 88' lang='lat' dir='ltr'><strong>ac</strong></span> <span class='ocrx_word' id='word_1_322' title='bbox 1538 3014 1857 3072; x_wconf 83' lang='lat' dir='ltr'><strong>Hebraicam</strong></span> <span class='ocrx_word' id='word_1_323' title='bbox 1880 3018 2076 3073; x_wconf 76' lang='lat' dir='ltr'><strong>verita~</strong></span> 
     </span>
    </p>
   </div>
   <div class='ocr_carea' id='block_1_48' title="bbox 522 3106 2077 3181">
    <p class='ocr_par' dir='ltr' id='par_1_48' title="bbox 522 3106 2077 3181">
     <span class='ocr_line' id='line_1_48' title="bbox 522 3106 2077 3181; baseline 0.005 -21"><span class='ocrx_word' id='word_1_324' title='bbox 522 3108 999 3178; x_wconf 74' lang='lat' dir='ltr'><strong><em>tem,cognationes</em></strong></span> <span class='ocrx_word' id='word_1_325' title='bbox 1026 3106 1355 3176; x_wconf 86' lang='lat' dir='ltr'><strong><em>populorum.</em></strong></span> <span class='ocrx_word' id='word_1_326' title='bbox 1397 3106 1521 3163; x_wconf 54' lang='lat' dir='ltr'><strong>Haec</strong></span> <span class='ocrx_word' id='word_1_327' title='bbox 1553 3108 1736 3180; x_wconf 85' lang='lat' dir='ltr'><strong>itaque</strong></span> <span class='ocrx_word' id='word_1_328' title='bbox 1787 3110 1844 3165; x_wconf 92' lang='lat' dir='ltr'><strong>in</strong></span> <span class='ocrx_word' id='word_1_329' title='bbox 1887 3112 2077 3181; x_wconf 89' lang='lat' dir='ltr'><strong>quinto</strong></span> 
     </span>
    </p>
   </div>
   <div class='ocr_carea' id='block_1_49' title="bbox 522 3201 2079 3276">
    <p class='ocr_par' dir='ltr' id='par_1_49' title="bbox 522 3201 2079 3276">
     <span class='ocr_line' id='line_1_49' title="bbox 522 3201 2079 3276; baseline 0.004 -21"><span class='ocrx_word' id='word_1_330' title='bbox 522 3207 572 3255; x_wconf 76' lang='lat' dir='ltr'><strong>et</strong></span> <span class='ocrx_word' id='word_1_331' title='bbox 610 3201 961 3271; x_wconf 82' lang='lat' dir='ltr'><strong>nonagesimo</strong></span> <span class='ocrx_word' id='word_1_332' title='bbox 1017 3201 1227 3271; x_wconf 84' lang='lat' dir='ltr'><strong>psalmo</strong></span> <span class='ocrx_word' id='word_1_333' title='bbox 1256 3202 1323 3257; x_wconf 87' lang='lat' dir='ltr'><strong>de</strong></span> <span class='ocrx_word' id='word_1_334' title='bbox 1346 3202 1596 3273; x_wconf 80' lang='lat' dir='ltr'><strong>gentibus</strong></span> <span class='ocrx_word' id='word_1_335' title='bbox 1633 3202 1897 3260; x_wconf 85' lang='lat' dir='ltr'><strong>divinitus</strong></span> <span class='ocrx_word' id='word_1_336' title='bbox 1941 3220 2079 3276; x_wconf 75' lang='lat' dir='ltr'><strong>pra:-</strong></span> 
     </span>
    </p>
   </div>
   <div class='ocr_carea' id='block_1_50' title="bbox 523 3286 2080 3360">
    <p class='ocr_par' dir='ltr' id='par_1_50' title="bbox 523 3286 2080 3360">
     <span class='ocr_line' id='line_1_50' title="bbox 523 3286 2080 3360; baseline 0.003 -18"><span class='ocrx_word' id='word_1_337' title='bbox 523 3288 767 3343; x_wconf 88' lang='lat' dir='ltr'><strong>nuntiata</strong></span> <span class='ocrx_word' id='word_1_338' title='bbox 817 3296 964 3345; x_wconf 88' lang='lat' dir='ltr'><strong>sunt.</strong></span> <span class='ocrx_word' id='word_1_339' title='bbox 1000 3286 1061 3343; x_wconf 90' lang='lat' dir='ltr'><strong>In</strong></span> <span class='ocrx_word' id='word_1_340' title='bbox 1100 3290 1355 3359; x_wconf 72' lang='lat' dir='ltr'><strong>praesenti</strong></span> <span class='ocrx_word' id='word_1_341' title='bbox 1388 3304 1519 3345; x_wconf 83' lang='lat' dir='ltr'><strong>vero</strong></span> <span class='ocrx_word' id='word_1_342' title='bbox 1561 3304 1624 3344; x_wconf 90' lang='lat' dir='ltr'><strong>ea</strong></span> <span class='ocrx_word' id='word_1_343' title='bbox 1677 3289 1797 3359; x_wconf 90' lang='lat' dir='ltr'><strong>ipsa</strong></span> <span class='ocrx_word' id='word_1_344' title='bbox 1821 3290 2080 3360; x_wconf 88' lang='lat' dir='ltr'><strong>jubentur</strong></span> 
     </span>
    </p>
   </div>
   <div class='ocr_carea' id='block_1_51' title="bbox 522 3378 2080 3451">
    <p class='ocr_par' dir='ltr' id='par_1_51' title="bbox 522 3378 2080 3451">
     <span class='ocr_line' id='line_1_51' title="bbox 522 3378 2080 3451; baseline 0.002 -20"><span class='ocrx_word' id='word_1_345' title='bbox 522 3378 750 3434; x_wconf 87' lang='lat' dir='ltr'><strong>Domino</strong></span> <span class='ocrx_word' id='word_1_346' title='bbox 802 3378 996 3434; x_wconf 79' lang='lat' dir='ltr'><strong>all‘erre</strong></span> <span class='ocrx_word' id='word_1_347' title='bbox 1045 3378 1140 3433; x_wconf 86' lang='lat' dir='ltr'><strong>lilii</strong></span> <span class='ocrx_word' id='word_1_348' title='bbox 1180 3380 1433 3444; x_wconf 88' lang='lat' dir='ltr'><strong>arietum,</strong></span> <span class='ocrx_word' id='word_1_349' title='bbox 1499 3396 1639 3451; x_wconf 90' lang='lat' dir='ltr'><strong>quos</strong></span> <span class='ocrx_word' id='word_1_350' title='bbox 1696 3381 1907 3437; x_wconf 78' lang='lat' dir='ltr'><strong>aestimo</strong></span> <span class='ocrx_word' id='word_1_351' title='bbox 1945 3381 2080 3435; x_wconf 85' lang='lat' dir='ltr'><strong>nihil</strong></span> 
     </span>
    </p>
   </div>
   <div class='ocr_carea' id='block_1_52' title="bbox 521 3470 2080 3543">
    <p class='ocr_par' dir='ltr' id='par_1_52' title="bbox 521 3470 2080 3543">
     <span class='ocr_line' id='line_1_52' title="bbox 521 3470 2080 3543; baseline 0.001 -19"><span class='ocrx_word' id='word_1_352' title='bbox 521 3470 734 3526; x_wconf 83' lang='lat' dir='ltr'><strong>diﬂ&#39;e‘rre</strong></span> <span class='ocrx_word' id='word_1_353' title='bbox 766 3487 798 3524; x_wconf 85' lang='lat' dir='ltr'><strong>a</strong></span> <span class='ocrx_word' id='word_1_354' title='bbox 830 3470 1051 3525; x_wconf 81' lang='lat' dir='ltr'><strong>familiis</strong></span> <span class='ocrx_word' id='word_1_355' title='bbox 1072 3472 1333 3543; x_wconf 88' lang='lat' dir='ltr'><strong>gentium,</strong></span> <span class='ocrx_word' id='word_1_356' title='bbox 1358 3478 1453 3526; x_wconf 90' lang='lat' dir='ltr'><strong>aut</strong></span> <span class='ocrx_word' id='word_1_357' title='bbox 1473 3472 1887 3542; x_wconf 76' lang='lat' dir='ltr'><strong>cognationibus</strong></span> <span class='ocrx_word' id='word_1_358' title='bbox 1910 3486 2080 3542; x_wconf 91' lang='lat' dir='ltr'><strong>popu-</strong></span> 
     </span>
    </p>
   </div>
   <div class='ocr_carea' id='block_1_53' title="bbox 521 3562 2081 3635">
    <p class='ocr_par' dir='ltr' id='par_1_53' title="bbox 521 3562 2081 3635">
     <span class='ocr_line' id='line_1_53' title="bbox 521 3562 2081 3635; baseline 0.002 -20"><span class='ocrx_word' id='word_1_359' title='bbox 521 3570 717 3619; x_wconf 85' lang='lat' dir='ltr'><strong>lorum.</strong></span> <span class='ocrx_word' id='word_1_360' title='bbox 741 3562 928 3635; x_wconf 78' lang='lat' dir='ltr'><strong>Neque</strong></span> <span class='ocrx_word' id='word_1_361' title='bbox 952 3564 1097 3618; x_wconf 89' lang='lat' dir='ltr'><strong>enim</strong></span> <span class='ocrx_word' id='word_1_362' title='bbox 1131 3564 1235 3634; x_wconf 88' lang='lat' dir='ltr'><strong>ipsi</strong></span> <span class='ocrx_word' id='word_1_363' title='bbox 1266 3564 1464 3619; x_wconf 89' lang='lat' dir='ltr'><strong>arietes</strong></span> <span class='ocrx_word' id='word_1_364' title='bbox 1491 3564 1607 3619; x_wconf 69' lang='lat' dir='ltr'><strong>haec</strong></span> <span class='ocrx_word' id='word_1_365' title='bbox 1623 3562 1850 3620; x_wconf 90' lang='lat' dir='ltr'><strong>Domino</strong></span> <span class='ocrx_word' id='word_1_366' title='bbox 1887 3562 2081 3618; x_wconf 74' lang='lat' dir='ltr'><strong>aliene</strong></span> 
     </span>
    </p>
   </div>
   <div class='ocr_carea' id='block_1_54' title="bbox 516 3648 2080 3719">
    <p class='ocr_par' dir='ltr' id='par_1_54' title="bbox 516 3648 2080 3719">
     <span class='ocr_line' id='line_1_54' title="bbox 516 3648 2080 3719; baseline -0.001 -10"><span class='ocrx_word' id='word_1_367' title='bbox 516 3648 796 3719; x_wconf 69' lang='lat' dir='ltr'><strong>iubentur,</strong></span> <span class='ocrx_word' id='word_1_368' title='bbox 820 3655 915 3711; x_wconf 88' lang='lat' dir='ltr'><strong>sed</strong></span> <span class='ocrx_word' id='word_1_369' title='bbox 943 3655 1037 3709; x_wconf 80' lang='lat' dir='ltr'><strong>lilii</strong></span> <span class='ocrx_word' id='word_1_370' title='bbox 1080 3655 1333 3710; x_wconf 87' lang='lat' dir='ltr'><strong>arietum.</strong></span> <span class='ocrx_word' id='word_1_371' title='bbox 1364 3654 1421 3709; x_wconf 89' lang='lat' dir='ltr'><strong>Id</strong></span> <span class='ocrx_word' id='word_1_372' title='bbox 1449 3671 1577 3710; x_wconf 92' lang='lat' dir='ltr'><strong>vero</strong></span> <span class='ocrx_word' id='word_1_373' title='bbox 1612 3654 1739 3709; x_wconf 89' lang='lat' dir='ltr'><strong>dico</strong></span> <span class='ocrx_word' id='word_1_374' title='bbox 1780 3654 2080 3710; x_wconf 87' lang='lat' dir='ltr'><strong>secundum</strong></span> 
     </span>
    </p>
   </div>
   <div class='ocr_carea' id='block_1_55' title="bbox 523 3741 2082 3813">
    <p class='ocr_par' dir='ltr' id='par_1_55' title="bbox 523 3741 2082 3813">
     <span class='ocr_line' id='line_1_55' title="bbox 523 3741 2082 3813; baseline -0.001 -18"><span class='ocrx_word' id='word_1_375' title='bbox 523 3741 840 3797; x_wconf 80' lang='lat' dir='ltr'><strong>Hebraicam</strong></span> <span class='ocrx_word' id='word_1_376' title='bbox 871 3745 1217 3806; x_wconf 84' lang='lat' dir='ltr'><strong>sententiam,</strong></span> <span class='ocrx_word' id='word_1_377' title='bbox 1274 3744 1330 3797; x_wconf 91' lang='lat' dir='ltr'><strong>in</strong></span> <span class='ocrx_word' id='word_1_378' title='bbox 1363 3758 1471 3813; x_wconf 89' lang='lat' dir='ltr'><strong>qua</strong></span> <span class='ocrx_word' id='word_1_379' title='bbox 1521 3744 1832 3812; x_wconf 85' lang='lat' dir='ltr'><strong>neutiquam</strong></span> <span class='ocrx_word' id='word_1_380' title='bbox 1862 3741 2082 3797; x_wconf 80' lang='lat' dir='ltr'><strong>ell&#39;ertur</strong></span> 
     </span>
    </p>
   </div>
   <div class='ocr_carea' id='block_1_56' title="bbox 522 3832 2082 3903">
    <p class='ocr_par' dir='ltr' id='par_1_56' title="bbox 522 3832 2082 3903">
     <span class='ocr_line' id='line_1_56' title="bbox 522 3832 2082 3903; baseline 0.001 -16"><span class='ocrx_word' id='word_1_381' title='bbox 522 3834 653 3888; x_wconf 89' lang='lat' dir='ltr'><strong>illud</strong></span> <span class='ocrx_word' id='word_1_382' title='bbox 680 3849 694 3885; x_wconf 89' lang='lat'>:</span> <span class='ocrx_word' id='word_1_383' title='bbox 717 3832 913 3902; x_wconf 77' lang='lat' dir='ltr'><strong><em>A/ferte</em></strong></span> <span class='ocrx_word' id='word_1_384' title='bbox 955 3835 1200 3900; x_wconf 89' lang='lat' dir='ltr'><strong><em>Domino,</em></strong></span> <span class='ocrx_word' id='word_1_385' title='bbox 1232 3834 1333 3903; x_wconf 83' lang='lat' dir='ltr'><strong><em>ﬁlii</em></strong></span> <span class='ocrx_word' id='word_1_386' title='bbox 1366 3833 1482 3889; x_wconf 89' lang='lat' dir='ltr'><strong>Dei.</strong></span> <span class='ocrx_word' id='word_1_387' title='bbox 1540 3836 1719 3901; x_wconf 88' lang='lat' dir='ltr'><strong>Quare</strong></span> <span class='ocrx_word' id='word_1_388' title='bbox 1751 3835 1865 3888; x_wconf 57' lang='lat' dir='ltr'><strong>haec</strong></span> <span class='ocrx_word' id='word_1_389' title='bbox 1893 3835 1948 3889; x_wconf 88' lang='lat' dir='ltr'><strong>in</strong></span> <span class='ocrx_word' id='word_1_390' title='bbox 1984 3833 2082 3889; x_wconf 86' lang='lat' dir='ltr'><strong>Se-</strong></span> 
     </span>
    </p>
   </div>
   <div class='ocr_carea' id='block_1_57' title="bbox 523 3923 2081 3997">
    <p class='ocr_par' dir='ltr' id='par_1_57' title="bbox 523 3923 2081 3997">
     <span class='ocr_line' id='line_1_57' title="bbox 523 3923 2081 3997; baseline 0.003 -21"><span class='ocrx_word' id='word_1_391' title='bbox 523 3923 809 3993; x_wconf 87' lang='lat' dir='ltr'><strong>ptuaginta</strong></span> <span class='ocrx_word' id='word_1_392' title='bbox 840 3924 1231 3994; x_wconf 88' lang='lat' dir='ltr'><strong>interpretibus</strong></span> <span class='ocrx_word' id='word_1_393' title='bbox 1257 3925 1417 3981; x_wconf 90' lang='lat' dir='ltr'><strong>obelo</strong></span> <span class='ocrx_word' id='word_1_394' title='bbox 1432 3933 1710 3989; x_wconf 91' lang='lat' dir='ltr'><strong>notantur,</strong></span> <span class='ocrx_word' id='word_1_395' title='bbox 1731 3925 1876 3997; x_wconf 89' lang='lat' dir='ltr'><strong>quod</strong></span> <span class='ocrx_word' id='word_1_396' title='bbox 1909 3941 2081 3995; x_wconf 87' lang='lat' dir='ltr'><strong>neque</strong></span> 
     </span>
    </p>
   </div>
   <div class='ocr_carea' id='block_1_58' title="bbox 523 4016 2082 4088">
    <p class='ocr_par' dir='ltr' id='par_1_58' title="bbox 523 4016 2082 4088">
     <span class='ocr_line' id='line_1_58' title="bbox 523 4016 2082 4088; baseline 0.001 -18"><span class='ocrx_word' id='word_1_397' title='bbox 523 4017 580 4070; x_wconf 91' lang='lat' dir='ltr'><strong>in</strong></span> <span class='ocrx_word' id='word_1_398' title='bbox 615 4016 881 4072; x_wconf 75' lang='lat' dir='ltr'><strong>Ileliraico</strong></span> <span class='ocrx_word' id='word_1_399' title='bbox 925 4018 1241 4088; x_wconf 82' lang='lat' dir='ltr'><strong>exemplari,</strong></span> <span class='ocrx_word' id='word_1_400' title='bbox 1302 4033 1403 4073; x_wconf 88' lang='lat' dir='ltr'><strong>nec</strong></span> <span class='ocrx_word' id='word_1_401' title='bbox 1452 4017 1595 4087; x_wconf 89' lang='lat' dir='ltr'><strong>apud</strong></span> <span class='ocrx_word' id='word_1_402' title='bbox 1632 4017 1869 4087; x_wconf 88' lang='lat' dir='ltr'><strong>reliquos</strong></span> <span class='ocrx_word' id='word_1_403' title='bbox 1912 4018 2082 4072; x_wconf 89' lang='lat' dir='ltr'><strong>inter-</strong></span> 
     </span>
    </p>
   </div>
   <div class='ocr_carea' id='block_1_59' title="bbox 524 4107 2081 4179">
    <p class='ocr_par' dir='ltr' id='par_1_59' title="bbox 524 4107 2081 4179">
     <span class='ocr_line' id='line_1_59' title="bbox 524 4107 2081 4179; baseline 0.001 -18"><span class='ocrx_word' id='word_1_404' title='bbox 524 4114 706 4177; x_wconf 87' lang='lat' dir='ltr'><strong>pretes</strong></span> <span class='ocrx_word' id='word_1_405' title='bbox 758 4117 1130 4179; x_wconf 88' lang='lat' dir='ltr'><strong>compareant.</strong></span> <span class='ocrx_word' id='word_1_406' title='bbox 1179 4108 1336 4174; x_wconf 85' lang='lat' dir='ltr'><strong>Quod</strong></span> <span class='ocrx_word' id='word_1_407' title='bbox 1366 4109 1413 4163; x_wconf 91' lang='lat' dir='ltr'><strong>si</strong></span> <span class='ocrx_word' id='word_1_408' title='bbox 1461 4108 1682 4164; x_wconf 84' lang='lat' dir='ltr'><strong>omnino</strong></span> <span class='ocrx_word' id='word_1_409' title='bbox 1732 4107 2081 4179; x_wconf 87' lang='lat' dir='ltr'><strong>Septuaginta</strong></span> 
     </span>
    </p>
   </div>
   <div class='ocr_carea' id='block_1_60' title="bbox 523 4198 2081 4271">
    <p class='ocr_par' dir='ltr' id='par_1_60' title="bbox 523 4198 2081 4271">
     <span class='ocr_line' id='line_1_60' title="bbox 523 4198 2081 4271; baseline 0.002 -19"><span class='ocrx_word' id='word_1_410' title='bbox 523 4199 885 4269; x_wconf 89' lang='lat' dir='ltr'><strong>interpretum</strong></span> <span class='ocrx_word' id='word_1_411' title='bbox 918 4200 1077 4256; x_wconf 86' lang='lat' dir='ltr'><strong>lectio</strong></span> <span class='ocrx_word' id='word_1_412' title='bbox 1100 4199 1393 4270; x_wconf 87' lang='lat' dir='ltr'><strong>spectanda</strong></span> <span class='ocrx_word' id='word_1_413' title='bbox 1423 4200 1516 4264; x_wconf 89' lang='lat' dir='ltr'><strong>sit,</strong></span> <span class='ocrx_word' id='word_1_414' title='bbox 1552 4200 1675 4255; x_wconf 92' lang='lat' dir='ltr'><strong>dico</strong></span> <span class='ocrx_word' id='word_1_415' title='bbox 1718 4200 1934 4271; x_wconf 65' lang='lat' dir='ltr'><strong>praecipi</strong></span> <span class='ocrx_word' id='word_1_416' title='bbox 1957 4198 2081 4255; x_wconf 85' lang='lat' dir='ltr'><strong>ﬁliis</strong></span> 
     </span>
    </p>
   </div>
   <div class='ocr_carea' id='block_1_61' title="bbox 526 4286 2080 4363">
    <p class='ocr_par' dir='ltr' id='par_1_61' title="bbox 526 4286 2080 4363">
     <span class='ocr_line' id='line_1_61' title="bbox 526 4286 2080 4363; baseline 0.003 -21"><span class='ocrx_word' id='word_1_417' title='bbox 526 4286 670 4363; x_wconf 83' lang='lat' dir='ltr'><strong>[Dei]</strong></span> <span class='ocrx_word' id='word_1_418' title='bbox 724 4297 783 4344; x_wconf 92' lang='lat' dir='ltr'><strong>ut</strong></span> <span class='ocrx_word' id='word_1_419' title='bbox 815 4289 1044 4346; x_wconf 80' lang='lat' dir='ltr'><strong>aﬂ&#39;erant</strong></span> <span class='ocrx_word' id='word_1_420' title='bbox 1098 4290 1351 4356; x_wconf 90' lang='lat' dir='ltr'><strong>Domino,</strong></span> <span class='ocrx_word' id='word_1_421' title='bbox 1403 4307 1513 4347; x_wconf 90' lang='lat' dir='ltr'><strong>non</strong></span> <span class='ocrx_word' id='word_1_422' title='bbox 1569 4291 1789 4355; x_wconf 84' lang='lat' dir='ltr'><strong>arietes,</strong></span> <span class='ocrx_word' id='word_1_423' title='bbox 1824 4291 1918 4347; x_wconf 90' lang='lat' dir='ltr'><strong>sed</strong></span> <span class='ocrx_word' id='word_1_424' title='bbox 1942 4290 2080 4346; x_wconf 82' lang='lat' dir='ltr'><strong>ﬁlios</strong></span> 
     </span>
    </p>
   </div>
   <div class='ocr_carea' id='block_1_62' title="bbox 2174 1822 3735 1897">
    <p class='ocr_par' dir='ltr' id='par_1_62' title="bbox 2174 1822 3735 1897">
     <span class='ocr_line' id='line_1_62' title="bbox 2174 1822 3735 1897; baseline 0.001 -18"><span class='ocrx_word' id='word_1_425' title='bbox 2174 1825 2341 1881; x_wconf 79' lang='grc' dir='ltr'><em>πᾶσα</em></span> <span class='ocrx_word' id='word_1_426' title='bbox 2374 1828 2412 1895; x_wconf 79' lang='grc' dir='ltr'><strong><em>ἡ</em></strong></span> <span class='ocrx_word' id='word_1_427' title='bbox 2445 1825 2540 1897; x_wconf 82' lang='grc' dir='ltr'><strong>γῆ.</strong></span> <span class='ocrx_word' id='word_1_428' title='bbox 2574 1828 2792 1896; x_wconf 78' lang='grc' dir='ltr'><em>’ᾼσατε</em></span> <span class='ocrx_word' id='word_1_429' title='bbox 2812 1826 2892 1892; x_wconf 81' lang='grc' dir='ltr'><em>τῷ</em></span> <span class='ocrx_word' id='word_1_430' title='bbox 2918 1822 3127 1895; x_wconf 85' lang='grc' dir='ltr'>Κυρίῳ,</span> <span class='ocrx_word' id='word_1_431' title='bbox 3160 1823 3530 1895; x_wconf 76' lang='grc' dir='ltr'><em>εὐλογήσατε</em></span> <span class='ocrx_word' id='word_1_432' title='bbox 3543 1826 3735 1895; x_wconf 77' lang='grc' dir='ltr'>ὄνομα</span> 
     </span>
    </p>
   </div>
   <div class='ocr_carea' id='block_1_63' title="bbox 2173 1915 3735 1987">
    <p class='ocr_par' dir='ltr' id='par_1_63' title="bbox 2173 1915 3735 1987">
     <span class='ocr_line' id='line_1_63' title="bbox 2173 1915 3735 1987; baseline 0 -17"><span class='ocrx_word' id='word_1_433' title='bbox 2173 1917 2377 1984; x_wconf 81' lang='grc' dir='ltr'><strong>αὐτοῦ,</strong></span> <span class='ocrx_word' id='word_1_434' title='bbox 2418 1918 2889 1987; x_wconf 79' lang='grc' dir='ltr'><em>εὐαγγελίσασθε</em></span> <span class='ocrx_word' id='word_1_435' title='bbox 2922 1919 3150 1987; x_wconf 77' lang='grc' dir='ltr'><strong>ἡμέραν</strong></span> <span class='ocrx_word' id='word_1_436' title='bbox 3181 1916 3250 1982; x_wconf 81' lang='grc' dir='ltr'>ἐξ</span> <span class='ocrx_word' id='word_1_437' title='bbox 3279 1915 3501 1986; x_wconf 72' lang='grc' dir='ltr'>ἡμέρας</span> <span class='ocrx_word' id='word_1_438' title='bbox 3524 1917 3589 1969; x_wconf 83' lang='grc' dir='ltr'><em>τὸ</em></span> <span class='ocrx_word' id='word_1_439' title='bbox 3615 1934 3735 1972; x_wconf 83' lang='grc' dir='ltr'><strong>σω-</strong></span> 
     </span>
    </p>
   </div>
   <div class='ocr_carea' id='block_1_64' title="bbox 2174 2007 3737 2080">
    <p class='ocr_par' dir='ltr' id='par_1_64' title="bbox 2174 2007 3737 2080">
     <span class='ocr_line' id='line_1_64' title="bbox 2174 2007 3737 2080; baseline -0.001 -19"><span class='ocrx_word' id='word_1_440' title='bbox 2174 2007 2377 2076; x_wconf 81' lang='grc' dir='ltr'>τήριον</span> <span class='ocrx_word' id='word_1_441' title='bbox 2428 2009 2632 2064; x_wconf 82' lang='grc' dir='ltr'><strong>αὐτοῦ.</strong></span> <span class='ocrx_word' id='word_1_442' title='bbox 2708 2010 3113 2080; x_wconf 74' lang='grc' dir='ltr'><em>Ἆναγγείλατε</em></span> <span class='ocrx_word' id='word_1_443' title='bbox 3141 2009 3210 2062; x_wconf 82' lang='grc' dir='ltr'>ἐν</span> <span class='ocrx_word' id='word_1_444' title='bbox 3239 2008 3365 2075; x_wconf 87' lang='grc' dir='ltr'>τοῖς</span> <span class='ocrx_word' id='word_1_445' title='bbox 3395 2010 3595 2063; x_wconf 77' lang='grc' dir='ltr'>ἔθνεσι</span> <span class='ocrx_word' id='word_1_446' title='bbox 3621 2007 3737 2075; x_wconf 70' lang='grc' dir='ltr'><em>τὴν</em></span> 
     </span>
    </p>
   </div>
   <div class='ocr_carea' id='block_1_65' title="bbox 2174 2093 3736 2166">
    <p class='ocr_par' dir='ltr' id='par_1_65' title="bbox 2174 2093 3736 2166">
     <span class='ocr_line' id='line_1_65' title="bbox 2174 2093 3736 2166; baseline 0.003 -19"><span class='ocrx_word' id='word_1_447' title='bbox 2174 2094 2360 2159; x_wconf 78' lang='grc' dir='ltr'><strong>δόξαν</strong></span> <span class='ocrx_word' id='word_1_448' title='bbox 2378 2096 2584 2161; x_wconf 86' lang='grc' dir='ltr'><strong>αὐτοῦ,</strong></span> <span class='ocrx_word' id='word_1_449' title='bbox 2611 2096 2681 2149; x_wconf 83' lang='grc' dir='ltr'>ἐν</span> <span class='ocrx_word' id='word_1_450' title='bbox 2700 2093 2849 2151; x_wconf 74' lang='grc' dir='ltr'>πᾶσι</span> <span class='ocrx_word' id='word_1_451' title='bbox 2878 2097 3001 2163; x_wconf 88' lang='grc' dir='ltr'>τοῖς</span> <span class='ocrx_word' id='word_1_452' title='bbox 3031 2096 3200 2163; x_wconf 78' lang='grc' dir='ltr'>λαοῖς</span> <span class='ocrx_word' id='word_1_453' title='bbox 3220 2096 3291 2151; x_wconf 86' lang='grc' dir='ltr'><strong>τὰ</strong></span> <span class='ocrx_word' id='word_1_454' title='bbox 3311 2096 3608 2166; x_wconf 81' lang='grc' dir='ltr'>θαυμάσια</span> <span class='ocrx_word' id='word_1_455' title='bbox 3630 2099 3736 2151; x_wconf 52' lang='grc' dir='ltr'><strong>αὑ.</strong></span> 
     </span>
    </p>
   </div>
   <div class='ocr_carea' id='block_1_66' title="bbox 2177 2187 3738 2260">
    <p class='ocr_par' dir='ltr' id='par_1_66' title="bbox 2177 2187 3738 2260">
     <span class='ocr_line' id='line_1_66' title="bbox 2177 2187 3738 2260; baseline 0.003 -19"><span class='ocrx_word' id='word_1_456' title='bbox 2177 2188 2307 2242; x_wconf 88' lang='grc' dir='ltr'><strong>τοῦ.</strong></span> <span class='ocrx_word' id='word_1_457' title='bbox 2342 2189 2471 2242; x_wconf 85' lang='grc' dir='ltr'><strong>Ὅτι</strong></span> <span class='ocrx_word' id='word_1_458' title='bbox 2496 2187 2681 2258; x_wconf 81' lang='grc' dir='ltr'>μέγας</span> <span class='ocrx_word' id='word_1_459' title='bbox 2699 2189 2911 2256; x_wconf 84' lang='grc' dir='ltr'>Κύριος</span> <span class='ocrx_word' id='word_1_460' title='bbox 2948 2190 3044 2243; x_wconf 78' lang='grc' dir='ltr'><strong>καὶ</strong></span> <span class='ocrx_word' id='word_1_461' title='bbox 3083 2189 3316 2255; x_wconf 80' lang='grc' dir='ltr'><em>αίνετός</em></span> <span class='ocrx_word' id='word_1_462' title='bbox 3346 2190 3601 2259; x_wconf 71' lang='grc' dir='ltr'><strong>σφόδρα,</strong></span> <span class='ocrx_word' id='word_1_463' title='bbox 3632 2209 3738 2260; x_wconf 67' lang='grc' dir='ltr'>φο-</span> 
     </span>
    </p>
   </div>
   <div class='ocr_carea' id='block_1_67' title="bbox 2175 2276 3740 2353">
    <p class='ocr_par' dir='ltr' id='par_1_67' title="bbox 2175 2276 3740 2353">
     <span class='ocr_line' id='line_1_67' title="bbox 2175 2276 3740 2353; baseline 0.001 -19"><span class='ocrx_word' id='word_1_464' title='bbox 2175 2281 2341 2348; x_wconf 81' lang='grc' dir='ltr'>ϐερός</span> <span class='ocrx_word' id='word_1_465' title='bbox 2359 2280 2528 2334; x_wconf 85' lang='grc' dir='ltr'>ἐστιν</span> <span class='ocrx_word' id='word_1_466' title='bbox 2550 2281 2647 2334; x_wconf 75' lang='grc' dir='ltr'>ἐπὶ</span> <span class='ocrx_word' id='word_1_467' title='bbox 2676 2279 2903 2347; x_wconf 81' lang='grc' dir='ltr'><em>πάντας</em></span> <span class='ocrx_word' id='word_1_468' title='bbox 2940 2281 3081 2347; x_wconf 83' lang='grc' dir='ltr'>τοὺς</span> <span class='ocrx_word' id='word_1_469' title='bbox 3112 2282 3282 2347; x_wconf 84' lang='grc' dir='ltr'>θεούς</span> <span class='ocrx_word' id='word_1_470' title='bbox 3302 2299 3315 2312; x_wconf 90' lang='grc'><strong>·</strong></span> <span class='ocrx_word' id='word_1_471' title='bbox 3346 2276 3427 2345; x_wconf 78' lang='grc' dir='ltr'>οἷς</span> <span class='ocrx_word' id='word_1_472' title='bbox 3454 2282 3580 2353; x_wconf 77' lang='grc' dir='ltr'>ἑξῆς</span> <span class='ocrx_word' id='word_1_473' title='bbox 3612 2284 3740 2336; x_wconf 81' lang='grc' dir='ltr'>ἐπι-</span> 
     </span>
    </p>
   </div>
   <div class='ocr_carea' id='block_1_68' title="bbox 2173 2371 3739 2443">
    <p class='ocr_par' dir='ltr' id='par_1_68' title="bbox 2173 2371 3739 2443">
     <span class='ocr_line' id='line_1_68' title="bbox 2173 2371 3739 2443; baseline 0.004 -20"><span class='ocrx_word' id='word_1_474' title='bbox 2173 2371 2387 2439; x_wconf 78' lang='grc' dir='ltr'>λέγεται</span> <span class='ocrx_word' id='word_1_475' title='bbox 2412 2387 2425 2401; x_wconf 75' lang='grc'><strong><em>⁸</em></strong></span> <span class='ocrx_word' id='word_1_476' title='bbox 2470 2371 2771 2441; x_wconf 78' lang='grc' dir='ltr'><em>Ἐνέγκατε</em></span> <span class='ocrx_word' id='word_1_477' title='bbox 2799 2371 2878 2437; x_wconf 86' lang='grc' dir='ltr'><em>τῷ</em></span> <span class='ocrx_word' id='word_1_478' title='bbox 2916 2374 3109 2441; x_wconf 83' lang='grc' dir='ltr'>Κυρίῳ</span> <span class='ocrx_word' id='word_1_479' title='bbox 3133 2372 3321 2438; x_wconf 79' lang='grc' dir='ltr'><strong>δόξαν</strong></span> <span class='ocrx_word' id='word_1_480' title='bbox 3355 2373 3599 2443; x_wconf 82' lang='grc' dir='ltr'><strong>ὀνόματι</strong></span> <span class='ocrx_word' id='word_1_481' title='bbox 3623 2375 3739 2428; x_wconf 82' lang='grc' dir='ltr'><strong>αὐ-</strong></span> 
     </span>
    </p>
   </div>
   <div class='ocr_carea' id='block_1_69' title="bbox 2174 2458 3739 2533">
    <p class='ocr_par' dir='ltr' id='par_1_69' title="bbox 2174 2458 3739 2533">
     <span class='ocr_line' id='line_1_69' title="bbox 2174 2458 3739 2533; baseline 0.003 -18"><span class='ocrx_word' id='word_1_482' title='bbox 2174 2460 2301 2517; x_wconf 84' lang='grc' dir='ltr'><strong>τοῦ.</strong></span> <span class='ocrx_word' id='word_1_483' title='bbox 2325 2464 2526 2531; x_wconf 75' lang='grc' dir='ltr'><em>Ἄρατε</em></span> <span class='ocrx_word' id='word_1_484' title='bbox 2553 2463 2768 2530; x_wconf 88' lang='grc' dir='ltr'>θυσίας</span> <span class='ocrx_word' id='word_1_485' title='bbox 2797 2458 2909 2517; x_wconf 76' lang='grc' dir='ltr'><em>καϊ</em></span> <span class='ocrx_word' id='word_1_486' title='bbox 2945 2465 3366 2533; x_wconf 80' lang='grc' dir='ltr'><strong>είσπορεύεσθε</strong></span> <span class='ocrx_word' id='word_1_487' title='bbox 3388 2468 3475 2531; x_wconf 81' lang='grc' dir='ltr'><strong>εις</strong></span> <span class='ocrx_word' id='word_1_488' title='bbox 3497 2465 3603 2533; x_wconf 83' lang='grc' dir='ltr'><em>τὰς</em></span> <span class='ocrx_word' id='word_1_489' title='bbox 3625 2468 3739 2520; x_wconf 78' lang='grc' dir='ltr'><strong>αὐ-</strong></span> 
     </span>
    </p>
   </div>
   <div class='ocr_carea' id='block_1_70' title="bbox 2174 2554 3740 2627">
    <p class='ocr_par' dir='ltr' id='par_1_70' title="bbox 2174 2554 3740 2627">
     <span class='ocr_line' id='line_1_70' title="bbox 2174 2554 3740 2627; baseline 0.005 -22"><span class='ocrx_word' id='word_1_490' title='bbox 2174 2554 2288 2619; x_wconf 75' lang='grc' dir='ltr'>λὰς</span> <span class='ocrx_word' id='word_1_491' title='bbox 2343 2554 2551 2611; x_wconf 87' lang='grc' dir='ltr'><strong>αὑτοῦ.</strong></span> <span class='ocrx_word' id='word_1_492' title='bbox 2608 2555 3076 2622; x_wconf 81' lang='grc' dir='ltr'><strong>Προσκυνήσατε</strong></span> <span class='ocrx_word' id='word_1_493' title='bbox 3124 2555 3205 2622; x_wconf 81' lang='grc' dir='ltr'><em>τῷ</em></span> <span class='ocrx_word' id='word_1_494' title='bbox 3239 2556 3431 2625; x_wconf 82' lang='grc' dir='ltr'>Κυρίῳ</span> <span class='ocrx_word' id='word_1_495' title='bbox 3465 2557 3535 2611; x_wconf 83' lang='grc' dir='ltr'><strong>ἐν</strong></span> <span class='ocrx_word' id='word_1_496' title='bbox 3572 2556 3740 2627; x_wconf 70' lang='grc' dir='ltr'><strong>αὐλῇ</strong></span> 
     </span>
    </p>
   </div>
   <div class='ocr_carea' id='block_1_71' title="bbox 2174 2641 3741 2720">
    <p class='ocr_par' dir='ltr' id='par_1_71' title="bbox 2174 2641 3741 2720">
     <span class='ocr_line' id='line_1_71' title="bbox 2174 2641 3741 2720; baseline 0.003 -21"><span class='ocrx_word' id='word_1_497' title='bbox 2174 2646 2315 2715; x_wconf 77' lang='grc' dir='ltr'>ἁγίᾳ</span> <span class='ocrx_word' id='word_1_498' title='bbox 2342 2646 2550 2701; x_wconf 85' lang='grc' dir='ltr'><strong>αὐτοῦ.</strong></span> <span class='ocrx_word' id='word_1_499' title='bbox 2595 2646 2682 2700; x_wconf 87' lang='grc' dir='ltr'>Ἐν</span> <span class='ocrx_word' id='word_1_500' title='bbox 2706 2641 2788 2709; x_wconf 73' lang='grc' dir='ltr'>οἷς</span> <span class='ocrx_word' id='word_1_501' title='bbox 2811 2646 2839 2698; x_wconf 87' lang='grc' dir='ltr'><strong>ὁ</strong></span> <span class='ocrx_word' id='word_1_502' title='bbox 2861 2646 3037 2715; x_wconf 86' lang='grc' dir='ltr'>λόγος,</span> <span class='ocrx_word' id='word_1_503' title='bbox 3063 2647 3162 2719; x_wconf 83' lang='grc' dir='ltr'>τὴν</span> <span class='ocrx_word' id='word_1_504' title='bbox 3198 2647 3553 2718; x_wconf 81' lang='grc' dir='ltr'>εὐαγγελικὴν</span> <span class='ocrx_word' id='word_1_505' title='bbox 3574 2649 3741 2720; x_wconf 81' lang='grc' dir='ltr'><strong>χάριν</strong></span> 
     </span>
    </p>
   </div>
   <div class='ocr_carea' id='block_1_72' title="bbox 2175 2734 3742 2810">
    <p class='ocr_par' dir='ltr' id='par_1_72' title="bbox 2175 2734 3742 2810">
     <span class='ocr_line' id='line_1_72' title="bbox 2175 2734 3742 2810; baseline 0.002 -22"><span class='ocrx_word' id='word_1_506' title='bbox 2175 2734 2272 2807; x_wconf 83' lang='grc' dir='ltr'>τὴν</span> <span class='ocrx_word' id='word_1_507' title='bbox 2301 2737 2379 2799; x_wconf 80' lang='grc' dir='ltr'>εἰς</span> <span class='ocrx_word' id='word_1_508' title='bbox 2406 2736 2582 2790; x_wconf 88' lang='grc' dir='ltr'>πάντα</span> <span class='ocrx_word' id='word_1_509' title='bbox 2606 2734 2859 2806; x_wconf 79' lang='grc' dir='ltr'><strong>χυθεῖσαν</strong></span> <span class='ocrx_word' id='word_1_510' title='bbox 2880 2735 2948 2789; x_wconf 83' lang='grc' dir='ltr'><strong>τὰ</strong></span> <span class='ocrx_word' id='word_1_511' title='bbox 2974 2736 3093 2790; x_wconf 78' lang='grc' dir='ltr'>καθ’</span> <span class='ocrx_word' id='word_1_512' title='bbox 3114 2737 3241 2809; x_wconf 85' lang='grc' dir='ltr'>ὅλης</span> <span class='ocrx_word' id='word_1_513' title='bbox 3282 2738 3383 2808; x_wconf 89' lang='grc' dir='ltr'><strong>τῆς</strong></span> <span class='ocrx_word' id='word_1_514' title='bbox 3417 2737 3742 2810; x_wconf 69' lang='grc' dir='ltr'>οἰκουμένης</span> 
     </span>
    </p>
   </div>
   <div class='ocr_carea' id='block_1_73' title="bbox 2177 2825 3739 2900">
    <p class='ocr_par' dir='ltr' id='par_1_73' title="bbox 2177 2825 3739 2900">
     <span class='ocr_line' id='line_1_73' title="bbox 2177 2825 3739 2900; baseline 0.002 -21"><span class='ocrx_word' id='word_1_515' title='bbox 2177 2825 2303 2897; x_wconf 66' lang='grc' dir='ltr'>ἔθνη</span> <span class='ocrx_word' id='word_1_516' title='bbox 2348 2827 2960 2899; x_wconf 86' lang='grc' dir='ltr'>προευαγγελισάμενος,</span> <span class='ocrx_word' id='word_1_517' title='bbox 3008 2829 3101 2883; x_wconf 77' lang='grc' dir='ltr'>καὶ</span> <span class='ocrx_word' id='word_1_518' title='bbox 3127 2828 3221 2881; x_wconf 81' lang='grc' dir='ltr'>τοῦ</span> <span class='ocrx_word' id='word_1_519' title='bbox 3256 2828 3439 2882; x_wconf 88' lang='grc' dir='ltr'>καινοῦ</span> <span class='ocrx_word' id='word_1_520' title='bbox 3468 2829 3739 2900; x_wconf 72' lang='grc' dir='ltr'>ᾄσματος,</span> 
     </span>
    </p>
   </div>
   <div class='ocr_carea' id='block_1_74' title="bbox 2173 2916 3742 2991">
    <p class='ocr_par' dir='ltr' id='par_1_74' title="bbox 2173 2916 3742 2991">
     <span class='ocr_line' id='line_1_74' title="bbox 2173 2916 3742 2991; baseline 0.004 -23"><span class='ocrx_word' id='word_1_521' title='bbox 2173 2916 2371 2989; x_wconf 75' lang='grc' dir='ltr'>δηλαδὴ</span> <span class='ocrx_word' id='word_1_522' title='bbox 2412 2918 2510 2988; x_wconf 84' lang='grc' dir='ltr'><strong>τῆς</strong></span> <span class='ocrx_word' id='word_1_523' title='bbox 2584 2917 2773 2987; x_wconf 83' lang='grc' dir='ltr'>καινῆς</span> <span class='ocrx_word' id='word_1_524' title='bbox 2829 2917 3100 2990; x_wconf 84' lang='grc' dir='ltr'>Διαθήκης</span> <span class='ocrx_word' id='word_1_525' title='bbox 3153 2918 3555 2991; x_wconf 78' lang='grc' dir='ltr'>μνημονεύσας,</span> <span class='ocrx_word' id='word_1_526' title='bbox 3606 2918 3742 2991; x_wconf 68' lang='grc' dir='ltr'>ἐξῆς</span> 
     </span>
    </p>
   </div>
   <div class='ocr_carea' id='block_1_75' title="bbox 2177 2992 3739 3084">
    <p class='ocr_par' dir='ltr' id='par_1_75' title="bbox 2177 2992 3739 3084">
     <span class='ocr_line' id='line_1_75' title="bbox 2177 2992 3739 3084; baseline 0.003 -21"><span class='ocrx_word' id='word_1_527' title='bbox 2177 3009 2498 3081; x_wconf 83' lang='grc' dir='ltr'>προστάττει</span> <span class='ocrx_word' id='word_1_528' title='bbox 2531 3008 2773 3079; x_wconf 78' lang='grc' dir='ltr'>κομίζειν</span> <span class='ocrx_word' id='word_1_529' title='bbox 2808 3007 2885 3079; x_wconf 82' lang='grc' dir='ltr'>τῷ</span> <span class='ocrx_word' id='word_1_530' title='bbox 2924 3010 3110 3082; x_wconf 80' lang='grc' dir='ltr'>Κυρίῳ</span> <span class='ocrx_word' id='word_1_531' title='bbox 3136 2992 3293 3077; x_wconf 62' lang='grc' dir='ltr'>δοξαν</span> <span class='ocrx_word' id='word_1_532' title='bbox 3311 3012 3403 3065; x_wconf 78' lang='grc' dir='ltr'>καὶ</span> <span class='ocrx_word' id='word_1_533' title='bbox 3426 3011 3612 3084; x_wconf 78' lang='grc' dir='ltr'>τιμὴν,</span> <span class='ocrx_word' id='word_1_534' title='bbox 3638 3017 3739 3068; x_wconf 72' lang='grc' dir='ltr'>καὶ</span> 
     </span>
    </p>
   </div>
   <div class='ocr_carea' id='block_1_76' title="bbox 2178 3096 3737 3171">
    <p class='ocr_par' dir='ltr' id='par_1_76' title="bbox 2178 3096 3737 3171">
     <span class='ocr_line' id='line_1_76' title="bbox 2178 3096 3737 3171; baseline 0.003 -17"><span class='ocrx_word' id='word_1_535' title='bbox 2178 3099 2247 3155; x_wconf 79' lang='grc' dir='ltr'>τὰ</span> <span class='ocrx_word' id='word_1_536' title='bbox 2281 3097 2425 3171; x_wconf 80' lang='grc' dir='ltr'>ἐξῆς.</span> <span class='ocrx_word' id='word_1_537' title='bbox 2449 3098 2632 3153; x_wconf 81' lang='grc' dir='ltr'>Ταῦτά</span> <span class='ocrx_word' id='word_1_538' title='bbox 2650 3116 2708 3152; x_wconf 84' lang='grc' dir='ltr'><strong>τε</strong></span> <span class='ocrx_word' id='word_1_539' title='bbox 2737 3096 2979 3170; x_wconf 77' lang='grc' dir='ltr'>κομίζειν</span> <span class='ocrx_word' id='word_1_540' title='bbox 3015 3100 3441 3171; x_wconf 80' lang='grc' dir='ltr'>παρακελεύεται</span> <span class='ocrx_word' id='word_1_541' title='bbox 3463 3103 3575 3156; x_wconf 67' lang='grc' dir='ltr'>οὐκ</span> <span class='ocrx_word' id='word_1_542' title='bbox 3607 3104 3737 3158; x_wconf 54' lang='grc' dir='ltr'>Ἰουδ-</span> 
     </span>
    </p>
   </div>
   <div class='ocr_carea' id='block_1_77' title="bbox 2177 3191 3735 3266">
    <p class='ocr_par' dir='ltr' id='par_1_77' title="bbox 2177 3191 3735 3266">
     <span class='ocr_line' id='line_1_77' title="bbox 2177 3191 3735 3266; baseline 0.003 -20"><span class='ocrx_word' id='word_1_543' title='bbox 2177 3192 2365 3257; x_wconf 88' lang='grc' dir='ltr'>δαίοις,</span> <span class='ocrx_word' id='word_1_544' title='bbox 2390 3191 2525 3246; x_wconf 81' lang='grc' dir='ltr'>ἀλλὰ</span> <span class='ocrx_word' id='word_1_545' title='bbox 2570 3194 2692 3251; x_wconf 86' lang='grc' dir='ltr'>ταῖς</span> <span class='ocrx_word' id='word_1_546' title='bbox 2719 3193 2973 3263; x_wconf 83' lang='grc' dir='ltr'>πατριαῖς</span> <span class='ocrx_word' id='word_1_547' title='bbox 3000 3191 3105 3244; x_wconf 89' lang='grc' dir='ltr'><strong>τῶν</strong></span> <span class='ocrx_word' id='word_1_548' title='bbox 3148 3192 3316 3247; x_wconf 83' lang='grc' dir='ltr'>ἐθνῶν</span> <span class='ocrx_word' id='word_1_549' title='bbox 3339 3234 3353 3256; x_wconf 83' lang='grc'><em>,</em></span> <span class='ocrx_word' id='word_1_550' title='bbox 3381 3194 3416 3266; x_wconf 79' lang='grc' dir='ltr'><strong>ἢ</strong></span> <span class='ocrx_word' id='word_1_551' title='bbox 3440 3195 3582 3248; x_wconf 80' lang='grc' dir='ltr'>κατὰ</span> <span class='ocrx_word' id='word_1_552' title='bbox 3605 3198 3735 3258; x_wconf 77' lang='grc' dir='ltr'>τοὺς</span> 
     </span>
    </p>
   </div>
   <div class='ocr_carea' id='block_1_78' title="bbox 2179 3283 3839 3360">
    <p class='ocr_par' dir='ltr' id='par_1_78' title="bbox 2179 3283 3839 3360">
     <span class='ocr_line' id='line_1_78' title="bbox 2179 3283 3839 3360; baseline 0 -21"><span class='ocrx_word' id='word_1_553' title='bbox 2179 3286 2395 3349; x_wconf 79' lang='grc' dir='ltr'>λοιποὺς</span> <span class='ocrx_word' id='word_1_554' title='bbox 2430 3284 2786 3356; x_wconf 80' lang='grc' dir='ltr'>ἐρμηνευτὰς,</span> <span class='ocrx_word' id='word_1_555' title='bbox 2818 3284 2913 3336; x_wconf 74' lang='grc' dir='ltr'>καὶ</span> <span class='ocrx_word' id='word_1_556' title='bbox 2950 3283 3091 3338; x_wconf 82' lang='grc' dir='ltr'>κατὰ</span> <span class='ocrx_word' id='word_1_557' title='bbox 3126 3285 3224 3355; x_wconf 80' lang='grc' dir='ltr'>τὴν</span> <span class='ocrx_word' id='word_1_558' title='bbox 3265 3286 3554 3359; x_wconf 78' lang='grc' dir='ltr'>Ἐδραῖκῆν</span> <span class='ocrx_word' id='word_1_559' title='bbox 3575 3288 3735 3360; x_wconf 80' lang='grc' dir='ltr'>ἀκρί-</span> <span class='ocrx_word' id='word_1_560' title='bbox 3834 3293 3839 3297; x_wconf 78' lang='grc'><strong>’</strong></span> 
     </span>
    </p>
   </div>
   <div class='ocr_carea' id='block_1_79' title="bbox 2181 3374 3742 3451">
    <p class='ocr_par' dir='ltr' id='par_1_79' title="bbox 2181 3374 3742 3451">
     <span class='ocr_line' id='line_1_79' title="bbox 2181 3374 3742 3451; baseline 0.005 -23"><span class='ocrx_word' id='word_1_561' title='bbox 2181 3376 2352 3440; x_wconf 78' lang='grc' dir='ltr'>ϐειαν,</span> <span class='ocrx_word' id='word_1_562' title='bbox 2376 3374 2502 3442; x_wconf 82' lang='grc' dir='ltr'>ταῖς</span> <span class='ocrx_word' id='word_1_563' title='bbox 2524 3375 2897 3445; x_wconf 82' lang='grc' dir='ltr'><em>συγγενείαις</em></span> <span class='ocrx_word' id='word_1_564' title='bbox 2909 3376 3023 3431; x_wconf 86' lang='grc' dir='ltr'><em>τῶν</em></span> <span class='ocrx_word' id='word_1_565' title='bbox 3036 3376 3404 3433; x_wconf 57' lang='lat' dir='ltr'><strong>daein-Jahn</strong></span> <span class='ocrx_word' id='word_1_566' title='bbox 3429 3381 3528 3451; x_wconf 76' lang='grc' dir='ltr'>μὲν</span> <span class='ocrx_word' id='word_1_567' title='bbox 3537 3377 3628 3435; x_wconf 76' lang='grc' dir='ltr'>οὖν</span> <span class='ocrx_word' id='word_1_568' title='bbox 3641 3398 3742 3437; x_wconf 87' lang='grc' dir='ltr'>σα-</span> 
     </span>
    </p>
   </div>
   <div class='ocr_carea' id='block_1_80' title="bbox 2180 3458 3739 3544">
    <p class='ocr_par' dir='ltr' id='par_1_80' title="bbox 2180 3458 3739 3544">
     <span class='ocr_line' id='line_1_80' title="bbox 2180 3458 3739 3544; baseline 0.005 -25"><span class='ocrx_word' id='word_1_569' title='bbox 2180 3458 2295 3538; x_wconf 88' lang='grc' dir='ltr'><strong>φῶς</strong></span> <span class='ocrx_word' id='word_1_570' title='bbox 2319 3468 2375 3521; x_wconf 86' lang='grc' dir='ltr'><strong>ἐν</strong></span> <span class='ocrx_word' id='word_1_571' title='bbox 2404 3466 2480 3537; x_wconf 81' lang='grc' dir='ltr'><strong>τῷ</strong></span> <span class='ocrx_word' id='word_1_572' title='bbox 2511 3467 2744 3538; x_wconf 79' lang='grc' dir='ltr'>πέμπτῳ</span> <span class='ocrx_word' id='word_1_573' title='bbox 2776 3468 2870 3520; x_wconf 84' lang='grc' dir='ltr'>καὶ</span> <span class='ocrx_word' id='word_1_574' title='bbox 2895 3469 3227 3540; x_wconf 81' lang='grc' dir='ltr'>ἐνενηκοστῷ</span> <span class='ocrx_word' id='word_1_575' title='bbox 3254 3469 3452 3542; x_wconf 72' lang='grc' dir='ltr'>ψαλμῷ</span> <span class='ocrx_word' id='word_1_576' title='bbox 3477 3473 3605 3544; x_wconf 77' lang='grc' dir='ltr'>περὶ</span> <span class='ocrx_word' id='word_1_577' title='bbox 3627 3473 3739 3527; x_wconf 86' lang='grc' dir='ltr'><strong>τῶν</strong></span> 
     </span>
    </p>
   </div>
   <div class='ocr_carea' id='block_1_81' title="bbox 2188 3557 3755 3632">
    <p class='ocr_par' dir='ltr' id='par_1_81' title="bbox 2188 3557 3755 3632">
     <span class='ocr_line' id='line_1_81' title="bbox 2188 3557 3755 3632; baseline 0.005 -22"><span class='ocrx_word' id='word_1_578' title='bbox 2188 3557 2357 3612; x_wconf 90' lang='grc' dir='ltr'>ἐθνῶν</span> <span class='ocrx_word' id='word_1_579' title='bbox 2375 3557 2703 3622; x_wconf 70' lang='grc' dir='ltr'>ἐθεσπίζετοο</span> <span class='ocrx_word' id='word_1_580' title='bbox 2720 3559 2777 3611; x_wconf 90' lang='grc' dir='ltr'><strong>ἐν</strong></span> <span class='ocrx_word' id='word_1_581' title='bbox 2789 3558 2846 3611; x_wconf 83' lang='grc' dir='ltr'><strong>δὲ</strong></span> <span class='ocrx_word' id='word_1_582' title='bbox 2862 3558 2937 3630; x_wconf 83' lang='grc' dir='ltr'>τῷ</span> <span class='ocrx_word' id='word_1_583' title='bbox 2957 3560 3094 3630; x_wconf 77' lang='grc' dir='ltr'>μετὰ</span> <span class='ocrx_word' id='word_1_584' title='bbox 3108 3563 3292 3632; x_wconf 86' lang='grc' dir='ltr'>χεῖρας</span> <span class='ocrx_word' id='word_1_585' title='bbox 3313 3564 3341 3615; x_wconf 80' lang='grc' dir='ltr'>ὁ</span> <span class='ocrx_word' id='word_1_586' title='bbox 3355 3562 3506 3631; x_wconf 83' lang='grc' dir='ltr'>λόγος</span> <span class='ocrx_word' id='word_1_587' title='bbox 3518 3563 3587 3617; x_wconf 81' lang='grc' dir='ltr'>τὰ</span> <span class='ocrx_word' id='word_1_588' title='bbox 3601 3564 3755 3619; x_wconf 63' lang='grc' dir='ltr'><strong>αὑτά⁴</strong></span> 
     </span>
    </p>
   </div>
   <div class='ocr_carea' id='block_1_82' title="bbox 2179 3646 3742 3725">
    <p class='ocr_par' dir='ltr' id='par_1_82' title="bbox 2179 3646 3742 3725">
     <span class='ocr_line' id='line_1_82' title="bbox 2179 3646 3742 3725; baseline 0.006 -24"><span class='ocrx_word' id='word_1_589' title='bbox 2179 3648 2256 3720; x_wconf 82' lang='grc' dir='ltr'><strong>τῷ</strong></span> <span class='ocrx_word' id='word_1_590' title='bbox 2269 3648 2453 3721; x_wconf 82' lang='grc' dir='ltr'>Κυρίῳ</span> <span class='ocrx_word' id='word_1_591' title='bbox 2468 3656 2789 3721; x_wconf 80' lang='grc' dir='ltr'>προσφέρειν</span> <span class='ocrx_word' id='word_1_592' title='bbox 2807 3654 2918 3715; x_wconf 87' lang='grc' dir='ltr'>τοῖς</span> <span class='ocrx_word' id='word_1_593' title='bbox 2937 3652 3069 3716; x_wconf 84' lang='grc' dir='ltr'>υίοῖς</span> <span class='ocrx_word' id='word_1_594' title='bbox 3090 3652 3197 3706; x_wconf 89' lang='grc' dir='ltr'><strong>τῶν</strong></span> <span class='ocrx_word' id='word_1_595' title='bbox 3214 3646 3624 3725; x_wconf 74' lang='grc' dir='ltr'>κριῶνκελεῦει·</span> <span class='ocrx_word' id='word_1_596' title='bbox 3646 3654 3742 3721; x_wconf 70' lang='lat' dir='ltr'><strong>ui);</strong></span> 
     </span>
    </p>
   </div>
   <div class='ocr_carea' id='block_1_83' title="bbox 2180 3737 3743 3818">
    <p class='ocr_par' dir='ltr' id='par_1_83' title="bbox 2180 3737 3743 3818">
     <span class='ocr_line' id='line_1_83' title="bbox 2180 3737 3743 3818; baseline 0.004 -25"><span class='ocrx_word' id='word_1_597' title='bbox 2180 3737 2384 3809; x_wconf 78' lang='grc' dir='ltr'>νομίζω</span> <span class='ocrx_word' id='word_1_598' title='bbox 2423 3738 2586 3809; x_wconf 80' lang='grc' dir='ltr'>μηδὲν</span> <span class='ocrx_word' id='word_1_599' title='bbox 2620 3738 2894 3811; x_wconf 77' lang='grc' dir='ltr'>διαφέρειν</span> <span class='ocrx_word' id='word_1_600' title='bbox 2920 3741 3027 3795; x_wconf 88' lang='grc' dir='ltr'><strong>τῶν</strong></span> <span class='ocrx_word' id='word_1_601' title='bbox 3070 3741 3310 3813; x_wconf 80' lang='grc' dir='ltr'>πατριῶν</span> <span class='ocrx_word' id='word_1_602' title='bbox 3329 3742 3437 3797; x_wconf 85' lang='grc' dir='ltr'><strong>τῶν</strong></span> <span class='ocrx_word' id='word_1_603' title='bbox 3479 3744 3670 3810; x_wconf 80' lang='grc' dir='ltr'>ἐθνῶν,</span> <span class='ocrx_word' id='word_1_604' title='bbox 3705 3747 3743 3818; x_wconf 73' lang='grc' dir='ltr'>ἢ</span> 
     </span>
    </p>
   </div>
   <div class='ocr_carea' id='block_1_84' title="bbox 2179 3828 3745 3908">
    <p class='ocr_par' dir='ltr' id='par_1_84' title="bbox 2179 3828 3745 3908">
     <span class='ocr_line' id='line_1_84' title="bbox 2179 3828 3745 3908; baseline 0.005 -27"><span class='ocrx_word' id='word_1_605' title='bbox 2179 3829 2287 3882; x_wconf 89' lang='grc' dir='ltr'><strong>τῶν</strong></span> <span class='ocrx_word' id='word_1_606' title='bbox 2310 3828 2633 3897; x_wconf 86' lang='grc' dir='ltr'>συγγενειῶν</span> <span class='ocrx_word' id='word_1_607' title='bbox 2659 3828 2766 3882; x_wconf 89' lang='grc' dir='ltr'><strong>τῶν</strong></span> <span class='ocrx_word' id='word_1_608' title='bbox 2781 3829 2943 3883; x_wconf 87' lang='grc' dir='ltr'>λαῶν.</span> <span class='ocrx_word' id='word_1_609' title='bbox 2961 3832 3034 3885; x_wconf 81' lang='grc' dir='ltr'><strong>Οὐ</strong></span> <span class='ocrx_word' id='word_1_610' title='bbox 3055 3831 3323 3903; x_wconf 75' lang='grc' dir='ltr'>γὰραὺτοὶ</span> <span class='ocrx_word' id='word_1_611' title='bbox 3337 3834 3387 3887; x_wconf 77' lang='grc' dir='ltr'>οι</span> <span class='ocrx_word' id='word_1_612' title='bbox 3402 3836 3545 3905; x_wconf 79' lang='grc' dir='ltr'>κριοὶ</span> <span class='ocrx_word' id='word_1_613' title='bbox 3572 3853 3745 3908; x_wconf 89' lang='grc' dir='ltr'>προσ-</span> 
     </span>
    </p>
   </div>
   <div class='ocr_carea' id='block_1_85' title="bbox 2179 3920 3747 3995">
    <p class='ocr_par' dir='ltr' id='par_1_85' title="bbox 2179 3920 3747 3995">
     <span class='ocr_line' id='line_1_85' title="bbox 2179 3920 3747 3995; baseline 0.005 -22"><span class='ocrx_word' id='word_1_614' title='bbox 2179 3920 2457 3974; x_wconf 86' lang='grc' dir='ltr'>τάττονται</span> <span class='ocrx_word' id='word_1_615' title='bbox 2500 3921 2828 3993; x_wconf 84' lang='grc' dir='ltr'>προσφέρειν</span> <span class='ocrx_word' id='word_1_616' title='bbox 2862 3922 2931 3975; x_wconf 83' lang='grc' dir='ltr'>τὰ</span> <span class='ocrx_word' id='word_1_617' title='bbox 2962 3922 3379 3995; x_wconf 68' lang='grc' dir='ltr'>κεκελευσμένα,</span> <span class='ocrx_word' id='word_1_618' title='bbox 3405 3926 3519 3979; x_wconf 80' lang='grc' dir='ltr'>ἀλλ’</span> <span class='ocrx_word' id='word_1_619' title='bbox 3546 3929 3596 3980; x_wconf 78' lang='grc' dir='ltr'>οἱ</span> <span class='ocrx_word' id='word_1_620' title='bbox 3630 3929 3747 3981; x_wconf 69' lang='grc' dir='ltr'>υἱοὶ</span> 
     </span>
    </p>
   </div>
   <div class='ocr_carea' id='block_1_86' title="bbox 2180 4013 3741 4092">
    <p class='ocr_par' dir='ltr' id='par_1_86' title="bbox 2180 4013 3741 4092">
     <span class='ocr_line' id='line_1_86' title="bbox 2180 4013 3741 4092; baseline 0.006 -26"><span class='ocrx_word' id='word_1_621' title='bbox 2180 4013 2287 4066; x_wconf 88' lang='grc' dir='ltr'><strong>τῶν</strong></span> <span class='ocrx_word' id='word_1_622' title='bbox 2325 4013 2510 4085; x_wconf 86' lang='grc' dir='ltr'>κριῶν.</span> <span class='ocrx_word' id='word_1_623' title='bbox 2539 4015 2649 4067; x_wconf 75' lang='grc' dir='ltr'>Καὶ</span> <span class='ocrx_word' id='word_1_624' title='bbox 2696 4015 2870 4068; x_wconf 82' lang='grc' dir='ltr'>ταῦτά</span> <span class='ocrx_word' id='word_1_625' title='bbox 2906 4017 2982 4089; x_wconf 73' lang='grc'><strong>(2)</strong></span> <span class='ocrx_word' id='word_1_626' title='bbox 3016 4035 3158 4089; x_wconf 83' lang='grc' dir='ltr'>φημι</span> <span class='ocrx_word' id='word_1_627' title='bbox 3190 4018 3325 4072; x_wconf 76' lang='grc' dir='ltr'>κατὰ</span> <span class='ocrx_word' id='word_1_628' title='bbox 3345 4020 3443 4091; x_wconf 78' lang='grc' dir='ltr'>τὴν</span> <span class='ocrx_word' id='word_1_629' title='bbox 3474 4020 3741 4092; x_wconf 77' lang='grc' dir='ltr'>Ἐϐραίων</span> 
     </span>
    </p>
   </div>
   <div class='ocr_carea' id='block_1_87' title="bbox 2180 4104 3745 4182">
    <p class='ocr_par' dir='ltr' id='par_1_87' title="bbox 2180 4104 3745 4182">
     <span class='ocr_line' id='line_1_87' title="bbox 2180 4104 3745 4182; baseline 0.006 -25"><span class='ocrx_word' id='word_1_630' title='bbox 2180 4104 2503 4176; x_wconf 83' lang='grc' dir='ltr'>ἀνάμνησιν,</span> <span class='ocrx_word' id='word_1_631' title='bbox 2560 4106 2680 4160; x_wconf 88' lang='grc' dir='ltr'>καθ’</span> <span class='ocrx_word' id='word_1_632' title='bbox 2712 4108 2779 4179; x_wconf 74' lang='grc' dir='ltr'><strong>ἣν</strong></span> <span class='ocrx_word' id='word_1_633' title='bbox 2811 4110 2911 4163; x_wconf 82' lang='grc' dir='ltr'>οὐκ</span> <span class='ocrx_word' id='word_1_634' title='bbox 2952 4111 3241 4182; x_wconf 77' lang='grc' dir='ltr'>ἐκφέρεται</span> <span class='ocrx_word' id='word_1_635' title='bbox 3291 4111 3376 4164; x_wconf 88' lang='grc' dir='ltr'><strong>τό·</strong></span> <span class='ocrx_word' id='word_1_636' title='bbox 3436 4111 3745 4182; x_wconf 78' lang='grc' dir='ltr'><em>Ἐνέγκατε</em></span> 
     </span>
    </p>
   </div>
   <div class='ocr_carea' id='block_1_88' title="bbox 2180 4194 3753 4271">
    <p class='ocr_par' dir='ltr' id='par_1_88' title="bbox 2180 4194 3753 4271">
     <span class='ocr_line' id='line_1_88' title="bbox 2180 4194 3753 4271; baseline 0.006 -24"><span class='ocrx_word' id='word_1_637' title='bbox 2180 4194 2261 4260; x_wconf 87' lang='grc' dir='ltr'><em>τῷ</em></span> <span class='ocrx_word' id='word_1_638' title='bbox 2283 4195 2493 4263; x_wconf 81' lang='grc' dir='ltr'>Κυρίῳ,</span> <span class='ocrx_word' id='word_1_639' title='bbox 2516 4196 2632 4249; x_wconf 82' lang='grc' dir='ltr'>υίοὶ</span> <span class='ocrx_word' id='word_1_640' title='bbox 2662 4198 2827 4251; x_wconf 88' lang='grc' dir='ltr'><strong>Θεοῦ.</strong></span> <span class='ocrx_word' id='word_1_641' title='bbox 2871 4198 2961 4251; x_wconf 85' lang='grc' dir='ltr'><strong>Διὸ</strong></span> <span class='ocrx_word' id='word_1_642' title='bbox 2984 4199 3076 4252; x_wconf 78' lang='grc' dir='ltr'>καὶ</span> <span class='ocrx_word' id='word_1_643' title='bbox 3113 4199 3397 4255; x_wconf 80' lang='grc' dir='ltr'>ὼὸἐλισται</span> <span class='ocrx_word' id='word_1_644' title='bbox 3435 4201 3583 4271; x_wconf 86' lang='grc' dir='ltr'>παρὰ</span> <span class='ocrx_word' id='word_1_645' title='bbox 3630 4205 3753 4266; x_wconf 74' lang='grc' dir='ltr'>τοῖς</span> 
     </span>
    </p>
   </div>
   <div class='ocr_carea' id='block_1_89' title="bbox 2192 4286 3748 4364">
    <p class='ocr_par' dir='ltr' id='par_1_89' title="bbox 2192 4286 3748 4364">
     <span class='ocr_line' id='line_1_89' title="bbox 2192 4286 3748 4364; baseline 0.004 -25"><span class='ocrx_word' id='word_1_646' title='bbox 2192 4286 2609 4358; x_wconf 77' lang='grc' dir='ltr'>Ἐὅδομήκοντα,</span> <span class='ocrx_word' id='word_1_647' title='bbox 2643 4288 2719 4352; x_wconf 83' lang='grc' dir='ltr'>ὡς</span> <span class='ocrx_word' id='word_1_648' title='bbox 2750 4289 2825 4360; x_wconf 79' lang='grc' dir='ltr'>μὴ</span> <span class='ocrx_word' id='word_1_649' title='bbox 2848 4290 3093 4361; x_wconf 86' lang='grc' dir='ltr'>κείμενον</span> <span class='ocrx_word' id='word_1_650' title='bbox 3121 4291 3257 4362; x_wconf 83' lang='grc' dir='ltr'>μήτε</span> <span class='ocrx_word' id='word_1_651' title='bbox 3280 4291 3337 4344; x_wconf 89' lang='grc' dir='ltr'><strong>ἐν</strong></span> <span class='ocrx_word' id='word_1_652' title='bbox 3365 4290 3442 4362; x_wconf 83' lang='grc' dir='ltr'>τῷ</span> <span class='ocrx_word' id='word_1_653' title='bbox 3474 4291 3748 4364; x_wconf 70' lang='grc' dir='ltr'><strong>’86³ραῖκῷ</strong></span> 
     </span>
    </p>
   </div>
   <div class='ocr_carea' id='block_1_90' title="bbox 524 4378 2076 4456">
    <p class='ocr_par' dir='ltr' id='par_1_90' title="bbox 524 4379 2076 4451">
     <span class='ocr_line' id='line_1_90' title="bbox 524 4379 2076 4451; baseline 0.001 -18"><span class='ocrx_word' id='word_1_654' title='bbox 524 4380 777 4445; x_wconf 83' lang='lat' dir='ltr'><strong>arietum,</strong></span> <span class='ocrx_word' id='word_1_655' title='bbox 814 4381 1039 4451; x_wconf 88' lang='lat' dir='ltr'><strong>gloriam</strong></span> <span class='ocrx_word' id='word_1_656' title='bbox 1061 4388 1115 4436; x_wconf 91' lang='lat' dir='ltr'><strong>et</strong></span> <span class='ocrx_word' id='word_1_657' title='bbox 1138 4381 1398 4437; x_wconf 89' lang='lat' dir='ltr'><strong>honorem</strong></span> <span class='ocrx_word' id='word_1_658' title='bbox 1440 4387 1742 4451; x_wconf 76' lang='lat' dir='ltr'><strong>caeteraque</strong></span> <span class='ocrx_word' id='word_1_659' title='bbox 1777 4379 1863 4435; x_wconf 91' lang='lat' dir='ltr'><strong>bis</strong></span> <span class='ocrx_word' id='word_1_660' title='bbox 1892 4379 2076 4449; x_wconf 86' lang='lat' dir='ltr'><strong>adjun-</strong></span> 
     </span>
    </p>
   </div>
   <div class='ocr_carea' id='block_1_91' title="bbox 2177 4378 3755 4456">
    <p class='ocr_par' dir='ltr' id='par_1_91' title="bbox 2187 4378 3755 4456">
     <span class='ocr_line' id='line_1_91' title="bbox 2187 4378 3755 4456; baseline 0.006 -26"><span class='ocrx_word' id='word_1_661' title='bbox 2187 4381 2323 4450; x_wconf 80' lang='grc' dir='ltr'>μήτε</span> <span class='ocrx_word' id='word_1_662' title='bbox 2363 4378 2515 4451; x_wconf 73' lang='grc' dir='ltr'>παρὰ</span> <span class='ocrx_word' id='word_1_663' title='bbox 2543 4383 2653 4445; x_wconf 91' lang='grc' dir='ltr'>τοῖς</span> <span class='ocrx_word' id='word_1_664' title='bbox 2692 4381 2894 4445; x_wconf 83' lang='grc' dir='ltr'>λοιποῖς</span> <span class='ocrx_word' id='word_1_665' title='bbox 2922 4382 3299 4453; x_wconf 81' lang='grc' dir='ltr'>ἐρμηνευταῖς.</span> <span class='ocrx_word' id='word_1_666' title='bbox 3332 4384 3396 4436; x_wconf 82' lang='lat' dir='ltr'><strong><em>El</em></strong></span> <span class='ocrx_word' id='word_1_667' title='bbox 3423 4384 3479 4436; x_wconf 81' lang='grc' dir='ltr'><strong>δὲ</strong></span> <span class='ocrx_word' id='word_1_668' title='bbox 3505 4384 3609 4456; x_wconf 80' lang='grc' dir='ltr'><strong>χρὴ</strong></span> <span class='ocrx_word' id='word_1_669' title='bbox 3650 4387 3755 4440; x_wconf 69' lang='grc' dir='ltr'>καὶ</span> 
     </span>
    </p>
   </div>
   <div class='ocr_carea' id='block_1_92' title="bbox 525 4471 2081 4546">
    <p class='ocr_par' dir='ltr' id='par_1_92' title="bbox 525 4471 2081 4546">
     <span class='ocr_line' id='line_1_92' title="bbox 525 4471 2081 4546; baseline 0.003 -21"><span class='ocrx_word' id='word_1_670' title='bbox 525 4479 633 4529; x_wconf 87' lang='lat' dir='ltr'><strong>cta.</strong></span> <span class='ocrx_word' id='word_1_671' title='bbox 664 4471 795 4539; x_wconf 68' lang='lat' dir='ltr'><strong>Qua:</strong></span> <span class='ocrx_word' id='word_1_672' title='bbox 844 4489 977 4529; x_wconf 90' lang='lat' dir='ltr'><strong>sane</strong></span> <span class='ocrx_word' id='word_1_673' title='bbox 1016 4489 1080 4531; x_wconf 80' lang='lat' dir='ltr'><strong>ex</strong></span> <span class='ocrx_word' id='word_1_674' title='bbox 1120 4475 1525 4546; x_wconf 84' lang='lat' dir='ltr'><strong>comparatione</strong></span> <span class='ocrx_word' id='word_1_675' title='bbox 1566 4473 1741 4545; x_wconf 91' lang='lat' dir='ltr'><strong>quinti</strong></span> <span class='ocrx_word' id='word_1_676' title='bbox 1766 4485 1820 4529; x_wconf 90' lang='lat' dir='ltr'><strong>et</strong></span> <span class='ocrx_word' id='word_1_677' title='bbox 1846 4489 2081 4545; x_wconf 80' lang='lat' dir='ltr'><strong>nonage-</strong></span> 
     </span>
    </p>
   </div>
   <div class='ocr_carea' id='block_1_93' title="bbox 523 4564 2080 4638">
    <p class='ocr_par' dir='ltr' id='par_1_93' title="bbox 523 4564 2080 4638">
     <span class='ocr_line' id='line_1_93' title="bbox 523 4564 2080 4638; baseline 0.001 -22"><span class='ocrx_word' id='word_1_678' title='bbox 523 4564 650 4629; x_wconf 74' lang='lat' dir='ltr'><strong>simi</strong></span> <span class='ocrx_word' id='word_1_679' title='bbox 672 4566 887 4634; x_wconf 89' lang='lat' dir='ltr'><strong>psalmi,</strong></span> <span class='ocrx_word' id='word_1_680' title='bbox 921 4566 989 4621; x_wconf 91' lang='lat' dir='ltr'><strong>de</strong></span> <span class='ocrx_word' id='word_1_681' title='bbox 1044 4567 1401 4623; x_wconf 84' lang='lat' dir='ltr'><strong>conversione</strong></span> <span class='ocrx_word' id='word_1_682' title='bbox 1451 4566 1691 4638; x_wconf 87' lang='lat' dir='ltr'><strong>gentium</strong></span> <span class='ocrx_word' id='word_1_683' title='bbox 1732 4564 2080 4636; x_wconf 64' lang='lat' dir='ltr'><strong>praenuntiari</strong></span> 
     </span>
    </p>
   </div>
   <div class='ocr_carea' id='block_1_94' title="bbox 524 4652 775 4710">
    <p class='ocr_par' dir='ltr' id='par_1_94' title="bbox 524 4652 775 4710">
     <span class='ocr_line' id='line_1_94' title="bbox 524 4652 775 4710; baseline 0.016 -4"><span class='ocrx_word' id='word_1_684' title='bbox 524 4652 775 4710; x_wconf 76' lang='lat' dir='ltr'><strong>dixerim.</strong></span> 
     </span>
    </p>
   </div>
   <div class='ocr_carea' id='block_1_95' title="bbox 2186 4471 3753 4550">
    <p class='ocr_par' dir='ltr' id='par_1_95' title="bbox 2186 4471 3753 4550">
     <span class='ocr_line' id='line_1_95' title="bbox 2186 4471 3753 4550; baseline 0.005 -27"><span class='ocrx_word' id='word_1_685' title='bbox 2186 4473 2265 4533; x_wconf 84' lang='grc' dir='ltr'>εἰς</span> <span class='ocrx_word' id='word_1_686' title='bbox 2293 4471 2390 4544; x_wconf 80' lang='grc' dir='ltr'>τὴν</span> <span class='ocrx_word' id='word_1_687' title='bbox 2416 4472 2523 4526; x_wconf 86' lang='grc' dir='ltr'><strong>τῶν</strong></span> <span class='ocrx_word' id='word_1_688' title='bbox 2580 4473 2977 4545; x_wconf 80' lang='grc' dir='ltr'>Ἑϐδομήκοντα</span> <span class='ocrx_word' id='word_1_689' title='bbox 3023 4474 3291 4547; x_wconf 78' lang='grc' dir='ltr'>θεωρῆσαι</span> <span class='ocrx_word' id='word_1_690' title='bbox 3334 4475 3563 4544; x_wconf 73' lang='grc' dir='ltr'>ἔκδοσιν,</span> <span class='ocrx_word' id='word_1_691' title='bbox 3600 4479 3753 4550; x_wconf 68' lang='grc' dir='ltr'>φημὶ</span> 
     </span>
    </p>
   </div>
   <div class='ocr_carea' id='block_1_96' title="bbox 2184 4563 3749 4640">
    <p class='ocr_par' dir='ltr' id='par_1_96' title="bbox 2184 4563 3749 4640">
     <span class='ocr_line' id='line_1_96' title="bbox 2184 4563 3749 4640; baseline 0.004 -25"><span class='ocrx_word' id='word_1_692' title='bbox 2184 4564 2275 4618; x_wconf 84' lang='grc' dir='ltr'>τὸν</span> <span class='ocrx_word' id='word_1_693' title='bbox 2302 4563 2455 4630; x_wconf 87' lang='grc' dir='ltr'>λόγον</span> <span class='ocrx_word' id='word_1_694' title='bbox 2485 4566 2837 4640; x_wconf 82' lang='grc' dir='ltr'>προστάττειν</span> <span class='ocrx_word' id='word_1_695' title='bbox 2871 4569 2980 4631; x_wconf 91' lang='grc' dir='ltr'>τοῖς</span> <span class='ocrx_word' id='word_1_696' title='bbox 3006 4568 3141 4632; x_wconf 86' lang='grc' dir='ltr'>υἱοῖς</span> <span class='ocrx_word' id='word_1_697' title='bbox 3173 4566 3268 4621; x_wconf 82' lang='grc' dir='ltr'><strong>τοῦ</strong></span> <span class='ocrx_word' id='word_1_698' title='bbox 3308 4567 3492 4639; x_wconf 82' lang='grc' dir='ltr'>φέρειν</span> <span class='ocrx_word' id='word_1_699' title='bbox 3521 4569 3598 4640; x_wconf 83' lang='grc' dir='ltr'>τῷ</span> <span class='ocrx_word' id='word_1_700' title='bbox 3629 4571 3749 4622; x_wconf 85' lang='grc' dir='ltr'><strong>Κυ-</strong></span> 
     </span>
    </p>
   </div>
   <div class='ocr_carea' id='block_1_97' title="bbox 2188 4655 3751 4733">
    <p class='ocr_par' dir='ltr' id='par_1_97' title="bbox 2188 4655 3751 4733">
     <span class='ocr_line' id='line_1_97' title="bbox 2188 4655 3751 4733; baseline 0.003 -25"><span class='ocrx_word' id='word_1_701' title='bbox 2188 4655 2287 4727; x_wconf 84' lang='grc' dir='ltr'>ρίῳ</span> <span class='ocrx_word' id='word_1_702' title='bbox 2304 4658 2363 4710; x_wconf 85' lang='grc' dir='ltr'>οὐ</span> <span class='ocrx_word' id='word_1_703' title='bbox 2381 4660 2584 4730; x_wconf 80' lang='grc' dir='ltr'>κριοὺς,</span> <span class='ocrx_word' id='word_1_704' title='bbox 2604 4658 2736 4713; x_wconf 84' lang='grc' dir='ltr'>ἀλλὰ</span> <span class='ocrx_word' id='word_1_705' title='bbox 2759 4660 2906 4724; x_wconf 76' lang='grc' dir='ltr'>υἱοὺς</span> <span class='ocrx_word' id='word_1_706' title='bbox 2937 4659 3103 4730; x_wconf 88' lang='grc' dir='ltr'>κριῶν</span> <span class='ocrx_word' id='word_1_707' title='bbox 3121 4675 3136 4690; x_wconf 80' lang='grc'><em>’</em></span> <span class='ocrx_word' id='word_1_708' title='bbox 3164 4660 3259 4713; x_wconf 77' lang='grc' dir='ltr'>καὶ</span> <span class='ocrx_word' id='word_1_709' title='bbox 3284 4660 3438 4728; x_wconf 76' lang='grc' dir='ltr'>δόξαν</span> <span class='ocrx_word' id='word_1_710' title='bbox 3468 4662 3560 4714; x_wconf 76' lang='grc' dir='ltr'>καὶ</span> <span class='ocrx_word' id='word_1_711' title='bbox 3581 4663 3751 4733; x_wconf 78' lang='grc' dir='ltr'>τιμὴν</span> 
     </span>
    </p>
   </div>
   <div class='ocr_carea' id='block_1_98' title="bbox 528 4746 3754 4835">
    <p class='ocr_par' dir='ltr' id='par_1_98' title="bbox 528 4746 3754 4835">
     <span class='ocr_line' id='line_1_98' title="bbox 528 4746 3754 4835; baseline 0.002 -36"><span class='ocrx_word' id='word_1_712' title='bbox 528 4747 621 4799; x_wconf 79' lang='grc' dir='ltr'>καὶ</span> <span class='ocrx_word' id='word_1_713' title='bbox 650 4746 720 4801; x_wconf 81' lang='grc' dir='ltr'><strong>τὰ</strong></span> <span class='ocrx_word' id='word_1_714' title='bbox 751 4748 880 4819; x_wconf 73' lang='grc' dir='ltr'>ἑξῆς</span> <span class='ocrx_word' id='word_1_715' title='bbox 915 4750 1273 4823; x_wconf 74' lang='grc' dir='ltr'>ἐπιλεγόμενα</span> <span class='ocrx_word' id='word_1_716' title='bbox 1296 4770 1309 4783; x_wconf 89' lang='grc'><strong>·</strong></span> <span class='ocrx_word' id='word_1_717' title='bbox 1336 4752 1373 4807; x_wconf 77' lang='grc' dir='ltr'><strong>ἃ.</strong></span> <span class='ocrx_word' id='word_1_718' title='bbox 1423 4752 1487 4825; x_wconf 73' lang='grc' dir='ltr'><strong>δὴ</strong></span> <span class='ocrx_word' id='word_1_719' title='bbox 1536 4753 1644 4807; x_wconf 82' lang='grc' dir='ltr'><strong>ἀπὸ</strong></span> <span class='ocrx_word' id='word_1_720' title='bbox 1674 4752 1775 4825; x_wconf 71' lang='grc' dir='ltr'><strong>τῆς</strong></span> <span class='ocrx_word' id='word_1_721' title='bbox 1811 4752 2164 4824; x_wconf 79' lang='grc' dir='ltr'>παραθέσεως</span> <span class='ocrx_word' id='word_1_722' title='bbox 2191 4751 2285 4806; x_wconf 81' lang='grc' dir='ltr'>τοῦ</span> <span class='ocrx_word' id='word_1_723' title='bbox 2317 4751 2565 4824; x_wconf 85' lang='grc' dir='ltr'>πέμπτου</span> <span class='ocrx_word' id='word_1_724' title='bbox 2600 4755 2693 4807; x_wconf 79' lang='grc' dir='ltr'>καὶ</span> <span class='ocrx_word' id='word_1_725' title='bbox 2733 4752 3077 4835; x_wconf 77' lang='grc' dir='ltr'>ἐνενηκοστοῦ</span> <span class='ocrx_word' id='word_1_726' title='bbox 3113 4752 3326 4826; x_wconf 73' lang='grc' dir='ltr'>ψαλμοῦ</span> <span class='ocrx_word' id='word_1_727' title='bbox 3362 4754 3489 4825; x_wconf 81' lang='grc' dir='ltr'>περὶ</span> <span class='ocrx_word' id='word_1_728' title='bbox 3507 4754 3606 4825; x_wconf 87' lang='grc' dir='ltr'><strong>τῆς</strong></span> <span class='ocrx_word' id='word_1_729' title='bbox 3637 4752 3754 4808; x_wconf 76' lang='grc' dir='ltr'><strong>τῶν</strong></span> 
     </span>
    </p>
   </div>
   <div class='ocr_carea' id='block_1_99' title="bbox 526 4840 1876 4919">
    <p class='ocr_par' dir='ltr' id='par_1_99' title="bbox 526 4840 1876 4919">
     <span class='ocr_line' id='line_1_99' title="bbox 526 4840 1876 4919; baseline 0.007 -26"><span class='ocrx_word' id='word_1_730' title='bbox 526 4840 696 4895; x_wconf 85' lang='grc' dir='ltr'>ἐθνῶν</span> <span class='ocrx_word' id='word_1_731' title='bbox 722 4845 1053 4917; x_wconf 80' lang='grc' dir='ltr'>ἐπιστροφῆς</span> <span class='ocrx_word' id='word_1_732' title='bbox 1083 4847 1290 4918; x_wconf 78' lang='grc' dir='ltr'>εἴποιμι</span> <span class='ocrx_word' id='word_1_733' title='bbox 1328 4846 1394 4901; x_wconf 86' lang='grc' dir='ltr'><strong>ἂν</strong></span> <span class='ocrx_word' id='word_1_734' title='bbox 1425 4847 1876 4919; x_wconf 80' lang='grc' dir='ltr'>προφητεύεσθαι.</span> 
     </span>
    </p>
   </div>
   <div class='ocr_carea' id='block_1_100' title="bbox 596 4932 2081 5008">
    <p class='ocr_par' dir='ltr' id='par_1_100' title="bbox 596 4932 2081 5008">
     <span class='ocr_line' id='line_1_100' title="bbox 596 4932 2081 5008; baseline 0.005 -21"><span class='ocrx_word' id='word_1_735' title='bbox 596 4932 778 5003; x_wconf 82' lang='lat' dir='ltr'><strong>Neque</strong></span> <span class='ocrx_word' id='word_1_736' title='bbox 806 4949 836 4987; x_wconf 90' lang='lat' dir='ltr'><strong>a</strong></span> <span class='ocrx_word' id='word_1_737' title='bbox 868 4951 1034 5007; x_wconf 87' lang='lat' dir='ltr'><strong>scopo</strong></span> <span class='ocrx_word' id='word_1_738' title='bbox 1064 4936 1431 5003; x_wconf 83' lang='lat' dir='ltr'><strong>deﬂectemus,</strong></span> <span class='ocrx_word' id='word_1_739' title='bbox 1467 4939 1513 4993; x_wconf 91' lang='lat' dir='ltr'><strong>si</strong></span> <span class='ocrx_word' id='word_1_740' title='bbox 1548 4939 2081 5008; x_wconf 84' lang='lat' dir='ltr'><strong>pronuntiaverimus</strong></span> 
     </span>
    </p>
   </div>
   <div class='ocr_carea' id='block_1_101' title="bbox 2257 4937 3755 5010">
    <p class='ocr_par' dir='ltr' id='par_1_101' title="bbox 2257 4937 3755 5010">
     <span class='ocr_line' id='line_1_101' title="bbox 2257 4937 3755 5010; baseline -0.002 -17"><span class='ocrx_word' id='word_1_741' title='bbox 2257 4940 2371 4993; x_wconf 81' lang='grc' dir='ltr'>Οὐκ</span> <span class='ocrx_word' id='word_1_742' title='bbox 2416 4938 2563 4993; x_wconf 82' lang='grc' dir='ltr'><strong>ἂνδὲ</strong></span> <span class='ocrx_word' id='word_1_743' title='bbox 2591 4939 2927 5010; x_wconf 81' lang='grc' dir='ltr'>ἁμάρτοιμεν</span> <span class='ocrx_word' id='word_1_744' title='bbox 2976 4940 3098 5002; x_wconf 76' lang='grc' dir='ltr'>τοὺς</span> <span class='ocrx_word' id='word_1_745' title='bbox 3147 4938 3377 4992; x_wconf 83' lang='grc' dir='ltr'>ἐνταῦθα</span> <span class='ocrx_word' id='word_1_746' title='bbox 3414 4937 3561 5001; x_wconf 74' lang='grc' dir='ltr'>υἱοὺς</span> <span class='ocrx_word' id='word_1_747' title='bbox 3608 4937 3755 4991; x_wconf 76' lang='grc' dir='ltr'>Θεοῦ</span> 
     </span>
    </p>
   </div>
   <div class='ocr_carea' id='block_1_102' title="bbox 526 5025 2076 5100">
    <p class='ocr_par' dir='ltr' id='par_1_102' title="bbox 526 5025 2076 5100">
     <span class='ocr_line' id='line_1_102' title="bbox 526 5025 2076 5100; baseline 0.005 -22"><span class='ocrx_word' id='word_1_748' title='bbox 526 5025 617 5079; x_wconf 88' lang='lat' dir='ltr'><strong>hic</strong></span> <span class='ocrx_word' id='word_1_749' title='bbox 650 5041 746 5096; x_wconf 86' lang='lat' dir='ltr'><strong>per</strong></span> <span class='ocrx_word' id='word_1_750' title='bbox 769 5026 937 5084; x_wconf 90' lang='lat' dir='ltr'><strong>Filios</strong></span> <span class='ocrx_word' id='word_1_751' title='bbox 966 5026 1081 5093; x_wconf 87' lang='lat' dir='ltr'><strong>Dei,</strong></span> <span class='ocrx_word' id='word_1_752' title='bbox 1113 5028 1410 5086; x_wconf 79' lang='lat' dir='ltr'><strong>Salvatoris</strong></span> <span class='ocrx_word' id='word_1_753' title='bbox 1435 5030 1609 5086; x_wconf 88' lang='lat' dir='ltr'><strong>nostri</strong></span> <span class='ocrx_word' id='word_1_754' title='bbox 1638 5030 1932 5100; x_wconf 88' lang='lat' dir='ltr'><strong>discipulos</strong></span> <span class='ocrx_word' id='word_1_755' title='bbox 1953 5045 2076 5100; x_wconf 88' lang='lat' dir='ltr'><strong>apo-</strong></span> 
     </span>
    </p>
   </div>
   <div class='ocr_carea' id='block_1_103' title="bbox 2177 5025 3756 5100">
    <p class='ocr_par' dir='ltr' id='par_1_103' title="bbox 2186 5027 3756 5100">
     <span class='ocr_line' id='line_1_103' title="bbox 2186 5027 3756 5100; baseline -0.001 -19"><span class='ocrx_word' id='word_1_756' title='bbox 2186 5029 2507 5099; x_wconf 82' lang='grc' dir='ltr'>λεγομὲνους</span> <span class='ocrx_word' id='word_1_757' title='bbox 2552 5030 2677 5091; x_wconf 82' lang='grc' dir='ltr'>τοὺς</span> <span class='ocrx_word' id='word_1_758' title='bbox 2719 5028 2813 5082; x_wconf 81' lang='grc' dir='ltr'>τοῦ</span> <span class='ocrx_word' id='word_1_759' title='bbox 2870 5028 3119 5099; x_wconf 86' lang='grc' dir='ltr'>Σωτῆρος</span> <span class='ocrx_word' id='word_1_760' title='bbox 3160 5028 3315 5100; x_wconf 88' lang='grc' dir='ltr'>ήμῶν</span> <span class='ocrx_word' id='word_1_761' title='bbox 3373 5027 3617 5099; x_wconf 79' lang='grc' dir='ltr'>μαθητὰς</span> <span class='ocrx_word' id='word_1_762' title='bbox 3653 5029 3756 5080; x_wconf 73' lang='grc' dir='ltr'>καὶ</span> 
     </span>
    </p>
   </div>
   <div class='ocr_carea' id='block_1_104' title="bbox 527 5117 2076 5193">
    <p class='ocr_par' dir='ltr' id='par_1_104' title="bbox 527 5117 2076 5192">
     <span class='ocr_line' id='line_1_104' title="bbox 527 5117 2076 5192; baseline 0.003 -21"><span class='ocrx_word' id='word_1_763' title='bbox 527 5117 805 5188; x_wconf 87' lang='lat' dir='ltr'><strong>stolosque</strong></span> <span class='ocrx_word' id='word_1_764' title='bbox 843 5118 1182 5190; x_wconf 31' lang='lat' dir='ltr'><strong>signiﬁcarit</strong></span> <span class='ocrx_word' id='word_1_765' title='bbox 1215 5136 1246 5175; x_wconf 88' lang='lat' dir='ltr'><strong>a</strong></span> <span class='ocrx_word' id='word_1_766' title='bbox 1275 5122 1473 5191; x_wconf 87' lang='lat' dir='ltr'><strong>quibus</strong></span> <span class='ocrx_word' id='word_1_767' title='bbox 1534 5121 1702 5192; x_wconf 86' lang='lat' dir='ltr'><strong>liquet</strong></span> <span class='ocrx_word' id='word_1_768' title='bbox 1735 5121 1934 5177; x_wconf 81' lang='lat' dir='ltr'><strong>factum</strong></span> <span class='ocrx_word' id='word_1_769' title='bbox 1960 5135 2076 5177; x_wconf 81' lang='lat' dir='ltr'><strong>esse</strong></span> 
     </span>
    </p>
   </div>
   <div class='ocr_carea' id='block_1_105' title="bbox 2177 5117 3754 5193">
    <p class='ocr_par' dir='ltr' id='par_1_105' title="bbox 2187 5117 3754 5193">
     <span class='ocr_line' id='line_1_105' title="bbox 2187 5117 3754 5193; baseline 0.001 -19"><span class='ocrx_word' id='word_1_770' title='bbox 2187 5119 2509 5184; x_wconf 85' lang='grc' dir='ltr'>ἀποστόλους</span> <span class='ocrx_word' id='word_1_771' title='bbox 2561 5120 2655 5173; x_wconf 77' lang='grc' dir='ltr'>καὶ</span> <span class='ocrx_word' id='word_1_772' title='bbox 2706 5120 3093 5191; x_wconf 70' lang='grc' dir='ltr'>εὐαγγελιστάς</span> <span class='ocrx_word' id='word_1_773' title='bbox 3129 5117 3266 5175; x_wconf 77' lang='grc' dir='ltr'>εἶναι</span> <span class='ocrx_word' id='word_1_774' title='bbox 3311 5117 3754 5193; x_wconf 61' lang='grc' dir='ltr'>ἀποφηνάμενοι,</span> 
     </span>
    </p>
   </div>
   <div class='ocr_carea' id='block_1_106' title="bbox 544 5322 2076 5395">
    <p class='ocr_par' dir='ltr' id='par_1_106' title="bbox 544 5324 2073 5395">
     <span class='ocr_line' id='line_1_106' title="bbox 544 5324 2073 5395; baseline -0.003 -14"><span class='ocrx_word' id='word_1_775' title='bbox 544 5366 549 5373; x_wconf 80' lang='lat'><strong>.</strong></span> <span class='ocrx_word' id='word_1_776' title='bbox 594 5329 639 5361; x_wconf 75' lang='lat'><strong>&quot;</strong></span> <span class='ocrx_word' id='word_1_777' title='bbox 674 5326 831 5382; x_wconf 82' lang='lat' dir='ltr'><strong>Joan.</strong></span> <span class='ocrx_word' id='word_1_778' title='bbox 865 5341 899 5378; x_wconf 74' lang='grc' dir='ltr'><strong>χ</strong></span> <span class='ocrx_word' id='word_1_779' title='bbox 927 5368 943 5395; x_wconf 86' lang='grc'><strong><em>,</em></strong></span> <span class='ocrx_word' id='word_1_780' title='bbox 973 5326 1059 5380; x_wconf 80' lang='lat' dir='ltr'><strong>ll.</strong></span> <span class='ocrx_word' id='word_1_781' title='bbox 1135 5326 1177 5357; x_wconf 83' lang='grc'><strong>⁶¹</strong></span> <span class='ocrx_word' id='word_1_782' title='bbox 1206 5324 1364 5381; x_wconf 81' lang='lat' dir='ltr'><strong>Joan.</strong></span> <span class='ocrx_word' id='word_1_783' title='bbox 1392 5342 1446 5391; x_wconf 71' lang='grc' dir='ltr'><strong>ι,</strong></span> <span class='ocrx_word' id='word_1_784' title='bbox 1467 5325 1557 5382; x_wconf 75' lang='grc'><strong>27.</strong></span> <span class='ocrx_word' id='word_1_785' title='bbox 1634 5328 1680 5360; x_wconf 80' lang='grc'>⁶¹</span> <span class='ocrx_word' id='word_1_786' title='bbox 1710 5325 1899 5381; x_wconf 80' lang='lat' dir='ltr'><strong>Matth.</strong></span> <span class='ocrx_word' id='word_1_787' title='bbox 1926 5339 2073 5380; x_wconf 77' lang='lat' dir='ltr'><strong>xxvn</strong></span> 
     </span>
    </p>
   </div>
   <div class='ocr_carea' id='block_1_107' title="bbox 2177 5322 2881 5395">
    <p class='ocr_par' dir='ltr' id='par_1_107' title="bbox 2177 5322 2881 5388">
     <span class='ocr_line' id='line_1_107' title="bbox 2177 5322 2881 5388; baseline 0.004 -13"><span class='ocrx_word' id='word_1_788' title='bbox 2177 5323 2243 5380; x_wconf 84' lang='lat' dir='ltr'><strong>l0.</strong></span> <span class='ocrx_word' id='word_1_789' title='bbox 2271 5322 2316 5355; x_wconf 75' lang='grc'><strong>³³</strong></span> <span class='ocrx_word' id='word_1_790' title='bbox 2344 5322 2488 5379; x_wconf 83' lang='lat' dir='ltr'><strong>Psal.</strong></span> <span class='ocrx_word' id='word_1_791' title='bbox 2540 5338 2657 5388; x_wconf 81' lang='lat' dir='ltr'><strong>xcv,</strong></span> <span class='ocrx_word' id='word_1_792' title='bbox 2765 5324 2881 5379; x_wconf 76' lang='grc'><strong>1-4.</strong></span> 
     </span>
    </p>
   </div>
   <div class='ocr_carea' id='block_1_108' title="bbox 597 5543 2074 5618">
    <p class='ocr_par' dir='ltr' id='par_1_108' title="bbox 597 5543 2074 5618">
     <span class='ocr_line' id='line_1_108' title="bbox 597 5543 2074 5618; baseline -0.003 -15"><span class='ocrx_word' id='word_1_793' title='bbox 597 5547 670 5618; x_wconf 83' lang='lat' dir='ltr'><strong>ll)</strong></span> <span class='ocrx_word' id='word_1_794' title='bbox 692 5546 837 5611; x_wconf 71' lang='lat' dir='ltr'><strong>Ilzec,</strong></span> <span class='ocrx_word' id='word_1_795' title='bbox 859 5544 1057 5611; x_wconf 76' lang='grc' dir='ltr'>ἐξοδίου</span> <span class='ocrx_word' id='word_1_796' title='bbox 1077 5544 1299 5618; x_wconf 53' lang='grc' dir='ltr'>ρεηνῆς,</span> <span class='ocrx_word' id='word_1_797' title='bbox 1328 5560 1434 5598; x_wconf 88' lang='lat' dir='ltr'><strong>non</strong></span> <span class='ocrx_word' id='word_1_798' title='bbox 1462 5544 1712 5618; x_wconf 87' lang='lat' dir='ltr'><strong>leguntur</strong></span> <span class='ocrx_word' id='word_1_799' title='bbox 1743 5545 1797 5618; x_wconf 81' lang='lat' dir='ltr'><strong>in</strong></span> <span class='ocrx_word' id='word_1_800' title='bbox 1818 5543 2074 5618; x_wconf 77' lang='lat' dir='ltr'><strong>llehraico</strong></span> 
     </span>
    </p>
   </div>
   <div class='ocr_carea' id='block_1_109' title="bbox 531 5615 2074 5687">
    <p class='ocr_par' dir='ltr' id='par_1_109' title="bbox 531 5615 2074 5687">
     <span class='ocr_line' id='line_1_109' title="bbox 531 5615 2074 5687; baseline -0.001 -16"><span class='ocrx_word' id='word_1_801' title='bbox 531 5615 842 5687; x_wconf 66' lang='lat' dir='ltr'><strong>exemplari.</strong></span> <span class='ocrx_word' id='word_1_802' title='bbox 862 5631 1056 5687; x_wconf 86' lang='lat' dir='ltr'><strong>neque,</strong></span> <span class='ocrx_word' id='word_1_803' title='bbox 1089 5615 1431 5671; x_wconf 87' lang='lat' dir='ltr'><strong>Theodoreto</strong></span> <span class='ocrx_word' id='word_1_804' title='bbox 1473 5624 1630 5676; x_wconf 87' lang='lat' dir='ltr'><strong>teste,</strong></span> <span class='ocrx_word' id='word_1_805' title='bbox 1659 5616 1726 5687; x_wconf 11' lang='lat' dir='ltr'><strong>in,</strong></span> <span class='ocrx_word' id='word_1_806' title='bbox 1746 5615 1982 5687; x_wconf 75' lang='lat' dir='ltr'><strong>llrxaplo</strong></span> <span class='ocrx_word' id='word_1_807' title='bbox 2004 5616 2074 5687; x_wconf 80' lang='lat' dir='ltr'><strong>le—</strong></span> 
     </span>
    </p>
   </div>
   <div class='ocr_carea' id='block_1_110' title="bbox 537 5686 2074 5745">
    <p class='ocr_par' dir='ltr' id='par_1_110' title="bbox 537 5686 2074 5745">
     <span class='ocr_line' id='line_1_110' title="bbox 537 5686 2074 5745; baseline 0.001 -5"><span class='ocrx_word' id='word_1_808' title='bbox 537 5686 808 5743; x_wconf 72' lang='lat' dir='ltr'><strong>rurbantur.</strong></span> <span class='ocrx_word' id='word_1_809' title='bbox 832 5687 887 5742; x_wconf 89' lang='lat' dir='ltr'><strong>In</strong></span> <span class='ocrx_word' id='word_1_810' title='bbox 917 5687 1206 5743; x_wconf 71' lang='lat' dir='ltr'><strong>Chaldairo</strong></span> <span class='ocrx_word' id='word_1_811' title='bbox 1244 5695 1389 5741; x_wconf 78' lang='lat' dir='ltr'><strong>textu</strong></span> <span class='ocrx_word' id='word_1_812' title='bbox 1424 5698 1598 5742; x_wconf 83' lang='lat' dir='ltr'><strong>tamen</strong></span> <span class='ocrx_word' id='word_1_813' title='bbox 1632 5686 1841 5745; x_wconf 61' lang='lat' dir='ltr'><strong>legitur.</strong></span> <span class='ocrx_word' id='word_1_814' title='bbox 1868 5686 1966 5739; x_wconf 74' lang='lat' dir='ltr'><strong>Alii</strong></span> <span class='ocrx_word' id='word_1_815' title='bbox 2000 5686 2074 5741; x_wconf 85' lang='lat' dir='ltr'><strong>le-</strong></span> 
     </span>
    </p>
   </div>
   <div class='ocr_carea' id='block_1_111' title="bbox 2182 5543 3546 5619">
    <p class='ocr_par' dir='ltr' id='par_1_111' title="bbox 2182 5543 3546 5619">
     <span class='ocr_line' id='line_1_111' title="bbox 2182 5543 3546 5619; baseline -0.001 -20"><span class='ocrx_word' id='word_1_816' title='bbox 2182 5554 2334 5619; x_wconf 75' lang='lat' dir='ltr'><strong>gunt,</strong></span> <span class='ocrx_word' id='word_1_817' title='bbox 2352 5543 2543 5619; x_wconf 40' lang='grc' dir='ltr'><strong>,ἐξόδου</strong></span> <span class='ocrx_word' id='word_1_818' title='bbox 2577 5546 2798 5619; x_wconf 73' lang='grc' dir='ltr'>σκηνῆς.</span> <span class='ocrx_word' id='word_1_819' title='bbox 2829 5546 2972 5616; x_wconf 85' lang='lat' dir='ltr'><strong>quod</strong></span> <span class='ocrx_word' id='word_1_820' title='bbox 2995 5545 3227 5619; x_wconf 85' lang='lat' dir='ltr'><strong>idipsum</strong></span> <span class='ocrx_word' id='word_1_821' title='bbox 3245 5544 3546 5619; x_wconf 64' lang='lat' dir='ltr'><strong>signiﬁcat.</strong></span> 
     </span>
    </p>
   </div>
   <div class='ocr_carea' id='block_1_112' title="bbox 2182 5614 3759 5743">
    <p class='ocr_par' dir='ltr' id='par_1_112' title="bbox 2182 5614 3759 5743">
     <span class='ocr_line' id='line_1_112' title="bbox 2182 5614 3759 5740; baseline 0.001 -73"><span class='ocrx_word' id='word_1_822' title='bbox 2182 5686 2198 5740; x_wconf 61' lang='grc' dir='ltr'>ι</span> <span class='ocrx_word' id='word_1_823' title='bbox 2250 5616 2325 5740; x_wconf 55' lang='lat'><strong>(3)</strong></span> <span class='ocrx_word' id='word_1_824' title='bbox 2351 5615 2472 5672; x_wconf 69' lang='lat' dir='ltr'><strong>llaec</strong></span> <span class='ocrx_word' id='word_1_825' title='bbox 2501 5614 2745 5688; x_wconf 73' lang='lat' dir='ltr'><strong>pluribus</strong></span> <span class='ocrx_word' id='word_1_826' title='bbox 2775 5614 3110 5688; x_wconf 78' lang='lat' dir='ltr'><strong>explananda</strong></span> <span class='ocrx_word' id='word_1_827' title='bbox 3155 5619 3208 5674; x_wconf 87' lang='lat' dir='ltr'><strong>in</strong></span> <span class='ocrx_word' id='word_1_828' title='bbox 3241 5615 3611 5688; x_wconf 77' lang='lat' dir='ltr'><strong>Ilexaploruin</strong></span> <span class='ocrx_word' id='word_1_829' title='bbox 3634 5614 3759 5669; x_wconf 72' lang='lat' dir='ltr'><strong>col-</strong></span> 
     </span>
     <span class='ocr_line' id='line_1_113' title="bbox 2203 5703 2433 5743; baseline 0.004 -1"><span class='ocrx_word' id='word_1_830' title='bbox 2203 5703 2260 5742; x_wconf 82' lang='lat' dir='ltr'><strong>ec</strong></span> <span class='ocrx_word' id='word_1_831' title='bbox 2291 5703 2433 5743; x_wconf 81' lang='lat' dir='ltr'><strong>tonc.</strong></span> 
     </span>
    </p>
   </div>
  </div>
