3992 6216
222 305 331 361 253
1347 293 1796 351 COMMENTARI

1882 291 1949 347 ΙΝ
1986 291 2317 349 PSALMOS.
3186 326 3189 331 ι
3327 291 3443 349 255

222 427 287 480 δι’
315 415 390 478 ὧν
422 424 456 493 ἡ
488 420 678 492 κλῆσις
726 418 833 472 τῶν
868 416 1034 472 ἐθνῶν
1063 415 1303 485 φαίνεται
1333 413 1730 486 κατωρθωμένη
1754 429 1767 442 ο

1873 410 2111 481 gentium
2149 414 2506 464 vocationem.
2558 402 2667 461 Eos
2704 404 2913 461 scilicet
2945 403 3035 458 hic
3088 408 3331 474 psalmus
3355 407 3447 473 ju-

220 514 298 581 οἷς
324 516 352 568 ό
379 512 516 585 μετὰ
539 514 727 584 χεῖρας
754 510 910 578 λόγος
929 506 1251 580 προστάττει
1280 505 1462 577 φέρειν
1489 504 1567 576 τῷ
1592 504 1777 577 Κυρίῳ

1879 502 1968 558 bet
1994 502 2207 565 aﬂ‘erre,
2239 500 2417 571 primo
2441 495 2657 568 quidem
2689 504 2744 553 et
2764 504 2889 552 ante
2909 495 3091 551 omnia
3135 495 3277 550 ﬁlios
3297 496 3444 550 arie-

221 610 434 684 πρῶτον
478 606 577 677 μὲν
610 606 862 661 ἁπάντων
902 604 1049 665 υἱοὺς
1082 600 1272 672 κριῶν,
1307 599 1421 653 ἀλλ’
1452 598 1514 651 οὺ
1560 596 1775 669 κριούς·

1878 605 2016 656 tum,
2045 608 2156 647 non
2215 593 2437 655 arietes,
2467 588 2728 660 quoniam
2780 589 2838 643 in
2871 589 3107 659 psalmo
3139 587 3445 657 quadrage-

223 676 516 772 ἐπειδήπερ
542 696 676 768 πρδς
702 696 799 767 τὴν
838 693 895 761 ἐξ
923 691 1090 747 ἐθνῶν
1126 689 1449 763 Ἐκκλησίαν
1490 688 1703 757 ἐλέγετο
1721 688 1778 741 ἐν

1879 686 2019 742 sime
2050 692 2247 755 quarto
2278 681 2537 737 Ecclesia:
2562 696 2628 737 ex
2683 680 2938 750 gentibus
2974 688 3179 734 coactas
3204 676 3442 732 dicitur:

220 794 299 867 τῷ
328 766 739 863 τεσσαρακοστῷ
757 766 1001 858 τετάρτῳ
1026 782 1224 856 ψαλμῷ
1242 799 1256 813 ο
1302 781 1451 836 Ἀντί
1468 780 1586 834 τῶν
1604 778 1779 832 πατέ-

1878 772 1987 827 Pro
2002 771 2238 841 patribus
2257 771 2360 823 tuis
2372 770 2485 823 nati
2515 778 2637 823 sunt
2665 768 2761 822 tibi
2794 769 2896 838 ﬁlii
2909 768 2975 823 “.
2996 766 3292 838 Eidemque
3310 782 3447 838 prae-

214 858 341 955 ρων
368 901 482 939 σου
501 858 890 952 τέτενήθησαν
922 878 1043 933 υίοί
1083 892 1220 931 σου.
1270 875 1390 928 Τῶν
1427 873 1483 926 δὲ
1529 871 1778 943 πατέρων

1878 863 2079 935 cipitur
2110 869 2173 916 ut
2204 868 2419 932 patrum
2445 874 2670 915 suorum
2696 858 3056 914 obliviscatur
3086 858 3173 914 his
3212 858 3398 914 verbis
3432 875 3447 913 :

222 949 394 1053 λήθην
409 949 725 1050 ποιήσασθαι
744 970 1178 1045 παρεκελεύσατο
1190 968 1327 1039 αὐτῇ
1346 968 1375 1019 ό
1397 966 1552 1034 λόγος
1570 962 1738 1017 εἰπών
1762 977 1777 995 ’

1877 953 2037 1020 Audi,
2066 952 2205 1022 filia,
2234 963 2283 1007 et
2314 950 2448 1017 vide,
2482 959 2534 1004 et
2574 949 2774 1004 inclina
2807 966 2990 1003 aurem
3050 958 3217 1017 tuam,
3240 959 3291 1004 et
3314 949 3449 1005 obli-

227 1041 534 1136 'A:xovaor,
589 1041 854 1138 θύγατερ,
917 1064 1015 1119 καὶ
1046 1062 1154 1128 ἴδε,
1183 1060 1281 1116 καὶ
1322 1058 1533 1114 κλῖνον
1579 1056 1646 1110 τὸ
1672 1050 1777 1122 οὖς

1879 1047 2068 1101 viscere
2098 1044 2348 1116 populum
2378 1053 2547 1107 tuum,
2569 1049 2620 1096 et
2639 1041 2853 1096 domum
2880 1042 3048 1109 patris
3083 1041 3200 1096 tui:
3236 1048 3286 1091 et
3328 1058 3450 1096 con-

226 1186 361 1230 σου,
386 1165 480 1220 καὶ
524 1160 809 1218 ἐπιλάθου
851 1157 957 1213 τοῦ
981 1155 1133 1212 λαοῦ
1170 1171 1307 1219 σου,
1343 1151 1442 1207 καὶ
1472 1151 1577 1204 τοῦ
1608 1150 1778 1203 οικου

1878 1139 2104 1207 cupiscet
2132 1136 2243 1192 Rex
2288 1136 2525 1191 decorem
2574 1143 2741 1199 tuum,
2791 1134 2916 1205 quia
2945 1135 3055 1204 ipse
3084 1144 3162 1189 est
3192 1133 3448 1189 Dominus

226 1261 331 1315 τοῦ
350 1224 576 1325 ’πατρός
592 1269 739 1309 σου·
774 1251 875 1307 καὶ
895 1246 1249 1318 ἐπιθυμήσει
1283 1248 1315 1299 ό
1337 1241 1636 1309 ,ϐασιλεὺς
1671 1239 1779 1295 τσῦ

1880 1239 1999 1285 tuus
2026 1230 2095 1285 ⁸⁸.
2128 1228 2253 1284 Haec
2305 1229 2449 1283 enim
2492 1242 2598 1282 non
2628 1225 2719 1280 alii
2746 1240 2909 1296 quam
2957 1224 3163 1281 Christi
3194 1224 3450 1281 Ecclesia:

224 1316 487 1415 milloqu-
537 1316 682 1401 σου’
713 1344 802 1399 ὅτι
832 1343 1008 1408 αὑτός
1035 1316 1168 1394 ἐστι
1192 1338 1404 1406 Κύριός
1432 1351 1565 1389 σου.
1596 1330 1779 1385 Ταῦτα

1878 1324 2023 1380 dicta
2053 1331 2202 1387 sunt,
2229 1322 2551 1377 cohortante
2576 1320 2723 1373 illam
2749 1316 2959 1390 Spiritu
2993 1318 3203 1384 divino,
3227 1328 3288 1373 ut
3311 1319 3450 1375 obli-

220 1441 330 1513 γὰρ
357 1409 478 1493 οὐδέ
514 1437 648 1509 πρὸς
681 1434 846 1505 ἄλλην
888 1430 921 1502 ἢ
948 1430 1083 1501 πρὸς
1113 1427 1277 1499 μόνην
1307 1424 1405 1495 τὴν
1456 1418 1780 1493 Ἐκκλησίαν

1877 1416 2120 1473 viscatur
2152 1414 2389 1485 priorem
2422 1413 2681 1483 pepulum
2706 1427 2867 1467 suum
2914 1420 2969 1466 et
3007 1409 3228 1465 domum
3278 1411 3450 1482 patris

219 1501 314 1589 τού
362 1501 602 1603 Χριστόῦ
643 1501 889 1598 ἐλέγετο·
913 1501 1312 1593 παραινοῦντος
1340 1517 1475 1587 αὐτῇ
1513 1512 1607 1568 τοῦ
1636 1513 1779 1568 Θεὶου

1879 1507 1965 1563 sui
1992 1524 2007 1574 ;
2047 1506 2306 1560 nimirum
2332 1505 2401 1560 ob
2426 1503 2808 1573 multiplicium
2838 1501 3068 1558 deorum
3099 1517 3365 1569 errorem,
3386 1516 3451 1558 ac

218 1591 534 1697 Πνεύματος
559 1591 756 1693 ’λήθην
794 1591 1119 1689 ποιήσασθαι
1161 1611 1256 1666 τοῦ
1305 1610 1567 1683 προτέρου
1609 1605 1780 1675 αύτῆς

1879 1606 2094 1670 patrum
2127 1611 2350 1652 suorum
2386 1594 2847 1665 superstitionem.
2901 1591 3108 1648 Deinde
3138 1594 3269 1665 quia
3296 1592 3444 1648 illam

215 1684 387 1780 λαοῦ,
459 1684 554 1769 καὶ
617 1684 711 1765 τού
744 1684 1023 1764 οἴκου-τοῦ
1089 1701 1294 1777 πατρὸς
1343 1702 1513 1772 αὐτῆς
1546 1699 1635 1753 διὰ
1682 1698 1779 1770 τὴν

1880 1698 2062 1769 patres
2089 1686 2337 1744 oblivisci
2371 1702 2501 1742 suos
2515 1686 2778 1755 jusserat,
2809 1685 3123 1753 necessario
3166 1684 3329 1741 infert
3361 1685 3449 1743 bis

221 1764 726 1875 nolddsou-atidvnv,
761 1802 856 1857 καὶ
886 1801 984 1872 τὴν
1013 1797 1120 1852 τῶν
1163 1764 1408 1867 πατέρων
1424 1764 1591 1863 αύτῆς
1612 1764 1777 1845 δεισι-

1881 1764 2105 1838 verbis:
2143 1780 2252 1834 Pro
2294 1779 2537 1850 patribus
2589 1780 2692 1833 tuis
2727 1780 2842 1832 nati
2864 1787 2987 1832 sunt
3040 1777 3135 1831 tibi
3186 1778 3305 1848 ﬁlii.
3340 1776 3451 1835 Hos

221 1898 525 1970 δαιμονίαν.
589 1868 701 1950 Εἶτ’
731 1890 916 1963 ἐπειδὴ
940 1868 1057 1944 -τῶν
1114 1887 1362 1959 πατέρων
1422 1881 1777 1939 ἐπιλαθέσθαι

1882 1873 2022 1930 ﬁlios
2047 1873 2275 1928 arietum
2302 1879 2461 1928 vocat
2500 1872 2574 1970 ob
2626 1871 2857 1926 rationis
2921 1868 3214 1924 defectum.
3257 1870 3452 1927 Postea

224 1952 363 2063 αὐτῇ
422 1985 855 2059 παρεκελεύσατο
876 1952 916 2049 ,.
949 1952 1267 2052 ἀναγκαίως.
1317 1977 1510 2046 ἐπάγει
1567 1974 1741 2044 λέγων
1761 1988 1775 2005 ⁶

1883 1962 2217 2063 subjungitf:
2267 1961 2466 2030 Aﬁ'erte
2527 1952 2754 2016 Domino
2802 1964 3028 2035 gloriam
3084 1973 3134 2019 et
3186 1965 3449 2019 honorem.

237 2052 385 2138 Ἀντί,
414 2052 530 2136 τῶν
583 2072 851 2147 πατέρωνς
877 2091 990 2130 σου
1011 2071 1383 2143 ἐγενήθησαν
1408 2069 1460 2121 οἱ
1492 2065 1609 2120 υἱοί
1644 2078 1779 2117 σου.

1881 2054 2053 2124 Cujus
2080 2053 2404 2109 sententiam
2433 2069 2498 2109 ex
2522 2052 2627 2109 hoc
2660 2052 2959 2113 Salvatoris
2990 2057 3168 2113 nostri
3190 2057 3255 2111 ad
3288 2056 3455 2111 disci-

223 2176 457 2240 Τούτους
508 2175 654 2239 υἱοὺς
689 2143 859 2245 κριῶν
904 2167 995 2222 διὰ
1028 2166 1091 2219 τὸ
1123 2163 1312 2231 ἄλογον
1340 2157 1618 2213 ἀποκαλεῖ.
1669 2148 1784 2245 Εἶτ’

1884 2147 2041 2217 pulos
2067 2146 2273 2200 monito
2298 2143 2571 2215 intelligas
2595 2164 2608 2199 :
2640 2144 2871 2201 Luceant
2900 2165 3057 2219 opera
3081 2157 3251 2203 uestra
3275 2163 3454 2202 coram

222 2235 490 2339 ἐπιλέγει*
534 2235 846 2336 Ἐνέγκατε
888 2258 969 2326 τῷ
996 2256 1190 2325 Κυρίῳ
1223 2252 1411 2318 δόξαν
1439 2248 1536 2303 καὶ
1576 2242 1782 2339 τιμήν·

1884 2236 2199 2304 hominibus,
2229 2248 2286 2291 ut
2309 2235 2534 2291 videntes
2571 2237 2706 2293 bona
2734 2255 2891 2309 opera
2935 2249 3126 2307 vestra,
3160 2240 3453 2313 gloriﬁcent

219 2359 251 2414 ὃ
279 2359 343 2431 δὴ
385 2327 602 2429 νοήσεις
640 2327 748 2411 ἀπὸ
794 2352 894 2424 τῆς
934 2348 1028 2405 τοῦ
1050 2348 1297 2419 Σωτῆρος
1319 2341 1474 2416 ἡμῶν
1506 2338 1642 2411 πρὸς
1663 2335 1789 2431 τούς

1333 2341 1474 2416 ἡμῶν
1506 2338 1642 2411 πρὸς
1663 2335 1789 2399 τοὺς
1891 2327 2105 2384 Patrem
2125 2339 2350 2385 vestrum
2377 2329 2467 2400 qui
2484 2330 2538 2383 in
2562 2331 2706 2386 caelis
2736 2342 2813 2387 est
2845 2333 2909 2385 “.

226 2418 958 2525 μαθῇτὰςπαρακελεύσεως,
990 2440 1059 2495 δι’
1087 2433 1155 2511 ἧς
1183 2418 1437 2508 παραινεί
1476 2431 1650 2500 λέγων
1682 2418 2229 2525 αὐτοῖςκοιΛαμψάτιυ
2257 2421 2330 2525 fit
2390 2423 2534 2494 ἔργα
2565 2421 2730 2492 ὑμῶν
2789 2423 3131 2493 ἔμπροσθεν
3185 2422 3305 2477 τῶν
3353 2423 3458 2477 ἀν-

516 2506 694 2605 ὅπως.
726 2534 1063 2603 ,ϐλέποντες
1086 2506 1161 2585 τὰ
1184 2506 1340 2584 καλὰ
1378 2525 1545 2597 ὑμῶν
1573 2523 1736 2592 ἔργα,
1775 2510 2082 2581 δοξάσωσι
2134 2512 2241 2569 τόν
2268 2506 2499 2583 Πατέρα
2523 2512 2693 2583 ὑμῶν
2729 2512 2837 2567 τὸν
2889 2514 2960 2567 ἐν
2991 2514 3124 2580 τοῖς
3159 2513 3453 2581 οὐρανοῖς.

295 2634 405 2688 Καὶ
445 2632 624 2705 τρίτον
670 2629 750 2684 ἔτι
803 2628 938 2702 πρὸς
975 2626 1203 2689 τούτοις,
1237 2620 1418 2694 φέρειν
1471 2615 1549 2689 τῷ
1592 2614 1784 2687 Κυρίῳ

1962 2610 2045 2666 Ad
2079 2610 2195 2665 haec
2224 2606 2408 2672 tertio,
2451 2621 2692 2675 praesens
2749 2606 3016 2676 psalmus,
3073 2609 3163 2660 cui
3193 2613 3458 2661 consonat

225 2701 548 2797 προστάττει
602 2701 903 2793 συμφώνως
940 2721 968 2772 ό
1009 2715 1145 2789 μετὰ
1174 2717 1359 2787 χεῖρας
1377 2709 1609 2797 ψαλμος,
1638 2706 1732 2797 καὶ
1749 2705 1785 2797 ό

1883 2708 2273 2783 nonagesimus
2296 2705 2542 2776 quintus,
2576 2702 2824 2774 praecipit
2849 2702 3042 2757 atl‘erre
3075 2701 3307 2756 Domino
3338 2701 3456 2772 glo-

227 2788 573 2884 ὲνενηκοστδς
622 2788 887 2881 πέμπτος,
933 2805 1085 2869 δόξαν
1131 2801 1355 2872 ὀνόματι
1393 2795 1576 2851 αὑτοῦ.
1627 2788 1786 2862 Αὐτῷ

1884 2806 2024 2862 riam
2066 2801 2274 2859 nomini
2328 2799 2469 2870 ejus.
2521 2795 2631 2868 Ipsi
2698 2810 2954 2866 namque,
3012 2808 3109 2865 per
3157 2792 3458 2849 doctrinam

232 2903 332 2973 μὲν
359 2881 467 2973 γὰρ
526 2898 905 2971 προσφέρομεν
928 2894 1084 2959 δόξαν
1111 2892 1196 2946 διὰ
1232 2888 1512 2961 δογμάτων
1542 2881 1788 2958 ἐρρωμέ-

1887 2912 2101 2962 sanam,
2139 2893 2367 2966 gloriam
2426 2889 2741 2954 afferimus;
2781 2885 2877 2941 sed
2932 2893 3001 2941 et
3031 2884 3294 2940 honorem
3355 2881 3459 2953 ipsi

228 2972 369 3048 νων·
411 2972 544 3046 ἀλλὰ
586 2991 679 3045 καὶ
726 2989 889 3059 τιμὴν
926 2986 1073 3058 αύτῷ
1119 2982 1513 3057 προσφέρομεν,
1559 2975 1786 3047 πειθαρ-

1889 2989 2189 3050 afferimus,
2219 2982 2265 3040 si
2288 2981 2416 3037 huic
2442 2979 2562 3051 ejus
2584 2985 2858 3050 praecepto
2875 2990 3164 3047 pareamus
3195 2992 3209 3030 :
3246 2972 3461 3028 Honore

232 3085 453 3158 χοῢντες
510 3082 885 3155 προστάγματι
920 3079 1132 3148 λέγοντι
1156 3094 1169 3108 ’
1224 3076 1366 3145 Τίμα
1414 3071 1520 3126 τὸν
1570 3069 1787 3137 Κύριον

1888 3079 2175 3136 Dominum
2204 3076 2268 3132 de
2302 3077 2407 3129 tuis
2434 3072 2595 3142 iustis
2633 3069 2926 3133 laboribus,
2972 3077 3021 3124 et
3044 3066 3311 3138 primitias
3333 3066 3461 3136 oﬁ'er

228 3180 352 3235 ἀπὸ
395 3175 522 3232 σῶν
563 3174 805 3238 δικαίων
831 3173 1050 3234 πόνων,
1077 3167 1174 3222 καὶ
1192 3166 1461 3235 ἀπάρχου
1487 3160 1644 3228 αὐτῷ
1670 3158 1788 3214 ἀπὸ

1889 3175 1989 3244 ipsi
2015 3171 2079 3226 de
2111 3170 2214 3224 tuis
2234 3166 2463 3238 justitite
2483 3163 2742 3234 fructibus
2766 3162 2842 3216 ⁸⁷.
2893 3159 3113 3215 Nemini
3138 3167 3321 3215 autem
3342 3158 3463 3227 ejus

226 3271 360 3327 σῶν
394 3268 641 3339 καρπῶν
670 3265 1074 3331 δικαιοσύνης.
1123 3259 1214 3331 Τῷ
1260 3259 1318 3313 δὲ
1354 3256 1588 3328 ’ὀνόματι
1626 3248 1789 3306 αὐτοῦ

1890 3263 2119 3335 gloriam
2142 3258 2517 3318 conciliamus,
2533 3253 2578 3310 si
2596 3253 2816 3325 quando
2844 3252 3062 3308 luceant
3082 3267 3248 3322 opera
3275 3257 3463 3307 nostra

227 3360 387 3427 δόξαν
424 3358 816 3431 περιάπτομεν,
877 3351 1093 3406 ἐπειδὰν
1122 3350 1312 3421 λάμπῃ
1362 3345 1516 3418 ήμῶν
1546 3343 1614 3397 τὰ
1655 3341 1791 3412 ἔργα

1891 3368 2076 3410 coram
2106 3348 2419 3407 hominibus
2441 3391 2456 3416 ,
2488 3347 2564 3401 ita
2618 3354 2679 3400 ut
2728 3344 2974 3399 videntes
3008 3343 3111 3413 ipsi
3161 3340 3464 3411 gloriﬁcent

228 3452 537 3526 ἔμπροσθεν
598 3451 706 3506 τῶν
756 3446 1055 3520 ἀνθρώπων
1077 3462 1091 3476 ·
1125 3444 1264 3498 ὥστε
1315 3440 1556 3513 ὁρῶντας
1597 3435 1792 3499 αὐτούς

1891 3444 2107 3499 Patrem
2137 3447 2388 3497 nostrum
2408 3438 2500 3508 qui
2525 3438 2580 3491 in
2610 3434 2765 3491 coslis
2798 3441 2902 3487 est.
2935 3431 3056 3499 Quo
3090 3442 3250 3502 pacto
3285 3440 3464 3485 autem

170 3591 178 3599 .
228 3520 469 3608 δοξάζειν
522 3540 613 3593 τὸν
660 3536 880 3609 Πατέρα
932 3535 1088 3607 ὴμῶν
1140 3534 1230 3587 τὸν
1267 3535 1326 3586 ὲν
1370 3532 1484 3594 τοῖς
1524 3529 1746 3599 οὐρανοῖς

1892 3536 2055 3591 etiam
2086 3533 2230 3604 apud
2284 3539 2476 3602 gentes
2504 3527 2711 3583 nomini
2774 3525 2895 3593 ejus
2946 3522 3122 3594 gloria
3171 3520 3462 3587 referatur,

233 3634 422 3697 ὀπως
435 3632 493 3685 δὲ
510 3631 660 3704 παρὰ
685 3631 797 3694 τοῖς
825 3628 1000 3682 ἔθνεσι
1025 3625 1087 3679 τὸ
1105 3625 1274 3696 ὄνομα
1300 3620 1464 3678 αύτοῦ
1490 3618 1790 3685 δοξάζεται,

1894 3625 1983 3680 hic
2010 3624 2285 3695 propheta:
2316 3635 2494 3678 sermo
2528 3619 2785 3682 declarat,
2821 3616 2915 3687 qui
2942 3613 3223 3670 Iudaicam
3253 3623 3464 3686 gentem

227 3724 325 3779 καὶ
352 3725 381 3777 ό
429 3722 517 3778 διὰ
558 3721 653 3777 τοῦ
687 3722 961 3795 προφήτου
1010 3717 1302 3791 παρίστησι
1366 3714 1521 3783 λόγος
1567 3709 1701 3783 πρὸς
1732 3710 1794 3763 τὸ

1894 3716 2137 3787 respicit,
2176 3721 2228 3770 ct
2264 3716 2343 3769 sic
2374 3712 2536 3767 habet
2568 3726 2582 3762 :
2617 3708 2742 3763 Non
2773 3718 2852 3763 est
2872 3706 3112 3762 uoluntas
3148 3720 3264 3758 mea
3290 3704 3347 3757 in
3375 3719 3465 3757 vo-

239 3811 509 3867 Ἰουδαίων
571 3810 721 3874 ἔθνος
791 3807 1203 3878 ἀποτεινόμενος
1254 3805 1348 3859 καὶ
1421 3802 1592 3872 λέγων
1612 3817 1625 3829 ⁸
1673 3802 1793 3855 Οὐκ

1897 3806 1996 3870 bis,
2030 3805 2160 3859 dicit
2226 3803 2476 3858 Dominus
2526 3800 2876 3868 omnipotens,
2922 3805 2973 3852 et
3003 3796 3329 3866 sacri/icium
3362 3809 3468 3848 non

226 3902 367 3957 ἐστι
405 3919 524 3971 μου
564 3902 789 3971 θέλημα
840 3900 911 3956 ἐν
954 3899 1116 3970 ὑμῖν,
1154 3897 1315 3969 λέγει
1382 3897 1597 3965 Κύριος
1642 3908 1793 3948 παν-

1897 3899 2148 3967 accipiam
2173 3895 2236 3951 de
2253 3894 2496 3949 manibus
2524 3894 2739 3955 vestris;
2761 3890 2824 3945 ab
2853 3897 2971 3944 ortu
2989 3887 3126 3944 enim
3156 3887 3285 3943 solis
3307 3902 3467 3957 usque

226 3993 547 4064 τοκράτωρ,
593 3994 689 4048 καὶ
747 3993 965 4048 θυσίαν
1004 3994 1076 4046 οὐ
1118 3987 1518 4059 προσδέξομαι
1567 3987 1636 4040 ὲκ
1678 3984 1796 4041 τῶν

1897 3991 1966 4044 ad
2001 4006 2245 4044 occasum
2280 3987 2640 4060 gloriﬁcatum
2665 3992 2743 4039 est
2793 3998 2979 4036 nomen
3009 3995 3178 4034 meum
3215 3979 3270 4031 in
3296 3977 3467 4048 genti-

224 4086 445 4159 χειρῶν
487 4085 681 4155 ὑμῶν’
717 4086 863 4140 διότι
919 4085 1034 4140 ἀπὸ
1087 4080 1394 4139 ἀνατολῶν
1424 4081 1602 4150 ἡλίου
1620 4080 1797 4151 μέχρι

1898 4085 2022 4147 bus,
2056 4093 2106 4137 et
2137 4083 2188 4135 in
2211 4080 2357 4135 omni
2385 4080 2499 4133 loco
2539 4076 2835 4148 thymiama
2851 4073 3067 4143 oﬁ‘erlur
3097 4070 3300 4125 nomini
3328 4082 3463 4131 meo,

220 4176 483 4247 δυσμῶν
501 4176 855 4242 δεδόξασται
880 4176 947 4230 τὸ
969 4173 1154 4245 ὄνομά
1169 4192 1286 4245 μου
1316 4173 1385 4227 ἐν
1409 4172 1533 4238 τοῖς
1556 4171 1759 4226 ἔθνεσι
1776 4188 1790 4201 ⁸

1895 4186 1944 4231 et
1986 4175 2307 4244 sacri/icium
2363 4170 2635 4225 mundum.
2677 4167 2817 4234 Quia
2859 4180 3109 4235 magnum
3162 4171 3240 4217 est
3281 4175 3468 4214 nomen

226 4273 332 4328 καὶ
354 4271 613 4326 eratan
638 4273 797 4337 τόπῳ
840 4269 1101 4339 θυμίαμα
1142 4264 1537 4337 προσφέρεται
1560 4262 1638 4330 τῷ
1663 4264 1787 4317 ὀνό-

1900 4283 2067 4320 meum
2097 4266 2150 4317 in
2181 4261 2415 4334 gentibus
2442 4277 2461 4315 :
2489 4271 2539 4314 et
2569 4275 2656 4313 uos
2681 4256 2947 4328 polluistis
2981 4252 3114 4307 illud
3136 4252 3202 4306 ⁸⁸.
3242 4250 3325 4304 Ad
3353 4249 3468 4303 haec

224 4363 374 4435 ματί
396 4381 513 4433 μου
542 4362 639 4417 καὶ
665 4362 844 4417 θυσία
875 4338 1119 4429 καθαρά·
1149 4359 1296 4414 διότι
1325 4357 1480 4429 μέγα
1512 4357 1579 4411 τὸ
1613 4355 1799 4426 ὄνομά

1897 4358 2079 4415 omnia
2110 4357 2169 4423 ii,
2193 4355 2283 4425 qui
2320 4353 2415 4407 lilii
2450 4350 2545 4406 Dei
2576 4365 2699 4405 esse
2731 4348 3098 4408 declarantur,
3128 4342 3338 4398 scilicet
3374 4338 3468 4392 filii

225 4430 352 4529 μου
370 4430 440 4509 ἐν
457 4456 578 4523 τοῖς
601 4456 841 4512 ἔθνεσιν
861 4472 874 4485 ·
904 4452 1069 4523 ὑμεῖς
1098 4451 1165 4505 δὲ
1190 4449 1599 4518 ,ϐεϐηλοῦντες
1630 4448 1795 4503 αὑτό.

1900 4449 2152 4511 arietum,
2184 4445 2445 4512 iubentur
2472 4442 2703 4495 adorare
2723 4437 3015 4492 Dominum
3037 4434 3092 4487 in
3120 4430 3243 4485 aula
3279 4434 3469 4483 sancta

232 4521 383 4621 ῖῙρὸς
413 4521 619 4610 τούτοις
666 4548 866 4601 ἅπασιν
897 4521 953 4599 oi
977 4543 1308 4616 δηλωθέντες
1348 4542 1455 4595 υἱοὶ
1497 4541 1590 4595 τοῦ
1641 4540 1797 4605 Θεοῦ,

1900 4542 2041 4611 ejus.
2076 4538 2151 4610 (l)
2176 4536 2294 4591 Non
2328 4536 2443 4589 vult
2474 4532 2623 4589 enim
2677 4537 2831 4585 extra
2868 4528 3070 4590 aulam,
3105 4537 3281 4593 neque
3308 4521 3362 4575 in
3385 4534 3471 4575 se.

232 4643 269 4712 ἢ
307 4639 412 4693 υἱοὶ
446 4639 552 4692 τῶν
581 4638 747 4710 κριῶν
791 4638 1101 4692 κελεύονται
1160 4638 1482 4708 προσκυνεῖν
1509 4632 1587 4703 τῷ
1613 4632 1802 4704 Κυρίῳ

1903 4609 2084 4692 cessu,
2115 4609 2209 4681 aut
2249 4631 2490 4681 semotos
2546 4622 2777 4674 adorare
2821 4617 3035 4686 ipsum;
3068 4612 3162 4668 sed
3214 4609 3471 4666 accedere

231 4701 297 4786 ἐν
329 4728 465 4799 αὐλῇ
488 4701 826 4800 ἁγίᾳ-αὑτοῦ.
856 4730 928 4781 oe
950 4729 1059 4799 γὰρ
1084 4727 1189 4794 ἔξω
1206 4701 1307 4798 τῆς
1332 4724 1500 4795 αὐλῆς
1535 4701 1800 4794 βούλεται,

1901 4723 2055 4793 jubet
2076 4718 2143 4773 ad
2177 4715 2473 4772 Ecclesiam
2493 4729 2667 4770 suam.
2706 4709 2851 4765 Loco
2875 4717 3053 4761 autem
3073 4705 3241 4768 illius,
3268 4704 3323 4757 in
3346 4701 3471 4757 aula

230 4820 360 4875 οὐδὲ
385 4795 883 4889 ἀνακεχωρημένως
926 4795 1223 4880 ῖδιάζοντας
1263 4795 1590 4886 προσκυνεῖν
1634 4811 1802 4883 αύτῷ,

1906 4822 2093 4869 sancta
2121 4811 2234 4882 ejus
2252 4851 2267 4874 ,
2309 4808 2525 4877 Aquila,
2554 4807 2608 4859 in
2626 4803 2807 4858 decore
2835 4800 3200 4869 sanctiﬁcata;
3226 4795 3472 4868 Symma-

231 4911 352 4966 ἀλλ’
380 4909 728 4972 ἀπαντῶντας
748 4911 827 4973 είς
857 4909 956 4980 τὴν
997 4908 1320 4981 Ἐκκλησίαν
1350 4905 1535 4960 αὑτοῦ.
1579 4905 1722 4956 Ἀντὶ
1747 4902 1803 4956 δὲ

1912 4905 2049 4961 chus
2081 4918 2233 4967 vero,
2262 4902 2314 4955 in
2334 4899 2517 4954 decore
2568 4905 2773 4960 sancto,
2810 4892 3002 4949 edidit.
3035 4889 3160 4944 Vult
3186 4890 3331 4944 enim
3370 4902 3472 4942 nos

228 5004 353 5069 τοῦ,
404 5004 474 5056 ἐν
501 5000 661 5071 αύλῇ
684 5002 822 5072 ἁγίᾳ
850 4979 1055 5065 αὑτοῦ,
1092 5005 1121 5056 ό
1163 4979 1259 5073 μὲν
1295 4999 1543 5065 Ἀκύλας,
1569 4999 1638 5051 ἐν
1679 4995 1804 5049 δια-

1914 5013 2038 5052 cum
2083 4995 2268 5051 debito
2308 4999 2529 5057 ornatu,
2566 5005 2630 5043 ac
2662 4987 2772 5042 Deo
2823 4985 3020 5040 dilecta
3049 4981 3261 5052 justitia
3292 4979 3476 5033 adora-

227 5067 489 5168 πρεπείιι
528 5067 883 5166 ἡγιασμένη,
926 5067 1216 5160 ἐξέδωκεν’
1240 5097 1268 5147 ὁ
1289 5094 1347 5148 δὲ
1376 5092 1690 5164 Σύμμαχος,
1736 5089 1803 5143 ἐν

1913 5090 2121 5144 tionem
2154 5098 2431 5157 peragere,
2468 5078 2745 5137 sanctitati
2772 5090 3000 5148 prorsus
3046 5071 3258 5128 deditos
3288 5083 3354 5123 ac
3380 5067 3475 5121 de—

226 5190 585 5260 ὄιαπρεπείᾳ
608 5188 765 5259 ἁγίᾳ.
806 5187 1059 5242 Βούλεται
1078 5188 1185 5260 γὰρ
1225 5190 1369 5259 ἡμᾶς
1400 5190 1429 5241 ό
1477 5187 1631 5254 λόγος
1666 5181 1803 5255 μετὰ
1909 5182 2044 5237 cori.

226 5291 329 5349 τοῦ
367 5288 666 5360 πρέποντος
704 5286 928 5356 κόσμου,
961 5286 1055 5339 καὶ
1093 5250 1192 5355 τῖίς
1211 5250 1286 5355 τῶ
1308 5282 1427 5354 Θεῷ
1469 5250 1796 5354 προσφιλοῦς
1866 5275 2210 5347 δικαιοσύνης
2271 5272 2368 5346 τὴν
2423 5268 2793 5343 προσκύνησιν
2856 5262 3146 5325 ποιεῖσθαι,
3188 5256 3340 5316 ὅλους
3380 5250 3476 5305 αὖ·

227 5386 366 5447 τοὺς
397 5382 454 5435 ὲν
481 5379 737 5453 ἁγιασμῷ
760 5377 1083 5450 γενομένους
1109 5376 1206 5430 καὶ
1230 5379 1285 5430 ὲν
1314 5374 1630 5447 εὐπρεπείᾳ,

341 5599 390 5631 ⁸⁸
446 5597 593 5654 Psal.
645 5610 789 5659 xuv,
834 5592 918 5649 17.
992 5590 1039 5622 ⁸⁸
1078 5588 1210 5644 ibid.
1240 5586 1324 5640 ll.
1399 5584 1445 5616 “
1474 5582 1659 5638 Matth.
1685 5598 1737 5648 ν,
1792 5578 1878 5637 16.

1515 5582 1659 5638 latth.
1685 5598 1737 5648 ν,
1792 5578 1878 5637 16.
1954 5580 1995 5610 ⁸⁷
2036 5576 2200 5632 Prov.
2237 5591 2322 5642 ιιι,
2346 5574 2401 5631 9.
2479 5572 2522 5605 ⁸⁸
2560 5568 2787 5626 Malach.
2818 5581 2854 5633 ι,
2889 5556 3091 5617 ιο-ιε.

308 5780 386 5857 (l)
413 5777 647 5851 ldipsum
672 5777 779 5835 fere
808 5775 1041 5833 Basilius
1076 5772 1229 5836 dixit,
1257 5784 1361 5842 qua
1385 5766 1450 5824 de
1497 5781 1553 5821 re
1585 5764 1637 5819 in
1664 5760 1975 5835 praefatione
2003 5757 2215 5816 vidcsis.
