3980 6214
504 265 613 322 255

1239 259 1509 315 EUSEBII
1547 254 2026 312 CESABIENSIS
2061 253 2209 312 OPP.
2246 254 2425 309 PARS
2463 253 2553 310 ΙΙΙ.
2589 284 2662 295 -
2698 249 3098 306 EXEGETICA.

3616 246 3728 304 256

570 373 738 429 Vens.
776 374 830 428 5.
875 371 990 427 Vox
1027 371 1240 427 Domini
1282 387 1437 440 super
1485 385 1684 439 aquas,
1726 368 1868 423 Deus
1902 371 2058 439 maje-

2235 368 2406 437 Φωνὴ
2435 368 2654 436 Κυρίου
2684 366 2783 420 ἐπὶ
2818 364 2938 420 τῶν
2976 364 3225 427 ὑδάτων.
3252 368 3288 418 d
3321 364 3463 429 Θεὸς
3489 359 3601 429 τῆς
3627 362 3730 416 δό-

497 467 655 522 statis
690 464 955 526 intonuit;
998 463 1253 517 Dominus
1289 476 1442 530 super
1478 477 1642 531 aquas
1674 460 1892 515 multas.
1924 459 2062 526 Quia

499 576 626 617 cum
658 559 716 613 in
743 558 947 613 vertice
971 554 1203 612 Carmeli
1237 569 1330 608 aer
1360 568 1586 609 serenus
1613 558 1779 617 esset,
1810 552 2062 607 audiebat

498 667 687 710 vocem
728 665 993 723 aquarum
1027 648 1340 703 multarum.
1384 644 1463 699 Ac
1500 645 1547 701 si
1583 645 1707 715 quis
1752 643 2062 700 summatim

501 745 684 800 omnia
715 743 935 813 colligat
964 757 1085 811 qua:
1115 740 1170 793 in
1210 736 1396 793 Veteri
1437 736 1785 792 Testamento
1809 735 1877 791 de
1907 735 2063 807 aquis

500 838 773 901 feruntur,
810 836 857 891 is
890 848 1022 889 sane
1060 830 1265 886 videbit
1307 830 1473 885 illud:
1507 829 1737 898 Spiritus
1779 820 1878 882 Dei
1929 828 2064 897 fere-

499 932 655 987 batur
678 944 832 998 super
863 942 1055 998 aquam
1079 924 1123 956 ⁶⁹
1147 942 1161 991 ;
1193 930 1246 978 et
1268 923 1399 977 illud
1425 941 1438 976 :
1467 920 1708 975 Educant
1736 937 1886 992 aqua:
1904 921 2063 989 repti-

498 1023 574 1078 lia
605 1022 905 1076 animarum
934 1017 1237 1077 viventium,
1259 1023 1309 1068 et
1342 1013 1582 1068 volatilia
1603 1013 1679 1077 7°;
1709 1027 1774 1069 ea
1814 1013 1942 1067 item
1969 1011 2063 1066 de—

489 1113 793 1187 prehendet
840 1126 961 1182 quae
1010 1111 1067 1164 in
1119 1108 1324 1162 diluvio
1370 1114 1521 1176 gesta
1577 1111 1739 1167 sunt.
1788 1102 2063 1174 quomodo

489 1204 769 1267 videlicet,
805 1216 929 1256 cum
959 1199 1145 1255 omnia
1171 1197 1329 1267 aquis
1361 1195 1647 1250 submersa
1672 1198 1875 1257 essent,
1912 1191 2062 1246 solus

487 1295 601 1351 Noe
641 1310 766 1350 cum
796 1294 864 1349 iis
896 1292 987 1363 qui
1024 1291 1080 1345 in
1112 1305 1239 1344 arca
1269 1278 1428 1343 erant
1459 1286 1644 1340 salvus
1686 1283 1956 1347 evaserit,
1997 1297 2062 1337 ea

488 1388 663 1441 etiam
690 1400 811 1456 quae
842 1385 897 1439 in
924 1382 1180 1454 Aﬂgypto,
1216 1388 1271 1434 et
1299 1378 1355 1433 in
1389 1379 1528 1431 mari
1556 1375 1762 1441 Rubro,
1785 1383 1840 1430 et
1862 1389 1982 1444 quae
2006 1372 2062 1426 in

486 1476 768 1543 Jordane,
815 1492 923 1547 qua
957 1476 1168 1530 ratione
1202 1471 1295 1527 lilii
1339 1469 1505 1526 Israel
1538 1468 1687 1524 sicco
1719 1466 1855 1537 pede
1882 1473 2064 1521 trans-

494 1572 677 1627 ierint.

568 1661 738 1718 νεεδ.
774 1661 827 1715 4.
878 1660 991 1715 Vos:
1016 1658 1231 1712 Domini
1265 1657 1320 1710 in
1353 1654 1562 1710 virtute.
1590 1650 1724 1706 Nam
1755 1651 1849 1722 qui
1879 1650 2061 1705 omnia

2165 463 2275 531 ξης
2340 462 2694 531 ἐϐρόντησε·
2749 461 2962 528 Κύριος
3015 458 3115 512 ἐπὶ
3173 455 3406 513 ὑδάτων
3457 453 3731 513 πολλῶν.

2165 557 2306 620 Ὅτι,
2337 554 2550 627 αἰθρίας
2599 553 2764 625 οὔσης
2831 552 2923 605 ἐπὶ
2957 553 3055 625 τὴν
3086 550 3326 624 κορυφὴν
3368 548 3461 602 τοῦ
3493 547 3730 620 Καρμή-

2161 648 2274 712 λου,
2306 648 2470 719 ῆκουε
2511 647 2693 718 φωνὴν
2754 646 2958 700 ὑδάτων
2994 642 3222 698 πολλῶν.
3253 641 3365 696 Καὶ
3401 640 3556 706 ὅλως,
3599 658 3733 694 συν-

2162 739 2382 809 αγαγών
2405 756 2487 802 τις
2515 739 2582 792 τὰ
2599 740 2655 792 ὲν
2670 741 2736 810 τῇ
2762 737 2971 809 Παλαιᾷ
2996 736 3123 809 περὶ
3152 734 3357 789 ὑδάτων
3389 734 3735 803 ἀναγεγραμ-

2167 831 2323 902 μένα,
2377 832 2470 884 καὶ
2515 831 2590 894 ὡς
2638 830 2721 893 τὸ,
2772 828 3013 898 Πνεῦμα
3050 827 3157 881 τοῦ
3207 824 3354 880 Θεοῦ
3408 823 3734 893 ἐπεφέρετο

2161 924 2358 977 ἐπάνω
2385 923 2490 977 τοῦ
2521 923 2766 988 ὕδατος-ο
2811 922 2904 975 καὶ
2933 921 2993 975 τό
3013 938 3027 951 ο
3046 918 3402 989 Ἐξαγαγέτω
3440 917 3512 972 τὰ
3540 915 3733 969 ὕδατα

2162 1015 2376 1083 ἐρπετίι
2406 1013 2621 1084 ψυχῶν
2663 1012 2862 1075 ζωσῶν
2891 1012 2987 1066 καί
3021 1009 3257 1065 πετεινὰ
3303 1010 3627 1079 πετόμενον
3659 1007 3735 1062 τά

2161 1123 2219 1158 τε
2255 1107 2310 1159 ὲν
2337 1105 2415 1176 τῷ
2444 1105 2830 1176 κατακλυσμῷ,
2859 1104 2953 1169 ὡς,
2999 1105 3250 1158 ἁπάντων
3277 1100 3622 1174 ὑποϐρυχίων
3643 1117 3731 1168 γι-

2162 1198 2416 1268 νομένων,
2447 1198 2602 1269 μόνος
2633 1198 2662 1250 ὀ
2700 1198 2822 1250 Νῶε
2868 1197 2961 1250 καὶ
3001 1198 3050 1250 οἰ
3101 1196 3197 1248 σὺν
3238 1193 3384 1264 αὐτῷ
3414 1190 3732 1257 διεσώζοντο

2162 1287 2218 1338 ὲν
2247 1289 2311 1357 τῇ
2345 1284 2591 1356 κιϐωτῷ·
2622 1288 2717 1340 καὶ
2743 1286 2811 1339 τὰ
2847 1286 2944 1347 ,ἐπὶ
2972 1286 3069 1356 τῆς
3101 1283 3396 1353 Αἰγύπτου,
3427 1283 3523 1335 καὶ
3562 1281 3631 1335 τὰ
3668 1282 3732 1334 ὲν

2161 1380 2227 1448 τῇ
2266 1377 2499 1449 Ἐρυθρᾷ
2540 1376 2801 1451 θαλάσσῃ,
2829 1378 2922 1430 καὶ
2968 1376 3035 1429 τά
3075 1377 3133 1428 ὲν
3173 1373 3251 1445 τῷ
3288 1373 3547 1447 Ἰορδάνῃ,
3577 1373 3731 1437 ὅπως

2163 1469 2378 1542 ἀϐρόχῳ
2412 1468 2531 1523 ποδί
2556 1467 2864 1522 διεϐίϐασαν
2890 1468 2940 1519 οἰ
2968 1465 3072 1519 υἰοὶ
3113 1462 3345 1535 Ἰσραὴλ,
3375 1462 3584 1533 δψεται.

2233 1645 2403 1715 φωνὴ
2433 1645 2650 1713 Κυρίου
2687 1644 2756 1698 ἐν
2782 1643 2965 1713 ἰσχύϊ.
3003 1642 3062 1695 '0
3091 1640 3199 1713 γὰρ
3235 1640 3411 1694 πάντα
3443 1637 3639 1710 ἰσχύων
3667 1639 3733 1693 ὲν

495 1759 676 1823 potest
719 1752 774 1806 in
822 1750 1044 1804 Christo
1092 1749 1186 1818 qui
1236 1760 1295 1800 se
1344 1741 1653 1805 coniortat,
1707 1739 1755 1794 is
1794 1746 2058 1809 prazcepta

2163 1740 2241 1812 τῷ
2286 1738 2664 1810 ὲνδυναμοῦντι
2706 1736 2864 1791 αὑτὸν
2908 1735 3145 1807 Χριστῷ,
3200 1727 3355 1799 οὗτος
3400 1733 3587 1787 ἀκούει
3616 1731 3732 1787 τῶν

498 1845 712 1901 Domini
746 1844 919 1907 audit,
961 1850 1015 1897 et
1039 1856 1102 1895 ea
1138 1837 1477 1907 exsequitur.
1520 1832 1638 1888 Vox
1676 1846 1806 1903 ergo
1848 1828 2058 1885 Domini

2166 1830 2389 1887 ὲντολῶν
2418 1831 2642 1902 Κυρίου,
2672 1829 2767 1883 καὶ
2795 1831 2957 1882 ποιεῖ.
2990 1827 3145 1899 Φωνὴ
3183 1822 3274 1880 οὖν
3304 1825 3507 1896 Κυρίου
3532 1825 3631 1877 οὑκ
3666 1825 3732 1878 ὲν

494 1954 604 1993 non
634 1938 688 1990 in
712 1935 876 1990 debili
906 1948 969 1988 ac
994 1932 1172 1988 soluta
1209 1930 1412 1992 anima,
1447 1925 1542 1982 sed
1581 1925 1636 1979 in
1677 1924 1898 1978 robusta
1945 1935 2058 1991 qua:

2164 1930 2231 1999 τῇ
2282 1925 2497 1980 ἀσθενεῖ
2536 1925 2630 1977 καὶ
2675 1922 2938 1995 λελυμένῃ
2982 1922 3148 1992 ψυχῇ,
3173 1919 3286 1973 ἀλλ’
3327 1921 3384 1972 ὲν
3411 1921 3479 1990 τῇ
3524 1917 3733 1989 εὐτόνῳ

493 2031 703 2085 naviter
756 2028 958 2082 bonum
998 2030 1273 2094 operatur.
1339 2019 1453 2075 Vox
1502 2017 1715 2071 Domini
1761 2016 1819 2070 in
1861 2013 2067 2084 magni-

494 2122 729 2193 ﬁeentia.
758 2117 878 2172 Non
925 2132 1022 2187 per
1049 2129 1112 2170 ea
1145 2113 1320 2169 solum
1341 2150 1357 2175 ,
1410 2110 1609 2179 inquit,
1644 2121 1764 2176 qua:
1793 2105 1860 2160 de
1908 2102 2065 2173 aquis

494 2209 643 2264 dicta
668 2209 827 2263 nobis
860 2216 1009 2270 sunt,
1030 2220 1135 2259 vox
1166 2201 1381 2256 Domini
1414 2199 1719 2255 declaratur
1738 2239 1754 2265 ,
1777 2195 1871 2251 sed
1899 2194 2064 2250 etiam

496 2320 595 2376 per
626 2304 880 2357 virtutem
920 2308 973 2354 et
1024 2294 1485 2369 magnificentiam
1519 2293 1661 2362 ejus,
1696 2306 1859 2361 quam
1888 2289 2064 2344 oculis

498 2392 903 2467 deprehendere
936 2398 1138 2462 potest,
1168 2385 1423 2460 quisquis
1468 2383 1757 2441 confertim
1801 2381 2063 2437 mundum

498 2500 671 2546 totum
696 2499 1157 2560 quaquaversum,
1177 2491 1231 2537 et
1261 2490 1445 2552 partes
1477 2478 1597 2549 ejus
1628 2476 1904 2548 sigillatim
1933 2489 2064 2529 con-

493 2582 816 2652 templatur,
852 2590 1066 2632 necnon
1125 2571 1552 2627 incnarrahilem
1606 2566 2058 2638 magnitudinem,

496 2672 823 2729 ineﬂabilem
853 2664 1339 2740 pulchritudinem,
1367 2676 1430 2717 ac
1460 2661 1629 2715 multa
1654 2659 1916 2713 varietate
1939 2672 2063 2728 spe-

493 2763 772 2827 ctabilem,
796 2776 917 2832 qua:
940 2758 1075 2825 ipsis
1099 2757 1262 2821 inest,
1291 2753 1636 2824 sapientiam.
1655 2750 1786 2817 Quae
1806 2750 2060 2805 nimirum

495 2863 820 2928 potestatem
842 2851 1209 2919 virtutemque
1237 2847 1614 2901 universorum
1637 2842 1848 2912 opiﬁcis
1878 2848 2062 2910 aperte

491 2951 948 3004 commonstrant.
980 2941 1118 2996 Hinc
1149 2938 1404 3009 estquod
1447 2950 1727 2993 sermones
1760 2932 2059 3006 prophetici

2168 2019 2399 2094 ἰσχυρῶς
2441 2016 2880 2091 κατεργαζομένη
2922 2015 2982 2068 τὸ
3017 2012 3236 2081 ἀγαθόν.
3284 2010 3454 2079 Φωνὴ
3504 2009 3731 2078 Κυρίου

2164 2113 2233 2167 ἐν
2268 2110 2766 2183 μεγαλοπρεπείᾳ.
2797 2109 2871 2161 Οὑ
2914 2105 2999 2159 διὰ
3027 2106 3223 2176 μόνων,
3259 2103 3411 2173 φησί,
3438 2103 3545 2155 τῶν
3572 2104 3729 2174 εἰρηο

2168 2204 2341 2275 μένων
2363 2204 2491 2273 ἡμῖν
2518 2202 2646 2271 περὶ
2675 2199 2878 2253 ὑδάτων
2908 2199 2940 2269 ἡ
2972 2196 3121 2268 φωνὴ
3147 2195 3473 2267 παρίσταται
3497 2192 3590 2247 τοῦ
3616 2194 3732 2248 Κυ-

2166 2296 2311 2368 ρίου·
2351 2292 2484 2348 ἁλλά
2515 2294 2609 2346 καὶ
2641 2290 2728 2346 διὰ
2755 2291 2854 2360 τῆς
2884 2287 3063 2360 ἰσχύος
3095 2287 3258 2341 αὑτοῦ
3294 2288 3388 2339 καὶ
3423 2286 3522 2356 τῆς
3555 2302 3731 2356 μεγα-

2162 2387 2511 2459 λοπρεπείας,
2540 2384 2608 2455 ἣν
2640 2383 2784 2437 ἔστιν
2822 2381 3115 2451 ὀφθαλμοῖς
3146 2378 3475 2449 κατανοῆσαι
3516 2376 3731 2450 ἁθρόως

2161 2479 2251 2532 τὸν
2280 2477 2568 2549 σύμπαντα
2594 2476 2797 2545 κόσμον
2828 2474 3116 2545 ἀπείρατα,
3160 2471 3305 2534 ἰδίως
3345 2488 3404 2523 τε
3434 2470 3503 2523 τὰ
3535 2468 3729 2523 τούτου

2166 2571 2305 2642 μέρη
2348 2569 2698 2640 θεασάμενον,
2723 2567 2791 2621 τά
2813 2583 2873 2618 τε
2904 2563 3103 2637 μεγέθη
3148 2562 3216 2616 τὰ
3241 2563 3601 2633 ἀνεκδιήγητα
3628 2562 3730 2616 καὶ

2162 2662 2231 2718 τὰ
2273 2662 2620 2733 ἀνέκφραστα
2660 2658 2850 2731 κάλλη,
2898 2657 2998 2727 τήν
3042 2673 3101 2709 τε
3138 2657 3195 2709 ὲν
3234 2655 3413 2718 αὐτοῖς
3442 2654 3730 2726 ὁρωμένην

2162 2754 2536 2809 πολυποίκιλον
2593 2752 2781 2822 σοφίαν
2801 2768 2815 2781 ο
2859 2749 2894 2804 ἃ
2940 2749 3006 2821 δὴ
3045 2747 3297 2818 τυγχάνει
3347 2745 3731 2817 παραστατικά

2160 2846 2259 2916 τῆς
2289 2845 2382 2899 τοῦ
2428 2843 2834 2916 συστησαμένου
2878 2839 2943 2894 τὰ
2991 2839 3166 2893 πάντα
3209 2835 3482 2908 δυνάμεώς
3523 2852 3584 2889 τε
3627 2837 3729 2891 καὶ

2163 2933 2361 3005 ἰσχύος.
2390 2932 2580 2985 Ἔνθεν
2608 2934 2656 2985 οἱ
2678 2930 3005 3001 προφητικοὶ
3030 2927 3173 2996 λόγοι
3195 2926 3293 2999 τὴν
3323 2925 3594 2995 θεολογίαν
3615 2927 3730 2980 ἀπὸ

497 3040 590 3096 Dei
626 3036 913 3095 scientiam
949 3049 981 3087 a
1013 3031 1386 3103 magnitudine
1417 3043 1642 3098 operum
1679 3026 1798 3097 ejus
1828 3025 2058 3080 mutuati

527 3132 536 3137 .
669 3128 701 3137 Α
877 3126 889 3137 ι
1180 3120 1192 3137 I
1233 3119 1277 3137 I,
1308 3120 1509 3137 ,_,__!A_A_
1559 3117 1749 3137 Jran-__.
1796 3123 1905 3137 __s_
1960 3114 2028 3137 η-

2163 3024 2256 3095 τῆς
2283 3022 2679 3095 μεγαλουργίας
2710 3021 2872 3076 αὑτοῦ
2908 3020 3342 3093 παρελάμϐανον.
3388 3019 3482 3072 Διὸ
3510 3018 3726 3090 εἴρηται

2165 3115 2310 3137 ---Α
2342 3116 2407 3137 ,με
2761 3114 2962 3137 π).ι----
3014 3115 3040 3137 λ
3086 3110 3335 3137 _.-..z..-__
3373 3110 3487 3137 -.ιη
3516 3110 3629 3137 ως-.
3658 3111 3726 3137 ι.-

493 3132 624 3187 sint.
663 3126 1027 3195 Quamobrem
1052 3120 1193 3192 apud
1225 3119 1516 3175 Jeremiam
1551 3117 1757 3171 dictum
1789 3123 1908 3171 est:
1950 3114 2060 3169 Do-

497 3224 670 3278 minus
696 3220 787 3291 qui
828 3218 951 3289 fecit
982 3225 1177 3271 terram
1210 3214 1263 3267 in
1297 3209 1605 3281 fortitudine
1635 3226 1735 3264 sua
1758 3210 1826 3277 ⁷³,
1861 3220 1915 3264 et
1954 3223 2059 3263 ca:-

495 3323 635 3372 tera.

566 3404 732 3459 Vens.
768 3402 823 3464 5,
852 3400 904 3455 6.
949 3398 1063 3454 Vox
1104 3394 1321 3451 Domini
1355 3390 1731 3462 confringentis
1761 3390 1940 3443 cedros
1965 3402 1983 3439 :
2010 3393 2058 3440 et

454 3548 459 3555 .
495 3497 785 3567 confringet
810 3493 1067 3548 Dominus
1102 3488 1281 3544 cedros
1308 3485 1517 3550 Libani,
1548 3494 1598 3539 et
1628 3484 1939 3537 comminuet
1970 3498 2059 3536 eas

495 3602 748 3659 tanquam
804 3586 1024 3643 vitulum
1075 3582 1297 3645 Libani,
1350 3590 1400 3636 et
1451 3578 1670 3633 dilectus
1726 3575 2060 3646 quemadmo-

494 3700 621 3739 ωιτη
662 3683 807 3753 ﬁlius
852 3678 1207 3734 unicornium.
1252 3674 1370 3729 Hoc
1416 3674 1546 3728 item
1598 3670 1757 3725 modo
1792 3671 2060 3739 interpre-

497 3776 630 3831 teris
656 3792 671 3829 :
705 3787 800 3843 per
829 3771 1058 3825 vitulum
1084 3766 1298 3829 Libani,
1325 3764 1491 3819 lilium
1524 3762 1885 3824 unicornium,
1913 3760 2059 3814 vide-

496 3872 589 3918 tur
610 3859 1040 3929 Hierosolymam
1074 3854 1343 3917 indicare,
1375 3860 1539 3922 atque
1560 3852 1712 3905 illum
1740 3850 1946 3920 pridem
1974 3847 2059 3902 di-

496 3956 696 4011 lectum
727 3952 896 4007 lilium
922 3947 1291 4004 unicornium.
1316 3944 1452 3999 Nam
1483 3959 1552 3999 ex
1581 3943 1788 3999 sanctis
1811 3940 2055 4012 patrihus

495 4048 603 4102 orti
641 4052 790 4108 sunt,
837 4043 932 4113 qui
974 4040 1104 4094 olim
1155 4037 1448 4092 unicornes
1489 4034 1886 4097 vocitabantur,
1930 4031 2055 4101 quia

494 4153 607 4192 uno
633 4135 743 4191 Deo
775 4132 943 4188 veluti
973 4145 1144 4184 cornu
1176 4135 1305 4183 sunt
1340 4125 1425 4180 usi
1453 4144 1465 4178 :
1504 4138 1608 4193 qua
1642 4124 1710 4177 de
1757 4137 1816 4176 re
1855 4120 2054 4190 gloria-

495 4229 696 4284 bantur
736 4223 823 4279 his
860 4220 1078 4278 verbis:
1131 4217 1194 4271 1n
1238 4225 1284 4270 te
1309 4214 1545 4268 inimicos
1600 4221 1805 4266 nostros
1835 4210 2055 4264 ventila-

428 4366 446 4390 ,
495 4318 665 4371 bimus
696 4330 857 4369 cornu
880 4313 949 4366 τ’.
974 4310 1215 4377 Quorum
1248 4306 1341 4361 lilii
1377 4305 1543 4370 fuere,
1570 4303 1736 4357 duces
1764 4300 1955 4355 δαείω]
1989 4317 2054 4355 ex

2161 3115 2312 3188 παρὰ
2338 3116 2415 3188 τῷ
2448 3114 2715 3189 Ἱερεμίᾳσ
2754 3114 2966 3183 Κύριος
3007 3115 3040 3166 ὀ
3080 3110 3337 3180 ποιήσας
3373 3110 3487 3181 τὴν
3514 3110 3629 3182 γῆν
3653 3111 3729 3164 ἐν

2160 3207 2437 3279 τῇηἰσχύϊ
2460 3207 2668 3271 αὐτοῦ,
2707 3206 2801 3259 καὶ
2833 3204 2901 3258 τὰ
2930 3202 3077 3275 ἑξῆς.
3218 3221 3224 3227 ο

2228 3387 2398 3456 Φωνὴ
2441 3387 2658 3456 Κυρίου
2691 3384 3118 3454 συντρίϐοντος
3158 3380 3439 3449 κέδρους”
3482 3379 3726 3447 συντρί-

2158 3480 2259 3547 ψει
2308 3479 2523 3545 Κύριος
2560 3475 2666 3542 τὰς
2704 3474 2954 3543 κέδρους
3005 3471 3113 3525 τοῦ
3156 3469 3440 3525 Λιϐάνουσ
3482 3468 3582 3521 καὶ
3617 3470 3725 3521 ..ιε-

2158 3568 2373 3622 πτυνεῖ
2408 3565 2594 3633 αὐτὰς
2621 3567 2700 3632 ὡς
2732 3564 2837 3618 τὸν
2868 3566 3108 3634 μόσχον
3148 3561 3253 3616 τοῦ
3295 3558 3553 3615 Λιϐάνου
3595 3557 3726 3631 (sic)

2159 3660 2255 3713 καί
2296 3662 2327 3714 ὁ
2365 3656 2746 3729 tiranqu
2776 3658 2855 3724 ὡς
2888 3656 3018 3723 υἰύς
3040 3653 3481 3727 μονοκερώτων.
3519 3651 3591 3705 Ἢ
3626 3651 3727 3705 καὶ

2155 3746 2357 3812 οὕτως·
2386 3748 2598 3819 Μόσχον
2641 3747 2784 3801 ἔοικε
2828 3746 3081 3811 Λιϐάνου,
3123 3746 3212 3800 τὸν
3257 3746 3372 3798 υἱὸν
3420 3741 3727 3816 μονοκερώ-

2157 3857 2285 3905 των,
2315 3837 2411 3909 τὴν
2446 3838 2797 3909 Ἰερουσαλὴμ
2822 3838 3021 3907 λέγειν,
3057 3837 3151 3890 καὶ
3189 3836 3278 3889 τὸν
3305 3835 3470 3889 πάλαι
3499 3836 3725 3906 ἠγαπη-

2161 3927 2316 3999 μένον
2350 3926 2460 3980 υἰὸν
2505 3926 2905 3998 μονοκερώτων.
2957 3926 3108 3979 Ἐπεὶ
3156 3924 3403 3996 πατέρων
3434 3923 3725 3992 γεγόνασιν

2158 4021 2347 4090 ἁγίων,
2389 4020 2583 4083 οἵτινες
2630 4018 2875 4088 ἐλέγοντο
2922 4018 3309 4091 μονοκέρωτες,
3339 4016 3428 4070 διά
3468 4015 3529 4069 τὸ
3574 4016 3724 4086 μόνῳ

2157 4110 2274 4182 θεῷ
2311 4112 2497 4184 κέρατι
2523 4110 2841 4181 κεχρῆσθαι,
2867 4110 2941 4173 ὡς
2968 4111 3052 4163 ἐπ’
3078 4108 3223 4179 αὐτῷ
3246 4107 3599 4179 σεμνύνεσθαι
3623 4108 3725 4162 καὶ

2156 4205 2352 4275 λέγειν·
2398 4206 2492 4257 Ἐν
2523 4203 2623 4257 σοί
2651 4202 2791 4269 τοὺς
2829 4202 3079 4272 ἐχθροὺς
3108 4201 3275 4271 ἡμῶν
3315 4200 3720 4269 κερατιοῦμεν.

2157 4292 2255 4350 ’Ὧν
2287 4298 2391 4350 υἱοὶ
2436 4296 2718 4365 γεγόνασιν
2749 4296 2797 4347 οἰ
2832 4293 3119 4365 ἡγούμενοι
3159 4291 3266 4346 τῶν
3311 4293 3374 4344 ὲκ
3419 4292 3724 4363 περιτομῆς

493 4406 935 4469 circumcisione,
970 4404 1049 4459 sic
1075 4404 1220 4457 enim
1252 4399 1306 4454 in
1346 4398 1468 4452 aliis
1497 4396 1827 4451 cditionibus
1856 4409 2055 4449 vocan-

2163 4392 2367 4463 Σαρίων
2394 4390 2466 4462 (1)
2495 4388 2723 4442 ἐνταῦθα
2745 4388 3064 4460 κεκλημένοι
3085 4387 3223 4440 κατὰ
3254 4386 3352 4451 τὰς
3380 4386 3542 4449 ἄλλας
3568 4386 3726 4439 ἐκδό-

494 4512 605 4567 tur,
640 4519 747 4573 qua
786 4515 918 4555 voce
962 4496 1216 4567 principes
1248 4492 1645 4561 signiﬁcantur.
1692 4490 1798 4545 Eos
1830 4490 2056 4544 commi-

2164 4499 2295 4545 σεις,
2326 4483 2353 4535 ὃ
2388 4484 2749 4554 ἑρμηνεύεται
2773 4479 3076 4549 ἄρχοντες,
3098 4477 3190 4541 οὓς
3213 4477 3406 4549 ἀπειλῇ
3435 4476 3724 4548 συνέτριψε

496 4596 718 4650 natione
751 4592 1009 4648 contrivit
1043 4603 1161 4652 sua,
1196 4601 1305 4641 una
1338 4602 1462 4640 cum
1487 4583 1856 4653 Hierosolyma
1890 4597 2051 4652 quam

494 4687 724 4740 vitulum
758 4691 812 4738 et
869 4683 1138 4737 Libanum
1190 4683 1488 4746 nuncupat.
1550 4675 1606 4729 ld
1669 4675 1812 4729 enim
1872 4682 2053 4742 aperte

498 4775 745 4830 Ezechiel
766 4773 1029 4844 propheta
1057 4769 1381 4840 signiﬁcavit
1404 4769 1487 4822 his
1510 4766 1720 4821 verbis:
1743 4763 1870 4818 "rec
1890 4763 2050 4817 dicit:

494 4866 690 4939 Aquila
709 4864 926 4936 grandis
949 4879 1261 4934 magnarum
1283 4861 1510 4924 alarum,
1535 4859 1685 4929 longo
1706 4857 2052 4911 membrorum

495 4960 679 5023 ductu,
719 4957 873 5026 plena
924 4953 1208 5025 unguibus,
1252 4952 1563 5020 ductumque
1608 4948 1757 5001 habet
1802 4958 1855 5000 ut
1887 4949 2054 5016 ingre-

495 5053 677 5108 diatur
700 5053 754 5105 in
785 5049 1067 5111 Libanum,
1091 5055 1140 5101 et
1167 5046 1287 5100 tulit
1308 5044 1501 5099 selecta
1531 5041 1692 5105 cedri,
1723 5039 2050 5093 summitates

497 5144 763 5219 frondium
795 5152 1122 5202 tenerarum,
1168 5147 1216 5191 et
1244 5135 1433 5189 detulit
1465 5150 1528 5187 ea
1560 5133 1613 5185 in
1653 5141 1846 5185 terram
1890 5127 2053 5183 Chal-

495 5239 730 5295 da'orum
775 5230 1077 5306 [Chanaan]
1120 5230 1184 5284 ⁷³.
1245 5227 1376 5294 Quae
1426 5228 1540 5297 ipse
1588 5224 1642 5278 in
1704 5221 2051 5293 sequentibus

497 5331 885 5400 interpretatur
932 5322 1161 5377 dicens:
1209 5319 1342 5373 Cum
1384 5315 1576 5371 venerit
1623 5312 1732 5367 Rea:
1765 5311 2049 5383 Babylonis

2164 4572 2299 4644 μετά
2326 4572 2426 4642 τῆς
2467 4571 2839 4643 Ἰερουσαλὴμ,
2865 4569 2930 4640 ἥν
2960 4569 3155 4641 μόσχον
3188 4568 3289 4639 ἔφη
3331 4568 3425 4622 καὶ
3465 4567 3721 4621 Λίϐανον.

2160 4665 2488 4737 Σαφᾶκᾼγάρ
2523 4664 2781 4734 Ἰεζεκιὴλ
2818 4663 2846 4714 ὁ
2876 4663 3161 4733 προφήτης
3202 4662 3357 4714 τοῦτο
3404 4660 3723 4732 παρέστησε

2158 4759 2365 4830 φήσαςο
2412 4756 2555 4811 Τάδε
2597 4755 2793 4823 λέγει·
2847 4755 2900 4806 '0
2938 4754 3110 4819 ἀετὸς
3158 4756 3191 4807 ό
3231 4753 3417 4823 μέγας
3458 4756 3490 4806 ό
3535 4768 3726 4821 μετα-

2156 4848 2539 4918 λοπτέρυγος,
2581 4851 2613 4902 ό
2637 4845 2865 4917 μακρὸς
2898 4844 2971 4913 τῇ
3013 4844 3267 4908 ἐκτάσει,
3304 4842 3539 4912 πλήρης
3587 4843 3726 4896 ὀνύ-

2158 4958 2279 5010 χων
2307 4940 2373 5006 ὃς
2397 4940 2520 5009 ἔχει
2549 4938 2615 4991 τὸ
2645 4938 2841 5006 ﬁmus:
2871 4937 3166 4990 εἰσελθεῖν
3190 4939 3275 5002 εἰς
3302 4934 3410 4988 τὸν
3434 4935 3726 4996 Λίϐανον,

2158 5034 2255 5088 καί
2288 5032 2463 5086 ἔλαϐε
2497 5029 2571 5083 τὰ
2593 5029 2874 5083 ἐπίλεπτα
2917 5026 3025 5096 τῆς
3056 5027 3288 5096 κέδρου,
3323 5026 3395 5081 τὰ
3420 5025 3572 5094 άκρα
3606 5025 3727 5093 τῆς

2157 5126 2550 5192 άπαλότητος,
2592 5122 2691 5176 καὶ
2746 5122 3000 5191 ἤνεγκεν
3052 5118 3203 5175 αὐτὰ
3257 5121 3344 5184 εἰς
3395 5117 3512 5189 γῆν
3563 5119 3728 5173 Χαλι-

2155 5215 2361 5270 δαίων·
2390 5213 2424 5268 ἃ
2451 5215 2544 5267 καὶ
2565 5213 2652 5266 διὰ
2677 5212 2784 5266 τῶν
2813 5211 2937 5281 ἑξῆς
2963 5212 3272 5283 ἡρμήνευσε
3300 5209 3473 5279 λέγων
3497 5225 3512 5240 ·
3542 5210 3726 5262 Ὅταν

2156 5308 2301 5376 ἔλθῃ
2327 5305 2624 5372 βασιλεὺς
2650 5305 3004 5371 Βαϐυλῶνος
3030 5304 3131 5358 ἐπὶ
3177 5300 3583 5372 Ἰερουσαλὴμ,
3621 5302 3727 5354 καὶ

566 5485 610 5518 ⁶⁹
636 5484 833 5540 Genes.
865 5494 905 5546 ι,
931 5477 987 5533 2.
1085 5476 1130 5506 ⁷⁸³
1162 5471 1292 5531 ibid.
1322 5470 1413 5525 20.
1489 5470 1531 5501 7‘
1584 5466 1782 5523 Jercm.
1810 5482 1863 5531 Χ,
1890 5464 1975 5520 19..
2049 5464 2058 5495 "

2163 5462 2268 5517 ‘sal.
2301 5477 2449 5529 xttu,
2480 5462 2532 5518 6.
2610 5462 2654 5494 ⁷³
2684 5459 2881 5517 Ezech.
2906 5475 3040 5524 xvn,
3071 5459 3124 5514 5.

568 5641 644 5709 (ι)
678 5638 794 5693 Vox
817 5631 1339 5709 Septimum-aliquis
1365 5632 1768 5709 interpretilms_
1795 5641 2074 5698 expressa,
2113 5639 2174 5679 ex
2212 5624 2476 5683 llebraico
2532 5624 2709 5683 Sirion
2758 5620 3007 5680 confecta
3042 5624 3125 5676 est
3150 5632 3165 5683 ;
3192 5614 3545 5691 Septuaginta
3586 5630 3721 5674 vero

495 5702 824 5781 Interpretcs
857 5702 1224 5779 ἠγαπημένον,
1248 5702 1514 5765 dilectum,
1539 5703 1884 5756 transtulere.
