3992 6216
276 309 380 364 937
1398 306 1902 364 COMMENTARIA
1940 308 2008 364 1N
2045 303 2382 363 PSALMOS.
3396 312 3507 368 23$

274 424 531 497 λήψεται
554 427 662 482 τὸν
691 425 955 488 ,βασιλέα
982 424 1172 496 αὐτῆς
1205 427 1301 481 καὶ
1326 426 1429 480 τὸν
1456 426 1716 496 ἄρχοντα
1738 430 1841 482 αὐ-

1942 428 1998 481 in
2040 426 2338 481 lerusatem
2364 468 2378 493 ,
2453 434 2683 480 assumet
2739 442 2907 496 regem
2971 444 3084 495 ejus
3114 436 3163 482 et
3219 430 3502 502 principem

276 518 406 589 τῆς.
459 518 692 582 Τούτους
730 518 839 590 γὰρ
876 518 1160 573 ἐπίλεπτα
1209 515 1299 568 καὶ
1344 517 1496 586 ἄκρα
1543 518 1842 588 κέκληκεν

1943 519 2057 589 ejus
2081 519 2221 573 "-‘3.
2238 517 2349 573 Hos
2374 518 2564 572 selecto
2587 526 2761 585 vocat,
2789 528 2838 574 et
2862 523 3188 575 summitates
3234 522 3504 590 frondium

275 610 676 679 ἀπαλότητος.
721 611 934 682 Μόσχον
964 610 1021 663 δὲ
1062 610 1230 680 αὐτῆς
1273 627 1405 681 φησι
1448 611 1508 665 τὸ
1551 611 1843 682 θυσιαστή-

1944 622 2244 667 tenerarum
2292 612 2432 682 ejus.
2463 610 2706 665 Vitulum
2745 619 2923 666 autem
2950 613 3091 683 ejus,
3120 614 3291 669 altare
3324 624 3501 679 vocat,

280 718 413 775 ριον,
444 704 503 757 ἐν
526 698 570 771 ᾧ
600 704 829 775 μόσχους
857 704 949 757 καὶ
979 702 1167 765 Θυσίας
1192 702 1454 773 ἀνέφερον
1476 722 1489 734 ο
1515 704 1551 758 ἃ
1578 704 1640 776 δὴ
1669 705 1842 759 πάντα

1942 704 1997 759 in
2026 721 2134 776 quo
2157 706 2355 759 vitulos
2386 711 2439 758 et
2480 703 2745 759 sacrificia
2775 703 3093 761 offerebant.
3130 706 3262 772 Quae
3299 709 3499 771 omnia,

277 794 660 867 συντέτριπται
702 795 839 866 μετὰ
853 794 1132 866 Σαρίων,ὄ
1164 795 1310 849 ἐστιν
1340 797 1633 867 ἀρχόντων.
1654 797 1839 862 Οὐτως

1942 816 2048 854 una
2078 815 2201 854 cum
2237 797 2444 860 Sariis,
2479 795 2531 849 id
2572 805 2655 851 est
2702 797 3045 867 principibus
3090 798 3230 867 ejus,
3268 799 3504 853 contrita

273 878 368 938 οὖν
398 902 530 956 φησι
562 885 833 958 συντρίψει
863 886 956 939 καὶ
998 886 1123 950 τοὺς
1157 887 1215 939 ἐν
1260 889 1371 950 τοῖς
1399 886 1604 951 λοιποῖς
1636 887 1841 942 ἔθνεσιν

1942 905 2089 947 sunt.
2124 890 2221 956 Ita,
2257 890 2455 960 inquit,
2501 896 2819 943 eteterarum
2858 890 3095 958 gentium
3133 891 3330 961 impios
3372 906 3504 947 con-

272 974 508 1042 ἀσεϐεῖς,
547 979 670 1041 τοὺς
698 976 1086 1048 ἐπαιρομένους
1111 976 1186 1041 ὡς
1213 978 1311 1041 τὰς
1356 978 1578 1050 κέδρους
1610 977 1701 1032 τοῦ
1737 980 1833 1033 Λι-

1801 1009 1833 1030 ,-
1940 988 2099 1047 teret,
2133 982 2222 1052 qui
2256 981 2428 1035 instar
2458 979 2749 1035 cedrorum
2782 977 2973 1034 Libani
3010 980 3377 1051 erigebantur.

272 1069 459 1124 ϐἀνου.
2704 1080 2707 1085 ’

343 1158 512 1228 Φωνὴ
542 1158 758 1227 Κυρίου
803 1159 1204 1227 συσσείοντος
1231 1160 1473 1229 ἔρημον,
1514 1162 1838 1217 συσσείσει

2011 1161 2176 1217 Vens.
2205 1160 2258 1215 8.
2317 1159 2432 1213 Vox
2479 1158 2695 1214 Domini
2742 1159 3084 1215 concutientis
3123 1159 3406 1224 desertum,
3454 1168 3504 1216 et

270 1253 485 1320 Κύριος
524 1252 638 1320 τὴν
674 1253 895 1323 ἔρημον
941 1250 1159 1319 Κάδης.
1205 1254 1441 1325 Ἀληθῶς
1483 1254 1587 1326 γὰρ
1632 1258 1665 1326 ἡ
1701 1254 1841 1327 σύμ-

1940 1254 2275 1310 commocebit
2324 1251 2582 1307 Dominus
2626 1253 2890 1307 desertum
2943 1252 3133 1308 Gades.
3172 1251 3311 1308 Vere
3357 1262 3502 1309 totus

270 1363 417 1399 πασα
446 1344 553 1397 τῶν
586 1345 886 1419 ἀνθρώπων
918 1347 1229 1417 οἰκουμένη,
1262 1346 1463 1418 ἔρημος
1489 1343 1623 1400 οὖσα
1647 1348 1838 1418 πρότε-

1938 1350 2087 1404 orbis
2120 1348 2421 1410 hominum,
2443 1362 2567 1401 eum
2596 1355 2721 1401 ante
2750 1345 2844 1400 Dei
2874 1346 3183 1416 cognitione
3218 1362 3281 1401 ac
3308 1347 3504 1416 pietate

271 1456 361 1511 ρον
392 1438 526 1492 Θεοῦ
553 1441 804 1507 γνώσεως
828 1442 921 1494 καὶ
945 1439 1244 1504 εὐσεϐείας,
1282 1438 1595 1510 συνεσείσθη
1631 1439 1716 1493 διὰ
1742 1438 1835 1492 τοῦ

1936 1452 2141 1491 vacuus
2170 1443 2220 1491 et
2266 1435 2514 1491 desertus
2549 1444 2726 1499 esset,
2761 1451 2859 1505 per
2895 1436 3263 1505 evangelicum
3306 1437 3502 1506 praedi-

266 1532 617 1602 εὐαγγελικοῦ
651 1536 1022 1605 κηρύγματος,
1066 1533 1139 1597 ὼς
1174 1531 1496 1603 μεταϐαλεῖν
1533 1533 1699 1603 αὐτὴν
1730 1533 1836 1586 ἀπὸ

1937 1530 2206 1582 cationem
2243 1536 2551 1582 commotus
2586 1534 2704 1591 est,
2756 1527 2830 1580 ita
2865 1538 2921 1581 ιιι
2951 1542 2980 1581 a
3021 1528 3264 1597 nequitia
3292 1529 3358 1582 ad
3389 1529 3500 1584 vir-

266 1625 466 1689 κακίας
511 1626 590 1687 είς
620 1625 839 1697 ἀρετὴν,
889 1625 983 1679 καὶ
1011 1625 1118 1679 ἀπὸ
1149 1624 1369 1692 ἀγνοίας
1407 1626 1485 1688 εἰς
1527 1626 1836 1698 ἐπιστήμην

1937 1630 2106 1675 tutem
2129 1664 2143 1686 ,
2181 1620 2249 1674 ab
2292 1618 2596 1689 ignorantia
2633 1618 2698 1671 ad
2723 1619 3004 1673 scientiam
3043 1619 3280 1672 divinam
3315 1626 3498 1675 trans-

267 1714 437 1770 θείαν.
465 1716 690 1784 Γέγονεν
725 1711 816 1769 οῦν
845 1716 902 1783 ἐξ
932 1717 1137 1786 ἐρήμου
1170 1715 1478 1787 οἰκουμένη.

1938 1720 2162 1767 mearet.
2208 1710 2286 1764 Ex
2320 1710 2536 1766 deserto
2581 1710 2747 1783 igitur
2778 1710 3056 1766 habitatus
3084 1710 3233 1765 orbis
3274 1710 3498 1768 eﬂectus

1861 1802 1904 1858 B
1932 1812 2033 1858 est.

338 1894 510 1962 Φωνὴ
564 1896 787 1966 Κυρίου
846 1895 1330 1966 καταρτιζομένου
1383 1894 1668 1965 ἐλάφους,
1730 1895 1830 1950 καὶ

2002 1893 2169 1950 Vens.
2203 1893 2385 1949 9-H.
2438 1892 2550 1947 Vos:
2576 1892 2790 1946 Domini
2819 1893 3171 1960 pra’parantis
3213 1910 3406 1958 cervos,
3448 1905 3499 1949 et

266 1984 647 2053 ἀποκαλύψει
687 1985 963 2054 δρυμοὺς,
992 1985 1090 2039 καὶ
1128 1986 1198 2039 ἐν
1236 1984 1315 2051 τῷ
1345 1986 1468 2051 ναῷ
1498 1987 1681 2041 αὐτοῦ
1712 1987 1831 2054 πᾶς

1930 1984 2178 2040 reuelabit
2219 1984 2502 2047 condensa,
2534 1993 2581 2037 et
2616 1983 2671 2036 in
2722 1983 2915 2053 templo
2956 1983 3069 2051 ejus
3112 1999 3290 2038 omnes
3327 1985 3497 2039 dicent

268 2094 360 2143 τις
402 2077 561 2147 λέγει
611 2078 816 2143 δόξαν.
868 2079 1125 2148 Ἑλάφους
1155 2079 1284 2151 γὰρ.
1326 2080 1509 2152 φησιν,
1556 2082 1584 2133 ὁ
1628 2080 1831 2151 Κύριος

1930 2080 2178 2150 gloriam.
2213 2076 2346 2131 Nam
2394 2076 2688 2141 Dominus,
2724 2077 2936 2146 inquit,
2971 2091 3162 2131 cervos
3209 2085 3494 2147 praeparat.

267 2169 733 2240 καταρτισάμενος
757 2187 769 2199 ·
801 2169 936 2235 ζῶον
982 2170 1279 2243 φιλέρημον
1310 2171 1621 2240 ὁφιοκτόνον
1646 2189 1705 2225 τε
1740 2175 1832 2226 καὶ

1932 2170 2027 2224 Est
2053 2169 2254 2225 animal
2289 2168 2600 2224 solitudinis
2630 2182 2843 2231 amans,
2885 2168 3230 2237 serpentibus
3258 2168 3495 2231 exitiale.

264 2261 622 2333 κερασφόρον,
661 2263 755 2316 καὶ
799 2263 938 2316 κατά
972 2265 1062 2317 τὸν
1110 2264 1272 2334 νόμον
1332 2263 1594 2336 καθαρὸν,
1642 2264 1703 2318 ὃν
1751 2266 1835 2332 ἐξ·

1929 2271 1981 2315 et
2013 2270 2324 2326 cornutum,
2360 2270 2522 2332 atque
2565 2259 2863 2315 secundum
2899 2259 3067 2331 legem
3097 2261 3359 2315 mundum
3392 2269 3494 2325 est,

264 2348 511 2420 ἐπεμψεν
528 2352 606 2415 εἰς
626 2352 723 2423 τὴν
743 2352 1176 2425 προδηλωθεῖσαν
1207 2353 1430 2437 ἔρημον.
1460 2356 1522 2408 Οἱ
1546 2355 1602 2408 δὲ
1630 2355 1832 2425 ταύτην

1930 2366 1993 2402 ac
2028 2351 2082 2403 in
2107 2349 2425 2420 praedictum
2454 2351 2729 2405 desertum
2755 2349 3015 2405 emissum
3054 2349 3174 2405 fuit.
3200 2350 3303 2417 Qui
3336 2366 3499 2422 porro

261 2440 643 2514 διαδραμόντες
672 2443 797 2507 τοὺς
828 2446 885 2496 ὲν
916 2446 1049 2517 αὐτῇ
1085 2445 1237 2515 ὄφεις
1268 2435 1381 2511 τοῖς
1424 2449 1631 2503 ἑαυτῶν
1671 2467 1827 2503 κατε-

1930 2440 2205 2496 deSertum
2239 2441 2552 2510 hujusmodi
2582 2435 2947 2512 percurrunt,
2967 2449 3248 2510 serpentes
3271 2441 3502 2512 pedibus

260 2533 510 2606 πάτησαν
539 2535 683 2598 ποσὶ,
713 2535 890 2589 πάντα
935 2553 995 2589 τε
1025 2536 1094 2590 τά
1124 2538 1180 2590 ἐν
1208 2540 1270 2609 τῇ
1300 2540 1489 2611 ἐρήμῳ
1530 2541 1705 2595 ίοϐόλα
1737 2541 1833 2615 θη-

1931 2535 2047 2589 suis
2077 2540 2385 2604 proterunt,
2410 2534 2704 2602 omniaque
2753 2541 3021 2587 venenata
3063 2535 3115 2586 in
3167 2548 3349 2588 eremo
3377 2534 3497 2588 ani-

263 2624 350 2695 ρία
381 2625 597 2697 μακρὰν
635 2626 917 2699 ἀπήλασαν
940 2645 953 2659 ’
983 2621 1057 2683 ὧν
1097 2629 1416 2695 ἐλαθέντων,
1451 2633 1831 2705 ἀπεκαλύφθη·

1932 2627 2095 2681 malia
2156 2625 2346 2697 procul
2397 2624 2641 2695 abigunt.
2698 2623 2909 2689 Quibus
2957 2623 3201 2693 depulsis
3260 2625 3498 2680 revelata

261 2732 359 2770 σαν
388 2719 435 2770 ot
468 2718 660 2789 δρυμοί
685 2736 699 2750 ⁸
732 2721 839 2775 Kal
879 2721 949 2773 ἐν
987 2720 1068 2787 τῷ
1103 2720 1227 2785 ναῷ
1260 2720 1378 2789 πᾶς
1410 2741 1499 2790 τις
1536 2726 1695 2795 λέγει
1729 2726 1828 2779 δό-

1932 2730 2061 2776 suut
2095 2727 2383 2789 querceta.
2417 2725 2467 2771 et
2495 2718 2549 2770 in
2594 2718 2784 2783 templo
2819 2716 2934 2784 ejus
2974 2732 3151 2770 omnes
3188 2715 3360 2770 dicent
3381 2716 3500 2787 glo-

258 2806 392 2872 εαν.
439 2809 648 2882 Σφόδρα
674 2812 915 2883 ἀκριϐῶς
942 2812 1186 2884 εἴρηται·
1220 2815 1322 2867 Καὶ
1356 2814 1425 2868 ἐν
1454 2814 1533 2881 τῷ
1575 2816 1697 2882 ναῷ
1728 2821 1831 2872 αὐ-

1931 2811 2085 2864 riam.
2125 2808 2346 2864 Summa
2382 2816 2530 2864 certe
2580 2808 2934 2861 accuratione
2978 2806 3182 2861 dictum
3211 2814 3315 2871 est,
3363 2818 3413 2862 et
3444 2810 3498 2863 in

258 2896 368 2951 τοῦ
412 2897 530 2965 πᾶς
564 2918 653 2966 τις
692 2905 857 2971 λέγει
909 2902 1129 2967 δόξαν·
1174 2904 1355 2956 οὐκέτι
1404 2904 1512 2977 γὰρ
1564 2906 1827 2972 Ἰουδαῖοι,

1933 2902 2120 2971 templo
2147 2902 2260 2972 ejus
2295 2918 2471 2956 omnes
2507 2900 2679 2955 dicent
2707 2899 2968 2971 gloriam;
3000 2916 3108 2954 non
3135 2901 3278 2955 enim
3302 2899 3495 2967 Judaei,

259 2987 379 3042 οὐδὲ
399 2991 427 3043 ὁ
454 2992 518 3044 ἐκ
548 2992 850 3063 περιτομῆς
887 2992 1034 3058 λαὸς,
1074 2994 1206 3047 ἀλλά
1236 2996 1340 3058 πᾶς
1363 3013 1447 3060 τις
1490 2999 1518 3051 ό
1550 2997 1607 3062 ἐξ
1652 2999 1829 3052 ἀπάν-

1929 3010 2105 3065 neque
2150 2994 2382 3064 populus
2413 3009 2479 3049 ex
2514 2991 2967 3057 circumcisione,
3011 2992 3106 3049 sed
3145 2993 3392 3065 quisquis
3431 3010 3496 3049 ex

258 3094 366 3134 των
392 3081 499 3135 τῶν
534 3081 700 3135 ἐθνῶν
722 3084 1092 3156 ἐπιστραφείς.
1124 3086 1337 3153 Κύριος
1378 3086 1559 3157 ἰσχὺν
1587 3088 1666 3155 τῷ
1699 3089 1827 3156 λαῷ

1931 3086 2186 3142 omnibus
2215 3086 2469 3157 gentibus
2503 3100 2805 3141 conversus
2834 3092 2938 3141 est.
2970 3083 3224 3140 Dominus
3255 3087 3496 3142 virtutem

255 3172 444 3226 αὑτοῦ
479 3172 687 3228 δώσει’
720 3141 934 3243 Κύριος
967 3141 1297 3245 ἐὐλογήσω
1330 3141 1613 3230 τὸν-’λαόν
1636 3141 1829 3232 ἀὐτοῦ

1932 3177 2119 3246 populo
2154 3141 2250 3231 tu;
2281 3175 2465 3239 dabit;
2498 3175 2760 3231 Dominus
2790 3174 3051 3231 benedicet
3096 3179 3286 3247 populo
3314 3141 3495 3232 suain

253 3265 327 3318 ἐν
351 3263 578 3334 εἰρήνῃ.
1756 3326 1761 3331 ἑ

499 3282 578 3334 ’Ὤο
1756 3326 1761 3331 ,
1932 3285 2075 3339 pace.

781 3357 1074 3435 ιιῐῘΑΛΜΟΣ
1108 3358 1283 3411 ΩΔΗΣ
2383 3357 2709 3414 PSALMUS
2747 3357 3022 3415 CANTICI

251 3447 394 3501 ΤΟΥ
414 3447 883 3504 ΕΓΚΔΙΜΣΜΟΥ
906 3451 1042 3505 ΤΟΥ
1065 3451 1277 3507 ΟΙΚΟΥ
1300 3452 1441 3508 ΤΟΥ
1468 3454 1669 3507 ΔΔΥῙΔ
1694 3453 1822 3510 ΚΘ’.

1816 3497 1822 3510 .
1866 3465 1872 3471 ’
2033 3454 2086 3509 1.
2113 3452 2179 3507 IN
2206 3450 2663 3507 DEDICATIONE
2700 3450 2938 3507 DOMUS
2973 3449 3180 3506 DAVID
3203 3449 3392 3505 XXIX.

326 3577 465 3632 Ἀλλ’
497 3580 641 3634 εἴποι
674 3582 759 3646 τίς
801 3582 868 3637 ἀν
904 3582 1043 3655 πρὸς
1082 3585 1259 3651 τοῦτο,
1289 3585 1365 3650 ὡς
1396 3587 1651 3658 οὐδεμίαν
1684 3589 1827 3642 οἰκο-

1998 3586 2105 3643 Sed
2141 3586 2374 3642 fortasse
2395 3584 2668 3656 quispiam
2689 3584 2758 3640 ad
2782 3584 2896 3640 haec
2923 3583 3147 3647 dixerit,
3182 3583 3330 3655 quod
3368 3582 3492 3638 nul—

169 3666 175 3671 ’
248 3669 421 3742 δομῆς
448 3672 597 3725 οἴκου
625 3672 807 3745 ἢναοῦ
842 3678 1075 3729 ποιεῖται
1110 3677 1329 3749 μνήμην
1353 3693 1367 3707 ο
1403 3676 1520 3731 οὐδέ
1552 3695 1636 3742 τις
1670 3678 1745 3748 λόπ

1926 3682 2032 3736 lam
2059 3681 2147 3735 hic
2178 3685 2469 3735 structurae
2507 3678 2703 3733 domus
2732 3677 2865 3733 ‘sive
2908 3677 3094 3748 templi
3139 3676 3303 3731 faciat
3335 3691 3492 3730 men-

248 3762 401 3815 ὲστὶν
439 3764 496 3837 ἐν
529 3764 608 3835 τῷ
650 3765 847 3838 ψαλμῶ
886 3766 1182 3839 δυνάμενος
1219 3768 1481 3841 ἁρμόζειν
1527 3772 1823 3838 ἐγκαινίοις

1923 3772 2126 3827 tionem
2164 3790 2177 3825 :
2237 3786 2337 3826 nec
2368 3769 2649 3840 quidpiam
2682 3768 2738 3822 in
2772 3768 2984 3838 psalmo
3012 3769 3315 3839 reperiatur
3344 3766 3493 3838 quod

246 3853 422 3921 οἷκον,
482 3856 557 3921 ὡς
610 3858 822 3929 νομίσαι
885 3859 1006 3914 τινὰ
1072 3861 1164 3914 ἐπὶ
1231 3862 1568 3933 ἐγκαινισμῶ
1616 3862 1711 3916 τοῦ
1764 3867 1822 3917 ἐν

1923 3863 2093 3935 possit
2122 3862 2451 3935 dedieationi
2483 3861 2681 3917 domus
2710 3870 3041 3931 competere,
3074 3868 3135 3914 ut
3184 3861 3308 3931 quis
3338 3867 3496 3930 puta-

258 3944 649 4017 Ἰεροσολύμοις
672 3947 779 4001 νεὼ
802 3950 892 4003 τὸν
919 3950 1277 4022 προκείμενον
1303 3950 1515 4022 ψαλμὸν
1546 3954 1816 4025 εἰρῆσθαι.

1921 3950 2060 4005 verit
2104 3948 2171 4004 de
2210 3949 2393 4020 templi
2438 3948 2917 4020 llierosolymitani
2974 3948 3317 4004 dedicatione
3350 3950 3495 4005 hunc

259 4033 401 4089 Ἀλλ’
439 4038 563 4091 ἐπεὶ
593 4039 1041 4112 προγέγραπται,
1076 4039 1249 4113 ’ῼδῆς
1294 4042 1682 4112 ἐγκαινισμοῦ
1714 4045 1818 4098 τοῦ

1921 4039 2188 4107 psalmum
2214 4038 2625 4107 pronuntiatum
2656 4036 2846 4094 fuisse.
2880 4036 3080 4093 Verum
3110 4039 3371 4108 quoniam
3408 4040 3489 4095 in-

245 4127 456 4183 olxov'
513 4132 706 4184 σκόπει
753 4133 961 4203 μήποτε
1013 4133 1160 4187 οἶκον
1203 4134 1434 4188 ἐνταῦθα
1478 4138 1576 4209 τὴν
1623 4138 1816 4191 ἑαυτοῦ

1920 4130 2178 4185 scribitur
2204 4148 2218 4184 :
2248 4128 2499 4183 Psalmus
2546 4130 2740 4182 cantici
2795 4130 2849 4182 iu
2903 4128 3233 4183 dedicatione
3262 4128 3486 4195 domus,

244 4217 423 4290 ψυχὴν
450 4219 742 4274 αίνίττεται
764 4238 776 4251 ·
819 4223 876 4274 ἐν
971 4222 1032 4275 τὸ
1063 4222 1203 4277 θεῖον
1234 4224 1473 4296 Πνεῦμα,
1507 4226 1582 4290 ὡς
1618 4228 1675 4280 ἐν
1705 4228 1817 4298 ναῷ

1917 4222 2071 4288 mihi,
2096 4236 2305 4290 quaaso,
2326 4213 2662 4284 consideres,
2687 4237 2815 4274 num
2838 4220 2927 4274 hic
2952 4234 3047 4289 per
3069 4220 3311 4280 domum,
3336 4236 3490 4274 suam

246 4310 474 4381 οίκῆσάν
518 4329 668 4379 ποτε,
708 4312 885 4385 καιρῴ
915 4331 1019 4368 τινι
1058 4313 1262 4386 ἔρημον
1294 4318 1460 4387 αὐτὴν
1501 4318 1814 4373 καταλέλοι-

1917 4314 2090 4384 ipsam
2135 4312 2371 4366 animam
2408 4311 2695 4366 adumbret
2737 4331 2750 4365 :
2806 4311 2861 4364 in
2915 4324 3021 4379 qua
3071 4325 3196 4363 cum
3253 4308 3491 4379 Spiritus

247 4418 371 4466 πεν,
433 4402 788 4476 ἀναχωρῆσαν
839 4404 926 4458 διὰ
982 4404 1082 4477 τὴν
1140 4406 1619 4479 πλημμεληθείσαν
1667 4410 1814 4481 αὐτῷ

1932 4410 2150 4457 sanctus
2181 4418 2281 4457 ceu
2310 4402 2361 4454 in
2394 4400 2597 4470 templo
2650 4396 2943 4467 aliquando
2974 4396 3293 4457 habitasset,
3350 4411 3490 4465 quo—

248 4490 392 4547 κατὰ
436 4493 526 4546 τὸν
566 4494 764 4565 Οὐρίαν
807 4496 900 4549 καὶ
944 4496 1043 4568 τὴν
1087 4496 1275 4551 τούτου
1318 4501 1549 4567 γυναῖκα
1591 4501 1821 4572 πρᾶξιν·

1928 4492 2051 4547 dam
2075 4500 2320 4561 tempore
2348 4491 2617 4544 desertam
2648 4502 2765 4542 eam
2801 4486 3038 4555 reliquit,
3073 4495 3235 4554 atque
3259 4485 3487 4540 recessit

248 4578 315 4630 δι’
348 4578 415 4649 ἢν
446 4578 539 4631 καὶ
573 4580 729 4652 μέχρι
760 4582 852 4635 τοῦ
897 4583 1127 4639 θανάτου
1180 4586 1509 4658 κατελήλυθε
1529 4629 1545 4653 ,
1593 4589 1660 4643 τὰ
1712 4591 1817 4662 πρὸ

1922 4587 1993 4640 ob
2022 4592 2295 4656 patratum
2327 4582 2381 4636 in
2410 4580 2593 4636 Utiam
2625 4585 2678 4633 et
2700 4592 2923 4632 uxorem
2950 4576 3069 4646 ejus
3092 4576 3338 4645 facinus;
3365 4578 3489 4634 ideo

248 4668 476 4723 θάνατον
514 4670 869 4743 ἁμαρτήσας·
916 4675 1143 4747 δυνάμει
1190 4677 1246 4730 δὲ
1291 4678 1412 4731 τότε
1465 4681 1559 4733 καὶ
1604 4682 1684 4744 είς
1727 4682 1817 4736 τὸν

1924 4680 1990 4734 ad
2025 4686 2252 4733 mortem
2288 4690 2461 4745 usque
2509 4673 2764 4744 delapsus
2814 4680 2918 4737 est,
2963 4671 3090 4741 quia
3146 4671 3213 4725 ad
3257 4681 3487 4728 mortem

247 4761 485 4824 λάκκον,
536 4762 630 4816 καὶ
679 4765 758 4826 εἰς
798 4764 889 4819 τὸν
931 4766 1063 4839 ᾅδην
1110 4768 1450 4841 κατηνέχθη,
1505 4771 1708 4843 κατέϐη
1756 4789 1816 4826 τε

1923 4778 2277 4842 peccaverat;
2332 4768 2440 4823 imo
2486 4768 2697 4822 ratione
2740 4765 2974 4836 quadam
3007 4780 3179 4835 usque
3208 4765 3275 4819 ad
3306 4766 3485 4821 lacum

245 4852 463 4924 ἀληθῶς
490 4855 570 4917 είς
596 4853 885 4927 διαφθοράν
904 4875 916 4886 ·
964 4857 1040 4921 ὡς
1069 4857 1158 4912 διὰ
1203 4859 1375 4914 ταῦτα
1409 4860 1626 4933 θρήνοις
1653 4862 1816 4915 αὐτὸν

1922 4871 1975 4919 ει
2009 4862 2077 4918 ad
2123 4861 2394 4916 infernum
2425 4860 2696 4915 deductus
2726 4865 2830 4921 est,
2870 4871 2935 4909 ac
2984 4855 3162 4926 reipsa
3205 4855 3485 4913 descendit

246 4945 541 5017 σχολάσαι,
595 4947 798 5002 σάκκον
848 4966 907 5003 τε
964 4951 1084 5004 ἀντὶ
1113 4952 1213 5023 τῆς
1260 4952 1541 5025 βασιλικῆς
1591 4953 1817 5024 ἐσθῆτος

1925 4958 1979 5010 in
2014 4954 2419 5024 corruptionem
2443 4970 2458 5019 ;
2493 4951 2569 5005 ita
2605 4959 2661 5003 ut
2692 4963 2755 5004 ea
2783 4946 2848 5003 de
2877 4961 3040 5001 causa
3067 4946 3281 5003 ﬂetibus
3309 4963 3369 5003 se
3391 4948 3486 5005 de-

243 5036 657 5110 περιϐαλέσθαι.
704 5038 843 5113 Ἀλλ’
886 5041 1072 5114 ἐπειδὴ
1123 5042 1398 5113 ἀξιόλογον
1447 5045 1818 5116 ἐνδειξάμενος

1919 5045 2080 5108 derit,
2108 5060 2171 5099 ac
2202 5059 2302 5114 pro
2339 5043 2483 5113 regia
2515 5049 2665 5097 veste
2700 5056 2919 5095 saccum
2968 5039 3224 5096 induerit.
3256 5043 3325 5094 At
3360 5043 3487 5113 quia

240 5127 556 5199 μετάνοιαν,
591 5130 781 5183 ἐαυτόν
825 5147 885 5185 τε
920 5131 1155 5196 κολάσας
1200 5136 1294 5187 καὶ
1341 5137 1816 5208 τιμωρησάμενος,

1920 5146 2212 5208 postquam
2244 5136 2464 5205 dignam
2522 5134 2771 5189 exhibuit
2823 5133 3223 5203 paenitentiam,
3269 5148 3332 5188 ac
3366 5149 3485 5188 sese

238 5218 446 5283 ἱκανῶς
468 5238 528 5273 τε
555 5222 966 5294 ἐγκαρτερήσας
994 5226 1112 5287 ταῖς
1143 5224 1612 5298 ἐξομολογήσεσιν,
1646 5230 1814 5298 ἐπαγ-

1918 5229 2204 5298 castigavit
2233 5234 2395 5297 atque
2428 5226 2662 5297 punivit,
2696 5224 3130 5295 congruentique
3159 5233 3401 5293 tempore
3429 5222 3481 5276 in

240 5308 430 5377 γελίαν
470 5311 714 5381 ἀφέσεως
757 5313 858 5384 τῆς
904 5314 1175 5386 ἁμαρτίας
1226 5316 1452 5389 εἴληφε,
1496 5318 1584 5372 διὰ
1627 5320 1720 5372 τοῦ
1753 5321 1816 5372 ὲκ

1917 5320 2359 5378 confessionibus
2386 5319 2778 5391 perseveravit,
2829 5316 3142 5373 remitteudi
3202 5316 3305 5370 sibi
3351 5326 3477 5383 pec-

245 5400 560 5472 σπέρματος
584 5403 746 5457 αὐτοῦ
773 5406 1230 5477 προελευσομένου
1248 5408 1504 5480 Χριστοῦ,
1533 5409 1817 5481 μέλλοντος

1918 5413 2025 5468 cati
2054 5413 2473 5484 promissionem
2526 5418 2721 5465 nactus
2760 5417 2864 5472 est,
2897 5424 2993 5479 per
3025 5407 3299 5462 Christum
3330 5400 3474 5455 scili-

246 5492 342 5546 καὶ
371 5493 560 5565 μέχρις
605 5495 731 5565 ᾅδου
775 5498 1204 5569 καταϐήσεσθαι·
1251 5501 1474 5563 εἰκότως
1506 5502 1603 5571 τῆς
1648 5519 1814 5575 κατη-

1918 5512 2005 5559 cet
2059 5519 2123 5558 ex
2176 5503 2297 5572 ejus
2349 5501 2557 5557 semine
2606 5500 2977 5570 proditurum,
3009 5506 3063 5549 et
3104 5494 3168 5548 ad
3204 5490 3476 5545 infernum

247 5583 401 5652 φείας
448 5586 780 5656 μεταϐαλὼν,
813 5589 906 5642 καὶ
937 5590 1037 5659 τῆς
1066 5592 1150 5659 ἐφ’
1176 5585 1257 5654 οἷς
1293 5592 1589 5664 ἐτόλμησεν
1621 5593 1810 5665 ἐξομο-

1918 5609 2092 5664 usque
2124 5592 2553 5658 descensurum;
2581 5592 2707 5661 jure
2753 5605 2783 5643 a
2817 5587 3038 5643 tristitia
3071 5591 3123 5638 et
3149 5598 3177 5634 a
3209 5579 3478 5637 scelerum

250 5676 550 5746 Αογήσεως,
590 5678 935 5748 εὐχαριστίαν
978 5684 1289 5753 ἀναπέμπει
1335 5684 1411 5754 τῷ
1450 5683 1570 5755 Θεῷ
1601 5684 1805 5755 λέγων’

1915 5685 2259 5741 confessione
2314 5684 2638 5747 translatus,
2669 5682 2875 5753 gratias
2910 5677 3019 5748 agit
3074 5673 3202 5734 Deo,
3238 5670 3428 5727 dicens
3456 5689 3476 5729 ι

328 5824 437 5870 "-"
464 5828 653 5887 Ezecb.
688 5847 816 5895 xvu,
848 5831 931 5889 ιε.
