3980 6214
554 294 662 352 239

1083 290 1348 351 EUSEBII
1387 290 1862 348 CzESARIENSIS
1899 292 2047 348 ΟΡΡ.
2107 293 2285 349 PARS
2345 295 2522 351 lll.—
2558 293 2968 352 EXEGE'I'ICA.

3663 299 3775 351 2w

559 404 806 470 Domine,
846 406 1076 460 eduxiin
1103 405 1167 458 ab
1195 404 1398 474 inferno
1429 404 1662 458 animam
1684 419 1872 470 meam,
1902 405 2118 459 saloasti

2220 408 2412 475 Κύριε,
2431 405 2724 476 ἀνήγαγες
2750 406 2819 470 ἐξ
2841 406 2989 474 ᾅδου
3007 406 3118 477 τὴν
3140 406 3348 477 ψυχήν
3369 424 3506 476 μου,
3534 406 3775 475 ἕσωσάς

560 514 644 555 me
664 515 699 553 a
728 497 1151 553 descendentibus
1180 498 1235 550 in
1270 496 1440 549 lacum
1468 513 1486 550 :
1521 497 1833 567 luctumque
1867 513 2027 553 suum
2058 499 2116 552 in

562 590 803 644 laetitiam
832 605 1050 645 versum
1090 589 1174 643 bis
1198 588 1382 644 verbis
1412 588 1772 643 testiﬁcatur:
1803 588 2117 644 Conoertisti

557 680 823 749 planctum
849 698 1018 734 meum
1047 680 1099 733 in
1127 678 1381 748 gaudium
1411 679 1562 744 mihi,
1586 680 1887 734 conscidisti
1909 697 2118 735 saccum

560 789 729 826 meum
758 783 808 827 et
850 771 1239 826 circumdedisti
1285 788 1366 825 me
1415 772 1621 826 twtitia.
1667 772 1802 826 Cum
1833 772 2001 843 igitur
2027 773 2116 828 hic

560 863 802 931 domum,
846 862 1068 916 Davidis
1095 863 1330 916 animam
1360 861 1601 916 indicare
1630 870 2116 918 commonstratnm

560 956 667 1019 sit,
703 953 932 1023 hujusce
977 952 1175 1008 domus
1208 951 1541 1007 dedicationi
1577 966 1697 1021 quae
1732 951 1821 1006 hic
1861 951 2118 1007 dicuntur

560 1046 794 1115 aptanda
822 1051 970 1099 sunt.
1835 1030 1843 1039 ’

634 1221 794 1279 Vens.
826 1224 882 1285 2,
912 1223 966 1278 5.
1010 1221 1275 1276 Ezaltabo
1308 1232 1375 1289 te,
1401 1220 1641 1289 Domine,
1664 1224 1913 1293 quoniam
1938 1241 2117 1280 susce-

556 1313 682 1383 pisti
708 1328 806 1377 me,
835 1328 927 1365 nec
955 1310 1225 1365 delectasti
1257 1311 1499 1365 inimicos
1536 1328 1674 1365 meos
1698 1328 1852 1382 super
1879 1330 1979 1369 me.
2004 1314 2117 1367 Do-

557 1406 696 1460 mine
739 1406 875 1459 Deus
900 1421 1065 1468 meus,
1100 1405 1327 1459 clamavi
1356 1403 1423 1457 ad
1457 1413 1524 1468 te,
1556 1414 1605 1458 et
1633 1407 1841 1459 sanasti
1874 1423 1973 1461 me.
2009 1405 2119 1459 Do-

558 1498 716 1560 mine,
742 1496 973 1549 eduxisti
1004 1496 1068 1549 ab
1099 1497 1303 1565 inferno
1328 1496 1558 1549 animam
1584 1512 1774 1561 meam,
1803 1496 2023 1551 salvasti
2039 1515 2118 1551 me

557 1586 1038 1643 adescendentibus
1068 1589 1122 1642 in
1154 1589 1347 1643 lacum.
1399 1585 1524 1642 llaac
1569 1586 1739 1643 David
1772 1589 1827 1643 in
1863 1590 2117 1659 praesenti

558 1681 769 1750 psalmo
802 1680 969 1746 dicit;
1006 1681 1060 1735 in
1091 1682 1355 1751 vigesimo
1402 1682 1635 1752 septimo
1667 1688 1871 1747 autem,
1900 1682 1975 1736 ita
2004 1686 2118 1737 cla-

2213 516 2289 568 με
2314 499 2430 552 ἀπὸ
2467 497 2585 551 τῶν
2615 500 3088 553 καταϐαινόντων
3126 501 3211 564 εις
3250 499 3498 561 λάκκον,
3547 499 3778 569 μεταϐε-

2219 588 2442 661 ϐλῆσθαί
2493 607 2553 642 τε
2599 589 2747 661 αύτῷ
2790 589 2860 642 τὰ
2901 589 2992 643 τοῦ
3041 591 3267 656 πένθους
3312 593 3390 653 εἰς
3439 591 3778 664 εὐφροσύνην

2220 681 2470 754 σημαίνει
2500 680 2594 734 καὶ
2624 681 2688 734 δι’
2711 675 2784 735 ὧν
2816 682 3005 753 φησίν*
3035 684 3364 751 Ἕστρεψας
3395 681 3502 735 τὸν
3522 684 3782 739 κοπετὸν

2218 777 2305 840 είς
2358 773 2549 842 χαρὰν
2602 773 2763 841 ἐμοί·
2814 772 3124 841 διέρῤηξας
3178 775 3284 827 τὸν
3341 773 3577 827 σάκκον
3629 793 3779 843 μου,

2219 865 2315 919 καὶ
2348 863 2702 933 περιέζωσάς
2736 881 2813 933 με
2850 866 3250 934 εὐφροσύνην.
3285 864 3636 936 Δεδειγμένου
3667 867 3783 921 τοί-

2219 974 2313 1011 νυν
2345 955 2438 1009 τοῦ
2480 955 2627 1009 οἴκου
2653 956 2752 1027 τῆς
2789 954 2881 1009 τοῦ
2916 955 3072 1008 Δαυῒδ
3103 956 3296 1027 ψυχῆς,
3332 956 3439 1029 ἄρα
3478 956 3556 1028 τῷ
3588 960 3783 1026 ἐγκαι-

2219 1047 2394 1119 νισμῷ
2445 1047 2538 1100 τοῦ
2585 1046 2819 1099 τοιούτου
2865 1045 3013 1100 οἴκου
3070 1047 3395 1118 ἐφαρμόζειν
3445 1046 3513 1099 τὰ
3557 1046 3784 1119 προκείο

2221 1157 2378 1211 μενα.

2299 1227 2550 1299 ’Υψώσω
2580 1246 2673 1294 σε,
2715 1230 2909 1299 Κύριε,
2947 1229 3034 1282 ὅτι
3066 1228 3361 1295 ὑπέλαϐές
3385 1246 3494 1298 με,
3535 1227 3633 1282 καί
3665 1231 3781 1284 οὐκ

2217 1321 2525 1390 ηὔφρανας
2573 1320 2712 1387 τοὺς
2761 1321 3009 1389 ἐχθρούς
3055 1338 3173 1390 μου
3227 1320 3319 1373 ἐπ’
3363 1321 3511 1385 ἐμοί.
3544 1321 3723 1389 Κύριε
3748 1322 3785 1376 d

2220 1415 2363 1480 Θεός
2388 1431 2527 1484 μου,
2560 1412 2854 1480 ἐκέκραξα
2897 1411 3045 1480 πρὸς
3075 1412 3181 1471 σὲ.
3215 1413 3313 1465 καὶ
3354 1410 3500 1465 ίάσω
3520 1430 3640 1482 μοι.
3667 1411 3786 1467 Κύ-

2211 1524 2325 1576 ριε,
2367 1506 2661 1578 ἀνήγαγες
2690 1507 2758 1572 ἐξ
2797 1505 2943 1573 ᾅδου
2980 1505 3094 1573 τὴν
3124 1503 3334 1574 ψυχήν
3357 1522 3497 1573 μου,
3540 1502 3787 1571 ἐσωσὰς

2214 1617 2291 1669 με
2325 1597 2440 1652 ἀπὸ
2488 1596 2607 1653 τῶν
2648 1597 3119 1651 καταϐαινόντων
3161 1599 3247 1662 εις
3288 1595 3535 1651 λάκκον.
3596 1595 3787 1651 Ταῦτα

2225 1691 2323 1761 μὲν
2354 1691 2383 1742 6
2406 1689 2565 1744 Δαυῖὂ
2601 1689 2687 1743 διὰ
2723 1690 2817 1743 τοῦ
2866 1687 3002 1760 μετὰ
3039 1691 3223 1759 χεῖρας
3263 1686 3475 1759 ψαλμοῦ
3503 1688 3681 1756 λέγει·
3724 1688 3787 1741 ὲν

558 1772 741 1825 mabat
770 1772 886 1841 ipse
911 1792 923 1826 :
954 1772 1041 1825 Ad
1070 1784 1137 1836 te,
1166 1772 1402 1838 Domine,
1424 1772 1683 1838 clamabo,
1711 1773 1851 1829 Deus
1876 1791 2040 1839 meus,
2061 1791 2118 1827 ne

2220 1782 2278 1836 δὲ
2321 1782 2398 1854 τῷ
2434 1782 2663 1853 εἰκοστῷ
2697 1781 2907 1853 ἑϐδόμῳ
2942 1779 3139 1852 ψαλμῷ
3183 1780 3211 1833 6
3242 1780 3400 1843 αύτδς
3428 1778 3556 1832 ἐϐόα
3585 1777 3784 1848 λέγων·

557 1863 715 1919 sileas
755 1882 788 1918 a
829 1882 927 1926 me,
956 1882 1017 1918 ne
1048 1864 1257 1936 quando
1289 1875 1463 1922 taceas
1505 1884 1539 1921 a
1567 1883 1667 1933 nte,
1697 1877 1746 1921 et
1780 1866 2118 1922 assimilabor

557 1955 983 2013 descendentibus
1028 1959 1085 2012 in
1114 1958 1309 2014 lacum.
1344 1958 1450 2015 Sed
1481 1961 1609 2031 quia
1639 1961 1714 2016 ibi
1744 1961 1825 2017 sic
1854 1964 2119 2031 precaba-

557 2057 669 2115 tur,
698 2048 789 2103 hic
817 2049 1025 2119 gratias
1054 2050 1166 2121 agit
1212 2059 1273 2105 ut
1316 2051 1577 2109 detrusus
1614 2062 1741 2108 ante
1771 2061 1826 2109 et
1862 2053 2117 2124 delapsus

559 2140 615 2195 in
639 2140 839 2207 lacum,
876 2140 970 2195 sed
998 2141 1111 2209 jam
1142 2142 1400 2198 reductus
1422 2151 1475 2199 et
1506 2151 1697 2200 erutus
1726 2160 1793 2199 ex
1825 2160 1911 2210 eo,
1941 2161 2119 2216 neque

557 2232 757 2287 similia
792 2247 988 2302 passus
1017 2233 1085 2289 iis
1114 2234 1207 2305 qui
1243 2250 1365 2289 cum
1392 2234 1445 2289 in
1478 2235 1654 2305 ipsum
1684 2236 2115 2301 descendissent,

556 2335 837 2394 nunquam
866 2323 991 2379 inde
1027 2334 1217 2394 postea
1268 2334 1633 2381 emerserunt.
1666 2325 1800 2380 Nam
1831 2342 1955 2381 cum
2004 2328 2119 2398 pri-

556 2417 662 2473 mis
694 2417 912 2472 beatum
938 2426 1022 2473 est
1050 2433 1159 2472 non
1183 2433 1445 2487 peccare;
1481 2427 1537 2473 at
1566 2420 1695 2489 quia
1732 2406 1983 2474 humana:
2016 2435 2117 2474 na-

556 2518 695 2564 tura:
722 2509 1012 2564 inﬁrmitas
1039 2510 1281 2581 peccatis
1321 2510 1600 2581 subiacet;
1657 2510 1955 2568 secundam
1994 2512 2119 2583 quis

557 2603 955 2674 navigationem
985 2618 1107 2659 esse
1138 2601 1363 2668 dixerit,
1402 2603 1471 2658 ad
1511 2603 1714 2658 bonum
1749 2620 1809 2660 se
1836 2620 2117 2671 revocare,

556 2709 623 2750 ac
645 2703 767 2766 post
792 2695 1044 2750 morbum
1074 2711 1196 2753 sese
1218 2696 1513 2752 restituere
1542 2710 1606 2751 ac
1636 2698 1940 2754 naturalem
1972 2699 2117 2754 reci-

555 2803 685 2860 pere
706 2789 1013 2846 sanitatem.

623 3053 788 3111 Vens.
817 3054 871 3119 5,
906 3053 960 3108 6.
1004 3053 1229 3108 Psallite
1259 3053 1502 3119 Domino,
1533 3054 1704 3108 sancti
1750 3053 1884 3123 ejus,
1923 3062 1973 3108 et
2002 3069 2121 3108 con-

561 3144 776 3198 Stemini
833 3143 1099 3198 memoria:
1157 3143 1462 3197 sanctitatis
1515 3142 1651 3213 ejus.
1714 3119 1979 3208 Quoniam
2033 3119 2191 3196 iraC

554 3235 610 3289 in
661 3234 1023 3305 indignatione
1071 3234 1207 3305 ejus,
1277 3243 1326 3289 et
1385 3235 1493 3288 vita
1548 3235 1606 3287 in
1653 3234 1922 3288 voluntate
1979 3233 2114 3304 ejus.

559 3324 738 3398 Rogat
783 3334 845 3381 ut
893 3327 998 3383 sibi
1054 3326 1338 3396 poenitenti
1394 3326 1864 3396 congratulantur.
1903 3332 1957 3380 et
1992 3339 2119 3379 con-

556 3417 834 3483 ﬁteantur,
877 3418 932 3473 id
977 3425 1084 3481 est,
1131 3416 1336 3488 gratias
1382 3425 1546 3487 agant
1573 3414 1848 3470 memoriae
1910 3414 2118 3470 sancti-

553 3511 685 3564 tatis
712 3508 873 3579 ejus;
926 3522 990 3563 ac
1041 3508 1086 3562 si
1121 3507 1348 3570 diceret,
1394 3513 1454 3560 ut
1488 3506 1804 3560 memoriam
1836 3505 2116 3569 refricem,

552 3618 731 3673 neque
772 3600 1171 3656 obliviscantur
1203 3599 1471 3654 bonorum
1514 3613 1636 3668 qua:
1666 3597 1981 3652 hominibus
2013 3596 2117 3650 Do-

552 3696 738 3749 minus
777 3692 1231 3747 subminlstravit.
1263 3691 1401 3747 Cum
1442 3692 1633 3762 primis
1686 3698 1865 3744 autem
1900 3703 1999 3760 par
2036 3697 2119 3744 est

553 3784 852 3855 gratiarum
912 3782 1221 3836 actionibus
1270 3783 1549 3846 insistere,
1605 3795 1876 3835 memores
1921 3778 2143 3850 divinae,

554 3872 929 3942 benignitatis,
964 3886 1085 3941 quze
1122 3879 1272 3924 tanta
1306 3879 1410 3935 est,
1446 3882 1504 3926 ut
1530 3886 1808 3941 nunquam
1850 3871 1978 3926 velit
2008 3886 2117 3925 ma-

554 3964 666 4020 lum
694 3962 1009 4017 hominibus
1037 3961 1317 4017 obvenire.
1360 3961 1516 4028 Quod
1545 3964 1592 4018 si
1618 3965 1900 4033 contingat
1928 3976 2119 4032 quem-

553 4056 697 4126 piam
721 4055 791 4109 ob
812 4054 1091 4124 propriam
1121 4052 1524 4123 improbitatem
1551 4056 1913 4124 castigatione
1937 4067 2117 4125 egere,

553 4149 671 4219 ipse
700 4147 805 4202 sibi
830 4147 963 4200 iram
989 4144 1382 4215 indignationis
1411 4155 1691 4215 procurat.
1717 4146 1877 4202 Certe
1919 4147 2117 4205 volun-

558 4250 646 4295 tas
670 4236 766 4294 Dei
800 4254 909 4293 non
943 4246 1175 4293 mortem
1196 4236 1531 4302 hominibus,
1555 4236 1652 4291 sed
1684 4235 1849 4290 vitam
1891 4240 2114 4307 expetit.

557 4332 739 4402 Quare
769 4333 876 4389 alio
901 4335 955 4389 in
986 4334 1106 4389 loco
1142 4333 1341 4388 dicitur
1373 4350 1387 4386 :
1430 4329 1553 4384 Vivo
1594 4346 1710 4401 ego,
1757 4328 1885 4383 dicit
1937 4330 2117 4384 Domi-

2217 1873 2371 1941 Πρὸς
2420 1871 2529 1933 σὲ,
2573 1872 2768 1939 Κύριε,
2805 1869 3189 1940 κεκράξομαι,
3242 1872 3274 1923 ὀ
3317 1869 3462 1935 Θεός
3502 1886 3657 1939 μου,
3694 1869 3784 1940 μὴ

2217 1962 2693 2033 παρασιωπήσῃς
2725 1963 2825 2018 ἀπ’
2859 1962 3024 2033 ἐμοῦ,
3048 1961 3279 2032 μήποτε
3310 1960 3786 2030 παρασιωπήσῃς

2217 2057 2316 2111 ἀπ’
2350 2056 2530 2126 ἐμοῦ,
2565 2058 2667 2110 καί
2699 2054 3135 2125 ὀμοιωθήσομαι
3164 2053 3285 2119 τοῖς
3317 2052 3785 2108 καταϐαίνουσιν

2216 2153 2303 2216 είς
2331 2149 2576 2204 λάκκον.
2624 2148 2762 2202 Ἀλλ’
2794 2149 2920 2201 ἐπεὶ
2954 2148 3053 2218 μὲν
3084 2146 3254 2200 ταῦτα
3290 2144 3515 2216 ηὔχει-τοι
3551 2143 3786 2199 ἐνταῦθα

2216 2242 2274 2295 δὲ
2289 2243 2420 2312 εύχα
2428 2244 2596 2314 ριστεί
2617 2240 2691 2305 ὼς
2714 2238 3057 2310 κατενεχθεὶς
3075 2239 3332 2311 πρότερον
3351 2238 3443 2290 καὶ
3462 2234 3788 2290 καταπεσὼν

2218 2335 2298 2397 εἰς
2327 2334 2419 2387 τὸν
2451 2333 2668 2395 λάκκον,
2690 2331 2996 2403 ἀνενεχθεὶς
3021 2330 3079 2383 δὲ
3102 2329 3261 2385 πάλιν
3286 2329 3380 2383 καὶ
3400 2328 3699 2392 ἀνασωθεὶς
3727 2327 3787 2394 ἑξ

2218 2423 2402 2489 αὐτοῦ,
2432 2424 2525 2477 καὶ
2555 2423 2629 2494 μὴ
2656 2420 2829 2491 ταῦτα
2861 2420 3049 2474 παθὼν
3080 2423 3190 2484 τοῖς
3223 2418 3652 2490 καταϐεϐηκόσιν
3688 2417 3787 2488 μὲν

2218 2517 2296 2578 εἰς
2332 2514 2513 2578 αὑτὸν,
2563 2512 2638 2584 μὴ
2682 2510 3047 2582 ἀναϐεϐηκόσι
3092 2509 3178 2563 δέ’
3215 2509 3637 2583 προηγουμένως
3677 2507 3789 2580 γὰρ

2222 2604 2488 2676 μακάριον
2526 2604 2586 2657 τὸ
2628 2603 2702 2674 μὴ
2741 2603 3043 2674 ἁμαρτεῖνο
3093 2601 3278 2673 ἐπειδὴ
3320 2603 3354 2673 ἡ
3390 2600 3641 2654 ἀσθένεια
3684 2600 3791 2671 τῆς

2218 2696 2563 2767 ἀνθρωπίνης
2591 2696 2803 2766 φύσεως
2830 2694 3038 2759 τούτοις
3081 2693 3381 2757 ὑπόκειται,
3410 2691 3683 2763 δεύτερος,
3712 2692 3792 2756 ὡς

2217 2785 2285 2840 ἂν
2309 2785 2451 2838 εἴποι
2476 2802 2579 2849 τις,
2609 2784 2774 2848 πλοῦς
2797 2784 2857 2837 τὸ
2887 2782 3219 2838 ἀναπαλέσαι
3246 2783 3367 2853 (sic)
3394 2780 3573 2846 καλὸν,
3603 2780 3705 2833 καὶ
3728 2780 3794 2833 τὸ

2217 2877 2504 2932 ἀναλαϐεῖν
2527 2876 2721 2930 ταύτὸν
2743 2875 2885 2949 μετὰ
2908 2876 3006 2948 τὴν
3031 2874 3205 2939 νόσον,
3232 2874 3325 2928 καὶ
3347 2872 3441 2946 τὴν
3465 2870 3603 2927 κατὰ
3625 2871 3791 2942 φύσιν

2218 2968 2507 3023 ἀπολαϐεῖν
2529 2969 2734 3038 ὑγείαν.

2296 3064 2533 3119 Ψάλατε
2562 3063 2642 3129 τῷ
2670 3064 2865 3132 Κυρίῳ
2903 3067 2958 3118 ot
2994 3063 3149 3119 ὅσιοι
3194 3061 3409 3128 αὐτοῦ,
3445 3060 3543 3115 καί
3575 3060 3790 3130 ἐξομο-

2218 3158 2495 3231 λογεῖσθε
2525 3158 2599 3227 τῇ
2634 3157 2840 3229 μνήμῃ
2875 3158 2987 3229 τῆς
3042 3158 3384 3229 ἁγιωσύνης
3416 3154 3623 3210 αὐτοῦ.
3665 3155 3791 3207 Ὅτι

2219 3251 2362 3322 ὀργὴ
2394 3252 2464 3305 ἐν
2492 3250 2572 3317 τῷ
2597 3249 2760 3321 θυμῴ
2788 3251 2995 3317 αὑτοῦ,
3030 3250 3129 3303 καὶ
3159 3248 3268 3318 ζωὴ
3299 3248 3369 3303 ὲν
3397 3246 3477 3313 τῷ
3501 3245 3794 3316 θελήματι

2216 3344 2423 3402 αὐτοῦ.
2468 3342 2790 3415 Συγχαίρειν
2818 3342 2967 3414 αὐτῷ
3003 3344 3416 3414 μετανοήσαντι,
3457 3341 3552 3394 καὶ
3596 3339 3796 3411 ἐξομο-

2218 3434 2489 3504 λογεῖσθαι
2516 3474 2531 3499 ,
2590 3433 2863 3488 τουτέστιν
2925 3433 3263 3506 εὐχαριστεῖν
3313 3435 3380 3503 τῇ
3440 3432 3624 3503 μνήμῃ
3688 3430 3799 3503 τῆς

2219 3524 2526 3595 ἁγιωσύνης
2558 3522 2748 3579 αὑτοῦ·
2799 3523 2918 3577 ἀντὶ
2961 3524 3077 3589 τοῦ,
3111 3523 3210 3595 τὴν
3245 3524 3461 3595 μνήμην
3494 3523 3795 3587 ἀναζωπυ-

2222 3617 2460 3690 ροῦντες,
2494 3616 2614 3687 μηδ’
2645 3614 3118 3686 ἐπιλανθανόμενοι
3145 3614 3253 3667 τῶν
3283 3613 3431 3686 παρὰ
3466 3613 3559 3667 τοῦ
3582 3614 3800 3686 Κυρίου

2218 3712 2634 3783 χορηγουμένων
2667 3710 2972 3781 ἀνθρώποις
2995 3710 3233 3779 ἀγαθῶν.
3251 3710 3499 3764 Μάλιστα
3528 3709 3586 3763 δὲ
3619 3726 3801 3781 προσ-

2220 3808 2341 3874 ήκει
2406 3805 2503 3875 τὴν
2535 3805 2880 3877 εὐχαριστίαν
2925 3803 3230 3867 ἐπιτείνειν,
3271 3802 3648 3874 μεμνημένους
3692 3803 3800 3873 τῆς

2218 3891 2309 3943 τοῦ
2340 3891 2473 3944 Θεοῦ
2501 3892 2929 3964 φιλανθρωπίας,
2972 3892 3095 3963 ἦτις
3133 3891 3369 3962 τοσαύτη
3402 3891 3679 3961 τυγχάνει,
3713 3890 3799 3953 ὡς

2222 3984 2489 4054 μηδέποτε
2535 3983 2817 4052 βούλεσθαί
2850 4001 2900 4036 τι
2942 3984 3109 4037 κακὸν
3146 3984 3472 4055 ἀνθρώποις.
3514 3984 3579 4036 Ei
3606 3983 3667 4035 δὲ
3694 3982 3799 4035 καί

2218 4075 2350 4128 ποτέ
2405 4092 2489 4139 τις
2537 4075 2624 4128 διὰ
2684 4075 2780 4146 τὴν
2828 4076 3033 4130 οἰκείαν
3091 4074 3389 4147 μοχθηρίαν
3457 4073 3799 4145 ἐπιστροφῆς

2216 4166 2432 4239 δεηθείη
2459 4207 2473 4230 ,
2538 4167 2700 4232 αὐτὸς
2768 4167 2864 4238 μὲν
2924 4167 3098 4238 ἑαυτῷ
3158 4164 3555 4231 κατασκευάζει
3618 4165 3799 4236 θυμὸν

2216 4258 2419 4330 ὀργῆς·
2457 4258 2518 4312 τό
2549 4276 2612 4327 γε
2644 4258 2750 4331 μὴν
2785 4258 2995 4330 θέλημα
3022 4258 3114 4313 τοῦ
3148 4258 3282 4312 Θεοῦ
3304 4300 3319 4322 ,
3362 4262 3572 4331 μήποτε
3605 4258 3802 4329 βούλε-

2216 4351 2336 4405 σθαι
2382 4351 2605 4406 θάνατον
2651 4351 2940 4423 ἀνθρώπῳ,
2986 4350 3121 4403 ἀλλὰ
3166 4350 3330 4421 ζωήν.
3376 4350 3466 4403 Διὸ
3493 4353 3552 4403 ἐν
3584 4350 3801 4421 ἑτέροις

552 4444 671 4494 nus,
705 4427 826 4481 nolo
852 4436 1072 4481 mortem
1099 4423 1412 4495 peccatoris,
1445 4420 1533 4475 sed
1559 4422 1732 4490 potius
1755 4420 2113 4489 paenitentiam

2219 4443 2430 4513 λέγεται
2448 4461 2461 4473 ⁸
2495 4443 2587 4497 Ζῶ
2617 4420 2765 4513 ἐγὼ,
2783 4420 2942 4513 λέγει
2972 4443 3187 4510 Κύριος
3206 4458 3219 4471 ·
3353 4441 3657 4510 ,Βούλομαι

549 4518 663 4587 ejus
685 4518 752 4574 “.
782 4518 983 4575 Eodem
1015 4532 1235 4590 quoque
1278 4514 1439 4571 modo
1470 4514 1558 4569 hic
1605 4514 1813 4570 dictum
1849 4523 1952 4581 est,
1993 4513 2114 4568 Vita

2222 4534 2479 4590 θάνατον
2518 4535 2622 4590 τοῦ
2655 4533 3007 4605 ἁμαρτωλοῦ
3052 4534 3132 4599 ὠς
3176 4532 3291 4600 τὴν
3324 4531 3652 4601 μετάνοιαν
3686 4533 3806 4586 αὑ-

550 4609 607 4663 in
630 4610 896 4665 voluntate
923 4612 1072 4681 ejus;
1106 4627 1216 4666 non
1244 4610 1389 4665 enim
1434 4611 1518 4663 ira
1561 4610 1616 4663 in
1666 4608 1933 4663 voluntate
1976 4608 2112 4677 ejus.

553 4697 697 4756 Sane
730 4710 927 4771 prater
956 4701 1050 4757 Dei
1081 4702 1423 4772 propositum
1456 4716 1521 4756 ac
1553 4711 1751 4771 praeter
1778 4702 2113 4757 voluntatem

550 4790 672 4860 ejus
722 4794 1074 4863 peccantibus
1123 4792 1427 4863 indignatio
1472 4802 1527 4848 et
1562 4793 1642 4847 ira
1684 4801 2106 4864 praeparantur:

550 4884 695 4954 quod
731 4885 804 4938 ita
834 4884 1075 4939 declarat
1118 4885 1412 4954 Apostolus
1452 4902 1465 4938 :
1503 4885 1583 4937 An
1614 4884 1825 4938 divitias
1861 4885 2110 4940 bonitatis

547 4976 685 5046 ejus,
717 4985 767 5030 et
794 4977 1060 5045 patientia:
1081 4987 1129 5031 et
1159 4975 1578 5048 longanimitatis
1608 4979 1932 5033 contemnis?
1961 4979 2111 5048 igno-

548 5084 675 5123 rans
708 5070 953 5139 quoniam
984 5070 1275 5140 benignitas
1307 5069 1403 5123 Dei
1438 5068 1507 5121 ad
1532 5069 1889 5139 paenitentiam
1938 5078 1985 5122 te
2016 5068 2113 5121 ad-

547 5160 716 5215 ducit.
748 5159 1044 5216 Secundum
1066 5171 1241 5216 autem
1263 5162 1519 5216 duritiam
1549 5171 1693 5216 tuam
1715 5172 1763 5216 et
1785 5162 2108 5227 impaenitens

548 5268 660 5315 cor,
678 5251 1009 5307 thesaurizas
1024 5251 1116 5304 tibi
1132 5253 1268 5305 iram
1281 5254 1333 5306 in
1352 5252 1435 5308 die
1453 5255 1548 5307 ira:
1564 5262 1612 5307 et
1634 5253 1963 5307 reuelationis
1970 5252 2109 5323 justi

518 5416 525 5421 θ
549 5343 736 5409 iudicii
747 5342 864 5406 Dei,
876 5342 963 5412 qui
977 5342 1153 5396 reddet
1170 5344 1445 5411 unicuique
1456 5344 1735 5397 secundum
1750 5360 1906 5413 opera
1922 5343 2106 5413 ejus".

2220 4625 2346 4681 τοῦ.
2401 4625 2555 4681 Οὕτω
2582 4626 2711 4697 γοῦν
2744 4626 2838 4679 καὶ⁸
2871 4624 3103 4679 ἐνταῦθα
3134 4625 3402 4678 λέλεκται·
3449 4623 3578 4691 Ζωὴ
3611 4623 3683 4677 ἐν
3712 4623 3807 4691 τῷ

2219 4716 2501 4787 θελήματι
2548 4717 2761 4771 αὐτοῦ·
2816 4718 2875 4770 ού
2924 4716 3032 4787 γὰρ
3087 4715 3232 4787 ὀργὴ
3276 4717 3345 4769 ἐν
3382 4715 3463 4781 τῷ
3504 4715 3809 4785 θελήματι

2217 4808 2420 4863 αὐτοῦ.
2491 4807 2648 4878 Παρὰ
2710 4808 3025 4879 προαίρεσιν
3080 4807 3138 4860 δὲ
3190 4806 3324 4860 θεοῦ
3379 4806 3473 4861 καὶ
3522 4807 3678 4878 παρὰ
3737 4810 3810 4863 τὸ

2220 4900 2466 4971 βούλημα
2516 4900 2680 4953 αὐτοῦ
2735 4903 2849 4964 τοῖς
2896 4900 3266 4972 ἁμαρτάνουσι
3325 4899 3809 4964 κατασκευάζεται

2218 4989 2389 5060 θυμὸς
2441 4989 2533 5042 καὶ
2589 4989 2753 5061 ὀργή·
2815 4989 2844 5043 6
2890 4990 2954 5062 δὴ
3004 4992 3332 5065 παρίστησιν
3383 4992 3413 5044 6
3469 4990 3811 5058 ’Δπόστολος

2220 5082 2395 5151 φήσας
2416 5096 2428 5109 ·
2466 5081 2537 5133 Ἢ
2561 5081 2666 5133 τοῦ
2699 5082 2965 5138 πλούτου
2999 5083 3109 5152 τῆς
3132 5084 3542 5153 χρηστότητος
3577 5083 3808 5151 αὐτοῦ,

2219 5168 2315 5220 καὶ
2355 5167 2464 5236 τῆς
2494 5168 2724 5239 ἀνοχῆς
2767 5172 2865 5225 καί
2906 5170 3012 5241 τῆς
3042 5174 3453 5243 μακροθυμίας
3492 5189 3810 5242 καταφρο-

2215 5255 2376 5323 νεῖς;
2436 5257 2689 5328 ἀγνοῶν,
2744 5261 2833 5315 ὅτι
2886 5262 2953 5315 τὸ
3006 5263 3273 5332 χρηστόν
3329 5264 3433 5317 τοῦ
3493 5263 3644 5317 Θεοῦ
3712 5267 3816 5333 εἰς

2208 5344 2532 5414 μετάνοιάν
2560 5365 2633 5403 σε
2659 5348 2803 5419 ἄγει.
2832 5351 2995 5405 Κατὰ
3024 5352 3093 5405 δὲ
3120 5353 3233 5422 τὴν
3261 5351 3648 5421 σκληρότητά
3674 5369 3819 5411 σου

549 5443 649 5498 καὶ
697 5438 1099 5511 ἀμετανόητον
1144 5437 1423 5506 καρδίαν,
1487 5438 1864 5507 θησαυρίζεις
1912 5437 2147 5504 σεαυτῷ
2197 5440 2385 5509 ὀργὴν
2434 5442 2504 5495 ἐν
2553 5443 2743 5514 ἡμέρᾳ.
2795 5446 2977 5518 ὀργῆς
3033 5448 3132 5504 καὶ
3191 5449 3631 5519 ἀποκαλύψεως
3696 5446 3821 5508 καὶ

548 5532 981 5601 δικαιοκρισίας
1024 5530 1130 5584 τοῦ
1184 5531 1331 5585 Θεοῦ
1351 5569 1366 5597 ,
1413 5530 1481 5597 ὃς
1526 5532 1823 5586 ἀποδώσει
1879 5531 2112 5595 ἑκάστῳ
2146 5533 2297 5587 κατὰ
2332 5534 2403 5590 τὰ
2434 5535 2576 5606 ἔργα
2598 5538 2801 5594 αὐτοῦ.

616 5713 667 5747 ⁸⁸
704 5711 899 5769 Ezecb.
939 5726 1104 5778 xvnz,
1133 5709 1222 5765 25.
1300 5709 1345 5742 “
1385 5705 1541 5764 Rom.
1578 5723 1655 5775 ιι,
1691 5707 1808 5765 4-6.
