3992 6216
288 306 389 364 26!

1402 300 1897 358 COMMENTARIA
1933 302 1999 358 IN
2037 301 2380 358 PSALMOS.

3397 305 3499 364 eos

368 423 507 493 Ἐγὼ
543 422 612 476 δὲ
645 423 782 475 elata
822 422 892 475 ἐν
930 421 1005 489 τῇ
1042 423 1286 489 εὐθηνίᾳ
1324 438 1458 491 μου·
1499 424 1581 476 Οὐ
1608 422 1694 492 μὴ
1733 438 1841 476 σα-

2015 420 2177 478 νειιε.
2214 422 2269 487 7,
2294 422 2348 477 8.
2392 420 2504 491 Ego
2539 429 2714 475 autem
2749 421 2864 474 dixi
2891 424 2946 477 in
2980 422 3306 477 abundantia
3349 437 3484 475 mea.

282 514 478 571 λευθῶ
507 516 594 580 είς
619 514 728 567 τὸν
754 512 951 567 ultima.
978 515 1183 566 Δικαιοί
1204 512 1302 583 τὴν
1323 514 1500 585 κρίσιν
1527 514 1618 567 τοῦ
1641 514 1843 585 Κυρίου

283 603 561 675 ὁμολογῶν
607 603 767 656 πόθεν
812 602 959 672 αὐτῷ
994 601 1332 673 συμϐέϐηκεν
1373 604 1407 673 ἠ
1447 602 1679 666 πτῶσις’
1726 603 1844 658 δέον

289 695 399 767 γὰρ
437 694 643 748 ἑστῶτα
674 695 732 746 ἐν
768 696 835 763 τῇ
871 691 1019 763 παρά
1054 690 1131 761 τῷ
1157 691 1276 763 Θεῷ
1307 694 1492 746 στάσει
1537 694 1843 764 μεμνῆσθαι

286 785 380 838 τοῦ
416 784 710 853 φάσκοντος
750 783 905 851 λόγου
925 799 938 811 ·
974 782 1026 835 Ὀ
1047 781 1240 836 δοκῶν
1270 782 1537 847 ἑστάναι,
1567 784 1842 848 βλεπέτω

284 875 371 944 μὴ
421 873 614 943 πέσῃ,
665 874 941 944 ὁμολογεῖν
988 891 1047 927 τε
1070 873 1146 944 τῷ
1185 873 1303 945 Θεῷ
1347 874 1505 945 χάριν
1556 876 1697 948 ὑπὲρ
1747 876 1846 946 τῆς

292 967 554 1029 στάσεως.
601 967 656 1018 Ὀ
682 966 757 1030 δὲ,
809 967 909 1020 οὑκ
953 966 1127 1038 ὀρθῶς
1179 967 1549 1039 λογισάμενος,
1576 970 1724 1041 παρά
1750 970 1847 1041 τὴν

242 1046 267 1075 ’
292 1059 457 1111 αὑτοῦ
489 1059 684 1131 ἀρετὴν
724 1060 781 1113 ἐν
815 1061 927 1122 τοῖς
959 1059 1261 1123 καλλίστοις
1308 1060 1526 1114 ἑστάναι
1569 1060 1841 1133 ἐνόμιζεν·

294 1150 555 1219 ἀπέφαινε
586 1167 644 1203 τε
677 1150 866 1206 ἑαυτὸν
897 1151 990 1203 καὶ
1026 1151 1294 1223 ἄτρεπτον
1326 1152 1419 1205 καὶ
1458 1153 1843 1224 ἀμετάϐλητον.

291 1242 569 1309 Κύριε,ἐν
609 1238 690 1305 τῷ
722 1238 1007 1309 θελήματι
1044 1257 1160 1293 σου
1192 1239 1498 1310 παρέσχου
1532 1240 1610 1307 τῷ
1641 1242 1847 1297 κάλλει

285 1351 406 1405 μου
452 1332 724 1403 δύναμιν.
789 1333 938 1385 Ἐπεὶ
988 1331 1161 1385 ταῦτα
1209 1332 1279 1385 τὰ
1335 1335 1705 1405 προειρημένα
1750 1336 1849 1388 οὑκ

290 1419 466 1492 ὀρθῶς
510 1419 811 1488 ἐλογίζετο,
856 1419 1025 1488 ἔγνω,
1059 1420 1139 1473 ὅτι
1171 1421 1205 1491 ή
1241 1420 1425 1485 στάσις
1457 1422 1617 1475 αὑτοῦ
1647 1424 1847 1493 ἐκείνη,

292 1512 388 1565 καὶ
425 1513 459 1582 ἡ
492 1509 711 1580 εύθηνία
749 1510 843 1564 καὶ
870 1511 931 1563 τὸ
966 1510 1167 1582 προσὸν
1191 1512 1338 1582 αὑτῷ
1368 1513 1488 1566 τότε
1533 1514 1724 1579 κάλλος
1754 1516 1851 1568 οὑκ

289 1598 360 1676 ἦν
398 1603 457 1669 ἐξ
494 1602 679 1669 αὑτοῦ,
711 1603 831 1655 οὑδὲ
868 1602 1020 1674 παρά
1044 1602 1141 1674 τὴν
1175 1605 1363 1657 ἐαυτοῦ
1404 1606 1581 1660 αἰτίαν
1611 1607 1851 1678 ὑπῆρχεν

292 1694 461 1765 αὑτῷ.
506 1695 598 1748 Διὸ
627 1695 1114 1765 ἐξομολογούμενος
1159 1695 1330 1751 ταῦτά
1379 1716 1540 1770 φησιν
1582 1700 1725 1772 ἔργῳ
1753 1702 1850 1772 τὴν

1946 512 2069 567 Non
2101 512 2343 566 movebar
2373 512 2428 566 in
2459 521 2735 566 trternum.
2761 510 3034 567 Judicium
3063 511 3269 568 Domini
3289 513 3496 583 justum

1944 618 2065 660 esse
2097 603 2437 672 comprobat,
2464 602 2594 656 dum
2628 600 2922 657 confitetur
2963 602 3104 658 unde
3158 602 3265 658 sibi
3316 603 3502 674 lapsus

1943 695 2171 750 venerit.
2206 691 2357 763 Opus
2387 692 2533 747 enim
2558 702 2642 747 est
2662 708 2808 753 eum.
2844 694 2938 763 qui
2968 708 3152 747 coram
3206 692 3316 747 Deo
3343 707 3482 747 cou-

1945 787 2112 852 sistit,
2148 785 2464 840 meminisse
2494 784 2660 853 hujus
2683 785 2836 850 dicti,
2866 785 2970 851 Qui
2999 784 3201 839 videtur
3224 796 3390 848 stare,
3423 786 3505 840 vi-

1945 878 2065 932 deat
2090 895 2152 932 ne
2180 876 2337 931 cadat
2382 877 2451 942 3°,
2507 891 2571 929 ac
2615 875 2845 930 Domino
2880 877 3108 948 gratiam
3140 877 3207 931 de
3242 886 3384 932 statu
3411 877 3504 931 illo

1945 968 2205 1039 profiteri.
2240 970 2309 1021 At
2332 967 2423 1022 ille
2463 980 2571 1020 non
2598 966 2734 1020 bene
2771 982 2954 1021 secum
2983 977 3269 1037 reputans,
3298 982 3363 1021 ex
3398 980 3499 1022 sua

1945 1065 2145 1119 virtute
2176 1078 2234 1118 se
2259 1065 2314 1116 in
2348 1060 2626 1132 praeclaris
2648 1067 2795 1115 stare
2817 1060 3117 1114 arbitratus
3138 1067 3221 1115 est
3236 1100 3251 1125 ,
3276 1074 3505 1130 seseque

1946 1154 2360 1219 immutabilem,
2391 1152 2830 1221 immobilemque
2852 1151 3163 1206 declaravit.
3197 1150 3433 1213 Domine,
3450 1152 3505 1205 in

1946 1248 2211 1301 voluntate
2245 1257 2335 1299 tua
2364 1244 2661 1314 priestitisti
2710 1243 2886 1297 decori
2915 1260 3027 1298 meo
3066 1245 3332 1298 virtutem.
3365 1242 3504 1309 Quia

1947 1339 2201 1409 superius
2254 1345 2549 1390 memorata
2597 1349 2707 1388 non
2760 1340 2911 1389 recte
2941 1333 3326 1396 :estimaverat,
3360 1333 3509 1388 novit

1948 1429 2163 1483 tandem
2192 1434 2393 1482 statum
2438 1425 2612 1490 illum,
2639 1424 2975 1489 felicitatem,
3021 1439 3085 1479 ac
3109 1424 3360 1479 decorem
3394 1438 3508 1495 quo

1948 1527 2079 1572 tunc
2114 1517 2377 1587 fulgebat,
2413 1530 2523 1570 non
2551 1530 2616 1570 ex
2645 1530 2725 1577 se,
2748 1529 2923 1584 neque
2944 1529 3004 1569 se
3032 1523 3255 1569 auctore
3284 1513 3388 1569 sibi
3408 1513 3509 1569 ad-

1949 1607 2141 1662 fuisse.
2170 1605 2512 1676 Quapropter
2543 1619 2666 1658 cum
2691 1619 2755 1659 ex
2787 1620 2847 1659 re
2875 1604 2993 1676 ipsa
3033 1604 3369 1661 infirmitatis
3398 1619 3512 1660 sum

1950 1698 2378 1770 esperimentum
2430 1697 2691 1766 cepisset,
2746 1695 2862 1750 haec
2901 1694 3214 1757 confitetur,
3276 1695 3509 1753 dicens:

296 1789 493 1857 πεῖραν
551 1785 879 1857 παραλαϐὼν
941 1787 1041 1858 τῆς
1086 1788 1278 1841 ἑαυτοῦ
1327 1770 1641 1855 ἀσθενείας·
1696 1770 1851 1846 Ἆπέ-

1958 1790 2205 1844 Acertisti
2235 1789 2423 1857 [aciem
2455 1797 2601 1841 tuam
2643 1804 2677 1841 a
2723 1803 2824 1850 me,
2858 1795 2908 1840 et
2942 1787 3116 1855 factus
3155 1803 3273 1841 sum
3298 1796 3512 1842 contur-

293 1877 564 1943 στρέψας
590 1874 657 1929 δέ
685 1891 800 1929 σου
834 1874 899 1929 τὸ
927 1879 1263 1944 πρόσει-τον,
1307 1878 1403 1932 καὶ
1442 1881 1733 1949 ἐγενήθην
1766 1899 1855 1935 τεο

296 1964 678 2036 ταραγμένος.
715 1967 786 2020 Σὺ
819 1967 915 2038 μὲν
937 1967 1041 2039 γάρ
1066 1968 1218 2022 οὐδὲν
1256 1968 1411 2024 πλέον
1438 1970 1697 2043 ἔπραξας,
1731 1973 1853 2026 οὔτε

296 2051 473 2123 ὦσας,
505 2057 628 2111 οὕτε
656 2060 946 2123 κατέϐαλες
964 2077 977 2089 ·
1019 2060 1148 2114 αὑτὸ
1178 2062 1235 2115 δὲ
1260 2061 1416 2116 τοῦτο
1469 2064 1559 2119 διὰ
1587 2066 1687 2137 τὴν
1715 2066 1853 2138 ἐμὴν

297 2149 662 2221 μεγαλαυχίαν
694 2152 1068 2223 μεμονωμένον
1100 2171 1166 2224 με
1202 2154 1410 2219 εἴασας,
1446 2158 1540 2210 καὶ⁵
1572 2158 1670 2228 τῆς
1701 2160 1853 2231 παρὰ

292 2241 389 2296 eo;
424 2241 676 2314 βοηθείας
717 2243 936 2315 ἔρημον.
997 2245 1394 2315 Ἆπέστρεψας
1431 2247 1497 2301 τὸ
1537 2250 1855 2316 πρόσωπόν

290 2348 406 2387 σου
428 2350 441 2363 °
476 2332 584 2401 ἐγὼ
618 2334 674 2387 δὲ
710 2337 1045 2407 παραχρῆμα
1092 2337 1417 2410 ὴλεγχόμην,
1461 2339 1557 2392 καὶ
1579 2340 1855 2411 ἐγινόμην

291 2424 718 2494 τεταραγμένος
736 2466 750 2486 ,
773 2427 1089 2481 ὑποπίπτων
1136 2432 1247 2493 τοῖς
1293 2430 1445 2501 ἐμοῖς
1476 2431 1849 2503 ἁμαρτήμασι,

291 2515 387 2569 καὶ
412 2519 524 2581 τοῖς
555 2519 704 2588 ἐμοῖς
731 2519 960 2591 ἐχθροῖς.

362 2608 520 2676 Πρὸς
573 2610 681 2675 σὲ,
735 2613 928 2680 Κύριε,
961 2611 1349 2682 κεκράξομαι,
1401 2615 1501 2669 καὶ
1554 2616 1703 2684 πρὸς
1747 2614 1853 2670 τὸν

296 2702 443 2756 Θεόν
467 2719 585 2771 μου
612 2702 994 2773 δεηθήσομαι.
1048 2705 1106 2757 Τί
1109 2726 1141 2770 ς
1166 2704 1417 2774 ὠφέλεια
1444 2707 1514 2760 ἐν
1541 2707 1621 2773 τῷ
1653 2708 1853 2777 αἵματι

289 2812 430 2862 μου,
466 2794 537 2848 ἐν
572 2795 651 2861 τῷ
690 2794 1013 2863 exarati-ﬁrmi
1054 2813 1130 2865 με
1172 2800 1257 2863 εις
1301 2797 1656 2868 διαφθοράν;
1694 2799 1850 2855 Κατά

294 2884 355 2937 δὲ
385 2884 475 2938 τὸν
500 2885 805 2957 Σύμμαχον·
824 2888 925 2942 Ἐν
942 2887 1064 2954 τοῖς
1076 2889 1280 2954 κακοῖς
1292 2893 1607 2961 γενόμενος
1615 2889 1844 2963 ἔλεγον·

297 2975 454 3044 Πρὸς
489 2976 583 3041 σὲ,
612 2979 806 3044 Κύριε,
849 2977 1079 3044 βοήσω,
1135 2980 1235 3033 και
1279 2996 1352 3034 σε
1399 2980 1506 3035 τὸν
1546 2980 1850 3050 δεσπότην

290 3084 414 3136 μου
463 3068 745 3121 ἱκετεύσω
768 3083 783 3098 ·
838 3068 895 3121 τί
945 3068 1152 3136 κέρδος
1206 3070 1275 3123 ὲν
1329 3069 1408 3135 τῷ
1455 3071 1655 3140 αἵματι
1696 3090 1844 3142 μου,

295 3154 754 3225 κατενεχθέντος
796 3174 913 3225 μου
963 3160 1050 3223 είς
1090 3158 1451 3226 διαφθορὰν;
1503 3160 1600 3228 Μὴ
1652 3161 1852 3231 ἐξομο-

295 3248 621 3320 λογήσεται
651 3263 752 3303 σοι
784 3251 968 3316 κόνις,
1008 3250 1047 3319 ἢ
1081 3251 1407 3322 ἀπαγγελεῖ
1430 3251 1543 3320 τὴν
1570 3253 1854 3322 ἀλήθειάν

293 3353 451 3404 σου;
488 3338 672 3394 Ταῦτα
715 3342 809 3394 καὶ
847 3339 917 3393 τά
954 3339 1162 3405 τούτοις
1208 3341 1555 3414 παραπλήσια
1610 3342 1851 3409 ἱκετεύω,

292 3427 539 3483 κάτωθεν
570 3430 813 3502 κραυγὰς
841 3430 1018 3500 ἀφιεὶς
1048 3431 1154 3484 ἀπὸ
1183 3430 1276 3484 τοῦ
1308 3430 1605 3501 βαθυτάτου
1631 3431 1850 3497 λάκκου,

298 3518 600 3592 πυθόμενος
640 3521 715 3585 ὡς
766 3520 915 3593 παρά
961 3522 1277 3577 διδασκάλου
1327 3523 1513 3595 μαθεῖν
1566 3524 1717 3597 παρά
1761 3525 1852 3579 σοῦ

295 3611 390 3665 τοῦ
416 3612 571 3667 Θεοῦ.
621 3613 716 3677 Τίς
753 3613 989 3683 ὠφέλεια
1015 3613 1221 3683 γίνεται
1255 3613 1434 3686 ἢὲμοὶ
1472 3616 1505 3687 ἢ
1542 3617 1749 3687 ἑτέροις
1790 3618 1855 3671 ἐκ

296 3702 390 3757 τοῦ
423 3702 555 3775 ἐμοῦ
588 3706 847 3775 αἴματος;
892 3706 963 3758 Ἦ
1005 3705 1057 3758 τί
1093 3706 1252 3760 πλέον
1282 3706 1585 3776 ἀνθρώποις
1625 3708 1853 3779 ὑπάρξει

297 3794 363 3847 ἐκ
389 3795 481 3848 τοῦ
507 3796 605 3867 ἐμὲ
628 3795 798 3851 ἐλθεῖν
820 3799 899 3860 είς
924 3797 1248 3870 διαφθοράνς
1285 3798 1496 3871 Ἐτέρου
1537 3799 1635 3871 μὲν
1661 3800 1768 3871 γὰρ
1797 3803 1865 3859 ἐν,

296 3885 375 3957 τῷ
417 3886 606 3958 αἵματι
650 3887 878 3961 ὑπάρξει
920 3888 1084 3960 πολλή
1126 3907 1209 3954 τις
1245 3890 1337 3943 καὶ
1383 3890 1588 3961 μεγάλη
1623 3889 1854 3960 ὠφέλεια

298 3978 377 4050 τῷ
403 3979 565 4032 παντὶ⁵
603 3980 823 4053 κόσμῳ’
858 3981 1074 4037 ἐπειδὰν
1118 3986 1146 4036 ὁ
1174 3983 1266 4047 σὸς
1293 3983 1464 4055 ἀμνὸς
1502 3985 1531 4035 ὁ
1558 3984 1725 4054 αῖρων
1757 3983 1854 4054 τὴν

293 4070 569 4143 ἁμαρτίαν
619 4071 713 4126 τοῦ
760 4072 966 4144 κόσμου
990 4113 1006 4138 ,
1054 4074 1130 4137 ὡς
1181 4073 1449 4145 πρόϐατον
1503 4074 1595 4127 ἐπὶ
1645 4072 1855 4145 σφαγὴν

293 4162 461 4229 ἔλθοι,
487 4165 582 4218 καὶ
626 4164 702 4229 ὡς
726 4164 896 4236 ἀμνὸς
919 4166 1159 4220 ἐναντίον
1187 4164 1281 4220 τοῦ
1309 4167 1585 4237 κείραντος
1623 4166 1851 4233 ἄφωνος.

297 4254 497 4308 Τούτου
547 4255 656 4327 γάρ
714 4254 794 4325 τῷ
843 4257 1029 4325 αἵματι
1100 4256 1470 4327 ἀπολύτρωσις
1531 4258 1623 4309 καὶ
1671 4255 1856 4309 κακῶν

295 4345 577 4419 ἐλευθερία
593 4349 725 4404 πᾶσι
742 4349 855 4411 τοῖς
868 4348 935 4401 δι’
951 4346 1115 4401 αὑτοῦ
1137 4346 1528 4417 σωθησομένοις
1549 4348 1851 4418 γενήσεται.

1960 1882 2133 1937 batus.
2168 1880 2249 1934 Tu
2279 1880 2499 1951 quidem
2528 1879 2666 1933 nihil
2706 1878 2934 1933 ulterius
2976 1876 3226 1942 effecisti,
3259 1893 3367 1933 non
3413 1880 3512 1933 im-

1957 1974 2145 2045 pulisti
2189 1988 2365 2044 neque
2398 1972 2646 2042 deiecisti
2676 1986 2801 2039 me;
2846 1971 2903 2026 id
2951 1979 3159 2025 tantum
3190 1971 3509 2041 praestitisti,

1958 2074 2018 2118 ut
2046 2079 2134 2118 me
2163 2071 2383 2134 propter
2432 2059 2801 2130 arrogantiam
2848 2074 3022 2113 meam
3074 2060 3273 2125 solum,
3306 2068 3511 2129 tuaque

1956 2173 2059 2227 ope
2088 2171 2321 2210 vacuum
2373 2154 2657 2210 desereres
2694 2170 2708 2205 :
2757 2151 3006 2205 Avertisti
3042 2151 3231 2221 faciem
3262 2161 3429 2218 tuam,
3456 2162 3514 2208 et

1956 2262 2055 2317 ego
2079 2246 2371 2302 confestim
2394 2246 2701 2309 convictus,
2727 2243 2900 2313 factus
2928 2259 3045 2297 sum
3068 2243 3433 2312 conturbatus,
3456 2246 3512 2300 in

1957 2347 2176 2411 peccata
2206 2355 2324 2396 mea
2354 2340 2563 2410 lapsus,
2601 2344 2655 2394 et
2686 2334 2923 2392 inimicis
2950 2336 3086 2394 meis
3121 2336 3372 2392 traditus.

2024 2619 2190 2675 Vens.
2216 2618 2270 2685 9,
2297 2618 2383 2673 10.
2422 2617 2504 2671 Ad
2547 2627 2614 2680 te,
2638 2616 2875 2682 Domine,
2906 2617 3165 2685 clamabo,
3186 2624 3237 2671 et
3262 2617 3331 2670 ad
3349 2615 3515 2671 Detur.

1955 2726 2124 2765 meum
2167 2708 2498 2779 deprecabor.
2540 2708 2670 2775 Quae
2719 2706 2922 2761 utilitas
2976 2708 3032 2760 in
3083 2708 3331 2778 sanguine
3376 2721 3511 2770 meo,

1953 2805 2076 2853 dum
2118 2799 2369 2855 descendo
2394 2800 2447 2854 in
2478 2799 2897 2869 corruptionem?
2926 2796 3233 2853 Secundum
3266 2795 3496 2869 Symma-

1952 2892 2113 2947 chum
2157 2903 2372 2947 autem:
2405 2890 2537 2946 Cum
2576 2892 2631 2945 in
2679 2891 2834 2944 malis
2878 2906 3042 2945 essent
3068 2930 3082 2955 ,
3129 2890 3242 2943 dixi
3274 2904 3294 2944 :
3326 2888 3407 2941 Ad
3436 2898 3507 2953 te.

1953 2985 2190 3049 Domine,
2221 2983 2478 3047 clamabo,
2506 2992 2555 3037 et
2580 2990 2627 3036 te
2657 2981 2938 3036 Dominum
2974 2996 3143 3034 meum
3172 2978 3507 3050 deprecabor.

1953 3076 2107 3143 Quod
2137 3077 2339 3130 lucrum
2367 3076 2419 3129 in
2448 3074 2698 3145 sanguine
2733 3090 2865 3135 meo.
2910 3089 2991 3127 me
3031 3071 3205 3127 delato
3241 3072 3295 3126 in
3329 3085 3515 3125 corra-

1949 3166 2211 3232 ptioncm?
2258 3161 2507 3232 Nunquid
2548 3161 2879 3231 conﬁtebitur
2923 3159 3018 3214 tibi
3060 3159 3250 3227 pulvis,
3281 3167 3373 3212 aut
3418 3174 3517 3212 att—

1954 3253 2212 3309 nuntiabit
2250 3255 2514 3307 veritatem
2543 3255 2725 3307 tuam?
2753 3251 2877 3306 Haec
2901 3259 2955 3306 et
2988 3250 3076 3306 his
3096 3250 3293 3305 similia
3323 3249 3516 3320 depre-

1953 3362 2068 3411 cor,
2096 3362 2162 3401 ex
2189 3344 2390 3400 inlimis
2431 3359 2495 3399 ac
2533 3360 2597 3400 ex
2646 3343 3073 3416 profundissimo
3103 3343 3224 3397 lacu
3249 3342 3515 3397 clamores

1953 3438 2225 3503 emittens,
2248 3436 2626 3505 sciscitorque,
2657 3443 2715 3489 ut
2748 3450 2779 3489 a
2807 3442 2863 3489 te
2883 3432 3014 3497 Deo,
3044 3448 3141 3489 ceu
3172 3447 3203 3486 a
3233 3432 3513 3502 magistro.

1953 3529 2205 3582 edocear.
2230 3525 2359 3592 Qua:
2382 3526 2584 3580 utilitas
2606 3533 2700 3578 aut
2726 3523 2860 3577 mihi
2889 3530 2982 3577 aut
3006 3521 3127 3577 aliis
3148 3537 3213 3576 cx
3246 3520 3514 3592 sanguine

1954 3635 2076 3675 meo
2103 3618 2416 3676 confertur?
2458 3617 2566 3673 Aut
2596 3616 2729 3688 quid
2759 3617 2992 3687 amplius
3036 3615 3345 3671 hominibus
3372 3614 3518 3669 acci-

1955 3712 2046 3767 det
2077 3710 2275 3784 [boni],
2306 3726 2353 3766 ει
2383 3709 2714 3765 descendero
2738 3708 2793 3763 in
2819 3706 3254 3779 corruptionem?
3279 3708 3345 3760 At
3370 3705 3515 3764 enim

1957 3804 2265 3860 in.alterius
2299 3802 2562 3872 sanguine
2606 3799 2774 3854 multa
2815 3812 3114 3868 magnaque
3156 3795 3364 3851 utilitas
3394 3795 3517 3850 uni-

1953 3908 2113 3949 verso
2139 3892 2340 3947 mundo
2363 3891 2617 3957 accedet;
2649 3889 2866 3959 quando
2887 3888 3072 3959 Agnus
3094 3894 3220 3943 tuus
3252 3886 3342 3959 qui
3375 3885 3516 3941 tollit

1952 3994 2234 4055 peccatum
2269 3982 2455 4038 mundi
2479 3982 2547 4046 ⁸⁷,
2578 3982 2733 4050 quasi
2767 3981 2885 4035 ovis
2916 3980 2982 4034 ad
3013 3978 3400 4050 jugulationem
3426 3992 3515 4031 ve-

1954 4075 2086 4138 niet,
2112 4081 2165 4128 et
2194 4081 2449 4142 tanquam
2478 4085 2649 4141 agnus
2673 4084 2854 4124 coram
2876 4067 3130 4123 tondente
3159 4083 3218 4122 se
3243 4067 3361 4123 sine
3378 4081 3511 4122 voce

1953 4163 2057 4219 erit
2076 4163 2144 4217 ⁸⁸.
2177 4161 2310 4217 Nam
2342 4177 2410 4216 ex
2432 4161 2596 4230 hujus
2627 4159 2888 4228 sanguine
2917 4157 3213 4228 redemptio
3231 4164 3286 4213 et
3304 4158 3509 4228 ereptio

1956 4270 1986 4309 a
2018 4256 2177 4321 malis
2201 4255 2271 4313 iis
2296 4254 2421 4319 erit,
2451 4253 2545 4324 qui
2594 4268 2687 4323 per
2730 4267 2853 4307 eum
2892 4252 3119 4306 salutem
3166 4248 3508 4305 consecuturi

1955 4359 2101 4405 sunt.
2150 4347 2452 4414 Quinetiam
2504 4346 2799 4401 descensus
2839 4343 2961 4411 ejus
2997 4343 3065 4396 ad
3101 4356 3195 4396 eos
3221 4354 3393 4409 usque
3418 4339 3513 4408 qui

313 4436 471 4490 Ἀλλά
520 4438 613 4492 καὶ
654 4440 688 4510 ἡ
743 4439 1041 4503 κατάϐασις
1085 4438 1292 4492 ἐκείνου
1327 4439 1359 4508 ἡ
1391 4437 1555 4509 μέχρι
1591 4437 1699 4492 τῶν
1727 4437 1843 4491 δια-

1952 4443 2002 4497 in
2029 4445 2378 4510 corruptione
2407 4445 2462 4492 et
2505 4438 2562 4491 in
2592 4443 2767 4491 morte
2796 4440 3101 4493 versantur,
3134 4430 3317 4485 multis
3348 4443 3515 4484 causa

296 4530 630 4603 φθαρέντων,
666 4534 761 4587 καὶ
787 4534 844 4586 ἐν
875 4532 1086 4601 θανάτῳ
1112 4530 1434 4602 γενομένων,
1464 4530 1674 4594 πολλοῖς
1703 4530 1855 4585 αίτία

298 4620 573 4692 σωτηρίας
616 4620 786 4675 ἔσται.
819 4622 1016 4686 Πολλὺς
1042 4622 1151 4695 γάρ
1188 4621 1315 4693 χοῦς
1356 4622 1449 4676 καὶ
1486 4620 1653 4692 πολλὴ
1704 4620 1852 4685 κόνις

292 4713 406 4769 τῶν
433 4710 599 4766 πάλαι
636 4713 727 4765 καὶ
756 4713 1022 4786 σαρκίνων
1062 4714 1154 4769 καὶ
1175 4712 1373 4785 χοῖκῶν
1428 4710 1725 4785 ἀνθρώπων
1768 4709 1854 4777 ἐξ·

293 4804 686 4877 ομολογήσεταί
721 4822 828 4858 σοι’
854 4806 904 4859 οἳ
943 4808 1037 4860 καὶ
1064 4808 1154 4860 ἐπὶ
1195 4806 1257 4860 τὸ
1295 4807 1540 4878 κρεῖττον
1589 4801 1855 4875 μεταϐλη-

296 4895 500 4959 θέντες,
549 4894 915 4963 ἀπαγγελοῦσι
960 4896 1060 4967 τὴν
1106 4895 1358 4968 ἀλήθειάν
1411 4911 1523 4949 σου.
1569 4894 1715 4964 Μήτι
1758 4888 1850 4946 οὖν

296 4988 392 5042 καὶ
420 4989 482 5041 ἐν
510 4986 587 5058 τῷ
627 4986 745 5058 ἐμῷ
783 4987 973 5059 αἵματι
1007 4987 1160 5041 ἐσται
1189 5005 1242 5042 τι
1276 4985 1512 5042 τοιοῦτον
1547 4985 1749 5055 ἀγαθὸν
1775 4984 1854 5056 τῷ

293 5081 518 5150 κόσμῳ;
586 5079 619 5151 ἦ
676 5078 1082 5149 ὠφεληθήσεται
1136 5096 1220 5144 τις
1269 5079 1402 5150 ἐμοῦ
1455 5078 1853 5149 κατασυρέντος

294 5171 400 5224 ὑπὸ
427 5169 524 5224 τοῦ
551 5169 818 5237 θανάτους
849 5169 883 5240 ἢ
915 5168 1043 5240 χοῦς
1072 5171 1164 5223 κα)⁸
1194 5170 1223 5221 ὁ
1246 5170 1353 5223 ἀπὸ
1380 5168 1473 5223 τοῦ
1506 5168 1600 5239 χοῦ
1631 5167 1855 5238 ληφθεὶς

294 5262 388 5317 καὶ
421 5260 656 5331 γεγονὼς
688 5260 990 5333 ἄνθρωπος,
1027 5260 1378 5331 μεταϐληθεὶς
1405 5260 1512 5315 ἀπὸ
1543 5258 1634 5313 τοῦ
1668 5256 1850 5330 χοϊκοῦ

293 5353 386 5408 καὶ
411 5353 696 5424 γενόμενος
738 5352 1120 5423 πνευματικὸς,
1149 5352 1445 5421 ἀπαγγελεῖ
1475 5351 1572 5423 τὴν
1596 5350 1850 5423 ἀλήθειάν

296 5461 425 5511 nou;
484 5446 643 5500 Ἀλλά
683 5446 792 5518 γὰρ
831 5445 984 5499 οὐδὲν
1023 5442 1174 5499 ἔσται
1216 5443 1275 5507 ἐξ
1307 5442 1437 5513 ἐμοῦ
1464 5441 1729 5497 τοιοῦτονο
1770 5443 1852 5497 διὸ

298 5536 522 5591 ἱκετεύω
583 5538 662 5609 μὴ
715 5537 1047 5611 ὁμοιωθῆναι
1118 5538 1228 5600 τοῖς
1301 5534 1707 5590 καταϐαίνουσιν
1768 5540 1850 5602 είς

299 5630 511 5683 λάκκον.

364 5746 411 5778 ⁸⁸
451 5747 472 5802 ι
507 5748 631 5803 Cor.
668 5763 738 5814 χ,
774 5747 861 5802 12·
935 5746 977 5779 ⁸⁷
1017 5744 1176 5802 Joan.
1216 5761 1263 5811 ι,
1298 5744 1385 5801 ‘29.
1464 5743 1511 5775 ⁸⁸
1533 5742 1639 5811 lsa,
1665 5758 1780 5812 ιιιι,
1810 5742 1865 5797 7.

1953 4533 2147 4590 salutis
2190 4531 2313 4587 erit.
2374 4528 2555 4582 Pulvis
2595 4525 2740 4581 enim
2790 4523 2993 4577 multus
3038 4522 3313 4592 multaque
3345 4528 3513 4587 terra,

1954 4624 2235 4680 hominum
2274 4620 2480 4678 scilicet
2519 4618 2649 4673 olim
2694 4614 2993 4670 carnalium
3043 4627 3109 4668 ac
3155 4620 3512 4678 terrenarum,

1955 4714 2298 4773 confitebitur
2318 4712 2414 4768 tibi
2438 4729 2452 4766 :
2473 4709 2568 4781 qui
2590 4708 2645 4763 in
2668 4706 2942 4763 meliorem
2962 4703 3106 4760 versi
3125 4702 3511 4768 conditionem,

1956 4806 2355 4863 annuntiabunt
2407 4803 2686 4859 veritatem
2736 4805 2904 4853 tuam.
2955 4795 3208 4867 Nunquid
3249 4795 3413 4867 igitur
3457 4796 3506 4850 in

1958 4898 2219 4970 sanguine
2264 4911 2384 4952 meo
2429 4895 2537 4950 tale
2580 4892 2856 4964 quidpiam
2898 4891 3101 4946 bonum
3138 4886 3340 4943 mundo
3376 4887 3515 4943 erit?

1956 4991 2038 5045 An
2066 4989 2188 5060 quis
2222 4986 2508 5041 utilitatem
2553 4984 2682 5038 hinc
2728 4980 3027 5053 percipiet,
3070 4980 3118 5034 si
3151 4992 3249 5048 ego
3278 4992 3310 5031 a
3340 4984 3514 5032 morte

1955 5079 2243 5137 detrahar?
2279 5078 2361 5132 An
2405 5077 2583 5148 pulvis
2607 5084 2662 5131 et
2692 5073 2786 5146 qui
2812 5088 2879 5129 ex
2912 5071 3129 5144 pulvere
3158 5078 3406 5139 sumptus
3436 5066 3513 5120 fa-

1955 5182 2078 5229 ctus
2102 5179 2186 5228 est
2214 5171 2394 5233 homo,
2423 5183 2491 5223 ex
2528 5174 2744 5221 terreno
2786 5168 3148 5219 commutatus
3176 5160 3234 5214 in
3258 5156 3512 5230 spiritua-

1956 5265 2082 5329 lem,
2115 5257 2455 5317 annuntiabit
2482 5258 2757 5313 veritatem
2786 5254 2968 5310 tuam?
2994 5252 3139 5308 Nihil
3166 5264 3298 5308 sane
3322 5246 3509 5315 hujus-

1957 5357 2103 5412 modi
2128 5371 2195 5411 ex
2229 5370 2315 5410 me
2339 5351 2593 5424 prodibit.
2629 5350 2992 5418 Quamobrem
3026 5359 3160 5418 rogo
3208 5356 3277 5398 ne
3318 5335 3509 5394 similis

1962 5448 2084 5502 tiam
2110 5443 2564 5504 descendentibus
2591 5444 2646 5500 in
2674 5445 2874 5499 lacum.
3574 5425 3588 5447 ¹
