3992 6216
520 294 626 352 9.03

1217 290 1483 346 EUSEBH
1518 287 1993 343 CASSARIENSIS
2028 287 2177 343 OPP.
2220 285 2399 341 PARS
2434 286 2519 341 111.
2560 318 2628 326 —
2662 284 3067 343 EXEGETICA.

3644 286 3744 341 281

587 403 755 461 Vens.
817 405 1000 459 "-13.
1032 405 1243 458 Audiuit
1285 404 1556 468 Dominus,
1615 412 1665 457 et
1724 405 1967 458 misertus
2009 420 2064 458 es

2263 405 2514 458 Ἤκουσε
2547 406 2799 471 Κύριος,
2831 402 2925 455 καὶ
2953 398 3177 468 ἠλέησέ
3208 414 3284 467 με
3304 413 3317 427 ·
3376 399 3585 466 Κύριος
3615 399 3745 471 ἐγε-

516 499 639 561 ntei,
680 496 933 549 Dominus
978 495 1151 564 factus
1200 504 1278 548 est
1321 495 1533 564 adjutor
1574 510 1737 550 meus.
1808 493 2075 550 Converti-

514 589 585 641 sti
639 586 905 655 planctum
971 603 1140 640 meum
1198 586 1250 637 in
1294 585 1543 655 gaudium
1576 586 1703 639 mihi
1732 601 1749 639 :
1776 586 2078 641 conscidisti

515 694 724 733 saccum
752 696 943 743 meum,
973 688 1022 733 et
1054 678 1441 731 circumdedisti
1469 695 1548 732 me
1574 680 1781 734 laetitia.
1809 679 1945 734 Cum
1974 681 2075 743 sic,

515 770 710 839 inquit,
750 769 1088 839 deprecarer,
1120 768 1212 838 qui
1258 784 1368 822 non
1421 769 1608 837 procul
1652 775 1737 823 est
1778 768 1847 822 ab
1887 768 1954 824 iis
1984 769 2076 839 qui

515 878 650 936 pure
689 877 753 917 ac
797 862 1025 917 ﬁdeliter
1052 862 1304 916 invocant
1334 863 1531 931 ipsum,
1563 860 1822 916 Dominus
1854 861 2072 925 audivit,

514 952 582 1008 de
610 966 717 1021 quo
751 951 950 1006 dictum
980 961 1062 1004 est
1087 969 1100 1004 :
1132 948 1304 1017 Prope
1330 959 1407 1002 est
1440 949 1695 1002 Dominus
1725 946 1964 1001 omnibus
1992 947 2075 1000 in-

513 1042 811 1097 vocantibus
835 1058 949 1095 eum
996 1042 1051 1095 in
1090 1042 1304 1095 veritate
1329 1042 1415 1096 "1
1447 1049 1501 1095 et
1530 1049 1812 1111 postquam
1848 1040 2074 1103 audivit,

512 1134 751 1187 misertus
782 1143 859 1186 est
889 1133 1009 1193 mei,
1046 1146 1109 1186 ac
1157 1147 1312 1187 suam
1354 1147 1478 1199 erga
1521 1147 1606 1186 me
1648 1131 2073 1186 misericordiam

511 1240 671 1295 opere
698 1223 1111 1293 comprobavit:
1145 1223 1317 1291 factus
1351 1231 1427 1276 est
1465 1217 1608 1273 enim
1645 1221 1859 1289 adjutor
1906 1238 2069 1275 meus.

509 1317 800 1386 Postquam
857 1330 957 1369 nos
1012 1315 1160 1369 hisce
1213 1315 1477 1369 allocuth
1517 1325 1599 1369 est
1629 1314 1831 1376 verbis,
1869 1322 1923 1369 et
1953 1328 2074 1383 quae

510 1409 613 1465 sibi
648 1406 959 1462 acciderant
1000 1406 1290 1467 enarravit,
1325 1421 1519 1460 rursus
1567 1406 1862 1474 gratiarum
1905 1405 2074 1459 actio-

509 1516 631 1556 nem
657 1500 725 1554 ad
760 1500 933 1569 ipsum
966 1498 1134 1553 Deum
1177 1499 1461 1563 convertit,
1496 1497 1756 1552 benelicia
1807 1497 1910 1552 sibi
1954 1498 2069 1551 eol-

509 1592 617 1645 lata
646 1604 991 1646 enumerans.
1030 1587 1186 1654 Nam,
1218 1590 1413 1659 inquit,
1441 1598 1498 1642 tu
1540 1589 1646 1642 mei
1692 1588 1948 1643 misertus
1985 1603 2067 1652 es,

507 1692 560 1737 et
590 1681 766 1736 factus
803 1696 862 1735 es
883 1680 1097 1749 adjutor
1124 1695 1309 1747 meus;
1344 1688 1507 1750 atque
1548 1679 1628 1735 sic
1654 1688 1860 1736 veteres
1895 1680 2070 1751 lacry-

2176 494 2327 562 νήθη
2369 495 2594 562 ,βοηθός
2629 512 2765 563 μου.
2814 495 3146 561 Ἔστρεψας
3190 492 3296 546 τὸν
3336 493 3591 545 κοπετόν
3629 508 3748 563 μου

2174 592 2261 655 εις
2300 592 2493 657 χαρὰν
2522 588 2671 657 ἐμοὶ,
2718 584 3030 654 διέρῤηξας
3068 584 3176 637 τὸν
3217 582 3448 637 σάκκον
3475 599 3614 651 μου,
3648 584 3745 638 καί

2175 680 2527 750 περιέζωσάς
2546 697 2623 749 με
2643 680 3043 749 εὐφροσύνην.
3063 677 3268 739 Ταῦτα,
3288 676 3442 745 φησὶ,
3467 674 3748 745 δεηθέντος

2178 791 2299 845 μου,
2328 777 2356 827 ὁ
2382 773 2456 845 μὴ
2489 773 2701 845 μακρὰν
2728 772 2975 841 ἀφεστὼς
3002 770 3108 824 τῶν
3139 768 3391 839 καθαρῶς
3419 769 3513 821 καὶ
3542 767 3747 831 πιστῶς

2173 864 2615 933 ἐπικαλουμένων
2652 862 2816 916 αὑτὸν
2840 862 3041 933 Κύριος
3062 859 3315 928 ἤκουσε,
3346 857 3474 928 περὶ
3505 851 3567 910 οὗ
3596 857 3745 929 εἴρη-

2173 973 2294 1010 ται·
2357 956 2564 1025 Ἐγγὺς
2613 956 2826 1022 Κύριος
2871 952 3019 1008 πᾶσι
3064 953 3189 1018 τοῖς
3249 951 3745 1018 ἐπικαλουμένοις

2174 1048 2358 1101 αὐτὸν
2400 1047 2470 1099 ἐν
2511 1047 2780 1115 ἀληθείᾳ·
2830 1044 2923 1099 καὶ
2970 1044 3205 1106 ἀκούσας
3247 1043 3476 1109 ἠλέησέ
3515 1059 3613 1111 με.
3656 1046 3745 1097 καὶ

2173 1139 2330 1209 ἔργον
2375 1138 2679 1204 ἐπεδείξατο
2726 1136 2818 1189 τοῦ
2872 1138 2950 1200 εἰς
2977 1137 3075 1207 ἐμὲ
3108 1137 3309 1189 οἴκτου·
3334 1134 3588 1204 ἐγενήθη
3634 1136 3738 1204 γὰρ

2167 1232 2393 1297 ,ϐοηθός
2411 1249 2550 1299 μου.
2576 1232 2758 1284 Ταῦτα
2788 1231 2861 1293 ὼς
2891 1229 3026 1299 πρὸς
3055 1230 3202 1299 ἡμᾶς
3219 1226 3538 1296 διαλεχθεὶς,
3562 1227 3656 1279 καὶ¹
3678 1227 3742 1279 τὰ

2175 1321 2557 1391 συμϐεϐηκότα
2596 1322 2743 1392 αύτῷ
2780 1321 2997 1384 διδάξας
3020 1322 3185 1391 ἡμᾶς,
3218 1319 3548 1389 ἀποστρέφει
3585 1318 3742 1371 πάλιν

2171 1413 2269 1482 τὴν
2295 1413 2639 1483 εὐχαριστίαν
2675 1413 2762 1465 ἐπ’
2791 1412 2950 1465 αὐτὸν
2983 1412 3133 1474 θεὸν,
3163 1411 3260 1473 τὰς
3288 1412 3367 1472 εἰς
3394 1410 3555 1463 αὑτὸν
3594 1410 3742 1480 εὐερ-

2171 1506 2357 1572 γεσίας
2387 1504 2615 1569 διεξιών.
2657 1505 2921 1576 ἸΙλέησας
2955 1504 3064 1575 γάρ
3099 1521 3164 1574 με
3205 1504 3291 1566 σὺ,
3323 1503 3477 1572 φησι,
3523 1504 3617 1556 καὶ
3649 1504 3740 1571 γέ-

2170 1610 2331 1661 γονας
2380 1593 2571 1663 βοηθός
2614 1609 2749 1664 μουο
2793 1592 2933 1646 οὕτω
2982 1609 3042 1645 τε
3093 1590 3385 1663 μετέϐαλες
3435 1594 3503 1645 τὰ
3542 1593 3741 1646 παλαιά

2176 1702 2276 1756 μου
2313 1686 2542 1757 δάκρυα,
2577 1686 2672 1739 καὶ
2701 1688 2827 1749 τοὺς
2867 1685 3097 1759 θρήνους
3136 1683 3231 1737 καὶ
3272 1689 3361 1737 τὸν
3402 1684 3631 1738 κοπετὸν
3663 1688 3739 1749 είς

507 1788 647 1839 mas,
679 1771 1112 1835 lamentationes,
1160 1772 1435 1840 planctum
1484 1770 1539 1824 in
1588 1770 1780 1836 risum,
1814 1769 2068 1837 gaudium

2170 1779 2378 1847 γέλωτα
2402 1780 2494 1832 καὶ
2523 1779 2715 1849 χαρὰν,
2751 1780 2843 1832 καὶ
2879 1778 3213 1848 ἀγαλλίασιν,
3249 1776 3625 1847 ἐπαληθεύσας
3652 1778 3737 1831 τὸν

505 1872 561 1920 et
608 1863 1022 1918 exsultationem
1060 1863 1427 1917 commutasli.
1475 1860 1553 1916 lla
1599 1877 1780 1917 veram
1820 1875 2071 1929 compro-

505 1956 643 2012 basti
691 1957 836 2010 illam
891 1954 1299 2019 beatitudinem,
1333 1970 1453 2025 qua:
1491 1955 1582 2009 diu
1636 1962 1821 2024 postea
1851 1954 1916 2008 de
1939 1952 2071 2007 ﬁen-

504 2050 649 2105 tibus
677 2063 739 2103 ac
763 2048 1072 2119 lugentibus
1099 2047 1294 2102 tradita
1323 2056 1405 2103 est
1437 2067 1449 2102 :
1479 2046 1632 2101 Beati
1655 2048 1752 2113 qui
1766 2047 1911 2115 ﬂent,
1940 2062 2072 2115 quo-

506 2134 649 2198 niam
679 2142 915 2197 ridebunt
937 2143 1013 2205 ”;
1044 2142 1182 2196 beati
1207 2143 1294 2212 qui
1324 2141 1515 2211 lugent,
1546 2142 1792 2210 quoniam
1818 2140 1915 2207 ipsi
1944 2156 2069 2192 con-

505 2236 817 2291 solabuntur
846 2236 913 2289 ".
951 2233 1032 2290 Me
1073 2248 1233 2288 sareo
1258 2234 1479 2299 exuisti,
1513 2234 1604 2303 qui
1634 2233 1812 2286 luctus
1854 2232 2066 2301 signum

504 2334 640 2389 erat,
676 2326 731 2378 in
761 2340 869 2396 quo
900 2340 986 2380 me
1033 2324 1349 2393 amigebam,
1381 2332 1435 2378 et
1477 2324 1694 2394 cingulo
1728 2323 1923 2377 laetitia;
1965 2323 2066 2377 cir-

504 2417 849 2472 cumcinxisti
890 2431 993 2471 me.
1026 2415 1149 2469 Haec
1181 2429 1340 2484 porro
1361 2415 1539 2467 omnia
1593 2415 1723 2468 mihi
1766 2414 2062 2485 praabuisti,

504 2516 564 2564 ut
597 2508 763 2571 né,-si
793 2508 891 2563 tibi
937 2522 1046 2562 non
1076 2506 1359 2561 confessus
1392 2522 1591 2571 essem,
1623 2517 1762 2562 terra
1801 2516 1852 2561 et
1890 2506 2064 2576 pulvis

501 2616 858 2667 remanerem,
885 2609 945 2655 ut
991 2610 1163 2655 cantet
1200 2598 1292 2654 tibi
1338 2599 1507 2669 gloria
1556 2616 1689 2653 mea.
1727 2596 1861 2651 Nam
1899 2598 1944 2653 si
1974 2598 2067 2651 de-

500 2693 832 2750 scendissem
891 2694 947 2748 in
1001 2693 1439 2762 corruptionem,
1486 2692 1634 2745 nulla
1679 2690 1807 2743 hinc
1861 2689 2066 2743 utilitas

500 2787 588 2843 vel
617 2787 750 2841 mibi
778 2787 861 2841 vel
885 2786 1008 2841 aliis
1058 2792 1318 2840 eventura
1362 2791 1498 2838 erat.
1541 2781 1651 2850 Ego
1691 2795 1925 2849 namque
1957 2781 2065 2834 vita

501 2881 592 2937 illa
629 2896 751 2952 qua:
791 2895 858 2933 ex
905 2888 956 2934 te
990 2877 1231 2948 procedit
1279 2874 1576 2945 privandus
1618 2888 1788 2939 eram,
1818 2872 1909 2925 alii
1938 2887 2066 2928 vero

503 2988 598 3045 per
624 2989 708 3027 me
731 2972 958 3026 salutem
988 2968 1209 3021 minime
1237 2966 1382 3020 nacti
1410 2972 1610 3020 essent.

570 3062 640 3117 At
669 3060 886 3133 quando
920 3068 978 3113 tu
1011 3057 1310 3113 convertisti
1344 3054 1611 3126 planctum
1639 3070 1809 3108 meum
1841 3054 1895 3109 in
1932 3071 2064 3126 gau-

2172 1865 2394 1937 ὕστερόν
2427 1883 2556 1918 ποτε
2581 1864 2838 1935 λεχθέντα
2869 1866 3213 1938 μακαρισμὸν
3247 1868 3375 1937 περὶ
3398 1866 3505 1919 τῶν
3531 1866 3740 1920 κλαιόν-

2168 1972 2273 2009 των
2298 1955 2389 2008 καὶ
2418 1954 2773 2019 πενθούντων,
2804 1954 2945 2009 κατὰ
2966 1956 3025 2007 τό
3043 1972 3056 1985 ⁸
3099 1956 3385 2025 Μακάριοι
3425 1959 3479 2008 οὶ
3506 1958 3739 2011 κλαίον-

2165 2066 2284 2114 τες,
2315 2047 2403 2100 ὅτι
2435 2045 2795 2118 γελάσονται
2815 2064 2828 2079 ’
2853 2047 2947 2100 καὶ
2974 2047 3247 2117 μακάριοι
3278 2053 3331 2103 οἱ
3362 2049 3736 2118 πενθοῦντες,

2166 2141 2253 2194 ὅτι
2289 2138 2879 2207 παρακληθήσονται.
2931 2139 3011 2193 Τὰ
3043 2140 3287 2211 σύμϐολα
3325 2140 3455 2208 γοῦν
3491 2141 3587 2195 τοῦ
3615 2141 3739 2195 πένε-

2165 2231 2291 2295 θους
2339 2231 2612 2293 ἀπέδυσας
2646 2248 2744 2302 με,
2794 2230 2888 2284 τὸν
2936 2231 3169 2295 σάκκον,
3220 2235 3278 2286 ἐν
3327 2226 3371 2301 ᾧ
3413 2233 3739 2288 κακοπαθὼν

2167 2326 2398 2396 ἐμαυτὸν
2425 2325 2823 2397 ἐτιμωρούμην,
2860 2327 2952 2379 καὶ
2985 2324 3231 2397 ζώσματι
3276 2328 3611 2399 εὐφροσύνης
3645 2346 3739 2382 πε-

2169 2418 2429 2489 ριέζωσάς
2476 2435 2562 2488 με.
2614 2417 2724 2470 Καὶ
2748 2416 2921 2470 ταῦτα
2949 2419 3122 2471 πάντα
3170 2437 3259 2489 μοι
3304 2421 3604 2491 παρέσχου,
3652 2421 3740 2474 ἶνα

2169 2509 2241 2580 μὴ
2282 2510 2561 2579 ἀπομείνω
2606 2509 2750 2572 κόνις
2783 2510 2876 2563 καὶ
2909 2505 3036 2581 χοῦς
3082 2513 3110 2565 ὁ
3151 2512 3224 2583 μὴ
3256 2512 3740 2585 ἐξομολογούμενος

2168 2616 2269 2666 σοι,
2310 2600 2421 2653 ἀλλ’
2451 2602 2551 2653 ἵνα
2581 2600 2792 2670 prius”
2832 2617 2928 2655 σοι
2958 2604 2996 2671 ἡ
3026 2602 3174 2665 δόξα
3194 2621 3333 2671 μου.
3379 2605 3467 2657 Ἐν
3505 2605 3601 2675 μὲν
3631 2605 3744 2676 γὰρ

2164 2691 2241 2762 τῷ
2274 2691 2574 2763 καταϐῆναι
2611 2709 2679 2761 με
2710 2694 2789 2756 εἰς
2816 2692 3112 2765 διαφθορὰν
3147 2694 3371 2766 οὐδεμία
3400 2714 3483 2759 τις
3506 2691 3573 2765 ἦν
3596 2695 3748 2765 ὠφέ-

2163 2782 2283 2836 λεια
2307 2781 2415 2835 οὔτ’
2445 2783 2569 2853 ἐμοὶ
2593 2782 2715 2836 οὔτε
2737 2784 2961 2855 ἑτέροις.
3009 2783 3151 2854 Ἐγώ
3180 2796 3251 2838 τε·
3272 2787 3382 2859 γὰρ
3408 2786 3747 2857 ἁπεστερού·

2167 2890 2273 2944 μην
2295 2875 2395 2945 τῆς
2418 2874 2568 2946 παρὰ
2601 2874 2694 2928 σοῦ
2718 2874 2883 2946 ζωῆς,
2912 2876 3061 2931 ἄλλοι
3087 2895 3144 2932 τε
3172 2879 3421 2950 οὐδαμῶς
3447 2880 3741 2949 ἐτύγχανον

2163 2963 2263 3034 τῆς
2292 2964 2357 3017 δι’
2388 2965 2520 3037 ἐμοῦ
2554 2969 2841 3039 σωτηρίας.

2246 3057 2332 3108 Ἐν
2360 3055 2416 3109 δὲ
2443 3055 2520 3127 τῷ
2537 3058 2936 3127 μεταϐάλλειν
2967 3075 3041 3115 σε
3069 3060 3176 3115 τὸν
3203 3063 3461 3116 κοπετόν
3481 3079 3602 3132 μου
3649 3066 3739 3131 εις

500 3152 646 3209 dium
692 3148 840 3213 mihi,
870 3156 924 3205 et
952 3148 1169 3220 quando
1213 3144 1518 3200 conscidisti
1562 3159 1771 3198 saccum
1802 3159 1972 3197 meum
2014 3151 2064 3197 et

2166 3147 2355 3217 χαρὰν
2387 3147 2536 3217 ἐμοὶ,
2572 3150 2666 3202 καὶ
2707 3152 2765 3204 ἐν
2795 3151 2873 3223 τῷ
2912 3151 3227 3221 διαρῤἦξαί
3257 3169 3332 3209 σε
3370 3154 3477 3207 τὸν
3507 3154 3740 3209 σάκκον

500 3240 890 3297 circumdedisti
938 3257 1016 3295 me
1059 3239 1267 3302 laztitia,
1293 3252 1402 3292 non
1448 3236 1660 3291 modica
1707 3234 1831 3289 inde
1859 3235 2064 3289 utilitas

500 3334 733 3389 accessit
762 3352 775 3388 :
810 3349 934 3389 nam
964 3333 1192 3405 pristina
1227 3337 1446 3400 recepta
1474 3329 1667 3399 gloria,
1690 3342 1786 3398 per
1814 3343 1933 3383 eam
1965 3326 2064 3382 tibi

501 3427 732 3483 cantabo
756 3438 809 3482 et
831 3427 1055 3498 psallam
1075 3466 1090 3491 ,
1120 3440 1225 3480 non
1263 3439 1426 3495 prava
1454 3424 1670 3494 quidem
1708 3421 2061 3484 conscientia,

501 3519 596 3575 sed
628 3519 809 3575 ﬁdenti
848 3534 925 3575 ac.
949 3533 1083 3591 pura
1135 3525 1332 3574 mente.
1380 3517 1504 3571 Ideo
1532 3515 1628 3579 ait,
1664 3512 1732 3567 Ut
1771 3521 1942 3567 cantet
1972 3512 2066 3565 tibi

497 3612 668 3684 gloria
697 3628 831 3677 mea,
872 3620 921 3666 et
965 3628 1067 3665 non
1113 3621 1447 3680 compungar.
1495 3608 1573 3662 lta
1623 3619 1787 3677 porro
1817 3618 2066 3674 perseve-

499 3705 633 3760 rabo
665 3719 761 3775 per
787 3718 947 3759 omne
996 3702 1274 3768 saeculum,
1304 3700 1602 3757 conﬁtebor
1653 3696 1778 3760 tibi,
1828 3704 1884 3749 et
1933 3708 1963 3748 a
2014 3703 2066 3748 te

500 3795 632 3849 mihi
665 3809 878 3863 semper
918 3794 1114 3847 collata
1146 3791 1406 3847 beneﬁcia
1452 3787 1909 3845 commemorabo.
1957 3784 2063 3838 Do-

497 3887 669 3940 minus
698 3885 870 3955 factus
898 3892 976 3938 est
1010 3883 1222 3953 adjutor
1248 3898 1410 3936 meus.
1452 3880 1757 3935 Notandum
1792 3892 1954 3947 porro
1981 3886 2065 3933 est

500 3976 653 4038 illud,
678 3975 850 4045 factus
871 3982 969 4039 est,
999 3988 1109 4028 non
1148 3986 1361 4041 semper
1393 3977 1668 4040 acceptam
1704 3967 2063 4023 substantiam

499 4066 844 4141 signiﬁcare;
892 4066 984 4120 sed
1021 4064 1344 4135 quandoque
1383 4064 1546 4117 etiam
1601 4060 1843 4115 habitum
1871 4074 2065 4130 quem-

498 4163 645 4216 dam.
677 4157 864 4213 Sicubi
899 4157 1065 4227 igitur
1106 4155 1159 4210 id
1194 4154 1263 4209 de
1310 4152 1590 4208 Salvatore
1629 4152 1862 4217 dicatur,
1908 4151 2059 4204 habi-

500 4261 613 4307 tum
643 4250 710 4307 ad
739 4263 854 4305 rem
882 4247 1143 4316 aliquam,
1176 4260 1282 4300 non
1318 4244 1677 4300 substantiam
1723 4242 1942 4307 factam,
1987 4241 2062 4295 si-

498 4342 733 4417 gniﬁcat.
790 4338 1103 4395 Conuertisti
1163 4336 1429 4406 planctum
1486 4352 1657 4390 meum
1704 4335 1759 4388 in
1808 4335 2060 4405 gaudium

499 4436 645 4491 mihi.
677 4434 789 4491 Vos
820 4433 930 4497 illa,
963 4431 1203 4503 planctus
1240 4429 1375 4503 [sive
1418 4431 1591 4484 tunsio
1635 4427 1903 4500 pectoris],
1932 4442 2058 4483 sen-

2157 3257 2275 3308 μου
2309 3240 2406 3293 καὶ
2435 3240 2745 3309 περιζῶσαι
2769 3246 3174 3313 εὐφροσύνην,
3211 3248 3309 3318 οὐχ
3339 3249 3371 3317 ἡ
3396 3248 3633 3319 τυχοῦσα
3655 3265 3740 3317 γε·

2162 3332 2382 3401 γένηται
2401 3333 2635 3403 ὠφέλεια
2652 3353 2665 3366 ·
2693 3336 2983 3391 ἀπολαϐὼν
3008 3338 3118 3411 γὰρ
3142 3339 3242 3410 τὴν
3272 3340 3540 3412 προτέραν
3567 3341 3739 3413 ἐμαυ-

2160 3423 2253 3476 τοῦ
2277 3423 2452 3494 δόξαν,
2485 3425 2571 3479 διὰ
2589 3426 2793 3498 ταύτης
2823 3445 2903 3482 σοι
2928 3429 3103 3499 ψαλῶ,
3120 3432 3214 3484 καὶ
3240 3431 3393 3501 ψαλῶ
3422 3450 3501 3487 σοι
3517 3433 3577 3486 οὔ
3602 3434 3741 3505 μετά

2161 3530 2303 3578 τινος
2332 3515 2541 3587 φαύλης
2575 3519 2952 3591 συνειδήσεως.
2984 3521 3117 3575 ἀλλὰ
3175 3525 3313 3594 μετὰ
3360 3527 3741 3597 πεπαῤῥησια-

2164 3605 2367 3677 σμένης
2397 3607 2490 3659 καλ⁸
2522 3608 2769 3680 καθαρᾶς
2815 3610 3069 3676 διανοίας.
3102 3615 3193 3667 Διό
3219 3631 3408 3685 φησιν⁸
3444 3617 3631 3681 Ὅπως
3660 3615 3739 3668 ἂν

2161 3697 2371 3767 abdita
2424 3716 2521 3753 σοι
2566 3701 2605 3767 ἡ
2648 3700 2799 3765 δόξα
2845 3719 2985 3770 μου,
3031 3703 3128 3757 καὶ
3171 3707 3241 3759 οὐ
3279 3706 3366 3774 μὴ
3404 3706 3736 3775 κατανυγῶ.

2162 3788 2317 3841 Οὖτιν)
2342 3808 2401 3843 τε
2424 3791 2717 3845 διατελέσω
2748 3794 2828 3856 είς
2855 3793 2948 3846 τὸν
2982 3793 3272 3865 σύμπαντα
3306 3797 3507 3859 αίῶνα,
3544 3795 3738 3867 ἐξομο-

2161 3877 2480 3950 λογούμενός
2511 3898 2624 3944 σοι,
2666 3881 2760 3934 καὶ
2795 3882 2895 3946 τὰς
2929 3882 3026 3946 σὰς
3063 3883 3152 3937 διὰ
3186 3886 3385 3950 παντὸς
3418 3886 3737 3957 εὐεργεσίας

2162 3971 2259 4034 τὰς
2290 3973 2368 4031 εἰς
2396 3971 2494 4041 ἐμὲ
2522 3970 2749 4035 διεξιών.
2785 3974 2999 4041 Κύριος
3043 3974 3294 4045 ἐγενήθη
3328 3977 3560 4045 ,ϐοηθός
3590 3995 3732 4047 μου.

2163 4062 2522 4133 Σημειωτέον,
2580 4063 2662 4116 ὃτι
2710 4062 2790 4127 τὸ,
2846 4064 3118 4133 ἐγενήθη,
3171 4066 3272 4119 οὐκ
3331 4066 3418 4119 ἀεὶ
3481 4067 3736 4122 ούσίωσιν

2165 4152 2434 4222 σημαίνει·
2453 4152 2566 4204 ἀλλ’
2597 4152 2706 4205 ἔσθ’
2734 4154 2820 4205 ὅτε
2851 4154 2944 4207 καὶ
2971 4154 3106 4225 πρός
3131 4171 3250 4208 τινα
3281 4156 3483 4226 σχέσιν.
3514 4156 3583 4209 Ei
3603 4175 3734 4211 ποτε

2159 4239 2253 4295 οὖν
2308 4244 2401 4297 καὶ
2446 4245 2537 4297 ἐπὶ
2582 4244 2674 4297 τοῦ
2716 4246 2966 4319 Σωτῆρος
3021 4247 3241 4319 τοιαύτη
3297 4249 3506 4316 γένοιτο
3556 4250 3730 4321 φωνὴ,

2165 4335 2346 4405 σχέσιν
2370 4337 2504 4407 πρός
2534 4354 2586 4389 τι
2624 4338 2717 4390 καὶ
2747 4338 2867 4409 οὐχὶ
2900 4340 3153 4393 ούσίωσιν
3188 4341 3457 4411 σημαίνει.
3495 4343 3734 4409 "Harpe-

2161 4431 2284 4497 ψας
2316 4425 2420 4480 τὸν
2457 4432 2711 4482 κοπετόν
2743 4447 2863 4497 μου
2895 4432 2982 4496 είς
3023 4430 3217 4498 χαρὰν
3252 4431 3401 4501 ἐμοί.
3440 4433 3526 4497 Ἥ,
3558 4446 3733 4488 κοπε-

499 4545 618 4586 ειιηι
652 4526 919 4599 signiﬁcat
948 4545 961 4581 :
989 4525 1132 4597 quod
1156 4524 1240 4580 vel
1262 4524 1379 4594 ipsa
1408 4539 1465 4579 rc
1496 4522 1825 4584 declaratur,
1866 4535 2060 4575 manus

2166 4521 2291 4587 τὸς,
2320 4520 2470 4591 φωνὴ
2488 4561 2501 4584 ,
2532 4521 2631 4593 τὴν
2665 4521 3012 4593 συναίσθησιν
3061 4523 3335 4594 σημαίνει,
3366 4525 3443 4587 ὡς
3469 4525 3564 4578 καὶ
3590 4525 3729 4595 αύτὴ

500 4621 697 4692 quippe
740 4625 926 4691 pectus
970 4617 1225 4672 tundunt.
1271 4612 1372 4680 Qui
1417 4614 1581 4685 igitur
1617 4614 1671 4667 in
1716 4613 2059 4684 propriorum

2166 4613 2195 4683 ἠ
2232 4611 2427 4685 πρᾶξις
2456 4613 2780 4684 παρίστησι,
2808 4613 2914 4667 τῶν
2948 4614 3145 4685 χειρῶν
3175 4615 3240 4668 τὸ
3270 4615 3464 4686 στῆθος
3502 4633 3730 4669 κοπτού-

501 4720 847 4784 pcccatorum
876 4724 1039 4765 sensu
1070 4715 1339 4772 versatur,
1375 4721 1440 4761 ac
1473 4721 1566 4776 per
1611 4705 1918 4775 spirituales
1951 4718 2062 4757 ma-

2166 4704 2289 4758 σῶν.
2368 4705 2425 4758 Ὁ
2482 4700 2573 4758 οὖν
2622 4705 2680 4756 ἐν
2731 4705 3077 4777 συναισθήσει
3129 4706 3271 4761 ἰδίων
3319 4708 3731 4779 ἁμαρτημάτων

502 4820 605 4861 nus
633 4819 756 4860 cum
802 4802 1039 4858 elﬁcacia
1086 4816 1303 4856 sensum
1345 4799 1545 4855 excitat
1584 4813 1770 4861 suum,
1804 4798 1850 4854 is
1880 4805 2060 4852 trans-

2166 4796 2417 4865 γεγονὼς,
2461 4796 2555 4849 καὶ
2588 4796 2953 4867 ἐνεργητικίἶκ
2996 4798 3084 4851 διὰ
3113 4798 3311 4870 χειρῶν
3345 4800 3729 4871 πνευματικῶν

501 4897 640 4952 latus
689 4912 719 4952 a
769 4896 939 4959 luctu,
970 4891 1248 4965 gaudium,
1304 4890 1538 4962 Spiritus
1583 4890 1756 4945 sancti
1794 4888 2055 4953 fructum,

2166 4888 2255 4959 τὴν
2290 4886 2539 4958 αἴσθησιν
2586 4887 2749 4939 αὐτοῦ
2782 4888 3053 4960 διεγείρας
3073 4930 3087 4953 ,
3134 4890 3450 4960 μεταδαλὼν
3491 4892 3597 4945 ἀπὸ
3631 4890 3727 4945 τοῦ

497 4989 741 5060 accipiet.
777 4986 911 5042 lllud
949 5000 1135 5056 porro.
1171 4983 1491 5048 convertisti,
1522 4983 1874 5038 mutationem
1905 4981 2052 5035 illam

2166 4976 2535 5048 Βλοφύρεσθαι,
2572 4976 2743 5047 χαρὰν
2768 4977 2859 5031 τὸν
2884 4980 3094 5051 καρπὸν
3130 4981 3223 5035 τοῦ
3254 4982 3565 5052 Πνεύματος
3595 4984 3729 5036 ἀνα-

498 5098 561 5140 α
592 5081 809 5153 planctu
834 5086 886 5134 ct
913 5079 1059 5133 luctu
1090 5077 1145 5130 in
1189 5076 1424 5131 laetitiam
1454 5075 1694 5131 declarat
1721 5093 1736 5143 ;
1782 5071 1914 5128 illud
1959 5073 2056 5129 de-

2166 5069 2396 5140 κήψεται.
2432 5067 2524 5132 Τὸ,
2558 5066 2888 5135 ἔστρεψας,
2944 5070 3093 5141 δηλοῖ
3126 5073 3223 5143 τὴν
3256 5076 3320 5126 ἐκ
3380 5074 3474 5127 τοῦ
3521 5075 3727 5128 κόπτε-

240 5572 493 5647 ’ἱ

499 5187 667 5237 mum,
701 5187 799 5226 non
829 5184 1160 5240 compungar,
1194 5168 1244 5222 id
1273 5176 1374 5235 est,
1416 5183 1523 5222 non
1556 5168 1775 5222 mutabo
1809 5167 2057 5236 proposi—

499 5272 635 5320 tum.
664 5262 843 5319 Gloria
887 5262 975 5315 illa
1006 5258 1276 5315 cantatrix
1309 5260 1427 5331 ejus
1455 5260 1547 5328 qui
1590 5259 1671 5315 sic
1710 5257 1879 5314 Deum
1924 5258 2056 5312 aﬁ'a-

498 5364 608 5421 tur,
647 5362 853 5410 rectum
884 5354 1006 5407 vita:
1056 5350 1359 5406 institutum
1399 5359 1482 5405 est
1528 5356 1582 5405 et
1622 5348 1858 5420 cognitio
1895 5365 2051 5418 pura.

499 5444 717 5502 Domine
756 5441 895 5498 Deus
944 5458 1106 5505 meus,
1149 5442 1203 5495 in
1249 5450 1498 5495 (sternunt
1538 5438 1823 5509 conﬁtebor
1851 5439 1961 5493 tibi.
1994 5438 2050 5494 ιιι

493 5544 601 5604 est,
621 5549 720 5608 pro
747 5532 1000 5589 omnibus
1028 5546 1148 5603 qua:
1168 5530 1510 5602 contigerint,
1536 5545 1643 5585 non
1675 5530 1834 5585 modo
1860 5529 2051 5600 jucun-

2160 5163 2281 5215 σθαι
2330 5162 2424 5215 καὶ
2471 5161 2751 5216 λυπεῖσθαι
2780 5164 2859 5226 εἰς
2914 5165 3088 5235 χαρὰν
3139 5165 3470 5237 μεταϐολήν·
3526 5168 3593 5221 τὸ
3643 5167 3725 5229 δὲ,

2155 5258 2227 5310 οὐ
2246 5255 2332 5325 μὴ
2363 5255 2705 5326 natur-vrri),
2739 5258 2798 5309 ού
2843 5258 2916 5329 μὴ
2973 5259 3251 5329 μεταγνῶ,
3291 5260 3442 5330 φησί.
3495 5259 3630 5325 Δόξα
3667 5259 3729 5313 δὲ

2156 5348 2430 5417 ψάλλουσα
2454 5346 2547 5400 τοῦ
2578 5347 2750 5401 ταῦτα
2777 5349 3025 5419 λέγοντος
3051 5351 3131 5421 τῷ
3153 5348 3294 5423 Θεῷ,
3310 5352 3441 5425 ὀρθὴ
3481 5351 3727 5407 πολιτεία

2158 5440 2251 5492 καὶ
2275 5438 2470 5508 γνῶσίς
2501 5440 2647 5492 ἐστιν
2677 5441 2989 5513 εἰλικρινής.
3018 5444 3194 5510 Κύριε
3239 5446 3272 5496 d
3303 5445 3447 5510 Θεός
3465 5461 3604 5512 μου,
3635 5444 3727 5509 εις

2159 5532 2262 5585 τὸν
2288 5530 2469 5587 αἰῶνα
2492 5533 3008 5605 ἐξομολογήσομαί
3031 5550 3128 5588 σοι
3149 5554 3162 5567 ·
3193 5536 3312 5589 ἀντὶ
3333 5535 3445 5600 τοῦ,
3468 5535 3559 5589 ἐπὶ
3585 5534 3724 5591 πᾶσι

385 5647 874 6108 ,ς

692 5712 799 5775 ω.
831 5726 1025 5784 mm
1046 5713 1130 5784 18.
1206 5715 1252 5748 ⁸⁸
1292 5712 1421 5771 Luc.
1461 5729 1533 5782 rt,
1567 5713 1658 5771 21.
1733 5714 1777 5748 ’⁸
1818 5711 2008 5770 Matth.
2054 5728 2112 5780 ν,
2145 5713 2194 5769 5.

1048 5776 1105 5844 υ
