3992 6216
177 364 281 427 965

1304 361 1805 423 COMMENTARIA
1842 363 1909 423 IN
1946 362 2287 427 PSALMOS.

3306 363 3414 425 266

173 491 284 554 τοῖς
311 478 719 561 συμϐαίνουσιν,
748 487 809 541 οὐ
838 482 1131 561 προσηνέσι
1162 485 1340 557 μόνον,
1368 486 1503 542 ἀλλὰ
1527 488 1622 542 καὶ
1653 487 1746 543 ἐπὶ

1862 488 1934 545 Iis
1955 489 2142 558 rebus,
2172 486 2267 545 sed
2296 488 2459 545 etiam
2487 500 2588 560 pro
2609 487 2910 557 laboribus,
2937 488 3142 561 gratias
3158 486 3259 544 tibi
3290 502 3413 562 ago,

169 581 374 645 πόνοις,
410 578 715 651 εὐχαριστῶ
742 596 841 643 σοι,
871 578 1129 632 Δέσποτα.

171 687 281 752 ΕῘΣ
331 695 421 748 ΤΟ
472 694 694 748 ΤΕΛΟΣ
740 693 1170 816 ΨΑέἓίοίέΣΛξΐο
1226 689 1445 759 ΔΑΥΙΔ,
1496 690 1751 749 ΕΚΣΤΔ-

241 854 384 910 Οὔτε
421 856 480 909 ἐν
506 858 570 928 τῇ
609 848 873 926 Ἐϐραίων
906 848 1115 927 Γραφῇ,
1145 853 1270 910 οὔτε
1312 856 1462 928 παρά
1493 858 1606 920 τοῖς
1636 857 1748 911 λοι-

169 938 297 1012 ποῖς
323 949 681 1020 ἑρμηνευταίς
707 949 740 1019 ἠ
771 946 1064 1020 προγραφὴ
1098 945 1359 1019 περιέχει,
1383 936 1744 1015 ἐκστάσεως.

169 1037 492 1111 Μήποτε’δὲ
528 1038 615 1091 διὰ
645 1036 706 1091 τὸ
744 1036 1069 1109 ἐκφέρεσθαι
1118 1037 1197 1108 τῷ
1242 1028 1470 1109 ψαλμῷο
1517 1028 1656 1108 Ἐγὼ
1678 1034 1748 1092 δὲ

171 1126 315 1187 εἶπα
337 1132 408 1186 ἐν
430 1130 505 1200 τῇ
534 1130 819 1186 ἐκστάσει
834 1148 954 1201 μου
970 1148 983 1161 ’
1020 1132 1387 1202 Ἇπέῤῥιμμαι
1418 1131 1534 1186 ἀπὸ
1561 1144 1747 1200 προσ-

171 1222 337 1279 ώπου
356 1222 474 1278 τῶν
497 1222 818 1294 ὀφθαλμῶν
835 1241 973 1290 σου,
994 1224 1090 1297 τὴν
1115 1224 1432 1298 προσθήκην
1459 1244 1543 1291 τις
1563 1229 1748 1299 ἐποιή-

174 1333 307 1371 σατο
350 1320 409 1371 ἐν
451 1320 519 1389 τῇ
562 1319 855 1390 προγραφῇ
897 1318 976 1381 είς
1006 1312 1100 1373 τὸν
1123 1318 1310 1389 καιρὸν
1340 1319 1462 1374 καθ’
1487 1320 1544 1374 ὃν
1577 1322 1633 1374 ἐν
1658 1321 1748 1374 ἐκ·

172 1407 358 1461 στάσει
385 1407 673 1475 γενόμενος
688 1402 839 1461 εἶπεν
853 1426 867 1438 ·
897 1407 1268 1478 Ἀπέρῤιμμαι
1291 1398 1406 1464 ἀπὸ
1425 1411 1748 1480 προσώπου

171 1516 290 1552 των
328 1498 653 1570 ὀφθαλμῶν
685 1500 1181 1573 σθω-ἀναπέμψας
1206 1501 1275 1555 τὰ
1298 1492 1642 1576 ἐμφερόμενα
1670 1505 1749 1577 τῷ

169 1587 343 1661 λόγω;
378 1592 528 1665 Πλὴν
554 1592 668 1646 ἀλλ’
692 1592 771 1656 εἰς
792 1590 855 1645 τδ
875 1589 1028 1657 τέλος
1054 1593 1182 1657 τοὺς
1210 1595 1632 1665 ἐντυγχάνοντας
1651 1615 1751 1651 πα-

170 1681 454 1755 ραπέμπει
478 1684 574 1737 καὶ
605 1683 639 1755 ἡ
664 1682 914 1755 παροῦσα
958 1684 1269 1757 προγραφὴ,
1298 1684 1414 1757 ἦτοι
1445 1686 1534 1740 διὰ
1558 1687 1629 1741 τὰ
1655 1706 1748 1742 τε-

1856 581 2101 639 Domine.

1858 697 1910 752 1.
1967 694 2031 750 ΙΝ
2091 689 2303 749 FINEM
2321 686 2909 818 ΡδΑωιξξΧῡΑνιυ,
2946 684 3085 750 PRO
3121 688 3416 747 EXSTASI

1922 860 2108 932 Neque
2152 860 2208 915 in
2239 855 2505 915 Hebraica
2544 854 2849 927 Scriptura,
2880 869 3059 926 neque
3095 853 3151 909 in
3192 850 3419 922 reliquis

1854 950 2266 1023 interpretibus,
2312 946 2597 1018 inscriptio
2625 944 2755 1000 illud
2785 942 3026 1015 praefert,
3063 956 3157 1008 pro
3194 938 3417 995 exstasi.

1852 1040 1993 1099 Num
2040 1043 2178 1100 forte
2217 1043 2346 1115 quia
2397 1040 2531 1096 illud
2578 1039 2634 1094 in
2673 1038 2883 1109 psalmo
2919 1039 2966 1071 "
3000 1035 3262 1093 eliertur:
3306 1031 3419 1104 Ego

1854 1148 2027 1194 autem
2057 1138 2172 1191 dixi
2213 1138 2269 1191 in
2308 1133 2508 1191 exstasi
2540 1133 2730 1188 mentis
2772 1145 2948 1187 meat:
2988 1127 3265 1200 Projectus
3300 1142 3412 1183 sum

1855 1248 1888 1284 a
1912 1217 2047 1300 fticie
2076 1221 2348 1283 o'culorum
2377 1233 2611 1290 tuorum,
2643 1224 2880 1294 idipsum
2904 1222 3177 1294 quispiam
3221 1206 3413 1278 inscri-

1851 1323 2021 1395 ptioni
2046 1320 2335 1384 addiderit,
2369 1319 2436 1374 ad
2465 1328 2680 1387 tempus
2702 1316 2836 1372 illud
2867 1314 2921 1370 id
2942 1313 3206 1377 referens,
3228 1326 3338 1384 quo
3363 1311 3415 1366 in

1855 1411 2059 1467 exstasi
2091 1410 2303 1481 positus
2328 1408 2468 1463 dixit
2497 1427 2510 1462 :
2538 1406 2814 1477 Projectus
2843 1422 2963 1460 sum
3002 1421 3036 1459 a
3065 1402 3202 1469 facie
3230 1400 3409 1458 oculo-

1855 1521 1972 1559 rum
2002 1514 2210 1559 tuorum
2230 1504 2254 1559 2
2273 1501 2540 1557 Caeterum
2570 1516 2811 1572 praesens
2844 1498 3129 1568 inscriptio
3161 1497 3416 1552 lectorem

1856 1594 1922 1649 ad
1956 1594 2115 1649 linem
2148 1594 2395 1657 remittit,
2426 1592 2540 1649 sive
2569 1599 2789 1664 propter
2815 1606 2879 1647 ea
2907 1606 3026 1662 qua:
3046 1604 3238 1645 versus
3258 1587 3416 1643 linem

1856 1688 2135 1748 dicuntur,
2164 1684 2255 1740 ubi
2285 1701 2382 1755 per
2413 1684 2782 1740 necessariam
2810 1682 3238 1738 admonitionem
3266 1678 3420 1735 aII‘erl

167 1770 414 1837 λευταῖα,
448 1775 508 1828 ἐν
534 1767 617 1838 οἷς
642 1774 962 1845 παραίνεσιν
994 1775 1426 1849 ἀναγκαιοτάτην
1451 1779 1691 1850 περιέχει
1711 1783 1745 1853 ή

1862 1778 1942 1833 his
1973 1777 2171 1833 verbis:
2188 1776 2404 1847 Diligite
2421 1776 2725 1839 Dominum,
2743 1790 2921 1830 omnes
2946 1773 3118 1829 sancti
3134 1773 3270 1843 ejus,
3287 1786 3419 1841 quo-

168 1869 435 1939 λέγουσα·
477 1867 844 1938 Ἀγαπήσατε
872 1868 979 1922 τὸν
1008 1870 1229 1937 Κύριον
1252 1868 1472 1939 πάντες
1500 1876 1555 1927 οι
1596 1873 1753 1929 ὅσιοι

1862 1871 1996 1924 niam
2017 1870 2259 1925 veritates
2289 1870 2504 1939 requirit
2530 1854 2805 1931 Dominus,
2832 1875 2886 1922 et
2905 1872 3099 1922 caetera
3119 1882 3135 1932 ;
3159 1865 3273 1921 sive
3292 1862 3418 1934 quia

170 1963 363 2018 αὐτοῦ
388 2002 404 2027 ,
460 1962 551 2016 ὅτι
598 1962 881 2030 ἀληθείας
922 1961 1239 2031 ἑκζητεῖται
1278 1966 1510 2033 Κύριος,
1552 1968 1646 2021 καὶ
1689 1969 1757 2023 τὰ

1862 1963 2116 2017 nonnulla
2143 1961 2473 2016 vaticinatur
2496 1976 2617 2031 qua:
2650 1968 2894 2030 tempore
2921 1956 3197 2029 passionis
3231 1954 3418 2011 Salva-

174 2052 337 2126 ἑξῆς·
370 2053 403 2126 ἢ
443 2052 531 2108 διὰ
576 2050 638 2107 τὸ
669 2044 1028 2127 προφητεύειν
1057 2054 1180 2108 τινὰ
1207 2037 1333 2127 τερ).
1365 2056 1475 2110 τῶν
1520 2058 1664 2113 κατὰ
1699 2059 1757 2114 τὸ

1862 2052 1991 2107 loris
2014 2051 2192 2106 nostri
2219 2058 2370 2122 gesta
2408 2056 2556 2114 sunt,
2582 2063 2814 2119 qumque
2859 2047 2916 2102 in
2952 2045 3419 2102 consummatione

175 2143 350 2207 πάθος
391 2142 486 2197 τοῦ
533 2144 784 2217 Σωτῆρος
827 2142 1260 2215 πεπραγμένων⁹
1306 2146 1342 2203 ἃ
1386 2146 1451 2217 δὴ
1477 2146 1757 2217 γίγνεσθαι

1862 2143 2040 2200 saeculi
2069 2150 2298 2199 ventura
2319 2151 2496 2199 erant.
2525 2140 2631 2198 Sed
2660 2141 2919 2213 quoniam
2948 2138 3093 2194 bona
3118 2138 3209 2193 hic
3230 2135 3419 2191 Davidi

172 2232 409 2308 ἤμελλεν
432 2236 525 2289 ἐπὶ
556 2236 836 2309 συντελείᾳ
862 2236 957 2290 τοῦ
993 2236 1203 2301 αίῶνος.
1222 2237 1359 2291 Ἀλλ’
1390 2238 1512 2293 ἐπεὶ
1545 2241 1638 2294 καὶ
1663 2240 1757 2296 τοῦ

171 2326 335 2381 Δαυῒδ
377 2326 598 2390 ἐλπίδας
641 2327 943 2398 ὑπογράφει
998 2324 1208 2395 ἀγαθὰς
1247 2328 1276 2380 δ
1318 2325 1494 2396 λόγος,
1556 2328 1756 2394 αἵτινες

172 2418 407 2491 ἤμελλον
431 2416 580 2489 αὐτῷ
623 2418 703 2481 είς
747 2417 837 2470 τὸν
890 2414 1150 2488 μέλλοντα
1178 2415 1367 2488 χρόνον
1391 2417 1751 2484 ἀποδίδοσθαι,

172 2510 398 2574 εἰκότως
428 2510 510 2574 είς
537 2508 598 2563 τὸ
626 2507 779 2572 τέλος
807 2504 1121 2579 ἀναπέμπει
1148 2507 1246 2580 τὴν
1279 2511 1618 2581 προγραφήν.
1650 2510 1756 2564 Πε-

175 2599 344 2671 ριέχει
391 2600 448 2654 δὲ
498 2603 528 2656 ό
577 2602 685 2663 πᾶς
725 2599 1008 2671 ἱκετηρίαν
1050 2597 1143 2651 τοῦ
1185 2598 1364 2662 Δαυῖδ,
1399 2600 1517 2653 ὅλον
1565 2594 1754 2654 ἐαυτὸν

1855 2250 1981 2306 spes
2011 2236 2413 2299 subindicatur,
2444 2249 2565 2305 quin
2590 2234 2698 2305 ipsi
2730 2233 2789 2287 in
2814 2230 3003 2287 futuro
3028 2236 3277 2301 tempore
3312 2228 3421 2283 im-

1859 2329 2053 2400 plenda
2085 2336 2241 2393 erat,
2277 2327 2401 2398 jure
2440 2325 2849 2398 inscriptionem
2883 2324 2942 2379 in
2978 2323 3136 2379 tinem
3172 2322 3420 2378 remittit.

1862 2416 2030 2476 Totus
2054 2436 2187 2476 vero
2228 2420 2472 2490 psalmus
2505 2417 2726 2472 Davidis
2767 2415 3220 2487 supplicationem
3266 2428 3421 2468 como

1862 2511 2119 2582 plectitur
2141 2511 2235 2583 qui
2268 2526 2390 2566 sese
2414 2519 2586 2565 totum
2617 2508 2730 2563 Deo
2764 2505 3127 2569 concredidit,
3159 2513 3423 2576 rogatque

1864 2611 1922 2656 ut
1953 2620 2022 2658 ne
2055 2618 2151 2675 spe
2176 2604 2407 2658 labatur.

174 2691 575 2764 ἀναρτήσαντος
598 2691 691 2745 τοῦ
719 2690 877 2753 Θεοῦ,
909 2690 1005 2743 καὶ
1039 2683 1347 2763 παρακαλεῖ
1387 2691 1460 2763 μὴ
1492 2691 1747 2745 ἐκπεσεῖν
1772 2691 1873 2764 τῆς
1899 2694 2129 2760 ἐλπίδος.

258 2785 385 2839 Ἐπί
432 2784 553 2849 σοὶ,
594 2784 791 2852 Κύριε,
822 2774 1080 2851 ἤλπισα,
1123 2781 1211 2853 μὴ
1253 2784 1755 2852 καταισχυνθείην

176 2876 265 2941 εις
294 2876 402 2929 τὸν
437 2876 653 2932 αίῶνα·
699 2878 769 2930 ἐν
796 2876 873 2947 τῇ
910 2876 1264 2945 δικαιοσύνῃ
1298 2888 1415 2930 σου
1449 2874 1640 2944 ῥῦσαί
1677 2892 1755 2946 με

178 2964 280 3020 καὶ
306 2964 519 3030 ἐξελοῦ
542 2982 638 3033 με.
678 2964 901 3021 κλῖνον
931 2965 1083 3035 πρὸς
1111 2965 1189 3034 μὲ
1216 2964 1283 3018 τὸ
1321 2960 1432 3032 οὖς
1474 2980 1613 3029 σου,
1651 2962 1754 3019 'ta'o'

177 3069 379 3126 χυνον
404 3055 513 3111 τοῦ
539 3055 852 3121 ἐξελέσθαι
880 3074 977 3128 με.
1007 3056 1194 3128 Πολλῷ
1224 3074 1285 3110 τε
1329 3054 1539 3129 πλούτῳ
1567 3055 1760 3129 περιρ-

1929 2782 2094 2845 Vens.
2123 2789 2246 2844 2-4.
2302 2777 2371 2843 In
2400 2798 2469 2849 te,
2503 2784 2744 2849 Domine,
2773 2780 2999 2853 speravi,
3053 2782 3176 2836 non'
3204 2779 3423 2845 confusio

1855 2879 1957 2937 dar
1988 2883 2043 2937 in
2074 2890 2328 2938 wternum
2364 2896 2383 2935 :
2421 2881 2474 2935 in
2498 2879 2716 2950 justitia
2761 2886 2851 2930 tua
2892 2873 3057 2929 libera
3085 2889 3184 2928 me.
3216 2870 3424 2927 Inclina

1859 2974 1927 3030 ad
1956 2991 2036 3031 me
2068 2990 2249 3029 aurem
2282 2983 2428 3027 tuam
2451 3011 2467 3037 ,
2513 2968 2749 3025 accelera
2777 2975 2835 3020 ut
2868 2982 3025 3021 eruas
3057 2979 3157 3019 me.
3192 2961 3424 3018 Etiamsi

1860 3067 2045 3123 multis
2073 3066 2276 3124 divitiis
2306 3065 2570 3129 aﬂlueret,
2596 3069 2652 3119 et
2678 3058 2922 3116 victoriis
2938 3072 3076 3130 quas
3091 3057 3160 3113 de
3187 3053 3427 3112 inimicis

181 3148 460 3224 ῥεόμενος,
496 3151 545 3203 εί
573 3150 667 3205 καὶ
696 3148 870 3213 νίκαις
895 3151 1011 3213 ταῖς
1038 3151 1157 3203 κατ’
1181 3149 1389 3221 ἐχθρῶν
1418 3148 1757 3221 ἐκόμα,ἀλλά

1862 3165 2255 3227 reportaverat,
2298 3165 2623 3218 ornaretur,
2671 3152 2807 3208 nihil
2834 3166 3023 3208 eorum
3048 3148 3119 3204 ad
3159 3148 3427 3205 securitv

176 3241 387 3298 τούτων
410 3242 561 3297 οὐδὲν
585 3241 722 3314 πρὸς
748 3241 1043 3310 ἀσφάλειαν
1064 3258 1125 3294 συ
1134 3240 1455 3313 μσαλεῖσθαι
1474 3240 1620 3311 αὐτῷ
1642 3238 1763 3294 ἐπέ-

177 3346 395 3402 πειστο,
424 3335 591 3407 μόνην
614 3334 671 3388 δὲ
703 3334 802 3405 τὴν
831 3333 924 3387 ἐπὶ
950 3333 1153 3405 Κύριον
1180 3333 1371 3387 ἐλπίδα
1390 3348 1403 3363 ·
1438 3333 1534 3386 διὸ.
1552 3330 1762 3388 ἱκέτευε

178 3426 388 3497 ταύτης
413 3428 624 3497 μήποτε
654 3423 908 3481 ἐκπεσεῖν
927 3443 940 3458 ·
973 3426 1109 3481 ἀλλά
1134 3426 1229 3481 καὶ
1254 3420 1402 3499 ἡμᾶς
1431 3418 1675 3480 ἐδίδασκε
1692 3424 1764 3481 τὰ

180 3518 345 3591 ὃμοια
378 3518 528 3590 αὐτῷ
560 3514 855 3591 ζηλοῦντας
901 3518 997 3572 καὶ
1030 3521 1244 3591 φρονεῖν
1278 3518 1371 3573 καὶ
1402 3504 1597 3587 λέγειν.
1617 3511 1763 3573 Ἀντὶ

179 3610 257 3676 δὲ,
287 3609 360 3664 ἐν
380 3609 454 3679 τῇ
482 3609 835 3682 δικαιοσύνῃ
863 3619 1001 3666 dav.
1030 3612 1100 3665 ἐν
1120 3609 1196 3680 τῇ
1224 3612 1603 3683 ἐλεημοσύνη
1621 3628 1759 3677 σου,

178 3704 207 3756 ὁ
234 3701 530 3775 Σύμμαχος
574 3695 825 3769 ἐξέδωκε.
856 3702 1048 3757 Feror?
1074 3721 1175 3773 μοι
1220 3706 1308 3769 εἰς
1352 3704 1502 3758 Θεὸν
1540 3706 1762 3775 ὑπερα-

107 3809 119 3822 ’
177 3795 474 3864 σπιστὴν,
505 3796 603 3850 καὶ
633 3799 721 3863 είς
749 3788 918 3852 οἷκον
949 3797 1300 3867 καταφυγῆς
1320 3799 1427 3853 τοῦ
1443 3798 1643 3855 σῶσαί
1661 3818 1758 3872 με.

179 3889 296 3943 Ὀτι
322 3884 668 3958 separale
695 3906 815 3959 μου
842 3888 940 3943 καὶ
963 3888 1276 3960 καταφυγή
1303 3907 1424 3959 μου
1450 3887 1511 3945 εἴ
1530 3886 1633 3957 σὺ,
1662 3892 1765 3948 καὶ

173 3977 392 4033 ἕνεκεν
417 3976 524 4031 τοῦ
558 3977 850 4047 ὀνόματός
880 3992 998 4033 σου
1027 3977 1352 4049 ὀδηγήσεις
1389 3997 1467 4051 με
1508 3981 1608 4035 καὶ
1635 3978 1763 4036 δια-

175 4070 426 4141 θρέψεις
460 4085 558 4140 με.
590 4069 776 4125 Ταῦτα
814 4070 911 4124 καὶ
958 4071 1017 4126 ἐν
1061 4069 1141 4142 τῷ
1166 4060 1614 4145 ἑπτακαιδεκάτῳ
1640 4067 1764 4128 εἷπε

173 4161 402 4238 ψαλμῷ.

260 4255 534 4323 Ἐξὰξεις
570 4272 648 4327 με
688 4255 757 4310 ἐκ
803 4255 1056 4326 παγίδος
1094 4258 1336 4327 ταύτης,
1378 4253 1454 4329 ἧς
1486 4254 1765 4328 ἔκρυψάν

174 4364 299 4419 μοι,
338 4346 431 4401 ὅτι
474 4344 556 4400 σὺ
594 4345 651 4400 ετ
687 4348 722 4399 ό
750 4345 1209 4414 ὑπερασπιστὴς
1244 4363 1383 4415 μου,
1425 4347 1620 4415 Κύριε.
1659 4347 1764 4415 Εἰς

180 4438 387 4512 χεῖράς
432 4452 549 4494 σου
589 4437 1010 4508 παραθήσομαι
1058 4439 1120 4493 τὸ
1161 4437 1396 4507 πνεῦμά
1434 4457 1554 4510 μου
1572 4450 1587 4464 ⁸
1619 4442 1763 4495 ,εέλυω⁵

1862 3259 1970 3307 tem
2001 3251 2106 3305 sibi
2145 3249 2417 3315 conferre,
2452 3263 2725 3318 unamque
2761 3246 2819 3300 in
2870 3240 3159 3301 Dominum
3191 3257 3342 3313 spem
3372 3240 3427 3295 id

1860 3348 2123 3413 praestare
2170 3354 2336 3413 posse
2360 3377 2376 3405 ,
2425 3338 2821 3394 arbitrabatur.
2869 3332 3049 3401 Quare
3080 3332 3427 3403 supplicabat

1862 3442 1923 3489 ut
1949 3447 2231 3504 nunquam
2260 3431 2328 3487 ab
2368 3446 2433 3487 ea
2464 3428 2739 3485 decideret
2781 3440 2797 3478 :
2840 3426 2934 3482 sed
2960 3440 3063 3481 nos
3091 3438 3308 3494 quoque
3340 3422 3427 3476 ind

1862 3524 2124 3582 stiluehat
2154 3531 2213 3579 ut
2235 3523 2389 3595 paria
2418 3527 2748 3594 querentes,
2780 3518 2969 3573 eadem
3003 3531 3127 3587 qua:
3157 3516 3273 3588 ipse
3301 3529 3429 3571 seu.

1861 3617 2092 3673 tiremus
2130 3631 2195 3672 ac
2222 3616 2591 3687 loqueremur.
2635 3609 2782 3668 Loco
2821 3617 3003 3665 autem
3047 3607 3215 3670 illius.
3258 3608 3313 3661 in
3333 3605 3432 3675 ju-

1861 3710 2013 3765 stitia
2063 3718 2190 3772 tua,
2260 3705 2646 3780 Symmachus,
2673 3705 2731 3759 in
2770 3699 3135 3757 misericordia
3172 3708 3285 3763 tua,
3312 3698 3430 3755 edi«

1861 3801 1961 3858 dit.
1995 3800 2125 3857 Esto
2172 3800 2302 3855 mihi
2356 3800 2409 3854 in
2445 3799 2614 3854 Deum
2657 3807 3002 3868 protectorem
3044 3801 3095 3848 et
3133 3793 3190 3846 in
3215 3793 3432 3845 domum

1862 3892 2070 3963 refugii,
2099 3901 2157 3946 ut
2179 3890 2383 3946 saluum
2407 3906 2488 3945 me
2514 3888 2705 3959 facias.
2738 3886 3000 3955 Quoniam
3028 3881 3287 3954 fortitudo
3316 3894 3433 3935 mea

1861 3996 1910 4039 et
1939 3985 2199 4056 refugium
2241 3998 2412 4037 meum
2453 3998 2508 4036 es
2552 3989 2641 4047 tu,
2691 3989 2742 4035 et
2788 3988 2996 4050 propter
3044 3992 3230 4033 nomen
3282 3986 3434 4028 tuum

1861 4077 2081 4133 deducas
2110 4090 2192 4131 me
2218 4085 2267 4130 et
2297 4075 2524 4131 enutries
2558 4088 2658 4129 me.
2692 4068 2820 4129 Haec
2861 4073 2916 4127 in
2955 4071 3187 4143 septimo
3218 4066 3432 4124 decimo
3510 4090 3515 4095 ι

1861 4182 2079 4241 quoque
2110 4167 2323 4239 psalmo
2350 4166 2582 4221 dixerat.

1933 4259 2099 4317 VERS.
2129 4260 2185 4323 5,
2212 4259 2265 4316 6.
2296 4256 2500 4314 Educes
2526 4274 2607 4313 me
2629 4256 2694 4312 de
2718 4259 2900 4329 laqueo
2923 4255 3018 4308 hoc
3037 4268 3188 4324 quem
3210 4250 3434 4305 abscond

1862 4354 2052 4409 derunt
2083 4353 2233 4418 mihi,
2263 4355 2511 4423 quoniam
2552 4359 2607 4405 tu
2638 4366 2691 4405 es
2717 4357 2981 4418 protector
3007 4360 3172 4399 meus.
3206 4341 3274 4396 In
3317 4356 3434 4394 rna-

1864 4462 1960 4501 nus
1988 4455 2106 4499 tuas
2133 4442 2506 4499 commendabo
2531 4442 2777 4512 spiritum
2802 4453 2973 4492 meum
2994 4450 3014 4488 :
3038 4431 3305 4488 redemisti
3329 4445 3431 4495 me,

178 4530 391 4602 τρώσω
433 4546 530 4599 με,
561 4530 739 4597 Κύριε
787 4532 821 4583 ό
872 4529 1019 4597 Θεὸς
1070 4527 1181 4598 τῆς
1227 4531 1532 4598 ἀληθείας.
1551 4526 1642 4596 Ἐξ
1687 4519 1757 4586 ὧν

1866 4537 2089 4591 Domine
2112 4534 2254 4590 Deus
2281 4535 2537 4589 ueritatis.
2571 4531 2649 4586 Ex
2680 4532 2748 4585 iis
2777 4544 2901 4601 qua:
2932 4528 3045 4598 jam
3075 4525 3207 4581 olim
3237 4538 3434 4595 caper-

181 4620 485 4695 ἐπειράθην
529 4622 695 4675 πάλαι
738 4616 1019 4695 πρότερον,
1056 4620 1380 4694 πέπεισμαι,
1410 4623 1492 4677 ὅτι
1535 4623 1630 4677 καὶ¹
1667 4622 1762 4678 νῦν

179 4715 396 4785 ἐξάξεις
421 4731 487 4785 με
519 4716 582 4767 ἐκ
612 4708 791 4786 πάσης
813 4715 1035 4785 παγίδος
1056 4715 1154 4788 τῆς
1179 4711 1286 4770 ὑπὸ
1308 4715 1416 4770 τῶν
1438 4714 1645 4787 ἐχθρῶν
1673 4734 1762 4788 μοι

179 4798 906 4877 κατασκευαζομένης.Ἕως
946 4808 1055 4881 γὰρ
1097 4810 1156 4861 ἐν
1197 4806 1276 4879 τῷ
1316 4807 1417 4878 βίῳ
1458 4806 1537 4878 τῷ
1585 4800 1763 4881 θνητῷ

178 4901 456 4975 τυγχάνω,
484 4897 603 4957 οἴδα
652 4900 1079 4975 πολεμούμενος’
1131 4902 1228 4958 καὶ
1285 4898 1478 4975 μέχρις
1529 4902 1764 4973 ἐσχάτης

179 4988 461 5063 ἀναπνοῆς
482 4994 540 5046 ἐν
563 4991 770 5064 ἀγωνίᾳ
792 4991 1058 5065 κατέστην
1079 4993 1173 5048 καὶ
1197 4991 1286 5047 διὰ
1302 4992 1400 5058 τὰς
1423 4990 1532 5046 τῶν
1554 4989 1763 5063 ἐχθρῶν

117 5158 125 5170 ⁸
183 5082 678 5150 ἐπιϐουλάς.⁴Αλλά
698 5083 1021 5156 πέπεισμαι,
1047 5087 1129 5140 ὅτι
1178 5085 1272 5140 ἐπὶ
1319 5086 1401 5140 σοὶ
1450 5085 1763 5158 ἀναρτήσας

180 5178 281 5247 τὴν
331 5173 572 5247 ἐμαυτοῦ
619 5172 830 5239 ἐλπίδα,
877 5173 940 5227 ού
990 5175 1531 5248 καταισχυνθήσομηιι
1564 5177 1645 5239 εἰς
1670 5172 1764 5229 τὸν

183 5267 374 5321 αἰῶνα.
412 5264 544 5318 Θεὸν
576 5263 633 5317 δέ
674 5261 931 5333 ἀληθείας
974 5260 1246 5336 εὐκαίρως
1288 5265 1386 5319 καὶ
1419 5260 1765 5332 καταλλήλως

183 5358 295 5422 τοῖς
326 5347 644 5424 λεγομένοις
670 5348 951 5426 ὠνόμασεν
969 5369 981 5385 ·
1008 5354 1071 5408 οὐ
1096 5352 1203 5424 γὰρ
1233 5352 1348 5407 ἔστι
1377 5348 1764 5426 διαψευσθῆναι

184 5449 273 5504 τὸν
301 5449 397 5503 ἐπὶ
430 5445 492 5501 σὲ
508 5446 789 5519 ,ῆλπικότα
813 5481 829 5511 ,
856 5444 979 5499 οὐδὲ
995 5440 1091 5499 τὸν
1114 5442 1209 5501 ἐπὶ
1235 5445 1356 5508 ταῖς
1386 5446 1505 5509 σαῖς
1524 5445 1760 5513 ἐπαγγε-

185 5538 327 5605 λίαις
358 5539 789 5595 πεπιστευκότα.

268 5633 595 5702 Ἐμίσησας
626 5631 770 5699 τοὺς
802 5628 1339 5701 dravade
1370 5630 1763 5699 ματαιότητας

190 5718 491 5792 διακενῆς.
509 5723 657 5792 Ἐγὼ
695 5723 764 5778 δὲ
805 5724 904 5777 ἐπὶ
940 5722 1023 5789 τῷ
1055 5723 1250 5791 Κυρίῳ
1270 5714 1538 5789 ἤλπισεν
1575 5721 1760 5791 ἀγαλ-

263 5812 308 5847 ”
342 5812 488 5872 Psal.
522 5831 653 5872 xxx.
683 5815 775 5870 ‘35.

509 5907 782 5968 ΡΑτιιοι.
830 5905 948 5970 Gtt.
995 5905 1235 5969 XXIII.

1861 4638 1951 4685 tus
1981 4642 2136 4691 sum,
2179 4626 2397 4681 conﬁdo
2440 4632 2494 4681 te
2529 4640 2596 4680 ex
2633 4622 2828 4694 quovis
2876 4621 3071 4691 laqueo
3108 4616 3434 4675 educturum

1862 4737 1973 4786 me,
2005 4722 2075 4777 ab
2104 4719 2343 4775 inimicis
2370 4719 2504 4774 mihi
2536 4722 2748 4789 parato.
2777 4713 3027 4783 Quandiu
3055 4712 3202 4769 enim
3240 4710 3295 4766 in
3324 4710 3434 4766 vita

1862 4812 2080 4869 mortali
2129 4826 2342 4877 versor,
2390 4826 2477 4866 me
2521 4808 2897 4881 impugnatum
2946 4806 3015 4862 iri
3068 4805 3221 4870 scio;
3266 4810 3321 4861 et
3365 4800 3435 4858 ad

1864 4913 2167 4963 extremum
2197 4918 2374 4975 usque
2400 4902 2656 4967 halitum,
2692 4901 3038 4958 inimicorum
3083 4896 3301 4955 insidiis
3341 4910 3434 4968 ap.

1863 5001 2086 5073 petitus,
2133 4998 2190 5054 in
2240 4995 2541 5054 certamine
2579 4995 2912 5050 constitutus
2945 5007 3063 5049 ero.
3111 4990 3181 5046 At
3218 4988 3434 5046 conﬁdo

1862 5092 1980 5148 fore
2012 5100 2095 5156 ut,
2126 5106 2223 5161 spe
2250 5104 2369 5145 mea
2410 5089 2465 5143 in
2508 5096 2560 5143 te
2592 5087 2852 5158 reposita,
2882 5099 2993 5141 non
3027 5081 3333 5140 confundar
3375 5080 3433 5134 in

1862 5193 2149 5240 aeternum.
2190 5180 2360 5237 Deum
2393 5184 2573 5236 autem
2601 5179 2846 5235 veritatis
2880 5185 3184 5249 opportune
3212 5179 3267 5231 et
3299 5186 3435 5228 cons

1861 5283 2123 5348 gruenter
2155 5276 2223 5330 ad
2251 5289 2367 5330 rem
2397 5288 2518 5345 quae
2547 5272 2729 5344 agitur
2760 5271 2977 5329 vocavit
3011 5288 3026 5326 :
3069 5280 3245 5338 neque
3282 5263 3429 5319 enim

1863 5368 2183 5440 contingere
2214 5373 2411 5439 potest,
2441 5374 2503 5421 ut
2531 5365 2581 5422 is
2611 5365 2706 5436 qui
2753 5366 2809 5420 in
2851 5373 2905 5421 te
2950 5361 3219 5434 speravit,
3260 5353 3342 5408 vel
3378 5351 3427 5404 is

1862 5457 1956 5529 qui
1981 5456 2270 5529 promissis
2306 5456 2416 5513 tuis
2445 5454 2604 5513 Mem
2636 5455 2846 5521 habuit,
2882 5469 2978 5524 spe
3019 5450 3247 5507 labatur.

1932 5636 2098 5693 Vens.
2132 5636 2185 5702 7,
2216 5635 2270 5692 8.
2309 5634 2484 5693 Odisti
2512 5633 2841 5689 obseruantes
2871 5626 3147 5683 vanitates,
3178 5626 3428 5685 διανεγνω-

1863 5738 1978 5786 cite.
2026 5728 2136 5801 Ego
2181 5738 2353 5783 autem
2404 5729 2458 5782 in
2496 5725 2715 5779 Domino
2762 5718 3014 5793 sperari:
3058 5705 3330 5769 exsultabo
3375 5711 3426 5762 et
