3992 6216
511 351 615 407 εει

1207 344 1481 402 EUSEBII
1521 338 1998 401 CAESARIENSIS
2036 338 2187 396 OPP.
2219 338 2397 393 PARS
2454 337 2630 394 IIl.—-
2667 336 3078 393 EXEGETICA.

517 454 740 522 lwtabor
776 465 833 517 in
868 460 1234 518 misericordia
1278 469 1391 514 tua.
1432 456 1626 513 Merito
1675 454 1879 512 laetaris
1905 455 1973 510 de
1996 469 2080 509 ve-

2196 458 2479 523 λιάσομαι
2526 453 2627 507 καὶ
2669 452 3160 522 εὐφρανθήσομαι
3198 449 3295 503 ἐπὶ
3328 447 3408 514 τῷ
3443 444 3600 502 ἐλέει
3635 460 3778 502 σουο

515 559 695 617 ritatis
744 555 1103 614 amatoribus,
1136 552 1368 621 illosque
1421 549 1697 615 admittis;
1730 546 1852 600 ideo
1882 544 2089 599 dictum

514 660 617 716 est,
662 650 922 704 Veritates
954 646 1171 717 requirit
1194 643 1495 707 Dominus;
1540 641 1664 696 illos
1702 655 1832 696 vero
1861 640 1953 710 qui
1996 654 2091 693 va-

511 746 738 802 nitatem
799 747 1097 803 sectantur,
1144 742 1336 808 utpote
1388 722 1481 805 qui
1514 731 1859 788 mendacium
1895 746 2091 787 conse-

510 843 749 898 ctentur,
788 830 1096 888 adversaris
1139 836 1196 884 et
1235 826 1427 883 odisti.
1486 824 1715 880 Vanitas
1753 825 1956 895 quippe
2005 830 2091 879 est

510 929 655 1000 quod
685 926 966 983 mendacio
996 924 1215 994 plenum
1245 936 1258 974 :
1300 933 1472 991 quare
1512 918 1595 974 sic
1624 918 1884 974 admones
1915 936 1927 972 :
1960 915 2091 970 Filii

510 1022 780 1076 hominum
809 1033 1076 1090 usquequo
1103 1015 1252 1087 gravi
1286 1015 1462 1077 corde,
1494 1024 1553 1065 ut
1580 1009 1705 1082 quid
1734 1010 1959 1079 diligitis
1999 1025 2092 1063 va-

509 1118 728 1172 nitatem
758 1124 807 1168 et
833 1111 1075 1183 quwritis
1102 1109 1431 1164 mendacium
1450 1106 1538 1159 "‘l
1571 1104 1683 1177 Ego
1705 1119 1837 1160 vero
1874 1119 1904 1157 a
1932 1103 2089 1158 vanis

507 1206 678 1263 rebus
707 1218 957 1266 aversus,
999 1203 1056 1256 in
1096 1208 1149 1256 te
1188 1200 1307 1255 solo
1329 1198 1560 1252 Domino
1589 1211 1710 1252 meo
1741 1212 1892 1266 spem
1929 1210 2094 1265 repo.

509 1298 620 1365 sui,
653 1313 825 1369 quare
860 1293 1080 1352 conﬁdo
1112 1307 1222 1348 non
1273 1290 1478 1346 frustra
1507 1288 1607 1343 tibi
1642 1289 1908 1359 meipsum
1936 1304 2090 1341 com-

510 1391 752 1448 misisse.
796 1388 934 1443 Nam
970 1386 1094 1442 linis
1134 1384 1250 1456 spei
1286 1384 1340 1439 in
1381 1391 1435 1438 te
1480 1380 1660 1453 posita
1713 1391 1794 1439 est
1834 1378 2090 1451 gaudium

512 1488 566 1535 et
606 1478 814 1534 ltetitia.

584 1570 752 1625 Ve‘us.
785 1570 838 1625 9.
875 1568 1141 1636 Quoniam
1193 1567 1469 1638 respexisti
1507 1564 1857 1619 humilitatem
1895 1577 2086 1627 meam,

503 1662 734 1717 salvusti
774 1664 840 1717 de
869 1659 1270 1716 necessitatibus
1314 1660 1549 1713 animum
1593 1672 1801 1718 meam;
1837 1671 1927 1710 nec
1960 1670 2089 1708 con-

507 1755 719 1810 clusisti
760 1772 842 1808 me
882 1757 944 1808 in
990 1752 1234 1809 manibus
1287 1752 1534 1815 inimici;
1581 1750 1819 1806 statuisti
1869 1748 1921 1800 in
1974 1747 2089 1800 loco

506 1848 740 1917 spatioso
769 1846 923 1916 pedes
970 1836 1309 1900 meosflam
1355 1843 1492 1897 alias
1526 1840 1812 1913 respexisti
1861 1838 2082 1893 humili—

506 1948 674 1996 tatem
719 1953 895 1993 meam
928 1955 943 1993 :
980 1952 1043 1991 ac
1079 1936 1403 2006 plerumque
1433 1933 1614 1988 anima
1647 1946 1767 1986 mea
1806 1932 1860 1984 in
1892 1943 2082 1983 neces-

506 2032 699 2087 sitates
736 2030 805 2083 ab
850 2029 1087 2082 inimicis
1132 2026 1237 2083 sibi
1289 2025 1542 2080 inductas
1587 2023 1839 2094 delapsa,
1886 2035 2081 2090 meque

505 2122 643 2178 nihil
668 2121 815 2176 aliud
843 2128 1036 2191 agente
1058 2134 1219 2190 quam
1252 2129 1310 2173 ttt
1334 2119 1675 2173 ltumiliarem
1708 2125 1763 2169 et
1791 2114 2080 2184 alﬂigerem

504 2230 614 2280 me,
644 2215 714 2269 ob
741 2214 973 2269 emissas
1008 2212 1074 2265 ad
1115 2219 1168 2267 te
1194 2210 1359 2266 Deum
1396 2225 1574 2266 meum
1608 2223 1820 2279 preces,
1866 2215 1923 2262 tu
1965 2207 2079 2277 ipse

505 2322 661 2363 meus
711 2312 1085 2377 propugnator
1135 2319 1201 2357 ac
1241 2313 1545 2372 protector,
1596 2315 1683 2354 me
1735 2313 2076 2369 nequaquam

502 2399 833 2471 despiciens,
865 2399 960 2453 sed
995 2397 1355 2453 humilitatem
1377 2395 1691 2468 approbans
1729 2408 1926 2457 meam,
1964 2393 2076 2447 sal-

501 2491 640 2546 rasti
670 2489 734 2545 de
762 2487 1158 2544 necessitatibus
1200 2487 1435 2541 animam
1468 2501 1659 2547 meam,
1694 2500 1785 2538 nec
1811 2483 2074 2537 conclusi-

500 2585 574 2640 sti
599 2601 676 2638 me
705 2584 758 2637 in
785 2580 1028 2637 manibus
1083 2581 1320 2644 inimici;
1364 2594 1427 2634 ac
1475 2585 1670 2650 praeter
1710 2575 2076 2647 exspectatio-

499 2693 624 2734 nem
654 2692 740 2732 me
774 2677 829 2731 in
865 2675 1071 2731 retibus
1122 2673 1234 2745 jam
1275 2673 1615 2737 devolutum,
1647 2680 1701 2725 et
1727 2670 2074 2723 inimicorum

498 2768 755 2823 manibus
798 2765 1083 2832 traditum,
1119 2764 1370 2834 eripuisti
1403 2761 1775 2829 remisistique
1818 2760 2071 2822 liberum,

496 2859 665 2932 pedes
702 2875 854 2914 meos
897 2859 953 2911 in
993 2856 1288 2911 latitudine
1328 2869 1393 2909 ac
1432 2855 1489 2907 in
1517 2853 1640 2907 loco
1670 2851 1910 2921 spatioso
1943 2865 2075 2904 con—

498 2951 769 3013 stituisti,
824 2950 1114 3017 solutoque
1168 2944 1299 2999 mihi
1356 2943 1724 3006 concessisti,
1760 2943 2074 3013 ubicunque

495 3045 688 3100 vellem
717 3043 1045 3097 incederem.
1070 3040 1128 3094 ln
1154 3038 1383 3094 historia
1409 3051 1572 3108 porro
1595 3046 1869 3098 narratur,
1898 3035 2072 3105 ipsum

2193 548 2439 611 Εἰκότως
2466 547 2676 619 χαίρεις
2706 546 2803 617 μὲν
2831 548 2945 609 τοῖς
2972 547 3071 617 τῆς
3098 542 3356 615 ἀληθείας
3381 540 3656 610 ἐρασταῖς,
3681 539 3781 593 καὶ

2196 642 2421 704 τούτους
2455 639 2768 714 προσίεσαι·
2800 639 2880 693 διὸ
2903 638 3150 692 λέλεκται
3172 654 3185 667 ’
3227 634 3525 702 Ἀληθείας
3550 629 3790 701 ἐκζητεῖ

2193 718 2408 803 Κύριος
2428 751 2442 764 ο
2474 719 2613 796 ’τοὺς
2646 731 2702 785 δὲ
2736 732 2832 804 τὴν
2870 729 3204 803 ματαιότητα
3244 727 3602 800 περιέποντας
3633 724 3784 777 εἰκό-

2195 843 2305 891 τως
2337 824 2623 897 ἀποτρέπῃ
2655 824 2747 877 καὶ
2776 826 2974 895 μισεῖς,
3006 821 3082 885 ὡς
3110 819 3175 874 ἂν
3202 820 3263 873 τὸ
3290 816 3484 888 ψεῦδος
3514 813 3784 887 μεταδιώ-

2195 934 2413 980 κοντας.
2442 916 2757 986 Ματαιότης
2777 914 2885 986 γὰρ
2904 914 2966 966 τὸ
2994 911 3221 983 ψεύδους
3248 910 3415 981 γέμον
3434 925 3446 938 ο
3475 907 3556 961 διὸ
3582 921 3781 977 παραιρ

2195 1011 2305 1072 νεῖς
2338 1006 2538 1076 λέγων·
2581 1006 2698 1060 Υἱοὶ
2737 1003 3083 1073 ἀνθρώπων,
3128 1002 3238 1067 ἕως
3285 1002 3431 1054 πότε
3469 996 3778 1067 ,βαρυκάρο

2191 1100 2342 1164 διοι;
2383 1100 2483 1153 ἵνα
2528 1099 2585 1151 τί
2636 1095 2902 1167 ἀγαπᾶτε
2936 1094 3321 1165 ματαιότητα,
3362 1091 3460 1145 καὶ
3508 1088 3776 1157 ζητεῖσθε

2193 1189 2457 1260 ψεῦδος;
2494 1189 2635 1259 Ἐγὼ
2678 1189 2756 1253 δὲ,
2787 1186 3154 1259 ἀποστραφεὶς
3201 1184 3268 1238 τὰ
3323 1184 3547 1255 μάταια,
3580 1181 3674 1233 ἐπὶ
3714 1182 3773 1236 σὲ

2200 1283 2360 1353 μόνον
2412 1282 2502 1335 τὸν
2547 1281 2783 1354 ἐμαυτοῦ
2818 1280 3020 1351 Κύριον
3052 1279 3288 1350 ἤλπισα·
3320 1276 3400 1329 διὸ
3447 1275 3769 1345 πέπεισμαι,

2192 1374 2289 1427 ούκ
2343 1375 2464 1444 εἰκῇ
2508 1390 2589 1426 σοι
2644 1372 2879 1443 ἐμαυτὸν
2909 1367 3353 1442 παρατεθεῖσθαι.
3389 1366 3463 1421 Τὸ
3487 1366 3596 1438 γὰρ
3618 1365 3771 1428 τέλος

2190 1466 2291 1536 τῆς
2318 1469 2397 1530 εἰς
2425 1466 2484 1518 σὲ
2512 1464 2726 1529 ἐλπίδος
2757 1463 2898 1535 χαρὰ
2925 1464 3021 1516 καὶ
3059 1460 3383 1532 εὐφροσύνη.

2264 1559 2384 1612 Ὅτι
2419 1557 2651 1624 ἑπεῒὸες
2690 1556 2807 1625 τὴν
2848 1554 3214 1609 ταπείνωσιν
3250 1570 3390 1621 μου,
3419 1550 3658 1618 ἔσωσας
3698 1551 3769 1604 ἐκ

2191 1652 2313 1707 τῶν
2339 1649 2617 1721 ἀναγκῶν
2643 1648 2757 1718 τὴν
2782 1647 2995 1717 ψυχήν
3017 1664 3161 1716 μου.
3190 1645 3301 1699 Καὶ
3347 1647 3419 1698 οὐ
3461 1643 3769 1698 συνέκλει-

2190 1744 2307 1811 σάς
2330 1761 2406 1814 με
2433 1746 2519 1809 εις
2550 1742 2749 1812 χεζοας
2770 1738 3027 1809 ἐχθρῶν·
3062 1738 3331 1806 ἕστησας
3358 1737 3430 1791 ἐν
3450 1733 3773 1805 εὐρυχώρῳ

2118 1803 2160 1857 Β
2188 1803 2347 1905 τούς.
2362 1803 2985 1904 πόδαςιὶιουθΗδηνκαὶ
3014 1803 3207 1884 ἄλλοτε
3227 1803 3435 1892 ἐπεῖδες
3458 1828 3556 1899 τὴν
3574 1803 3765 1881 ταπεί-

2188 1930 2352 1985 νωσίν
2387 1946 2487 2000 μου
2508 1945 2519 1957 ⁸
2558 1926 2816 1989 πολλάκις
2847 1942 2906 1977 τε
2941 1922 3339 1995 περιπεσούσης
3364 1921 3467 1992 τῆς
3493 1920 3633 1991 ἐμῆς
3656 1918 3763 1989 ψυ-

2187 2023 2287 2093 χῆς
2320 2022 2585 2089 ἀνάγκαις
2616 2011 2735 2082 τά
2766 2016 2869 2071 ὑπὸ
2903 2014 3011 2070 τῶν
3041 2013 3249 2086 ἐχθρῶν
3280 2012 3642 2075 ἐπιτεθείσαις
3660 2010 3761 2065 αὐ-

2185 2118 2273 2187 τῇ,
2299 2113 2433 2185 ἐμοῦ
2475 2129 2533 2165 τε
2572 2110 2736 2181 μηδὲν
2763 2107 2925 2162 πλέον
2960 2106 3289 2177 πράττοντος
3315 2104 3349 2176 ἢ
3376 2101 3766 2166 ταπεινοῦντος

2185 2206 2420 2281 ἐμαυτὸν
2444 2204 2539 2259 καὶ
2562 2201 2855 2265 κακοῦντος
2878 2200 2965 2255 διὰ
2996 2200 3104 2254 τῶν
3137 2197 3273 2272 πρὸς
3295 2196 3354 2250 σὲ
3375 2196 3466 2249 τὸν
3492 2195 3625 2249 Θεὸν
3648 2196 3763 2252 ικα-

2182 2300 2407 2373 τηρίων,
2440 2299 2502 2350 σὺ
2536 2295 2696 2358 αὐτὸς
2736 2296 2764 2346 6
2796 2293 2927 2363 ἐμὸς
2957 2293 3271 2364 ύπέρμαχος
3309 2290 3404 2343 καὶ
3448 2289 3759 2360 ὑπερασπια

2185 2392 2334 2463 στὴς,
2361 2391 2434 2462 μὴ
2457 2384 2863 2459 ἁντιπαρελθών
2890 2403 2979 2457 με,
3003 2382 3400 2454 ἀποδεξάμενος
3419 2380 3476 2435 δὲ
3503 2380 3598 2453 τὴν
3621 2379 3762 2453 ἐμὴν

2181 2483 2527 2547 ταπείνωσιν,
2559 2480 2796 2545 ἔσωσας
2819 2479 2887 2532 ἐκ
2916 2477 3035 2531 τῶν
3065 2473 3344 2545 ἀναγκῶν
3387 2473 3505 2543 τὴν
3548 2471 3767 2542 ψυχήν

2175 2594 2315 2647 μου,
2351 2574 2449 2628 καὶ
2491 2575 2561 2628 οὐ
2606 2569 3009 2636 συνέκλεισάς
3033 2586 3112 2639 με
3148 2571 3235 2634 εἰς
3267 2565 3469 2636 χεῇοας
3495 2563 3763 2633 ἐχθρῶνο

2182 2666 2498 2740 παραδόξως
2546 2663 2603 2716 δέ
2658 2680 2725 2733 με
2771 2661 2902 2714 εἴσω
2933 2657 3161 2714 δικτύων
3190 2657 3289 2729 ἤδη
3320 2656 3632 2725 γενόμενον,
3666 2655 3769 2707 καὶ

2179 2762 2298 2822 ταῖς
2326 2757 2481 2830 χερσὶ
2508 2754 2616 2807 τῶν
2644 2752 2852 2825 ἐχθρῶν
2876 2748 3305 2821 παραδεδομένον
3334 2745 3586 2818 ἁρπάσας
3615 2743 3768 2798 ἐλεύ-

2181 2853 2336 2924 θερον
2370 2850 2597 2921 ἀνῆκας,
2630 2848 2724 2903 καὶ
2752 2847 2877 2908 τοὺς
2911 2844 3078 2907 πόδας
3112 2859 3213 2913 μου
3247 2842 3303 2893 ἐν
3333 2838 3633 2909 πλατύτητι
3666 2844 3769 2891 καὶ

2180 2942 2488 3016 εὐρυχωρίᾳ
2518 2939 2877 3009 κατέστησας,
2915 2936 3272 3007 συγχωρήσας
3301 2930 3497 3001 ἄφετόν
3548 2946 3615 3000 με
3659 2928 3769 2999 βα-

2179 3037 2342 3102 δίζειν
2376 3037 2499 3089 ὅποι
2528 3035 2621 3087 καὶ
2652 3031 2930 3103 βούλομαι.
2962 3027 3215 3082 Διδάσκει
3242 3024 3299 3078 δὲ
3334 3024 3429 3078 καὶ
3459 3024 3493 3094 ή
3523 3021 3764 3094 ἱστορία,

496 3154 641 3208 saepe
667 3152 697 3191 a
715 3136 880 3191 Saule
900 3134 1322 3206 deprehensum,
1344 3140 1397 3186 et
1421 3129 1715 3201 aliquando
1738 3128 1791 3183 in
1814 3128 2072 3199 spelunca

2188 3131 2282 3193 ὅτι,
2319 3127 2580 3189 πολλάκις
2610 3122 2973 3193 καταληφθεὶς
3002 3119 3108 3173 ὑπὸ
3152 3117 3246 3171 τοῦ
3288 3115 3482 3179 Σαοὺλ,
3513 3114 3605 3168 καὶ
3634 3113 3766 3184 μέν·

498 3227 798 3290 inclusum,
847 3239 1043 3278 manus
1083 3222 1205 3293 ejus
1251 3221 1509 3292 effugisse
1556 3239 1569 3275 :
1616 3228 1672 3275 et
1706 3220 1844 3274 alias
1892 3218 2075 3274 aGet-

495 3320 655 3376 thaeis
695 3334 754 3375 se
791 3324 972 3373 mente
1001 3324 1220 3387 captum
1264 3312 1577 3371 simulando
1625 3314 1871 3383 elapsum
1930 3328 2073 3368 esse.

567 3495 730 3552 Vnus.
778 3497 866 3551 10.
913 3494 1165 3551 Miserere
1210 3495 1334 3558 mei,
1387 3492 1626 3557 Domine,
1682 3491 1931 3562 quoniam
1982 3490 2078 3544 tri-

2185 3238 2266 3275 τοι
2300 3218 2394 3274 καὶ
2422 3221 2476 3271 ἐν
2505 3216 2582 3288 τῷ
2613 3214 2860 3285 σπηλαίῳ
2891 3207 3251 3282 καθειρχθεὶς,
3284 3206 3382 3268 τὰς
3410 3201 3613 3256 ἐκείνου
3644 3204 3766 3271 χεῖ-

2192 3331 2288 3385 ρας
2316 3313 2560 3381 διέευτε,
2598 3309 2692 3362 καὶ
2721 3306 2906 3361 ἄλλοτε
2928 3304 3052 3365 τοὺς
3073 3298 3359 3361 Γετθαίους
3374 3292 3764 3368 παραπληξεαν

2187 3424 2288 3477 σχη
2299 3404 2683 3475 ματισάμενος.

2270 3496 2554 3562 Ἐλέησόν
2581 3511 2677 3562 με,
2709 3493 2902 3559 Κύριε,
2930 3490 3019 3543 ὅτι
3045 3487 3335 3555 θλίϐομαυ
3376 3481 3668 3551 ἐταράχθη
3688 3481 3770 3535 ἐν

496 3589 693 3646 bulor:
735 3588 1078 3646 conturbatus
1112 3599 1189 3645 est
1225 3589 1283 3642 in
1332 3590 1417 3641 ira
1461 3586 1646 3641 oculus
1694 3600 1862 3647 meus,
1899 3584 2077 3636 anima

2188 3586 2349 3657 θυμῷ
2375 3590 2406 3639 ό
2434 3585 2739 3654 ὀφθαλμός
2764 3599 2905 3651 μου,
2930 3580 2969 3647 ἡ
2998 3576 3168 3648 ψυχή
3187 3594 3328 3645 μου,
3349 3575 3445 3629 καὶ
3472 3575 3510 3642 ἡ
3531 3570 3768 3643 γαστήρ

493 3699 612 3738 mea
658 3693 708 3738 et
752 3692 927 3737 venter
970 3698 1135 3735 meus.
1183 3678 1371 3751 Rogo,
1409 3678 1623 3747 inquit,
1690 3691 1753 3730 ac
1811 3676 2079 3746 deprecor

2188 3698 2318 3752 μου.
2337 3680 2610 3741 Ἰκετεύω,
2642 3677 2796 3746 φησι,
2827 3675 2921 3729 καὶ
2944 3672 3133 3742 δέομαι
3163 3669 3472 3742 ἐλεηθῆναι,
3507 3665 3596 3719 ὅτι
3632 3665 3768 3719 θλί-

492 3776 603 3830 mei
652 3783 712 3830 ut
757 3774 1093 3837 miserearis,
1148 3774 1399 3842 quoniam
1443 3771 1702 3835 lribulor;
1744 3770 1904 3840 cujus
1956 3769 2078 3824 loco

2188 3779 2356 3843 ϐομαι
2379 3787 2394 3803 ·
2425 3770 2540 3826 ἀνθ’
2572 3766 2631 3824 οἶ)
2655 3772 2683 3823 6
2728 3766 2956 3829 Ἀκύλας
2984 3763 3148 3835 φησίν
3168 3780 3181 3793 ο
3207 3763 3327 3815 Ὅτι
3359 3757 3580 3813 στενόν
3605 3756 3742 3826 ἐμοί
3746 3795 3763 3810 .
3841 3784 3859 3802 .

495 3865 718 3936 Aquila,
761 3865 1029 3931 Quoniam
1060 3873 1341 3933 angustum
1374 3863 1523 3917 mihi.
1561 3862 1663 3916 Tui
1694 3864 1837 3917 enim
1868 3869 1920 3916 et
1948 3875 2077 3930 pro-

2188 3868 2294 3940 Τὴν
2343 3868 2451 3939 γὰρ
2500 3865 2691 3937 στενὴν
2720 3864 2813 3917 καὶ
2852 3860 3216 3933 τεθλιμμένην
3242 3856 3411 3912 όδεύω
3437 3854 3525 3909 διὰ
3557 3852 3636 3917 σὲ,
3666 3851 3765 3905 καὶ

496 3959 794 4012 missorum
832 3964 1053 4012 tuorum
1096 3971 1262 4011 causa
1319 3955 1374 4009 iu
1417 3963 1650 4025 angusta
1690 3963 1745 4009 et
1794 3960 1945 4009 arcta
1989 3952 2076 4007 via

2188 3960 2282 4024 τὰς
2320 3959 2418 4024 σὰς
2460 3957 2809 4028 ἐπαγγελίας.
2828 3953 2987 4007 Ἀλλὰ
3015 3952 3109 4006 καὶ
3138 3953 3166 4005 6
3196 3952 3297 4023 τῆς
3318 3947 3496 4019 ψυχῆς
3529 3962 3629 4017 μου
3659 3943 3764 4013 όφ-

494 4048 715 4107 incedo.
764 4049 834 4104 At
875 4049 1072 4103 anima:
1115 4063 1249 4104 meae
1286 4048 1501 4111 oculus,
1546 4045 1775 4116 ipsaque
1815 4061 1970 4102 mens
2012 4060 2077 4099 ac

2188 4052 2409 4126 θαλμὸς,
2438 4051 2598 4115 αὐτὸς
2624 4053 2652 4104 6
2680 4047 2804 4113 νοῦς
2832 4045 3012 4101 καὶτὸ
3040 4048 3097 4100 ἐν
3131 4044 3256 4115 ἐμοὶ
3281 4038 3604 4108 λογιστικὸν,
3635 4036 3767 4089 ἐτα-

497 4142 584 4198 vis
614 4140 983 4196 ratiocinandi
1023 4139 1243 4194 turbata
1273 4146 1355 4194 est
1385 4138 1441 4193 in
1473 4138 1574 4192 ira.
1608 4136 1716 4192 Pro
1748 4152 1856 4207 quo
1880 4136 2076 4207 Aquila

2188 4145 2364 4219 ράχθη
2422 4146 2481 4198 ὲν
2540 4142 2734 4215 θυμῷο
2790 4140 2905 4195 ἀνθ’
2941 4131 3002 4192 οὗ
3050 4140 3078 4192 6
3134 4137 3233 4208 μὲν
3274 4132 3504 4196 Ἀκύλας
3554 4127 3762 4219 φησίν·

499 4236 662 4293 dicit:
685 4233 934 4305 Squaluit
968 4234 1025 4288 in
1057 4231 1422 4303 indignatione
1466 4229 1651 4285 oculus
1698 4244 1879 4291 meus;
1918 4227 2076 4299 Sym-

2188 4217 2472 4308 Ηὺχμώθη
2500 4235 2586 4289 ’ἐν
2628 4228 3010 4301 παροργισμῷ
3061 4230 3094 4282 ό
3120 4223 3424 4295 ὀφθαλμός
3449 4238 3567 4292 μου
3592 4234 3604 4247 ·
3646 4219 3674 4271 6
3703 4217 3763 4271 δὲ

492 4329 726 4386 machus
757 4343 908 4396 vero,
944 4326 1211 4382 Turbatus
1254 4334 1332 4382 est
1363 4340 1474 4393 prae
1500 4321 1860 4392 indignatione
1892 4320 2075 4375 oculus

2188 4331 2510 4401 Σύμμαχος’
2557 4324 2844 4391 Ἐθολὼθη
2878 4321 2976 4376 διὰ
3012 4314 3423 4389 παροργισμὸν
3454 4310 3765 4401 ὀφθαλμός

492 4440 661 4480 meus.
698 4420 834 4477 Nam
885 4436 1011 4477 cum
1066 4418 1530 4492 indignationem,
1580 4414 1794 4486 inquit,
1842 4421 1897 4469 et
1937 4414 2074 4468 iram

2188 4400 2453 4493 nonfﬂsa
2496 4419 2603 4490 γὰρ
2648 4416 2993 4492 παρὼργισα,
3027 4411 3180 4481 φησὶ,
3210 4409 3302 4464 καὶ
3343 4404 3512 4477 Θυμὺν
3539 4400 3764 4474 ἐμαυτῷ

491 4513 628 4567 mihi
683 4512 991 4580 concitavi,
1043 4526 1214 4568 ausus
1261 4524 1326 4566 ea
1370 4518 1684 4581 perpetrare
1716 4520 1838 4578 qua:
1888 4505 2074 4561 furore

2188 4518 2471 4588 ὲπήγειρα,
2503 4512 2780 4584 τολμήσας
2803 4503 3204 4581 διαπράξασθαι
3230 4500 3301 4555 τὰ
3330 4496 3503 4570 θυμοῦ
3547 4495 3641 4549 καὶ
3669 4494 3765 4588 6p:-

493 4616 549 4659 et
591 4606 672 4659 ira
714 4605 879 4677 digna
924 4613 1084 4672 sunt,
1132 4612 1267 4661 tunc
1303 4603 1589 4668 confusio,
1634 4601 1983 4657 conturbatio
2018 4607 2074 4656 et

2188 4584 2287 4679 γῆς
2314 4584 2463 4670 ἄξια,
2490 4604 2551 4657 τὸ
2595 4600 2894 4674 τηνικαῦτα
2940 4597 3204 4667 σύγχυσις
3251 4591 3347 4646 καὶ
3399 4589 3623 4650 θόλωσις
3668 4584 3767 4638 καὶ

495 4697 719 4766 squalor
773 4699 1158 4755 rationabilem
1213 4699 1410 4755 anima:
1452 4700 1563 4754 vim
1601 4698 1912 4769 occupavit.
1965 4694 2072 4752 Sed

2188 4700 2389 4771 ιύχμὸς
2434 4698 2495 4752 τὺ
2540 4692 2848 4764 λογιστικὸν
2889 4690 2987 4761 τῆς
3032 4687 3173 4759 ἐμῆς
3205 4684 3383 4756 ψυχῆς
3416 4679 3764 4748 κατείληφεν.

494 4788 663 4843 etiam
699 4789 880 4845 anima
906 4806 1026 4846 mea
1055 4797 1110 4846 et
1135 4798 1327 4846 venter
1360 4806 1516 4848 meus
1553 4792 1671 4860 ipse
1710 4788 2071 4845 conturbatus

495 4897 561 4937 ac
609 4883 875 4941 confusus
929 4893 1014 4941 est
1079 4886 1136 4940 in
1179 4893 1425 4957 tempore
1473 4884 1866 4955 indignationis
1914 4900 2067 4940 meat.

495 4974 966 5051 Quemadmodum
997 4993 1126 5034 vero
1159 4978 1357 5034 anima:
1384 4977 1605 5033 oculum
1635 4991 1733 5048 per
1756 4977 2072 5032 translatio-

495 5082 621 5121 nem
657 5084 687 5120 ιι
710 5068 898 5124 sensili
943 5070 1102 5125 oculo
1134 5071 1488 5143 intelligimus
1508 5109 1525 5135 ,
1569 5069 1651 5126 sic
1680 5076 1926 5126 ventrem
1954 5070 2074 5140 ejus

493 5176 844 5232 nequaquam
890 5163 1076 5219 labare
1132 5165 1179 5221 si
1221 5165 1330 5219 vim
1379 5164 1659 5220 memoriae
1694 5166 1968 5236 accipias;
2015 5167 2072 5221 in

492 5265 601 5320 qua
633 5268 733 5306 ceu
770 5253 825 5306 in
853 5261 1062 5323 ventre,
1091 5254 1246 5311 cibos
1279 5269 1471 5311 omnes
1512 5271 1544 5311 a
1575 5258 1927 5313 sermonibus
1952 5273 2075 5328 per-

491 5356 684 5414 ceptos
714 5361 980 5416 reponere
1026 5350 1434 5410 consuevimus.
1474 5350 1841 5417 Quamobrem
1871 5351 2074 5407 alicubi

491 5435 735 5495 dicitur:
763 5438 1011 5503 Benedic,
1045 5442 1226 5495 anima
1242 5457 1380 5507 mea,
1408 5441 1650 5505 Domino,
1680 5454 1731 5498 et
1751 5445 1932 5499 omnia
1958 5459 2076 5514 quos

493 5536 639 5591 intra
686 5554 767 5592 me
809 5545 952 5601 sunt,
978 5536 1180 5590 nomini
1229 5545 1418 5591 sancto
1464 5537 1580 5605 ejus
1603 5536 1690 5592 ⁹³⁹.
1737 5536 1803 5590 Et
1825 5536 2077 5592 Salvator

495 5632 571 5687 ait
598 5649 613 5687 :
648 5629 751 5698 Qui
794 5629 978 5684 biberit
1013 5642 1079 5683 ea:
1108 5645 1246 5699 aqua
1273 5643 1431 5698 quam
1454 5644 1547 5698 ego
1573 5627 1710 5686 dabo
1739 5630 1822 5698 'ei,
1854 5628 2079 5698 flumina

564 5806 610 5840 ”
652 5805 795 5864 Psal.
832 5823 917 5883 tv,
955 5809 1006 5865 5.
1088 5809 1159 5843 "'
1190 5806 1338 5868 Psal.
1381 5823 1496 5881 cn,
1533 5810 1583 5867 l.

2191 4770 2354 4846 Ἀλλὰ
2387 4791 2480 4846 καὶ
2507 4792 2540 4862 ὴ
2565 4788 2709 4859 ψυχή
2753 4801 2873 4856 μου,
2901 4782 3056 4855 φησι,
3085 4780 3181 4833 καὶ
3197 4779 3230 4849 ἡ
3262 4776 3478 4848 γαστήρ
3511 4791 3635 4845 μου,
3669 4770 3770 4823 καὶ

2174 4887 2312 4961 αὑτὴ
2335 4882 2570 4953 ἐθολώθη
2600 4882 2696 4936 καὶ
2717 4876 2989 4951 ἐταράχθη
3018 4872 3157 4928 κατὰ
3170 4872 3261 4926 τὸν
3289 4869 3476 4961 καιρὸν
3500 4864 3772 4961 τοῦ-παρ-

2181 4956 2450 5054 οργινσμοῦ
2509 4974 2859 5047 μου.”Ωσπερ
2884 4968 2940 5021 δὲ
2963 4964 3237 5035 ὀφθαλμὸν
3268 4960 3445 5032 ψυχῆς
3485 4956 3627 5012 κατὰ
3651 4971 3771 5054 με·-

2180 5072 2425 5144 ταφορὰν
2476 5067 2573 5122 τοῦ
2621 5062 2879 5133 αἰσθητοῦ
2929 5056 3205 5129 ὀφθαλμοῦ
3233 5055 3588 5124 νενοήκαμεν,
3619 5047 3770 5101 οὕτω

2182 5137 2279 5220 καί
2460 5157 2703 5230 γαστέρα
2735 5154 2904 5225 αὐτῆς
2931 5153 3032 5206 οὐκ
3056 5150 3120 5205 ἂν
3148 5148 3412 5219 ἁμάρτοις
3450 5140 3621 5235 εἰπῲν

2181 5230 2411 5329 δύναμιν
2450 5252 2548 5325 τὴν
2595 5245 2954 5323 μνημονικὴν,
2984 5245 3041 5298 ἐν
3160 5241 3346 5311 ὥσπερ
3380 5240 3438 5291 ἐν
3461 5233 3639 5329 κοιλίᾳ
3665 5230 3770 5329 καὶ

2181 5324 2383 5421 γαστρὶ
2407 5324 2587 5410 πάσας
2633 5345 2731 5407 τὰς
2778 5340 2867 5395 διὰ
2902 5336 3076 5408 λόγων
3116 5332 3320 5407 τροφὰς
3349 5324 3768 5421 ἐναποτίθεσθαι

2184 5419 2361 5495 εἴωθέ.
2398 5440 2488 5493 Διὸ
2536 5434 2782 5492 λέλεκταί
2837 5448 2971 5487 που·
3013 5429 3284 5496 Εὺλότει,
3319 5425 3357 5492 τ’,
3407 5419 3575 5491 ψυχή
3612 5432 3763 5487 μου.

2184 5536 2291 5591 τὸν
2318 5535 2555 5603 Κύριον,
2584 5531 2681 5587 καὶ
2710 5528 2909 5584 πάντα
2935 5526 3006 5580 τὰ
3027 5521 3198 5586 ἐντός
3235 5535 3354 5589 μου
3379 5516 3443 5569 τὸ
3476 5513 3662 5580 ὄνομα
3692 5513 3766 5603 τὸ

2186 5628 2357 5699 ἅγιον
2380 5602 2584 5682 αὐτοῦ.
2623 5623 2735 5678 Καὶ
2760 5624 2788 5676 6
2814 5619 3008 5690 Σωτὴρ
3032 5616 3117 5669 δέ·
3159 5616 3255 5677 Ὃς
3286 5609 3362 5663 ἂν
3401 5606 3508 5676 πίῃ
3544 5605 3612 5658 ἐκ
3653 5602 3765 5656 τοῦ
