3992 6216
271 329 382 387 269

1402 326 1910 389 (ΖΟΜΜΕΝΤΑΒΙΑ
1946 331 2014 387 IN
2051 328 2389 387 PSALMOS.

3403 329 3506 391 270

272 446 512 514 ὕδατος,
540 443 613 506 οὗ
638 449 756 522 ἐγὼ
786 449 959 506 δώσω
991 450 1448 529 αὑτᾷ-ποταμοὶ
1487 453 1557 506 ἐκ
1588 452 1700 520 τῆς
1727 470 1824 508 xm-

1951 452 2014 507 de
2052 459 2234 521 ventre
2273 450 2388 519 ejus
2422 453 2583 517 [ment
2627 462 2776 519 aqua:
2811 448 2955 513 vim,
2997 444 3234 504 salientis
3264 448 3319 504 in
3349 449 3506 503 vitam

281 538 411 606 ηας
456 541 642 596 αὑτοῦ
680 544 1020 611 ῥεύσουσιν
1058 542 1274 609 ὕδατος
1311 541 1543 612 ζῶντος,
1593 545 1848 615 ἁλλομέ-

268 649 381 687 νου
411 635 499 699 εις
525 632 679 702 ζωὴν
695 633 953 689 αἰώνιον.
984 633 1277 689 Κάνταῦθα
1309 635 1485 689 τοίνυν
1512 635 1609 706 τὴν
1640 654 1847 708 μνημο-

267 724 423 798 νικὴν
452 725 703 791 δύναμιν,
736 728 769 799 ἢ
805 728 901 780 καὶ
929 726 1059 781 αὑτὸ
1084 728 1145 781 τὺ
1173 728 1497 798 ἡγεμονικὸν
1520 727 1621 798 τῆς
1645 728 1842 800 ψυχῆς,

266 818 475 873 κοιλίαν
499 819 777 891 ὠνόμασεν
807 822 837 874 ό
865 820 1073 892 Σωτήρ.
1108 819 1373 884 Θολωθεὶς
1409 821 1586 874 τοίνυν
1613 821 1702 874 τὸν
1743 823 1842 892 όφ-

266 911 472 983 θαλμὸν
500 912 601 983 τῆς
623 911 820 982 ψυχῆς,
842 911 937 965 καὶ
963 910 1064 982 τὴν
1090 911 1332 982 γαστέρα
1358 909 1456 982 τὴν
1482 910 1845 983 παραδεδομέ-

264 1021 386 1076 νην,
418 1004 628 1076 ἰατρείᾳ
653 1005 748 1058 καὶ
779 1002 1046 1076 θεραπείᾳ
1087 1002 1324 1073 ἐμαυτὸν
1363 1006 1641 1075 παρεῖχον,
1681 1003 1841 1077 ὀδύνῃ

260 1096 358 1151 καὶ
391 1096 843 1168 στεναγμοῖς,καὶ“
856 1094 1102 1166 πτωχείᾳ
1128 1094 1452 1167 παραδιδοὺς
1479 1094 1570 1149 τὸν
1600 1095 1838 1165 ἐμαυτοῦ

261 1187 401 1258 βίον,
429 1188 614 1259 ὥσπερ
643 1188 733 1242 διά
758 1204 921 1242 τινων
950 1186 1163 1240 κύκλων
1194 1186 1593 1259 ἰατρευόμενος.
1612 1188 1755 1242 Ἀντὶ
1780 1187 1838 1241 δὲ

256 1278 375 1343 τοῦ,
394 1281 489 1334 Ἐν
517 1281 775 1349 πτωχείᾳ
819 1280 859 1346 ἠ
905 1279 1085 1347 ὶσχύς
1121 1296 1262 1347 μου,
1299 1277 1399 1331 καὶ
1431 1276 1503 1331 τὰ
1533 1277 1683 1333 ὀστᾶ
1718 1297 1838 1349 μου

254 1373 712 1442 ἐταράχθησαν
746 1372 1078 1443 σαφέστερον
1103 1372 1132 1424 ὁ
1164 1371 1456 1443 Σύμμαχος
1497 1372 1838 1443 ήρμήνευσεν

255 1463 426 1519 εἰπών
449 1482 463 1495 ’
494 1467 597 1519 Διὰ
624 1464 1037 1533 τὴν“κάκωσίν
1059 1481 1179 1533 μου
1202 1464 1241 1531 ’ἡ
1277 1465 1456 1533 ἰσχύς
1486 1481 1604 1532 μου
1638 1462 1737 1517 καὶ
1765 1463 1839 1518 τὰ

255 1554 409 1610 ὀστᾶ
433 1573 554 1625 μου
580 1556 982 1624 ηὐρωτίασαν.
1017 1553 1173 1608 Οὕτω
1202 1554 1332 1626 γὰρ,
1384 1555 1567 1626 φησὶν,
1602 1555 1836 1627 ἐμαυτὸν

252 1644 508 1709 ἐκάκουν,
536 1645 613 1708 ὡς
637 1643 725 1698 διά
746 1646 844 1717 τὴν
874 1645 1181 1717 ὑπερϐολὴν
1204 1645 1307 1715 τῆς
1335 1644 1630 1709 κακώσεως
1652 1646 1835 1714 ὲξατο-

252 1735 419 1805 νῆσαί
473 1752 574 1806 μου
623 1737 720 1788 καὶ
762 1734 1118 1807 ὲξασθενῆσαι
1150 1736 1249 1807 τὴν
1277 1736 1448 1806 ἰσχὺν,
1474 1737 1566 1789 καὶ
1600 1737 1741 1791 αὑτά
1765 1738 1833 1793 τά

1947 553 2199 597 wteruam
2235 540 2302 595 “.
2358 537 2458 593 llic
2521 538 2704 609 itaque
2767 537 3147 607 reminiscendi
3197 537 3335 603 vim,
3392 538 3507 594 εἰη

1946 633 2107 687 etiam
2144 628 2442 701 principem
2478 627 2676 682 animae
2715 635 2942 697 partem,
2975 635 3215 683 ventrem
3252 624 3506 682 Servator

1945 720 2303 791 nuncupavit.
2337 721 2474 772 Cum
2511 733 2641 789 ergo
2686 727 2740 772 ct
2774 718 2978 773 mentis
3011 718 3185 775 oculis
3216 725 3271 774 et
3297 726 3503 785 ventre,

1945 815 2011 866 de
2040 828 2150 882 quo
2190 810 2300 880 jam
2336 807 2601 871 diximus,
2638 808 2996 864 conturbatus
3040 824 3249 877 essem,
3285 794 3507 870 medela:

1943 921 2030 961 me
2085 913 2246 975 atque
2299 899 2577 956 curationi
2634 895 2873 967 tradidi;
2930 896 3138 966 dolori,
3192 900 3506 972 gemitibus,

1941 995 2170 1067 egestati
2198 995 2364 1048 vitam
2413 990 2596 1047 addixi
2656 1005 2858 1055 meam,
2891 1006 2991 1047 ceu
3035 992 3270 1063 quadam
3314 992 3508 1048 circui-

1945 1090 2093 1144 tione
2130 1103 2262 1142 usus
2295 1086 2362 1141 ad
2398 1086 2628 1140 salutem
2664 1083 3114 1154 recuperandam.
3143 1084 3251 1140 Pro
3284 1080 3378 1140 illo
3409 1100 3507 1141 au-

1940 1190 2068 1243 tem,
2129 1177 2194 1232 In
2233 1185 2539 1247 paupertate
2580 1176 2744 1229 virtus
2789 1191 2926 1243 mea,
2968 1185 3018 1230 et
3069 1193 3191 1231 ossa
3226 1193 3340 1231 mea
3379 1193 3506 1231 ουκ·

1942 1270 2160 1324 turbata
2209 1279 2364 1332 sunt,
2412 1266 2654 1337 apertius
2705 1265 3064 1338 Symmachus
3116 1268 3505 1338 interpretatus

1936 1368 2022 1416 est
2062 1360 2147 1415 bis
2195 1358 2378 1414 verbis
2401 1398 2417 1423 ,
2456 1350 2676 1424 Propter
2730 1356 3059 1427 aﬂlictionem
3100 1374 3301 1421 meam.
3336 1359 3504 1415 virtus

1938 1468 2055 1506 mea
2101 1459 2151 1505 et
2194 1466 2315 1503 ossa
2359 1464 2475 1501 mea
2520 1455 2855 1514 putruerunt.
2905 1444 2983 1501 lta
3019 1463 3104 1502 me
3136 1447 3503 1515 macerabam,

1938 1542 2136 1614 inquit,
2165 1548 2226 1596 ut
2252 1551 2474 1611 propter
2503 1538 2809 1594 aﬂlictionis
2834 1538 2942 1593 vim
2963 1579 2978 1603 ,
3008 1534 3184 1593 virtus
3214 1555 3336 1595 mea
3367 1539 3506 1595 defi-

1936 1643 2083 1690 ceret
2116 1648 2179 1687 ac
2208 1632 2594 1692 inﬁrmaretur,
2625 1640 2787 1701 atque
2810 1631 2927 1700 ipsa
2956 1634 3151 1685 animae
3192 1646 3339 1699 ossa,
3373 1630 3506 1702 ipsa:

1937 1725 2244 1791 facultates,
2290 1724 2491 1794 quibus
2525 1723 2654 1777 olim
2704 1723 2934 1777 viriliter
2978 1723 3234 1793 agebam,
3270 1726 3506 1795 compu-

249 1826 352 1896 τῆς
374 1826 551 1895 ψυχῆς
587 1843 689 1896 μου
717 1826 898 1889 ὀστέα,
928 1827 1140 1892 καὶτὰς
1164 1826 1421 1897 δυνάμεις
1449 1828 1506 1881 ἐν
1539 1822 1627 1892 αἷς
1659 1830 1824 1884 πάλαι

1928 1823 2255 1882 trescerent;
2308 1814 2424 1869 sive
2452 1809 2755 1870 secundum
2802 1813 3078 1882 Aquilam,
3119 1810 3184 1866 Et
3231 1831 3354 1869 ossa
3387 1830 3504 1869 mea

249 1915 584 1988 ἠνδριζόμην
614 1918 993 1990 ηὑρωτίασανο
1032 1919 1066 1991 ἢ
1107 1919 1249 1974 κατά
1292 1920 1384 1975 τὸν
1421 1921 1677 1975 Ἀκύλαν·
1716 1922 1827 1977 Καὶ

249 2007 327 2060 τὰ
352 2006 504 2061 ὀστᾶ
524 2026 645 2077 μου
676 2009 976 2079 ηὐχμὼθη.
1002 2010 1190 2067 Ταῦτα
1210 2012 1268 2066 δὲ
1297 2014 1566 2083 ἀναγκαῖα
1598 2014 1734 2085 πρὸς
1754 2014 1831 2067 δι-

249 2096 544 2154 δασκαλίαν
571 2102 666 2154 καὶ
692 2101 1050 2173 ὑπογραμμὸν
1077 2103 1187 2158 τῶν
1214 2106 1463 2175 ἀφέσεως
1492 2108 1674 2177 τυχεῖν
1709 2106 1831 2177 βου-

247 2186 493 2260 λομένων
520 2190 629 2245 τῶν
654 2192 871 2246 οἰκείων
901 2193 1007 2265 πλη
1016 2193 1195 2267 μμελη
1204 2196 1407 2267 μάτων.

314 2276 483 2346 Παρὰ
518 2277 749 2346 πάντας
775 2279 917 2347 τοὺς
948 2282 1201 2352 ἐχθρούς
1225 2302 1345 2355 μου
1367 2286 1664 2356 ἐγενήθην
1684 2287 1834 2343 ὄνει-

243 2366 372 2436 δος,
396 2369 498 2423 καὶ
522 2370 647 2438 τοῖς
669 2373 899 2444 γείτοσι
924 2394 1043 2446 μου
1073 2376 1335 2446 σφόδρα,
1373 2378 1473 2432 καὶ
1503 2380 1686 2448 φόϐος
1708 2382 1831 2449 τοῖς

242 2461 537 2530 γνωστοῖς
570 2481 705 2532 μουι
755 2470 819 2521 Οἱ
847 2467 1208 2537 θεωροῦν-τές
1226 2487 1305 2539 με
1332 2470 1447 2536 ἔξω
1479 2472 1707 2543 ἔφυγον
1727 2474 1829 2528 ἀπ’

241 2549 390 2618 ἐμοῦ
406 2568 422 2581 ·
457 2553 811 2625 ἐπελήσθην
833 2558 976 2613 ὡσεὶ
1006 2558 1223 2627 νεκρὸς
1250 2560 1369 2614 ἀπὸ
1407 2560 1655 2630 καρδίας
1674 2579 1687 2592 ·
1711 2563 1836 2632 ἑτε-

240 2642 438 2713 νήθην
456 2646 597 2701 ὡσεὶ
647 2650 870 2717 σκεῦος
896 2652 1235 2718 ἀπολωλός.
1267 2651 1453 2708 Ταῦτα
1484 2655 1830 2727 ἁναφέρομεν

241 2733 336 2785 ἐπὶ
378 2735 471 2789 τὸν
516 2738 707 2810 καιρὸν
734 2739 829 2792 τοῦ
863 2740 1068 2805 πάθους
1098 2741 1194 2795 τοῦ
1226 2742 1476 2814 Σωτῆρος
1519 2743 1696 2813 ἡμῶν,
1729 2745 1831 2817 ἁρ-

244 2824 400 2895 μόζοι
427 2825 494 2881 ἂν
523 2828 617 2881 ὑπ’
646 2830 811 2883 αὑτοῦ
835 2831 1109 2900 λέγεσθαι,
1138 2833 1225 2886 ὅτε
1270 2836 1318 2886 οἱ
1358 2834 1541 2905 ἐχθροὶ
1588 2836 1828 2908 ἀνηρτη-

232 2913 405 2985 ’μένον
450 2917 685 2988 ὁρῶντες
729 2921 889 2974 αὑτὸν
918 2922 1260 2987 ὲπετώθαζον
1289 2924 1656 2990 ὀνειδίζοντες,
1684 2925 1829 2980 κατά

240 3003 314 3059 τὰ
344 3007 704 3079 γεγραμμένα
747 3011 805 3061 ὲν
848 3013 959 3074 τοῖς
989 3012 1368 3080 Εὑαγγελίοις·
1405 3016 1458 3068 οῖ
1482 3032 1542 3068 τε
1570 3017 1824 3085 γνωστοὶ,

239 3099 340 3155 καὶ
370 3099 420 3153 οἱ
459 3099 719 3171 μαθηταὶ,
737 3102 831 3155 καὶ
858 3103 1019 3173 φίλοι,
1042 3105 1192 3175 φόϐῳ
1220 3106 1603 3173 ὑποπεσόντες,
1631 3110 1828 3181 ἀνεχώ-

1933 1913 2278 1964 exaruerunt.
2321 1903 2448 1957 Haec
2483 1916 2650 1972 porro
2685 1911 2814 1957 sunt
2847 1902 2935 1967 iis,
2969 1902 3061 1971 qui
3096 1901 3363 1957 scelerum
3405 1918 3502 1965 su-

1931 2015 2091 2055 orum
2148 1996 2369 2051 veniam
2416 1993 2687 2064 consequi
2715 1999 3028 2065 peroptant,
3060 1986 3125 2048 ad
3158 1991 3502 2062 disciplinam

1930 2101 1983 2148 et
2012 2088 2315 2159 exemplum
2348 2087 2676 2142 necessaria.

2002 2287 2173 2345 Vens.
2227 2286 2419 2344 12-14.
2453 2281 2626 2359 Super
2658 2305 2836 2345 omnes
2901 2287 3146 2345 inimicos
3210 2306 3352 2346 meos
3413 2292 3500 2361 Ιαο

1931 2387 2046 2433 ctus
2082 2393 2201 2433 sum
2242 2378 2576 2448 opprobrium
2605 2390 2654 2434 et
2681 2380 2863 2435 vicinis
2906 2381 3033 2435 meis
3068 2379 3235 2446 valde,
3261 2391 3312 2436 et
3340 2382 3500 2438 timor

1933 2473 2070 2527 notis
2101 2471 2250 2524 meis.
2304 2471 2409 2537 Qui
2448 2471 2690 2526 uidebant
2720 2489 2820 2538 me,
2853 2472 2999 2542 foras
3032 2472 3278 2544 fugerunt
3321 2490 3355 2527 a
3379 2487 3497 2528 me:

1932 2565 2180 2619 oblivioni
2218 2564 2378 2618 datus
2409 2579 2526 2617 sum
2559 2573 2811 2634 tanquam
2837 2573 3075 2618 mortuus
3118 2581 3151 2618 a
3178 2563 3351 2621 corde.
3383 2563 3498 2620 Fa-
3579 2624 3583 2628 ,

1931 2667 2046 2712 ctus
2090 2672 2207 2711 sum
2250 2666 2502 2726 tanquam
2543 2671 2634 2709 uas
2677 2656 2961 2723 perditum.
3011 2653 3137 2710 Haec
3177 2654 3245 2711 ad
3282 2663 3496 2727 tempus

1930 2750 2203 2821 passionis
2237 2747 2540 2803 Salvatoris
2569 2749 2745 2805 nostri
2787 2747 3095 2811 referimus,
3130 2763 3249 2819 quae
3277 2748 3346 2804 ab
3376 2751 3497 2819 ipso

1930 2847 2296 2910 congruenter
2321 2836 2468 2893 dicta
2515 2837 2738 2901 fuerint,
2770 2836 2990 2909 quando
3018 2837 3225 2892 inimici
3264 2852 3499 2908 suspen-

1929 2949 2050 2988 sum
2082 2931 2328 2988 videntes
2360 2930 2664 2987 irridebant
2691 2945 2837 2995 eum,
2873 2928 3182 3000 opprobriis
3214 2928 3496 2986 incessen-

1930 3033 2042 3088 tes,
2089 3030 2149 3079 ut
2188 3025 2243 3079 in
2271 3022 2582 3094 Evangeliis
2629 3023 2891 3093 scriptum
2934 3030 3018 3079 est
3053 3040 3068 3075 :
3111 3036 3175 3078 ac
3205 3020 3318 3076 uoti
3350 3019 3493 3091 ejus,

1930 3116 2184 3187 discipuli
2216 3128 2270 3172 et
2300 3116 2482 3184 amici,
2513 3123 2658 3171 metu
2709 3115 2946 3185 correpti
2992 3114 3339 3180 recedebant,
3372 3114 3496 3185 ipso

240 3207 372 3264 ρουν
419 3191 837 3257 καταλείποντες
874 3194 1033 3249 αὑτόν
1054 3213 1068 3226 ·
1104 3196 1193 3250 ὅτε
1224 3198 1318 3251 καὶ
1366 3199 1394 3250 ὁ
1436 3202 1822 3275 πρωτοστάτης

1927 3209 2150 3275 relicto;
2197 3207 2416 3279 quando
2476 3208 2524 3263 is
2577 3207 2671 3277 qui
2722 3206 3117 3276 discipulorum
3162 3204 3283 3275 ejus
3325 3204 3494 3260 choro

234 3282 333 3337 τοῦ
364 3283 530 3355 χοροῦ
568 3284 677 3339 τῶν
708 3285 873 3354 αὑτοῦ
896 3287 1153 3361 μαθητῶν
1178 3290 1408 3362 ἤρνηται
1433 3292 1594 3347 αὐτὸν
1619 3294 1817 3366 τρίτονι

236 3374 375 3431 Τότε
402 3376 461 3429 δὲ
482 3378 578 3431 καὶ
601 3378 883 3451 ἀπελήσθη
905 3380 1038 3435 ὡσεὶ
1064 3383 1255 3456 νεκρὸς
1274 3384 1383 3439 ἀπὸ
1404 3386 1632 3457 καρδίας
1647 3405 1660 3419 ⁸
1686 3387 1822 3443 ἀλλά

236 3466 333 3520 καὶ
378 3468 638 3543 ἐνομίσθη
684 3472 966 3541 γεγονέναι
996 3472 1072 3538 ὡς
1116 3474 1310 3541 σκεῦος
1342 3478 1639 3543 ἀπολωλός.
1673 3479 1820 3551 Πλὴν

238 3556 378 3612 ἀλλά
402 3560 501 3615 καὶ
533 3560 705 3615 ταῦτα
729 3563 822 3615 ἐπὶ
852 3564 943 3618 τὸν
970 3566 1027 3618 ὲν
1053 3564 1133 3636 τῷ
1158 3565 1359 3638 ψαλμῷ
1388 3566 1818 3640 ἐξομολογούμε-

238 3666 329 3704 νον
357 3651 739 3725 ἀναφερόμενα
760 3656 1203 3729 ὑπερϐάλλουσαν
1223 3660 1389 3715 αὑτοῦ
1416 3663 1710 3734 παρίστησι
1730 3663 1821 3716 κά-

240 3757 427 3797 κωσιν.
457 3741 614 3796 Οὕτω
665 3743 774 3816 γὰρ
798 3746 986 3800 ἑαυτὸν
1016 3746 1290 3819 ὲξέτηκεν,
1319 3749 1396 3813 ὡς
1419 3751 1687 3805 ἐκλείπειν
1720 3753 1819 3822 μὲν

239 3831 400 3886 αὑτοῦ
454 3834 511 3887 ὲν
556 3834 716 3907 ὀδύνῃ
750 3836 846 3908 τὴν
878 3835 1045 3910 ζωὴν,
1076 3840 1169 3893 καὶ
1218 3840 1312 3913 ἐτη
1362 3843 1420 3895 έν
1471 3846 1815 3914 στεναγμοῖς,

241 3922 531 3995 ἀσθενῆσαι
559 3925 616 3979 δὲ
647 3928 704 3980 ὲν
729 3928 970 4002 πτωχείᾳ
997 3931 1094 4004 τὴν
1121 3934 1296 4003 ἰσχὺν,
1318 3935 1413 3987 καὶ
1441 3934 1509 3987 τὰ
1529 3936 1691 3989 ὀστέα
1716 3936 1817 4007 τῆς

238 4011 415 4086 ψυχῆς
463 4015 628 4070 αὑτοῦ
674 4020 1007 4092 ταραχθῆναι
1028 4038 1041 4051 °
1084 4024 1170 4093 ἐφ’
1199 4020 1280 4088 οἷς
1326 4025 1417 4079 καὶ
1464 4027 1687 4095 ἐγελᾶτο
1714 4027 1818 4080 ὑπὸ

236 4105 347 4160 τῶν
373 4107 602 4180 ἐχθρῶν,
633 4109 708 4174 ὡς
735 4112 856 4182 είκῆ
888 4114 982 4167 καὶ
1010 4115 1185 4187 μάτην
1218 4118 1410 4171 ἑαυτὸν
1437 4119 1815 4173 κατακόπτων.

238 4196 315 4250 υὺ
347 4197 505 4268 μόνον
526 4197 583 4250 δὲ
620 4199 768 4269 παρά
794 4203 911 4263 τοῖς
946 4201 1161 4274 ἐχθροῖς
1194 4206 1401 4272 ἐγίνετο
1432 4207 1652 4271 ὄνειδος,
1682 4207 1819 4261 ἀλλά

235 4289 336 4342 καὶ
368 4288 521 4360 παρά
544 4292 657 4352 τοῖς
683 4291 919 4358 γείτοσιν
948 4292 1112 4346 αὑτοῦ
1148 4297 1261 4357 τοῖς
1293 4295 1525 4365 μάλιστα
1552 4297 1714 4351 αὑτὸν
1743 4299 1819 4350 εἰ-

231 4378 371 4443 δόσι,
403 4378 495 4432 διά
524 4380 583 4433 τὸ
613 4378 841 4449 ἔγγιστα
876 4382 1062 4435 οἰκεῖν.
1113 4375 1271 4436 Οὗτοι
1299 4383 1427 4456 γὰρ,
1454 4384 1684 4458 ὁρῶντες
1716 4387 1817 4440 αὑ-

233 4468 328 4524 τὸν
361 4471 768 4543 κατατρύχοντα
793 4474 851 4528 ὲν
878 4477 943 4545 τῇ
974 4472 1110 4546 πρὸς
1131 4474 1223 4527 τὸν
1252 4474 1384 4528 Θεὸν
1417 4476 1815 4551 ἐξομολογήσει,

1920 3308 2181 3370 praterat,
2217 3307 2300 3354 ler
2331 3298 2510 3368 ipsum
2560 3297 2799 3369 negavit.
2844 3295 3000 3351 Tunc
3046 3311 3179 3351 sane
3224 3290 3491 3352 oblivion‘i

1920 3391 2082 3446 datus
2113 3400 2199 3446 est
2232 3400 2494 3462 tanquam
2548 3399 2800 3443 mortuus
2846 3402 2876 3441 a
2910 3385 3114 3451 corde;
3169 3387 3279 3442 imo
3324 3388 3493 3443 etlam

1919 3489 2181 3553 tanquam
2235 3496 2334 3537 vas
2387 3479 2660 3550 perditura
2724 3483 3009 3548 reputatus
3057 3484 3162 3531 est.
3222 3476 3492 3531 Caeterum

1918 3572 2033 3628 haec
2065 3573 2110 3628 si
2145 3572 2213 3626 ad
2244 3585 2370 3626 eum
2392 3570 2485 3641 qui
2520 3569 2574 3623 in
2601 3569 2812 3640 psalmo
2843 3568 3135 3623 confitetur
3165 3566 3492 3634 referantur,

1918 3673 2219 3720 extremam
2251 3664 2370 3733 ejus
2398 3662 2677 3718 miseriam
2715 3671 2769 3716 et
2794 3659 3140 3716 aﬂlietionem
3186 3658 3489 3717 declarant.

1918 3756 1998 3810 Ita
2029 3758 2172 3810 enim
2208 3770 2331 3810 sese
2363 3754 2679 3817 maceravit,
2708 3763 2769 3808 ut
2795 3752 3053 3808 deﬁceret
3082 3751 3139 3807 in
3164 3751 3353 3807 dolore
3376 3750 3490 3805 vita

1918 3847 2169 3915 eius,‘et
2216 3847 2342 3901 anni
2389 3846 2511 3915 ejus
2556 3846 2610 3900 in
2668 3844 2993 3916 gemitibus,
3041 3844 3218 3900 virtus
3261 3842 3382 3913 ejus
3429 3841 3489 3897 in

1920 3948 2234 4008 paupertate
2280 3937 2670 4001 infirmaretur,
2710 3944 2766 3992 et
2796 3952 2919 3993 ossa
2968 3938 3163 3990 anima:
3202 3933 3323 4006 ejus
3353 3949 3490 3990 con-

1920 4031 2302 4097 turbarentur;
2342 4045 2451 4100 qua
2498 4030 2554 4084 in
2596 4045 2655 4085 re
2720 4030 2791 4084 'ab
2820 4028 3055 4084 inimicis
3094 4042 3313 4098 quoque
3340 4027 3490 4083 deri-

1918 4124 2169 4186 debatur,
2198 4123 2358 4193 quasi
2401 4123 2454 4177 in
2476 4138 2677 4177 vanum
2707 4136 2771 4175 ac
2807 4120 3008 4176 frustra
3039 4136 3161 4177 sese
3202 4119 3483 4191 afﬂigeret.

1918 4214 2033 4269 Non
2065 4215 2226 4270 modo
2259 4224 2437 4269 autem
2467 4212 2707 4269 inimicis
2750 4212 2804 4266 in
2837 4212 3190 4283 opprobrium
3237 4209 3361 4275 fuit,
3388 4207 3485 4264 sed

1918 4306 2083 4361 etiam
2115 4307 2334 4373 vicinis,
2363 4307 2458 4378 qui
2485 4307 2632 4377 quod
2662 4304 2909 4375 proxime
2940 4305 3268 4368 habitarent,
3304 4303 3485 4376 ipsum

1919 4398 2087 4466 probe
2131 4406 2418 4453 noverant.
2480 4396 2589 4467 Ipsi
2632 4411 2868 4466 namque
2915 4394 3161 4449 videntes
3192 4394 3366 4457 ,illum
3426 4393 3483 4445 in

1920 4488 2265 4543 confessione
2315 4487 2383 4541 ad
2415 4486 2582 4542 Deum
2637 4487 2840 4541 emissa
2903 4498 3026 4539 sese
3085 4488 3475 4547 macerantem,

232 4560 545 4629 κατεγέλων
590 4563 753 4618 αὑτοῦ
804 4565 897 4619 καὶ
935 4564 1228 4631 ὠνείδιζον.
1260 4567 1322 4619 Oi
1353 4565 1410 4619 δὲ
1449 4568 1815 4640 προσήκοντες

1927 4577 2220 4632 irridebant
2264 4591 2390 4631 eum
2410 4583 2464 4631 et
2512 4575 2821 4646 opprobriis
2871 4572 3189 4628 onerabant.
3251 4571 3479 4646 Cognati

232 4654 385 4727 αὑτῷ
428 4659 710 4725 συγγενεῖς
751 4657 846 4711 καὶ
887 4656 1029 4726 φίλοι
1060 4658 1155 4712 καὶ
1182 4657 1494 4727 ἐφοϐοῦντο,
1527 4660 1602 4724 ὡς
1632 4678 1813 4733 μεμη-

232 4747 363 4801 νότα
409 4749 506 4801 καὶ
553 4748 652 4812 τάς
696 4750 896 4820 φρένας
942 4749 1269 4826 ἐξεστηκότα
1292 4768 1307 4782 ·
1342 4751 1481 4805 ὥστε
1509 4753 1809 4825 ἀναχωρεῖν

233 4839 329 4893 καὶ
352 4841 574 4910 φεύγειν
604 4841 660 4908 ἐξ
685 4841 870 4907 αὑτοῦ,
892 4842 1367 4910 ἀπογινώσκοντας
1390 4844 1555 4898 αὑτοῦ
1578 4846 1675 4917 τὴν
1701 4863 1808 4899 σω-

231 4931 450 5004 τηρίαν,
495 4931 666 5004 λήθην
696 4950 756 4986 τε
789 4933 951 4986 αὑτοῦ
986 4936 1256 4990 ποιεῖσθαι
1302 4934 1439 4992 ὡσεὶ
1478 4936 1572 4989 καὶ
1613 4936 1806 5008 νεκροῦ

226 5020 331 5096 ἠδη
363 5023 675 5096 γενομένου,
704 5025 801 5079 καὶ
828 5025 903 5089 ὡς
927 5027 1055 5098 περὶ⁹
1088 5026 1312 5093 σκεύους
1337 5027 1678 5093 ἀπολωλότος
1696 5028 1809 5082 δια-

232 5109 462 5164 κεῖσθαι.
496 5109 683 5165 Ταῦτα
734 5112 909 5166 πάντα
960 5114 1280 5170 πεπονθέναι
1332 5115 1588 5187 ἔφασκεν,
1619 5118 1809 5173 ἑαυτὸν

230 5202 416 5255 κακῶν
440 5200 822 5275 ἐξομολογήσει
850 5205 946 5258 καὶ
977 5208 1249 5280 μετανοίᾳ.
1269 5210 1405 5262 Ἀλλ’
1428 5210 1534 5263 οἵδε
1567 5210 1685 5281 μὲν,
1703 5228 1809 5282 φηο

232 5292 308 5358 σὶ,
340 5292 571 5348 τοιοῦτοι
595 5295 848 5364 γεγόνασι
877 5298 1005 5369 περὶ
1033 5297 1151 5369 ἐμέ.
1169 5299 1311 5369 Ἐγὼ
1342 5301 1399 5355 δὲ
1430 5303 1529 5356 οὐκ
1565 5304 1691 5358 ἄνευ
1720 5303 1810 5357 λό-

228 5401 327 5455 γου
353 5385 526 5451 οὕτως
540 5387 775 5458 ἐμαυτὸν
798 5385 952 5461 ἦγον,
976 5390 1088 5443 ἀλλ’
1106 5392 1402 5465 ἐπειδήπερ
1425 5395 1619 5466 ἢκουον
1645 5396 1811 5467 ψόγον

230 5477 439 5532 πολλῶν
470 5480 872 5552 παροικούντων
900 5483 1179 5547 κυκλόθεν,
1206 5485 1255 5537 oi
1276 5485 1395 5538 τότε
1431 5489 1803 5559 συναιρόμενοι

229 5565 324 5621 ἰπὶ
344 5568 405 5622 τὸ
427 5569 558 5623 αὐτὸ
580 5570 765 5625 λαϐεῖν
786 5571 884 5644 τὴν
903 5573 1081 5645 ψυχήν
1104 5591 1204 5645 μου
1226 5574 1580 5647 ὲνεθυμοῦντο
1598 5596 1611 5609 ·
1629 5580 1676 5632 οἱ
1696 5580 1803 5651 γὰρ

303 5749 352 5785 ’³
388 5750 549 5814 Joan.
583 5772 659 5813 vn
683 5796 697 5823 ,
728 5756 814 5812 38.

1916 4684 2044 4723 vero
2077 4675 2130 4723 et
2157 4668 2350 4733 amici,
2385 4666 2479 4738 qui
2504 4668 2684 4739 ipsum
2710 4666 3003 4723 convenire
3040 4665 3308 4731 solebant,
3334 4675 3480 4723 metu

1916 4758 2191 4829 perterriti
2223 4766 2400 4821 erant,
2441 4771 2505 4812 ac
2538 4757 2585 4813 si
2615 4773 2739 4812 eum
2794 4755 3159 4811 insanientem
3206 4771 3271 4811 ac
3301 4765 3483 4835 mente

1914 4850 2208 4905 alienatum
2250 4848 2556 4915 vidissent;
2594 4850 2666 4903 ita
2703 4859 2759 4903 ut
2791 4847 2861 4903 de
2903 4847 3079 4904 salute
3119 4848 3240 4918 ejus
3283 4848 3482 4920 despe‘

1915 4949 2101 4998 rantes
2132 4939 2454 4997 secederent
2495 4949 2550 4996 et
2579 4939 2899 5010 anfugerent
2921 4978 2936 5003 ,
2999 4939 3285 5010 ipsumque
3310 4939 3477 4995 veluti

1906 5033 2018 5105 jam
2068 5041 2341 5089 mortuum
2384 5033 2647 5089 oblivioni
2692 5032 2912 5097 darent,
2966 5046 3031 5086 ac
3078 5040 3336 5104 tanquam
3380 5047 3477 5088 vas

1908 5125 2179 5196 perditum
2205 5125 2491 5181 haberent.
2524 5124 2650 5180 Haec
2677 5125 2860 5180 omnia
2886 5139 3204 5195 perpessum
3235 5140 3294 5181 se
3322 5124 3477 5180 testi-

1912 5215 2105 5271 ﬁcatur
2128 5256 2142 5278 ,
2176 5217 2306 5271 dum
2339 5233 2399 5272 se
2434 5218 2489 5271 in
2524 5216 2868 5273 confessione
2899 5224 2954 5273 et
2981 5219 3297 5290 ptenitentia
3342 5216 3475 5273 stili-

1913 5315 2081 5378 geret.
2122 5304 2227 5361 Sed
2261 5306 2339 5361 illi
2370 5307 2612 5378 quidem,
2647 5307 2746 5372 ait,
2785 5307 2868 5364 sic
2906 5322 3035 5378 erga
3075 5323 3162 5363 me
3204 5322 3263 5363 se
3290 5320 3474 5375 gesse-

1913 5408 2060 5455 runt.
2098 5399 2210 5471 Ego
2238 5416 2368 5456 vero
2399 5416 2508 5456 non
2539 5401 2659 5457 sine
2688 5400 2922 5456 consilio
2952 5409 3006 5455 et
3034 5400 3242 5455 ratione
3275 5411 3362 5451 me
3391 5396 3474 5453 sic

1909 5506 2070 5563 agere
2091 5492 2347 5563 putabam
2378 5508 2391 5544 :
2422 5492 2519 5549 sed
2545 5492 2673 5563 quia
2705 5492 2988 5561 audiebam
3019 5485 3471 5559 vituperationem

1908 5585 2213 5660 multorum,
2231 5585 2686 5643 commorantium
2721 5584 2777 5640 in
2806 5583 3062 5647 circuitu,
3086 5578 3176 5651 qui
3205 5585 3334 5632 tunc
3362 5588 3472 5632 una
