3980 6214
504 360 604 419 ΞΠ

1190 350 1457 407 ECSEBH
1493 344 1971 405 CESARIENSIS
2006 343 2157 401 OPP.
2195 340 2376 399 PARS
2410 339 2498 396 111.
2527 368 2598 381 ——
2629 336 3027 392 EXEGE’I'ICA.

3627 332 3741 385 272

511 476 903 535 conveniebant
946 487 1011 528 eo
1040 469 1289 534 consilio,
1320 479 1379 525 ut
1406 469 1641 524 animam
1696 482 1871 522 meam
1926 466 2071 520 acci-

2200 464 2393 534 ,φανεῖς
2440 458 2534 512 καὶ
2579 456 2800 526 ἀόρατοι
2846 449 3047 523 ἐχθροὶ,
3086 442 3468 535 περιπεσόντος
3514 456 3620 535 μου
3667 441 3738 511 τῇ

512 577 730 643 perent;
780 578 904 621 nam
942 565 1143 621 occuiti
1189 570 1243 619 et
1282 559 1583 617 invisibiles
1628 560 1855 621 inimici,
1897 573 1981 613 me
2012 556 2068 611 in

497 670 794 735 peccatum
824 659 1070 730 lapso.iu
1112 673 1279 712 unum
1326 654 1641 726 congregati
1686 661 1814 709 sunt
1858 660 1918 706 ut
1951 650 2077 705 ani;

513 770 655 811 mam
699 766 874 807 meam
908 757 1201 818 raperent;
1250 748 1372 803 illeo
1421 759 1610 802 eorum
1659 743 1890 800 insidias
1941 742 2071 798 sub-

503 845 793 908 edoratus,
823 842 926 896 tale
959 840 1026 895 dc
1057 854 1141 894 me
1176 838 1501 909 supplicium
1537 834 1786 905 sumpsi;
1823 833 2072 904 cogitans

510 951 646 991 num
696 934 835 989 forte
866 931 1024 996 Deus,
1073 939 1363 1001 consmcta
1410 927 1724 999 huiusmodi
1771 925 2074 996 abjeetione

514 1043 656 1091 mea,
685 1022 1057 1081 misericordia
1085 1029 1265 1076 motus
1295 1035 1380 1075 me
1408 1019 1741 1076 liberaturus
1766 1025 1931 1073 esset.

585 1114 751 1173 Vens.
783 1110 869 1179 i5,
896 1113 983 1168 16.
1030 1111 1139 1183 Ego
1173 1120 1347 1165 autem
1390 1111 1447 1163 in
1489 1118 1536 1164 te
1567 1108 1791 1178 speravi,
1830 1106 2077 1170 Domine;

519 1210 630 1266 dixi
651 1230 669 1268 :
694 1210 832 1264 Deus
866 1224 1007 1261 meus
1040 1222 1094 1259 es
1127 1214 1203 1268 tu,
1239 1205 1293 1258 in
1322 1202 1563 1257 manibus
1604 1202 1708 1256 tuis
1738 1211 1903 1255 sortes
1927 1215 2073 1254 metu.

520 1302 645 1359 limc
679 1299 932 1361 inimicis,
968 1296 1163 1366 inquit,
1196 1303 1385 1349 contra
1418 1309 1504 1349 me
1535 1291 1907 1355 molientibus,
1936 1291 1990 1346 in
2023 1297 2079 1345 te

519 1391 1024 1466 speravi,Domine;
1057 1388 1294 1458 dixique,
1326 1394 1379 1441 te
1411 1386 1587 1442 solum
1611 1384 1742 1440 mihi
1775 1384 2079 1454 adiutorem

520 1482 764 1541 sufﬁcere
794 1501 807 1536 :
838 1496 984 1543 nam,
1016 1479 1156 1532 Deus
1204 1494 1345 1532 meus
1379 1493 1433 1532 es
1481 1485 1559 1541 tu,
1598 1475 1653 1531 in
1683 1477 1932 1532 manibus
1975 1479 2079 1533 tuis

522 1588 687 1629 sortes
711 1589 855 1627 mem.
871 1571 977 1624 Pro
1003 1584 1110 1640 quo
1131 1576 1246 1622 tum
1263 1567 1525 1623 liebraica
1549 1568 1731 1632 lectio,
1749 1577 1861 1623 tum
1887 1569 2081 1640 reliqui

522 1666 870 1734 interpretes.
903 1672 1134 1731 tempora
1180 1675 1313 1720 mea,
1333 1658 1640 1715 ediderunt.
1688 1655 1912 1715 Etiamsi
1937 1661 2081 1715 enim

522 1757 726 1815 inimici
760 1756 872 1826 jam
911 1753 1147 1809 maxime
1178 1752 1389 1808 viribus
1423 1752 1659 1817 valeant,
1706 1752 1863 1823 quasi
1894 1752 2085 1808 adver-

2173 531 2433 627 ἁμαρτίᾳ,
2463 549 2851 604 συνετάσσοντο
2895 541 3031 613 πρὸς
3076 538 3356 610 ἀλλήλους,
3581 531 3743 627 διαρ-

2175 622 2399 701 πάσωσιν
2430 642 2529 715 τὴν
2578 639 2715 711 ἐμὴν
2767 637 2966 708 ψυχήν.
3017 632 3215 701 Διόπερ
3241 626 3371 697 ἐγὼ,
3402 626 3503 696 τῆς
3537 622 3744 715 τούτων

2175 734 2460 806 ἐπιϐουλῆς
2488 712 2922 800 συναισθόμενος,
2945 725 3011 795 τῇ
3039 720 3277 792 τοσαύτῃ
3300 715 3534 806 ἐμαυτὸν
3561 712 3747 806 ἐπεδί-

2175 827 2296 881 δουν
2332 800 2590 895 τιμωρίᾳ,
2619 817 2673 871 εί
2708 833 2823 880 πως
2852 815 2957 886 ἀρα
2994 815 3022 865 ὁ
3050 808 3180 873 Θεὸς
3212 806 3302 862 διὰ
3339 804 3437 876 τὴν
3477 800 3750 895 τοσαύτην

2181 934 2282 989 μου
2323 894 2645 969 ταπείνωσιν
2696 905 2934 978 ἐλεήσειέ
2981 920 3048 975 με
3101 901 3196 955 καὶ
3243 898 3465 970 ῥύσαιτο
3507 894 3605 965 τῆς
3635 894 3749 948 τῶν

2179 1005 2388 1080 ἐχθρῶν
2416 1002 2723 1074 ἐπιϐουλῆς.

2263 1073 2401 1168 ’ἐγὼ
2431 1094 2499 1149 δὲ
2530 1093 2628 1147 ἐπὶ
2666 1073 2769 1146 erat
2800 1090 3055 1159 ἤλπισα,
3080 1086 3255 1153 Κύριε
3274 1098 3288 1113 ’
3329 1081 3497 1136 εϊπα·
3524 1078 3606 1135 Σὺ
3630 1073 3689 1131 εἴ
3714 1077 3748 1131 d

2183 1189 2328 1256 Θεός
2346 1205 2487 1259 μου,
2515 1186 2586 1240 ἐν
2612 1184 2740 1249 ταῖς
2763 1182 2938 1253 χερσί
2955 1194 3070 1234 σου
3097 1181 3152 1232 οὶ
3176 1175 3390 1245 κλῆροι
3407 1191 3547 1245 μου.
3563 1172 3750 1225 Ταῦτα

2180 1283 2287 1335 τῶν
2313 1278 2523 1353 ἐχθρῶν
2557 1294 2680 1348 μου,
2706 1276 2858 1347 φησὶ,
2892 1270 3286 1344 βουλευομένων
3317 1268 3436 1323 κατ’
3475 1265 3634 1337 ἐμοῦ,
3656 1264 3751 1319 ἐπὶ

2184 1368 2243 1425 σέ
2276 1372 2496 1443 ἧλπισα,
2528 1366 2698 1440 Κύριε
2714 1381 2732 1399 ’
2774 1362 2955 1432 ἔλεγόν
2996 1362 3057 1415 τέ
3105 1376 3165 1412 σε
3217 1358 3375 1429 μόνον
3419 1354 3610 1427 βοηθόν
3658 1370 3751 1424 μοι.

2183 1465 2482 1536 ἀπαρκεῖν·
2517 1461 2659 1525 Θεὸς
2691 1456 2805 1525 γάρ
2839 1472 2956 1525 μου
2978 1450 3038 1507 εἷ
3054 1452 3158 1514 σὺ,
3180 1451 3250 1504 ἐν
3274 1448 3401 1515 ταῖς
3429 1448 3604 1517 χερσί
3633 1463 3751 1536 σου

2185 1559 2239 1609 οἱ
2268 1552 2481 1623 κλῆροι
2500 1568 2619 1621 μου
2638 1567 2652 1581 ·
2695 1547 2812 1604 ἀνθ’
2837 1538 2922 1609 οὗ,
2952 1547 3006 1598 οἱ
3037 1541 3228 1609 καιροί
3254 1556 3395 1609 μου,
3420 1539 3455 1607 ἡ
3491 1535 3752 1609 Ἐϐραῖκὴ

2186 1648 2489 1717 ἀνάγνωσις
2526 1644 2619 1697 καὶ⁸
2646 1644 2696 1696 οἱ
2724 1639 2899 1695 λοιποὶ
2926 1631 3255 1709 ἐρμηνευταὶ
3279 1629 3656 1686 ἐκδεδώκασιν.
3690 1629 3755 1680 Et

2186 1741 2296 1812 γὰρ
2345 1738 2438 1793 καί
2483 1734 2550 1789 τὰ
2606 1734 2839 1807 μάλιστα
2879 1730 2974 1784 νῦν
3021 1730 3069 1783 οἱ
3116 1727 3299 1799 ἐχθροὶ
3351 1722 3751 1794 κατισχύουσιν,

524 1864 646 1904 sum
692 1812 779 1902 me
809 1847 953 1900 nacti
988 1851 1351 1914 opportunum
1394 1812 1655 1913 tempus;
1690 1812 1746 1896 at
1785 1841 1915 1897 mihi
1946 1849 2084 1898 tem-

2200 1831 2372 1902 ὒσπερ
2397 1827 2586 1900 καιρὸν
2612 1826 2824 1897 ἔχοντες
2852 1824 2968 1877 κατ’
2998 1819 3155 1892 ἐμοῦ,
3187 1817 3301 1872 ἀλλ’
3336 1819 3386 1870 οἱ
3416 1815 3541 1886 ἐμοὶ
3576 1812 3757 1885 καιροὶ

522 1954 655 2013 pora
703 1953 821 1993 mea
872 1937 929 1993 in
973 1935 1223 1991 manibus
1274 1932 1387 1990 tuis
1431 1940 1712 1990 reservata
1770 1941 1942 1989 sunt:
1974 1947 2085 2004 quo

524 2039 768 2100 tempore
830 2034 1007 2085 sortes
1057 2039 1208 2082 meas
1265 2039 1433 2096 penes
1491 2032 1547 2080 te
1605 2024 1876 2096 repositas
1927 2023 2080 2079 novi.

525 2121 886 2188 Quamobrem
912 2119 1038 2190 jure
1068 2118 1322 2190 supplico
1354 2116 1699 2188 postuloque,
1735 2132 1820 2172 me
1863 2115 1918 2170 in
1949 2130 2087 2186 prai-

529 2212 670 2267 seuti
728 2212 796 2267 ab
850 2211 1090 2265 inimicis
1141 2218 1195 2266 et
1250 2222 1281 2263 a
1324 2207 1773 2280 persequentibus
1819 2218 1907 2262 me
1954 2205 2088 2261 libe-

528 2316 589 2358 ra
598 2319 662 2357 ΙΊ.

615 2390 778 2448 Vens.
858 2388 1048 2445 17-19.
1123 2384 1349 2444 Iilustra
1424 2385 1613 2457 faciem
1694 2394 1838 2439 tuam
1929 2392 2088 2453 super

528 2500 733 2541 seruum
763 2491 930 2550 tuum,
960 2481 1164 2537 salvum
1197 2497 1279 2536 me
1320 2480 1409 2551 [ac
1452 2478 1506 2533 in
1548 2476 1913 2533 misericordia
1961 2485 2088 2529 tua:

531 2576 791 2640 Domine,
853 2591 958 2630 non
1004 2572 1343 2645 confundor,
1416 2571 1669 2644 quoniam
1725 2570 1960 2625 invocavi
2017 2577 2085 2623 te.

530 2667 995 2738 Quemadmodum
1032 2668 1248 2723 oriente
1286 2666 1402 2723 sole
1436 2665 1676 2722 tenebrat
1712 2662 2089 2733 dissipantur,

531 2763 636 2820 sub
668 2774 814 2819 terra
862 2761 1152 2824 absconso,
1200 2757 1382 2814 omnia
1415 2772 1525 2812 nox
1561 2761 1823 2824 occupat,
1853 2760 2095 2822 tuncque

530 2869 597 2908 ex
627 2850 866 2906 latibulis
906 2849 1022 2906 suis
1062 2848 1338 2920 prodeunt
1382 2847 1511 2903 fere
1547 2852 1824 2916 agrestes,
1878 2842 2093 2913 virique

531 2943 767 3015 operarii
817 2938 1156 3011 iniquitatis;
1211 2939 1320 3004 ita,
1370 2937 1480 2994 Deo
1529 2949 1742 3000 averso,
1804 2934 2095 3004 insurgunt

534 3035 728 3088 animae
754 3032 970 3095 hostes,
1001 3030 1284 3100 ipsamque
1329 3026 1731 3083 incursionibus
1771 3024 2093 3089 molestant;

534 3125 655 3193 ipso
703 3128 881 3177 autem
919 3119 1147 3176 Deitatis
1188 3132 1302 3175 sua:
1350 3118 1533 3172 lumen
1582 3118 1894 3181 emittente,
1948 3111 2094 3184 quod

2184 1919 2586 1993 πεφυλαγμένοι
2631 1918 2764 1970 εἰσὶν
2787 1918 2845 1969 ἐν
2879 1917 2999 1977 ταῖς
3036 1914 3155 1974 σαῖς
3184 1909 3371 1981 χερσίν
3392 1925 3405 1939 ³
3436 1909 3495 1960 ἐν
3521 1904 3604 1970 οἷς
3633 1921 3756 1958 και-

2187 2019 2303 2089 ροῖς
2328 2013 2422 2068 καὶ
2448 2011 2572 2074 τοὺς
2597 2006 2831 2080 ἐμαυτοῦ
2862 2000 3099 2089 κλήρους
3127 1998 3243 2056 οἶδα
3272 1998 3421 2073 παρά
3454 1999 3536 2052 σοὶ
3558 1997 3760 2067 φυλάτ-

2186 2106 2391 2160 τεσθαι.
2421 2103 2512 2157 Διὸ
2536 2100 2759 2165 εἰκότως
2795 2088 3020 2152 ἱκετεύω
3066 2094 3159 2148 καὶ
3192 2093 3379 2162 δέομαι
3408 2089 3502 2143 ἐπὶ
3529 2088 3626 2142 τοῦ
3657 2106 3758 2141 πα-

2190 2198 2370 2271 ρόντος
2390 2194 2645 2268 ῥυσθῆναι
2661 2193 2725 2245 ἐκ
2747 2190 2855 2243 τῶν
2876 2185 3083 2259 ἐχθρῶν
3113 2202 3212 2256 μου
3244 2182 3340 2236 καὶ
3367 2183 3431 2234 ἐκ
3454 2179 3561 2235 τῶν
3593 2194 3760 2233 κατα-

2186 2290 2491 2344 διωκόντων
2519 2301 2605 2357 με.

2272 2378 2591 2447 Ἐπίφανον
2624 2373 2690 2428 τὸ
2736 2371 3061 2441 πρόσωπόν
3092 2385 3207 2424 σου
3251 2367 3349 2421 ἐπὶ
3396 2366 3504 2420 τὸν
3536 2363 3762 2419 δοῦλόν

2189 2486 2304 2525 σου
2368 2466 2575 2523 σῶσόν
2616 2480 2694 2534 με
2728 2463 2798 2517 ἐν
2838 2461 2991 2515 ἐλέει
3025 2475 3142 2515 σου
3163 2475 3177 2489 ο
3212 2461 3409 2528 Κύριε,
3436 2457 3521 2527 μὴ
3565 2471 3761 2510 καται-

2190 2559 2550 2631 σχυνθείην,
2601 2558 2690 2611 ὅτι
2730 2550 3191 2631 earschde
3235 2567 3328 2605 σε.
3357 2549 3564 2620 Ὥσπερ
3613 2546 3763 2619 ἡλίου

2191 2628 2568 2714 ἀνατείλαντος
2599 2644 2784 2702 λύεται
2832 2628 2912 2700 το
2940 2646 3129 2707 σκότος
3147 2660 3161 2675 ·
3193 2643 3298 2697 ὑπὸ
3325 2642 3427 2712 γῆν
3452 2642 3509 2695 δὲ
3535 2636 3762 2710 γενομέ-

2191 2766 2305 2813 νου,
2338 2747 2434 2813 νὺξ
2469 2743 2821 2816 διαλαμϐάνει
2853 2741 2915 2795 τὸ
2947 2742 3086 2795 πᾶν
3119 2728 3343 2809 προῖασί
3371 2752 3430 2789 τε
3455 2736 3515 2787 ἐκ
3539 2732 3647 2785 τῶν
3681 2732 3764 2785 οι-

2193 2838 2357 2895 κείων
2384 2831 2734 2892 καταδύσεων
2769 2835 2935 2906 θῆρες
2969 2832 3151 2903 ἄγριοι
3184 2830 3276 2883 καὶ
3308 2827 3493 2898 ἄνδρες
3522 2838 3765 2894 κακουρ-

2192 2930 2315 3000 γίας
2346 2929 2572 3002 ἐργάται
2592 2943 2607 2959 υ
2633 2928 2824 2991 οὓτως,
2856 2920 3327 2993 ἀποστρεφομένου
3361 2917 3460 2989 μὲν
3492 2915 3584 2970 τοῦ
3608 2913 3763 2976 Θεοῦ,

2194 3023 2242 3075 ot
2269 3022 2367 3093 τῆς
2392 3019 2571 3091 ψυχῆς
2597 3016 2780 3089 ἐχθροὶ
2814 3012 3199 3070 ἐπανίστανται
3226 3010 3319 3063 καὶ
3347 3006 3769 3077 κατατρέχουσιν

2195 3112 2393 3184 αύτῆςθ
2420 3109 2822 3182 ἐπιλάμψαντος
2846 3107 2903 3161 δὲ
2924 3102 3088 3160 αὐτοῦ
3110 3103 3170 3157 τὸ
3191 3100 3305 3172 φῶς
3333 3100 3431 3171 τῆς
3459 3097 3626 3153 αὑτοῦ
3651 3095 3767 3150 θεο-

534 3215 744 3268 vuttum
767 3212 862 3268 Dei
884 3210 1167 3283 Scriptura
1195 3224 1391 3266 vocare
1433 3209 1736 3275 consuevit,
1771 3215 1904 3263 tunc
1937 3220 2095 3262 aver-

2200 3176 2376 3276 τητος,
2404 3205 2542 3275 ὅπερ
2567 3176 2853 3275 πρόσωπον
2870 3196 3004 3250 Θεοῦ
3033 3194 3321 3266 ὀνομάζειν
3342 3189 3532 3244 εἴωθεν
3558 3191 3591 3261 ὴ
3623 3188 3767 3260 Γραν-

536 3316 729 3361 tuetur
750 3313 805 3361 et
833 3304 1014 3377 fugam
1062 3302 1271 3359 faciunt
1298 3316 1490 3358 omnes
1521 3302 1615 3371 qui
1648 3301 1825 3356 amica
1856 3298 2099 3355 tenebris

539 3411 703 3467 opera
733 3402 1069 3468 perpetrant,
1106 3407 1169 3448 ac
1198 3392 1459 3463 quidquid
1488 3390 1600 3447 Deo
1644 3391 1982 3446 contrarium
2014 3396 2100 3446 est

542 3488 862 3560 dissipatur.
912 3485 1094 3552 Quare
1129 3500 1222 3555 qut
1266 3486 1445 3556 primo
1476 3482 1839 3540 conﬁtebatur
1876 3483 2099 3539 dicens:

546 3577 771 3634 lilustra
810 3577 1017 3647 faciem
1070 3587 1217 3630 tuam
1271 3591 1429 3645 super
1481 3591 1686 3630 servum
1752 3581 1943 3640 tuam,
1989 3571 2104 3643 jam

546 3684 791 3733 rursum,
823 3667 941 3722 Non
966 3676 1189 3738 propter
1232 3681 1397 3739 opera
1442 3681 1584 3731 mea,
1622 3664 1822 3736 inquit,
1847 3663 1941 3722 sed
1978 3678 2106 3736 pro-

542 3771 666 3829 pter
709 3757 1140 3815 misericordiam
1184 3769 1331 3813 tuam
1366 3758 1595 3813 salutem
1652 3756 1899 3814 nancisci
1948 3768 2103 3826 rogo;

548 3860 709 3922 atque
759 3849 952 3903 iterum
986 3867 1002 3902 :
1035 3847 1302 3913 Quoniam
1357 3854 1411 3901 te
1462 3847 1741 3910 invocavi,
1790 3846 1989 3916 inquit,
2036 3860 2107 3899 ne

550 3940 855 3996 confundar
882 3938 1010 4009 quia
1042 3937 1256 4007 speravi
1291 3935 1344 3990 in
1372 3944 1445 3991 te.
1474 3935 1686 3991 Etenim
1716 3937 1901 4006 impiis
1929 3936 2022 4005 qui
2057 3944 2109 3990 te

550 4032 719 4087 Deum
752 4045 859 4085 non
891 4037 1099 4085 norunt
1115 4028 1464 4099 opprobrium
1491 4027 1739 4082 debetur.
1771 4027 2110 4096 QuaprOpter

550 4125 645 4187 ait,
668 4122 990 4177 Erubescant
1022 4122 1169 4189 impii
1200 4132 1248 4175 et
1276 4119 1604 4173 deducantur
1626 4121 1679 4172 in
1702 4119 1996 4188 infernum;
2026 4118 2111 4173 vel

549 4214 847 4272 secundum
886 4214 1134 4284 Aquilam
1183 4220 1238 4266 et
1278 4209 1681 4282 Symmachum,
1714 4210 1918 4265 Sileant
1946 4210 1999 4263 in
2028 4210 2112 4262 in-

551 4310 718 4379 ferno.
756 4305 821 4360 Et
849 4306 960 4377 jam
983 4304 1202 4376 quidem
1233 4303 1312 4358 illi
1344 4302 1640 4373 loquuntur
1671 4302 1841 4355 multa
1873 4300 2023 4368 ausi;
2056 4308 2113 4355 at

548 4414 674 4454 cum
718 4398 773 4452 in
801 4403 1187 4467 congruentem
1240 4395 1347 4451 sibi
1392 4394 1573 4448 locum
1620 4393 1834 4449 deducti
1888 4392 2109 4459 fuerint,

2199 3296 2295 3368 φὴ,
2327 3288 2726 3367 ἀποτρέπονται
2755 3292 2852 3363 μὲν
2874 3286 3366 3356 καὶιάποφεύγουσι
3399 3282 3599 3345 πάντες
3622 3280 3671 3333 οί
3700 3279 3774 3332 τὰ

2201 3367 2332 3459 φίλα
2356 3385 2450 3440 τοῦ
2480 3383 2703 3447 σκότους
2738 3379 2875 3454 ἔργα
2918 3376 3389 3451 διαπραττόμενοι,
3412 3370 3687 3427 διαλύεται
3711 3367 3772 3423 δὲ

2201 3482 2311 3535 πᾶν
2339 3478 2399 3533 τὸ
2427 3476 2668 3532 ἐναντίον
2696 3474 2774 3545 τῷ
2804 3471 2943 3543 Θεῷ.
2973 3471 3062 3524 Διδ
3096 3467 3452 3541 παρακαλεἶὸ
3481 3465 3550 3519 τὰ
3579 3463 3776 3535 πρῶτα

2203 3567 2732 3641 ἐξομολογησάμενος
2765 3565 3019 3634 φάσκων·
3068 3560 3399 3628 Ἐπίφανον
3439 3555 3507 3609 τὸ
3582 3554 3775 3622 πρόσω

2203 3661 2368 3715 ωπόν
2389 3672 2505 3712 σου
2535 3660 2621 3723 είς
2647 3658 2756 3710 τὸν
2779 3654 3001 3709 δοῦλόν
3041 3667 3185 3706 σου·
3237 3650 3327 3705 καὶ
3360 3647 3548 3703 πάλιν·
3586 3646 3661 3701 Οὐ
3686 3644 3779 3700 διὰ

2203 3761 2302 3817 τάς
2331 3750 2470 3820 ἐμὰς
2502 3749 2749 3821 πράξεις,
2781 3748 2939 3819 φησι,
2961 3744 3050 3799 διὰ
3091 3745 3149 3798 δὲ
3179 3743 3240 3797 τὸ
3274 3742 3366 3796 σὸν
3400 3741 3547 3804 ἕλεος
3596 3737 3778 3809 σωθῆ-

2205 3861 2294 3897 ναι
2328 3842 2497 3908 ἀξιῶν
2549 3841 2644 3895 καὶ
2691 3836 2879 3903 αὖθις·
2921 3836 3072 3891 Ἐπεὶ
3115 3835 3174 3889 δὲ
3227 3852 3286 3888 σε
3336 3830 3776 3901 ὲπεκαλεσάμην,

2208 3936 2362 4005 φησι,
2394 3933 2468 4005 μὴ
2515 3930 2982 4002 καταισχυνθείην,
3016 3929 3096 3982 ὅτι
3134 3928 3230 3981 ἐπὶ⁹
3274 3928 3356 3981 σοὶ
3398 3925 3618 3996 ἧλπισα.
3652 3920 3779 3984 Τάς

2211 4024 2309 4095 μὲν
2338 4022 2445 4094 γὰρ
2478 4019 2717 4087 ἀσεϐέσι,
2743 4022 2856 4083 τοῖς
2882 4020 2940 4072 σὲ
2970 4018 3060 4072 τὸν
3089 4017 3221 4072 Θεὸν
3243 4017 3342 4071 οὐκ
3369 4012 3780 4084 ἐπισταμένοις,

2211 4113 2437 4184 αἰσχύνη
2484 4111 2681 4182 πρέπει
2705 4128 2719 4142 °
2767 4109 2846 4163 διό
2894 4126 3056 4180 φησιν
3081 4126 3094 4138 ·
3123 4106 3610 4177 Αἱσχυνθείησαν
3636 4104 3781 4157 dae-

2211 4204 2333 4271 ὄεῖς
2359 4203 2454 4256 καὶ
2483 4201 2924 4271 καταχθειησαν
2948 4201 3033 4265 εις
3059 4198 3206 4266 ᾅδου
3223 4214 3239 4230 ε
3268 4196 3302 4268 ἢ
3337 4194 3477 4249 κατὰ
3498 4195 3589 4249 τὸν
3620 4192 3783 4247 Ἀκί-

2212 4294 2311 4348 λαν
2332 4296 2426 4348 καὶ
2451 4295 2539 4347 τὸν
2569 4293 2859 4363 Σύμμαχον
2879 4309 2892 4321 ·
2927 4290 3328 4344 Σιωπάτωσαν
3355 4292 3443 4354 εὶς
3472 4287 3647 4355 ᾅδην.
3667 4287 3788 4340 Νῦν

2222 4385 2323 4456 μὲν
2349 4383 2457 4456 γάρ
2486 4381 2704 4435 λαλοῦσι
2745 4378 2914 4433 πολλὰ
2946 4377 3280 4449 τολμῶντες’
3315 4375 3534 4442 ἐπειδὰν
3577 4375 3636 4428 δὲ
3680 4391 3785 4428 κα·-

549 4500 680 4545 tunc
730 4466 1053 4561 arrogantia:
1111 4489 1271 4543 finem
1328 4485 1563 4553 facient,
1607 4494 1738 4541 tunc
1794 4486 1934 4540 labia
1987 4487 2079 4541 illa

2217 4475 2486 4546 ταχθῶσιν
2527 4476 2606 4538 είς
2646 4472 2707 4526 τὸ
2744 4469 3069 4541 κατάλληλον
3094 4468 3275 4531 αὐτοῖς
3302 4466 3516 4539 χωρίον,
3543 4466 3605 4519 τὸ
3634 4481 3786 4536 τηνι-

550 4598 670 4653 quae
697 4584 752 4636 in
783 4582 1033 4653 praesenti
1065 4595 1186 4635 cum
1215 4578 1468 4648 superbia
1493 4588 1682 4634 contra
1706 4578 1914 4649 justum
1938 4577 2095 4632 virun

2218 4568 2394 4622 καῦτα
2417 4566 2712 4620 παύσονται
2732 4566 2830 4635 τῆς
2853 4561 3218 4634 μεγαλαυχίας
3233 4580 3248 4594 ~
3271 4561 3392 4613 τότε
3418 4559 3474 4611 δέ
3501 4560 3595 4611 καὶ
3611 4556 3788 4612 άλαλα

552 4676 722 4729 multa
767 4674 1075 4744 proferunt,
1129 4678 1280 4725 muta
1324 4678 1519 4737 erunt;
1573 4679 1705 4727 tunc
1743 4669 1811 4726 de
1838 4670 2114 4742 justorum

554 4765 834 4820 hominum
867 4764 1120 4834 despectu
1155 4762 1289 4815 ultio
1322 4771 1587 4817 sumetur.

627 5025 792 5083 νεεδ.
821 5024 914 5090 εο,
944 5024 1035 5079 21.
1063 5024 1234 5091 Quum
1266 5040 1458 5095 magna
1489 5021 1773 5077 multitudo
1817 5021 2111 5078 dulcedinis

557 5128 682 5186 tute,
712 5116 953 5181 Domine,
985 5131 1142 5187 quam
1170 5116 1493 5170 abscondisti
1524 5115 1822 5170 timentibus
1854 5115 1938 5169 te!
1988 5115 2115 5171 Per-

558 5210 728 5281 {ecisti
752 5209 826 5263 eis
860 5209 949 5278 qui
981 5215 1194 5277 sperant
1219 5208 1274 5261 in
1297 5216 1343 5261 te
1372 5207 1426 5261 in
1453 5217 1729 5275 conspectu
1756 5207 1988 5276 ﬁliorum
2019 5208 2113 5262 lio-

558 5308 777 5363 aninum.
813 5300 1111 5357 Abscondes
1157 5317 1244 5355 eos
1294 5300 1349 5353 in
1399 5299 1703 5355 abscondito
1737 5299 1892 5369 [aciei
1934 5310 2039 5355 tua:
2079 5318 2114 5355 a

564 5395 962 5452 conturbatione
992 5393 1281 5448 hominum.
1337 5391 1585 5463 Proteges
1625 5408 1712 5446 eos
1763 5392 1820 5445 in
1868 5390 2115 5446 taberna-

559 5489 735 5543 cutoa
770 5484 1184 5542 contradictione
1233 5483 1559 5554 linguarum.
1617 5480 1832 5546 lsthaec,
1878 5481 1975 5546 ait,
2016 5479 2115 5537 de-

563 5587 814 5650 precatus
848 5593 991 5641 sum,
1031 5585 1090 5632 ut
1117 5576 1360 5632 illustres
1394 5573 1588 5630 faciem
1616 5583 1763 5629 tuam
1796 5588 1961 5643 super
1994 5589 2114 5629 ser—

563 5686 693 5725 vum
747 5679 923 5736 tuum,
973 5677 1025 5725 et
1072 5676 1133 5723 ut
1180 5668 1409 5725 salutem
1445 5663 1818 5722 misericordia
1850 5672 1945 5719 tua
1985 5680 2120 5719 nan-

568 5762 764 5826 cisear,
787 5769 843 5819 et
872 5777 941 5819 uc
969 5762 1274 5820 confundar
1296 5759 1557 5831 quoniam
1592 5758 1836 5814 invocavi
1881 5767 1953 5824 te,
1979 5772 2113 5813 eon-

2215 4660 2503 4730 γενήσεται
2541 4656 2613 4711 τὰ
2642 4657 2735 4710 ἐπὶ
2771 4655 2864 4709 τοῦ
2891 4654 3154 4725 παρόντος
3187 4650 3355 4707 πολλά
3398 4649 3537 4704 κατά
3577 4647 3674 4701 τοῦ
3700 4647 3785 4701 δι-

2216 4749 2370 4803 καίου
2417 4747 2758 4817 φθεγγόμενα
2790 4745 2942 4816 χείλη
2977 4743 3091 4814 μεθ’
3121 4741 3521 4814 νέδπερηφανίοις⁸
3560 4738 3684 4792 τότε
3728 4737 3792 4792 δέ

2219 4844 2315 4898 καὶ
2342 4840 2756 4912 ἐκδικηθήσεται
2785 4838 2933 4890 πᾶσα
2961 4838 2995 4907 ἡ
3025 4834 3165 4889 κατὰ
3199 4833 3306 4887 τῶν
3330 4832 3546 4886 δικαίων
3576 4829 3794 4897 ἐξουδέ-

2215 4951 2394 4998 νωσις.

2298 5024 2390 5089 Ὡς
2414 5020 2571 5075 πολὺ
2605 5018 2669 5073 τὸ
2698 5017 2930 5086 πλῆθος
2953 5015 3061 5086 τῆς
3088 5016 3497 5086 χρηστότητός
3518 5028 3656 5081 σου,
3672 5014 3795 5068 Κύ-

2209 5132 2324 5185 ριε,
2344 5111 2418 5184 ἧς
2448 5115 2717 5181 ἔκρυψας
2740 5111 2862 5177 τοῖς
2884 5109 3274 5180 φοϐουμένοις
3296 5107 3405 5162 as!
3432 5104 3797 5175 Ἐξειρτάσω

2216 5206 2340 5272 τοῖς
2371 5201 2717 5264 ἐλπίζουσιν
2755 5202 2852 5255 ἐπὶ
2898 5200 2972 5255 σὲ
2998 5200 3274 5255 ἐναντίον
3319 5197 3438 5253 τῶν
3467 5197 3615 5251 υἱῶν
3668 5196 3794 5251 τῶν

2220 5295 2564 5365 ἀνθρώπων.
2622 5292 3042 5361 Κατακρύψεις
3086 5291 3307 5355 αὐτοὺς
3346 5290 3416 5342 ἐν
3458 5288 3797 5357 ἀποκρύφῳ

2218 5388 2324 5443 τοῦ
2380 5385 2699 5456 προσάπτοι]
2764 5401 2879 5440 σου
2937 5383 3056 5438 ἀπὸ
3118 5381 3380 5452 ταραχῆς
3437 5380 3794 5449 ἀνθρώπων.

2220 5478 2550 5545 Σκεπάσεις
2602 5477 2821 5543 αὐτοὺς
2878 5476 2949 5530 ἐν
3002 5473 3217 5543 σκηνῇ,
3266 5472 3383 5529 ἀπὸ
3439 5473 3797 5542 ἀντιλογίας

2219 5568 2736 5641 γλωσσῶν.Ταῦτα,
2753 5568 2935 5638 φησὶν,
2956 5567 3221 5631 ἱκέτευσα,
3247 5563 3587 5634 ἐπιφάναιτὺ
3614 5563 3800 5637 πρόσ-

2225 5664 2370 5718 ωπόν
2401 5680 2492 5716 σου
2548 5663 2639 5714 ἐπὶ
2668 5661 2757 5715 τὸν
2792 5658 2975 5713 δοῦλόν
3003 5676 3117 5722 σου,
3150 5659 3243 5712 καὶ
3276 5657 3512 5727 σωθῆναι
3538 5654 3614 5726 τῷ
3649 5654 3800 5709 ἐλέει

2229 5773 2321 5810 σου
2347 5754 2420 5827 μὴ
2446 5752 2817 5823 καταισχῦναι,
2841 5753 2923 5808 ὅτι
2950 5750 3360 5820 ἐπεκώεσάμην
3382 5764 3465 5816 σε,
3487 5745 3800 5818 πεπασμό-
