3992 6216
244 374 350 431 275

1362 368 1871 444 ,COMMENTARIA
1907 367 1974 424 ΓΝ
2004 362 2346 422 PSALMOS.

3358 360 3465 421 ετι

244 510 353 558 νος,
375 490 452 557 ὡς
478 494 511 564 ἡ
542 488 608 562 σὴ
634 487 935 560 χρηστότης
960 486 1125 557 πολλή
1154 502 1233 549 τις
1257 486 1350 540 καὶ
1379 487 1579 555 άξατος
1604 483 1795 555 τυγχά-

1912 478 2045 534 ﬁsus
2081 475 2553 535 mansuetudinem
2606 482 2753 530 tuam
2784 489 3032 546 magnam
3062 481 3114 530 et
3143 469 3473 531 ineﬂ‘abilem

245 603 348 650 νει,
381 582 607 638 πλούτου
628 581 686 635 δὲ
709 580 868 650 γέμει
896 577 1110 632 πολλοῦ.
1133 578 1222 630 Διὸ
1248 578 1340 631 καὶ
1365 576 1513 648 παρὰ
1542 576 1619 648 τῷ
1647 577 1804 631 Ἀπο-

248 678 418 748 στόλῳ
449 675 661 745 εἴρηται
680 691 693 704 ο
732 673 800 727 Ἠ
837 668 941 724 τοῦ
972 669 1235 723 πλούτου
1265 666 1374 738 τῆς
1402 667 1807 737 χρηστότητος

242 767 429 825 αὑτοῦ
456 765 555 820 καὶ
593 763 701 833 τῆς
727 760 951 831 ἀνοχῆς
980 760 1079 814 καὶ
1118 758 1228 829 τῆς
1250 759 1655 828 μακροθυμίας
1703 776 1806 812 κα-

243 858 591 930 ταφρονεῖς
650 853 804 909 ’Δλλά
856 852 950 907 νῦν
994 854 1092 923 μὲν
1130 853 1191 905 ού
1238 854 1349 914 τοῖς
1386 852 1518 913 πᾶσι
1568 850 1803 922 φανερὰν

244 954 418 1016 ποιεῖς
430 950 525 1021 τὴν
542 945 883 1020 χρηστότητά
897 962 990 999 σου
1006 962 1019 974 ·
1043 943 1305 1017 κρύπτεις
1318 943 1373 996 δὲ
1404 942 1573 1014 αὐτὴν
1602 942 1694 996 καὶ
1710 958 1803 994 τα-

246 1041 408 1116 μιεύη
427 1040 706 1111 φυλάττων
726 1041 840 1102 τοῖς
860 1036 1024 1107 φοὸου
1033 1035 1212 1108 μένοις
1242 1052 1321 1088 σε.
1340 1034 1489 1087 Ἐπεὶ
1508 1034 1601 1086 καὶ
1630 1030 1736 1097 ἐξει
1743 1049 1803 1103 ρ-

242 1133 399 1204 γάσω
424 1132 591 1203 αὐτὴν
615 1132 695 1195 εἰς
723 1130 855 1183 αὐτὸ
872 1128 1029 1183 τοῦτο
1048 1145 1060 1157 ·
1081 1126 1223 1195 λέγω
1248 1125 1400 1189 δέεξς
1429 1125 1490 1178 τὸ
1511 1128 1622 1188 τοῖς
1648 1124 1799 1178 ἐλπί-

244 1225 425 1291 ζουσιν
458 1226 548 1291 ἐπὶ
585 1225 644 1277 σὲ
686 1225 984 1295 παρασχεῖν
1029 1213 1243 1290 αύτὴνξ
1297 1218 1389 1272 καὶ
1443 1217 1696 1290 παρέξεις
1737 1234 1800 1285 γε

241 1317 412 1389 αὐτὴν
456 1314 593 1377 κατὰ
647 1314 835 1386 καιρὸν
876 1312 983 1385 πρὸ
1016 1310 1122 1364 τῶν
1168 1308 1461 1381 ὀφθαλμῶν
1513 1309 1619 1363 τῶν
1673 1310 1802 1363 υἱῶν

239 1408 347 1463 τῶν
377 1405 701 1479 ἀνθρώπων,
726 1404 867 1458 ὥστε
906 1403 1113 1466 πάντας
1144 1400 1269 1454 ἰδεῖν
1300 1401 1397 1472 τὴν
1441 1400 1538 1469 σὴν
1575 1400 1803 1472 χρηστό-

239 1513 397 1567 τητα,
424 1495 600 1567 καιρῷ
629 1496 728 1566 τῆς
744 1493 851 1548 τῶν
884 1491 1102 1562 ἀγαθῶν
1130 1490 1362 1565 ἀμοιϐῆς
1390 1490 1670 1561 διᾱομένην
1692 1493 1801 1552 τοῖς

242 1588 444 1654 ἀξίοις·
489 1586 676 1659 διόπερ
705 1585 799 1639 καὶ
840 1587 899 1637 ὲν
938 1582 1015 1654 τῷ
1049 1582 1149 1653 βίῳ
1185 1583 1283 1646 τάς
1318 1599 1398 1645 σοι
1444 1582 1802 1652 ἀνακειμένας

238 1678 416 1749 ψυχὰς
443 1678 584 1737 κατὰ
604 1678 732 1741 τοὺς
750 1675 859 1730 τῶν
885 1674 1253 1748 πειρατηρίων
1278 1676 1499 1746 καιροὺς
1526 1675 1622 1746 τῆς
1650 1673 1799 1745 παρὰ

241 1769 439 1822 σαυτοῦ
472 1768 677 1839 σκέπης
701 1766 969 1834 καταξιῶν
996 1766 1382 1839 ἀποκρύπτεις,
1414 1767 1674 1838 ῥυόμενος
1697 1766 1795 1819 αὑ-

1906 585 2050 633 esse,
2094 583 2159 623 ac
2204 567 2410 623 divitiis
2457 566 2645 622 multis
2699 565 2986 621 refertam.
3034 565 3213 633 Quare
3256 562 3475 622 dictum

1901 660 1971 715 ah
2000 659 2263 731 Apostolo
2308 659 2410 714 fuit
2450 677 2465 715 :
2496 660 2583 712 An
2624 659 2835 713 divitias
2875 657 3122 712 bonitatis
3145 654 3259 720 eius
3290 662 3340 713 st
3367 669 3464 722 pa-

1905 754 2203 827 tientiazvet
2268 751 2683 823 longanimitatis
2732 751 3023 809 contemnis
3042 749 3134 802 9"1’
3184 746 3291 803 Sed
3346 746 3462 817 jam

1902 844 2122 916 quidem
2147 860 2259 899 non
2295 843 2552 898 omnibus
2589 841 2892 898 bonitatem
2929 849 3077 895 tuam
3116 839 3475 903 manifestam,

1902 936 2066 1002 facis,
2107 936 2201 993 sed
2243 936 2487 991 occultas
2516 949 2632 989 eam
2683 941 2738 988 et
2793 932 3068 996 recondis,
3108 928 3464 999 custodisque

1901 1027 2223 1083 timentibus
2248 1035 2320 1084 te.
2359 1025 2494 1093 Quia
2527 1039 2655 1080 vero
2688 1024 2754 1077 ad
2787 1039 2906 1079 eam
2939 1024 3113 1095 ipsam
3144 1037 3260 1077 rem
3287 1019 3463 1092 perfe-

1902 1120 2195 1183 cistieam,
2231 1118 2285 1173 id
2335 1126 2440 1179 est,
2492 1126 2550 1170 ut
2608 1115 2971 1186 sperantibus
3000 1114 3052 1168 in
3106 1124 3159 1169 te
3208 1113 3461 1184 largiare,

1902 1210 2255 1281 praebeasquc
2285 1210 2458 1279 ipsam
2507 1219 2836 1279 Opportune.
2866 1215 3111 1277 tempore
3152 1221 3261 1276 prae
3290 1204 3473 1262 oculis.

1902 1301 2135 1355 ﬁliorum
2178 1300 2482 1363 hominum,
2527 1300 2603 1352 ita
2636 1305 2696 1351 ut
2724 1311 2914 1359 omnes
2950 1295 3252 1351 bonitatem
3285 1297 3464 1366 suspi-

1901 1395 2051 1449 ciant
2090 1400 2261 1455 tuam,
2298 1399 2542 1462 tempore
2589 1387 3052 1445 remunerationis
3080 1387 3350 1443 bonorum
3381 1386 3464 1440 di-

1900 1484 2022 1555 guis
2064 1469 2415 1546 attributam;
2469 1482 2591 1536 ideo
2634 1481 2691 1535 in
2720 1480 2821 1536 hac
2863 1480 2970 1534 vita
3016 1477 3237 1533 animas.
3255 1477 3352 1532 tibi
3375 1477 3464 1532 ad-

1900 1576 2095 1644 dictas,
2121 1575 2480 1631 tentationum
2512 1582 2759 1641 tempore
2784 1580 2875 1627 tua
2905 1571 3243 1643 protectione
3270 1569 3463 1640 dignas

1900 1667 2129 1732 habens,
2161 1656 2480 1728 abscondis,
2532 1664 2847 1736 liberasque
2903 1663 3027 1718 illas
3074 1676 3104 1716 a
3162 1660 3464 1717 conturba-

1903 1760 2051 1815 tioue
2081 1759 2390 1826 hominum,
2452 1774 2516 1815 ac
2569 1759 2678 1814 sub
2706 1772 2869 1812 manu
2916 1764 3008 1808 tua
3035 1754 3195 1823 velut
3236 1753 3339 1809 sub
3384 1763 3463 1808 tea

237 1860 366 1925 τοὺς
404 1859 513 1915 ἀπὸ
540 1831 786 1931 ταραχῆς
820 1831 1259 1931 ἀνθρώπωνίκαὶ
1287 1831 1475 1931 ὥσπερ
1515 1831 1581 1912 ’ἐν
1624 1858 1795 1934 σκέπῃ

1902 1851 2083 1922 gmine
2131 1852 2367 1923 quodam
2403 1850 2642 1923 protegis
2685 1864 2780 1905 eas
2812 1863 2844 1901 a
2874 1845 3311 1902 contradictione
3356 1844 3463 1899 lin-

242 1951 349 2004 ὑπὸ
381 1950 478 2024 τὴν
529 1950 725 2005 σαυτοῦ
756 1952 913 2023 χεῖρα
946 1948 1230 2013 σκεπάζων
1261 1950 1457 2014 αὐτοὺς
1503 1950 1611 2004 άπὸ
1657 1952 1801 2005 ἀντι-

240 2026 428 2109 λογίας
452 2039 729 2107 γλωσσῶν,
749 2040 883 2112 πρὸς
905 2039 963 2092 τὸ
992 2039 1154 2111 μηδὲν
1170 2038 1641 2101 καταϐλάπτεσθαι
1666 2042 1800 2112 μήτε

242 2129 349 2185 ὐπὸ
379 2130 486 2187 τῶν
524 2129 702 2201 λόγοις
728 2133 924 2195 αὐτοὺς
951 2131 1490 2203 καταπολεμούντων,
1530 2134 1665 2204 μήτε
1697 2134 1802 2187 ὑπὸ

237 2221 347 2279 τῶν
373 2222 440 2276 δι’
472 2222 648 2295 ἔργων
688 2222 789 2287 τὰς
826 2223 943 2278 κατ’
975 2223 1152 2287 αὐτῶν
1196 2222 1443 2296 μηχανὰς
1477 2225 1802 2291 συσκευαζοτ

236 2314 443 2390 μένων.

300 2407 646 2478 Εὐλογητὸς
672 2409 904 2478 Κύριος,
928 2408 1017 2464 ὅτι
1056 2406 1480 2477 ἐθαυμάστωσε
1517 2409 1583 2464 τὸ
1630 2410 1800 2486 ἕλεος

232 2496 422 2556 αὐτοῦ
449 2500 519 2553 ἐν
553 2500 727 2555 πόλει
764 2500 1065 2570 περιοχῆς.
1099 2499 1199 2557 Διὰ
1229 2500 1493 2561 τοσούτων
1533 2501 1631 2573 τὴν
1662 2502 1798 2574 πρὸς

233 2589 325 2645 τὸν
356 2591 488 2644 Θεὸν
525 2590 761 2656 ἔντευξιν
812 2592 1175 2663 πεποιημένος
1218 2594 1247 2646 6
1287 2592 1792 2665 ἐξομολογούμενος,

233 2683 328 2735 ἐπὶ
354 2681 589 2753 χρηστὸν
636 2682 964 2756 περιγράφει
995 2684 1147 2748 τέλος
1191 2685 1282 2738 τὸν
1333 2684 1523 2754 λόγον,
1563 2684 1796 2753 εὐλογῶν

232 2769 325 2823 τὸν
359 2771 523 2838 Θεὸν,
560 2772 651 2827 ὅτι
691 2774 1117 2844 ἐθαυμάστωσε
1174 2775 1241 2830 τύ
1281 2777 1453 2845 ἕλεος
1504 2778 1690 2834 αὐτοῦ
1728 2779 1797 2834 ἐν

233 2860 408 2915 πόλει
424 2863 727 2933 περιοχῆς
751 2864 884 2936 ὅπερ
899 2865 927 2927 6
940 2865 1230 2940 Σύμμαχος
1244 2869 1580 2943 ἡρμήνευσεν
1601 2870 1792 2935 οὕτως’

232 2951 578 3021 Εὐλογητὸς
610 2955 818 3022 Κύριος
842 2959 874 3009 ὀ
908 2958 1268 3026 παραδείξας
1308 2960 1373 3014 τὸ
1409 2960 1580 3028 ἕλεος
1607 2962 1794 3016 αὑτοῦ

231 3041 388 3111 ἐμοὶ,
417 3042 498 3109 ὡς
624 3031 796 3098 πό.ἱεὶ
834 3048 1373 3119 περιπεφραγμένῃ.
1401 3052 1477 3104 Δι’
1505 3051 1638 3122 ἐμοῦ
1663 3052 1791 3123 γὰρ,

235 3134 422 3232 φησὶνν
456 3136 486 3188 ὁ
523 3120 654 3232 Θξδς
698 3136 973 3209 ἐδοξάσθη,
1001 3140 1103 3205 ὅτι,
1130 3140 1334 3212 μυρίων
1371 3143 1458 3197 ἐπ’
1494 3120 1595 3213 ἐμὲ
1638 3120 1795 3196 πολε-
1822 3173 1865 3232 c

232 3225 375 3297 μίων
419 3227 728 3282 συστάντων
751 3269 767 3295 ,
819 3233 915 3295 καὶ
957 3232 1110 3303 δίκην
1165 3233 1404 3305 μεγάλης
1450 3234 1654 3298 πόλεως
1696 3235 1795 3307 τὴν

230 3316 375 3387 ἐμὴν
400 3316 579 3389 ψυχὴν
611 3318 916 3392 πολιορκεῖν
940 3324 1374 3394 πεπειραμένων,
1396 3326 1424 3378 6
1449 3325 1579 3397 ἐμὸς
1602 3324 1794 3396 φύλαξ,

230 3408 482 3479 φραγμόν
514 3428 604 3481 μοι
634 3413 962 3484 περιϐαλὼν,
992 3415 1054 3469 τὸ
1098 3415 1243 3481 ἐλεος
1284 3415 1448 3470 αὐτοῦ
1489 3416 1795 3489 θαυμαστὸν

228 3496 451 3563 ἔδειξεν,
484 3499 626 3555 οὕτω
660 3519 727 3573 με
764 3501 942 3568 σώσας
973 3505 1103 3560 ὡσεὶ
1141 3508 1233 3562 καὶ
1266 3508 1415 3562 πόλιν
1443 3509 1612 3581 τείχει
1644 3527 1795 3583 περι-

228 3584 392 3657 ϐεὸλη
402 3586 570 3658 μένην
634 3590 831 3662 ὀχυρῷ.
884 3593 1133 3659 Τοιοῦτος
1180 3596 1235 3650 δέ
1284 3616 1372 3669 μοι
1425 3600 1653 3671 γέγονας
1671 3603 1735 3656 σὺ
1764 3605 1794 3658 6

226 3675 359 3747 ἐμὸς
392 3677 612 3750 Κύριος,
639 3682 873 3752 ὁπηνίκα
898 3685 1058 3749 αὐτὸς
1086 3687 1316 3763 ἐμαυτὸν
1341 3692 1611 3745 ταπεινῶν
1641 3693 1700 3747 ἐν
1723 3697 1789 3766 τῇ

227 3767 494 3843 γενομένῃ
529 3787 619 3841 μοι
645 3772 918 3839 ἐκστάσει,
960 3777 1018 3828 ὲν
1141 3777 1435 3847 ἐταράχθη
1459 3781 1529 3834 ἐν
1565 3782 1727 3852 θυμῷ
1758 3787 1793 3839 ὁ

229 3857 531 3929 ὀφθαλμός
543 3880 662 3931 μου
679 3863 777 3918 καὶ
799 3867 835 3934 ἡ
864 3866 1032 3936 ψυχή
1059 3886 1197 3937 μου,
1220 3871 1318 3925 καὶ
1344 3875 1379 3940 ἡ
1410 3874 1634 3944 γαστήρ
1649 3894 1788 3945 μου.

226 3948 692 4040 Ούκῗέπετρίὸην,
729 3955 840 4010 ἀλλ’
874 3958 1185 4014 ἐταπείνουν
1226 3964 1477 4033 ἐμαυτὸν,
1511 3966 1585 4030 ὡς
1623 3968 1794 4040 ἀπορη

230 4039 420 4132 ῥιφεὶς
438 4042 553 4132 άπὸ
576 4043 685 4098 τῶν
730 4046 835 4100 σῶν
862 4048 1152 4122 ὀφθαλμῶν
1185 4053 1270 4109 διὰ
1313 4055 1412 4127 τὴν
1441 4058 1579 4129 ἐμὴν
1606 4060 1788 4132 ἁμαρ-

226 4128 366 4182 τίαν.
410 4130 570 4185 Ἀλλά
591 4132 761 4195 ταῦτα
785 4135 894 4205 ἐγὼ
930 4139 1025 4209 μὲν
1060 4140 1248 4209 ελεγον.
1273 4128 1791 4219 ἐξομολογού

325 4221 380 4275 δέ
412 4223 790 4296 φιλάνθρωπος
820 4245 912 4282 και
949 4231 1150 4299 ἀγαθὸς
1180 4234 1331 4300 Θεὸς,
1354 4238 1455 4292 οὐκ
1481 4240 1788 4311 ἀπέρριψας

221 4309 313 4363 τὸν
345 4310 436 4365 σὸν
465 4313 702 4386 οἰκέτην,
733 4316 865 4379 ἀλλὰ
892 4319 1033 4373 κατὰ
1069 4322 1167 4394 τὴν
1200 4327 1523 4395 ἐπαγγελίαν
1680 4309 1786 4401 (ρά-

227 4415 492 4454 σκουσαν·
532 4403 708 4458 Ὅταν
733 4406 1144 4479 ἀποστραφεὶς
1158 4414 1474 4484 στενάξῃς,
1506 4421 1637 4472 τότε
1672 4434 1788 4474 σω-

1901 1957 2153 2013 guarum,
2184 1949 2241 1996 ut
2272 1942 2406 1997 nihil
2439 1942 2706 1998 laedantur
2735 1939 2816 1996 vel
2843 1938 2999 1994 abiis
3031 1937 3124 2009 qui
3151 1938 3299 2009 ipsas
3341 1952 3463 1993 ver-

1902 2033 2353 2105 bisimpugnant,
2395 2034 2480 2089 vel
2527 2032 2596 2089 ab
2644 2032 2711 2095 iis
2761 2032 2855 2111 qui
2888 2029 3169 2086 machinas
3199 2043 3329 2091 suas
3359 2026 3473 2093 adat

1900 2142 2093 2189 versus
2124 2127 2253 2185 illas
2276 2127 2577 2191 instruunt.

1971 2411 2137 2468 Vens.
2167 2412 2259 2468 ‘22.
2278 2412 2591 2469 Benedictus
2619 2412 2895 2481 Dominus,
2915 2413 3165 2486 quoniam
3194 2412 3475 2481 miri/issu.

1900 2504 1971 2560 uit
1992 2503 2406 2559 misericordiam
2427 2521 2578 2560 suam
2606 2508 2661 2560 in
2686 2506 2893 2560 civitate
2936 2504 3268 2559 munitionis.
3312 2501 3485 2557 Post-t

1899 2610 2061 2666 quam
2094 2594 2405 2651 conﬁtendo
2441 2601 2523 2652 tot
2551 2596 2730 2652 verbis
2752 2595 2921 2651 Deum
2953 2594 3320 2664 compellavit,
3349 2610 3487 2650 ser-_

1898 2702 2115 2742 monem
2163 2703 2325 2744 suum
2360 2695 2670 2759 opportuno
2700 2698 2756 2743 et
2797 2687 2942 2742 bono
2968 2685 3201 2740 termino
3227 2684 3484 2751 clauditL

1896 2777 2273 2835 benedicendo
2308 2777 2503 2845 Deum,
2536 2779 2786 2851 quoniam
2824 2776 3129 2846 miriﬁcarit
3160 2774 3476 2830 misericor-.

1894 2869 2041 2924 diam
2069 2886 2221 2925 suam
2274 2872 2329 2925 in
2380 2872 2589 2926 civitate
2649 2870 2996 2925 munitionis:
3022 2866 3167 2939 quod
3219 2865 3478 2937 Symmax

1894 2963 2032 3019 chus
2063 2964 2143 3018 sic
2164 2965 2557 3036 interpretatus
2581 2970 2696 3021 est:
2730 2962 3041 3019 Benedictus
3066 2959 3345 3025 Dominus,
3369 2958 3486 3030 qui.

1895 3053 2119 3108 ostendit
2142 3055 2270 3109 mihi
2288 3055 2703 3111 misericorde
2739 3072 2915 3123 suam,
2944 3053 3100 3126 quasi
3139 3054 3194 3107 in
3242 3050 3475 3106 civitate-

1897 3144 2122 3196 munita.
2165 3145 2269 3200 Per
2297 3161 2382 3202 me
2411 3146 2629 3218 quippe,
2671 3148 2768 3211 ait,
2800 3145 2948 3201 Deus
2972 3143 3310 3217 gloriﬁcatus
3351 3153 3463 3207 est,

1897 3230 2026 3301 quia
2052 3235 2443 3306 propemodum
2489 3236 2718 3292 inﬁnitis
2753 3236 3000 3295 collectis
3041 3234 3314 3297 hostibus,
3337 3232 3471 3287 anim

1899 3337 2153 3394 mamque
2207 3340 2381 3381 meam
2433 3341 2533 3381 ceu
2587 3342 2841 3398 magnam
2887 3326 3163 3383 civitatem
3209 3323 3462 3380 obsidere

1897 3417 2250 3481 conantibus,
2282 3425 2467 3475 custos
2495 3419 2585 3474 ille
2631 3435 2786 3476 meus
2813 3425 2970 3488 septo
3006 3432 3094 3472 me
3123 3415 3477 3475 circummu-.

1894 3508 2075 3576 niens,
2129 3510 2561 3567 misericordiam
2621 3526 2776 3567 suam
2837 3509 3142 3565 mirabilem
3189 3508 3471 3587 exhibuit,

1895 3608 2058 3671 atque
2088 3602 2163 3657 ita
2195 3618 2280 3657 me
2308 3602 2548 3659 servavit
2580 3601 2803 3673 perinde
2832 3609 2997 3677 atque
3033 3600 3311 3657 civitatem
3346 3598 3458 3653 for-

1895 3690 2107 3748 tissimo
2160 3708 2320 3747 muro
2346 3695 2572 3763 :circum
2620 3693 2965 3751 instructam.
3002 3689 3152 3748 Talis
3198 3706 3325 3763 erga
3370 3705 3466 3747 me

1893 3781 2069 3850 fuisti,
2100 3783 2330 3843 Domine
2374 3785 2469 3851 mi,
2511 3784 2733 3856 quando
2764 3785 3143 3857 memetipsum
3173 3784 3480 3845 humiliavi.

1892 3876 1949 3934 in
1982 3892 2215 3933 excessu
2255 3877 2456 3932 mentis
2491 3893 2646 3943 meae,
2683 3892 2793 3948 quo
2829 3876 3173 3933 conturbatus
3204 3885 3281 3931 est
3305 3876 3456 3931 inira

1892 3968 2072 4025 oculus
2126 3984 2292 4034 meus,
2340 3968 2521 4023 anima
2576 3986 2693 4030 mea
2738 3977 2790 4026 et
2838 3979 3017 4026 venter
3053 3986 3222 4025 meus.
3270 3968 3475 4040 Neque.

1890 4067 2022 4118 tunc
2072 4060 2495 4130 procrastinavi,
2552 4060 2648 4117 sed
2703 4060 3087 4132 memetipsum
3146 4059 3454 4127 humiliavi,

1887 4151 2046 4222 quasi
2088 4151 2298 4222 peccati
2321 4153 2434 4208 mei
2481 4167 2648 4209 causa
2678 4153 2957 4223 projectus
2993 4153 3064 4210 ab
3089 4154 3265 4209 oculis
3314 4152 3447 4210 tuis.

1887 4241 1955 4296 Et
1992 4241 2106 4298 haec
2142 4242 2366 4314 quidem
2394 4243 2707 4301 conﬁtendo
2729 4242 2843 4299 dixi
2869 4263 2883 4300 :
2912 4242 2995 4297 Tu
3027 4258 3154 4298 vero
3179 4243 3475 4305 humanus

1887 4334 2177 4406 bonusque
2206 4338 2369 4400 Deus,
2398 4351 2485 4391 me
2516 4334 2879 4392 domesticum
2909 4343 3063 4389 tuum
3104 4349 3209 4387 non
3242 4331 3449 4400 abjeci-

1887 4427 1958 4483 eti
1979 4469 1995 4494 ,
2030 4427 2124 4483 sed
2154 4425 2456 4488 secundum
2483 4429 2897 4497 promissionem
2930 4428 3112 4492 istam,
3147 4424 3281 4480 Cum
3326 4439 3451 4478 con-

219 4489 633 4587 ari—Un'faﬁza
666 4497 800 4568 ἐμοῦ
854 4499 1102 4569 λέγοντος
1151 4506 1473 4577 εὶσήκουσας
1495 4551 1509 4575 ,
1551 4511 1645 4565 καὶ
1695 4511 1782 4565 διὰ

1897 4533 2061 4573 versus
2092 4517 2430 4587 i‘ngemueris,
2456 4526 2583 4570 tunc
2604 4517 2829 4574 salutem
2851 4515 3104 4570 obtinebis
3121 4515 3190 4579 ³⁸,
3220 4530 3305 4570 me
3335 4513 3450 4568 hinc

217 4579 381 4635 τοῦτο
410 4580 878 4655 ἐθαυμάστωσας
902 4589 968 4644 τὸ
1005 4592 1177 4660 ἔλεός
1215 4611 1331 4649 σου
1360 4595 1488 4666 ἐμοὶ
1513 4597 1584 4658 ἐν
1613 4599 1791 4661 πόλει

215 4672 527 4744 περιοχῆς-

594 4787 681 4840 ἸὨ
716 4790 910 4845 ΔΑΥΙΔ
936 4795 1283 4852 ΣΥΝΕΣΕΩΣ
1316 4799 1439 4854 ΛΔ¹.

292 4874 579 4944 Μακάριοι
606 4870 693 4931 ὧν
721 4881 1030 4952 ἀφέθησαν
1053 4890 1111 4942 αἱ
1135 4889 1389 4960 ἀνομίαι,
1408 4894 1506 4948 καὶ
1529 4888 1617 4949 ὧν
1644 4895 1789 4950 ἐπε-ι

214 4964 624 5033 κωλύςρθησαν
664 4974 722 5024 at
754 4972 1046 5045 ἁμαρτίαι.
1078 4977 1254 5033 Πολλὰ
1293 4981 1548 5048 κακώσας
1594 4984 1793 5039 ἐαυτὸν.

213 5054 314 5109 ἐπὶ
338 5053 415 5125 τῷ
444 5056 808 5131 συμϐεϐηκότι
836 5063 1261 5139 πλημμελήματι
1290 5073 1322 5135 6
1353 5072 1532 5142 Δαυῒδ,
1564 5074 1659 5130 καὶ
1686 5075 1783 5141 τὰς

209 5145 311 5201 διὰ
338 5146 432 5201 τοῦ
453 5153 775 5222 τριακοστοῦ
811 5156 992 5224 φωνάς
1024 5161 1340 5231 προέμενος,
1369 5167 1665 5238 φροντίζων
1690 5146 1785 5225 καί

210 5238 467 5332 ἀγωνιῶν
483 5240 580 5332 τῂν
592 5243 685 5298 τοῦ
701 5245 834 5301 Θεοῦ
855 5249 1053 5328 κρίσιν,
1071 5251 1155 5321 ἐφ’
1171 5247 1250 5318 οἷς
1272 5255 1433 5322 αὐτὸς
1454 5260 1628 5332 ἐαυτῷ
1653 5279 1779 5316 συν-

211 5328 466 5399 εγνώκει·
484 5329 605 5428 εἶτα.
619 5334 696 5407 τῷ
708 5323 983 5409 Πνεύματι
1002 5341 1079 5413 τῷ
1100 5345 1238 5414 ἁγίῳ
1254 5347 1346 5399 καὶ¹
1372 5352 1438 5420 τῇ
1463 5323 1685 5424 δυνάμει
1709 5357 1776 5428 τῇ

215 5426 524 5497 προφητικῇ
557 5425 654 5499 τὴν
685 5427 771 5482 διὰ
801 5430 902 5501 τῆς
943 5435 1207 5506 σωτηρίου
1240 5438 1457 5510 χάριτος
1487 5425 1779 5512 μέλλουσαν

212 5513 433 5607 ἔσεσθαι
462 5518 628 5573 πᾶσιν
670 5520 977 5594 ἀνθρώποις
1010 5525 1356 5600 συγχώρησιν
1393 5530 1501 5586 τῶν
1532 5533 1779 5607 ἁμαρτη-

217 5606 408 5689 μάτων
446 5608 719 5680 ἐπιγνοὺς,
769 5614 861 5669 καὶ
900 5615 975 5681 ὡς
1005 5616 1055 5670 οἱ
1101 5617 1159 5687 ἐξ
1195 5618 1363 5677 ἐθνῶν
1401 5622 1777 5701 εἰδωλολάτραι

289 5784 339 5817 ’⁵
374 5784 540 5854 ηοω..
567 5806 637 5858 It,
671 5791 725 5852 4.
801 5794 849 5828 ⁸⁸
884 5793 1083 5855 Ezech.
1116 5813 1324 5869 sui",
1360 5800 1451 5861 l2.

1887 4606 2157 4665 dicentem
2181 4608 2474 4673 exaudisti,
2515 4615 2572 4664 et
2597 4617 2884 4680 propterea
2914 4607 3213 4677 miriﬁcasti
3242 4606 3450 4665 miseri-

1886 4700 2125 4759 cordiam
2160 4710 2305 4756 tuam
2338 4699 2467 4755 mihi
2492 4700 2547 4755 in
2583 4701 2793 4757 civitate
2815 4699 3143 4755 munitionis.

2115 4808 2245 4871 ΙΙ)δί
2280 4810 2489 4868 DAVlD
2524 4808 2999 4866 INTELLECTUS
3034 4806 3227 4864 XXXI.

1958 4901 2125 4959 Vens.
2170 4904 2222 4960 1.
2254 4903 2408 4959 Beati
2433 4919 2655 4974 quorum
2698 4906 2931 4959 remisse
2957 4909 3079 4957 sunt
3122 4898 3455 4970 iniquitates,

1888 5004 1937 5052 et
1986 5011 2209 5066 quorum
2243 5003 2378 5052 tecta
2429 5003 2551 5050 sunt
2593 5004 2830 5065 peccata.
2882 4992 3175 5063 Postquam
3217 5006 3314 5063 pro
3346 4989 3445 5047 ως

1887 5087 2058 5145 misso
2089 5088 2297 5145 scelere
2328 5103 2449 5145 sese
2477 5085 2648 5143 David
2686 5087 2915 5142 multum
2941 5085 3225 5150 amiserat,
3254 5096 3444 5140 voces-

1885 5191 1992 5249 que
2034 5177 2090 5232 in
2124 5178 2337 5248 psalmo
2373 5178 2653 5235 tricesimo
2696 5177 2905 5249 positas
2954 5176 3235 5244 emiserat,
3268 5174 3337 5231 de
3359 5173 3446 5243 ju-

1885 5268 2029 5322 dicio
2059 5267 2151 5323 Dei
2188 5284 2286 5338 pro
2319 5269 2387 5325 iis
2415 5284 2653 5340 quorum
2690 5269 2797 5327 sibi
2828 5268 3084 5325 conscius
3126 5272 3245 5323 erat
3291 5262 3443 5321 solli.

1885 5359 2066 5425 citus;
2093 5374 2298 5431 gnarus
2319 5360 2449 5416 item
2471 5376 2541 5417 ex
2571 5358 2775 5432 Spiritu
2795 5367 2988 5416 sancto
3018 5366 3180 5429 atque
3216 5371 3281 5412 ex
3309 5366 3440 5423 pro.

1883 5451 2098 5521 phetica
2126 5452 2220 5507 illa
2266 5453 2489 5520 virtute,
2520 5453 2863 5510 remissionis
2911 5443 3260 5525 peccatOrum
3308 5455 3445 5512 qua

1881 5558 1977 5614 per
2003 5544 2294 5600 salutarem
2319 5547 2549 5616 gratiam
2572 5546 2884 5602 hominibus
2904 5537 3248 5601 concedenda
3281 5540 3399 5588 erat
3415 5549 3437 5587 ι

1881 5648 2085 5705 gnarus
2116 5634 2245 5692 item
2279 5633 2594 5694 idololatras
2645 5646 2701 5693 et
2732 5636 2920 5693 atheos
2965 5625 3235 5690 sexcentis
3276 5620 3438 5679 malis
