3980 6214
589 346 696 406 275

1304 344 1580 400 EUSEBII
1611 323 2085 401 CJE'S'ABIENSIS

2229 341 2272 396 Ρ.
2312 339 2491 395 PARS
2530 338 2618 396 111.
2655 369 2728 380 —
2758 338 3162 398 EXEGETICA.

3723 339 3823 394 276

585 464 963 537 complicatos,
995 462 1286 535 aliquando
1317 466 1532 521 veniam
1566 475 1915 539 peccatorum
1950 481 2047 536 per
2072 465 2121 518 la

2255 463 2348 517 καὶ
2392 462 2562 524 ἄθεοι,
2618 460 2832 533 μυρίοις
2886 463 3074 524 κακοῖς
3124 457 3573 530 ὲμπεπαρμένοι,
3622 456 3823 529 ἀθρόας

578 573 804 614 vacrum
830 559 1260 630 regenerationis
1289 558 1580 616 confertim
1613 570 2030 626 consecuturos,
2060 559 2144 614 his

565 647 737 706 dictis
773 650 997 705 eosdem
1042 657 1124 704 ter
1154 649 1345 706 beatos
1375 651 1655 720 prmdicat.
1706 650 2034 714 Gemitibus,
2065 653 2148 706 in-

573 742 712 811 quit,
746 747 801 796 et
830 741 1092 813 lacrymis
1135 741 1521 813 frequentibus
1553 744 1762 814 peccati
1795 758 1962 798 causa
2010 758 2146 799 con-

577 835 885 898 tabescens,
917 843 972 889 et
1017 833 1165 890 illius
1195 850 1327 905 ergo
1368 828 1423 889 in
1477 834 1841 891 adversitates
1896 836 2147 891 innume-

575 939 666 981 ras
713 924 992 995 delapsus,
1046 926 1397 984 aemulatione
1448 926 1649 997 dignos
1685 941 1781 981 eos
1843 941 1907 981 ac
1955 927 2146 984 beatos

574 1016 834 1089 praedico,
865 1017 960 1090 qui
992 1017 1111 1072 sine
1158 1017 1399 1072 miseriis
1429 1017 1770 1087 hujusmodi,
1802 1034 1900 1088 per
1930 1017 2023 1084 Dei
2051 1020 2140 1073 be--

574 1108 919 1178 nignitatem,
963 1109 1344 1165 remissionem
1389 1117 1740 1179 peccatorum
1791 1119 2140 1180 acceperunt.

571 1199 749 1253 Tanto
784 1201 987 1272 quippe
1017 1217 1144 1276 erga
1170 1201 1295 1256 illos
1317 1202 1500 1257 studio
1531 1212 1584 1257 et
1605 1203 1930 1258 liberalitate
1949 1205 2139 1267 utitur,

570 1299 631 1350 ut
654 1307 766 1348 non
801 1294 976 1349 solum
1021 1293 1285 1362 remittat,
1315 1294 1412 1348 sed
1438 1295 1606 1348 etiam
1637 1301 1783 1364 tegat
1807 1309 1997 1349 eorum
2024 1311 2144 1365 pec-

569 1391 713 1450 cata,
749 1391 810 1442 ut
843 1399 914 1446 ne
941 1384 1230 1456 vestigium
1262 1384 1482 1464 quidem
1515 1400 1706 1440 eorum
1733 1384 2013 1441 residuum
2045 1388 2137 1446 sit.

642 1565 804 1623 Vens.
835 1567 890 1625 2.
915 1569 1113 1624 Beatus
1148 1571 1226 1624 vir
1255 1571 1342 1624 cui
1377 1587 1481 1624 non
1514 1571 1851 1639 imputaverit
1878 1571 2138 1631 Dominus

563 1669 859 1726 peccatum,
907 1677 1000 1717 nec
1036 1663 1198 1726 estin
1227 1679 1315 1717 ore
1359 1662 1473 1731 ejus
1506 1661 1682 1716 dolus.
1722 1661 1861 1730 Quae
1885 1663 2138 1733 superius

562 1751 710 1810 dicta
737 1760 887 1821 sunt,
927 1755 1225 1826 generatim
1253 1755 1571 1821 efferuntur,
1609 1763 1772 1827 atque
1801 1772 1991 1811 omnes
2019 1772 2137 1810 om-

2254 557 2384 610 ποτὲ
2417 555 2695 621 τεύξονται
2731 555 2980 626 ἀφέσεως
3027 552 3307 626 ἁμαρτιῶν
3345 552 3431 605 διὰ
3463 549 3686 622 λουτροῦ
3722 567 3824 603 πα-

2248 647 2605 716 λιγγενεσίας,
2621 646 3052 719 τρισμακαρίους
3070 644 3292 706 τούτους
3314 642 3600 711 ἀποφαίνει
3613 642 3699 695 διά
3718 643 3822 695 τῶν

2249 741 2642 812 προκειμένων.
2713 740 3026 813 Ὀδυρμοῖς,
3077 739 3274 811 φησὶν,
3311 735 3420 806 ἐγὼ
3461 737 3554 790 καὶ
3598 736 3824 808 δάκρυσι

2248 831 2492 903 θαμινοῖς
2528 833 2616 886 διὰ
2656 832 2754 903 τὴν
2787 831 3058 903 ἁμαρτίαν
3104 827 3520 902 προστετηκὼς,
3555 829 3650 881 καὶ
3687 847 3822 881 παν-

2245 923 2508 987 τοδαπαῖς
2535 925 2842 995 συμφοραῖς
2870 921 3072 993 ταύτης
3101 920 3261 992 χάριν
3293 916 3624 990 περιπεσὼν,
3652 917 3822 989 ζηλω-

2243 1019 2370 1080 τοὺς
2416 1017 2655 1081 ἐκείνους
2693 1017 2787 1071 καὶ
2833 1013 3135 1087 μακαρίους
3184 1011 3479 1076 ἀποκαλῶ,
3527 1013 3651 1074 τοὺς
3692 1012 3820 1064 ἀτα-

2245 1108 2538 1182 λαιπώρως
2565 1111 2630 1180 τῇ
2658 1107 2752 1161 τοῦ
2789 1106 2944 1196 ,Θεοῦ
2993 1105 3374 1178 φιλανθρωπίᾳ
3417 1105 3524 1158 τῶν
3571 1105 3819 1196 ἀμαρτη-

2247 1201 2431 1270 μάτων
2469 1195 2807 1270 δεξαμένους
2833 1200 2931 1269 τὴν
2981 1198 3193 1268 ἄφεσιν.
3239 1197 3484 1268 Τοσαύτη
3535 1195 3645 1268 γὰρ
3696 1197 3819 1267 περὶ

2243 1292 2440 1355 αὐτοὺς
2461 1293 2658 1364 χρῆται
2690 1289 2993 1361 φιλοτιμίᾳ,
3025 1289 3100 1354 ὡς
3133 1291 3207 1361 μὴ
3243 1289 3401 1360 μόνον
3430 1289 3666 1359 ἀφεῖναι,
3690 1287 3817 1342 ἀλλὰ

2242 1385 2338 1450 καὶ
2383 1385 2621 1454 καλύψαι
2668 1384 2766 1448 τάς
2799 1383 3109 1454 ἁμαρτίας,
3149 1384 3243 1436 καὶ
3277 1383 3410 1454 μηδὲ
3456 1383 3575 1454 ῐχνη
3617 1381 3815 1436 τούτων

2243 1477 2614 1530 καταλείπειν.

2315 1568 2616 1637 Μακάριος
2662 1566 2816 1635 ἀνὴρ
2856 1559 2904 1632 ᾧ
2968 1567 3039 1620 οὐ
3090 1563 3176 1635 μὴ
3243 1565 3557 1633 λογίσηται
3609 1564 3816 1630 Κύριος

2241 1660 2554 1730 ἁμαρτίαν,
2590 1658 2730 1712 οὐδέ
2757 1659 2929 1711 ἐστιν
2949 1658 3018 1711 ἐν
3042 1656 3121 1723 τῷ
3150 1657 3398 1726 στόματι
3419 1655 3604 1709 αὐτοῦ
3625 1655 3822 1719 δόλος.

2239 1753 2320 1806 Τὰ
2360 1751 2458 1822 μὲν
2487 1750 2898 1822 προλελεγμένα
2943 1749 3172 1824 γενικῶς
3205 1749 3443 1821 εἴρηται,
3470 1747 3562 1801 καὶ
3591 1747 3814 1801 καθόλου

560 1843 694 1899 nino
737 1845 1042 1916 respiciunt
1095 1847 1189 1918 qui
1236 1863 1332 1920 per
1369 1849 1602 1919 gratiam
1639 1855 1989 1920 peccatorum
2032 1862 2121 1902 ve-

2237 1844 2365 1914 περὶ
2402 1842 2619 1896 πάντων
2660 1841 2768 1895 τῶν
2812 1822 3116 1910 μελλόντων
3150 1842 3394 1911 ἀφέσεως
3427 1839 3706 1912 ἁμαρτιῶν
3733 1839 3814 1892 διὰ

560 1936 707 1998 niam
734 1937 950 1992 nacturi
984 1946 1148 2007 sunt;
1203 1950 1258 1995 at
1298 1955 1420 2010 quae
1458 1940 1515 1994 in
1547 1940 1804 2012 praesenti
1843 1939 2125 2005 dicuntur,

557 2042 670 2096 quo
716 2029 824 2083 ritu
868 2031 1124 2088 remissio
1172 2033 1510 2088 concedatur
1569 2032 1814 2088 declarat
1874 2031 1960 2086 his
2008 2046 2131 2086 ver-

559 2117 676 2173 bis:
721 2117 823 2174 Cui
857 2138 964 2175 non
994 2122 1331 2193 imputaverit
1361 2124 1618 2178 Dominus
1652 2132 1942 2192 peccatum.
1990 2122 2129 2176 Nam

558 2220 841 2282 peccatum
873 2212 1042 2270 semel
1075 2224 1474 2287 perpetratum,
1505 2218 1624 2275 fieri
1648 2233 1758 2272 non
1801 2231 1962 2286 posse
1993 2216 2127 2285 quin

554 2301 858 2372 admissum
893 2304 1060 2370 fuerit
1107 2308 1417 2379 significat:
1476 2311 1572 2366 sed
1617 2325 1784 2380 penes
1836 2307 2125 2362 hominum

555 2408 698 2475 esse,
731 2402 791 2449 ut
817 2395 873 2450 in
896 2387 1204 2454 ratlonibus
1247 2400 1364 2457 suis
1392 2402 1639 2475 peccanti
1672 2401 1885 2456 facinus
1914 2400 1998 2454 vel
2023 2399 2126 2452 im-

555 2471 712 2556 putet
740 2486 826 2543 vel
856 2503 967 2544 non
989 2489 1238 2562 imputet,
1277 2508 1340 2548 ac
1382 2471 1595 2548 veniam
1626 2501 1680 2550 et
1726 2491 2124 2563 indulgentiam

552 2577 840 2635 concedat.
884 2579 1088 2637 Verum
1133 2584 1262 2654 quia
1313 2592 1583 2656 quotquot
1617 2585 1996 2640 remissionem
2028 2583 2124 2638 de-

549 2668 826 2737 lictorum,
853 2688 975 2743 quae
1019 2689 1117 2745 per
1160 2675 1492 2747 baptismum
1540 2677 1723 2743 datur,
1758 2677 1980 2740 adeunt,
2027 2691 2123 2745 per

549 2759 956 2825 confessionem
1003 2765 1057 2819 in
1094 2764 1440 2821 Salvatorem
1490 2768 1773 2832 emissam,
1812 2782 1909 2837 per
1960 2766 2120 2820 fidem

549 2851 608 2915 in
637 2854 1018 2921 universorum
1047 2856 1238 2922 Deum,
1272 2874 1335 2913 ac
1362 2875 1459 2929 per
1487 2847 1890 2914 confessionem
1942 2859 2122 2913 since-

549 2957 693 3011 ram,
749 2946 961 3012 veniam
1009 2957 1456 3020 consequuntur;
1484 2957 1851 3019 congruenter
1875 2957 1929 3003 et
1961 2963 2122 3002 accu-

549 3045 668 3101 rate
689 3036 984 3104 admodum
1019 3040 1299 3111 adjicitur,
1333 3041 1446 3098 Nec
1469 3053 1548 3097 est
1571 3043 1626 3097 in
1658 3059 1747 3096 ore
1769 3042 1881 3111 ejus
1925 3041 2079 3106 dolus
2099 3081 2114 3106 ,

2233 1936 2334 2005 τῆς
2377 1935 2599 2006 χάριτος
2643 1935 2962 2004 τυγχάνειν·
2994 1933 3062 1987 τὰ
3105 1934 3162 1987 δὲ
3197 1933 3563 2005 προσκείμενα
3605 1933 3811 2001 ὅπωςή

2232 2028 2424 2096 ἄφεσις
2457 2027 2655 2080 δίδοται
2679 2026 2976 2098 παρίστησι
2999 2025 3086 2079 διὰ
3115 2025 3238 2079 τοῦ·
3279 2022 3360 2081 0λῦ
3383 2024 3468 2095 μὴ
3496 2025 3811 2095 λογίσηται

2229 2119 2448 2185 Κύριος
2491 2117 2801 2186 ἁμαρτίαν.
2835 2116 3018 2191 ’Ἃπαξ
3070 2117 3169 2187 μὲν
3219 2117 3327 2189 γὰρ
3382 2115 3679 2188 γενομένην
3717 2115 3811 2188 τὴν

2230 2208 2603 2280 παραχθεῖσαν
2663 2209 2934 2280 ἁμαρτίαν
2973 2209 3231 2278 ἀγένητον
3283 2207 3358 2279 μὴ
3394 2207 3651 2262 δύνασθαι
3672 2203 3812 2260 εἶναι

2227 2299 2410 2372 δηλοῖ·
2452 2301 2542 2353 τόν
2571 2317 2635 2369 γε
2667 2300 2764 2370 μὲν
2797 2301 3001 2372 Κύριον
3031 2300 3123 2352 τὸν
3156 2298 3399 2365 ἐξουσίαν
3428 2299 3617 2371 ἔχοντα
3649 2301 3704 2352 ἐν
3735 2301 3811 2370 τῷ

2228 2390 2521 2462 λογοθεσίῳ
2558 2391 2869 2460 λογίζεσθαι
2920 2391 2997 2462 τῷ
3043 2391 3421 2463 ἡμαρτηκότι,
3476 2392 3508 2464 ἢ
3544 2392 3617 2463 μὴ
3664 2392 3811 2460 λογί-

2227 2481 2417 2546 ζεσθαι
2449 2483 2509 2535 τὸ
2557 2485 2967 2555 πεπραγμένον,
3005 2482 3138 2536 ἀλλά
3192 2485 3493 2556 συγχωρεῖν
3542 2485 3810 2539 ποιεῖσθαι

2224 2571 2322 2644 τὴν
2359 2574 2571 2641 ἄφεσιν.
2601 2574 2711 2628 Καὶ
2747 2573 3043 2647 ἐπειδήπερ
3075 2567 3304 2638 ἕκαστος
3336 2576 3440 2628 τῶν
3473 2576 3809 2647 προσιόντων

2223 2665 2290 2734 τῇ
2348 2661 2438 2715 διὰ
2500 2663 2594 2716 τοῦ
2655 2663 3028 2734 βαπτίσματος
3077 2665 3395 2738 δωρουμένη
3453 2667 3806 2736 συγχωρήσει

2223 2755 2291 2806 δι’
2326 2755 2614 2826 ὁμολογίας
2647 2757 2746 2826 τῆς
2796 2759 2875 2820 είς
2920 2758 3008 2810 τὸν
3044 2759 3305 2831 Σωτῆρα,
3346 2759 3445 2828 τῆς
3474 2775 3535 2826 γε
3583 2761 3665 2822 είς
3708 2759 3808 2812 τὸν

2223 2846 2331 2900 τῶν
2365 2848 2502 2901 ὅλων
2533 2849 2664 2902 Θεὸν
2701 2850 2956 2915 πίστεως,
2984 2852 3076 2904 καὶ
3100 2852 3165 2904 δι’
3200 2849 3637 2923 ὲξομολογήσεως
3671 2853 3805 2906 εἰλι-

2222 2940 2472 3012 κρινοῦς,
2504 2941 2602 3012 τῆς
2637 2941 2884 3010 ἀφέσεως
2932 2943 3212 3009 τεύξεται’
3237 2944 3460 3016 ,σφόδρα
3501 2943 3747 3014 ἀκριϐῶς
3772 2947 3801 2998 ό

2220 3030 2376 3099 λόγος
2413 3032 2738 3104 προστίθησι
2791 3033 2888 3105 τὴν
2923 3034 3233 3103 φάσκουσαν
3273 3035 3619 3109 προσθήκην·
3659 3040 3800 3092 Οὐδ’

547 3139 663 3196 aut,
689 3133 746 3186 in
785 3135 976 3204 spiritu
1022 3135 1137 3215 ejus
1179 3135 1369 3191 dolus:
1417 3152 1542 3191 nam
1590 3145 1824 3208 utroque
1865 3137 2028 3192 modo
2059 3139 2116 3193 in

2229 3123 2398 3178 ἔστιν
2426 3124 2496 3178 ἐν
2528 3123 2608 3190 τῷ
2635 3126 2882 3195 στόματι
2912 3127 3098 3181 αὐτοῦ
3115 3126 3312 3194 δόλος,
3340 3128 3394 3199 ἢ,
3425 3129 3496 3181 ἐν
3522 3128 3600 3194 τῷ
3620 3129 3801 3184 πνεύ-

547 3223 778 3282 lectione
802 3224 993 3282 fertur.
1046 3210 1146 3287 ilic
1174 3229 1320 3283 enim
1350 3230 1567 3296 beatus,
1593 3231 1687 3302 qui
1735 3232 1932 3302 spiritu
1974 3246 2114 3304 puro

545 3329 614 3376 ac
642 3331 737 3372 ore
766 3319 950 3375 veraci
979 3320 1385 3382 confessionem
1418 3323 1550 3388 edit,
1592 3339 1862 3394 vocesque
1912 3324 2120 3395 profert

545 3408 603 3463 ln
635 3409 854 3467 lavacro
901 3417 1338 3486 regenerationis
1387 3419 1603 3474 solitas.
1648 3418 1806 3486 Quod
1850 3421 1895 3475 si
1927 3421 1981 3474 in
2017 3436 2113 3476 ore

543 3502 686 3583 ejus,
708 3505 795 3564 vel
822 3505 876 3562 in
902 3508 1121 3579 spiritu,
1153 3510 1238 3578 vel
1271 3510 1328 3565 in
1371 3511 1552 3566 anima
1585 3511 1743 3568 dolus
1786 3513 2113 3582 inveniatur.

545 3605 734 3669 utpote
755 3601 850 3676 qui
875 3603 1115 3673 seipsum
1147 3602 1424 3683 deceperit
1453 3604 1529 3658 ita
1558 3611 1618 3658 ut
1645 3603 1859 3659 veniam
1883 3619 1992 3659 non
2019 3606 2118 3660 ob-

543 3687 748 3758 tineat;
773 3705 872 3749 sua
896 3692 1121 3760 insuper
1159 3693 1303 3746 mala
1335 3692 1650 3768 adaugebit,
1685 3709 1811 3748 cum
1852 3694 2115 3764 majorem

544 3777 650 3836 sibi
688 3779 827 3836 iram
852 3782 907 3836 in
941 3783 1028 3840 die
1056 3783 1152 3838 irae
1198 3786 1629 3841 coacervaverit.

613 4041 782 4100 Vens.
820 4043 876 4110 3,
905 4045 960 4101 4.
1004 4046 1268 4111 Quoniam
1303 4048 1479 4112 tacui,
1533 4049 1947 4104 inveteraverunt
1992 4070 2116 4111 ossa

538 4120 678 4203 mea,
705 4137 830 4192 dum
866 4138 1154 4202 clamarem
1186 4149 1295 4202 tota
1327 4140 1430 4209 die,
1459 4151 1563 4198 etc.
1610 4142 1689 4197 Illi
1719 4144 1936 4214 quidem
1971 4146 2114 4204 beati

539 4238 689 4296 sunt,
713 4246 851 4306 quos
882 4231 936 4286 in
981 4232 1176 4302 spiritu
1203 4248 1538 4304 cognoscens
1567 4235 1755 4292 beatos
1801 4238 2112 4308 praedicavi.

541 4321 653 4396 Ego
684 4337 815 4378 vero
852 4333 1137 4396 postquam
1193 4324 1524 4381 clamoribus
1572 4334 1626 4381 et
1677 4328 2114 4393 confessionibus

499 4421 771 4498 ‘multum
826 4417 1198 4473 laboraveram
1226 4457 1241 4482 ,
1289 4418 1614 4490 defatigatus
1647 4423 1812 4477 tacui.
1864 4421 1970 4478 Pro
2004 4441 2112 4495 quo

2216 3235 2357 3288 ματι
2387 3219 2572 3274 αὐτοῦ
2615 3218 2828 3286 δόλοςο
2870 3220 3144 3292 ἑκατέρως
3189 3220 3296 3293 γὰρ
3345 3222 3568 3293 φέρεται
3619 3223 3676 3274 ὲν
3722 3222 3804 3294 τῷ

2221 3310 2630 3384 ἀναγνώσματι.
2657 3307 2822 3375 Οὗτος
2854 3313 2961 3385 γὰρ
2997 3312 3285 3385 μακάριος,
3319 3316 3348 3366 ό
3380 3312 3607 3384 καθαρῷ
3638 3314 3803 3367 πνεύ-

2223 3422 2352 3475 ματι
2397 3404 2497 3476 τὴν
2538 3404 2921 3476 ἐξομολόγησιν
2974 3406 3325 3477 ποιούμενος,
3362 3407 3457 3460 καὶ
3498 3407 3598 3470 τὰς
3634 3409 3693 3461 ἐν
3723 3407 3802 3478 τῷ

2218 3493 2426 3567 λουτρῷ
2449 3495 2548 3563 τῆς
2579 3495 3000 3562 παλιγγενεσίας
3029 3495 3212 3564 φωνὰς
3245 3497 3707 3568 προσφερόμενος,
3738 3497 3798 3549 El

2218 3583 2262 3636 δ’
2311 3582 2557 3655 εὑρεθείη
2591 3585 2649 3638 ὲν
2698 3583 2775 3653 τῷ
2826 3584 3050 3655 στόματι
3097 3584 3260 3637 αὑτοῦ
3295 3586 3473 3650 δόλος,
3522 3587 3552 3657 ἢ
3607 3587 3664 3639 ὲν
3719 3587 3797 3657 τῷ

2186 3672 2489 3744 ,πνεύματι
2523 3681 2617 3727 καὶ
2660 3677 2728 3745 τῇ
2776 3675 2918 3747 ψυχῇ
2943 3715 2957 3740 ,
2989 3675 3063 3738 ὡς
3106 3677 3387 3748 ἀπατήσας
3435 3678 3628 3730 ἑαυτὸν
3661 3677 3798 3748 πρὸς

2215 3764 2277 3816 τὸ
2299 3765 2372 3840 μὴ
2405 3768 2584 3835 τυχεῖν
2614 3765 2711 3836 τῆς
2735 3765 3001 3834 ἀφέσεως,
3027 3767 3106 3819 ἔτι
3140 3768 3233 3821 καὶ
3261 3767 3485 3838 αὐξήσει
3507 3769 3575 3822 τὰ
3602 3769 3797 3823 ἑαυτοῦ

2216 3857 2363 3908 κακὰ
2409 3856 2785 3927 ἐπισωρεύσας
2830 3858 2950 3910 καθ’
3003 3859 3196 3912 ἑαυτοῦ
3245 3859 3463 3912 πλείονα
3522 3860 3690 3931 ὀργὴν
3737 3862 3794 3914 ὲν

2216 3947 2399 4018 ἡμέρᾳ
2427 3947 2616 4018 ὀργῆς.

2289 4059 2407 4110 Ὅτι
2434 4058 3056 4130 ἑσίγησα,ἑπαλαιώθη
3088 4060 3159 4113 τὰ
3197 4060 3349 4116 ὀστᾶ
3369 4080 3512 4131 μου,
3544 4064 3664 4118 ἀπὸ
3686 4065 3791 4119 τοῦ

2217 4143 2448 4212 κράζειν
2468 4163 2544 4214 με
2570 4146 2720 4215 ὅλην
2747 4147 2860 4216 τὴν
2889 4149 3136 4218 ἡμέραν,
3166 4170 3219 4206 κ.
3251 4170 3301 4206 τ.
3334 4153 3384 4210 λ.
3423 4155 3652 4209 Ἐκεῖνοι
3686 4157 3783 4228 μέν

2217 4233 2324 4285 είσι
2374 4235 2650 4306 μακάριοι,
2685 4237 2778 4300 οὒς
2812 4237 2887 4308 τῷ
2926 4239 3193 4310 πνεύματι
3245 4244 3406 4310 γνοὺς
3446 4245 3783 4318 ὲμακάρισα·

2217 4322 2328 4391 ἑγὼ
2373 4325 2429 4376 δὲ
2469 4326 2637 4381 πολλά
2667 4331 2934 4394 κοπιάσας
2963 4333 3020 4385 ἐν
3052 4335 3172 4395 ταῖς
3199 4333 3334 4404 πρὸς
3355 4334 3444 4390 τὸν
3474 4336 3607 4389 Θεὸν
3635 4337 3789 4407 βοαῖς

2217 4414 2312 4468 καὶ
2340 4415 2801 4491 ὲξομολογήσεσιν,
2838 4422 3123 4496 ἀπέκαμον
3148 4425 3241 4477 καὶ
3283 4425 3542 4497 ὲσίγησα·
3570 4429 3687 4482 ἀνθ’
3726 4425 3787 4484 οὗ

538 4506 937 4579 Symmachus.
992 4511 1257 4577 Quoniam
1312 4512 1473 4577 silui;
1531 4512 1833 4570 Theodotio
1888 4527 2112 4588 autem,

2229 4505 2245 4558 5
2284 4507 2382 4578 μὲν
2419 4507 2728 4581 Σύμμαχος,
2761 4513 2879 4567 Ὅτι
2910 4515 3286 4592 ἀπεσίγησα·
3319 4519 3346 4570 ό
3389 4517 3443 4569 δὲ
3470 4519 3788 4590 Θεοδοτίων,

535 4594 802 4662 Quoniam
833 4597 1088 4666 laboravi,
1112 4600 1449 4674 interpretati
1478 4613 1623 4658 sunt.
1658 4602 1764 4660 Pro
1787 4607 1878 4661 illo
1905 4615 2106 4675 autem,

534 4685 660 4739 dum
686 4687 993 4752 clamarem,
1025 4687 1384 4760 Symmachus
1405 4735 1419 4760 ,
1447 4692 1585 4748 Dum
1624 4696 1948 4754 lamentarcr
1998 4712 2109 4758 tota

533 4776 650 4840 die,
685 4775 873 4834 edidit.
925 4777 1367 4836 Inveteraverunt
1399 4791 1578 4840 autem
1609 4786 1730 4854 ejus
1775 4803 1899 4844 ossa
1921 4831 1934 4855 ,
1973 4809 2106 4847 con-

533 4868 662 4922 trita
707 4868 916 4925 scilicet
959 4885 1025 4926 ex
1063 4873 1322 4927 continua
1370 4873 1463 4928 illa
1493 4875 1781 4934 afﬂictione
1825 4897 1930 4951 qua
1960 4899 2018 4939 se
2051 4886 2107 4940 in

532 4959 878 5018 confessione
931 4965 1273 5020 maceravit-:
1327 4965 1400 5021 ibi
1431 4982 1665 5038 namque
1697 4971 1842 5026 vires
1871 4975 2064 5030 animae
2086 5019 2101 5045 ,

531 5066 651 5123 quae
670 5068 796 5109 ossa
823 5053 1098 5122 dicuntur,
1117 5056 1573 5129 defatigabantur.
1595 5061 1775 5128 Quare
1805 5067 2104 5123 secundum

532 5143 782 5215 Aquilam
816 5145 1040 5212 dicitur,
1069 5147 1332 5214 Quoniam
1359 5152 1620 5222 obmutui,
1638 5158 1866 5211 contrita
1889 5158 2104 5227 fuerunt

532 5253 654 5291 ossa
683 5253 798 5296 mea
840 5237 895 5292 in
934 5240 1107 5311 rugitu
1140 5257 1290 5306 meo;
1346 5245 1642 5300 secundum
1675 5247 2058 5320 Symmachum
2082 5293 2098 5319 ,

532 5332 796 5401 Quoniam
819 5332 966 5396 silui,
1000 5335 1416 5389 inveteraverunt
1456 5354 1577 5393 ossa
1619 5356 1736 5394 mea
1766 5383 1778 5408 ,
1829 5341 1956 5396 dum
1986 5346 2102 5399 cla-

530 5440 729 5479 marem
757 5433 866 5478 tota
893 5422 994 5480 die.
1034 5423 1154 5480 Non
1182 5424 1251 5479 ad
1282 5440 1448 5479 unum
1487 5442 1751 5494 mensem,
1779 5431 1874 5487 sed
1923 5435 2102 5490 omni-

533 5513 634 5573 bus
671 5516 861 5572 diebus
891 5530 1014 5572 sese
1041 5515 1353 5572 macerabat
1381 5533 1443 5572 ac
1469 5517 1816 5592 defatigabat.

604 5693 770 5754 Vsus.
803 5698 856 5753 5.
878 5697 1138 5753 Deliclum
1161 5715 1329 5753 meum
1359 5700 1624 5771 cognitum
1654 5702 1774 5772 feci,
1802 5713 1853 5758 et
1886 5705 2098 5775 injusti-

533 5791 661 5855 tiam
703 5810 870 5858 meum
902 5809 1003 5849 non
1044 5792 1310 5849 abscondi.
1355 5793 1515 5850 Dixi:
1561 5795 1862 5864 Conﬁtebor
1909 5798 2095 5855 adver-

2219 4595 2338 4649 Ὅτι
2363 4597 2689 4665 ἐκοπίασα,
2727 4605 3094 4675 ἡρμήνευσαν.
3134 4608 3277 4662 Ἀντί¹
3313 4608 3368 4662 δὲ
3407 4610 3500 4664 τοῦ
3531 4612 3651 4665 ἀπὸ
3682 4614 3792 4668 τοῦ

2216 4682 2448 4756 κράζειν
2479 4710 2576 4761 με,
2623 4695 2753 4748 Ἀπὸ
2791 4697 2897 4751 τοῦ
2935 4698 3254 4767 ὀδύρεσθαί
3291 4720 3367 4771 με
3398 4705 3605 4760 πᾶσαν
3638 4707 3792 4776 ὴμέ-

2211 4797 2357 4848 ραν,
2399 4783 2692 4852 ἐκδέδωκεν
2738 4789 2766 4840 ό
2797 4788 3107 4862 Σύμμαχος.
3137 4793 3482 4866 Ἐπαλαιώθη
3513 4797 3571 4851 δὲ
3619 4799 3792 4852 αὐτοῦ

2215 4874 2283 4928 τὰ
2308 4875 2441 4929 ὀστᾶ
2480 4878 2868 4950 συντριϐόμενα
2899 4885 2962 4937 ὲκ
2995 4885 3095 4955 τῆς
3132 4885 3330 4958 πολλῆς
3365 4888 3662 4955 κακώσεως
3688 4892 3794 4963 τῆς

2218 4968 2356 5021 κατά
2386 4970 2483 5040 τὴν
2516 4970 2894 5046 ἐξομολόγησιν
2926 4977 3073 5046 αὑτῷ
3097 4982 3490 5052 γεγενημένηςο
3534 4986 3591 5036 ἐν
3694 4987 3794 5038 καὶ

2214 5060 2313 5122 τὰς
2343 5060 2596 5131 δυνάμεις
2633 5064 2731 5134 τῆς
2760 5065 2936 5136 ψυχῆς
2981 5068 3142 5122 ὀστέα
3197 5072 3602 5144 ὀνομαζομένας
3652 5094 3792 5130 κατ-

2215 5151 2417 5210 επόνει.
2447 5154 2536 5206 Διὸ
2564 5156 2702 5209 κατὰ
2733 5157 2821 5210 τὸν
2849 5158 3076 5212 Ἀκύλαν
3106 5163 3346 5234 εἴρηται·
3377 5165 3494 5217 Ὅτι
3521 5167 3794 5236 ἐχώρει)-

2214 5257 2317 5309 σα,
2350 5248 2656 5315 κατετρίϐη
2689 5249 2761 5302 τὰ
2808 5250 2957 5306 ὀστᾶ
2995 5271 3114 5323 μου
3157 5253 3227 5308 ὲν
3261 5255 3606 5325 ,ϐρυχήματί
3630 5275 3790 5327 μουσ

2215 5337 2356 5390 κατά
2401 5338 2458 5391 δὲ
2504 5339 2595 5394 τὸν
2642 5341 2968 5416 Σύμμαχον,
3003 5346 3123 5399 ’Ὁτι
3163 5347 3590 5416 ἀπεσιώπησα,
3641 5350 3795 5404 ἐπα-

2213 5426 2434 5498 λαιώθη
2472 5431 2544 5485 τὰ
2569 5432 2721 5489 ὀστᾶ
2753 5419 2892 5503 μού,
2933 5437 3050 5490 ἀπὸ
3085 5436 3193 5490 τοῦ
3224 5437 3539 5507 ὀδύρεσθαι
3575 5440 3794 5495 πᾶσαν

2215 5521 2461 5591 ἡμέραν.
2490 5527 2621 5579 υύδὲ
2650 5528 2807 5599 μέχρι
2843 5530 3025 5602 μηνὸς,
3064 5531 3200 5588 ἀλλά
3233 5531 3410 5596 πάσας
3442 5532 3541 5598 τάς
3569 5533 3792 5605 ἡμέρας

2215 5616 2542 5687 κατέτρυχεν
2575 5620 2765 5672 ἑαυτὸν
2792 5621 2883 5674 καὶ
2917 5624 3220 5677 κατεπόνει.

2281 5708 2401 5778 Τὴν
2430 5710 2720 5778 ἁμαρτίαν
2752 5729 2872 5780 μου
2895 5711 3201 5781 ἐγνώρισα,
3230 5713 3328 5768 καὶ
3364 5715 3478 5785 τὴν
3513 5717 3784 5787 ἀνομίαν

2197 5821 2313 5876 μου
2343 5803 2454 5856 οὐκ
2475 5802 2770 5871 ἐκάλυψα.
2805 5801 2985 5859 Εἴπα-
3035 5805 3428 5872 Ἐξανορεύσω
3461 5812 3587 5866 κατ’
3620 5813 3776 5884 ἐμοῦ
