3992 6216
292 276 402 335 277

1415 226 1918 324 οόνΜεΝτΑιιιΑ
1952 262 2020 318 IN
2056 259 2395 317 rSALuos.

3430 245 3537 306 278

284 396 402 466 τὴν
442 397 699 468 ἀνομίαν
715 402 836 466 μου
874 393 956 461 τῷ
983 387 1198 462 Κυρίῳ,
1232 392 1326 445 καὶ
1362 389 1444 445 σὺ
1475 388 1717 459 ἀφῆκας
1748 386 1856 455 τὴν

1964 400 2080 438 sum
2107 398 2187 436 me
2224 380 2541 451 injustitiam
2573 377 3055 440 meamDomino,et
3078 381 3133 428 tu
3154 368 3403 427 remisisti
3432 370 3529 421 im-

284 489 565 545 ἀσέσειαν
603 486 717 555 τῆς
746 486 994 556 καρδίας
1027 502 1166 555 μου.
1210 481 1540 550 mamma.
1578 479 1761 532 ΙἈλλοι
1801 477 1859 529 δὲ

284 583 368 646 οὐ,
392 581 509 651 τὴν
527 580 810 636 ἀσέϐειαν
830 577 939 647 τῆς
968 575 1233 644 καρδίας,
1263 572 1419 636 ἀλλὰ,
1441 573 1557 640 τὴν
1578 568 1860 625 ἀσέϐειαν

284 674 397 744 τῆς
426 675 716 746 ἁμαρτίας
743 690 881 743 μου,
919 668 1180 735 ἐξέθεντο.
1216 666 1359 721 Ἀντὶ
1393 666 1449 720 δὲ
1479 665 1670 719 τούτου
1699 665 1859 737 ἀκρι-

284 765 540 839 ϐέστερον
563 768 591 820 ὁ
630 765 922 835 Σύμμαχος
961 760 1308 831 ἡρμήνευσεν
1367 755 1569 811 εἰπών·
1621 755 1747 810 Ἵνα
1777 754 1858 807 σὺ

280 857 517 928 ἀφέλῃς
556 857 667 925 τὴν
704 854 992 923 ἁμαρτίαν
1012 853 1153 921 μου.
1202 850 1341 905 Τάδε
1396 848 1526 920 γὰρ,
1580 849 1736 917 φησὶ,
1765 847 1859 900 καὶ

282 948 408 1004 τάδε
435 948 841 1022 διεπραξάμην,
874 946 963 1001 ἵνα
1004 944 1130 999 τάδε
1171 960 1262 1015 μοι
1281 941 1567 1011 γένωνται.
1608 940 1721 992 υὺκ
1759 938 1858 1010 ήδη

280 1040 596 1115 τετυχηκὼς
635 1040 736 1109 τῆς
768 1038 1037 1110 ἀφέσεως,
1073 1034 1188 1090 ἀλλ’
1239 1033 1314 1097 ὡς
1358 1033 1537 1086 πάντα
1583 1030 1857 1100 πράττων,

282 1133 370 1187 ἵνα
400 1132 569 1203 αὐτῆς
597 1131 735 1204 τύχῃ
754 1170 768 1194 ,
801 1116 951 1183 ταῦτ’
991 1128 1144 1197 ἔλεγε
1201 1124 1341 1180 κατὰ
1383 1124 1475 1177 τὸν
1524 1122 1817 1193 Σύμμαχον
1843 1160 1856 1173 .

280 1225 394 1280 Καὶ
433 1224 622 1296 ἔχεταί
645 1242 708 1294 γε
759 1223 917 1293 λόγου
949 1224 983 1293 ἡ
1035 1219 1259 1290 τοιαύτὴ
1309 1216 1599 1289 ἑρμηνεία·
1649 1216 1696 1267 εἰ
1752 1213 1861 1284 γὰρ

280 1316 502 1388 ἑτέρους
549 1314 914 1395 ἐμακάριζεν,
942 1310 1017 1371 ὧν
1055 1310 1336 1382 ἀφέθησαν
1391 1308 1451 1361 αἱ
1505 1306 1755 1377 ἀνομίαι,
1786 1304 1862 1368 ὡς

284 1408 510 1480 μηδέπω
529 1409 689 1487 αὐτὸς
718 1403 1033 1477 τετυχηκὼς
1052 1404 1150 1474 τῆς
1180 1401 1447 1471 ἀφέσεως,
1483 1398 1598 1462 πῶς
1631 1396 1863 1452 ἐνταῦθα

280 1500 503 1555 ἐδύνατο
527 1500 703 1570 λέγειν
728 1517 740 1531 ·
774 1499 883 1554 Καὶ
914 1497 996 1552 σὺ
1029 1494 1271 1565 ἀφῆκας
1302 1494 1418 1560 τὴν
1444 1491 1722 1546 ἀσέϐειαν
1754 1489 1862 1557 τῆς

279 1592 570 1669 ἁμαρτίας
601 1572 755 1662 λιου;
788 1588 990 1658 Διόπερ
1024 1586 1166 1642 κατὰ
1195 1585 1286 1639 τὸν
1320 1584 1611 1656 Σύμμαχον
1646 1582 1863 1653 ἀκριβέ-

282 1701 469 1758 στερον
494 1684 742 1757 εἰρῆσθαί
769 1700 915 1755 φημι
942 1683 1025 1747 τὸ,
1057 1683 1184 1737 Ἵνα
1209 1681 1293 1735 σὺ
1323 1679 1557 1753 ἀφέλῃς
1582 1675 1693 1745 τὴν
1721 1675 1862 1730 ἀσέ-

280 1774 448 1828 ϐειαν
473 1771 580 1842 τῆς
619 1773 908 1845 ἁμαρτίας
935 1789 1074 1844 μου.

366 1864 535 1934 ’Υπὲρ
582 1865 801 1932 ταύτης
836 1862 1232 1933 προσεύξεταί
1273 1878 1371 1916 σοι
1412 1861 1531 1929 πᾶς
1576 1861 1744 1926 ὅσιος
1789 1859 1861 1913 ἐν

282 1956 470 2026 καιρῷ
518 1956 758 2025 εὐθέτῳ.
811 1957 986 2027 Πλὴν
1036 1957 1108 2009 ἐν
1154 1954 1557 2025 κατακλυσμῷ
1624 1952 1861 2008 ὑδάτων

278 2049 530 2106 πολλῶν
559 2051 709 2119 πρὸς
735 2050 921 2106 αὐτὸν
947 2051 1059 2105 οὐκ
1103 2048 1390 2120 ἐγγιοῦονι.
1425 2047 1521 2101 Διὰ
1553 2046 1719 2119 τοῦτο
1750 2047 1859 2110 πᾶς

280 2145 427 2208 ὅσιος
460 2142 761 2216 ὑπόδειγμα
791 2142 969 2199 λαϐὼν
1002 2145 1066 2197 ὲκ
1097 2141 1205 2198 τῶν
1238 2144 1359 2215 κατ’
1390 2142 1490 2214 ἐμὲ
1533 2141 1859 2214 πεπραγμέ-

279 2253 386 2300 νῳν
413 2234 796 2308 προθυμότατα
830 2236 921 2288 καὶ
954 2233 1235 2309 εὐθαρσῶς
1256 2232 1654 2303 προσεύξεταί
1673 2232 1864 2292 coast

279 2342 408 2403 ποτε
438 2326 629 2398 καιρὸς
667 2326 828 2381 αὐτὸν
859 2326 996 2398 καλῇ
1028 2325 1122 2389 ἐπὶ
1160 2324 1259 2396 τὴν
1301 2324 1495 2396 ὁμοίαν
1533 2324 1657 2396 ἐμοὶ
1689 2341 1861 2394 προσ-

277 2414 445 2490 ερχὴν
473 2418 667 2475 ἐλθεῖν.
695 2418 1145 2491 Προσευξαμένου
1168 2418 1223 2471 δὲ
1250 2416 1417 2471 αὐτοῦ
1455 2418 1594 2472 κατὰ
1623 2418 1684 2471 τὸ
1725 2418 1857 2472 ὑπό-

276 2511 478 2589 δειγμα
510 2512 570 2566 τὸ
600 2513 752 2584 ἐμὸν,
780 2515 875 2567 καὶ
916 2509 1083 2566 αὑτοῦ
1118 2510 1463 2577 ὲπακούσεις,
1505 2511 1764 2584 παρέξεις
1796 2528 1857 2564 τε

280 2604 428 2677 αὐτῷ
459 2605 555 2678 τὴν
602 2606 753 2679 παρὰ
793 2605 887 2660 σοῦ
926 2606 1197 2679 σωτηρίαν
1221 2644 1236 2671 ,
1289 2605 1430 2671 ὥστε
1489 2605 1657 2678 μηδὲν
1695 2604 1858 2659 αὑτὸν

285 2695 569 2767 βλαϐῆναι,
585 2696 686 2751 κᾶν
722 2698 889 2769 μυρία
916 2686 1321 2765 κατακλύζοντα
1353 2697 1522 2752 ὓδατα
1547 2698 1668 2751 κατ’
1693 2695 1857 2750 αὑτοῦ

288 2787 544 2859 φέρηται.
580 2788 667 2851 Ὧς
694 2787 802 2860 γὰρ
826 2788 929 2857 ἐπὶ,
947 2789 1154 2859 πέτραν
1184 2790 1543 2861 οἰκοδομήσας
1570 2787 1733 2842 αὐτοῦ
1760 2788 1859 2860 τὴν

286 2879 465 2932 οἰκίαν
487 2919 502 2944 ,
556 2880 651 2932 καὶ
681 2879 775 2933 ἐπὶ
824 2878 885 2932 σὲ
933 2882 1024 2934 τὸν
1061 2880 1233 2952 μέγαν
1286 2881 1512 2953 Σῳτῆρα
1547 2880 1857 2951 ἀναρτήσας

285 2971 480 3026 ἑαυτοῦ
508 2970 607 3035 τὰς
633 2971 875 3036 ἐλπίδας,
910 2971 1158 3037 ἄπτωτος
1195 2973 1289 3026 καὶ
1327 2973 1538 3045 ἑδραῖος
1560 2974 1741 3043 μενεῖο
1768 2969 1857 3025 διὰ

282 3062 394 3134 γὰρ
420 3061 517 3133 τὴν
570 3062 667 3134 σὴν
718 3062 965 3135 φυλακὴν
997 3063 1118 3117 οὐδὲ
1166 3063 1462 3135 πλησιάσαι
1515 3062 1697 3133 αὐτῷ,
1734 3062 1856 3116 οὐδὲ

1887 1753 1935 1808 Β

1958 477 2205 546 pietatem
2244 472 2417 527 cordis
2449 471 2570 528 mei.
2615 468 2949 538 Diapsalma.
2981 466 3107 526 Alii,
3140 478 3246 518 non
3281 461 3525 529 impieta-

1961 576 2061 621 tem
2082 564 2284 627 cordis,
2311 561 2405 618 sed
2424 562 2738 631 impietatem
2774 557 2970 628 peccati
3003 554 3103 609 mei
3141 556 3522 620 exposuerunt.

1961 659 2066 714 Pro
2085 673 2191 729 quo
2208 655 2518 712 accuratius
2537 649 2897 723 Symmachus
2922 642 3312 715 interpretatus
3342 647 3425 699 est
3444 638 3531 692 his

1961 749 2217 815 verbis,U
2224 761 2239 803 ι
2260 760 2314 801 tu
2335 748 2570 816 auferres
2595 750 2865 813 peccatum
2881 755 3070 793 meum.
3092 735 3236 797 Haec,
3260 730 3456 801 inquit,
3477 740 3533 786 et

1962 846 2076 901 hzec
2099 844 2223 906 feci,
2244 852 2300 896 ut
2322 841 2435 895 haec
2460 838 2591 893 mihi
2614 834 2955 908 ohvcnirent.
2983 829 3102 885 Non
3130 826 3273 883 enim
3302 824 3412 895 jam
3432 821 3534 876 mi-

1962 934 2318 993 sericordiam
2348 937 2678 987 consecutus
2698 968 2712 991 ,
2757 925 2852 982 sed
2892 924 3039 979 velut
3070 918 3249 975 omnia
3280 929 3447 987 agens
3472 920 3535 968 ut

1960 1034 2404 1097 consequeretur,
2430 1024 2545 1078 haec
2571 1021 2784 1077 dicebat
2801 1019 3098 1074 secundum
3125 1011 3528 1085 Symmachum.

1962 1120 2026 1175 Et
2055 1136 2186 1175 sane
2215 1115 2523 1193 huiusmodi
2557 1112 2928 1182 interpretatio
2956 1117 3103 1164 recte
3124 1107 3379 1162 cohaeret.
3398 1103 3532 1158 Nam

1961 1213 2004 1267 si
2033 1212 2189 1274 alios,
2222 1220 2281 1264 ut
2310 1209 2527 1264 veniam
2556 1203 2858 1275 iniquitatis
2891 1208 3248 1267 consecutos,
3298 1197 3373 1251 ita
3404 1195 3532 1249 bea-

1963 1313 2046 1360 tos
2077 1303 2443 1373 praedicasset,
2474 1299 2629 1370 quasi
2661 1297 2776 1373 ipse
2800 1295 3040 1349 nondum
3070 1296 3401 1347 consecutus
3444 1301 3530 1342 es—

1961 1372 2373 1467 seta‘quomodo
2406 1394 2494 1448 hic
2526 1392 2707 1445 dicere
2736 1372 2911 1459 potuit
2937 1385 3038 1445 tEt
3069 1395 3133 1438 tu.
3155 1383 3404 1439 remisisti
3431 1380 3533 1435 im-

1958 1488 2198 1554 pietatem
2255 1483 2454 1551 peccati
2503 1482 2601 1535 mei
2619 1483 2648 1536 2
2700 1478 2880 1545 Quare
2927 1475 3238 1531 accuratius
3294 1471 3540 1543 Symma-

1963 1578 2124 1632 chum
2155 1578 2384 1631 vertisse
2416 1574 2541 1630 dico
2598 1573 2702 1628 hoc
2729 1581 2926 1645 pacto:
2964 1569 3031 1622 Ut
3082 1577 3138 1620 tu
3167 1564 3401 1635 auferres
3441 1564 3540 1614 iut-

1959 1669 2203 1737 pietatem
2234 1664 2431 1737 peccati
2462 1663 2584 1718 mei.

2037 1839 2204 1894 Vens.
2246 1837 2298 1893 6.
2342 1836 2450 1891 Pro
2473 1835 2571 1891 hac
2622 1834 2794 1889 orabit
2845 1831 2914 1887 ad
2940 1841 2988 1887 te
3026 1830 3195 1884 omnis
3224 1835 3438 1882 sanctus
3476 1825 3529 1879 in

1962 1944 2191 2003 tempore
2219 1941 2531 2002 opportuno.
2574 1929 2945 1985 Verumtamen
2978 1927 3031 1979 in
3054 1923 3250 1978 diluuia
3276 1935 3544 1991 aquarum

1963 2030 2254 2085 multarunt
2287 2025 2355 2081 ad
2391 2043 2507 2081 eum
2559 2040 2663 2078 non
2693 2018 3151 2092 approximabunt.
3195 2014 3535 2082 Quapropter

1961 2121 2139 2180 omnis
2165 2128 2410 2183 sanctus,
2455 2124 2676 2187 sumpto
2714 2130 2781 2170 ex
2832 2112 2903 2167 iis
2938 2125 3059 2181 qua:
3099 2121 3229 2178 erga
3256 2120 3343 2160 me
3380 2110 3534 2173 gesta

1961 2212 2386 2281 sunt-exemplo,
2424 2207 2679 2267 alacriter
2706 2220 2773 2259 ac
2800 2202 3028 2257 ﬁdenter
3059 2199 3127 2254 ad
3157 2208 3204 2251 te
3236 2194 3442 2255 orabit;
3484 2191 3533 2246 si

1961 2304 2179 2377 quando
2210 2303 2387 2372 ipsum
2421 2301 2486 2355 ad
2520 2299 2751 2355 similem
2802 2310 2935 2350 mea:
2966 2292 3270 2347 orationem
3317 2294 3530 2356 tempus

1961 2399 2221 2457 evocarit.
2286 2397 2384 2451 lllo
2425 2403 2603 2449 autem
2653 2393 2720 2448 ad
2771 2390 2877 2446 mei
2933 2387 3238 2457 exemplum
3299 2389 3527 2438 orante.

1964 2492 2140 2563 ipsum
2164 2505 2381 2561 quoque
2408 2498 2464 2543 tu
2492 2487 2773 2549 exaudies,
2795 2485 3025 2540 salutem
3058 2481 3203 2533 illam
3229 2493 3349 2547 qua:
3379 2491 3444 2530 ex
3476 2480 3537 2524 te

1961 2584 2211 2657 procedit
2251 2584 2328 2637 illi
2376 2581 2675 2650 imperties,
2700 2578 2777 2633 ita
2819 2584 2880 2630 ut
2910 2574 3046 2629 nihil
3081 2572 3318 2642 patiatur
3361 2567 3527 2622 detri-

1963 2678 2152 2742 menti,
2187 2674 2400 2732 etiamsi
2434 2671 2658 2726 inﬁnitae
2689 2672 3037 2737 erumpentes
3071 2676 3225 2732 aqua:
3256 2661 3311 2714 in
3353 2659 3532 2728 ipsum

1962 2771 2227 2826 ferantur.
2262 2766 2397 2821 Nam
2421 2779 2545 2819 cum
2577 2763 2727 2818 velut
2756 2761 2810 2814 in
2845 2766 2998 2829 petra
3028 2755 3248 2809 domum
3276 2750 3530 2805 fundave-

1961 2863 2032 2918 rit
2066 2877 2258 2925 suam,
2294 2872 2555 2930 spemque
2597 2869 2754 2910 suam
2808 2852 2863 2907 in
2907 2859 2962 2906 te
3008 2860 3206 2918 magno
3256 2843 3543 2899 Salvatore

1960 2951 2284 3025 reposuerit,
2317 2952 2472 3020 lapsu
2510 2960 2720 3001 vacuus
2754 2952 2811 2999 et
2840 2942 3029 2997 firmus
3068 2937 3371 2994 consistet:
3408 2946 3545 2995 nam

1962 3048 2039 3100 tui
2066 3045 2316 3102 custodia
2372 3043 2544 3104 fulto,
2605 3056 2673 3094 ne
2724 3035 3159 3108 appropinquare
3190 3028 3406 3100 quidem
3442 3033 3535 3083 aut

284 3110 751 3224 ἐγγὺςιγενέσθαῖ
778 3110 1084 3226 δονηθεται.
1132 3110 1478 3224 Καὶ

1959 3136 2112 3205 juxta
2168 3133 2428 3190 accedere
2488 3140 2764 3202 poterunt.
2818 3127 2989 3194 Quam
3046 3125 3179 3180 item
3209 3116 3550 3177 sententiamr

282 3250 498 3319 νοιανὴ
542 3246 636 3300 τοῦ
688 3247 984 3329 Συμμάχου
1032 3245 1376 3317 παρέστησεν
1421 3242 1719 3316 ἑρμηνεία,
1754 3243 1860 3314 φή-

284 3356 426 3392 σασα
445 3356 460 3369 ·
488 3338 630 3408 Περὶ
667 3340 885 3393 τούτου
922 3336 1322 3407 προσεύξεται
1355 3335 1474 3403 πᾶς
1520 3335 1708 3401 ὅσιος,
1741 3335 1861 3389 ἀντὶ

279 3427 397 3494 τοῦ,
428 3428 527 3482 Διὰ
575 3426 736 3482 τοῦτο
785 3420 1145 3501 προσεύξεται
1176 3429 1285 3494 πᾶς
1335 3427 1481 3491 ὅσιός
1529 3443 1610 3479 σοι
1671 3425 1862 3497 καιρὸν

284 3519 480 3595 εὑρὼν,
509 3520 650 3574 ὥστε
700 3520 1060 3585 ὲπικλύζοντα
1103 3522 1269 3576 ὕδατα
1302 3519 1470 3575 πολλὰ
1515 3519 1651 3592 πρὸς
1700 3518 1861 3574 αὑτὸν

285 3610 361 3684 μὴ
388 3611 620 3681 ἐγγίσαι.
656 3611 782 3665 Ἐὰν
820 3611 878 3664 δὲ
918 3611 1058 3666 κατὰ
1089 3613 1217 3677 τοὺς
1261 3612 1662 3683 Ἐϐδομήκοντα
1698 3609 1861 3679 λέγη-

279 3721 372 3761 ται
391 3723 403 3735 ·
444 3704 612 3774 ’Υπὲρ
639 3706 860 3772 ταύτης
890 3704 1284 3772 προσεύξεται
1326 3699 1447 3770 πᾶς
1480 3703 1666 3768 ὅσιος,
1696 3701 1848 3773 ἐροῦ-

286 3814 406 3870 μεν,
432 3799 534 3864 ὅτι,
561 3797 713 3866 ὑπὲρ
742 3798 986 3865 ταύτης,
1002 3796 1201 3869 δηλαδὴ
1220 3795 1322 3866 τῆς
1346 3796 1592 3864 ἀφέσεως
1609 3796 1706 3867 τῆς
1735 3794 1860 3864 ἐμοὶ

281 3889 601 3961 γενομένης.
652 3886 751 3941 Διὰ
800 3887 909 3959 γὰρ
942 3886 1032 3940 τὸν
1068 3887 1160 3940 σὺν
1200 3885 1348 3940 ελεον
1381 3886 1475 3939 καὶ
1505 3884 1604 3956 τὴν
1646 3887 1726 3948 είς
1755 3884 1863 3956 ἐμὲ

281 3978 578 4051 γενομένην
630 3976 1039 4049 φιλανθρωπίαν
1075 3978 1184 4041 πᾶς
1230 3977 1376 4040 ὅσιος
1423 3974 1642 4041 εὔελπις
1680 3974 1855 4041 ἔσται,

281 4071 387 4126 τῶν
412 4070 612 4142 ὁμοίων
649 4069 799 4140 παρὰ
830 4068 925 4123 σοῦ
959 4072 1140 4140 τυχεῖν
1158 4086 1171 4100 ·
1213 4070 1265 4123 εῐ
1285 4086 1415 4122 ποτε
1440 4067 1590 4139 αὐτῷ
1623 4069 1855 4137 γένοιτο,

278 4162 356 4227 ὡς
386 4159 659 4233 ἀνθρώπῳ
689 4160 870 4232 σάρκα
900 4159 1290 4231 περικειμένῳ,
1317 4158 1858 4230 τοιοῦτόατισφάλμα

281 4255 375 4309 καὶ
404 4254 593 4328 καιρὸς
616 4251 868 4324 δεόμενος
895 4251 1086 4322 ὁμοίας
1124 4251 1255 4321 ἐμοὶ
1290 4250 1728 4323 ἐξομολογήσεως
1760 4253 1857 4306 καὶ

280 4364 607 4419 προσευχης.

1963 3227 2291 3299 Symmachi
2324 3224 2699 3296 interpretatio
2747 3220 3011 3279 declarat,
3043 3230 3170 3286 quae
3222 3214 3301 3270 sic
3332 3210 3530 3271 habet,

1962 3321 2048 3383 De
2063 3320 2161 3373 hac
2192 3335 2248 3373 re
2273 3317 2457 3373 orabit
2484 3317 2653 3369 omnis
2683 3322 2896 3368 sanctus
2916 3349 2933 3375 ,
2976 3308 3122 3363 illius
3147 3306 3286 3370 loco,
3310 3307 3547 3372 Propter.

1961 3414 2087 3478 hoc,
2153 3413 2219 3467 ad
2272 3419 2326 3467 te
2364 3409 2540 3465 orabit
2586 3407 2764 3462 omnis
2820 3410 3064 3467 sanctus,
3093 3414 3216 3454 cum
3268 3397 3544 3452 invenerit

1961 3518 2207 3575 tempus,
2242 3504 2318 3558 ila
2375 3508 2435 3555 ut
2477 3499 2818 3555 exundantes
2853 3507 3007 3563 aquae
3056 3491 3238 3544 multa:
3294 3486 3362 3541 ad
3412 3501 3547 3546 eum,

1960 3614 2070 3653 non
2100 3595 2382 3652 accedant.
2424 3591 2577 3659 Quod
2620 3591 2665 3643 si
2695 3585 2992 3644 secundum
3028 3580 3181 3637 LXX.
3205 3578 3547 3648 Interpretes

1960 3691 2205 3754 dicatur,
2239 3686 2479 3755 Prohac
2508 3683 2677 3739 orabit
2709 3680 2878 3736 omnis
2910 3686 3125 3735 sanctus
3146 3713 3173 3745 ,η
3202 3686 3301 3725 ηοε
3334 3669 3414 3724 sic
3441 3683 3538 3722 ex.

1960 3783 2303 3855 plicahimus,
2331 3794 2435 3849 pro,
2450 3776 2569 3842 hac,
2594 3773 2846 3829 videlicet
2861 3767 3184 3830 remissione
3207 3762 3338 3821 mihi
3367 3759 3535 3814 facta.

1959 3875 2093 3931 Nam
2126 3882 2351 3946 propter
2401 3865 2835 3926 misericordiam
2888 3868 3035 3915 tuam
3057 3897 3073 3922 ,
3105 3864 3177 3926 et,
3209 3862 3361 3908 tuum
3406 3864 3544 3919 erga,

1958 3943 2207 4025 homines
2232 3943 2483 4022 amorem
2502 3961 2632 4016 mihi
2665 3956 2989 4017 exhibitum,
3022 3949 3201 4005 omnis
3228 3951 3454 4003 sanctus
3477 3943 3537 3999 in

1958 4076 2109 4132 spem
2155 4059 2337 4116 veniet
2379 4072 2438 4113 se
2486 4052 2685 4112 similia
2732 4048 2829 4104 abs
2872 4053 2928 4102 te
2975 4045 3433 4107 consecuturum,
3486 4033 3541 4101 si

1957 4129 2174 4224 quando
2214 4150 2341 4216 sibi,
2376 4155 2565 4217 utpote
2599 4141 2805 4199 homini
2832 4153 2998 4194 carne
3028 4135 3238 4197 induto,
3272 4129 3535 4184 delictum

1956 4219 2118 4315 atque
2145 4250 2363 4315 tempus
2388 4240 2568 4298 simile
2606 4236 2924 4305 contingat,
2958 4243 3068 4301 quo
3096 4225 3285 4300 itidem
3318 4219 3535 4278 confes-

1957 4337 2110 4392 sione
2135 4343 2198 4404 et
2224 4333 2472 4388 oratione
2503 4344 2641 4400 opus
2678 4326 2899 4381 habeat.

350 4400 605 4491 Συνέταῦ
655 4451 728 4489 σε
775 4432 875 4488 καὶ
913 4431 1181 4503 συμϐιϐὧ
1220 4445 1295 4492 σε
1320 4432 1391 4485 ἐν
1433 4430 1550 4497 ὀδῷ
1586 4431 1769 4501 ταύτῃ
1810 4425 1851 4503 ᾖ

2028 4400 2198 4484 Vens.
2248 4426 2300 4482 8.
2348 4424 2681 4478 Intellectum
2716 4418 2809 4471 tibi
2840 4414 2977 4469 dabo
3009 4420 3058 4465 et
3091 4410 3353 4467 instruant
3399 4410 3446 4454 te
3478 4400 3533 4453 in

1994 4521 2006 4527 -
2082 4519 2093 4527 .
2451 4515 2482 4527 ..
2551 4516 2561 4526 .
2660 4512 2686 4527 ,.
2816 4508 2868 4527 ι,
2914 4512 3129 4527 ,_____,‘
3164 4498 3338 4527 Mn,“
3368 4511 3507 4527 mm.

282 4529 547 4599 τορεύσῃ
566 4545 580 4560 ⁸
603 4528 923 4597 ὲπιστηριῶ
944 4528 1043 4581 ἐπὶ
1076 4526 1152 4581 σὲ
1179 4524 1322 4592 τοὺς
1348 4526 1689 4594 ὀφθαλμούς
1710 4542 1850 4593 μου.

288 4622 361 4697 1‘0
380 4619 670 4692 λεγόμενον
715 4620 805 4674 διὰ
847 4619 941 4673 τοῦ
994 4620 1308 4692 προφήτου·
1351 4619 1474 4671 Ἔτι
1515 4617 1853 4684 λαλοῦντός

278 4728 418 4779 σου,
454 4708 594 4779 ἐρῶ·
631 4709 776 4764 Ἰδοὺ
804 4710 1061 4779 πάρειμι,
1099 4710 1195 4765 καὶ
1228 4709 1322 4762 ἐπὶ
1342 4706 1437 4761 τοῦ
1487 4706 1649 4762 Δαυῖδ
1682 4705 1852 4778 ἐπλη-

281 4804 459 4879 ροῦτο.
484 4802 628 4857 Διότι
656 4802 950 4874 εὐχομένου
977 4804 1071 4857 καλ⁵
1091 4803 1191 4873 τὴν
1206 4802 1392 4874 δέησιν
1414 4802 1848 4871 ἀναπέμποντος,

280 4900 338 4954 τὸ
356 4897 582 4969 Πνεῦμα
606 4895 671 4949 τὸ
694 4894 834 4950 θεῖον
861 4897 1205 4970 ἀποκρίσεως
1253 4895 1415 4950 αὐτὸν
1443 4895 1604 4961 ἀξιοῖ,
1629 4892 1849 4966 θαρσεῖν

279 4990 429 5062 αὐτῷ
468 4989 994 5063 παρακελευόμενον,
1029 4988 1172 5059 Ἐγὼ
1198 4991 1307 5062 γάρ
1336 5003 1433 5053 σε,
1476 4987 1663 5059 φησὶν,
1698 5001 1850 5041 συνσ-

279 5082 413 5140 ατιῶ
449 5082 551 5139 καὶ
594 5081 860 5152 συμόιόὤ
901 5097 1003 5137 σε’
1050 5081 1167 5136 ἀνθ’
1199 5077 1262 5137 οὗ
1301 5084 1329 5136 ὀ
1370 5082 1602 5146 Ἀκύλας
1649 5080 1844 5150 φησίν

288 5173 712 5244 Ἐπιστημώσω
740 5189 814 5228 σε
842 5173 940 5229 καὶ
977 5175 1215 5243 φωτίσω
1253 5191 1326 5228 σε
1356 5176 1426 5229 ἐν
1455 5174 1572 5241 ὁδῷ
1601 5174 1784 5241 ταύτῃ
1809 5167 1849 5244 ᾗ

281 5267 546 5337 πορεύσῃ
567 5284 580 5297 ·
614 5267 643 5318 ὁ
669 5265 724 5319 δὲ
752 5265 1043 5337 Σύμμαχος
1065 5282 1078 5295 ·
1121 5267 1424 5320 Συνετίσω
1457 5282 1530 5319 σε
1570 5265 1667 5318 καὶ
1699 5266 1848 5319 ὑπο-

280 5356 449 5422 δείξω
491 5373 590 5410 σοι
635 5355 780 5410 ὁδὸν
823 5354 905 5422 ἢν
928 5355 1217 5421 όὸεὐσεις.
1271 5355 1693 5424 Ἐπαγγέλλεται
1742 5353 1848 5426 γὰρ

281 5450 439 5515 Ξεῐξαι
471 5446 619 5519 αὐτῷ
644 5449 735 5502 τὸν
764 5448 985 5501 εἰπόντα
1004 5464 1017 5476 θ
1058 5445 1200 5517 Ἐγώ
1239 5448 1355 5516 ειμι
1383 5447 1421 5514 ἡ
1450 5446 1609 5513 ὁδός.
1644 5443 1754 5500 Ἦν
1790 5445 1849 5499 δὲ

282 5536 427 5608 abeo;
456 5544 485 5596 ὁ
516 5540 612 5595 τοῦ
651 5539 788 5594 Θεοῦ
831 5538 1024 5609 Λόγος,
1051 5539 1080 5591 ὁ
1107 5539 1234 5602 τοὺς
1271 5536 1552 5603 ὁδεύοντας
1577 5539 1722 5609 ἄγων
1756 5538 1849 5599 ἐπὶ

381 5720 424 5753 ⁸⁷
466 5723 570 5777 iss.
608 5734 762 5785 cvm,
794 5717 846 5776 9.
947 5719 991 5754 ⁹⁸
1028 5719 1186 5772 .luau.
1227 5735 1334 5788 xw,
1381 5718 1431 5777 6.

1958 4521 2039 4575 uia
2073 4519 2172 4574 hac
2203 4534 2308 4589 qua
2329 4515 2621 4587 gradieris:
2651 4508 2874 4580 ﬁrmabo
2904 4520 3058 4575 super
3082 4512 3129 4555 te
3159 4498 3338 4555 oculos
3368 4511 3529 4549 meos.

1956 4612 2111 4681 Quod
2141 4613 2223 4669 sic
2253 4627 2285 4666 a
2313 4609 2577 4680 propheta
2608 4606 2816 4661 dictum
2837 4610 2955 4663 est,
2990 4596 3176 4655 Adhuc
3212 4601 3259 4646 te
3294 4592 3532 4660 loquente

1954 4706 2128 4760 dicam
2153 4722 2171 4760 :
2206 4704 2339 4759 Ecce
2367 4701 2557 4756 adsum
2585 4700 2631 4731 ’⁷
2651 4738 2667 4763 ,
2716 4701 2772 4751 in
2801 4693 3001 4749 Davide
3030 4687 3373 4760 implebatur.
3410 4681 3532 4754 lpsu

1953 4813 2189 4870 namque
2218 4804 2409 4853 orante
2441 4809 2506 4848 ac
2529 4787 2980 4861 supplicationem
3007 4781 3306 4841 emittente,
3355 4774 3528 4846 Spiri-

1950 4894 2043 4948 tus
2070 4890 2293 4946 divinus
2324 4886 2426 4957 ipsi
2452 4881 2785 4954 respondere
2824 4878 3100 4948 dignatus,
3138 4871 3274 4925 bene
3307 4878 3528 4957 sperare

1951 4985 2127 5057 jubet.
2152 4980 2264 5052 Ego
2292 4954 2460 5041 enim,
2491 4972 2667 5045 inquit
2686 5013 2701 5038 ,
2725 4968 3045 5024 intellectum
3070 4961 3165 5016 tibi
3199 4958 3335 5013 dabo
3364 4965 3413 5011 et
3452 4954 3530 5008 iu-

1957 5051 2161 5134 struam
2204 5051 2271 5127 te.
2306 5069 2412 5125 Pro
2437 5083 2547 5139 quo
2576 5063 2769 5135 Aquila
2789 5101 2803 5126 ,
2857 5058 3114 5114 Scientcm
3169 5062 3216 5107 te
3248 5051 3444 5122 faciam
3475 5053 3527 5099 et

1957 5166 2267 5223 illuminabo
2299 5174 2347 5217 te
2383 5160 2546 5229 invia
2584 5159 2683 5212 hac
2707 5171 2811 5223 qua
2843 5150 3135 5224 gradieris;
3164 5140 3539 5218 Symmachus,

1957 5276 2107 5326 vero,
2132 5258 2446 5313 Prudentem
2469 5264 2516 5308 te
2546 5252 2741 5323 faciam
2763 5259 2813 5304 et
2842 5243 3112 5301 ostendam
3135 5240 3230 5295 tibi
3256 5238 3389 5292 viam
3422 5246 3537 5302 qxa‘

1959 5349 2194 5406 incedas.
2245 5347 2541 5402 Pollicetur
2597 5344 2741 5400 enim
2789 5333 3201 5395 monstrandam
3249 5324 3352 5396 ipsi
3401 5337 3525 5376 esse

1957 5446 2098 5501 viam
2129 5443 2197 5498 ab
2220 5456 2285 5497 eo
2315 5440 2407 5511 qui
2432 5438 2588 5501 dixit,
2609 5435 2713 5507 Ego
2735 5449 2853 5490 sum
2873 5431 2955 5487 via
2978 5428 3044 5482 ’⁸.
3070 5425 3170 5480 Hie
3189 5427 3389 5511 autem.
3406 5419 3530 5476 erat.
3547 5468 3563 5486 .

1962 5535 2056 5593 Dei
2085 5505 2347 5601 Verbum;
2378 5532 2520 5607 quod
2548 5505 2893 5602 iter—agentes
2923 5521 2986 5578 ad
3019 5531 3102 5575 ter
3134 5513 3338 5570 felicem
3361 5505 3536 5583 (luem
