3980 6214
472 229 578 292 ιιτθ

1133 229 1401 286 EUSEBll
1437 231 1915 292 C/ESARIENSIS
1953 235 2039 291 ΟΡ

2149 237 2323 293 mus
2355 238 2447 296 ιιι.
2490 213 2556 281 1-
2592 240 3002 316 EXEGETiCA.

3615 247 3723 308 380

472 349 588 405 sive
620 343 690 402 ad
722 343 937 400 Patrem
983 343 1250 401 deducit.
1279 345 1428 402 Loco
1473 355 1652 402 autem
1696 349 1872 416 illius,
1920 349 2041 408 Fir-

2149 353 2297 420 τέλος
2325 355 2385 408 τὸ
2405 340 2824 428 τρισμακάριον,
2856 358 2948 413 τὸν
2994 358 3186 413 ἑαυτοῦ
3216 358 3450 432 Πατέρας
3490 359 3638 416 Ἀντί
3662 363 3723 418 δὲ

473 438 626 495 mabo
656 454 811 509 super
840 446 886 492 te
913 437 1092 494 oculos
1116 455 1274 502 meos,
1302 437 1665 510 Symmachus
1690 442 1872 510 habet,
1904 443 2042 499 Con-

473 530 679 587 sultabo
700 530 764 584 de
793 541 842 584 te
864 531 1014 587 oculo
1045 547 1179 585 meo.
1207 529 1345 597 Quia
1375 532 1521 588 enim
1551 535 1691 589 oculi
1717 533 1930 590 Domini
1955 554 2047 593 su-

465 641 559 692 per
593 623 793 692 justas,
827 633 879 677 et
905 640 1058 678 aures
1090 627 1204 693 ejus
1248 624 1317 678 ad
1349 640 1524 694 preces
1593 644 1772 683 eorum
1797 630 1881 696 ’9;
1925 647 2043 686 me-

472 718 575 773 rito
613 733 739 774 eum
788 717 881 788 qui
926 716 1055 771 talia
1110 724 1362 788 precatus
1417 727 1542 784 est,
1594 719 1759 776 oculo
1790 723 2047 793 dignatur

471 824 602 875 suo,
657 816 717 864 ut
747 809 916 865 radiis
956 808 1063 864 illis
1109 824 1176 863 ex
1219 809 1407 865 divino
1437 811 1597 866 oculo
1645 813 1864 870 emissis
1914 816 2042 870 illu-x

472 908 672 958 stratus
698 907 877 954 mente
897 937 911 962 ,
940 895 1083 952 viam
1127 905 1316 952 cernat
1348 897 1451 953 sibi
1483 900 1829 970 promissam.
1865 903 2044 970 Quare

471 992 612 1049 oculi
645 990 860 1046 Domini
895 1005 1002 1044 non
1035 1006 1199 1060 super
1227 1006 1416 1046 omnes
1441 1031 1456 1057 ,
1517 991 1610 1048 sed
1665 1010 1820 1063 super
1863 995 2041 1065 justas

471 1094 712 1151 tantum;
749 1097 875 1138 nam
902 1082 970 1136 ab
999 1082 1182 1152 impiis
1211 1081 1403 1137 oculos
1444 1097 1575 1138 suos
1613 1085 1826 1141 avertit.

2144 447 2258 512 τοῦ,
2309 449 2658 525 Ἐπιστηριῶ
2704 450 2804 504 ἐπὶ
2846 451 2920 505 σὲ
2965 450 3109 519 τοὺς
3175 453 3518 524 ὀφθαλμούς
3577 472 3720 524 μου,

2143 541 2173 594 ὁ
2212 541 2538 613 Σύμμαχος,
2581 545 3032 614 Βουλεύσομαι,
3085 545 3249 616 φησὶ,
3299 545 3430 614 περὶ
3473 542 3593 600 σοῦ
3641 544 3725 613 τῷ

2146 633 2431 703 ὀφθαλμῷ
2459 652 2598 704 μου.
2638 636 2856 708 Ἐπειδὴ
2899 637 3008 709 γὰρ
3040 637 3332 707 ὀφθαλμοὶ
3368 638 3590 707 Κυρίου
3622 639 3722 696 ἐπὶ

2147 724 2441 792 δικαίους,
2471 727 2570 782 καὶ
2597 723 2717 782 ὦτα
2745 729 2930 784 αὑτοῦ
2963 732 3050 798 εὶς
3079 729 3292 798 δέησιν
3310 729 3507 786 αὐτῶν
3529 749 3543 764 ο
3580 731 3724 787 εἰκό-

2148 837 2255 883 τως
2280 819 2370 872 τὸν
2403 820 2638 874 τοσαῦτα
2660 822 2932 894 ηὑγμένον
2962 821 3206 885 καταξιοῖ
3224 821 3318 878 τοῦ
3361 823 3490 877 ίδίου
3522 822 3722 894 ὀφθαλ-

2151 910 2275 980 μοῦ,
2307 911 2475 977 ὅπως,
2510 913 2575 967 ἐκ
2609 913 2717 967 τῶν
2771 915 3112 986 φωτιστικῶν
3148 915 3326 970 αὑτῶν
3373 915 3482 970 τῶν
3515 917 3581 971 ἐκ
3626 915 3723 971 τοῦ

2149 1000 2295 1056 θείου
2321 1004 2598 1077 ὀφθαλμοῦ
2628 1008 2991 1080 πεμπομένων
3019 1008 3307 1078 φωτισθεὶς
3334 1009 3432 1080 τὴν
3461 1009 3724 1074 διάνοιαν,

2146 1094 2243 1166 τὴν
2281 1096 2396 1152 ὁδὸν
2443 1097 2700 1171 θεάσηται
2743 1101 2842 1172 τὴν
2876 1101 3287 1173 ἐπηγγελμένην
3319 1100 3484 1172 αὐτῷ.
3525 1101 3727 1174 Διόπερ

471 1171 729 1248 δφθαλμοὶ
769 1177 976 1248 Κυρίου
1025 1177 1124 1230 οὐκ
1166 1176 1258 1229 ἐπὶ
1295 1177 1523 1240 πάντας,
1574 1177 1687 1230 ἀλλ’
1723 1177 1820 1231 ἐπὶ
1859 1180 2054 1249 μόνους
2091 1187 2234 1256 τοὺς
2280 1189 2550 1262 δικαίους
2578 1210 2591 1223 ·
2626 1193 2736 1247 ἀπὸ
2784 1171 2892 1266 γὰρ
2955 1171 3064 1248 τῶν
3120 1171 3332 1250 ἀσεϐῶν
3387 1171 3725 1264 ἀποστρέφεί

474 1269 590 1332 τοὺς
622 1268 815 1322 ἑαυτοῦ
850 1267 1182 1340 ὀφθαλμούς.

537 1362 703 1420 Vsus.
740 1366 824 1420 11.
851 1364 1132 1421 Lwtamini
1160 1367 1214 1420 in
1242 1364 1464 1424 Domino
1493 1377 1541 1423 et
1581 1368 1861 1434 exsultate,
1886 1370 2044 1440 justi,

2174 1437 2183 1446 .
2223 1374 2613 1444 Εὐφράνθητε
2657 1375 2755 1437 ἐπὶ
2781 1377 3000 1446 Κύριον
3047 1377 3145 1432 καὶ
3200 1379 3593 1448 ἀγαλλιᾶσθε,
3638 1382 3729 1436 δί-

471 1468 515 1513 at
543 1458 870 1529 gloriamini,
900 1475 1074 1518 omnes
1105 1461 1233 1512 recti
1272 1459 1447 1514 corde.
1479 1459 1775 1530 Postquam
1804 1477 2041 1532 respon-

2154 1483 2329 1531 καιοι,
2358 1467 2455 1520 καὶ
2485 1468 2816 1538 καυχᾶσθε,
2845 1469 3066 1536 πάντες
3093 1473 3146 1523 οἱ
3173 1469 3366 1536 εὐθεῖς
3395 1469 3470 1538 τῇ
3489 1471 3726 1542 καρδίᾳ.

471 1548 678 1611 sionem
706 1549 772 1602 ad
807 1558 1118 1620 precantem
1159 1564 1342 1605 sermo
1371 1549 1666 1619 conclusit,
1708 1561 1832 1622 post
1879 1568 2041 1624 supra

2151 1556 2503 1628 Περιγράψας
2534 1559 2561 1610 ὀ
2604 1559 2759 1628 λόγος
2804 1559 2902 1631 τὴν
2930 1559 3067 1632 πρὸς
3117 1559 3208 1613 τὸν
3251 1560 3545 1631 εὐξάμενον
3588 1563 3718 1616 ἀπό-

471 1639 738 1696 dictorum
791 1641 1258 1712 promissionem,
1307 1640 1376 1696 ad
1427 1657 1717 1699 commune
1761 1644 2041 1700 hominum

2150 1664 2361 1718 κρισιν,
2400 1648 2864 1720 ὲπαγγειλάμενός
2905 1666 2964 1702 τε
3001 1648 3150 1720 αὑτῷ
3187 1650 3256 1702 τά
3296 1650 3727 1722 προλελεγμένα,

471 1748 641 1802 genus
668 1747 850 1788 sermo
886 1733 1217 1788 transfertur
1247 1753 1260 1789 :
1292 1735 1422 1803 quia
1452 1734 1522 1788 ob
1553 1736 1662 1790 vim
1695 1736 1898 1792 amoris
1925 1737 2041 1793 vult

2152 1736 2464 1808 μεταϐαίνει
2516 1738 2607 1790 ἐπὶ
2667 1739 2730 1791 τὸ
2788 1739 2966 1792 κοινὸν
3017 1738 3124 1792 τῶν
3182 1736 3482 1810 ἀνθρώπων
3538 1739 3725 1807 γένος,

471 1837 661 1878 omnes
692 1823 922 1898 salutem
963 1823 1233 1878 obtinere.
1276 1822 1506 1895 Ipseque
1548 1825 1714 1880 David
1752 1833 2043 1896 postquam

471 1915 868 1972 confessionem
904 1931 1058 1970 suam
1102 1916 1362 1982 absolvit,
1398 1917 1540 1973 felici
1578 1921 1938 1990 responsione
1980 1937 2045 1977 ac

472 2008 860 2078 pollicitatione
891 2007 1149 2074 donatus,
1185 2023 1251 2063 ex
1293 2010 1342 2063 vi
1375 2009 1558 2080 gaudii
1608 2013 1833 2082 reliquis
1879 2011 2045 2068 etiam

471 2100 786 2156 hominibus
828 2101 1020 2158 istbazc
1061 2101 1428 2158 emolumenta
1480 2104 1774 2159 conciliare
1822 2105 2042 2177 satagit.

474 2190 752 2258 Lwtamini
803 2193 855 2246 in
896 2192 1124 2249 Domino
1157 2202 1206 2249 et
1243 2194 1524 2261 exsultate,
1551 2196 1711 2265 justi,
1761 2206 1813 2250 et
1843 2197 2046 2268 gloria-

472 2284 624 2348 mini,
660 2299 838 2337 omnes
886 2284 1016 2339 recti
1059 2285 1233 2340 corde.
1283 2283 1749 2354 Quemadmodum
1791 2294 2046 2356 peccato-

471 2389 590 2428 rum
634 2373 815 2429 ordini
847 2374 915 2428 ad
952 2375 1236 2430 sinistram
1281 2376 1480 2445 posito,
1517 2384 1910 2447 congruentem
1948 2377 2046 2438 de-

469 2465 547 2519 dit
579 2463 1026 2529 admonitiqnem,
1059 2466 1368 2536 exemplum
1399 2481 1521 2521 sese
1554 2467 1802 2537 pne-hens
1845 2468 1913 2523 iis
1951 2468 2044 2538 qui

470 2573 500 2624 ιι
535 2559 774 2629 peccatis
815 2567 1248 2626 convertuntur;
1296 2559 1378 2614 sic
1417 2559 1582 2626 etiam
1623 2560 1789 2630 justis
1824 2561 2045 2636 propria

469 2653 570 2710 sibi
606 2669 670 2710 ac
696 2654 1076 2709 convenientia
1117 2655 1406 2708 annuntiat
1437 2654 1491 2708 in
1520 2655 1810 2723 praesenti,
1843 2654 2042 2708 cohor-

468 2753 592 2802 taus
627 2745 752 2802 illos
793 2754 853 2800 ut
883 2747 951 2801 de
984 2746 1133 2801 nulla
1173 2754 1514 2802 terrenarum
1561 2761 1744 2809 rerum
1772 2747 2041 2811 laetentur,

468 2839 564 2900 sed
599 2839 664 2893 de
687 2837 917 2894 Domino
944 2839 1232 2909 magnifice
1265 2839 1526 2900 sentiant,
1559 2845 1614 2892 et
1639 2838 1705 2892 de
1727 2843 1878 2890 tanto
1900 2837 2043 2891 bono

468 2934 740 3006 gaudeant
772 2941 827 2987 et
869 2933 1163 2987 exsultent.
1199 2930 1311 2985 Sed
1353 2931 1540 2992 etiam,
1576 2929 1665 2998 qui
1691 2929 1960 2998 gloriatur
1989 2931 2044 2986 in

465 3028 694 3084 Domino
723 3026 997 3096 glorietur,
1044 3023 1121 3077 ait
1149 3022 1446 3094 Apostolus
1473 3022 1511 3072 ¹.
1538 3019 1670 3088 Jure
1717 3021 1898 3091 itaque
1940 3022 2043 3076 hoc

2147 1831 2213 1884 δι’
2245 1831 2549 1904 ὑπερϐολὴν
2581 1831 2989 1904 φιλανθρωπίας
3023 1831 3231 1896 πάντας
3264 1831 3583 1903 βουλόμενος
3623 1849 3730 1887 σω-

2150 1924 2328 1994 θῆναι.
2345 1925 2452 1979 Καὶ
2476 1925 2635 1990 αὐτὸς
2666 1925 2721 1978 δὲ
2752 1925 2781 1977 ὁ
2809 1924 2990 1989 Δαυῒδ,
3019 1923 3379 1997 προσδιελθὼν
3407 1924 3505 1995 τὴν
3533 1923 3730 1980 ἑαυτοῦ

2149 2015 2554 2087 ἐξομολόγησιν,
2592 2016 2775 2079 αἰσίας
2808 2033 2867 2068 τε
2898 2015 3240 2086 ἀποκρίσεως
3271 2015 3362 2068 καὶ
3393 2015 3730 2084 ἐπαγγελίας

2148 2105 2523 2172 καταξιωθεὶς,
2543 2105 2600 2173 ἐξ
2619 2105 2854 2178 ὑπερϐα)
2864 2105 3060 2177 λούσης
3080 2107 3253 2178 χαρᾶς
3276 2106 3369 2160 καὶ
3391 2108 3502 2170 τοῖς
3522 2105 3730 2172 λοιποῖς

2149 2198 2458 2272 ἀνθρώποις
2492 2198 2741 2272 προξενεῖ
2777 2196 2845 2250 τά
2881 2197 2980 2266 τῆς
3017 2197 3304 2266 ὠφελείας.
3338 2198 3729 2268 Εὐφράνθητε

2147 2289 2246 2344 ἐπὶ
2284 2289 2503 2356 Κύριον
2532 2287 2632 2348 καὶ
2674 2285 3071 2357 ἀγαλλιᾶσθε,
3112 2286 3344 2350 δίκαιοι,
3377 2286 3475 2339 καὶ
3504 2285 3730 2354 καυχᾶ-

2149 2383 2258 2434 σθε
2292 2378 2514 2444 πάντες
2547 2381 2600 2431 οἱ
2633 2376 2826 2444 εὐθεῖς
2866 2377 2941 2445 τῇ
2976 2377 3208 2446 καρδίᾳ.
3258 2377 3467 2448 Ὥσπερ
3490 2375 3568 2447 τῷ
3608 2377 3736 2448 ἀρι-,

2152 2470 2324 2544 στερῷ
2355 2471 2594 2545 τάγματι
2617 2469 2726 2524 τῶν
2759 2469 3098 2542 ἁμαρτωλῶν
3118 2469 3188 2522 τά
3218 2467 3526 2539 κατάλληλα
3549 2468 3732 2540 παρῇ-τ

2148 2580 2322 2629 νεσεν,
2348 2564 2536 2617 ἑαυτὸν
2571 2563 2872 2632 ὑπόδειγμα
2896 2560 3190 2632 παρασχὼν
3222 2564 3333 2625 τοῖς
3353 2560 3411 2625 se
3443 2559 3730 2631 ἁμαρτιῶν

2149 2656 2566 2728 ἐπιστρέφουσιν
2585 2672 2598 2686 ο
2629 2655 2769 2708 οὑτω
2803 2656 2898 2710 καὶ
2933 2657 3046 2718 τοῖς
3074 2654 3304 2718 δικαίοις
3323 2655 3392 2706 τὰ
3425 2655 3601 2706 οἰκεῖα

2149 2743 2598 2818 αὑτοῖςάρμόδια
2618 2747 3026 2816 εὐαγγελίζεται
3059 2749 3145 2804 διὰ
3181 2748 3291 2802 τῶν
3325 2747 3726 2820 προκειμένων,

2149 2838 2428 2910 παραινῶν
2462 2839 2644 2903 αὑτοῖς
2691 2841 2782 2892 ἐπὶ
2819 2840 3005 2910 μηδενὶ
3041 2841 3138 2912 μὲν
3171 2841 3279 2894 τῶν
3313 2839 3586 2912 κοσμικῶν
3634 2839 3731 2892 εὑ-

2150 2932 2492 3002 φραίνεσθαι,
2539 2933 2630 2984 ἐπὶ
2671 2932 2725 2986 δὲ
2769 2931 2858 2984 τὸν
2892 2932 3093 3005 Κύριον
3154 2934 3294 3004 μέγα
3334 2935 3577 3005 φρονεῖν,
3629 2929 3732 2984 καὶ

2151 3025 2234 3079 ἐπ’
2265 3023 2412 3094 αὑτῷ
2435 3024 2579 3095 μόνῳ
2603 3024 3007 3097 εὐφραίνεσθαι,
3029 3026 3238 3098 χαίρειν
3259 3043 3317 3078 τε
3343 3026 3436 3080 καὶ
3463 3022 3735 3094 ὰγαλλιᾷν.

468 3120 592 3175 loco
621 3118 790 3173 totius
814 3115 1086 3172 sermonis
1128 3114 1288 3169 finem
1320 3112 1449 3170 facit
1483 3112 1569 3167 his
1601 3111 1806 3176 verbis,
1841 3111 1909 3164 Et
1928 3113 2041 3182 glo-

2149 3118 2236 3170 ὲπὶ
2284 3117 2364 3188 τῷ
2394 3117 2634 3189 τοσούτῳ
2676 3117 2884 3188 ἀγαθῷ.
2927 3117 3087 3170 Ἀλλά
3130 3119 3224 3172 καὶ
3276 3121 3308 3172 ὁ
3342 3116 3730 3187 καυχώμενος

467 3211 686 3283 ﬂamini
713 3210 766 3264 in
800 3208 915 3273 illo,
959 3224 1135 3262 omnes
1183 3209 1312 3270 recti
1346 3204 1500 3272 corde
1525 3221 1544 3258 :
1573 3220 1748 3274 neque
1779 3204 1846 3264 de
1886 3205 2041 3268 vobis

467 3303 603 3373 ipsis
632 3301 917 3373 magniﬁce
946 3299 1218 3364 sentiatis,
1252 3298 1350 3354 sed
1407 3297 1475 3354 de
1528 3296 1650 3367 ipso
1683 3295 1913 3352 Domino
1947 3297 2041 3367 qui

466 3394 622 3462 vobis
649 3394 871 3450 virtutis
903 3393 1081 3448 omnis
1113 3398 1305 3447 auctor
1343 3390 1466 3454 fuit.

2145 3209 2214 3262 ἐν
2239 3212 2430 3277 Κυρίῳ
2464 3210 2806 3280 καυχάσθω,
2825 3209 2965 3264 κατὰ
2991 3210 3081 3268 τδν
3122 3209 3458 3264 Ἀπόστολον.
3488 3210 3735 3271 Εἰκότως

2147 3295 2238 3358 οὖν
2269 3302 2362 3354 καὶ
2402 3301 2633 3354 ἐνταῦθα
2671 3302 2731 3354 τὸ
2765 3302 3137 3374 συμπέρασμα
3182 3300 3276 3354 τοῦ
3326 3301 3523 3365 παντὸς
3562 3299 3732 3368 λόγου

2149 3389 2599 3463 ὲπισφραγίζεται
2627 3392 2818 3460 λέγων’
2836 3392 2943 3446 Καὶ
2967 3391 3272 3462 καυχᾶσθε
3291 3393 3361 3446 ἐν
3377 3391 3556 3458 αὐτῷ,
3575 3389 3733 3445 πάν-

465 3503 562 3554 τες
586 3491 640 3541 οἱ
667 3485 860 3553 εὐθεῖς
887 3483 963 3556 τῇ
1000 3485 1245 3554 καρδίᾳ·
1287 3484 1364 3558 μὴ
1396 3483 1505 3556 γὰρ
1537 3486 1622 3554 ἐφ’
1659 3484 1869 3547 ἑαυτοῖς
1905 3482 2045 3554 μέγα
2083 3487 2319 3556 φρονεῖν,
2352 3484 2467 3549 ἀλλ’
2493 3487 2579 3538 ἐπ’
2610 3485 2757 3556 αὑτῷ
2783 3485 2861 3555 τῷ
2903 3485 3083 3556 πάσης
3114 3487 3240 3557 ὑμῖν
3303 3486 3504 3557 ἀρετῆς
3566 3483 3731 3558 αἰτίῳ

465 3579 740 3651 γενομένῳ
761 3579 974 3650 Κυρίῳ.

833 3694 1157 3756 PSALMUS
1195 3694 1404 3749 DAVID
1441 3694 1658 3759 XXXII.

539 3788 850 3856 Secundum
877 3786 1200 3842 liebraicam
1229 3788 1520 3842 lectionem
1543 3794 1595 3841 et
1627 3786 1924 3842 secundum
1952 3801 2038 3840 re—

467 3882 648 3951 liquos
691 3881 1014 3950 interpretes
1062 3879 1422 3949 inscriptione
1467 3887 1617 3934 caret
1647 3879 1736 3934 hic
1773 3879 2035 3949 psalmus,

466 3972 808 4040 multamque
847 3984 972 4025 cum
1007 3969 1336 4041 praecedenti
1389 3968 1807 4025 consonantiam
1855 3969 2037 4023 habet.

468 4060 605 4116 Cum
635 4062 780 4116 enim
825 4059 881 4114 in
912 4059 1018 4114 fine
1067 4059 1215 4115 illius
1247 4059 1499 4126 dixisset,
1523 4059 1806 4114 La’tamint'
1839 4060 1894 4113 in
1938 4058 2043 4111 Do-

468 4155 632 4218 mino,
655 4161 705 4206 et
722 4151 1160 4223 exsultatujusti,
1187 4151 1255 4207 ab
1283 4151 1477 4206 iisdem
1503 4150 1672 4206 ferme
1696 4152 1878 4208 verbis
1904 4165 2042 4221 pra:-

470 4255 682 4308 sentem
723 4245 958 4311 orditur,
987 4245 1154 4302 Vsus.
1188 4246 1213 4302 1
1249 4264 1262 4301 :
1302 4243 1605 4311 Exsultate,
1629 4245 1788 4315 justi,
1832 4246 1888 4298 in
1933 4244 2041 4298 Do-

473 4341 636 4406 mino.
670 4337 1005 4410 Videturque
1034 4337 1165 4391 mihi
1195 4353 1257 4393 ea
1290 4353 1412 4408 qua:
1442 4337 1496 4391 in
1519 4337 1775 4408 praesenti
1805 4337 2040 4408 prophe-

2521 3688 2813 3746 ΨΑΛΜΟΣ
2852 3689 2939 3742 ΤΩ
2980 3689 3180 3741 ΔᾹΥΙΔ
3217 3688 3340 3743 AB'.

2213 3781 2370 3836 Κατὰ
2427 3779 2523 3851 τὴν
2577 3780 2871 3851 Ἐϐραϊκὴν
2921 3781 3224 3848 ἀνάγνωσιν
3269 3780 3364 3833 καὶ
3402 3780 3544 3850 κατά
3595 3782 3728 3846 τοὺς

2143 3874 2365 3937 λοιποὺς
2398 3871 2738 3943 έρμηνευτάς
2793 3872 3163 3944 άνεπίγραφός
3211 3875 3358 3926 ἐστιν
3405 3875 3433 3927 ὁ
3475 3873 3722 3946 ψαλμός·

2148 3967 2348 4040 πολλὴν
2405 3965 2461 4018 δὲ
2502 3963 2695 4028 σώζειῖ
2729 3965 3048 4020 ἀκολουθίαν
3091 3965 3227 4037 πρὸς
3256 3965 3346 4019 τὸν
3389 3966 3496 4038 πρὸ
3529 3964 3722 4022 αὑτοῦ.

2146 4058 2432 4130 Προειπὼν
2463 4059 2571 4130 γὰρ
2599 4058 2738 4112 κατὰ
2773 4058 2834 4111 τὸ
2876 4057 3028 4122 τέλος
3057 4058 3262 4115 ἐκείνου
3287 4075 3301 4089 ·
3332 4061 3726 4128 Εὐφράνθητε

2146 4152 2246 4205 ἐπὶ
2286 4154 2502 4220 Κύριον
2549 4150 2649 4206 καὶ
2696 4149 3101 4220 ἀγαλλιᾶσθε,
3133 4149 3387 4206 δίκαιοι.
3438 4151 3724 4222 μονονουχὶ

2146 4244 2316 4314 αὐτῆς
2349 4243 2548 4315 ἤρξατο
2577 4242 2675 4312 τῆς
2713 4241 2909 4308 λέξεως
2953 4241 3044 4295 τοῦ
3096 4241 3476 4321 προκειμένου,
3503 4244 3685 4314 φήσας
3705 4260 3719 4273 ·

2158 4334 2561 4405 Ἀγαλλιᾶσθε,
2613 4334 2847 4396 δίκαιοι,
2892 4334 2962 4386 ἐν
3011 4334 3225 4402 Κυρίῳ.
3272 4333 3381 4386 Καί
3435 4351 3523 4405 μοι
3574 4333 3728 4389 δοκεῖ

469 4430 576 4488 tice
607 4429 885 4495 dicuntur,
917 4429 983 4488 ad
1030 4443 1325 4500 personam
1370 4443 1560 4483 eorum
1611 4428 1704 4498 qui
1753 4426 1808 4482 in
1838 4443 2041 4497 praece-

2149 4426 2498 4501 προφητικῶς
2543 4425 2611 4480 τὰ
2652 4425 2916 4496 λεγόμενα
2949 4424 3037 4478 διὰ
3066 4425 3173 4478 τῶν
3213 4425 3589 4497 προκειμένων
3639 4427 3721 4488 είς

469 4523 617 4578 denti
650 4523 860 4594 psalmo
907 4522 1224 4578 indicantur
1254 4520 1482 4586 referri,
1534 4521 1837 4576 secundum
1869 4519 2038 4575 illud:

467 4613 623 4679 Beati
662 4632 883 4685 quorum
917 4616 1151 4668 remissw
1186 4623 1306 4675 sunt
1351 4614 1677 4685 iniquitates,
1724 4622 1773 4667 et
1819 4629 2040 4683 quorum

470 4713 606 4760 tecta
634 4715 755 4759 sunt
779 4714 1010 4774 peccata.
1046 4703 1184 4760 Nam
1227 4704 1295 4759 ad
1346 4719 1440 4759 eos
1473 4704 1566 4774 qui
1613 4720 1709 4775 per
1739 4703 2039 4762 salutarem

469 4798 704 4868 gratiam
743 4797 1125 4852 remissionem
1171 4803 1523 4872 peccatorum
1557 4797 1838 4852 consecuti
1886 4805 2035 4864 sunt,

467 4890 524 4945 id
559 4888 850 4944 vociferari
882 4887 1119 4954 videtur,
1161 4887 1460 4956 Exsultate,
1499 4887 1660 4957 justi,
1684 4889 1738 4942 in
1787 4889 2035 4948 Domino.

466 4977 589 5039 Non
635 4979 1070 5050 vobismetipsis,
1121 4995 1230 5044 non
1281 4981 1536 5051 cuiquam
1569 4982 1911 5037 saecularium
1948 4999 2040 5039 re-

468 5088 614 5136 rum,
656 5070 753 5130 sed
784 5071 1020 5130 Domino
1049 5071 1266 5134 confisi,
1311 5072 1366 5142 in
1401 5073 1519 5142 ipso
1550 5071 1868 5145 dignitatem
1897 5089 2038 5145 prae-

469 5166 727 5232 ferentes,
759 5165 815 5221 in
850 5167 972 5236 ipso
1001 5165 1322 5236 gloriantes,
1350 5166 1622 5222 exsultate
1651 5183 1768 5234 vos,
1809 5183 1843 5223 ο
1872 5168 2040 5236 beati,

467 5273 703 5332 quorum
733 5257 974 5313 remissae
1006 5263 1134 5312 sunt
1167 5249 1595 5326 iniquitates,'et
1633 5275 1865 5330 quorum
1893 5267 2036 5318 tecta

469 5361 601 5410 Sunt.
626 5362 867 5424 peccata.
920 5351 1104 5412 Rectos
1150 5357 1351 5424 quippe
1389 5370 1602 5421 omnes,
1652 5353 1850 5425 inquit,
1894 5354 2038 5408 decet

449 5442 568 5501 -D:i
612 5443 969 5510 collaudatio;
1007 5446 1305 5501 secundum
1360 5445 1612 5518 Aquilam
1667 5463 1834 5512 vero,
1866 5446 2038 5501 Rectis

469 5537 690 5606 pulchra
716 5547 794 5593 est
822 5539 1076 5593 cantatio.
1103 5536 1242 5605 Quia
1267 5538 1410 5594 enim
1438 5554 1548 5598 non
1577 5540 1860 5616 speciosus
1887 5539 2044 5610 hym-

555 5691 592 5724 "
622 5693 765 5760 Psal.
806 5710 1018 5764 χχχιιι,
1057 5695 1140 5753 ιδ.
1220 5693 1396 5753 'lCor.
1433 5711 1486 5764 ι,
1521 5695 1608 5752 51.

2147 4522 2437 4595 πρόσωπον
2497 4520 2916 4591 ἀναπέμπεσθαι
2961 4521 3069 4573 τῶν
3117 4521 3176 4573 ὲν
3227 4519 3305 4590 τῷ
3368 4521 3474 4586 πρὸ
3530 4519 3726 4574 τούτου.

2145 4612 2343 4684 ψαλμῷ
2369 4611 2735 4684 δηλωθέντων,
2771 4610 2912 4664 κατὰ
2941 4610 3021 4675 τὸ,
3057 4608 3342 4678 Μακάριοι
3383 4604 3470 4664 ὧν
3499 4609 3726 4678 ἀφέθηυ

2145 4722 2268 4773 σαν
2294 4708 2352 4760 αἱ
2381 4705 2637 4774 ἀνομίαι,
2672 4702 2770 4757 καὶ
2797 4697 2884 4755 ὧν
2911 4702 3424 4769 ἐπεκαλύφθησαν
3450 4703 3509 4753 αὶ
3538 4699 3725 4779 ἁμαρ-

2145 4801 2282 4854 τίαι.
2324 4800 2412 4862 Ὠς
2448 4797 2556 4869 γὰρ
2587 4797 2723 4867 πρὸς
2764 4795 3002 4859 ἐκείνους
3035 4795 3157 4858 τοὺς
3208 4793 3572 4865 τετυχηκότας
3620 4793 3724 4863 τῆς

2145 4891 2391 4960 ἀφέσεως
2415 4889 2524 4943 τῶν
2565 4887 2978 4959 ἁμαρτημάτων
3013 4886 3100 4939 διὰ
3133 4885 3232 4956 τῆς
3263 4884 3527 4958 σωτηρίου
3561 4884 3725 4956 χάρι-

2145 5001 2235 5046 τος
2267 4984 2626 5052 ἀναφωνεῖται
2657 4979 2739 5043 τὸ,
2785 4975 3196 5047 Ἀγαλλιᾶσθε,
3230 4975 3469 5038 δίκαιοι,
3507 4975 3577 5029 ἐν
3602 4979 3726 5031 Κυ-

2138 5077 2270 5146 ρίῳ.
2305 5076 2395 5147 Μὴ
2425 5074 2533 5147 γὰρ
2572 5073 2655 5143 ἐφ’
2703 5070 2971 5142 ἑαυτοῖςῆ
3021 5070 3114 5124 ὲπί
3153 5087 3206 5123 τι
3249 5069 3355 5123 τῶν
3406 5066 3723 5138 κοσμικῶν,

2145 5169 2260 5226 ἀλλ’
2294 5168 2384 5221 ἐπὶ
2414 5166 2490 5238 τῷ
2523 5165 2710 5236 Κυρίῳ
2739 5162 3085 5226 πεποιθότες,
3114 5163 3205 5215 καὶ
3225 5160 3311 5214 ἐπ’
3345 5157 3490 5229 αὑτῷ
3519 5175 3725 5230 σεμνυ-

2142 5261 2354 5332 νόμενοι
2378 5247 2475 5328 και
2494 5261 2551 5312 ὲν
2573 5255 2722 5328 αὑτῷ
2743 5254 3106 5328 καυχώμενοι,
3128 5249 3455 5322 ἀγαλλιᾶσθε
3480 5250 3637 5321 ὑμεῖς
3668 5247 3722 5302 οἱ

2147 5352 2426 5426 μακάριοι,
2461 5343 2536 5406 ὧν
2573 5350 2850 5422 ἀφέθησαν
2900 5349 2955 5420 αἱ
2989 5347 3230 5418 ἀνομίαι,
3263 5345 3358 5399 καὶ
3395 5338 3470 5398 ὧν
3517 5344 3721 5396 ἐπεκα-

2143 5447 2421 5519 λύφθησαν
2455 5449 2511 5502 αἱ
2563 5447 2851 5519 ἁμαρτίαι.
2883 5444 3099 5514 Πρέπει
3141 5443 3282 5514 γὰρ,
3339 5439 3502 5511 φησὶ,
3548 5439 3723 5493 πᾶσιν

2149 5537 2271 5606 τοῖς
2291 5539 2579 5610 εὺθέσινή
2619 5542 2704 5608 εἰς
2731 5537 2839 5592 τὸν
2882 5536 3028 5592 Θεὸν
3054 5535 3306 5600 αῖνεσις.
3342 5529 3499 5586 Κατὰ
3539 5528 3599 5588 δὲ
3625 5527 3724 5584 τὸν
