3992 6216
239 282 339 339 281

1363 287 1866 346 COMMENTARIA
1903 292 1974 348 1N
2012 294 2353 354 PSALMOS.

3373 301 3484 360 282

251 397 503 463 Ἀκύλαν,
537 399 661 466 Τοῖς
707 400 952 456 εὐθέσιν
987 401 1297 470 ὡραιοῦται
1331 403 1619 474 ιῦμνησις.
1662 408 1793 462 Ἐπέ

1916 427 2021 467 nus
2047 421 2133 469 est
2162 413 2220 475 in
2241 427 2337 468 ore
2363 411 2688 482 peccatoris,
2727 413 2853 484 jure
2883 429 2998 477 eos.
3027 412 3270 485 quipura
3299 426 3480 474 mente

240 490 348 561 γάρ
379 491 477 561 οὐχ
508 491 708 562 ὡραῖος
750 492 917 564 ὕμνος
946 495 1002 547 ὲν
1037 493 1263 564 στόματι
1296 495 1644 568 ἀμαρτωλοῦ,
1673 500 1793 554 είκό·

1915 510 1971 560 et
2002 519 2141 576 puro
2166 504 2332 560 corde
2368 512 2518 571 sunt,
2552 505 2708 562 decet
2737 504 2832 561 Dei
2863 506 3210 562 collaudatio.

237 599 346 646 τως
377 587 488 646 τοῖς
511 583 760 656 καθαρὰς
791 585 1025 649 διανοίας
1051 587 1145 639 καὶ
1174 586 1388 659 καθαρά
1419 589 1574 661 χείλη
1618 608 1815 664 κεκτη-

242 674 424 746 μένοις
453 675 772 748 εύπρέπειή
806 677 900 731 τοῦ
927 677 1064 732 Θεοῦ
1096 677 1319 744 αἴνεσις.

323 767 812 840 Ἔξομολογεῑσθε
842 771 922 838 τῷ
965 772 1162 840 Κυρίῳ
1198 773 1268 827 ἐν
1295 773 1523 842 κιθάρᾳ,
1551 775 1620 830 ἐν
1651 781 1810 848 ψαλ-

235 861 416 930 τηρίῳ
441 861 774 932 δεκαχόρδῳ
799 863 1033 932 ψάλιιτε
1058 864 1239 932 αὐτῷ,
1273 866 1431 920 Κατά
1463 867 1686 942 πρώτην
1715 872 1810 926 τοῦ

235 955 402 1025 νόμου
425 956 719 1028 παράδοσιν
733 957 1229 1030 γεγραμμένα.Καὶ
1249 961 1276 1012 6
1295 959 1392 1024 τὰς
1408 959 1514 1012 ἔσω
1528 959 1584 1012 δὲ
1601 962 1694 1014 καὶ
1715 960 1812 1024 τὰς

234 1045 340 1113 ἔξω
357 1047 634 1118 αἰσθήσεις
653 1046 894 1118 καθαράς
911 1049 1005 1101 καὶ
1025 1049 1346 1119 ἀμέμπτους
1363 1047 1642 1116 φυλάττων
1659 1052 1714 1104 ἐν
1733 1051 1810 1103 δε-

234 1137 485 1208 καχόρδῳ
504 1137 674 1209 eam
684 1139 780 1208 ρίῳ
791 1137 980 1208 ψάλλει
998 1139 1076 1209 τῷ
1087 1139 1223 1212 Θεῷ.
1234 1142 1453 1209 ’ᾼσστε
1474 1140 1631 1206 αὐτῷ
1646 1135 1810 1210 ᾆσμα

232 1229 460 1282 καινάν.
497 1229 569 1282 Τὸ
608 1229 704 1299 μὲν
749 1229 976 1284 παλαιὸν
1006 1226 1160 1302 ᾇσμα
1190 1231 1278 1284 διά
1309 1233 1543 1296 παλαιᾶς
1575 1233 1808 1306 κιθάρας

230 1321 326 1373 καὶ
346 1319 576 1373 παλαιοῦ
597 1321 918 1394 ψαλτηρίου,
943 1321 1050 1376 τῶν
1081 1322 1303 1394 ἀψύχων
1334 1325 1598 1396 ὀργάνων,
1620 1324 1807 1398 ὥσπερ

228 1410 317 1464 διά
341 1412 621 1483 συμϐόλων
649 1416 744 1467 καὶ⁵
789 1415 1012 1469 εἰκόνων
1046 1415 1414 1484 ἐσπουδάζετο
1453 1417 1530 1488 τῷ
1555 1418 1806 1489 προτέρῳ

228 1501 375 1574 λαῷο
409 1504 469 1557 τὸ
511 1505 568 1558 δὲ
598 1507 783 1560 καινὸν
822 1503 973 1579 ᾆσμα
1019 1508 1517 1580 μεγαλοφυέστερον
1554 1511 1650 1563 καὶ
1692 1510 1808 1564 θεο-

228 1597 600 1668 πρεπέστερον
632 1598 720 1652 διά
751 1598 984 1670 κιθάρας
1017 1597 1218 1670 ζώσης,
1253 1601 1348 1653 καὶ
1367 1600 1455 1654 διά
1496 1601 1588 1653 τοῦ
1613 1601 1805 1655 ἀποδο-

228 1685 412 1752 θέντος
437 1687 762 1759 δεκαχὸρδου
803 1689 1102 1760 ψαλτηρίου
1133 1691 1512 1761 ἀναπέμπεται
1557 1691 1635 1762 τῷ
1661 1692 1798 1764 Θεῷ.

1980 762 2151 825 Vens.
2193 763 2250 832 2,
2299 764 2354 822 5.
2393 763 2729 835 Conﬁtemini
2775 764 3003 820 Domino
3050 766 3106 819 in
3157 766 3384 834 cithara,
3422 766 3478 824 in

1909 857 2162 925 psalterio
2187 856 2361 912 decem
2382 856 2698 912 chordarum
2721 859 2933 927 psallite
2960 859 3058 912 illi.
3090 857 3476 930 [Instrumenta

1909 949 2140 1022 scilicet]
2173 949 2472 1005 secundum
2510 952 2738 1021 primam
2786 951 2920 1021 legis
2955 952 3296 1007 traditionem
3332 952 3476 1009 serio

1909 1050 2020 1112 pta.
2053 1041 2312 1114 Quisquis
2355 1057 2478 1097 cutn
2526 1043 2838 1109 interiores,
2869 1053 2982 1098 tum
3013 1046 3312 1102 exteriores
3344 1062 3472 1102 sen-

1909 1149 2026 1201 sus,
2060 1150 2226 1210 puros
2270 1136 2686 1205 inculpatosque
2737 1145 2940 1200 servat,
2991 1137 3046 1192 in
3081 1139 3340 1206 psalterio
3379 1139 3474 1194 de-

1908 1238 2028 1279 cem
2076 1225 2402 1280 chordarum
2450 1227 2634 1297 psallit
2674 1225 2805 1288 Deo.
2852 1225 3078 1282 Cautate
3115 1231 3162 1284 ei
3210 1231 3471 1285 canticum

1905 1329 2116 1370 novum.
2148 1314 2436 1374 Canticum
2477 1324 2632 1373 vetus
2659 1318 2880 1389 antiqua
2912 1320 3121 1374 cithara
3162 1328 3216 1376 et
3247 1322 3472 1394 antiquo

1905 1406 2164 1478 psalterio
2186 1415 2464 1474 cantatur,
2485 1408 2867 1466 instrumentis
2893 1411 3104 1466 scilicet
3131 1413 3468 1482 inanimatls,

1905 1499 2062 1570 quasi
2095 1500 2358 1572 Symbolis
2381 1509 2436 1557 et
2474 1501 2803 1572 imaginibus
2833 1505 3032 1575 quibus
3071 1505 3222 1576 prior
3251 1507 3340 1563 ille
3371 1523 3471 1577 po-

1903 1592 2065 1662 pulus
2091 1591 2364 1650 studebat.
2395 1593 2466 1646 At
2495 1609 2695 1648 novum
2724 1597 2997 1650 canticum
3029 1597 3469 1668 magniﬁcentius

1903 1699 1966 1738 ac
1999 1683 2105 1739 Deo
2139 1684 2377 1756 dignius,
2419 1685 2630 1740 cithara
2673 1689 2885 1744 vivente
2914 1705 2978 1744 ac
3026 1701 3332 1746 memorato
3373 1691 3470 1749 illo

225 1777 441 1848 Καλῶς
481 1777 707 1846 ψάλατε
735 1780 804 1832 ὲν
834 1780 1180 1850 ἀλαλαγμῷ.
1225 1779 1392 1847 Οὗτος
1433 1785 1462 1836 ό
1490 1783 1793 1854 ἀλαλαγμός

1903 1775 2243 1835 decachordo
2273 1772 2557 1846 p'salterio,
2607 1776 2717 1834 Deo
2755 1781 3036 1834 emittitur.
3075 1780 3214 1840 Bene
3255 1781 3469 1849 psallite

225 1871 344 1922 seu
377 1869 668 1938 μυστικὸς·
699 1869 778 1923 διὸ
815 1870 1029 1942 εἴρηταί
1070 1890 1172 1926 που
1194 1890 1208 1904 ο
1241 1874 1540 1943 Μακάριος
1581 1878 1614 1928 ὁ
1650 1875 1800 1942 λαὸς

226 1961 261 2012 ό
286 1957 594 2026 γινώσκων
640 1962 1009 2034 ἀλαλαγμόν.
1050 1966 1208 2020 Ἀλλά
1240 1968 1334 2022 καὶ
1373 1969 1495 2022 ἀντὶ⁸
1539 1969 1674 2038 βοῶν
1707 1971 1800 2024 καὶ

230 2048 468 2120 μόσχων,
511 2053 605 2105 καὶ
667 2053 773 2107 τῶν
821 2055 888 2108 δι’
922 2057 1150 2128 αἵματος
1182 2059 1402 2125 θυσιῶν,
1436 2060 1627 2124 θυσίας
1671 2061 1802 2116 ἀλα-

225 2139 440 2212 λαγμοῦ
481 2143 905 2200 κατατεθυκὲναι
950 2147 1114 2219 φησὶν
1146 2151 1174 2202 6
1208 2148 1408 2203 εἰπών·
1449 2151 1801 2205 Ἐκύκλωσα

221 2232 321 2285 καὶ
361 2233 549 2288 ἔθυσα
595 2236 665 2288 ἐν
684 2235 759 2306 τῇ
802 2237 1003 2308 σκηνῇ
1045 2240 1233 2303 αὐτοῦ
1267 2241 1487 2295 θυσίαν
1537 2243 1800 2313 ἀλαλαγ-

212 2342 354 2395 μου.

295 2418 424 2470 Ὅτι
455 2417 638 2486 εὐθὺς
665 2422 698 2474 ὀ
729 2421 911 2490 λόγος
936 2423 1042 2477 τοῦ
1081 2425 1324 2491 Κυρίου,
1359 2426 1456 2480 καὶ
1489 2424 1685 2480 πάντα
1727 2426 1799 2481 τὰ

214 2508 359 2577 ἔργα
391 2509 578 2564 αὐτοῦ
613 2511 684 2564 ἐν
720 2513 940 2567 πίστει.
994 2514 1211 2583 Ἀγαπᾷ
1241 2516 1664 2587 ἐλεημοσύνην
1695 2518 1795 2572 καὶ

1901 1867 1955 1920 in
1997 1867 2336 1935 jubilatione.
2395 1867 2521 1924 Haec
2560 1870 2817 1938 jubilatio
2861 1873 3093 1944 mystica
3137 1881 3223 1929 est
3255 1893 3268 1927 :
3296 1889 3469 1944 quare

1899 1959 2105 2014 dictum
2138 1961 2337 2017 alicubi
2369 1963 2506 2018 fuit:
2542 1962 2735 2017 Beatus
2764 1965 2986 2034 populus
3019 1965 3108 2035 qui
3139 1967 3238 2020 scit
3269 1965 3468 2030 iubila-

1901 2051 2090 2106 tionem
2112 2055 2154 2108 '.
2190 2050 2304 2108 lino
2345 2069 2474 2110 vero
2512 2053 2698 2120 boum,
2741 2055 3058 2119 vitulorum,
3085 2063 3466 2112 cruentarum-

1899 2156 2006 2211 que
2041 2143 2437 2206 sacriﬁciorum
2465 2145 2607 2212 loco,
2635 2145 2869 2200 hostiam
2896 2146 3243 2217 jubilationis
3269 2147 3466 2205 immo-

1899 2235 2042 2291 lasse
2077 2237 2154 2291 ait
2203 2239 2292 2294 ille
2318 2257 2331 2294 :
2357 2237 2587 2296 Circuivi
2627 2250 2677 2294 et
2724 2241 2991 2296 immolavi
3025 2243 3079 2296 in
3124 2243 3463 2302 tabernaculo

1897 2323 2012 2394 eju's
2045 2325 2270 2380 hostiam
2291 2328 2628 2396 jubilationis
2645 2330 2688 2385 ³.

1968 2415 2136 2476 Vsus.
2165 2419 2218 2482 4,
2261 2418 2313 2474 5.
2357 2417 2496 2484 Quia
2525 2431 2720 2474 rectum
2769 2432 2847 2477 est
2888 2423 3097 2482 uerbum
3130 2423 3365 2490 Domini,
3409 2432 3464 2480 et

1899 2507 2075 2561 omnia
2118 2524 2276 2578 opera
2303 2508 2416 2577 ejus
2455 2509 2508 2562 in
2546 2509 2668 2578 fide.
2721 2509 2907 2582 Diligit
2954 2514 3374 2572 misericordiam
3411 2524 3464 2570 et

215 2599 452 2664 κρίσιν’
480 2599 588 2654 τοῦ
610 2600 822 2668 ἐλέους
849 2604 1070 2672 Κυρίου
1104 2605 1344 2675 πλήρης
1373 2610 1412 2677 η
1441 2608 1537 2678 γῆ.
1575 2612 1655 2665 Τὰ
1697 2613 1793 2683 μὲν

1898 2597 2152 2665 iudicium
2178 2613 2197 2652 :
2231 2597 2595 2663 misericordia
2616 2599 2830 2657 Domini
2855 2601 3011 2667 plena
3037 2612 3111 2655 est
3145 2614 3304 2658 terra.
3334 2605 3464 2672 Qua

213 2689 317 2758 τῆς
366 2689 472 2743 τῶν
508 2690 677 2746 ὄντων
720 2695 1078 2767 καταλήψεως
1121 2698 1208 2751 διά
1246 2699 1483 2765 πίστεως
1524 2704 1654 2773 ἡμῖν
1686 2723 1794 2774 χω·-

219 2782 402 2852 ρείτω,
435 2784 504 2836 τά
541 2785 597 2838 δὲ
653 2785 743 2838 τοῦ
787 2789 1092 2859 πρακτικοῦ
1127 2790 1244 2860 βίου
1289 2792 1380 2846 διά
1429 2794 1794 2867 ὲλεημοσύνης

219 2874 318 2927 καὶ
350 2874 600 2944 κρίσεως.
628 2879 812 2933 Ταῦτα
839 2881 949 2953 γὰρ
979 2883 1170 2954 ἀγαπᾷ
1196 2886 1225 2937 6
1263 2885 1424 2950 εὐθὺς
1458 2886 1550 2940 τοῦ
1586 2889 1790 2960 Κυρίου

216 2961 378 3031 λόγος
406 2981 418 2994 ·
451 2964 541 3018 ἅτε
589 2973 868 3039 κριτικοὺς
905 2975 1055 3044 ἡμᾶς
1099 2978 1509 3042 κατασκευάσας
1539 2981 1632 3033 καὶ
1678 2981 1792 3036 δια-

217 3055 501 3124 κριτικοὺς
527 3057 620 3110 τοῦ
651 3077 710 3112 τε
736 3062 902 3115 καλοῦ
955 3066 1050 3118 καὶ
1077 3066 1170 3118 τοῦ
1217 3068 1482 3122 ἐναντίου.
1529 3072 1620 3123 Διὸ
1671 3072 1792 3141 βού-

1896 2690 2283 2760 cogitationem
2312 2705 2376 2744 ac
2403 2692 2948 2763 comprehensionem
2973 2709 3156 2748 rerum
3191 2703 3461 2764 spectant,

1895 2798 1991 2852 per
2019 2781 2177 2838 ﬁdem
2220 2783 2380 2839 nobis
2413 2783 2732 2853 tradantur;
2785 2800 2908 2852 quae
2950 2793 3130 2842 autem
3165 2787 3463 2857 practicatn

1892 2877 2081 2942 vitam,
2125 2893 2223 2947 per
2269 2877 2702 2933 misericordiam
2746 2886 2799 2934 et
2823 2878 3116 2949 judicium.
3150 2878 3276 2935 Haec
3317 2879 3461 2936 enim

1892 2967 2070 3038 diligit
2115 2976 2322 3022 rectum
2366 2969 2500 3023 illud
2534 2969 2759 3024 verbum
2783 2968 3030 3034 Domini,
3080 2977 3266 3042 utpote
3313 2971 3463 3042 quod

1893 3059 2052 3114 nobis
2101 3060 2506 3116 internoscendi
2537 3061 2647 3116 vim
2686 3063 2966 3128 indiderit,
3000 3078 3064 3118 ac
3114 3065 3461 3122 discernendi

213 3145 366 3198 λεται
399 3148 546 3219 ἡμᾶς
593 3151 758 3223 μηδὲν
792 3155 1035 3226 ἀκρίτως
1080 3158 1358 3229 πράττειν,
1404 3161 1537 3230 μηδὲ
1583 3162 1791 3232 ἀλόγως

1898 3149 2035 3204 ἱηιοι·
2057 3150 2259 3204 bonum
2289 3158 2343 3204 et
2373 3154 2682 3222 oppositum
2725 3155 2892 3210 illius.
2931 3155 3298 3220 Quamobrem
3347 3159 3463 3214 vult

213 3239 479 3309 φέρεσθαι
523 3246 642 3306 ταῖς
683 3244 740 3312 ἐξ
782 3245 962 3300 αὐτῶν
1002 3251 1228 3320 ὁρμαῖς,
1279 3254 1618 3323 κεκριμένως,
1666 3255 1792 3325 περὶ

213 3328 323 3381 τῶν
353 3333 644 3402 πρακτέων
695 3336 1088 3406 βουλεύεσθαι,
1143 3342 1238 3394 καὶ
1274 3344 1410 3412 πρός
1461 3360 1525 3412 γε
1574 3343 1794 3400 πάντων

212 3419 597 3492 ἐλεημονικοῦς
655 3423 792 3480 εἶναι
819 3468 833 3493 ,
889 3432 1328 3502 συγνωμονικοὺς
1379 3432 1434 3485 δὲ
1487 3433 1624 3504 πρὸς
1668 3436 1794 3499 τοὺς

215 3512 624 3584 ἁμαρτάνοντας
652 3520 1027 3590 γιγνομένους,
1057 3523 1360 3593 συμπαθεῖς
1397 3523 1453 3577 δὲ
1482 3523 1576 3577 καὶ
1606 3524 1792 3593 φιλαν-

215 3604 464 3675 θρώπους
498 3611 633 3681 πρὸς
659 3612 787 3676 τοὺς
813 3613 963 3668 ἐλέου
990 3615 1299 3687 δεομένους.

295 3697 378 3766 Τῷ
401 3702 560 3772 λόγῳ
583 3703 690 3756 τοῦ
720 3707 944 3773 Κυρίου
971 3711 1024 3760 οἱ
1051 3707 1292 3776 οὐρανοὶ
1320 3709 1787 3777 ἐστερεώθησαν,

214 3794 312 3845 καί
340 3793 418 3860 τῷ
445 3798 734 3867 πνεύματι
760 3799 866 3853 τοῦ
891 3802 1190 3868 στόματος
1210 3799 1398 3853 αὑτοῦ
1424 3798 1592 3854 πᾶσα
1621 3802 1660 3870 ἡ
1683 3800 1788 3852 δύ-

211 3899 386 3952 ναμις
442 3887 659 3941 αὐτῶν.
708 3889 800 3960 Τῷ
853 3886 946 3943 οῦν
1004 3889 1180 3960 Πατρὶ
1219 3892 1370 3944 πᾶσα
1415 3892 1448 3960 ὴ
1481 3890 1707 3962 δύναμις
1752 3893 1786 3960 ἡ

213 3975 602 4048 ὑπερθυράνιος
653 3979 990 4052 ὲστερεώθη·
1037 3981 1281 4035 τουτέστι
1327 3979 1390 4032 τὸ
1435 3978 1649 4033 εῦτονον
1695 3981 1789 4033 καὶ

213 4066 429 4138 βέϐαιον
461 4072 556 4124 καὶ
584 4072 777 4141 πάγιον
805 4074 861 4125 ὲν
889 4072 1166 4144 ἁγιασμῷ,
1200 4073 1293 4127 καὶ
1327 4072 1478 4146 πάσῃ
1503 4073 1788 4146 πρεπούσῃ

208 4171 330 4232 ταῖς
365 4168 532 4239 ἱεραῖς
569 4164 859 4235 δυνάμεσιν
888 4165 1078 4234 ἀρετῇ,
1124 4165 1188 4217 ὲκ
1219 4163 1319 4233 τῆς
1343 4162 1435 4216 τοῦ
1476 4163 1787 4234 Πνεύματος

211 4258 529 4330 ἐπικουρίας
557 4257 790 4328 ἔχουσιν.
845 4254 1060 4308 Ἐνθάδε
1104 4255 1201 4325 μὲν
1233 4251 1324 4308 οὖν
1369 4256 1605 4325 πνεῦμα
1656 4258 1789 4311 στό·

202 4368 392 4420 ματος
419 4349 605 4404 αὑτοῦ
630 4348 1062 4418 ἀναγέγραπται.
1097 4347 1418 4418 Εὑρήσομεν
1454 4347 1511 4401 δὲ
1551 4347 1784 4418 ἀλλαχοῦ

209 4444 302 4495 καὶ
344 4441 500 4510 λόγον
548 4441 812 4512 στόματος
845 4437 1010 4492 αὐτοῦ
1060 4437 1370 4508 εἰρημένον,
1428 4437 1515 4492 ἴνα
1554 4437 1718 4510 νοηθῇ
1755 4441 1784 4492 6

208 4532 398 4603 Σωτὴρ
437 4532 531 4586 καὶ
562 4532 623 4584 τὸ
668 4533 820 4600 ἆγιον
856 4528 1020 4584 αὑτοῦ
1074 4529 1319 4599 Πνεῦμα.
1379 4529 1688 4601 Ἀμφότερα
1726 4530 1784 4585 δὲ

209 4629 551 4694 συνήργησεν
588 4623 645 4673 ὲν
691 4624 756 4692 τῇ
792 4619 964 4678 κτίσει
1001 4617 1110 4673 τῶν
1147 4617 1394 4688 οὐρανῶν
1425 4617 1521 4670 καὶ
1565 4618 1675 4670 τῶν
1726 4619 1783 4672 ἐν

210 4717 392 4778 αὐτοῖς
418 4712 696 4782 δυνάμεων
717 4726 732 4742 ο
763 4710 852 4764 διὰ
884 4708 1039 4763 τοῦτο
1081 4710 1296 4781 εἴρηται
1317 4725 1330 4737 ⁸
1372 4707 1456 4774 Τῷ
1479 4710 1638 4778 λόγῳ
1672 4712 1788 4764 Κυ-

203 4804 341 4874 ρίου
381 4805 435 4857 οὶ
463 4801 705 4870 οὐρανοὶ
741 4799 1217 4869 ἐστερεώθησαν,
1252 4799 1353 4853 καὶ
1382 4798 1462 4864 τῷ
1494 4800 1786 4868 πνεύματι

209 4877 316 4948 τοῦ
363 4895 658 4964 στόματος
707 4893 892 4948 αὑτοῦ
953 4891 1122 4947 πᾶσα
1176 4894 1216 4962 ἠ
1265 4891 1516 4963 δύναμις
1566 4888 1780 4945 αὐτῶν.

208 4987 371 5042 οὐδὲν
398 4985 505 5059 γὰρ
529 4984 810 5054 ἁγιάζεται
847 4985 920 5056 μὴ
945 4986 1010 5055 τῇ
1041 4985 1309 5057 παρουσίᾳ
1331 4984 1422 5038 τοῦ
1443 4984 1775 5056 Πνεύματος.

220 5077 489 5146 Ἀγγέλων
514 5077 645 5146 γοῦν
687 5077 785 5148 τὴν
817 5075 916 5145 μὲν
949 5077 1028 5138 είς
1055 5075 1116 5130 τὸ
1157 5072 1296 5131 εἶναι
1335 5076 1570 5148 πάροδον
1615 5075 1644 5128 6
1682 5077 1778 5149 δη-

212 5169 468 5244 μιουργὸς
491 5169 681 5238 Λόγος,
707 5171 736 5222 6
760 5168 988 5239 ποιητὴς
1015 5167 1122 5224 τῶν
1144 5168 1304 5232 ὅλων,
1334 5169 1619 5241 παρείχετο
1637 5186 1650 5200 ·
1685 5169 1778 5224 τὸν

207 5247 476 5333 ἀγιασμὸν
496 5261 552 5316 δὲ
572 5263 753 5327 αὐτοῖς
773 5261 831 5314 τὸ
860 5261 1084 5332 Πνεῦμα
1108 5262 1170 5316 τὸ
1201 5262 1354 5330 ἅγιον
1375 5262 1739 5334 συνεπέφερεν
1757 5279 1770 5292 ο

205 5355 270 5414 o6
295 5353 405 5425 γὰρ
431 5353 612 5423 νήπιοι
647 5351 956 5414 κτισθέντες
984 5351 1034 5404 οἱ
1056 5349 1306 5418 ἄγγελοι.

277 5443 590 5514 Φοϐηθήτω
630 5443 738 5498 τὸν
783 5444 1002 5511 Κύριον
1019 5439 1188 5510 πᾶσα
1224 5443 1262 5509 ἠ
1315 5440 1414 5510 τῆ·
1447 5441 1548 5496 ἀπ’
1589 5441 1776 5498 αὑτοῦ

207 5537 274 5604 δὲ
299 5535 770 5605 σαλευθήτωσαν
827 5534 1053 5602 πάντες
1097 5537 1152 5590 οί
1208 5533 1629 5596 κατοικοῦντες
1661 5534 1774 5605 τὴν

278 5719 299 5764 ’-
339 5714 482 5774 Psal.
520 5729 798 5782 Lxxxvm,
832 5713 922 5770 ιϐ.
998 5714 1016 5745 ⁸
1057 5711 1202 5778 Psal.
1240 5727 1404 5776 xxvi,
1439 5708 1490 5766 6.

1894 3256 1997 3296 nos
2029 3242 2165 3295 nihil
2197 3243 2315 3298 sine
2337 3243 2548 3312 judicio
2592 3261 2772 3316 agere,
2803 3263 2983 3316 neque
3013 3249 3463 3307 irrationabiliter

1894 3331 2211 3403 impetuque
2237 3335 2458 3404 proprio
2494 3335 2644 3400 ferri,
2677 3337 2744 3392 de
2766 3339 2988 3408 agendis
3017 3340 3314 3409 prudenter
3331 3357 3464 3397 con-

1895 3425 2094 3494 sulere,
2138 3442 2202 3482 ac
2251 3443 2362 3497 prae
2393 3429 2668 3492 omnibus,
2718 3429 3103 3488 misericordes
3141 3447 3284 3497 esse,
3329 3449 3462 3504 pec-

1894 3526 2014 3574 cata
2047 3520 2100 3573 in
2131 3535 2233 3574 nos
2265 3519 2508 3575 admissa
2540 3521 2700 3576 facile
2732 3523 3061 3588 condonare,
3087 3523 3376 3580 condolere
3397 3539 3462 3581 ac

1835 3677 1840 3680 _
1890 3611 2053 3668 mites
2081 3626 2204 3668 esse
2229 3629 2355 3684 erga
2387 3628 2488 3669 eos
2515 3613 2609 3684 qui
2637 3612 3010 3671 misericordia
3051 3623 3231 3686 egent.

1960 3702 2126 3760 Vens.
2160 3704 2212 3759 6.
2264 3703 2430 3758 Verbo
2454 3703 2669 3758 Domini
2710 3705 2828 3759 caeli
2856 3707 3062 3774 [irmati
3095 3718 3238 3769 sunt,
3269 3717 3318 3762 et
3350 3709 3461 3778 spi-

1891 3796 1998 3850 ritu
2028 3797 2134 3849 oris
2157 3797 2269 3866 ejus
2292 3797 2462 3850 omnis
2486 3796 2650 3850 uirtus
2672 3812 2874 3850 eorum.
2901 3797 2946 3850 A
2971 3796 3132 3853 Patre
3157 3799 3324 3870 igitur
3344 3816 3458 3856 om-

1888 3889 1976 3943 nis
2004 3889 2180 3944 virtus
2205 3888 2448 3943 caelestis
2484 3886 2701 3941 ﬁrmata
2743 3897 2849 3951 est,
2882 3889 2938 3944 id
2965 3897 3050 3946 est
3077 3890 3327 3958 ﬁrmitas,
3359 3907 3453 3949 so-

1888 3981 2094 4046 liditas,
2123 3981 2502 4052 stabilitasque
2534 3981 2592 4035 in
2624 3980 3057 4041 sanctiﬁcatione
3091 3997 3155 4038 ac
3180 3986 3328 4040 omni
3361 4000 3454 4042 sa.

1887 4070 2000 4126 cris
2047 4071 2408 4140 potestatibus
2452 4073 2800 4127 convenienti
2851 4075 3053 4130 virtute
3106 4091 3172 4130 ex
3215 4075 3454 4148 Spiritus

1888 4161 2094 4216 auxilio
2126 4161 2254 4216 data
2295 4169 2400 4218 est.
2433 4160 2532 4217 Hic
2565 4178 2730 4233 porro
2756 4165 2976 4233 spiritus
3023 4167 3129 4221 aris
3157 4169 3271 4236 ejus
3311 4169 3451 4224 scri-

1885 4259 2037 4322 ptum
2073 4258 2176 4306 est.
2218 4251 2363 4308 Alibi
2391 4269 2610 4323 quoque
2660 4256 2900 4323 reperire
2948 4263 3032 4310 est
3061 4257 3290 4310 verbum
3337 4257 3452 4312 oris

1886 4342 2024 4410 ejus,
2057 4350 2117 4395 ut
2162 4342 2249 4399 his
2299 4343 2635 4414 intelligatur
2683 4344 2935 4404 Salvator
2977 4353 3031 4400 et
3079 4352 3304 4400 sanctus
3331 4345 3453 4414 ejus

1889 4431 2123 4502 Spiritus
2162 4442 2424 4502 :uterque
2463 4447 2628 4502 porro
2675 4433 2730 4485 in
2778 4432 3054 4486 creatione
3089 4431 3352 4486 cmlorum
3397 4439 3454 4486 et

1884 4531 2216 4593 potestatum
2246 4539 2436 4579 eorum
2462 4531 2788 4595 c00peratus
2815 4530 2917 4577 cst.
2953 4521 3078 4576 ldeo
3113 4521 3318 4575 dictum
3343 4529 3450 4586 est,

1899 4615 2062 4670 Verbo
2096 4615 2308 4670 Domini
2345 4615 2462 4669 caeli
2489 4615 2690 4684 ﬁrmati
2719 4624 2862 4677 sunt,
2901 4622 2949 4667 et
2985 4612 3180 4683 spiritu
3202 4613 3310 4667 oris
3337 4613 3449 4682 ejus

1886 4710 2054 4764 omnis
2085 4709 2250 4764 uirtus
2281 4723 2483 4763 eorum.
2520 4706 2667 4760 Nihil
2701 4706 2846 4759 enim
2883 4705 3001 4760 sine
3037 4703 3273 4775 Spiritus
3310 4719 3452 4775 prte-

1885 4804 2062 4866 scntia
2119 4801 2512 4858 sanctiﬁcatur.
2558 4799 2778 4870 Angelis
2819 4798 2987 4869 igitur
3036 4799 3326 4852 transitum
3377 4797 3446 4852 ad

1887 4895 2231 4952 existentiam
2272 4901 2489 4949 creator
2519 4891 2758 4948 Verbum
2784 4889 3034 4962 praebuit,
3066 4889 3443 4946 universorum

1881 4989 2065 5060 opifex
2093 5007 2106 5043 :
2145 4985 2632 5043 sanctiﬁcationem
2662 4997 2790 5038 vero
2822 4981 3012 5038 eodem
3051 4987 3295 5052 tempore
3323 4977 3446 5050 Spi-

1882 5081 2024 5138 ritus
2050 5088 2275 5136 sanctus
2304 5076 2530 5144 indidit;
2559 5091 2670 5133 non
2699 5076 2844 5132 enim
2867 5073 3104 5130 infantes
3139 5073 3310 5131 creati
3345 5086 3446 5128 an-

1880 5174 1984 5248 geli
2020 5180 2168 5229 sunt.

1951 5438 2117 5496 Vsus.
2152 5439 2206 5502 8,
2236 5437 2289 5492 9.
2334 5437 2536 5492 Timeat
2557 5435 2839 5491 Dominum
2879 5433 3047 5487 omnis
3079 5442 3219 5482 terra
3245 5439 3264 5477 :
3291 5420 3356 5476 ab
3375 5433 3436 5472 co

1881 5543 2056 5590 autem
2082 5541 2502 5589 commoveantur
2522 5546 2698 5584 omnes
2722 5525 3070 5582 inhabitantes
3101 5517 3295 5573 orbem.
3325 5508 3432 5565 Ad-
