3980 6214
519 304 629 362 383

1175 291 1446 365 EUSEBII
1482 280 1960 346 CESARIENSIS
1997 279 2148 337 OPP.
2187 276 2367 335 PARS
2400 275 2489 333 ιιι.
2529 306 2599 316 -
2626 268 3034 327 EXEGETICA.

3638 260 3740 317 281

522 423 743 482 modum
767 426 1184 490 consequenter,
1212 420 1499 486 postquam
1526 421 1722 479 magna
1745 404 1838 459 Dei
1866 400 2093 473 opiﬁcia'

2197 397 2557 467 νίκουμένην.
2589 391 2802 464 Σφόδρα
2823 389 2881 443 δέ
2908 382 3216 445 ἀκολούθως
3244 380 3342 444 τὰς
3367 377 3460 433 τοῦ
3486 376 3622 431 Θεοῦ
3651 395 3741 449 με-

522 513 834 576 dcclaravit,
861 526 925 567 ac
953 517 1164 565 tantum
1188 521 1299 561 non
1318 504 1389 559 ob
1409 501 1599 557 oculos
1619 498 1821 571 posuit,
1845 502 2080 566 quantus

525 609 599 664 sit
626 606 715 662 ille
744 605 935 659 talium
979 615 1160 658 rerum
1206 596 1457 653 conditor
1506 593 1807 657 Dominus;
1857 603 1980 644 eum
2010 587 2080 641 ti-

525 713 673 755 mere
716 694 988 767 praecepit.
1035 689 1444 760 Annuntiatque
1475 700 1584 739 non
1618 683 1757 738 ultra
1790 680 1951 735 idolis
1982 678 2082 733 ad-

524 788 822 847 hibendum
872 786 1133 857 animum,
1169 798 1279 837 non
1331 782 1607 835 daemonas
1633 775 1892 832 colendos
1939 786 2081 836 esse,

528 883 627 941 sed
670 889 940 936 tantarum
974 893 1159 934 rerum
1194 891 1363 930 unum
1405 874 1672 943 opiﬁcem.
1722 869 1869 924 Illius
1903 875 2083 921 autem

511 974 666 1037 loco,
686 979 1123 1031 commoveantur,
1152 964 1510 1038 Symmachus
1539 969 1870 1016 revereantur
1892 958 2081 1014 edidit.

526 1063 629 1121 Hic
673 1063 963 1132 intelligas,
1015 1074 1123 1131 quo
1154 1065 1313 1129 pacto
1344 1055 1585 1110 futurum
1628 1060 1744 1112 erat
1795 1059 1855 1106 ut
1902 1050 1971 1105 ab
2019 1063 2085 1104 eo

527 1163 1000 1213 commoverentur
1069 1166 1257 1207 omnes
1321 1150 1687 1206 inhabitantes
1753 1144 1979 1206 orbem,
2038 1139 2086 1197 si

528 1248 711 1302 animo
737 1245 1041 1318 perpendas
1087 1259 1195 1313 qua
1245 1242 1457 1296 ratione
1506 1255 1604 1310 per
1648 1234 2085 1309 prazdicationem

525 1332 892 1410 evangelicam
915 1343 968 1390 et
1012 1334 1307 1390 salutarem
1352 1333 1659 1387 doctrinam
1708 1330 1763 1383 in
1812 1334 1927 1381 toto
1956 1325 2103 1379 orbe'

526 1427 784 1486 Ecclesia:
812 1427 924 1482 Deo
958 1425 1265 1482 constituta:
1296 1425 1428 1488 sint,
1460 1438 1621 1478 aures
1651 1420 1893 1491 omnium
1922 1418 2087 1472 verbo

529 1522 745 1593 repletae
772 1560 792 1594 ,Α
838 1518 1187 1588 universique
1245 1516 1493 1571 homines
1540 1514 1633 1589 illa
1685 1518 1838 1584 tanta
1888 1509 2089 1564 virtute

528 1609 807 1676 commoti,
846 1625 910 1685 ac
941 1608 1134 1663 mutati
1166 1622 1199 1672 a_
1225 1606 1457 1678 pristino
1483 1605 1749 1659 idolorum
1783 1615 1987 1663 errore,
2021 1597 2087 1651 ad

528 1721 668 1760 vera:
694 1706 911 1775 pictatis
934 1700 1408 1757 commonitionem
1435 1693 1797 1751 accesserint:
1826 1691 2087 1757 Quoniam

529 1799 637 1867 ipse
664 1797 819 1863 dixit,
853 1805 901 1850 et
952 1794 1096 1865 facta
1128 1801 1288 1857 sunt;
1338 1791 1445 1860 ipse
1494 1784 1784 1851 mandavit,
1830 1792 1879 1838 et
1905 1791 2081 1836 creata
2115 1778 2158 1833 Β

528 1900 668 1947 sunt

589 2070 755 2139 Vens,
786 2069 869 2124 10.
899 2066 1153 2122 Dominus
1181 2064 1405 2138 dissipat
1461 2058 1685 2114 consilia
1718 2056 1967 2127 gentium,
2005 2070 2087 2106 re-

528 2162 717 2234 probat
764 2170 939 2214 autem
993 2157 1331 2229 cogitationes
1364 2151 1692 2223 populorum,
1744 2156 1793 2202 et
1846 2145 2088 2214 reprobat

529 2254 753 2310 consilia
789 2236 1284 2323 principquQuia
1331 2244 1548 2299 videbat
1585 2241 1810 2312 spiritus
1857 2237 2091 2319 prophe-

529 2351 675 2405 ticus
698 2347 940 2418 futurum
963 2356 1103 2417 esse,
1132 2348 1192 2394 ut
1213 2334 1678 2410 persecutionibus
1705 2316 2091 2393 aﬂlictarcntur

532 2443 569 2497 ii
600 2441 694 2511 qui
725 2454 756 2493 a
788 2437 970 2509 prisca
1031 2434 1122 2489 illa
1185 2429 1568 2500 superstitione
1608 2423 1876 2481 recessuri
1910 2427 2088 2486 erant,

530 2539 587 2589 et
613 2533 909 2588 multorum
939 2528 1164 2583 deorum
1196 2536 1440 2578 errorem
1490 2516 1809 2581 aversaturi,
1863 2522 1921 2569 ut
1972 2528 2092 2568 sese

530 2625 599 2680 ad
633 2624 1011 2680 universorum
1037 2616 1324 2672 Dominum
1346 2617 1758 2676 converterent;
1782 2605 2091 2662 necessario

531 2714 776 2787 praecipit
799 2714 902 2778 eis,
936 2709 1028 2781 qui
1067 2722 1249 2763 rerum
1276 2702 1517 2759 omnium
1546 2701 1793 2771 Opiﬁcem
1823 2698 2090 2761 noverint,

532 2819 593 2864 ut
620 2806 897 2863 immissos
930 2816 962 2855 a
1001 2799 1255 2873 gentibus
1284 2797 1340 2850 in
1385 2793 1701 2849 inﬁdelitate
1742 2803 2097 2860 perseveran-

532 2902 681 2957 tibus
714 2909 971 2971 terrores,
1022 2906 1319 2960 eorumque
1364 2889 1539 2941 minas
1568 2900 1677 2939 non
1717 2880 2090 2938 reformident.

533 2993 687 3048 Licet
714 2989 859 3065 enim
893 2985 1103 3042 infinita
1132 2988 1321 3038 contra
1354 2994 1451 3034 vos
1492 2977 1827 3041 moliantur;
1864 2982 1917 3027 at
1959 2972 2095 3026 nihil

535 3084 602 3161 iq
638 3081 807 3139 vestri
834 3076 1128 3149 perniciem
1154 3071 1378 3142 exsequi
1400 3069 1676 3123 valebunt.
1714 3068 1834 3138 Ipse
1863 3080 2096 3135 namque

536 3157 783 3253 omnium
814 3169 995 3242 opifex
1036 3175 1090 3224 et
1137 3165 1421 3226 Dominus,
1455 3162 1521 3216 ad
1548 3175 1707 3231 quem
1752 3157 2093 3228 confugistis,

538 3248 769 3324 insidias
801 3278 833 3318 a
860 3260 1115 3334 gentibus
1143 3274 1206 3312 ac
1240 3255 1549 3311 inﬁdelibus
1581 3248 1794 3325 populis
1820 3251 1975 3307 vobis
2005 3266 2100 3321 pa-

537 3364 705 3420 ratas,
759 3361 815 3409 et
866 3350 1225 3423 cogitationes
1274 3361 1462 3402 eorum
1507 3344 1664 3399 vobis
1712 3343 1971 3398 adversas
2018 3340 2100 3395 vel

535 3458 675 3505 nutu
727 3446 845 3502 solo
901 3441 1224 3511 dissipabit:
1275 3445 1330 3494 et
1385 3434 1679 3511 siquando
1736 3433 2004 3504 principes
2036 3446 2101 3485 ac

536 3558 693 3616 reges
747 3540 904 3595 vobis
958 3542 1334 3605 succenseant,
1388 3540 1444 3586 at
1486 3516 1539 3584 is
1579 3519 1806 3584 consilia
1856 3526 2098 3595 ipsormn

538 3635 703 3707 irrita
743 3630 925 3693 faciet,
960 3629 1248 3696 solumque
1276 3624 1397 3693 ejus
1431 3619 1718 3676 consilium
1752 3618 1804 3671 in
1837 3624 2100 3670 aeternum

538 3725 799 3799 manebit.
830 3721 1119 3791 Enimvero
1147 3716 1503 3788 cogitationes
1543 3711 1820 3781 sapientiae
1849 3710 1966 3780 ejus
1994 3724 2101 3762 non

539 3816 765 3890 perinde
804 3822 967 3887 atque
995 3811 1353 3882 cogitationes
1381 3806 1661 3860 hominum
1708 3803 1874 3857 irritae
1901 3808 2061 3869 erunt
2085 3818 2099 3853 :

540 3905 636 3964 sed
658 3904 865 3976 judicia
895 3902 1015 3972 ejus
1048 3906 1366 3971 permanent
1396 3897 1452 3951 in
1486 3894 1887 3965 generationem
1932 3899 1984 3947 ct
2012 3906 2106 3961 ge-

541 3997 899 4066 nerationem.
931 3987 1300 4063 Cogitationes
1333 3990 1530 4059 quippe
1555 4001 1692 4041 suas
1732 3993 1976 4041 reservat
2009 3983 2106 4036 ho-

541 4089 783 4148 rninibus
808 4102 869 4160 se
895 4070 1113 4155 dignis;
1144 4092 1196 4137 et
1223 4081 1351 4152 quia
1383 4081 1439 4133 in
1473 4078 1699 4148 singulis
1741 4074 2106 4147 generationi-

541 4184 648 4241 bus
703 4190 756 4237 et
809 4177 1094 4235 hominum
1150 4169 1635 4245 successionibus,
1689 4166 1909 4243 quidam
1956 4165 2105 4235 digni

542 4273 895 4346 reperiuntur
922 4311 940 4349 ,ν
999 4268 1121 4349 jure
1168 4280 1233 4320 ac
1285 4263 1479 4318 merito
1542 4260 1746 4317 eisdem
1819 4258 2104 4327 cogitatio-

543 4384 641 4425 nes
695 4344 940 4423 servans'
982 4343 1143 4426 suas,
1203 4359 1353 4430 ipsas
1414 4355 1468 4410 in
1547 4349 1929 4425 generationes
1983 4365 2103 4404 om-

538 4474 645 4514 nes
676 4454 948 4525 producit.
981 4451 1048 4507 Et
1102 4449 1219 4506 haec
1249 4462 1379 4505 sane
1440 4445 1569 4501 olim
1629 4442 1939 4515 prophetice
1966 4456 2105 4511 prae-

546 4552 691 4607 dicta
742 4554 899 4613 sunt,
932 4544 1178 4617 ipsisque
1231 4541 1395 4597 rebus
1441 4538 1609 4610 gestis
1663 4551 1764 4591 nos
1811 4533 2101 4589 verborum

547 4649 802 4697 eventum
828 4624 1163 4716 excepimus.
1198 4633 1413 4714 Quanta
1436 4632 1582 4687 enim
1614 4629 1875 4685 adversus
1916 4627 2106 4683 Eccle-

548 4733 687 4788 siam
737 4731 858 4803 ejus
905 4727 1205 4788 machinati
1264 4725 1412 4787 sint,
1464 4723 1653 4793 quales
1699 4720 2106 4792 persecutiones

548 4822 925 4885 excitaverint,
963 4816 1269 4893 cuiusmodi
1289 4813 1517 4872 consilia
1539 4821 1728 4869 contra
1760 4827 1860 4867 nos
1887 4812 2109 4885 inierint

550 4915 824 4987 principes
858 4911 1022 4982 hujus
1051 4908 1258 4975 saeculi,
1307 4922 1406 4978 pro
1440 4906 1517 4971 rei
1565 4904 1825 4976 gravitate
1865 4903 2108 4959 enarrari

551 5004 779 5074 nequit:
812 5018 988 5073 neque
1017 5000 1287 5057 recenseri
1319 5012 1427 5069 quo
1467 5006 1626 5070 pacto
1660 4994 1773 5049 hare
1803 4995 1983 5048 omnia
2013 5009 2109 5063 per

551 5096 812 5153 virtutem
842 5092 938 5148 Dei
969 5091 1234 5162 dissipata
1270 5089 1470 5153 fuerint
1494 5106 1509 5156 ;
1536 5102 1713 5157 neque
1737 5094 1897 5141 aetate
1920 5077 2109 5140 nostra

553 5185 918 5249 solummodo,
955 5185 1047 5240 sed
1079 5199 1176 5255 per
1220 5182 1463 5252 singulas
1490 5179 1866 5251 generationes
1909 5193 1939 5231 a
1971 5187 2111 5232 tem-

552 5295 683 5354 pore
705 5277 875 5334 divini
906 5275 1203 5332 Salvatoris
1231 5274 1406 5328 nostri
1430 5272 1696 5328 adventus
1734 5266 1956 5341 impleta
1976 5271 2105 5325 sint.

623 5371 788 5428 Vens.
825 5369 894 5424 12
923 5396 949 5410 -
973 5367 1060 5423 15.
1126 5365 1293 5422 Beata
1355 5380 1477 5435 gens
1524 5363 1673 5433 cujus
1710 5368 1804 5418 ἐει
1853 5362 2108 5432 Dominus

554 5466 695 5533 Deus
755 5463 888 5535 eius,
954 5459 1174 5532 populus
1225 5473 1375 5530 quem
1434 5457 1588 5528 elegit
1646 5459 1701 5511 in
1746 5456 2107 5512 haereditatem

554 5557 677 5611 sibi.
713 5555 851 5610 Olim
885 5552 1104 5625 quidem
1132 5566 1259 5622 pars
1308 5557 1469 5621 atque
1499 5547 1783 5604 haereditas
1825 5548 1944 5618 ejus
1993 5554 2111 5602 erat

556 5646 722 5702 Israel
756 5665 769 5700 :
818 5661 1005 5702 verum
1034 5644 1161 5716 quia
1190 5642 1244 5698 id
1283 5642 1373 5698 ille
1404 5640 1761 5711 contempsit,
1809 5639 1875 5693 ad
1923 5645 2109 5708 gentes

555 5738 730 5817 gratia
765 5739 1082 5795 transmissa
1130 5742 1232 5792 est.
1266 5733 1342 5790 De
1392 5733 1517 5790 caelo
1564 5732 1787 5807 respexit
1830 5729 2107 5801 Dominus,

2182 486 2511 558 γαλουργίας
2569 480 2943 555 παραστήσας,
2982 477 3077 531 καλ⁵
3118 471 3393 546 μονονουχὶ
3451 467 3744 539 ὀφθαλμοῖς

2182 576 2448 643 ἐπιδείξας
2480 575 2737 646 ὁπηλίκος
2759 572 2904 625 ἐστὶν
2933 570 2963 621 ὁ
2986 568 3093 622 τῶν
3117 562 3368 618 τοιούτων
3417 559 3745 632 δημιουργὸς

2181 670 2402 744 Κύριος,
2439 664 2868 739 παρακελεύεται
2918 659 3104 713 τοῦτον
3164 652 3461 725 φοϐεῖσθαι.
3510 652 3745 720 Εὑαγγε-

2181 760 2386 825 λίζεται
2411 759 2467 813 δὲ
2501 756 2733 819 εἰδώλοις
2771 755 2966 826 μηκέτι
2998 748 3287 823 προσέχειν
3302 747 3393 800 τὸν
3422 744 3570 810 νοῦν,
3610 745 3748 817 μήτε

2183 853 2439 922 δαίμονας
2468 848 2735 912 σέϐεσθαι,
2767 845 2901 901 ἀλλὰ
2925 845 3016 898 τὸν
3038 840 3303 896 τοσούτων
3326 838 3574 908 ποιητήν.
3604 830 3751 889 nam

2183 945 2240 999 δὲ
2264 942 2380 1007 τοῦ,
2414 939 2904 1006 σαλευθήτωσαν,
2929 938 2956 989 ὁ
2998 934 3310 1005 Σύμμαχος,
3353 926 3752 984 εὐλαϐεῖσθαι-

2185 1052 2325 1098 σαν,
2382 1032 2628 1099 ἐξέδωκε.
2669 1030 2904 1100 Νοήσεις
2942 1026 3088 1090 ὅπως
3150 1022 3371 1095 ἔμελλον
3423 1018 3751 1074 σαλεύεσθαι

2184 1128 2280 1181 ἀπ’
2310 1122 2474 1179 αὑτοῦ
2503 1123 2702 1185 πάντες
2732 1122 2782 1174 οἱ
2827 1117 3203 1191 κατοικοῦντες
3263 1113 3360 1185 τὴν
3402 1110 3749 1183 οἰκουμένην,

2186 1211 2600 1285 ἐπιστήσαςτὴν
2638 1209 2893 1272 διάνοιαν,
2939 1205 3014 1269 ὡς
3067 1203 3158 1257 ἐπὶ
3195 1201 3273 1272 τῷ
3334 1199 3647 1270 κηρύγματι
3672 1195 3755 1266 τῷ

2186 1302 2519 1375 εὐαγγελικῷ
2548 1302 2641 1356 καὶ
2662 1304 2729 1373 τῇ
2758 1297 3009 1368 σωτηρίῳ
3032 1291 3339 1362 διδασκαλίᾳ
3366 1288 3486 1361 καθ’
3502 1287 3628 1357 ὅλης
3651 1289 3754 1356 τῆς

2185 1398 2504 1469 οἰκουμένης
2538 1392 2851 1464 Ἐκκλησίαι
2882 1389 2960 1460 τῷ
2979 1386 3094 1457 Θεῷ
3121 1384 3471 1453 συνέστησανο
3502 1378 3654 1432 πᾶσά
3690 1394 3753 1430 τε

2186 1491 2322 1563 ἀκοὴ
2350 1486 2637 1561 ἐπληρώθη
2658 1484 2751 1539 τοῦ
2786 1483 2968 1551 λόγον,
3004 1481 3097 1533 καὶ
3130 1477 3332 1538 πάντες
3355 1472 3631 1544 ἄνθρωποι
3657 1469 3759 1523 ἐπὶ

2185 1587 2251 1656 τῇ
2279 1560 2515 1653 τοσαύτῃ
2543 1578 2767 1648 δυνάμει
2827 1572 3153 1641 κεκίνηνται,
3192 1564 3613 1639 μεταϐάλλοντες
3646 1560 3759 1616 ἀπὺ

2188 1654 2285 1746 τῆς
2341 1672 2611 1745 προτέρας
2675 1667 2803 1739 περὶ
2867 1664 2934 1718 τὰ
2994 1661 3184 1716 εἴδωλα
3233 1659 3459 1729 πλάνης,
3531 1655 3626 1709 καὶ
3671 1654 3757 1716 εἰς

2186 1766 2489 1836 ὑπόμνησιν
2515 1761 2755 1823 ἐλθόντες
2775 1759 2872 1830 τῆς
2894 1754 3123 1827 ἀληθοῦς
3154 1749 3452 1812 εὐσεϐείας*
3486 1749 3615 1800 Ὅτι
3647 1746 3759 1799 αὑ·-

2190 1835 2469 1925 τὸςίεῖπε,
2492 1855 2591 1909 καί
2623 1848 3013 1922 ἐγενήθησαν·
3058 1844 3242 1910 αὐτὸς
3271 1840 3626 1906 ἐνετείλατο,
3654 1835 3758 1890 και

2190 1950 2574 2016 ἐκτίσθησαν.

2261 2042 2473 2108 Κύριος
2498 2033 2861 2096 διασκεδάζει
2894 2031 3128 2099 ,βουλὰς
3176 2025 3396 2090 ἐθνῶν,
3465 2018 3666 2077 ἀθετεῖ
3687 2015 3763 2072 δὲ

2192 2131 2520 2203 λογισμοὺς
2565 2128 2750 2191 λαῶν,
2816 2126 2914 2181 καὶ
2982 2121 3179 2179 ἀθετεῖ
3238 2113 3473 2184 βουλὰς
3535 2110 3765 2180 ἀρχόν-ξ

2370 2199 2523 2278 Ἐπεὶ
2578 2219 2821 2291 συνεώρα
2868 2218 2931 2270 τὸ
2987 2210 3333 2287 προφητικὸν,
3372 2205 3589 2275 πνεῦμα
3630 2199 3763 2271 μέλ-

2177 2318 2381 2379 -λοντας
2409 2312 2728 2380 ἐξάπτεσθαι
2787 2308 3057 2379 διωγμοὺς
3104 2302 3243 2358 κατὰ
3272 2299 3380 2352 τῶν
3411 2292 3761 2366 ἀναχωρούν-

2194 2426 2301 2463 των
2329 2407 2427 2479 μέν
2444 2407 2543 2477 τῆς
2569 2401 2837 2476 προτέρας
2855 2394 3270 2467 δεισιδαιμονίας
3296 2390 3392 2445 καὶ
3414 2392 3761 2457 ἀποστρεφο-

2199 2475 2373 2565 μένων
2393 2475 2509 2563 τὴν-
2535 2490 2789 2545 πολύθεον
2840 2486 3067 2557 πλάνην,
3099 2482 3192 2537 ἐπὶ
3243 2482 3302 2535 δὲ
3339 2480 3429 2533 τὸν
3477 2477 3585 2535 τῶν
3620 2475 3761 2529 ὅλων

2194 2586 2397 2657 Κύριον
2425 2582 2875 2652 ἐπιστρεφόντων,
2923 2574 3231 2645 ἀναγκαίως
3274 2571 3383 2626 τῶν
3425 2572 3481 2624 ἐν
3530 2567 3765 2638 ἀπιστία

2201 2678 2493 2751 μεινάντων
2530 2673 2696 2727 ἐθνῶν
2754 2673 2879 2734 τοὺς
2908 2668 3102 2739 φόϐους
3131 2667 3225 2720 καὶ
3274 2663 3374 2727 τὰς
3419 2658 3647 2722 ἀπειλὰς
3682 2657 3764 2729 μὴ

2197 2770 2420 2825 δεδιέναι
2452 2763 2876 2838 παρακελεύεται
2908 2763 3019 2824 τοῖς
3052 2758 3159 2813 τῶν
3214 2756 3350 2813 ὅλων
3381 2751 3605 2823 ποιητὴν
3630 2752 3765 2803 ἐπε-

2198 2861 2483 2933 γνωκόσιν.
2514 2857 2629 2912 Κᾶν
2664 2854 2772 2927 γὰρ
2807 2852 2974 2925 μυρία
3000 2848 3122 2904 καθ’
3158 2847 3310 2919 ὑμῶν
3339 2841 3767 2897 ἐπιϐουλεύσων-

2198 2971 2305 3009 ταιο
2335 2952 2447 3006 ἀλλ’
2477 2950 2649 3019 οῦδὲν,
2685 2946 2867 3018 φησὶν,
2900 2941 3172 3014 ἰσχύσουσι
3199 2937 3317 2993 καθ’
3343 2934 3495 3008 ὑμῶν
3531 2934 3766 3019 ὲνεργῆῖ

2202 3062 2313 3100 σαι.
2343 3012 2654 3111 Αὐτδςὶγὰρ
2748 3012 2987 3091 ’πάντων
3002 3029 3329 3103 δημιουργὸς
3358 3028 3451 3080 καὶ
3476 3012 3767 3095 Κύριος,ᾦ

2124 3131 2167 3189 C
2198 3135 2590 3209 προσεφύγετε,
2645 3129 2746 3193 τὰς
2776 3129 2896 3182 καθ’
2924 3125 3073 3196 ὑμῶν
3120 3120 3407 3183 ἐπιϐουλὰς
3461 3116 3568 3171 τῶν
3596 3113 3768 3169 ἐθνῶν

2201 3227 2429 3284 καὶτῶν
2481 3225 2723 3279 ἀπίστων
2754 3219 2917 3284 λαῶν,
2963 3217 3086 3277 τοὺς
3124 3214 3248 3268 καθ’
3277 3210 3429 3283 ὑμῶν
3471 3205 3768 3277 λογισμοὺς

2198 3321 2279 3373 ἐνὶ
2310 3317 2536 3388 νεύματι
2563 3311 2918 3376 διασκεδάσει.
2954 3309 3017 3361 Εἰ
3066 3304 3123 3371 δὲ
3176 3304 3270 3358 καί
3321 3298 3578 3372 ἄρχοντές
3634 3311 3771 3349 ποτε

2199 3412 2295 3464 καὶ
2327 3384 2563 3479 βασιλεῖς
2599 3403 2838 3475 μέλλοιεν
2885 3399 3003 3454 καθ’
3039 3395 3202 3467 ὑμῶν
3238 3389 3587 3459 ἐξάπτεσθαι,
3631 3384 3774 3442 ἀλλὰ

2199 3503 2292 3557 καὶ
2320 3499 2519 3572 τούτων
2551 3495 2801 3566 άθετήσει
2825 3490 3033 3562 βουλάς·
3068 3488 3329 3560 κρατήσει
3359 3483 3416 3537 δέ
3440 3481 3575 3554 μόνη
3609 3482 3644 3551 ή
3670 3479 3774 3532 αύ-

2198 3592 2291 3646 τοῦ
2324 3569 2485 3662 βουλὴ
2508 3590 2586 3650 εἰς
2629 3586 2718 3639 τὸν
2750 3584 2938 3637 αἰῶνα.
2999 3578 3156 3633 Ἀλλὰ
3208 3577 3302 3629 καὶ
3345 3574 3447 3645 τῆς
3498 3569 3687 3639 σοφίας
3720 3569 3773 3624 οῑ

2200 3661 2448 3753 λογισμοὶ
2470 3676 2632 3732 αὐτοῦ
2662 3678 2760 3747 οὐχ
2794 3674 2993 3744 ὁμοίως
3044 3673 3158 3734 τοῖς
3206 3668 3485 3737 λογισμοῖς
3533 3662 3641 3715 τῶν
3673 3661 3771 3715 ἀν-

2202 3777 2434 3851 θρώπων
2462 3774 2829 3844 ἀθετήσονται’
2856 3764 3229 3838 παραμένουσι
3254 3762 3308 3814 δὲ
3329 3756 3524 3825 ἐαυτοῦ
3556 3755 3770 3827 κρίσεις

2203 3847 2283 3936 εἰς
2312 3869 2514 3939 γενεὰν.
2533 3866 2627 3921 καὶ
2660 3863 2870 3933 γενεάν.
2897 3859 3155 3914 Φυλάττει
3178 3856 3287 3926 γὰρ
3317 3854 3445 3915 τοὺς
3467 3848 3633 3904 αὑτοῦ
3682 3847 3771 3901 λο-

2202 3963 2432 4034 γισμοῦς
2459 3961 2570 4021 τοῖς
2595 3955 2787 4010 ἐαυτοῦ
2813 3953 3000 4034 ἀξίοις·
3037 3951 3131 4004 καλ⁵
3156 3947 3449 4017 ἐπειδήπερ
3490 3941 3613 3996 καθ’
3639 3940 3769 3993 ἐκά-

2356 4051 2546 4123 γενεάν
2570 4050 2666 4103 καὶ
2689 4028 2932 4117 διαδοχὴν
2953 4041 3252 4114 ἀνθρώπων
3273 4032 3613 4110 εὑρίσκονταί
3628 4048 3779 4094 τινες
3851 4036 3864 4045 ’

2203 4148 2365 4214 ἄξιοι,
2400 4145 2623 4206 εἰκότως
2670 4140 2877 4203 τούτοις
2925 4137 3107 4200 αὐτοῖς
3150 4130 3416 4203 διατηρῶν
3449 4129 3574 4190 τοὺς
3604 4121 3768 4178 αὐτοῦ

2203 4237 2513 4308 λογισμοὺς,
2541 4237 2619 4298 εἰς
2635 4230 2823 4302 γενεὰν
2838 4229 2932 4289 καὶ
2957 4225 3148 4297 γενεὰν
3180 4222 3377 4285 αὐτοὺς
3402 4215 3766 4288 παρεκτείνει.

2204 4306 2314 4383 Καὶ
2337 4306 2505 4381 ταῦτα
2533 4326 2628 4397 μέν
2661 4322 2826 4376 πάλαι
2850 4316 3170 4392 προελέγετο
3197 4307 3566 4385 προφητικῶς
3592 4306 3772 4377 ἔργοις

2204 4424 2261 4481 δέ
2292 4422 2474 4483 αὐτοῖς
2501 4418 2597 4489 τὴν
2629 4415 2850 4470 ἔκϐασιν
2877 4411 2985 4465 τῶν
3011 4410 3185 4477 λόγων
3230 4406 3389 4476 ἡμεῖς
3424 4397 3771 4472 παρειλήφα-

2210 4532 2329 4587 μεν.
2362 4514 2498 4568 Ὅσα
2531 4511 2638 4582 γὰρ
2672 4507 3082 4582 ἐμηχανήσαντο
3118 4499 3258 4554 κατὰ
3306 4499 3406 4567 τῆς
3445 4489 3774 4561 Ἐκκλησίας

2205 4581 2390 4671 αὐτοῦ,
2424 4605 2518 4660 καὶ
2545 4581 2759 4664 ὁποίους
2786 4598 2904 4653 καθ’
2939 4593 3094 4667 ήμῶν
3141 4591 3439 4661 ἐπήγειραν
3474 4581 3772 4653 διωγμοὺς,

2205 4692 2392 4764 ὁποίας
2414 4716 2473 4753 τε
2507 4695 2698 4768 βουλὰς
2724 4690 3107 4746 ἐϐουλεύσαντο
3163 4686 3213 4738 οἱ
3265 4683 3525 4754 ἄρχοντες
3554 4676 3647 4730 τοῦ
3695 4676 3781 4729 αἰ-

2205 4796 2341 4857 ῶνος
2357 4790 2543 4846 τούτου
2569 4786 2690 4840 καθ’
2719 4783 2892 4855 ήμῶν,
2920 4782 3018 4834 οὐκ
3069 4778 3213 4837 ἐστιν
3246 4772 3479 4839 ἐπαξίως
3508 4768 3777 4837 διηγήσα-

2209 4887 2351 4941 σθαιν
2390 4883 2480 4936 καὶ
2506 4882 2580 4944 ὡς
2613 4876 2785 4930 ταῦτα
2815 4873 2990 4927 πάντα
3026 4870 3160 4924 Θεοῦ
3201 4867 3425 4937 δυνάμει
3468 4859 3778 4916 διεσκεδάν-

2206 4993 2381 5033 νυντο’
2416 4974 2508 5028 καὶ
2532 4973 2608 5035 ὡς
2628 4971 2726 5023 ούκ
2766 4969 2850 5036 ἐφ’
2880 4963 3034 5037 ἡμῶν
3072 4963 3248 5034 μόνον,
3302 4956 3436 5018 ἀλλὰ
3489 4954 3609 5009 καθ’
3638 4951 3775 5005 ἑκά-

2208 5086 2340 5139 στην
2364 5064 2553 5136 γενεὰν
2578 5063 2755 5134 ἔργοις
2777 5057 2950 5112 ταῦτα
2975 5054 3272 5126 ἐπληροῦτο
3305 5050 3411 5105 ἀπὸ
3429 5047 3537 5101 τῶν
3566 5045 3781 5117 χρόνων

2206 5164 2306 5233 τῆς
2328 5158 2424 5212 τοῦ
2452 5158 2698 5227 Σωτῆρος
2725 5149 3038 5220 Θεοφανεως
3068 5144 3367 5218 ᾲρξάμενα.

2278 5356 2582 5428 Μακάρων
2608 5352 2673 5410 τὸ
2707 5354 2883 5418 ἔθνος.
2911 5345 2982 5405 οὗ
3034 5348 3206 5402 ἐστιν
3231 5348 3264 5399 ὀ
3314 5344 3527 5412 Κύριος
3551 5344 3583 5395 ό
3629 5339 3795 5405 Θεὸς.

2209 5449 2424 5514 αὑτοῦ,
2480 5448 2628 5515 λαὸς
2698 5445 2780 5499 ὃν.
2835 5438 3153 5507 ἐξελέξατο
3210 5437 3298 5502 εἰς
3367 5430 3784 5501 κληρονομίαν

2209 5540 2416 5607 ἐαυτῷ.
2455 5539 2627 5594 Πάλαι
2653 5537 2750 5608 μὲν
2781 5535 2889 5606 γὰρ
2918 5529 2985 5604 ἦν
3023 5527 3236 5600 Ἰσραὴλ
3290 5529 3445 5600 μερὶς
3498 5523 3593 5579 καὶ
3647 5519 3785 5590 κλη-

2213 5632 2436 5705 ρονομία
2463 5628 2645 5684 αὐτοῦ’
2697 5625 2810 5680 ἀλλ’
2842 5625 2963 5677 ἐπεὶ
3014 5621 3241 5692 ήθέτησε
3299 5616 3697 5690 μεταϐέϐληται
3743 5611 3785 5682 ή

2211 5726 2368 5800 χάρις
2400 5723 2491 5779 ἐπὶ
2512 5720 2578 5776 τὰ
2606 5718 2752 5791 ἔθνη.
2797 5715 2898 5783 Ἐξ
2938 5714 3195 5784 οὐρανοῦ
3229 5712 3563 5779 ἐπέᾶπεψεν
3594 5709 3627 5761 ὀ
3661 5704 3783 5761 Κύ-
