3992 6216
305 292 416 353 285

1423 278 1920 342 COMMENTARIA
1959 277 2028 335 IN
2063 276 2403 337 PSALMOS.

297 424 449 481 ριος,
477 409 598 465 εἶδε
626 406 857 476 πάντας
878 406 1021 475 τοὺς
1047 406 1215 473 υἱοὺς
1241 405 1358 459 τῶν
1400 403 1741 473 ἀνθρώπων.
1779 399 1866 465 Ἐξ

1970 398 2108 469 uidit
2152 417 2329 455 omnes
2373 400 2514 469 ﬁlios
2547 398 2838 455 hominum.
2901 400 2981 456 De
3010 410 3307 471 praeparato
3334 400 3543 456 habita-

302 501 545 572 ἑτοίμου
604 501 1058 570 κατοικητηρίου
1132 497 1314 555 αὑτοῦ
1382 496 1718 564 ἐπέϐλεψεν
1775 492 1874 546 ἐπὶ

304 592 538 659 πάντας
559 594 702 661 τοὺς
723 593 1149 658 κατοικοῦντας
1177 589 1293 658 τὴν
1343 589 1480 659 γῆν.
1515 589 1579 641 '0
1633 585 1876 651 πλάσας

302 688 645 759 καταμόνας
682 687 790 753 τὰς
830 685 1076 754 καρδίας
1138 682 1363 756 αὐτῶν,
1394 685 1426 736 ὀ
1483 680 1717 746 συνιεὶς
1776 678 1877 733 ἐπὶ

300 779 502 835 πάντα
529 778 601 833 τά
625 778 768 848 ἔργα
802 777 1017 833 αὐτῶν.
1062 776 1176 829 Ἵνα
1226 772 1444 845 γνῶμεν
1499 771 1616 835 πῶς
1665 768 1873 840 ὑπέστη

297 869 362 924 τὸ
385 868 818 942 μακαριζόμενον
851 866 1020 931 ἔθνος,
1060 866 1155 919 καὶ
1206 864 1368 918 πόθεν
1425 860 1615 933 εἴληφε
1648 859 1747 929 τὴν
1777 858 1874 911 σύ-

300 977 492 1015 στασιν
523 962 552 1014 6
578 959 702 1022 λαὸς
726 958 785 1012 ὃν
827 955 1105 1025 ἐξελέξατο
1146 958 1226 1020 εἰς
1268 955 1631 1029 κληρονομίαν
1675 958 1872 1030 ἑαυτῷ,

297 1049 607 1115 ἀκολούθως
630 1050 886 1115 διδάσκει,
914 1050 989 1113 ὡς
1016 1049 1125 1121 ἄρα
1156 1048 1320 1111 αὐτὸς
1366 1051 1395 1102 6
1445 1048 1647 1122 Κύριος
1668 1052 1875 1115 πάντας

296 1142 426 1206 τοὺς
460 1142 610 1204 υἱοὺς
627 1139 732 1194 τῶν
758 1138 1058 1211 ἀνθρώπων
1081 1141 1207 1203 τοὺς
1234 1141 1619 1206 κατοικοῦντας
1645 1142 1741 1214 τὴν
1770 1144 1873 1214 γῆν

295 1232 753 1304 ἐπισκεψάμενος,
798 1230 860 1298 ἐξ
887 1232 1140 1286 ἁπάντων
1165 1231 1371 1285 τούτων
1420 1234 1784 1305 συνεστήσατο
1813 1236 1872 1289 τὸ

295 1324 594 1398 προλεχθὲν.
639 1324 812 1390 ἔθνος,
870 1326 966 1389 καὶ
1010 1324 1101 1379 τὸν
1146 1325 1541 1397 προειρημένον
1593 1326 1721 1380 λαὸν
1739 1367 1754 1391 ,
1810 1328 1871 1380 οὐ

292 1418 560 1483 διακόνοις
581 1419 786 1491 ἑτέροις
805 1417 1161 1490 κεχρημένος.
1199 1419 1342 1471 Ἀντί
1368 1418 1424 1471 δὲ
1446 1417 1559 1479 τοῦ·
1586 1417 1688 1483 Ἐξ
1718 1419 1865 1473 ἑτοί-

288 1526 411 1580 μου
461 1507 916 1576 κατοικητηρίου
961 1505 1171 1567 αὐτοῦ,
1218 1507 1246 1558 6
1300 1505 1397 1576 μὲν
1440 1504 1692 1569 Ἀκύλας,
1752 1504 1871 1559 ἀπὸ

293 1598 671 1669 έδράσματος
724 1597 1015 1666 καθέδρας
1077 1596 1285 1659 αὐτοῦ,
1333 1597 1699 1668 ἡρμήνευσεν·
1746 1599 1775 1650 6
1813 1596 1872 1650 δὲ

294 1689 610 1762 Σύμμαχος,
642 1688 760 1747 ἀπὸ
786 1688 965 1757 ἕδρας
981 1689 1287 1755 κατοικίας
1308 1689 1494 1744 αὐτοῦ
1515 1688 1867 1759 ἐπέϐλεψεν.

1976 491 2096 544 culo
2135 505 2231 544 suo
2265 490 2491 558 respexit
2524 504 2681 557 super
2707 505 2882 544 omnes
2914 492 3005 561 qui
3041 490 3281 545 habitant
3324 499 3543 546 terram.

1978 580 2083 647 Qui
2130 582 2287 650 ﬁnxit
2332 581 2613 651 sigillatim
2666 580 2832 635 corda
2881 597 3107 650 eorum,
3162 582 3253 653 qui
3298 581 3545 653 intelligit

1977 668 2156 722 omnia
2197 683 2356 738 opera
2408 685 2611 723 eorum.
2660 667 2732 725 Ut
2779 670 3018 735 sciamus
3047 686 3156 742 quo
3185 679 3346 742 pacto
3389 685 3545 743 gens,

1976 774 2098 830 quae
2143 759 2302 815 beata
2348 761 2698 831 praedicatur.
2736 762 3033 821 constituta
3074 762 3257 828 fuerit,
3305 770 3361 819 et
3405 763 3551 820 unde

1976 852 2239 910 collectus
2268 852 2435 909 fuerit
2457 853 2694 924 populus
2728 853 2820 917 ille
2849 870 3012 924 quem
3049 854 3210 924 elegit
3237 854 3293 909 in
3313 852 3550 909 haeredi-

1979 951 2148 999 tatem
2181 944 2326 1015 sibi;
2359 953 2763 1017 consequenter
2791 945 2971 1011 docet,
3014 946 3106 1017 qui
3134 945 3251 1015 ipse
3286 944 3550 1001 Dominus

1976 1051 2102 1091 cum
2151 1050 2344 1095 omnes
2395 1036 2538 1094 ﬁlios
2596 1037 2878 1092 hominum
2925 1037 3017 1108 qui
3064 1037 3313 1097 habitant
3345 1043 3551 1091 terram

1974 1128 2295 1199 reSpiceret,
2324 1144 2391 1185 ex
2437 1130 2507 1184 iis
2552 1129 2809 1189 omnibus
2850 1130 3167 1200 praedictam
3195 1138 3411 1202 gentem
3443 1128 3550 1185 sibi

1975 1217 2251 1288 selegerit,
2289 1232 2503 1277 necnon
2533 1228 2896 1281 memoratum
2934 1219 3230 1289 populum,
3267 1233 3380 1273 non
3426 1219 3550 1274 aliis

1973 1325 2138 1381 quam
2175 1311 2431 1381 superius
2455 1326 2591 1367 usus
2624 1312 2915 1368 ministris.
2961 1310 3069 1367 Pro
3102 1312 3197 1367 illo
3229 1318 3435 1378 autem,
3468 1311 3550 1369 De

1971 1412 2272 1472 preparato
2316 1402 2621 1458 habitacula
2671 1421 2804 1471 suo,
2850 1406 3068 1476 Aquila,
3116 1425 3150 1461 a
3190 1408 3549 1465 stabilimenta

1972 1495 2111 1550 sedis
2145 1511 2277 1560 sum,
2306 1496 2698 1567 interpretatus
2726 1506 2810 1554 est
2838 1516 2853 1565 ;
2904 1498 3264 1570 Symmachus
3285 1510 3488 1571 autem,
3513 1522 3550 1560 a

1972 1584 2092 1639 sede
2118 1584 2467 1641 habitationis
2501 1604 2615 1642 suae
2646 1589 2892 1659 respexit.
2930 1587 3167 1645 Verbum
3197 1599 3381 1647 autem
3426 1593 3549 1665 ejus

1974 1678 2208 1731 salutem
2233 1676 2301 1731 iis
2330 1677 2423 1747 qui
2451 1679 2731 1747 accepturi
2754 1685 2911 1733 erant
2942 1679 3357 1737 administrabat
3377 1702 3403 1759 εἰ
3421 1699 3548 1740 nam

308 1753 457 1835 ὐδὲ
478 1753 648 1849 λόγος
673 1753 865 1840 αὑτοῦ-
885 1753 982 1853 τήν
1016 1753 1284 1849 σωτηρίαν
1308 1776 1592 1831 διεκονεῐτο
1620 1753 1864 1841 τοῖςνσω-

1971 1765 2118 1817 misit
2142 1763 2355 1818 verbum
2385 1780 2541 1819 suum
2582 1775 2631 1821 et
2661 1768 2869 1835 sanavit
2898 1786 3007 1839 eos,
3054 1779 3104 1825 et
3130 1772 3321 1840 eripuit
3364 1756 3453 1828 eos
3484 1772 3551 1829 de

297 1870 563 1942 ζομένοιςο
631 1869 976 1937 Ἀπέστειλε
1021 1868 1130 1941 γὰρ
1156 1868 1265 1923 τὸν
1299 1869 1488 1939 λόγον
1528 1863 1715 1924 αὑτοῦ
1767 1869 1866 1923 καὶ

298 1959 510 2023 ιάσατο
538 1960 780 2028 αὐτοὺς,
810 1961 907 2016 καὶ
931 1962 1220 2031 ἐρρύσατο
1247 1961 1466 2028 αὐτοὺς
1486 1961 1555 2014 ἐκ
1583 1959 1700 2014 τῶν
1739 1959 1865 2014 δια-

296 2048 532 2122 φθορῶύ
555 2050 770 2106 αὐτῶν.
803 2051 900 2105 Διὰ
931 2052 983 2105 τί
1008 2050 1065 2103 δὲ
1094 2049 1154 2115 ἐξ
1183 2050 1412 2122 οὐρανοῦ
1446 2048 1708 2119 ὲπέϐλεψε
1747 2048 1866 2102 Κύ-

295 2162 433 2219 ριος,
463 2145 557 2199 καὶ
583 2143 637 2198 τί
657 2144 720 2198 τὸ
739 2144 911 2199 αῐτιον
929 2143 1023 2197 τοῦ
1050 2142 1385 2209 καταξιῶσαι
1412 2142 1512 2213 τῆς
1531 2141 1723 2196 ἑαυτοῦ
1745 2143 1869 2196 ἐπι-

291 2238 501 2309 σκοπῆς
529 2237 740 2301 πάντας
764 2235 893 2300 τοὺς
916 2237 1066 2300 υἱοὺς
1103 2235 1212 2289 τῶν
1243 2234 1566 2308 ἀνθρώπων,
1601 2236 1867 2309 παρίστη-

292 2342 376 2380 σιν
404 2324 531 2396 ἑξῆς
570 2324 762 2394 λέγων·
811 2322 873 2377 '0
921 2323 1167 2390 πλάσας
1214 2325 1555 2393 καταμόνας
1587 2324 1695 2391 τὰς
1724 2343 1867 2395 καρσ-

287 2416 423 2483 δίας
443 2414 661 2479 αὐτῶν
692 2413 809 2477 ἀνθ’
834 2408 895 2471 οὗ
923 2415 952 2468 6
1007 2414 1303 2486 Σύμμαχός
1349 2431 1530 2487 φησιν’
1576 2415 1638 2469 '0
1666 2415 1864 2475 πλάσ-

287 2523 417 2563 σων
449 2508 788 2578 καταμόνας
809 2505 1076 2574 ἑκάστην
1110 2506 1360 2574 καρδίαν
1400 2504 1617 2561 αὐτῶν.
1662 2507 1727 2561 Et
1766 2508 1864 2579 μὲν

287 2598 397 2671 γὰρ
417 2598 616 2670 ὁμοίως
639 2600 752 2663 τοῖς
809 2598 1024 2669 ἀλόγοις
1081 2596 1240 2663 ζώοις
1270 2598 1363 2653 xal.
1405 2598 1496 2651 τὸν
1525 2597 1862 2671 ἀνθρώπινον

288 2689 414 2744 νοῦν
442 2691 662 2761 ὐηφξστη,
696 2690 846 2751 ορδὲν
892 2687 962 2762 ἦν
1014 2691 1309 2759 ἀναγκαῖον
1355 2689 1668 2744 ἐπιϐλέπειν
1701 2691 1863 2746 αὑτὸν

290 2779 385 2834 ἐπὶ
412 2798 536 2844 τους
555 2783 703 2851 uicit;
749 2780 858 2835 τῶν
914 2780 1234 2853 ἀνθρώπων·
1291 2783 1403 2854 ἀπή
1412 2800 1531 2855 ρκει
1556 2782 1664 2856 γὰρ
1686 2785 1719 2855 ἡ
1741 2785 1861 2838 καθ’

290 2872 413 2927 δλου
443 2874 665 2945 πρόνοια
692 2873 906 2929 πάντων
936 2872 996 2939 ἐξ
1056 2873 1170 2928 ἴσου
1221 2876 1614 2948 προνοουμένη*
1644 2879 1760 2931 νυνὶ
1781 2878 1858 2943 δὲ,

288 2964 587 3037 ἐπειδήπερ
609 2962 883 3037 ἐξαιρετός
908 2983 990 3029 τις
1018 2966 1176 3020 οὐσία
1216 2966 1503 3038 ἀνθρώπου
1530 2967 1697 3039 ψυχὴ,
1741 2969 1862 3022 ἐπεὶ

287 3056 421 3129 περὶ
500 3055 665 3127 μόνου.
742 3054 1028 3127 ἀνθρώπου
1107 3057 1519 3129 μεμαρτύρηται
1584 3056 1856 3129 εἰρηκώς·

283 3114 642 3219 Ποιήσωμεν
676 3114 987 3218 ἄνθρωπον
1027 3114 1155 3201 κατ’
1180 3114 1388 3201 Elian}
1416 3114 1727 3217 ’ἡμετέραν
1764 3114 1863 3202 καὶ
1891 3114 1938 3176 c

284 3242 419 3294 καθ’
471 3240 773 3309 ὁμοίωσιν
825 3238 923 3292 καὶ
976 3237 1265 3305 ἐποίησεν
1307 3239 1339 3291 ό
1371 3237 1588 3304 Κύριος
1635 3236 1741 3291 τὸν
1765 3237 1867 3293 ἀν-

284 3333 538 3400 θρωπον·
557 3329 684 3384 κατ’
704 3328 909 3383 εἰκόνα
924 3327 1070 3382 Θεοῦ
1084 3327 1373 3393 ἐποίησεν
1396 3328 1605 3380 αὑτόνοη
1619 3327 1865 3393 εἰκότως,

282 3421 360 3487 ὡς
384 3421 452 3478 ἂν
476 3424 577 3494 τῆς
608 3419 798 3476 ἑαυτοῦ
833 3420 1038 3484 εἰκόνος
1068 3419 1333 3492 προνοῶν,
1359 3419 1428 3484 ἐξ
1446 3419 1703 3489 οὐρανοῦ
1732 3419 1867 3474 έπέ-

286 3514 474 3582 ϐλεψε
505 3512 603 3569 καὶ
643 3507 765 3566 εἶδε
812 3509 1044 3577 πάντας
1083 3510 1226 3577 τοὺς
1272 3511 1444 3577 υἱοὺς
1475 3510 1594 3564 τῶν
1642 3511 1867 3580 ἀνθρώέ

284 3616 435 3659 πων.
477 3604 543 3656 ὐ
597 3601 661 3674 δὴ
708 3600 981 3672 παριστὰς
1023 3603 1054 3655 6
1105 3599 1297 3673 παρὼν
1338 3601 1497 3670 λόγος
1547 3601 1729 3672 φησιν·
1801 3602 1863 3655 '0

284 3692 585 3750 πλάσσων
617 3693 956 3762 καταμόνας
982 3692 1089 3759 τὰς
1141 3692 1389 3761 καρδίας
1434 3691 1652 3754 αὐτῶν*
1698 3710 1864 3752 κατα-τ

291 3787 456 3860 μόνας
485 3787 544 3840 δὲ
584 3786 796 3858 εἴρηται
838 3786 958 3840 ἀντὶ
1009 3784 1134 3853 τοῦ,
1189 3786 1587 3858 ἀφωρισμένως
1623 3786 1772 3858 παρὰ
1793 3787 1860 3842 τά

287 3878 449 3939 λοιπὰ
471 3878 604 3944 ζῶα.
626 3879 872 3950 Καρδίας
896 3878 951 3932 δὲ
973 3878 1146 3948 λέγων
1177 3881 1301 3943 τοὺς
1328 3879 1621 3951 λογισμοὺς
1647 3879 1857 3952 ἐδήλου,

287 3973 384 4028 καὶ
407 3973 489 4027 ὅτι
513 3971 908 4043 ἀφωρισμένως
932 3970 1160 4035 ἕκαστος
1208 3970 1494 4043 ἄνθρωπος
1533 3970 1720 4043 ὥσπερ
1763 3988 1859 4026 τα-

290 4068 460 4139 μιεῖον
488 4064 981 4135 άποκςκλεισμένον
1010 4060 1240 4134 ἐχειξτὴν
1265 4062 1459 4115 ἑαυτοῦ
1490 4061 1747 4127 διάνοιαν,
1782 4061 1857 4127 ὡς

289 4161 493 4236 μηδένα
516 4160 772 4219 δύνασθαι
801 4159 1019 4230 ἑτέρους
1070 4155 1506 4228 καταλαμϐάνειν
1542 4154 1852 4225 λογισμούς.

287 4254 498 4321 οὐδεὶς
526 4252 675 4324 γοῦν
726 4250 891 4306 οἶδεν
917 4248 1243 4318 ἀνθρώπων
1279 4246 1485 4313 τὰλτοῦ
1520 4244 1854 4315 ἀνθρώπου,

288 4350 340 4402 el
358 4346 445 4418 μὴ
464 4346 532 4401 τὸ
554 4346 791 4415 πνεῦμα
823 4342 932 4397 τοῦ
961 4340 1276 4410 ἀνθρώπου
1332 4339 1397 4394 τὸ
1435 4340 1505 4402 ἐν
1530 4338 1709 4405 αὐτῷ.
1765 4339 1856 4392 Διὸ

287 4439 606 4530 mea»?
634 4436 726 4492 τοῦ
760 4438 1012 4530 eam
1048 4432 1207 4530 ua
1248 4433 1332 4530 εις
1374 4432 1730 4530 παρέσταςιν.
1755 4430 1856 4530 τῆς
1888 4475 1933 4530 Ι)

286 4526 451 4588 αὑτοῦ
498 4526 746 4599 θεότητος
775 4525 1010 4593 ὲλέγετσ
1039 4521 1234 4588 Αὐτὸς
1270 4520 1382 4593 γὰρ
1433 4521 1565 4592 ᾔδει
1604 4524 1659 4576 τί
1690 4518 1768 4593 ἦν
1788 4522 1859 4585 ἐν

287 4619 366 4687 τῷ
400 4616 706 4687 ἀνθρώπῳ
757 4615 853 4670 καὶ
906 4614 1089 4672 πάλινο
1149 4610 1339 4678 Εἰδὼς
1362 4611 1431 4665 δέ
1473 4612 1618 4679 τοὺς
1653 4611 1856 4671 διαλοε

286 4712 538 4790 γεσμοὺς
567 4708 785 4766 αὐτῶν.
814 4708 985 4764 Τοῦτο
1009 4708 1067 4763 δὲ
1097 4708 1193 4772 καὶ
1225 4708 1283 4760 ὲν
1308 4708 1421 4769 τοῖς
1473 4706 1858 4778 προκειμένοις

288 4807 635 4881 κηρισταται·
672 4803 810 4875 μετὰ
855 4802 962 4875 γὰρ
1005 4801 1087 4855 τό·
1134 4800 1197 4853 '0
1241 4797 1486 4865 πλάσας
1520 4799 1858 4868 καταμόνας

288 4899 387 4966 τὰς
410 4895 660 4966 καρδίας
677 4893 896 4960 αὐτῶν,
924 4893 1191 4965 συνῆπται
1216 4891 1294 4945 τό·
1328 4892 1390 4945 '0
1417 4890 1650 4957 συνιεὶς
1663 4889 1858 4953 πάντα

1972 1856 2365 1912 ἱηιενίιὶοηϊὺιιε
2393 1874 2575 1912 eorum
2600 1859 2642 1914 ⁵.
2679 1858 2792 1915 Cur
2825 1871 3008 1917 autem
3039 1862 3107 1918 de
3139 1865 3282 1937 uelo
3305 1867 3549 1937 respexit

1972 1948 2260 2016 Dominus,
2294 1960 2349 2007 et
2380 1966 2502 2022 quae
2534 1966 2703 2008 causa
2780 1952 2946 2009 fuerit
2977 1956 3123 2026 quod
3169 1973 3360 2026 omnes
3406 1960 3548 2016 ﬁlios

1974 2041 2256 2098 hominum
2282 2043 2602 2100 visitatione
2629 2061 2729 2101 sua
2750 2046 3091 2118 dignaretur,
3119 2049 3361 2108 declarat
3390 2052 3548 2109 dein-

1971 2149 2101 2206 ceps
2136 2136 2222 2191 his
2265 2137 2483 2192 verbis:
2529 2138 2635 2203 Qui
2659 2139 2817 2209 ﬁnxit
2844 2141 3122 2211 sigillatim
3154 2144 3319 2200 corda
3339 2160 3545 2210 eorum;

1968 2244 2069 2299 pro
2080 2244 2188 2299 quo
2203 2228 2564 2302 Symmachus
2578 2232 2758 2295 habet,
2777 2233 2883 2300 Qui
2892 2236 3043 2305 ﬁngit
3060 2237 3336 2307 sigillatim
3356 2254 3549 2293 unum-

1970 2317 2205 2388 quodque
2232 2336 2322 2372 cor
2344 2336 2548 2378 eorum.
2574 2321 2632 2377 Si
2658 2322 2807 2377 enim
2830 2324 3128 2380 humanam
3156 2338 3391 2385 mentem
3420 2328 3541 2400 pari

1971 2419 2133 2480 atque
2165 2413 2420 2469 animalia
2450 2415 2611 2470 bruta
2638 2416 2849 2473 ratione
2879 2419 3278 2488 constituisset,
3316 2438 3547 2481 necesse

1970 2501 2216 2574 profecto
2238 2519 2349 2559 non
2367 2514 2485 2560 erat
2504 2506 2679 2575 ipsum
2711 2510 2984 2579 reSpicere
3012 2526 3176 2582 super
3204 2515 3344 2571 lilios
3365 2516 3553 2579 homi-b

1969 2610 2137 2661 num;
2190 2594 2461 2650 sulliceret
2497 2597 2643 2651 enim
2687 2598 3015 2654 universalis
3044 2602 3133 2654 illa
3184 2605 3547 2675 providentia,

1970 2685 2225 2741 omnibus
2274 2686 2559 2755 aequaliter
2596 2689 2961 2758 prospiciens.
3000 2692 3159 2746 Nunc
3202 2701 3384 2749 autem
3417 2676 3553 2765 quia

1969 2775 2284 2847 praecellens
2307 2777 2558 2847 quaedam
2594 2778 2902 2835 substantia
2937 2789 3022 2836 est
3055 2782 3237 2837 anima
3284 2783 3544 2852 hominis,

1967 2869 2408 2940 quandoquidem
2427 2870 2494 2925 de
2515 2871 2632 2926 solo
2648 2871 2866 2928 homine
2884 2873 3219 2930 declaratum
3239 2876 3547 2941 est,Facia—

1968 2977 2083 3015 mus
2110 2961 2369 3018 hominem
2387 2965 2456 3018 ad
2479 2965 2761 3036 imaginem
2778 2975 2827 3020 et
2847 2968 3248 3024 similitudinem
3276 2978 3511 3026 nostram
3531 2985 3550 3024 :

1967 3061 2016 3105 et
2048 3052 2171 3122 fecit
2203 3053 2344 3109 Deus
2368 3054 2623 3115 hominem
2643 3074 2662 3111 :
2688 3057 2758 3112 ad
2777 3058 3159 3131 imaginemDei
3182 3061 3304 3131 fecit
3321 3062 3474 3119 illum
3491 3065 3550 3125 ⁸;

1969 3143 2093 3213 jure
2142 3145 2400 3215 imaginis
2447 3148 2539 3203 ille
2605 3164 2718 3205 sua:
2757 3152 3152 3221 providentiam
3202 3169 3438 3225 gerens,
3482 3155 3550 3212 de

1972 3240 2100 3291 caelo
2134 3239 2358 3306 respexit
2405 3247 2455 3297 et
2497 3239 2627 3293 uidit
2665 3257 2847 3305 omnes
2875 3244 3015 3312 ﬁlios
3065 3244 3357 3307 hominum.
3389 3248 3548 3315 Quod

1972 3327 2062 3384 bis
2121 3330 2304 3386 verbis
2362 3329 2420 3385 in
2476 3334 2734 3401 prasenti
2778 3336 3186 3404 pronuntiatur,
3243 3337 3347 3404 Qui
3391 3341 3547 3411 ﬁngit

1970 3420 2250 3491 sigillatim
2294 3422 2458 3477 corda
2492 3440 2710 3489 eorum;
2759 3426 3029 3495 sigillatim
3053 3428 3259 3484 dictum
3287 3437 3369 3485 est
3389 3431 3547 3501 quasi

1971 3512 2265 3582 separatim
2307 3520 2362 3568 et
2400 3528 2650 3568 seorsum
2689 3530 2720 3568 a
2761 3515 2988 3586 reliquis
3016 3516 3363 3574 animalibus.
3404 3519 3546 3576 Dum

1970 3609 2150 3657 autem
2182 3602 2350 3656 corda
2384 3612 2732 3669 memoraret,
2776 3605 3134 3676 cogitationes
3183 3609 3541 3679 signiﬁcavit:

1970 3693 2098 3765 quia
2165 3693 2393 3764 quilibet
2438 3693 2602 3749 homo
2648 3711 2895 3762 seorsum
2943 3706 3178 3753 mentem
3238 3715 3392 3755 suam
3442 3716 3545 3761 ceu

1966 3785 2373 3854 receptaculum
2432 3786 2712 3841 occlusam
2768 3786 2965 3852 habet,
3014 3796 3074 3842 ut
3110 3805 3270 3845 nemo
3318 3792 3545 3853 alterius

1967 3877 2331 3948 cogitationes
2400 3878 2805 3950 deprehendere
2870 3881 3066 3938 valeat.
3106 3880 3326 3956 .Nullus‘
3380 3887 3543 3957 igitur

1965 3966 2235 4031 hominum
2262 3970 2405 4024 novit
2433 3986 2549 4042 qua:
2576 3980 2700 4025 sunt
2724 3970 2975 4037 hominis,
2996 3974 3103 4028 nisi
3134 3977 3350 4045 spiritus
3376 3977 3545 4033 homi-

1965 4062 2048 4117 nis
2078 4063 2169 4133 qui
2190 4072 2267 4117 est
2294 4065 2348 4116 in
2373 4065 2483 4133 ipso
2506 4067 2547 4117 ⁸.
2567 4062 2746 4130 Quare
2771 4064 2838 4120 de
2870 4066 2987 4122 solo
3022 4066 3301 4127 Salvatore
3328 4079 3540 4137 nostro,

1964 4156 2033 4215 ad
2065 4157 2487 4213 declarationem
2508 4158 2628 4227 ejus
2645 4157 2895 4226 Deitatis,
2923 4161 3227 4229 dicebatur,
3251 4163 3374 4235 Ipse
3399 4167 3540 4222 enim

1964 4250 2161 4305 sciebat
2189 4249 2316 4321 quid
2355 4258 2488 4304 esset
2533 4250 2587 4305 in
2623 4253 2911 4324 homine";
2950 4268 3014 4308 ac
3040 4271 3261 4310 rursum
3295 4276 3308 4310 :
3354 4256 3539 4313 Sciens

1962 4342 2305 4412 cogitationes
2353 4341 2568 4395 illorum
2587 4343 2628 4397 ⁸.
2660 4342 2775 4401 Hoc
2807 4344 2935 4399 item
2966 4345 3022 4399 in
3047 4346 3302 4414 praesenti
3356 4347 3541 4403 decla-

1962 4441 2079 4488 rat:
2106 4441 2228 4503 post
2264 4433 2400 4489 illud
2432 4434 2602 4499 enim,
2626 4433 2733 4500 Qui
2754 4435 2912 4503 ﬁnxit
2941 4435 3219 4506 sigillatim
3250 4437 3413 4493 corda
3449 4454 3538 4494 eo-

1963 4538 2081 4576 rum
2100 4563 2114 4587 ,
2152 4521 2373 4579 additur
2393 4520 2519 4585 hoc.
2550 4520 2655 4590 Qui
2680 4522 2925 4593 intelligit
2941 4524 3121 4578 omnia
3150 4540 3306 4593 opera
3332 4543 3532 4587 eorum.

1964 4614 2086 4683 Ipse
2113 4626 2349 4682 namque
2378 4611 2529 4667 solus
2558 4611 2810 4684 intelligit
2836 4629 2900 4671 ex
2935 4614 3241 4684 cujusmodi
3270 4619 3537 4679 electione

1946 4702 2267 4789 .vuluutatis
2314 4703 2599 4757 hominum
2658 4718 2822 4774 opera
2879 4706 3133 4772 edantur,
3184 4723 3311 4767 cum
3353 4712 3536 4769 nullus

1963 4797 2105 4854 alius
2146 4796 2448 4868 intelligere
2484 4803 2649 4867 queat
2677 4812 2743 4859 ex
2777 4798 3084 4869 cujusmodi
3124 4805 3427 4874 pr0posito,
3467 4819 3536 4859 ex

1963 4909 2073 4965 quo
2098 4900 2247 4945 motu
2269 4887 2571 4943 voluntatis
2591 4888 2775 4958 quivis
2804 4890 3084 4947 hominum
3112 4904 3234 4964 agat
3252 4909 3373 4965 quae
3399 4894 3528 4964 agit.

286 4990 357 5045 τὰ
373 4987 518 5059 ἔργα
540 4984 759 5041 αὐτῶν.
788 4984 963 5048 Μόνος
988 4981 1096 5053 γὰρ
1122 4982 1282 5046 αὐτὸς
1311 4981 1554 5053 συνίησιν
1585 4982 1644 5050 ἐξ
1675 4985 1865 5052 ὁποίας
1898 4983 2271 5060 προαιρέσεως
2298 4979 2369 5037 τὰ
2396 4979 2504 5032 τῶν
2528 4978 2832 5051 ἀνθρώπων
2856 4981 2993 5056 ἔργα
3038 4985 3386 5053 ἐπιτελεῖται,
3425 5002 3534 5060 μη-

286 5078 432 5146 δενδς
453 5077 614 5133 άλλου
639 5074 938 5148 δυναμένου
968 5074 1200 5127 συνιέναι
1231 5074 1359 5145 ποίᾳ
1384 5074 1637 5147 προθέσει
1662 5076 1756 5129 καὶ
1783 5080 1946 5153 ὁποίᾳ,
1973 5079 2117 5149 ὁρμῇ
2141 5074 2369 5135 ἕκαστος
2392 5070 2499 5124 τῶν
2526 5070 2827 5144 ἀνθρώπων
2856 5074 3139 5144 πράττειᾶ
3173 5079 3421 5152 πράττει.

357 5177 441 5233 Οὐ
471 5170 712 5236 σώζεται
750 5168 1048 5238 βασιλεὺς
1072 5168 1170 5223 διὰ
1191 5168 1435 5239 πολλὴν
1454 5171 1728 5242 δύναμιν,
1751 5173 1851 5228 καὶ

287 5269 456 5342 τίτας
507 5268 579 5322 οὺ
619 5263 956 5333 σωθήσεται
1008 5263 1078 5316 ἐν
1112 5261 1327 5332 πλήθει
1377 5264 1590 5333 ἰσχύος
1639 5266 1848 5322 αὐτοῦ.

290 5358 529 5429 Ψευδίκ
551 5359 736 5427 ἵππος
765 5359 854 5425 εις
882 5354 1200 5424 σωτηρίαν·
1240 5355 1309 5409 ἐν
1342 5354 1408 5409 δὲ
1428 5356 1643 5425 πλήθει
1667 5360 1852 5415 δυνά-

282 5467 436 5523 μεως
476 5448 661 5506 αὐτοῦ
716 5449 790 5504 οὺ
846 5443 1201 5514 σωθήσεται.
1264 5443 1409 5499 Ἰδοὺ
1460 5450 1513 5502 ot
1562 5449 1856 5521 ὀφθαλμοὶ

284 5545 504 5615 Κυρίου
549 5542 648 5610 ἐπὶ
668 5540 810 5610 τοὺς
831 5538 1241 5613 φοϐουμένους
1273 5537 1479 5605 αὑτὸν,
1511 5540 1652 5608 τοὺς
1685 5543 1855 5598 ἐλπί-

2025 5171 2195 5226 Vens.
2229 5166 2344 5224 16-
2377 5166 2465 5224 19.
2496 5164 2621 5221 Non
2666 5168 2960 5224 saloabitur
3002 5187 3094 5227 rex
3155 5191 3250 5245 per
3305 5172 3532 5228 multam

1954 5268 2231 5327 uirtutem,
2283 5270 2333 5315 et
2362 5260 2508 5330 gigas
2583 5276 2688 5315 non
2737 5260 3032 5317 salvabitur
3082 5264 3134 5319 in
3195 5264 3529 5319 multitudine

1957 5359 2165 5416 uirtutis
2189 5370 2319 5409 suae.
2348 5351 2547 5407 Fallax
2569 5368 2730 5423 equus
2754 5351 2823 5406 ad
2845 5354 3069 5409 salutem
3087 5396 3102 5420 ,
3126 5358 3180 5409 in
3202 5354 3528 5415 abundantia

1960 5460 2135 5506 autem
2158 5445 2365 5502 rirtutis
2389 5461 2499 5499 suo:
2522 5462 2623 5499 non
2646 5443 2962 5501 salvabitur.
2989 5444 3122 5501 Ecce
3146 5444 3285 5498 oculi
3312 5441 3527 5502 Domini

1962 5558 2115 5613 super
2146 5547 2428 5596 metuentes
2451 5554 2599 5607 eum,
2632 5547 2681 5592 et
2711 5538 2765 5592 in
2793 5539 2868 5594 eis
2896 5540 2986 5609 qui
3009 5545 3217 5608 sperant
3240 5550 3394 5605 super
3421 5538 3526 5597 mi-

374 5746 559 5808 ‘Psal.
588 5763 714 5824 tm,
739 5748 832 5808 ΞΟ.
906 5749 929 5784 ⁸
967 5745 1165 5805 Genes.
1202 5759 1243 5812 ι,
1276 5743 1370 5813 26,
1404 5744 1495 5802 27.
1574 5745 1594 5778 ⁵
1633 5742 1678 5801 ιι
1713 5742 1848 5802 Cor.

1999 5741 2086 5801 ll.
2164 5742 2185 5775 ⁷
2222 5740 2378 5801 Joan.
2414 5757 2494 5812 ιι,
2530 5742 2621 5799 25.
2701 5742 2724 5776 ³
2765 5740 2898 5797 Luc.
2930 5752 3020 5808 vr,
3054 5737 3111 5796 8.
