3980 6214
508 290 616 348 287

1130 290 1397 349 EUSEBII
1433 290 1909 360 CESARIENSIS
1941 292 2092 350 OPP.
2132 294 2313 353 PARS
2375 298 2462 359 Ill.
2501 330 2574 343 -
2610 302 3023 363 EXEGETICA.

3628 313 3737 371 288

509 403 799 460 serieordia
826 420 967 474 ejus,
1008 412 1065 467 ut
1096 414 1255 459 eruat
1285 420 1321 458 α
1344 413 1512 459 morte
1545 405 1753 459 animas
1778 421 1992 469 eorum,
2021 422 2047 461 e

2171 406 2379 479 ζον-τας
2398 411 2497 468 ἐπὶ
2523 413 2588 468 τὸ
2620 415 2795 485 ἕλεος
2823 420 3031 486 αὐτοῦ,
3057 423 3362 492 ῥύσασθαι
3383 423 3451 480 ὲκ
3490 427 3762 487 θανάτου

508 502 621 555 alat
657 515 744 559 eos
782 497 837 551 in
877 497 1041 567 fame.
1080 495 1272 552 Isthmo
1309 495 1753 567 supradictorum
1793 498 2078 555 sententiae

505 589 797 644 cohaerent.
833 586 1026 643 Sermo
1052 600 1288 658 namque
1316 594 1605 659 postquam
1647 602 1841 645 omnes
1881 588 1976 659 qui
2018 588 2074 657 in

503 687 650 735 terra
678 686 805 735 sunt
838 679 1087 748 homines
1132 680 1201 735 ad
1246 679 1342 738 Dei
1372 680 1623 737 timorem
1656 682 1912 752 superius
1945 697 2077 737 evo-

502 773 647 828 cavit
673 771 761 829 his
789 771 997 837 verbis,
1021 771 1225 827 Timeat
1257 771 1538 829 Dominum
1565 774 1733 828 omnis
1765 782 1946 840 terra;
1979 773 2076 831 de-

500 865 628 921 inde
672 872 734 921 ut
782 864 995 919 animos
1046 863 1308 929 adderet,
1351 881 1422 921 ne
1461 865 1644 921 animo
1683 864 1979 922 deﬁcerent
2008 880 2074 923 ac

499 956 921 1012 reformidarent
946 957 1361 1027 persecutiones
1385 957 1717 1016 obventuras
1734 999 1750 1027 ,
1777 965 1903 1014 ante
1930 957 2076 1030 adje-

498 1059 678 1117 cerat,
705 1050 963 1106 Dominus
988 1052 1214 1121 dissipat
1235 1050 1460 1106 consilia
1481 1051 1714 1122 gentium
1731 1091 1746 1117 ,
1767 1058 1824 1108 et
1847 1061 2068 1109 caetera.

497 1142 685 1198 Eidem
719 1143 884 1214 igitur
912 1142 1199 1198 sententiae
1226 1141 1492 1199 insistens
1524 1142 1578 1197 in
1609 1144 1864 1214 superius
1893 1145 2071 1200 allatis

497 1237 573 1291 ait
602 1279 615 1292 .
646 1234 949 1303 Conﬁdite,
976 1250 1074 1291 vos
1107 1250 1300 1292 omnes
1336 1235 1404 1294 ad
1437 1251 1577 1307 quos
1609 1251 1791 1291 sermo
1813 1237 2067 1295 vertitur.

496 1328 556 1386 Si
604 1329 790 1400 itaque
832 1328 902 1384 ad
948 1329 1097 1383 hunc
1141 1328 1391 1384 timorem
1444 1328 1788 1388 secesseritis
1813 1369 1828 1392 .
1878 1332 2070 1388 oculos

492 1422 614 1493 ejus
657 1422 880 1493 vimque
912 1420 1061 1478 illius
1095 1420 1472 1492 perspicacem
1501 1421 1658 1478 vobis
1686 1421 2068 1491 providentem

491 1512 812 1569 obtinebitis
834 1552 849 1576 ,
886 1527 1009 1583 quae
1050 1527 1148 1569 vos
1177 1512 1247 1568 ab
1273 1512 1530 1577 omnibus
1565 1512 1806 1569 inimicis
1833 1529 1899 1569 ac
1932 1514 2069 1570 insi—

489 1607 795 1663 diatoribus
825 1606 1103 1671 liberabit.
1133 1605 1270 1662 Ecce
1300 1620 1539 1677 namque
1570 1604 1710 1661 oculi
1739 1604 1952 1659 Domini
1976 1621 2069 1660 su-

485 1714 578 1768 per
608 1708 898 1756 metuentes
929 1715 1049 1755 eum
1069 1739 1085 1766 ,
1117 1700 1208 1771 qui
1238 1706 1453 1769 sperant
1500 1712 1659 1767 super
1696 1696 2064 1752 misericordia

2175 501 2283 567 τὰς
2305 504 2512 573 ψυχὰς
2535 507 2754 573 αὐτῶν,
2780 510 2878 567 καὶ
2906 511 3219 584 διαθρέψαι
3244 516 3464 583 αὐτοὺς
3481 518 3551 572 ἐν
3573 522 3756 591 λιμῷ.

2179 592 2401 664 Ἔχεται
2436 598 2534 668 τῆς
2559 596 2666 652 τῶν
2693 601 3134 675 προλελεγμένων
3175 607 3412 676 διανοίας
3430 610 3499 665 τὰ
3527 614 3760 684 προκεί-

2178 701 2343 785 μενα..
2362 688 2707 757 Συγκαλέσας
2729 693 2834 765 γὰρ
2854 697 2883 749 ό
2913 695 3071 767 λόγος
3108 700 3315 767 πάντας
3341 705 3467 769 τοὺς
3525 706 3619 761 ἐπὶ
3649 712 3763 785 γῆς

2174 778 2496 851 ἀνθρώπους
2548 784 2642 838 ἐπὶ
2688 787 2778 842 τὸν
2807 790 2969 859 φόϐον
3006 790 3099 846 τοῦ
3133 794 3267 849 Θεοῦ
3293 797 3380 853 διὰ
3419 799 3514 853 τοῦ
3563 778 3761 873 προει-

2174 873 2315 925 πεῖν⁵
2345 875 2657 943 Φοϐηθήτω
2689 879 2798 934 τὸν
2841 883 3059 959 Κύριον
3084 884 3252 941 πᾶσα
3275 890 3314 958 ἡ
3353 889 3453 960 τῆ·
3504 890 3622 949 εἶτα
3648 913 3762 952 πα-

2174 963 2521 1058 ραθαρρύνας
2553 969 2627 1041 μὴ
2659 971 2896 1045 ἀγωνιᾷν
2929 976 3064 1047 μηδὲ
3124 979 3403 1049 φοϐεῖσθαι
3462 985 3589 1050 τοὺς
3620 987 3758 1058 μέλ-

2171 1055 2361 1123 λοντας
2398 1060 2788 1125 ἐπανίστασθαι
2849 1068 3033 1133 αὐτοῖς
3078 1070 3372 1143 διωγμοὺς,
3404 1055 3633 1151 συνῆψε-
3663 1082 3761 1139 διὰ

2169 1149 2627 1243 τῶνᾼέμπροσθεν
2688 1156 2773 1209 τό·
2830 1160 3045 1228 Κύριος
3092 1163 3464 1230 διασκεδάζει
3506 1149 3757 1243 βουλὰς

2169 1241 2380 1307 ἐθνῶν,
2410 1244 2506 1298 καὶ
2534 1243 2600 1297 τὰ
2623 1243 2770 1316 ἑξῆς.
2804 1247 2917 1319 Τῆς
2946 1245 3039 1304 οὖν
3071 1253 3241 1325 αὐτῆς
3290 1257 3528 1326 διανοίας
3559 1241 3759 1336 ἐχόμεξ.

2171 1352 2258 1400 νος
2283 1339 2377 1390 καὶ
2408 1338 2495 1394 διὰ
2525 1340 2635 1394 τῶν
2664 1345 3036 1416 προκειμένων
3089 1350 3240 1420 φησί·
3275 1351 3565 1426 Θαρσεῖτε..
3609 1359 3757 1413 πάν-

2167 1445 2259 1525 τες
2283 1429 2439 1525 ὑμεῖς
2456 1433 2602 1525 πρὸς
2634 1436 2773 1499 οὒςό
2794 1437 2966 1508 λόγος.
2999 1442 3060 1495 Ei
3108 1443 3241 1512 γοῦν
3294 1448 3641 1519 προσέλθοιτε
3670 1453 3756 1525 τῷ

2169 1521 2347 1614 αὑτοῦ,
2365 1523 2532 1596 φόϐῳ,
2557 1526 2708 1593 ἕξετε
2726 1531 2852 1595 τοὺς
2872 1532 3035 1587 αὑτοῦ
3064 1535 3375 1609 ὀφθαλμοὺς
3401 1541 3492 1595 καὶ
3511 1544 3613 1614 τὴν
3640 1521 3757 1601 Sto-

2172 1610 2396 1684 ρατικὴν
2423 1614 2587 1668 αὐτοῦ
2605 1616 2833 1690 δύναμιν
2867 1624 3269 1681 ἐπισκοποῦσαν
3294 1628 3459 1695 ὑμᾶς,
3491 1610 3586 1688 καί
3613 1636 3758 1691 πάν-

2167 1718 2277 1800 των
2300 1703 2509 1800 ἐχθρῶν
2536 1710 2631 1762 καὶ
2683 1712 2982 1772 ἐπιϐούλων
3038 1719 3326 1792 ρυομένην.
3377 1722 3530 1779 Ἰδοὺ
3552 1727 3664 1800 γὰρ
3693 1732 3759 1786 οι

485 1790 638 1861 ejus,
685 1801 744 1845 ut
786 1800 937 1846 eruat
987 1808 1022 1846 a
1063 1800 1239 1855 morte.
1280 1790 1489 1846 animas
1528 1804 1732 1844 eorum.
1773 1786 1910 1844 Nam
1942 1789 2049 1845 sint

2168 1793 2463 1887 ὀφθαλμοὶ
2488 1800 2712 1867 Κυρίου
2760 1802 2861 1858 ἐπὶ
2914 1786 3055 1877 τούξ
3101 1786 3512 1884 φοϐουμένους
3537 1786 3753 1887 αὑτὸν,

483 1880 662 1937 oculis
688 1881 784 1949 Dei
813 1882 964 1936 nulla
995 1880 1190 1944 salutis
1230 1895 1360 1952 spes
1404 1887 1524 1948 est,
1566 1895 1636 1936 ne
1678 1879 1901 1953 quidem
1941 1880 2057 1952 regi

483 1971 542 2028 in
575 1973 799 2029 militari
828 1979 1099 2044 potestate
1132 1970 1319 2029 ﬁdenti
1349 1989 1365 2040 ;
1398 1986 1513 2035 non
1556 1971 1764 2044 giganti
1808 1973 1865 2028 in
1908 1973 2056 2029 mul-

482 2061 718 2119 titudine
770 2063 988 2119 virtutis
1025 2070 1080 2119 et
1125 2061 1465 2119 fortitudinis
1513 2062 1896 2134 superbienti;
1943 2078 2054 2120 non

482 2167 628 2225 equo
684 2154 960 2215 velocitati
1019 2154 1220 2225 pedum
1277 2153 1599 2217 conﬁdenti.
1672 2153 1801 2210 Haec
1856 2156 2059 2226 quippe

480 2242 666 2299 omnia
695 2242 946 2313 decipere
976 2243 1191 2309 solent,
1226 2244 1418 2300 fallere
1451 2245 1580 2300 item
1627 2251 1683 2300 et
1724 2246 1778 2299 in
1810 2260 2054 2302 errorem

480 2332 741 2391 inducere
769 2349 864 2399 eos
891 2334 985 2405 qui
1033 2335 1089 2389 in
1134 2335 1331 2391 iisdem
1371 2351 1522 2407 spem
1560 2336 1783 2391 habent.
1819 2335 1926 2391 Sed
1956 2351 2056 2397 vos

478 2424 736 2488 conﬁdite
762 2427 856 2497 qui
884 2425 1173 2489 Dominum
1202 2427 1470 2482 invocatis
1491 2467 1508 2489 .
1538 2426 1769 2499 ejusque
1802 2426 2054 2484 timorem

477 2516 875 2586 assumpsistis.
905 2516 1148 2573 Consilia
1174 2517 1419 2589 gentium
1446 2533 1515 2577 ne
1539 2517 1907 2576 rel‘ormidetis
1929 2535 2055 2590 qua:

476 2592 743 2663 Dominus
804 2608 1079 2680 dissipat,
1137 2623 1241 2665 nec
1299 2609 1662 2681 cogitationes
1721 2612 2048 2683 populorum

473 2714 596 2771 quae
637 2714 669 2753 a
717 2702 829 2755 Deo
877 2699 1046 2760 irritae
1087 2699 1421 2769 emciuntur,
1470 2717 1573 2758 nec
1609 2704 1844 2760 consilia
1898 2705 2054 2776 prin-

473 2795 656 2859 cipum
713 2805 836 2861 quae
898 2790 1016 2862 ipse
1075 2791 1386 2855 subvertit,
1444 2791 1557 2847 imo
1622 2809 1801 2865 neque
1864 2809 2050 2865 regem

472 2880 660 2936 manui
701 2880 928 2935 militari
975 2880 1260 2945 innixum,
1304 2895 1483 2951 neque
1526 2882 1799 2952 gigantem
1833 2882 2051 2937 fortitu-

472 2971 598 3029 dine
628 2988 695 3029 ac
721 2973 933 3030 viribus
962 2973 1244 3044 corporeis
1270 2980 1590 3030 tumentem.
1617 2974 1683 3029 Et
1704 2990 1829 3029 cum
1856 2978 2051 3047 ingens

471 3064 821 3136 praesidium,
852 3064 1106 3122 videlicet
1130 3066 1487 3136 providentiae
1517 3068 1691 3137 ipsius
1720 3068 1911 3124 oculos
1942 3069 2042 3124 ob-

2165 1884 2306 1951 τοὺς
2331 1885 2681 1958 ἐλπίζοντας
2731 1894 2831 1948 ἐπὶ
2887 1895 2955 1951 τὸ
2996 1898 3170 1967 ἕλεος
3198 1901 3407 1969 αὐτοῦ,
3439 1884 3758 1974 ῥύσασθαι

2163 1978 2232 2072 ἐκ
2263 1979 2522 2072 θανάτου
2554 1983 2663 2053 τὰς
2686 1987 2892 2057 ψυχὰς
2946 1990 3165 2047 αὐτῶν.
3217 1996 3349 2068 Δίχα
3407 1998 3518 2072 γάρ
3568 2003 3756 2059 αὐτῶν

2163 2068 2271 2169 τῶν
2303 2071 2396 2125 τοῦ
2422 2072 2557 2128 Θεοῦ
2589 2076 2882 2151 ὀφθαλμῶν
2937 2084 3039 2137 οὐκ
3082 2084 3229 2139 ἔστιν
3282 2089 3413 2163 ἄλλη
3477 2068 3758 2169 σωτηρίας

2165 2164 2338 2259 ἐλπὶς,
2364 2166 2488 2221 οὔτε
2520 2168 2731 2240 βασιλεῖ
2765 2180 3126 2250 στρατιωτικῇ
3144 2180 3390 2252 »δυνάμει
3436 2164 3755 2259 θαρρούντι,

2163 2254 2286 2311 οὔτε
2320 2259 2538 2328 γίγαντι
2570 2263 2663 2315 ἐπὶ
2695 2263 2886 2337 πλήθει
2929 2267 3214 2340 δυνάμεως
3246 2275 3343 2327 καὶ
3404 2254 3587 2348 ἰσχύος
3612 2254 3756 2349 γαυέ

2167 2351 2433 2422 ρουμένῳ,
2461 2350 2584 2407 οὔτε
2621 2354 2773 2427 ἵππῳ
2804 2356 2980 2413 ποδῶν
3007 2359 3246 2433 ὠκύτητι
3273 2364 3584 2438 θαρροῦντι.
3610 2372 3757 2427 Πάν.

2161 2457 2229 2494 τα
2259 2440 2368 2514 γὰρ
2394 2441 2567 2497 ταῦτα
2600 2445 2963 2516 διαψεύδεται,
2996 2451 3220 2522 σφάλλει
3274 2456 3368 2509 καὶ
3406 2457 3584 2531 πλανᾷ
3619 2463 3755 2528 τοὺς

2158 2531 2249 2584 ἐπ’
2279 2533 2462 2598 αὐτοῖς
2511 2534 2832 2606 ἡλπικότας.⁴
2877 2540 3015 2594 Ἀλλ’
3063 2543 3223 2615 ὑμεῖς
3271 2545 3544 2619 θαρσεῖτε,
3574 2553 3624 2604 οἱ
3650 2551 3752 2606 τὸν

2159 2620 2362 2693 Κύριον
2384 2623 2788 2692 ἐπικαλοῦντες,
2820 2628 2913 2682 καὶ
2942 2629 3036 2684 τὸν
3073 2631 3239 2686 αὑτοῦ
3267 2633 3433 2704 φόϐον
3461 2636 3755 2708 ἀνειληφό-

2158 2729 2268 2778 τες.
2298 2717 2410 2777 Καὶ
2433 2717 2572 2788 μήτε
2596 2717 2788 2789 βουλὰς
2822 2720 2991 2776 ἐθνῶν
3048 2724 3320 2794 φοϐεῖσθε,
3356 2728 3423 2793 ἃς
3473 2732 3500 2784 ὁ
3532 2730 3751 2803 Κύριος

2156 2804 2592 2873 διασκεδάννυσι,
2640 2811 2781 2882 μήτε
2808 2811 3101 2884 λογισμοὺς
3140 2814 3304 2880 λαῶν,
3354 2817 3447 2883 οὒς
3475 2820 3502 2873 ὁ
3530 2820 3751 2893 Κύριος

2157 2897 2357 2963 ἀθετεῖ,
2401 2901 2538 2972 μήτε
2569 2900 2764 2971 βουλὰς
2788 2904 3085 2976 ἀρχόντων,
3127 2907 3194 2972 ἃς
3218 2910 3381 2975 αὐτὸς
3419 2912 3741 2984 ἀνατρέπει.

2171 2986 2326 3041 Ἆλλά
2358 2990 2494 3060 μηδὲ
2529 2990 2751 3062 βασιλέα
2780 2994 2971 3067 πλήθει
3019 3001 3414 3073 στρατιωτικῆς
3457 3001 3744 3073 δυνάμεως

2157 3078 2454 3133 πεποιθότα
2480 3082 2947 3155 καταπλήττεσθε,
2987 3087 3120 3158 μηδὲ
3174 3090 3406 3159 γίγαντα
3464 3092 3608 3162 ἰσχύϊ
3642 3094 3742 3148 καὶ

470 3156 723 3223 tineatis,
760 3158 817 3213 in
843 3158 963 3231 ipso
988 3159 1108 3215 solo
1138 3165 1194 3214 et
1228 3159 1284 3213 in
1319 3158 1704 3215 misericordia
1731 3161 1853 3231 ejus
1890 3176 2043 3231 spem

2156 3168 2288 3243 ἀλκῇ
2337 3170 2589 3243 σώματος
2641 3156 2999 3248 τυφούμενονξ
3051 3156 3310 3251 Ἔχοντες
3352 3182 3408 3237 δὲ
3461 3156 3604 3254 μέγα
3634 3204 3739 3256 φυ-

469 3251 717 3317 rcponite
743 3259 981 3307 vestram
1002 3291 1017 3317 ,
1052 3259 1110 3305 ut
1143 3260 1298 3307 eruat
1333 3267 1367 3306 a
1399 3263 1568 3308 morte
1598 3254 1803 3309 animas
1835 3270 2041 3309 eorum.

469 3340 617 3399 κοτε
646 3350 828 3398 autem
860 3343 1056 3399 animae
1097 3341 1262 3400 fuerit
1301 3344 1398 3402 Dei
1439 3346 1760 3419 abnegatio,
1811 3345 2045 3403 defectio

466 3436 627 3507 plena
646 3475 661 3501 ,
690 3443 745 3492 et
772 3445 999 3507 peccata
1025 3437 1091 3493 ad
1122 3445 1354 3494 mortem
1427 3438 1502 3493 ita
1532 3446 1593 3493 ut
1624 3438 1669 3494 si
1702 3437 1921 3509 quando
1951 3454 2046 3495 ac—

466 3528 645 3597 cidat,
680 3537 741 3584 ut
781 3533 1117 3602 sperantium
1165 3532 1221 3586 in
1271 3530 1440 3587 Deum
1486 3546 1717 3602 cnrpora
1762 3530 2042 3586 communi

465 3621 664 3686 morti,
709 3621 780 3676 ob
822 3622 943 3693 ejus
986 3623 1364 3679 testimonium
1410 3623 1741 3689 tradantur,
1791 3631 1847 3678 at
1897 3623 2044 3679 oculi

463 3711 560 3768 Dei
589 3713 802 3770 animas
832 3731 1023 3772 eorum
1050 3723 1310 3773 curantes
1337 3732 1369 3772 a
1400 3724 1579 3772 morte
1623 3718 1775 3789 ipsos
1816 3716 2039 3788 eripue-

462 3810 613 3859 runt.
641 3803 829 3875 Neque
861 3806 918 3861 id
950 3808 1296 3863 solummodo
1327 3817 1591 3879 praestant
1623 3826 1638 3876 ;
1673 3809 1770 3865 sed
1800 3818 1861 3865 ut
1888 3812 2041 3866 alant

461 3909 558 3950 eos
586 3894 644 3949 in
677 3896 820 3951 fame
844 3937 859 3963 ,
896 3899 1303 3968 providentiam
1338 3899 1561 3955 habent.
1600 3899 1883 3971 Siquidem
1916 3917 2043 3972 per-

462 3987 808 4043 secutionum
855 3997 1131 4061 tempore,
1178 4007 1286 4063 quo
1330 3993 1653 4065 plerumque
1690 3994 1940 4050 doctrina
1986 4004 2040 4050 et

460 4080 772 4136 divinarum
819 4081 1231 4154 Scripturarum
1282 4084 1547 4142 lectiones
1600 4088 2034 4159 praepediuntur,

458 4172 680 4245 rarique
712 4183 1012 4230 occurrunt
1050 4176 1144 4246 qui
1188 4177 1506 4248 spirituales
1547 4179 1701 4235 cibos
1744 4179 2034 4236 animabus

459 4265 744 4321 hominum
785 4266 1149 4339 impertiant;
1197 4278 1438 4327 attamen
1486 4270 1633 4326 oculi
1663 4270 1915 4337 Domini,
1948 4272 2035 4328 di-

2149 3260 2440 3335 λακτήριον
2487 3267 2614 3330 τοὺς
2667 3267 2768 3339 τῆς
2802 3270 3058 3339 προνοίας
3090 3272 3252 3326 αὑτοῦ
3283 3274 3615 3346 ὀφθαλμοὺς,
3643 3279 3737 3333 ἐπ’

2147 3348 2307 3402 αὐτὸν
2333 3350 2579 3415 ἐλπίζετε
2617 3354 2777 3424 μόνον
2806 3358 2901 3411 καὶ
2925 3358 3019 3412 ἐπὶ
3061 3360 3122 3412 τὸ
3150 3361 3299 3426 ἔλεος
3321 3364 3510 3429 αὑτοῦ,
3552 3369 3642 3435 εις
3664 3370 3736 3424 τὸ

2137 3439 2445 3507 ῥύσασθαι
2482 3441 2551 3497 ἐκ
2576 3444 2836 3500 θανάτου
2870 3447 2980 3515 τὰς
3006 3450 3211 3521 ψυχὰς
3242 3453 3460 3509 αὐτῶν.
3490 3456 3737 3525 Θάνατος

2146 3532 2192 3626 δ’
2213 3533 2279 3586 ἂν
2318 3534 2401 3604 εἴη
2424 3533 2603 3607 ψυχῆς
2639 3538 2672 3613 ἡ
2724 3536 2953 3610 ἄρνησις
2985 3542 3078 3596 τοῦ
3105 3543 3238 3607 6εοῦ
3271 3547 3367 3600 καὶ
3395 3549 3427 3620 ή
3461 3550 3736 3626 παντελὴς

2143 3625 2469 3693 ἀποστασία,
2486 3629 2579 3681 καὶ
2609 3631 2665 3683 αἱ
2720 3630 2856 3703 πρὸς
2882 3631 3109 3688 θάνατον
3126 3638 3409 3712 ἁμαρτίαν
3429 3641 3594 3707 ὥστε,
3626 3645 3735 3701 κᾶν

2146 3717 2322 3790 συμϐῇ
2354 3736 2482 3773 ποτε
2514 3721 2620 3775 τῶν
2652 3722 2978 3789 ἐλπιζόντων
3004 3728 3100 3782 ἐπὶ
3132 3729 3222 3781 τὸν
3256 3731 3460 3803 Κύριον
3508 3735 3578 3790 τὰ
3632 3738 3735 3792 σὼ-

2145 3824 2289 3878 ματα
2310 3810 2522 3883 θανάτῳ
2548 3814 2937 3883 παραδίδοσθαι
2966 3819 3042 3891 τῷ
3081 3820 3245 3892 κοινῴ
3277 3822 3367 3877 διὰ
3395 3826 3493 3896 τὴν
3526 3830 3609 3892 είς
3626 3832 3729 3891 ai»

2138 3901 2230 3954 τὸν
2267 3905 2590 3977 μαρτυρίαν,
2613 3906 2727 3967 ἀλλ’
2751 3910 2800 3962 οί
2828 3910 3096 3984 ὀφθαλμοὶ
3118 3915 3283 3969 αὐτοῦ
3308 3917 3397 3970 τοῦ
3417 3922 3731 3991 κρείττονος

2138 3996 2558 4068 ἐπιμεληθέντες
2589 4000 2688 4068 τὰς
2718 4002 2895 4076 ψυχὰς
2931 4006 3109 4061 αὐτῶν
3136 4009 3435 4081 ἐρρύσαντο
3468 4017 3531 4069 ἐκ
3562 4016 3730 4074 θανά-

2136 4103 2250 4143 του.
2283 4091 2357 4142 Οὐ
2395 4092 2553 4161 μόνον
2580 4092 2636 4148 δὲ
2665 4094 2823 4150 τοῦτο
2856 4097 3120 4165 ποιοῦσιν,
3172 4102 3307 4156 ἀλλὰ
3338 4107 3432 4159 καὶ
3478 4109 3574 4162 τοῦ
3604 4111 3728 4167 δια-

2136 4177 2330 4259 θρέψαι
2358 4182 2554 4247 αὐτοὺς
2581 4186 2638 4238 ὲν
2662 4185 2805 4264 λιμῷ
2837 4189 3093 4260 πρόνοιαν
3145 4195 3443 4251 ποιοῦνται.
3486 4199 3575 4255 Ἐν
3612 4204 3725 4276 γὰρ

2132 4274 2244 4336 τοῖς
2275 4277 2485 4347 καιροῖς
2508 4276 2616 4330 τῶν
2673 4277 2946 4351 διωγμῶν,
2975 4281 3097 4335 καθ’
3117 4283 3211 4348 οὓς
3260 4288 3517 4356 πολλάκις
3543 4274 3731 4360 attextis}.

456 4357 571 4413 vini
602 4355 842 4430 Spiritus
880 4359 1090 4415 inlluxu
1110 4402 1124 4427 ,
1173 4360 1422 4433 ipsorum
1455 4363 1669 4420 animas
1699 4362 1852 4417 alunt
1876 4369 1931 4418 et
1961 4363 2031 4418 ab

2156 4382 2316 4418 ,υνται
2349 4368 2446 4437 μὲν
2484 4371 2540 4423 αἱ
2597 4370 2937 4434 διδασκαλίαι
2972 4377 3066 4430 καὶ
3088 4378 3156 4431 τὰ
3185 4378 3295 4434 τῶν
3343 4382 3733 4453 θεοπνεύστων.

454 4448 576 4520 ipso
605 4449 713 4506 Deo
740 4450 1023 4509 institutas
1052 4452 1298 4509 eﬂiciunt
1322 4494 1338 4521 ,
1365 4454 1442 4508 ita
1474 4463 1532 4509 ut
1561 4455 1702 4510 citra
1730 4455 2028 4513 humanam

2156 4454 2365 4527 ῗραφῶν
2395 4458 2817 4533 ἀναγνώσματα,
2872 4462 3123 4529 σπανίζει
3151 4467 3209 4520 δὲ
3235 4470 3263 4522 ό
3288 4448 3387 4535 τὰς
3414 4489 3724 4547 πνευματιρ

456 4543 623 4597 ullam
665 4544 1047 4617 disciplinam,
1098 4561 1300 4603 arcana
1349 4549 1584 4620 quadam
1611 4548 1812 4605 virtute
1841 4548 2024 4604 nutri-

2156 4523 2235 4613 ιάς
2263 4523 2471 4622 τροφὰς
2511 4523 2779 4619 ταίςπῶν
2805 4523 3117 4630 ’ἀνθρώπων
3174 4523 3731 4643 amatae-seria};

456 4645 637 4690 antur.

2130 4643 2281 4716 ὅμως
2309 4647 2357 4698 οἱ
2384 4646 2650 4719 ὀφθαλμοὶ
2675 4648 2769 4703 τοῦ
2792 4651 3001 4723 Κυρίου
3029 4656 3094 4724 τῇ
3123 4655 3215 4711 τοῦ
3237 4658 3381 4719 θείου
3399 4660 3723 4734 Πνεύματος

451 4724 702 4829 ξπιρροῇ,
735 4734 831 4789 καὶ
855 4735 1059 4793 τούτων
1113 4736 1213 4802 τὰς
1256 4737 1433 4810 ψυχας
1497 4739 1840 4812 διατρέφουσι
1886 4740 2264 4806 θεοδιδάκτους
2320 4743 2517 4817 αὐτοὺς
2548 4744 2999 4818 ἀπεργαζόμενοι,
3060 4749 3137 4813 ὡς
3167 4752 3271 4821 καὶ,
3292 4755 3420 4813 ἄνευ
3462 4724 3566 4829 τῆς
3624 4724 3731 4818 dy;

454 4818 684 4896 θρὼπων
716 4826 1061 4894 διδασκαλίας
1085 4830 1386 4903 ἀπορρήτῳ
1415 4832 1641 4903 δυνάμει
1691 4834 2009 4904 τρέφεσθαι.

755 5001 818 5060 IN
855 5004 1187 5066 PSALMUM
1228 5007 1435 5065 DAV'ID
1472 5008 1709 5071 XXXIII.

453 5160 505 5221 1.
557 5160 784 5229 Quando
820 5162 1119 5223 immutavit
1156 5166 1359 5221 vultum
1396 5185 1555 5231 suum.
1587 5188 1770 5229 coram
1805 5172 2024 5232 Abime—

776 5233 920 5302 lech,
956 5243 1007 5289 et
1043 5236 1248 5291 dimisit
1283 5254 1402 5293 eum
1437 5250 1487 5295 et
1526 5242 1682 5299 abiit.

519 5389 752 5459 Quidam
796 5390 1060 5464 suspicati
1103 5399 1233 5449 sunt
1286 5394 1435 5448 illam
1482 5398 1771 5471 praesentis
1813 5398 2021 5469 psalmi

450 5485 862 5557 inscriptionem
883 5524 899 5550 ,
931 5484 1218 5541 historiam
1248 5486 1521 5558 respicere
1538 5526 1554 5552 ,
1582 5504 1690 5559 qua
1718 5488 1894 5546 fertur
1922 5490 2022 5545 Da-

449 5579 626 5634 videm
655 5595 685 5633 a
715 5578 854 5636 facie
879 5576 1061 5637 Saulis
1088 5578 1387 5651 fugientem
1410 5619 1425 5645 ,
1457 5579 1525 5634 ad
1552 5580 1800 5635 Anchum
1831 5596 2017 5655 regem

446 5669 585 5725 Geth
621 5675 956 5740 accessisse,
986 5673 1209 5745 quando
1241 5672 1513 5728 insaniam
1549 5675 1821 5733 simulans
1859 5676 2017 5747 quasi

447 5770 704 5843 tympano
734 5768 985 5838 pulsabat
1016 5767 1082 5825 ad
1116 5774 1304 5840 portas
1336 5768 1518 5837 urbis,
1553 5779 1606 5826 et
1637 5768 2010 5835 deferebatur.

2365 5013 2475 5071 ΕΙΣ
2506 5016 2643 5071 TON
2670 5018 2971 5075 ΨΑΛΜΟΝ
3001 5018 3087 5076 ΤΩ
3117 5023 3318 5089 ΔΔΥῙΔ
3345 5027 3464 5081 Al".

2144 5175 2371 5246 Ὁπότε-
2395 5174 2697 5241 ήλλοίωσε
2733 5175 2800 5230 τὸ
2857 5179 3181 5246 πρόσωπον
3226 5183 3416 5242 αὐτοῦ
3450 5186 3731 5245 ἐνώπιον..

2180 5243 2503 5314 Ἀϐιμέλεχ,
2536 5246 2632 5300 καί
2664 5243 2976 5303 ἀπέλυᾰεν
3005 5251 3193 5306 αὐτὸν
3227 5255 3326 5311 καὶ
3373 5243 3674 5326 ἀπῆλθεκ.

2211 5398 2505 5455 Ὑπέλαϐόν
2555 5419 2700 5467 τινες
2752 5403 2851 5476 τὴν
2925 5405 3019 5462 τοῦ
3070 5410 3431 5482 προκειμένου
3484 5412 3708 5487 ψαλμοῦ

2110 5489 2450 5583 ¹προγραφὴν
2481 5492 2695 5583 εκείνην
2721 5496 3005 5568 σημαίνειν
3052 5500 3151 5571 τὴν
3208 5503 3470 5575 ἱστορίαν,
3515 5507 3704 5583 δι’ἦς,

2127 5579 2340 5649 φεύγων
2370 5581 2531 5636 Δαυῒδ
2559 5582 2668 5637 ἀπὸ
2699 5584 2988 5656 προσώπου
3002 5588 3191 5655 Σαοὺλ,
3217 5592 3533 5666 ἐληλυθέναι
3566 5579 3705 5671 «se;

2138 5673 2361 5745 Ἄγχους
2385 5674 2716 5745 βασιλέαΓὲθ
2733 5678 3162 5751 ἀναγέγραπταιο
3189 5685 3277 5739 ὅτε
3305 5687 3502 5758 μανίαν
3530 5708 3704 5763 προσ-

2124 5767 2366 5843 ποιηθεὶς
2417 5767 2781 5843 ὲτυμπάνιζεν
2806 5771 2899 5826 ἐπὶ
2946 5776 3068 5839 ταῖς
3111 5775 3303 5851 θύραις
3333 5781 3434 5853 τῆς
3468 5782 3701 5855 πόλεωῆ
