3992 6216
225 345 333 402 289

1358 339 1858 399 COMMENTAHIA
1896 338 1962 394 1N
2000 324 2340 395 PSALMOS.

3366 342 3473 398 290

227 466 320 519 καὶ
348 463 713 536 παρεφέρετο,
749 465 842 518 καὶ
867 465 1080 528 ἔπιπτε,
1133 467 1226 518 καὶ
1256 465 1510 536 κατέρρει
1550 464 1618 519 τὰ
1649 465 1800 518 σίελα

1904 469 1960 516 et
1992 461 2312 527 decidebat,
2351 466 2404 515 et
2437 453 2751 516 deﬂuebant
2784 461 2969 516 saliva:
3001 461 3120 532 ejus
3155 461 3209 516 in
3242 461 3471 518 barbam

226 556 387 610 αὐτοῦ
417 555 508 608 ἐπὶ
539 556 630 610 τὸν
654 555 886 626 πώγωνα
905 557 1089 610 αὐτοῦ·
1109 557 1236 610 ὥστ’
1253 557 1424 610 εἰπεῖν
1451 557 1544 610 τὸν
1572 556 1799 627 Ἀγχοῦς

226 649 365 721 πρὸς
395 651 521 713 τοὺς
571 649 764 712 παῖδας
821 648 1005 703 αὐτοῦ’
1048 649 1248 720 ’Ἄνδρα
1301 650 1596 721 ἐπίληπτον
1631 650 1715 703 ἵνα
1747 649 1802 702 τί

227 743 549 815 εἰσηγάγετε
608 743 744 815 πρὸς
791 742 894 812 μέ;
951 740 1087 794 Ἀλλ’
1137 743 1218 796 ὅτι
1273 743 1370 814 μὲν
1424 742 1685 813 ὴλλοίωσε
1743 743 1803 796 τὸ

228 833 518 905 πρόσωπον
549 833 732 898 αὑτοῦ,
783 833 1020 904 ἥκουσαν
1047 835 1095 886 οἱ
1158 833 1405 886 τοιοῦτον
1458 835 1539 887 ὅτι
1601 835 1646 888 δ’
1676 833 1803 904 ἑξῆς

229 924 518 994 συνῆπται,
549 923 824 977 ἐναντίον
865 924 1190 994 Ἀϐιμέλεχ,
1222 925 1436 978 δοκοῦσί
1467 943 1555 996 μοι
1587 943 1804 999 παρεω-

229 1016 475 1088 ρακέναι.
524 1016 581 1069 '0
615 1015 711 1086 μὲν
737 1011 828 1069 οὖν
873 1016 1099 1088 Ἀγχοῦς
1125 1017 1233 1070 τῶν
1263 1017 1573 1086 ἀλλοφύλων
1600 1014 1668 1089 ἦν
1700 1018 1801 1088 βα-

228 1103 409 1169 σιλεὺς
459 1105 566 1158 τῶν
614 1105 1006 1159 κατοικούντων
1037 1106 1135 1177 τὴν
1184 1107 1305 1161 Γέθο
1337 1109 1366 1160 ὁ
1416 1107 1473 1160 δὲ
1517 1108 1800 1180 Ἀὃιμέλεχ

228 1197 408 1267 ἱερεὺς
445 1195 537 1250 τοῦ
575 1196 710 1250 Θεοῦ
767 1198 1185 1269 μνημονεύεταιο
1245 1200 1381 1270 πρὸς
1410 1200 1468 1252 ὃν
1517 1200 1608 1253 καὶ
1640 1201 1800 1256 αὑτὸν

224 1289 498 1361 ἐληλυθὼς
544 1292 573 1344 ὁ
605 1291 767 1344 Δαυῖδ
814 1293 919 1364 πρὸ
947 1293 1047 1362 τῆς
1090 1295 1391 1366 παρουσίας
1419 1295 1516 1364 τῆς
1545 1293 1680 1368 πρὸς
1711 1296 1801 1348 τὸν

237 1381 463 1451 Ἀγχοῦς
497 1382 807 1452 ἱστορεῖται⁹
843 1384 990 1453 λέγει
1018 1385 1125 1457 γὰρ
1155 1389 1188 1457 ἡ
1224 1387 1412 1457 Γραφή
1436 1404 1449 1417 ⁸
1485 1387 1593 1442 Καὶ
1635 1388 1802 1457 ἔρχε-

222 1487 317 1526 ται
351 1476 383 1526 ὀ
410 1473 588 1526 Δαυῒδ
619 1477 704 1540 εις
728 1476 884 1528 Νοϐἰι
912 1477 1061 1544 πρὸς
1119 1478 1432 1548 Ἀχιμέλεχ
1464 1479 1570 1533 τὸν
1624 1479 1800 1548 ἱερέα,

223 1563 322 1616 καὶ
350 1563 570 1631 ἐξέστη
626 1565 935 1636 Ἀχιμέλεχ
962 1567 1036 1636 τῇ
1061 1568 1395 1635 ἀπαντήσει
1434 1570 1639 1624 αὐτοῦ·
1703 1571 1802 1624 καὶ

221 1657 393 1709 εἶπεν
421 1655 598 1722 αὐτῷ·
625 1659 684 1710 Ti
712 1659 800 1711 ὅτι
831 1659 911 1712 σὺ
939 1660 1128 1728 μόνος
1147 1660 1243 1714 καὶ
1274 1661 1470 1728 οὐδεὶς
1489 1663 1638 1732 μετὰ
1662 1663 1801 1727 σοῦ;

221 1749 334 1802 Καὶ
386 1745 517 1802 εἷπε
537 1750 717 1803 Δαυῒδ
754 1750 832 1816 τῷ
867 1753 1023 1821 ἱερεῖ·
1098 1753 1160 1806 '0
1195 1755 1494 1822 βασιλεὺς
1525 1757 1804 1812 ἐντέταλ-

1903 553 2078 624 ipsius
2108 572 2123 620 ;
2158 553 2232 606 ita
2272 559 2332 606 ut
2367 552 2574 608 diceret
2608 552 2835 609 Auchus
2869 555 3053 624 pueris
3087 553 3204 610 suis
3239 572 3252 608 :
3292 553 3472 619 Quare

1901 646 2076 700 virum
2108 643 2369 715 epilepsia
2397 653 2709 714 correptum
2735 644 2800 698 ad
2821 661 2905 700 me
2926 645 3308 701 introduxistis
3329 647 3350 698 ?
3371 645 3475 700 Vc.

1901 753 2023 792 rum
2049 737 2127 791 illi
2156 735 2223 790 ad
2253 735 2308 790 id
2339 737 2517 791 solum
2547 738 2901 793 attenderunt
2929 739 3074 808 quod
3105 739 3475 793 immutaverit

1900 831 2109 885 vultum
2136 845 2294 884 suum
2322 847 2336 896 ;
2364 828 2457 884 sed
2485 827 2739 884 videntur
2763 830 2894 884 mihi
2921 829 2976 884 id
3001 830 3306 902 neglexisse
3329 829 3476 901 quod

1900 940 2028 978 mox
2073 923 2343 994 sequitur,
2391 938 2572 976 coram
2621 921 2944 976 Abimelech.
2968 925 3037 978 At
3060 923 3204 976 enim
3250 921 3474 978 Anchus

1901 1016 2336 1086 alienigenarum
2361 1013 2589 1070 Getham
2637 1014 2989 1069 incolentium
3042 1030 3137 1070 rex
3164 1022 3319 1083 erat;
3346 1014 3476 1070 Abi-

1902 1109 2109 1164 melech
2141 1123 2269 1164 vero
2300 1107 2559 1164 sacerdos
2581 1105 2673 1161 Dei
2709 1107 2876 1162 fuisse
2904 1114 3238 1162 memoratur
3267 1123 3282 1160 :
3312 1121 3473 1176 quem

1900 1200 2031 1255 item
2068 1199 2236 1254 David
2269 1199 2503 1263 adiisse,
2540 1210 2830 1268 antequam
2860 1199 2975 1270 regi
3017 1197 3243 1254 Auchus
3293 1213 3353 1253 se
3403 1197 3478 1252 si-

1900 1299 2104 1355 steret,
2159 1299 2488 1358 enarratur;
2543 1292 2619 1346 ait
2647 1292 2847 1362 quippe
2879 1291 3207 1362 Scriptura:
3242 1289 3310 1344 Et
3340 1293 3477 1345 venit
3515 1349 3524 1362 ,

1900 1382 2072 1438 David
2107 1383 2160 1436 in
2194 1381 2403 1437 Nobam
2439 1383 2507 1436 ad
2534 1381 2863 1436 Achimelech
2904 1382 3265 1446 sacerdotem,
3300 1392 3349 1436 et
3385 1382 3477 1436 ob-

1903 1475 2101 1544 stupuit
2151 1473 2479 1528 Acltimelech
2524 1473 2588 1528 de
2641 1491 2863 1528 occursu
2907 1475 3064 1544 ejus;
3101 1485 3148 1529 et
3196 1475 3332 1528 dixit
3382 1477 3475 1529 ei:

1905 1571 2085 1637 Quare
2113 1578 2167 1623 tu
2193 1571 2339 1624 solus
2369 1580 2418 1623 et
2447 1570 2626 1624 nullus
2655 1581 2730 1624 est
2761 1580 2927 1624 tecum
2955 1574 2979 1627 ?
3009 1570 3075 1624 Et
3103 1573 3178 1624 ait
3205 1571 3376 1626 David
3404 1571 3473 1624 ad

1904 1664 2274 1719 sacerdotem:
2309 1661 2419 1716 Rex
2458 1662 2703 1730 praecepit
2740 1661 2869 1714 mihi
2907 1677 3198 1716 sermonem
3237 1660 3387 1716 hodie
3424 1671 3474 1714 et

1903 1757 2042 1812 dixit
2070 1756 2198 1811 mihi
2226 1773 2243 1811 :
2278 1755 2447 1811 Nemo
2477 1756 2612 1809 sciat
2642 1772 2750 1809 rem
2778 1764 2988 1824 propter
3013 1772 3169 1826 quam
3195 1771 3288 1826 ego
3321 1758 3473 1809 mitto

220 1841 321 1894 ταί
346 1857 445 1908 μοι
469 1841 634 1908 ῥῆμα
657 1841 920 1911 σήμερον
938 1844 1035 1898 καὶ
1061 1840 1191 1898 εἶπέ
1211 1863 1331 1914 μοι’
1349 1847 1574 1915 Μηδεὶς
1601 1848 1799 1918 γνώτω

1902 1862 1950 1906 te
1969 1892 1982 1917 ,
2010 1861 2058 1905 et
2083 1850 2146 1905 de
2172 1867 2277 1921 qua
2305 1851 2524 1920 prwcepi
2569 1848 2662 1902 tibi
2685 1864 2704 1913 ;
2733 1857 2782 1903 et
2807 1848 2985 1916 pueris
3015 1849 3327 1918 testiﬁcatus
3357 1865 3472 1901 sum

222 1932 292 1985 τὸ
324 1929 490 2000 ῥῆμα
525 1931 656 2000 περὶ
706 1929 777 1988 οὗ
835 1933 948 2004 ἐγὼ
1003 1935 1360 1991 ἀποστέλλω
1384 1954 1476 2004 σε,
1513 1941 1610 1995 καὶ
1645 1941 1797 2011 ὑπὲρ

223 2019 300 2080 οῦ
334 2024 689 2094 ἐντέταλμαί
745 2041 863 2091 σοι,
926 2029 1177 2096 καὶτοῖς
1233 2030 1566 2099 παιδαρίοις
1603 2031 1799 2103 διαμε-

217 2118 596 2188 μαρτύρημαι
646 2121 718 2173 ἐν
763 2120 842 2186 τῷ
870 2122 1030 2188 τόπῳ
1061 2123 1142 2188 τῷ
1199 2124 1500 2194 λεγομένῳ
1531 2126 1676 2180 Θεοῦ
1706 2128 1801 2180 πί-

221 2226 378 2277 στις.
405 2212 513 2278 Καὶ
543 2212 660 2267 νῦν
683 2213 740 2267 εἴ
761 2216 919 2268 εἰσιν
941 2215 1061 2268 ὑπὸ
1117 2215 1231 2284 τὴν
1283 2216 1451 2286 χεῖρά
1475 2234 1590 2272 σου
1615 2217 1797 2286 ἄρτοι,

221 2301 330 2369 δὸς
355 2305 443 2369 είς
463 2304 668 2373 χεῖράς
693 2324 812 2374 μου
855 2307 922 2360 τὸ
963 2307 1226 2377 εὑρεθέν.
1270 2311 1378 2364 Καὶ
1419 2311 1712 2381 ἀπεκρίθη
1769 2315 1801 2366 ὀ

223 2392 417 2460 ἱερεὺς
439 2394 520 2460 τῷ
559 2396 759 2464 Δαυῒδ,
789 2399 887 2452 καὶ
919 2395 1112 2453 εἴπεν
1148 2402 1268 2454 Οὐκ
1298 2402 1458 2456 εἰσὶν
1483 2402 1649 2470 ἄρτοι
1691 2401 1801 2467 βέ-

223 2485 393 2551 ϐηλοι
415 2486 530 2540 ὑπὸ
564 2488 678 2557 τὴν
702 2489 870 2559 χεῖρά
887 2509 1029 2561 μου,
1063 2491 1151 2546 ὅτι
1183 2493 1320 2548 ἀλλ’
1356 2494 1395 2564 ἢ
1438 2495 1604 2564 ἄρτοι
1646 2496 1802 2566 ἅγιοι

221 2579 403 2630 εὶσινσ
444 2581 497 2632 εὶ
539 2583 967 2653 πεφυλατμένα
1025 2585 1098 2638 τὰ
1147 2584 1426 2655 παιδάριά
1469 2587 1640 2642 ἐστιν
1681 2589 1800 2643 ἀπὸ

222 2669 528 2738 γυναικὸς,
571 2673 670 2726 καὶ
734 2672 969 2744 φάγετε.
1006 2677 1116 2731 Καὶ
1170 2677 1457 2747 ἀπεκρίθη
1484 2679 1666 2733 Δαυῒδ
1723 2680 1803 2746 τῷ

223 2759 386 2827 ἱερεῖ,
411 2760 506 2814 καὶ
525 2758 693 2816 εἶπεν
712 2763 889 2830 αὐτῷ’
921 2767 1073 2820 Ἀλλ’
1096 2768 1211 2822 ἀπὸ
1228 2770 1511 2838 γυναικὸς
1533 2771 1802 2843 ἀπεσκή-

219 2851 376 2916 μεθα
398 2849 569 2918 ἐχθὲς
595 2853 691 2906 καὶ
717 2854 922 2922 τρίτην
947 2855 1193 2925 ἡμέραν·
1219 2858 1289 2912 ἐν
1334 2859 1413 2926 τῷ
1439 2859 1704 2926 ἐξελθεῖν
1725 2881 1802 2933 με

226 2942 316 3006 εἰς
337 2939 480 2993 ὁδὸν
498 2942 804 3018 γέγονετὰ
831 2945 1106 3014 παιδάρια
1134 2949 1484 3020 ήγνισμένα·
1522 2954 1619 3008 καὶ
1649 2955 1799 3024 αὕτη

225 3031 267 3100 ἠ
298 3030 439 3097 όδὸς
463 3031 745 3101 βέϐηλος·
782 3035 934 3089 διότι
961 3036 1229 3106 σήμερον
1250 3040 1678 3110 ἀγιασθήσεται
1706 3044 1803 3098 διὰ

224 3119 300 3174 τὰ
321 3123 514 3191 σκεύη
559 3140 697 3193 μου.
747 3126 855 3180 Καὶ
923 3126 1143 3180 ἔδωκεν
1191 3127 1350 3194 αὐτῷ
1407 3130 1719 3200 Ἀχιμέλεχ
1770 3135 1803 3186 ό

1899 1945 1954 1998 in
1990 1943 2102 1998 loco
2133 1944 2224 2014 qui
2251 1943 2468 2006 dicitur,
2505 1941 2600 1994 Dei
2634 1939 2786 2010 ﬁdes.
2815 1939 2974 1993 Nunc
2999 1956 3120 2011 ergo
3155 1941 3202 1994 si
3235 1939 3341 1993 sint
3377 1939 3471 1993 sub

1900 2053 2059 2090 manu
2096 2045 2187 2088 tua
2215 2051 2374 2103 panes
2401 2075 2414 2096 .
2445 2032 2515 2087 da
2547 2034 2601 2086 in
2636 2049 2823 2087 manus
2858 2048 3001 2086 meas
3035 2031 3173 2103 quod
3209 2045 3470 2100 repertum

1901 2129 2082 2193 fuerit.
2121 2127 2191 2182 Et
2226 2125 2539 2196 respondens
2571 2123 2820 2180 sacerdos
2851 2123 3045 2178 Davidi
3075 2125 3149 2177 ait
3184 2124 3267 2177 illi
3295 2139 3312 2178 :
3347 2121 3399 2175 Ν
3406 2141 3470 2176 un

1900 2227 2022 2271 sunt
2061 2234 2220 2286 panes
2262 2218 2389 2272 laici
2429 2215 2522 2270 sub
2563 2233 2722 2269 manu
2764 2232 2910 2284 mea,
2951 2215 3040 2270 sed
3075 2224 3278 2269 tantum
3311 2231 3471 2283 panes

1900 2311 2108 2377 sancti,
2149 2312 2196 2364 si
2235 2311 2599 2364 abstinuerunt
2647 2309 2798 2376 pueri
2846 2325 2880 2362 a
2922 2308 3268 2374 mulieribus,
3299 2323 3472 2362 come-

1901 2400 2029 2456 dite.
2061 2399 2125 2454 Et
2154 2402 2419 2469 respondit
2451 2400 2620 2454 David
2643 2402 2939 2464 sacerdoti,
2967 2409 3016 2455 et
3042 2401 3176 2454 dixit
3203 2401 3288 2454 ei:
3322 2399 3473 2452 Certe

1901 2510 1936 2546 a
1967 2492 2272 2547 mulieribus
2307 2494 2661 2546 continuimus
2694 2510 2790 2548 nos
2826 2492 2890 2545 ab
2922 2493 3033 2546 lteri
3063 2501 3111 2546 et
3143 2491 3335 2545 nudius
3370 2501 3476 2544 ter-

1902 2585 2039 2648 tius,
2063 2583 2274 2653 quando
2300 2583 2494 2653 egressi
2519 2599 2701 2637 sumus
2730 2585 2784 2636 in
2810 2584 2947 2636 viam
2971 2625 2985 2645 ,
3014 2593 3061 2637 et
3091 2583 3301 2652 fuerunt
3324 2583 3476 2651 pueri

1900 2675 2224 2744 sanctiﬁcati
2249 2691 2265 2728 :
2295 2691 2454 2744 porro
2484 2675 2566 2729 uia
2592 2675 2704 2728 Itazc
2733 2674 2936 2742 polluta
2966 2684 3044 2729 est
3069 2690 3087 2736 ;
3115 2675 3205 2728 sed
3237 2676 3350 2743 ipsa
3378 2677 3472 2729 Ito-

1901 2765 1987 2820 die
2001 2763 2637 2836 sanctiﬁcabiturpropter
2663 2783 2788 2819 rasa
2816 2782 2950 2818 mea.
2978 2763 3043 2818 Et
3071 2764 3214 2819 dedit
3241 2767 3288 2819 ei
3316 2765 3475 2818 Achi-

1903 2857 2098 2912 melech
2127 2858 2370 2914 sacerdos
2397 2876 2554 2930 panes
2580 2859 2955 2928 propositionis
2976 2899 2990 2924 ,
3017 2874 3176 2929 neque
3196 2859 3330 2912 enim
3361 2866 3478 2912 erat

1902 2951 1976 3007 ibi
2003 2954 2188 3022 panis,
2222 2954 2325 3007 nisi
2358 2962 2563 3008 tantum
2592 2968 2754 3022 panes
2784 2951 2974 3021 faciei,
3005 2951 3096 3022 qui
3132 2950 3325 3005 sublati
3356 2946 3482 3021 fuc-

1905 3051 2026 3094 rant
2052 3059 2084 3094 a
2115 3041 2250 3109 facie
2272 3041 2486 3096 Domini
2509 3081 2522 3106 ,
2550 3050 2606 3094 ut
2635 3050 2914 3110 poneretur
2935 3042 3089 3111 panis
3117 3040 3344 3102 calidus,
3373 3053 3478 3106 qua

1905 3134 1989 3188 die
2022 3136 2219 3204 accepit
2250 3152 2336 3189 eos
2369 3137 2412 3188 9.

225 3211 419 3279 ιερεὺς
447 3213 590 3280 τοὺς
634 3215 856 3284 ἄρτους
891 3217 1002 3286 τῆς
1034 3220 1391 3286 προθέσεως·
1445 3221 1534 3275 ὅτι
1588 3223 1700 3276 οὐκ
1740 3219 1819 3294 ἦν
1855 3223 2055 3293 ἄρτος,
2087 3226 2225 3279 ἀλλ’
2249 3227 2286 3294 ἢ
2315 3225 2477 3294 ἄρτοι
2503 3227 2610 3282 τοῦ
2632 3230 2956 3298 προσώπου
2991 3231 3043 3282 οἱ
3109 3229 3476 3299 ἀφῃρτυιένοι

221 3309 293 3362 ἐκ
316 3311 640 3379 προσώπου
665 3315 885 3384 Κυρίου
910 3315 1018 3370 τοῦ
1057 3318 1458 3388 παρατεθῆναι
1489 3320 1671 3390 ἄρτον
1708 3323 1944 3392 θερμὸν,
2053 3324 2243 3394 ᾑμέρᾳ
2267 3325 2482 3381 ἔλαϐεν
2501 3328 2741 3392 αὐτούς.

296 3401 484 3457 Ταῦτα
527 3404 625 3482 μὲν
671 3401 765 3459 οὖν
803 3408 836 3477 ἡ
876 3409 1006 3479 περὶ
1050 3409 1146 3463 τοῦ
1217 3411 1501 3484 ’Δχιμέλεχ
1551 3414 1802 3487 διήγησις

1975 3417 2102 3473 "me
2139 3417 2302 3472 habet
2341 3417 2586 3472 narratio
2622 3418 2715 3472 illa
2751 3416 2819 3472 de
2856 3415 3228 3471 Achimelech.
3270 3415 3478 3475 Deinde

224 3495 490 3569 mptéxet'
544 3495 671 3567 ἑξῆς
721 3497 778 3550 δὲ
827 3500 1095 3570 συνῆπται
1142 3501 1217 3567 ὡς
1248 3505 1448 3575 ἀνέστη
1499 3506 1662 3560 Δαυῖδ
1708 3511 1802 3563 καὶ

224 3589 425 3658 ἔφυγεν
449 3591 506 3642 ὲν
533 3593 598 3661 τῇ
630 3590 814 3662 ἡμέρᾳ
847 3593 1050 3665 ἐκείνη
1112 3595 1207 3648 τοῦ
1233 3613 1292 3649 τε
1336 3598 1620 3670 Ἀχιμέλεχ
1676 3601 1804 3654 ἁνα-

223 3683 497 3755 χωρήσας,
522 3677 652 3753 ῆλθε
698 3682 835 3755 πρὸς
871 3684 1098 3756 Ἀγχοῦς
1143 3686 1367 3756 βασιλέα
1429 3689 1550 3743 Γὲθ.
1612 3691 1668 3744 Ὀ
1705 3693 1804 3763 μὲν

226 3770 320 3828 οὖν
348 3791 428 3839 τις
459 3775 591 3846 ἐρεῖ,
622 3775 742 3828 ἐπεὶ
806 3777 879 3848 μὴ
948 3778 1242 3850 ἐμφέρεται
1277 3781 1336 3833 ὲν
1364 3783 1429 3852 τῇ
1494 3782 1704 3854 ἱστορίᾳ
1734 3787 1799 3855 τῇ

227 3864 370 3918 κατὰ
387 3864 476 3917 τὸν
533 3865 818 3936 Ἀχιμέλεχ
859 3883 878 3917 ι
911 3866 1210 3932 ἀλλοιώσας
1252 3870 1314 3924 τὸ
1363 3871 1654 3942 πρόσωπον
1708 3875 1803 3928 αύ-

223 3955 322 4010 τοῦ
353 3959 381 4010 ὁ
411 3957 588 4024 Δαυῒδ,
629 3979 646 4011 ι
685 3961 825 4013 κατὰ
859 3959 1079 4031 σφάλμα
1125 3963 1336 4017 κεῖσθαι
1383 3965 1444 4018 τὸ
1475 3966 1647 4036 ὄνομα
1705 3967 1801 4021 τοῦ

239 4047 524 4121 Ἀσιμέλεχ
557 4052 678 4104 ἀντὶ
723 4051 816 4104 τοῦ
868 4052 1128 4123 ὀνόματος
1175 4054 1420 4126 Ἀγχούςο
1479 4057 1663 4125 σαφῶς
1693 4057 1803 4130 γὰρ

225 4140 318 4193 ἐπὶ
342 4141 434 4195 τοῦ
460 4143 684 4214 Ἀγχοῦς
715 4144 945 4216 εἴρηται·
965 4159 985 4194 ι
1002 4145 1294 4210 ἀλλοιώσας
1313 4146 1374 4201 τὸ
1398 4156 1688 4219 πρόσωπον
1714 4151 1801 4204 αὖ·

223 4235 344 4299 τοῦ,
375 4253 391 4286 ι
414 4235 499 4288 ὅτε
530 4235 622 4289 καὶ
652 4235 722 4289 τὰ
755 4236 906 4290 σίελα
925 4237 1088 4290 αὐτοῦ
1114 4239 1367 4312 κατέρρει
1391 4241 1482 4294 καὶ
1509 4242 1804 4313 ἐτυμπάνι-

227 4326 339 4391 ξεν.
379 4329 577 4399 Ἔργον
598 4328 654 4380 δὲ
688 4328 915 4399 Θρασὺν,
944 4329 1038 4383 καὶ
1059 4331 1345 4401 ’προπετὲς
1377 4327 1514 4386 εἶναι
1565 4335 1802 4406 ἡγοῦμαι

226 4415 291 4466 τι»
317 4414 689 4484 ἀποφήνασθαι
746 4413 949 4486 τολμᾷν
980 4415 1080 4487 τὴν
1114 4414 1262 4469 Θείαν
1305 4418 1524 4490 Γραςςὴν
1553 4420 1803 4493 ἡμαρτῆ-

230 4509 375 4571 σθαι,
405 4506 496 4558 καὶ
520 4505 770 4559 τοσοῦτον
799 4507 1072 4579 περιέχειν
1101 4508 1348 4580 σράλμα,
1392 4509 1466 4574 ὡς
1495 4512 1615 4566 ἀντὶ
1650 4513 1805 4568 ἀλλο-

229 4597 395 4668 φύλου
426 4597 616 4668 ἀνδρὸς
645 4597 792 4669 ἱερέα
857 4599 991 4653 Θεοῦ
1025 4600 1392 4672 παρενθείναιο
1455 4603 1688 4672 μάλιστα
1714 4606 1804 4658 ὅτε

226 4691 379 4761 καὶὴ
423 4689 683 4761 Ἐϐραῖκὴ
713 4691 1014 4760 ἀνάγνωσις
1050 4695 1143 4745 καὶ
1174 4695 1221 4746 οξ
1265 4694 1441 4747 λοιποὶ
1471 4695 1804 4766 ὲρμηνευταὶ

230 4783 430 4846 πάντες
452 4783 540 4836 τὸν
578 4782 862 4853 Ἀχιμέλεχ
881 4783 1238 4855 περιέχουσιν.
1275 4785 1484 4840 Ούκοῦν
1510 4788 1800 4844 ἀκόλουθον
1831 4778 1876 4834 Ῑ)

229 4875 297 4930 ἂν
322 4876 426 4946 εἴη,
451 4873 817 4946 ἁληθευούσης
849 4875 950 4946 τῆς
982 4878 1321 4949 προγραφῆς,
1355 4878 1634 4950 ἐπιζητεῖν
1685 4880 1802 4946 πῶς

229 4967 324 5021 καὶ
353 4967 480 5019 πότε
523 4965 822 5032 ήλλοίωσε
886 4967 948 5021 τὸ
1007 4971 1328 5036 πρόσωπον
1374 4972 1560 5027 αὐτοῦ
1624 4954 1811 5034 Δαυῖδί

227 5057 505 5113 ἐναντίον
567 5061 892 5130 Ἀϐιμέλεχ,
942 5063 1039 5114 καὶ
1101 5063 1410 5119 ἀπέλυσεν
1457 5067 1662 5132 αὐτὸν,
1704 5069 1803 5123 καὶ

229 5150 482 5220 ἀπῆλθε.
511 5153 667 5206 Δοκεῖ
691 5153 752 5222 δή
778 5168 865 5224 μοι
895 5155 958 5207 ἐκ
981 5155 1080 5226 τῆς
1109 5157 1460 5228 παραθέσεως
1476 5161 1581 5214 τῶν
1604 5161 1805 5216 λοιπῶν

231 5243 580 5315 ὲρμηνευτῶν
605 5243 788 5308 λύσεις
832 5244 1178 5316 εὑρίσκεσθαι
1205 5247 1298 5300 τοῦ
1343 5246 1698 5322 ζητουμένου.
1744 5253 1800 5306 ’0

235 5336 331 5406 μὲν
360 5335 469 5408 γὰρ
513 5335 744 5401 Ἀκύλας
779 5336 872 5389 καὶ
902 5337 936 5408 ὴ
969 5337 1188 5408 πέμπτη
1221 5338 1428 5404 ἔκδυσις
1472 5343 1659 5397 τοῦτον
1695 5348 1799 5417 ἡρ-

234 5407 506 5499 μήνευσαν
529 5429 619 5482 τὸν
646 5430 864 5501 τρόπον’
903 5407 1012 5483 Τοῦ
1051 5407 1231 5482 Δαυῒδ
1263 5430 1361 5484 ὅτε
1411 5407 1818 5502 ἠλλοίωσεπὸξ

231 5521 419 5591 γεῦμα
453 5523 639 5577 αὐτοῦ
683 5525 769 5588 εις
816 5523 1142 5590 πρόσωπον
1179 5521 1505 5594 Ἀϐιμέλεχ,
1541 5527 1640 5580 καὶ
1669 5521 1814 5591 ἑξέέ

1905 3509 2166 3580 adjicitur
2218 3525 2328 3578 quo
2371 3517 2533 3580 pacto
2571 3509 2743 3564 David
2795 3510 3098 3566 surrexerit
3147 3516 3202 3563 et
3231 3509 3480 3581 effugerit

1903 3603 1998 3658 illa
2031 3602 2154 3668 die,
2203 3618 2439 3672 cumque
2482 3603 2552 3658 ab
2606 3601 2957 3658 Achimelech
3011 3601 3379 3668 discessisset,
3409 3603 3478 3659 ad

1902 3695 2128 3749 Auchus
2140 3709 2322 3764 regem
2344 3693 2483 3750 Gelb
2506 3695 2822 3751 accesserit.
2844 3693 2993 3750 Dicet
3011 3694 3149 3750 forte
3166 3695 3436 3766 quispiam
3458 3711 3476 3749 :

1907 3789 2041 3844 Cum
2073 3789 2128 3843 in
2157 3787 2384 3842 historia
2413 3788 2480 3842 de
2512 3787 2861 3844 Achimelech
2887 3803 2995 3842 non
3023 3786 3232 3843 feratur
3261 3807 3278 3839 ι
3309 3788 3470 3842 Davi-

1903 3882 2026 3937 dem
2053 3881 2372 3936 immutasse
2404 3880 2611 3934 vultum
2639 3895 2820 3944 suum,
2849 3899 2868 3932 ›
2890 3880 3047 3950 lapsu
3086 3879 3346 3950 graphico
3377 3896 3481 3936 no-

1903 3989 2029 4029 men
2059 3972 2409 4028 Achimelech
2441 3987 2542 4042 pro
2570 3973 2791 4028 nomine
2831 3971 3056 4029 Anchus
3084 3973 3321 4042 positum
3345 3983 3429 4030 est
3455 3993 3470 4030 :

1903 4066 2050 4120 clare
2080 4067 2227 4121 enim
2275 4064 2333 4119 in
2379 4063 2610 4120 historia
2647 4063 2870 4120 Auchus
2919 4065 3123 4122 dicitur
3159 4068 3478 4123 immutasse

1902 4159 2114 4213 vultum
2162 4172 2345 4226 suum,
2395 4157 2615 4228 quando
2656 4158 2840 4214 saliva:
2889 4159 3009 4230 ejus
3059 4159 3392 4224 dillluebant,
3426 4169 3482 4215 et

1903 4248 2060 4318 quasi
2088 4257 2350 4320 tympano
2377 4249 2650 4320 pulsabat.
2683 4250 2753 4302 At
2777 4264 2877 4321 ego
2898 4250 3077 4305 audax
3101 4252 3476 4307 temerarium-

1903 4358 2010 4412 que
2043 4340 2254 4399 facinus
2281 4343 2522 4397 arbitror
2554 4358 2698 4407 esse,
2731 4344 3090 4412 pronuntiare
3141 4343 3482 4398 conﬁdenter

1903 4434 2142 4488 divinam
2171 4434 2510 4504 Scripturam
2534 4434 2742 4503 lapsam
2762 4450 2904 4498 esse,
2925 4442 2978 4488 et
2999 4435 3106 4488 tale
3127 4434 3316 4488 vitium
3341 4450 3476 4505 pra:-

1841 4590 1850 4596 _
1905 4525 2067 4588 ferre,
2102 4532 2161 4578 ut
2199 4539 2298 4594 pro
2327 4525 2446 4579 viro
2492 4524 2796 4593 alienigena
2839 4525 3098 4580 sacerdos
3131 4525 3344 4580 Domini
3380 4543 3480 4597 po-

1905 4624 2108 4681 natur;
2146 4630 2270 4668 cum
2316 4614 2554 4670 maxime
2587 4613 2851 4669 Hebraica
2887 4615 3127 4672 lectio.et
3155 4616 3348 4688 reliqui
3394 4620 3480 4674 in-

1906 4715 2176 4777 terpretes
2222 4722 2412 4762 omnes
2453 4707 2780 4762 Achimelech
2841 4709 3249 4766 circumferant.
3290 4710 3480 4768 Restat

1906 4799 2096 4870 igitur,
2126 4799 2345 4870 quando
2398 4799 2686 4871 inscriptio
2712 4815 2839 4856 vera
2871 4801 3096 4872 profert,
3131 4812 3188 4858 ut
3221 4807 3478 4877 exquira-

1901 4905 2030 4945 tmus
2052 4891 2325 4962 quomodo
2352 4900 2406 4947 et
2435 4892 2655 4962 quando
2677 4891 2847 4949 David
2879 4894 3079 4948 vultum
3101 4912 3255 4950 suum
3281 4898 3477 4952 immu-
3510 4963 3519 4975 ο

1904 4985 2034 5037 tavit
2063 5000 2243 5037 coram
2289 4983 2610 5050 Abimeleclt,
2647 4996 2696 5039 et
2733 4986 2935 5042 dimisit
2963 5007 3101 5051 eum,
3127 5002 3175 5045 et
3200 4992 3350 5048 abiit.
3384 4991 3479 5047 νί-

1907 5074 2067 5130 detur
2089 5091 2222 5132 sane
2255 5076 2388 5130 mihi
2427 5093 2494 5130 ex
2519 5085 2840 5134 caeterorum
2871 5080 3223 5152 interpretum
3257 5101 3478 5155 compa-

1907 5166 2118 5220 ratione
2173 5166 2387 5234 quaesiti
2421 5168 2720 5224 solutiones
2745 5171 3253 5241 suppeditari.Nam
3281 5176 3475 5246 Aquila

1907 5266 1956 5312 el
1989 5258 2177 5327 quinta
2208 5259 2375 5315 editio
2403 5259 2506 5316 hoc
2532 5271 2691 5331 pacto
2725 5263 3064 5336 interpretati
3107 5278 3235 5324 sunt
3266 5286 3278 5321 :
3315 5270 3476 5322 Bavio

1903 5346 1986 5401 dis
2015 5349 2225 5418 quando
2276 5349 2573 5406 immutavit
2600 5362 2811 5423 gustum
2853 5373 3006 5412 suum
3039 5360 3107 5412 ad
3135 5358 3473 5429 faciemAbi-

1901 5438 2121 5503 melech,
2183 5449 2232 5493 et
2294 5441 2443 5510 ejecit
2487 5459 2628 5508 eum,
2687 5455 2736 5500 et
2811 5445 2963 5504 abiit.
3041 5448 3203 5504 Forte
3252 5458 3472 5518 propter

1904 5547 2074 5603 panes
2105 5533 2519 5603 propositionis,
2549 5552 2688 5607 quos
2739 5553 2864 5592 cum
2908 5540 3206 5610 accepisset
3237 5539 3306 5593 ab
3341 5539 3474 5595 Abi-

233 5615 414 5667 6αλεν
432 5615 635 5680 αὐτὸν,
700 5614 798 5668 καὶ
843 5612 1098 5686 ἀπῆλθε.
1148 5615 1375 5688 Μήποτε
1401 5616 1510 5688 γὰρ
1554 5617 1643 5674 διὰ
1675 5621 1800 5684 τοὺς

1903 5622 2135 5690 melech,
2169 5623 2404 5693 comedit
2440 5625 2556 5697 ipse
2609 5635 2662 5684 et
2705 5628 2858 5698 pueri
2892 5630 2984 5698 qui
3030 5644 3152 5683 cum
3185 5643 3251 5685 eo
3291 5637 3469 5697 erant,

307 5794 329 5826 ’
366 5791 384 5846 i
421 5792 550 5866 Reg.
589 5795 839 5864 χυμοῦ.
