3980 6214
570 322 669 386 291

1253 323 1522 382 EUSEBII
1556 307 2220 379 CAESARIENSIS'OPP.
2263 301 2441 372 PARS
2501 310 2676 370 ll|.—'—
2711 300 3114 367 EXEGETICA.

3716 306 3826 361 292

571 443 893 498 immutasse
941 443 1142 498 dicitur
1176 451 1394 513 gustum
1424 458 1583 497 suum
1620 443 1686 496 ad
1713 440 1906 496 faciem
1931 439 2134 496 Abime‘

2251 438 2447 509 ἄρτους
2464 436 2564 506 τῆς
2599 432 2928 504 προθέσεως,
2951 429 3046 493 οὒς
3074 426 3252 482 λαϐὼν
3281 425 3431 498 παρὰ
3459 424 3552 480 τοῦ
3598 425 3826 497 ’Δϐιμέ-

573 536 718 591 lech.
750 535 888 591 Cum
914 537 1058 591 enim
1098 535 1494 590 sanctificatum
1529 535 1709 588 cibum
1739 533 2054 598 comederit,
2081 547 2145 587 ac

573 627 942 684 sacerdotales
975 644 1164 698 panes,
1192 628 1392 697 quibus
1415 627 1636 682 nonnisi
1683 626 1814 682 solis
1845 624 2143 680 sacerdoti-

569 719 673 775 bus
702 721 778 774 uti
820 720 1035 785 licebat,
1078 720 1384 774 immutavit
1424 728 1640 789 gustum
1688 733 1869 774 suum.
1899 715 2147 788 Symma-

569 811 706 866 chus
733 827 863 866 vero
899 826 1022 866 cum
1047 811 1200 875 dicit,
1240 811 1456 864 Davidis
1497 809 1706 882 quando
1740 810 2146 879 transformavit

570 918 768 959 morem
798 921 950 957 suum
987 921 1163 957 coram
1197 903 1512 970 Abimclcch,
1550 905 1713 957 alium
1747 920 1969 960 sensum
2015 905 2146 960 sub-

565 997 706 1069 jicit,
735 999 863 1052 dum
909 999 982 1052 ait
1009 1014 1216 1053 morem
1261 997 1483 1053 Davidis
1529 997 1877 1052 immutatum
1911 998 1966 1052 in
2009 1013 2142 1053 con-

569 1100 758 1161 spectu
789 1091 1133 1146 Abimelech:
1179 1090 1307 1158 quia
1353 1089 1565 1144 scilicet
1604 1088 1975 1160 interrogatus
2024 1104 2145 1159 qua:

567 1200 734 1240 causa
767 1190 1031 1253 susceptae
1058 1182 1156 1237 via:
1199 1181 1301 1236 sibi
1331 1183 1498 1244 esset,
1541 1181 1802 1236 mentitus
1831 1189 1937 1244 est,
1965 1196 2028 1235 ac
2055 1195 2144 1236 sa-

568 1279 842 1332 cerdotem
881 1276 1104 1331 fefellit:
1141 1277 1378 1330 alienum
1409 1274 1612 1344 quippe
1643 1273 1861 1328 Davidis
1899 1273 2142 1328 moribus

566 1377 684 1425 erat
717 1368 933 1424 fallacia
964 1368 1066 1432 uti,
1123 1384 1232 1438 qua
1281 1375 1461 1421 tamen
1497 1383 1628 1421 usus
1664 1382 1729 1420 eo
1766 1372 2012 1434 tempore
2040 1365 2144 1417 im-

566 1460 796 1514 mutavit
822 1475 1023 1514 morem
1059 1475 1244 1524 suum,
1285 1459 1582 1514 secundum
1619 1457 2023 1528 Symmachum.
2063 1455 2141 1510 Ex

565 1551 726 1606 dictis
767 1565 932 1620 porro
969 1553 1142 1620 ipsam
1199 1565 1420 1620 quoque
1473 1548 1830 1619 Septuaginta
1882 1547 2140 1603 Virorum

565 1644 1067 1714 interpretationem
1101 1643 1344 1698 historia:
1366 1641 1701 1697 Abimelechi
1727 1641 1984 1710 adaptare
2010 1641 2141 1696 lice-

564 1733 666 1799 bit,
694 1738 815 1804 quae
844 1742 1033 1787 narrat
1077 1732 1334 1788 Davidem
1377 1733 1697 1787 immutasse
1725 1733 1933 1787 vultum
1980 1747 2138 1787 suum

2245 530 2360 600 λεχ,
2391 527 2590 597 ἔφαγεν
2635 524 2796 587 αὐτὸς
2826 523 2920 576 καὶ
2958 523 3024 575 τὰ
3081 519 3342 590 παιδάρια
3387 517 3456 570 τά
3491 516 3606 588 μετ’
3631 517 3826 580 αὑτοῦ,

2244 621 2598 694 ὴλλοιωκέναι
2625 618 2842 687 λέγεται
2898 618 2958 669 τὸ
2985 614 3165 685 γεῦμα
3209 609 3372 667 αὐτοῦ
3421 612 3501 674 εἰς
3530 609 3830 682 πρόσωπον

2259 714 2564 784 Ἀϐιμέλεχ.
2593 711 2959 782 Ἣγιασμένης
2985 708 3093 779 γὰρ
3116 706 3320 779 τροφῆς
3337 703 3691 774 γευσάμενος,
3726 701 3830 755 καὶ

2243 806 2351 859 τῶν
2380 806 2558 877 ἄρτων
2580 806 2686 858 τῶν
2745 801 3050 871 ίερατικῶν,
3085 794 3166 862 οἷς
3198 799 3297 851 οὐκ
3340 796 3467 867 ἐξῆν
3512 794 3830 866 χρήσασθαι

2243 900 2292 951 εἰ
2325 897 2398 969 μὴ
2427 898 2604 968 μόνοις
2637 899 2748 960 τοῖς
2780 891 3306 966 ίερεῦσιν,ὴλλοίωσε
3331 889 3392 944 τὺ
3422 888 3604 960 γεῦμα
3633 887 3828 944 αὑτοῦ.

2257 992 2313 1044 ὐ
2337 991 2393 1044 δὲ
2414 990 2706 1061 Σύμμαχος
2734 985 2922 1041 εἰπών·
2958 986 3067 1041 Τοῦ
3101 983 3280 1038 Δαυῒδ
3319 983 3500 1037 ὁπότε
3535 983 3828 1051 μετεμόρ-

2243 1098 2408 1152 φωσε
2437 1081 2544 1134 τὸν
2572 1082 2794 1149 τρόπον
2836 1080 2943 1134 τὸν
2973 1078 3191 1132 ἑαυτοῦ
3231 1076 3572 1146 ἔμπροσθεν
3604 1074 3829 1144 Ἀϐιμέ-

2242 1181 2374 1245 λεχ,
2417 1175 2607 1244 ἑτέραν
2655 1175 2889 1228 διάνοιαν
2933 1169 3294 1238 ὑποϐέϐληκε,
3347 1165 3438 1218 τὸν
3485 1157 3688 1237 τρόπον
3727 1165 3828 1219 τοῦ

2243 1269 2405 1321 Δαυῒδ
2431 1267 2754 1337 ἠλλοιῶσθαι
2807 1267 2983 1335 φήσας
3017 1259 3325 1335 ἔμπροσθεν
3395 1257 3705 1329 Ἀϐιμέλεχ,
3737 1257 3827 1312 διὰ

2241 1364 2320 1427 τὸ,
2349 1360 2683 1434 ἐρωτηθέντα
2715 1358 2798 1421 τίς
2825 1356 2909 1427 εἴη
2937 1354 3084 1425 αὐτῷ
3117 1356 3150 1424 ἡ
3207 1351 3353 1406 αἰτία
3385 1351 3486 1420 τῆς
3512 1348 3658 1410 ὁδοῦ,
3690 1349 3826 1419 ψεύ-

2244 1453 2437 1508 σασθαι
2466 1453 2560 1506 καὶ
2589 1445 3059 1523 παραλογίσασθαι
3087 1445 3176 1498 τὸν
3213 1443 3380 1515 ἱερέα·
3403 1441 3684 1513 ἀλλότριον
3715 1440 3826 1511 γὰρ

2241 1541 2307 1616 ἦν
2338 1544 2430 1598 τοῦ
2473 1542 2675 1614 τρόπου
2723 1539 2817 1593 τοῦ
2861 1535 3022 1591 Δαυῒδ
3077 1535 3138 1588 τὸ
3181 1534 3368 1606 ἀπάτῃ
3426 1525 3753 1601 κεχρῆσθαι,

2241 1640 2361 1692 κατ’
2384 1639 2586 1691 ἐκεῖνον
2634 1634 2725 1688 τὸν
2784 1633 2975 1704 καιρὸν
3023 1629 3385 1702 χρησάμενος,
3439 1624 3698 1694 ἡλλοίωσε
3729 1624 3824 1678 τὸν

2239 1732 2437 1803 τρόπον
2469 1729 2653 1792 αὑτοῦ,
2679 1727 2822 1782 κατὰ
2851 1726 2944 1779 τὸν
2974 1724 3289 1795 Σύμμαχον.
3335 1721 3430 1773 Ἐκ
3447 1719 3501 1772 δὲ
3529 1712 3639 1771 τῶν
3673 1720 3826 1789 εἰρη-

565 1840 751 1879 coram
794 1824 1130 1888 Abimelech,
1166 1824 1295 1893 quia
1337 1837 1448 1878 non
1493 1821 1598 1892 ipsi
1627 1838 1813 1877 veram
1854 1816 1993 1893 fugai
2026 1838 2134 1878 sua:

2246 1823 2420 1894 μένων
2443 1821 2538 1874 καλ¹
2569 1819 2668 1890 τὴν
2690 1817 2798 1871 τῶν
2833 1815 3234 1886 Ἐϐδομὴκοντα
3264 1807 3556 1882 ἑρμηνείαν
3578 1809 3825 1879 ἐφαρμό-

565 1932 788 1972 causam
841 1917 1238 1981 declaraverat,
1292 1914 1387 1970 sed
1427 1913 1693 1969 fefellerat
1740 1930 1863 1969 eum
1893 1915 1998 1968 alia
2037 1929 2137 1984 pro

567 2011 690 2065 aliis
723 2013 974 2076 locutus;
1011 2011 1085 2062 ita
1112 2015 1170 2062 ut
1220 2008 1384 2063 etiam
1425 2009 1662 2064 Goliathi
1688 2008 1946 2063 frameam
1978 2007 2047 2062 ab
2073 2023 2139 2062 eo

567 2099 856 2169 acceperit,
893 2098 1105 2168 ipsique
1148 2098 1412 2168 perniciei
1437 2113 1606 2153 causa
1655 2098 1837 2152 fuerit.
1883 2098 1997 2153 Sub
2025 2099 2139 2153 haec

568 2191 712 2245 enim
737 2189 866 2244 Saul
887 2206 1009 2245 cum
1036 2206 1148 2246 rem
1182 2199 1388 2262 gestam
1418 2190 1717 2256 didicisset,
1748 2193 1898 2246 misit
1926 2193 2020 2261 qui
2041 2207 2137 2246 oc-

565 2283 810 2338 ciderent
835 2283 1148 2339 Abimelech
1173 2291 1227 2339 et
1258 2294 1446 2339 onmes
1481 2283 1794 2339 sacerdotes
1825 2283 2059 2349 Domini,
2085 2291 2139 2338 et

564 2373 774 2432 Nobam
813 2376 1088 2432 civitatem
1132 2377 1478 2432 sacerdotum
1529 2379 1820 2447 percussit.
1866 2378 2138 2448 Gestaque

563 2470 680 2524 hmo
729 2469 912 2524 omnia
963 2479 1110 2534 sunt,
1163 2470 1290 2540 quia
1342 2469 1512 2526 David
1563 2472 1871 2527 immutavit
1915 2473 2139 2526 modum

563 2577 745 2630 suum,
792 2570 887 2616 aut
915 2552 1123 2617 vultum
1157 2579 1316 2618 suum
1374 2563 1430 2616 in
1475 2573 1771 2634 conspectu
1801 2565 2134 2618 Abimelech.

560 2648 872 2723 Regnorum
929 2653 1209 2724 Scriptura
1247 2654 1578 2708 Achimelech
1613 2655 1809 2722 habet;
1846 2665 1914 2711 ne
1947 2672 2014 2710 ex
2049 2656 2140 2710 lit-

561 2749 691 2798 tera:
737 2746 1164 2800 commutatione
1213 2745 1485 2814 quispiam
1532 2755 1863 2801 moveatur:
1915 2762 2039 2800 nam
2071 2763 2137 2802 ex

560 2851 622 2891 ea
645 2851 766 2906 quae
792 2836 1078 2890 intercedit
1107 2838 1249 2892 inter
1274 2839 1481 2893 litteras
1514 2837 1641 2891 Beth
1674 2845 1728 2892 et
1754 2835 1920 2907 Caph,
1952 2846 2012 2892 ut
2032 2837 2140 2893 lie-

561 2928 690 2982 brazi
737 2938 956 2990 vocant.
998 2928 1374 2994 similitudine,
1424 2929 1639 2983 diverse
1678 2943 1878 2983 nomen
1932 2928 2138 2983 editum

561 3018 664 3072 fuit
695 3037 708 3073 :
739 3017 1007 3088 siquidem
1044 3035 1152 3072 una
1175 3018 1473 3088 eademque
1507 3019 1618 3073 fere
1643 3018 1876 3073 duorum
1903 3019 2140 3074 elemen-

558 3117 740 3172 torum
777 3107 967 3179 figura,
995 3108 1320 3164 brevissimo
1347 3109 1502 3178 apice
1531 3109 1708 3163 solum
1739 3109 2132 3180 distinguente.

559 3201 619 3255 In
675 3200 983 3270 Evangeliis
1056 3215 1219 3269 porro
1277 3200 1508 3268 hujusce
1573 3200 1819 3255 historiae
1874 3200 2133 3256 Davidem

559 3293 858 3364 spectantis
906 3292 1156 3347 Salvator
1202 3293 1450 3347 meminit
1501 3293 1584 3347 his
1624 3295 1806 3349 verbis
1835 3314 1848 3349 :
1876 3293 2001 3350 Non
2053 3295 2131 3349 le-

556 3386 710 3455 gistis
746 3383 870 3453 quid
895 3385 1076 3454 fecerit
1115 3384 1304 3449 David,
1335 3387 1546 3456 quando
1580 3387 1786 3449 esuriit,
1823 3397 1870 3441 et
1899 3390 1988 3458 qui
2013 3405 2132 3444 cum

553 3491 614 3530 eo
645 3485 796 3530 erant
820 3493 837 3530 :
861 3476 1118 3546 quomodo
1144 3479 1362 3531 intravit
1393 3479 1446 3532 in
1487 3478 1702 3532 domum
1737 3479 1853 3545 Dei,
1883 3489 1933 3535 et
1963 3498 2126 3551 panes

554 3569 928 3638 propositionis
949 3569 1194 3634 comedit,
1235 3588 1364 3642 quos
1411 3589 1513 3626 non
1545 3573 1732 3628 licebat
1762 3576 1810 3628 ei
1839 3574 2010 3639 edere,
2043 3593 2132 3630 ne-

553 3675 654 3729 que
687 3661 752 3714 iis
780 3662 869 3730 qui
897 3677 1016 3714 cum
1049 3678 1108 3715 eo
1141 3672 1312 3729 erant,
1344 3664 1448 3718 nisi
1490 3665 1622 3718 solis
1667 3666 2026 3721 sacerdotibus
2051 3667 2133 3721 ‘°?

558 3748 673 3804 Hoc
699 3750 752 3804 in
775 3751 1068 3821 EVangelio
1114 3754 1415 3808 secundum
1443 3754 1756 3812 Mattlueum
1791 3759 1996 3813 dictum
2024 3767 2128 3814 est.

555 3841 692 3896 Cum
725 3849 905 3896 autem
953 3843 1009 3896 in
1064 3842 1359 3914 Evangelio
1408 3847 1710 3901 secundum
1765 3848 2007 3904 Marcum
2055 3849 2129 3902 ita

556 3933 796 3986 locutum
830 3931 1168 3989 Salvatorem
1211 3950 1334 3991 esse
1368 3937 1684 3994 scribatur:
1724 3937 2013 4010 Nunquam
2061 3939 2131 3994 le-

555 4027 706 4097 gistis
732 4026 872 4098 ‘quid
913 4027 1092 4096 fecerit
1139 4027 1333 4093 David,
1379 4029 1589 4099 quando
1640 4033 2004 4087 necessitatem
2042 4033 2133 4087 ha-

556 4118 688 4184 buit,
712 4128 763 4172 et
792 4120 976 4172 esuriit
1033 4121 1140 4189 ipse
1176 4129 1227 4176 et
1265 4121 1355 4190 qui
1386 4137 1502 4173 cum
1546 4139 1605 4175 eo
1643 4127 1836 4179 erant?
1869 4126 2130 4195 quomodo

554 4210 790 4265 introivit
823 4211 877 4263 in
907 4209 1120 4263 domum
1151 4209 1248 4264 Dei
1287 4210 1380 4264 sub
1412 4210 1671 4265 Abiat/tar
1695 4215 1926 4284 principe
1957 4234 2131 4270 sacer-

554 4301 760 4368 dotum,
793 4311 844 4356 et
881 4320 1042 4372 panes
1096 4304 1470 4373 propositionis
1520 4308 1855 4360 manducavit
1885 4308 1963 4362 “?
2005 4310 2128 4379 quis

554 4411 665 4451 non
695 4394 863 4449 animi
901 4395 1133 4465 pendeat
1165 4404 1459 4464 quaeratve,
1494 4411 1600 4465 qua
1639 4398 1849 4453 ratione
1880 4399 1968 4453 hic
2002 4397 2129 4454 Ser-

2240 1932 2354 1978 σεις
2380 1915 2447 1984 τῇ
2498 1909 2642 1965 κατὰ
2687 1909 2778 1962 τὸν
2821 1906 3108 1978 Ἀϐιμέλεχ
3163 1905 3392 1975 ἱστορίᾳ,
3445 1902 3665 1974 φησάσῃ
3728 1901 3824 1971 ὴλ-

2237 2006 2519 2077 λοιωκέναι
2543 2004 2633 2057 τὸν
2684 2002 2845 2057 Δαυῒδ
2890 2001 2950 2054 τὸ
3007 2001 3297 2072 πρόσωπον
3351 1995 3543 2050 ἐαυτοῦ
3587 1994 3820 2049 ἐνώπιον

2249 2097 2556 2168 Ἀϐιμέλεχ,
2585 2093 2673 2147 διὰ
2714 2093 2774 2146 τὸ
2811 2093 2884 2164 μὴ
2949 2091 3280 2160 ἀπαγγεῖλαι
3331 2087 3478 2158 αὑτῷ
3517 2087 3610 2141 τὸν
3644 2086 3820 2159 ἀληθῆ

2237 2188 2392 2257 λόγον
2447 2187 2547 2257 τῆς
2600 2185 2792 2239 ἑαυτοῦ
2849 2185 3045 2255 φυγῆς,
3108 2179 3578 2252 παραλογίσασθαι
3617 2179 3674 2232 δὲ
3728 2181 3823 2234 καὶ

2239 2279 2400 2350 ἕτερα
2428 2278 2543 2332 ἀνθ’
2575 2276 2779 2348 ἐτέρων
2814 2277 3008 2328 εἰπεῖν·
3029 2272 3105 2336 ὡς
3132 2274 3224 2326 καὶ
3267 2271 3364 2343 τὴν
3406 2271 3678 2342 ῥομφαίαν
3725 2269 3821 2323 τοῦ

2238 2369 2430 2422 Γολιὰθ
2459 2368 2586 2440 παρ’
2616 2366 2779 2422 αὐτοῦ
2828 2364 3106 2430 δέξασθαι,
3156 2363 3406 2433 γενέσθαι
3462 2381 3524 2416 τε
3555 2362 3707 2433 αὑτῷ
3739 2363 3824 2415 αῖ-

2237 2479 2349 2515 τιον
2373 2462 2667 2524 ἀπωλείας.
2691 2459 2894 2514 Μαθὼν
2926 2459 3035 2531 γὰρ
3063 2458 3200 2530 μετὰ
3224 2458 3395 2512 ταῦτα
3423 2457 3596 2513 Σαοὺλ
3623 2459 3692 2512 τὰ
3726 2476 3828 2511 πεν

2239 2553 2548 2624 πραγμένα,
2579 2550 2800 2622 πέμψας
2835 2551 3042 2605 ἀνεῖλεν
3101 2549 3260 2602 αὐτόν
3299 2566 3360 2602 τε
3404 2547 3496 2603 τὸν
3534 2549 3824 2622 Ἀϐιμέλεχ

2239 2648 2330 2700 καὶ
2370 2647 2576 2708 πάντας
2627 2647 2754 2708 τοὺς
2803 2647 2965 2716 ἱερεῖς
2995 2642 3087 2696 τοῦ
3122 2643 3329 2714 Κυρίου
3380 2643 3474 2696 καὶ
3495 2643 3593 2712 τὴν
3637 2643 3824 2696 Νοϐὰν

2236 2741 2337 2812 τὴν
2369 2739 2521 2792 πόλιν
2547 2737 2653 2792 τῶν
2702 2737 2890 2808 ἱερέων
2946 2735 3202 2802 ἐπάταξε.
3259 2735 3371 2791 Καὶ
3411 2733 3579 2788 ταῦτα
3633 2735 3826 2788 πάντα

2239 2834 2572 2905 πέπρακται,
2602 2832 2734 2885 διότι
2754 2830 3010 2901 ⁴ἢλλοίωσε
3039 2829 3200 2883 Δαυῒδ
3243 2829 3335 2882 τὸν
3361 2829 3555 2901 τρόπον
3587 2827 3760 2881 αὑτοῦ
3789 2829 3821 2899 ἢ

2237 2926 2299 2980 τὸ
2329 2926 2616 2998 πρόσωπον
2648 2924 2812 2977 αὑτοῦ
2863 2921 3091 2976 ἐνώπιον
3122 2922 3428 2993 Ἀϐιμέλεχ.
3467 2920 3660 2974 Ἡτῶν
3715 2920 3821 2974 Βα-

2240 3016 2454 3072 σιλειῶν
2475 3017 2663 3088 Γραφὴ
2699 3016 3003 3086 Ἀχιμέλεχ
3050 3015 3314 3087 περιέχει·
3350 3013 3651 3085 ἐναλλαγῆς
3674 3031 3820 3066 στοι-

2241 3111 2384 3182 χείου
2406 3109 2722 3181 γενομένης,
2760 3107 2911 3160 οὐδὲν
2945 3108 3026 3161 δεῖ
3074 3105 3359 3160 κινεῖσθαν
3408 3105 3559 3178 παρὰ
3587 3106 3696 3177 γὰρ
3722 3105 3818 3176 τὴν

2234 3203 2525 3274 ὁμοιότητα
2558 3201 2653 3254 τοῦ
2697 3201 2959 3272 στοιχείου
2983 3193 3075 3252 τοῦ
3109 3199 3235 3268 ,ϐὴθ
3258 3199 3384 3270 παρ’
3415 3197 3686 3270 Ἑϐραίοις
3723 3215 3820 3251 κα-

2233 3294 2492 3366 λουμένου
2535 3295 2627 3348 καὶ
2670 3293 2763 3346 τοῦ
2806 3294 2929 3362 χὰφ
2982 3291 3254 3363 διαφόρως
3283 3290 3499 3362 ἐξεδόθη
3551 3288 3816 3360 τοῦνομαθ

2235 3388 2417 3458 σχεδὸν
2435 3389 2541 3462 γὰρ
2569 3388 2626 3441 ἐν
2659 3388 2752 3442 καὶ
2788 3386 2983 3441 ταυτόν
3030 3387 3145 3438 ἐστι
3173 3385 3242 3438 τὰ
3271 3385 3361 3438 δύο
3385 3387 3646 3457 στοιχεῖα,
3682 3383 3818 3456 βρα-

2232 3481 2468 3550 χυτάτης
2498 3482 2724 3554 κεραίας
2755 3482 2922 3552 μόνης
2945 3479 3390 3550 ἐναλλαττούσης.
3424 3479 3717 3551 Μέμνηται
3760 3480 3820 3534 δὲ

2233 3571 2325 3622 καὶ
2363 3573 2390 3623 ὁ
2423 3571 2612 3642 Σωτὴρ
2641 3574 2697 3624 ἐν
2731 3575 2842 3635 τοῖς
2872 3570 3226 3640 Εὖαγγελίοις
3279 3571 3383 3642 τῆς
3445 3571 3821 3642 προκειμένης

2232 3663 2373 3716 κατὰ
2405 3663 2496 3716 τοῦ
2531 3663 2691 3716 Δαυῖδ
2726 3665 2961 3736 ἱστορίας
3015 3665 3206 3733 λέγων’
3258 3667 3380 3718 Οὐκ
3417 3664 3716 3736 ἀνέγνωτε
3759 3665 3824 3718 τί

2229 3754 2480 3822 ἐποίησε
2510 3754 2709 3818 Δαυῒδ,
2739 3754 2836 3808 ὅτε
2879 3755 3164 3809 ἐπείνασε
3199 3755 3296 3808 καὶ
3327 3758 3381 3808 οἱ
3428 3757 3555 3824 μετ’
3601 3755 3816 3809 αὑτοῦ·

2230 3845 2310 3910 ὠς
2336 3843 2622 3912 εἰσῆλθεν
2667 3847 2752 3911 εἰς
2807 3845 2913 3898 τὸν
2953 3842 3122 3900 οἷκον
3147 3846 3254 3899 τοῦ
3289 3845 3457 3909 Θεοῦ,
3511 3846 3608 3898 καὶ
3670 3847 3818 3912 τοὺς

2229 3936 2446 4004 ἄρτους
2474 3936 2583 4005 τῆς
2611 3936 2944 4005 προθέσεως
2968 3938 3216 4007 ἔφαγενἸ
3238 3937 3346 4004 οὒς
3393 3940 3504 3992 οὐκ
3541 3937 3691 4001 ἐξὸν
3735 3935 3816 4008 ἦν

2228 4027 2440 4098 φαγεῖν
2470 4029 2613 4083 οὐδὲ
2659 4028 2783 4096 τοῖς
2835 4030 2963 4100 μετ’
2998 4031 3206 4094 αὐτοῦ,
3235 4034 3289 4084 εὶ
3327 4029 3412 4100 μὴ
3435 4031 3649 4100 μόνοις
3687 4032 3813 4098 τοῖς

2230 4120 2451 4189 ἱερεῦσι
2468 4137 2488 4185 ;
2515 4121 2684 4174 Τοῦτο
2716 4121 2812 4191 μὲν
2840 4119 2932 4174 οὖν
2965 4124 3022 4178 ἐν
3053 4123 3128 4193 τῷ
3155 4126 3294 4177 κατὰ
3323 4122 3600 4176 Ματθαῖον
3623 4123 3812 4192 Εὐαγ-

2229 4213 2392 4285 γελίῳ
2423 4215 2657 4286 εἴρηται.
2688 4216 2840 4268 Ἐπεὶ
2876 4215 2932 4269 δέ
2962 4216 3019 4267 ἐν
3063 4215 3140 4286 τῷ
3173 4216 3313 4270 κατὰ
3355 4215 3582 4287 Μάρκον
3623 4217 3806 4284 Εὐαγ-

2230 4305 2394 4376 γελίῳ
2431 4306 2843 4380 ἀναγέγραπται
2888 4310 2915 4360 ὁ
2957 4307 3145 4379 Σωτὴρ
3187 4307 3454 4380 εἰρηκώς’
3504 4306 3807 4361 Οὐδέποτε

2231 4397 2525 4468 ἀνέγνωτε
2551 4399 2609 4452 τι
2635 4400 2884 4467 ἐποίησε
2915 4399 3114 4463 Δαυῖδ,
3153 4399 3249 4452 ὅτε
3274 4400 3483 4469 χρείαν
3506 4398 3679 4467 ἔσχε,
3706 4399 3808 4453 καὶ

553 4496 710 4542 valor
742 4502 847 4542 non
894 4487 1252 4552 Ahimelechi,
1304 4486 1401 4542 sed
1450 4488 1758 4544 Abiatharis
1794 4492 2125 4546 mentionem

2237 4489 2551 4543 ἐπείνασεν
2573 4490 2754 4556 αὐτὸς
2776 4489 2871 4543 καὶ
2898 4494 2949 4544 οἱ
2969 4491 3095 4559 μετ’
3117 4490 3301 4544 αὑτοῦ
3324 4507 3341 4553 ;
3369 4489 3494 4555 πῶς
3516 4488 3808 4558 εἰσῆλθεν

555 4577 788 4633 fecerit?
819 4579 901 4632 Ad
939 4595 1100 4649 quam
1138 4595 1250 4633 rem
1297 4579 1436 4635 forte
1465 4581 1588 4649 quis
1621 4582 1948 4651 respondeat
1970 4583 2126 4638 bino-

551 4669 755 4723 minem
803 4669 1215 4724 Abimelechum
1249 4669 1441 4736 fuisse,
1479 4671 1552 4723 ita
1597 4679 1656 4726 ut
1704 4672 1750 4726 is
1798 4671 1913 4742 ipse
1962 4672 2128 4727 fuerit

551 4758 646 4827 qui
694 4757 974 4811 Abiathar.
1027 4757 1094 4810 Et
1125 4772 1258 4812 sane
1305 4774 1432 4814 mox
1477 4761 1598 4828 ejus
1652 4760 1814 4825 filius,
1864 4761 2128 4816 Abiathar

551 4847 732 4902 dictus
763 4848 817 4900 in
840 4848 980 4902 libro
1007 4848 1319 4918 Regnorum
1351 4849 1522 4904 fertur
1550 4869 1564 4906 :
1587 4853 1678 4921 qui
1703 4853 1854 4908 solus
1883 4869 1913 4908 a
1941 4869 2127 4909 sacer-

551 4941 741 4996 dotum
767 4941 913 4996 caede
962 4943 1206 5013 elapsus,
1246 4959 1370 4998 cum
1411 4942 1614 4999 Davide
1657 4955 1796 4999 erat.
1835 4945 1989 5002 Alius
2019 4947 2126 5002 for-

551 5044 699 5087 tasse
725 5033 942 5098 dixerit,
984 5035 1040 5089 in
1075 5036 1302 5090 histOria
1333 5035 1742 5091 Abimelechum
1786 5044 1844 5092 ut
1865 5039 2122 5095 sacerdo-

551 5134 661 5182 tem
694 5127 1011 5194 memorari;
1047 5135 1102 5182 at
1155 5129 1258 5183 hoc
1312 5130 1433 5184 loco
1489 5128 1828 5186 Salvatorem
1889 5131 2119 5198 dixisse,

551 5220 905 5274 Abiatharum
936 5234 1000 5274 eo
1041 5229 1283 5291 tempore
1315 5222 1482 5278 fuisse
1530 5224 1832 5295 principem
1866 5225 2124 5281 sacerdo-

553 5324 666 5367 tum
702 5330 714 5366 :
749 5309 1018 5375 Introivit,
1049 5312 1143 5376 ait,
1178 5311 1351 5366 David
1382 5315 1437 5366 in
1464 5312 1677 5369 domum
1710 5315 1809 5370 Dei
1837 5318 1933 5371 sub
1958 5317 2124 5370 Abia—

551 5406 674 5460 tltar
707 5405 938 5474 principe
976 5405 1326 5459 sacerdotum.
1366 5405 1507 5462 Sane
1539 5423 1666 5463 vero
1692 5409 1921 5465 historia
1950 5425 2122 5465 caesos

549 5499 898 5557 Achimelech
929 5506 983 5555 et
1013 5499 1323 5554 sacerdotes
1352 5515 1381 5552 a
1415 5497 1576 5554 Saule
1621 5515 1956 5569 memorans,
1987 5502 2123 5558 nihil

705 5771 891 5829 Matth.
928 5789 1036 5841 xu,
1075 5771 1187 5839 5,4.
1233 5772 1307 5849 .1“
1351 5768 1517 5826 Marc.
1556 5785 1625 5836 II,
1661 5765 1752 5836 ‘25,
1781 5765 1871 5821 95-

2233 4585 2318 4648 εὶς
2345 4581 2452 4635 τὸν
2482 4579 2646 4636 οἷκον
2690 4584 2795 4636 τοῦ
2840 4581 2982 4636 Θεοῦ
3022 4582 3118 4636 ἐπὶ
3151 4583 3418 4652 ’Λϐιὰθαρ
3459 4583 3566 4636 τοῦ
3602 4583 3812 4651 ἀρχιεο

2229 4674 2400 4744 ρέως,
2431 4674 2527 4728 καὶ
2564 4673 2704 4739 τοὺς
2733 4674 2948 4743 ἄρτους
2981 4674 3088 4742 τῆς
3115 4676 3444 4743 προθέσεως
3471 4676 3694 4743 ἔφαγες
3729 4675 3817 4739 τίς

2234 4766 2334 4818 οὐκ
2366 4765 2429 4819 ἂν
2461 4765 2772 4836 ἀπορήσειε,
2804 4765 2918 4828 πῶς
2943 4768 2970 4818 ὁ
2994 4767 3182 4837 Σωτὴρ
3204 4766 3436 4820 ἐνταῦθα
3461 4767 3519 4818 οὐ
3543 4765 3638 4818 τοῦ
3661 4764 3818 4818 Ἀϐι-

2243 4855 2429 4926 μέλεχ,
2463 4856 2598 4908 ἀλλὰ
2643 4854 2734 4907 τοῦ
2771 4854 3032 4927 Ἀϐιάθαρ
3082 4857 3382 4927 μέμνηταις
3429 4856 3572 4927 Πρὸς
3613 4855 3644 4907 ὃ
3671 4857 3819 4908 εἴποι

2235 4965 2320 5012 τις
2346 4948 2412 5002 ἂν
2434 4945 2699 5016 διώνυμον
2721 4947 3042 5018 γεγενῆσθαι
3069 4950 3158 5001 τὸν
3181 4948 3488 5019 Ἀϐιμέλεχ,
3516 4947 3646 5000 ὥστ’
3674 4943 3820 5000 εἶναι

2237 5039 2328 5093 τὸν
2361 5039 2521 5092 αὑτὸν
2549 5037 2626 5105 τῷ
2656 5039 2935 5110 Ἀϐιάθαρ.
2967 5038 3172 5092 Αὐτίκα
3203 5040 3332 5108 γοῦν
3375 5039 3468 5092 καὶ
3509 5038 3625 5100 υἱὸς
3668 5036 3822 5102 αὑτῷ

2237 5129 2496 5200 Ἀϐιάθαρ
2549 5126 2881 5197 κεκλημένος
2911 5125 3207 5196 ἐμφέρεται
3245 5126 3310 5195 τῇ
3342 5122 3531 5196 Γραφῇ
3559 5120 3671 5174 τῶν
3701 5120 3814 5172 Βα-

2225 5220 2456 5276 σιλειῶν·
2491 5220 2569 5283 ὃς,
2596 5217 2871 5288 διαφυγὼν
2900 5217 3005 5270 άπὸ
3037 5215 3143 5269 τῶν
3167 5213 3561 5286 ἀναιρεθέντων
3616 5211 3816 5282 ἱερέων

2228 5317 2405 5387 μόνος,
2435 5314 2513 5386 τῷ
2550 5314 2711 5366 Δαυῖδ
2762 5313 2950 5382 συνῆν.
2991 5311 3181 5375 ’Ἄλλος
3230 5309 3274 5362 δ’
3300 5308 3367 5364 ἂν
3395 5307 3538 5360 εἴποι
3567 5304 3663 5358 τοῦ
3711 5305 3815 5375 μὲν

2239 5407 2524 5478 Ἀϐιμέλεχ
2545 5407 2642 5479 τὴν
2671 5406 2907 5477 ἱστορίαν
2947 5406 3022 5469 ὡς
3051 5449 3053 5451 .
3079 5402 3265 5476 ἱερέως
3309 5398 3690 5472 μνημονεύειν·
3725 5399 3817 5449 ἐν·

2226 5499 2398 5554 ταῦθα
2429 5500 2484 5553 δέ
2518 5499 2606 5555 τὸν
2632 5498 2860 5569 Σωτῆρα
2907 5498 2995 5550 τὸν
3041 5494 3303 5566 Ἀϐιάθαρ
3325 5492 3591 5565 ἀρχιερέα
3612 5488 3815 5561 τυγχά·
