3992 6216
226 347 336 403 293
1344 334 1797 396 COMMENTARI

1900 335 1937 390 N
1975 336 2315 394 PSALMOS.
3356 328 3479 397 298

227 484 336 521 νειν
375 466 494 520 κατ’
529 464 705 519 ἐκεῖνο
723 461 918 533 καιροῦ
944 461 1133 532 φῆσαι.
1157 457 1415 527 Είσῆλθε
1444 455 1572 530 γὰρ,
1607 457 1790 527 φησὶν,

1900 456 1962 512 de
2000 458 2263 530 principis
2294 443 2634 512 sacerdotum
2658 468 2790 511 nece
2827 454 3085 510 narravit.
3110 452 3173 509 Et
3200 454 3314 511 hac
3339 458 3461 529 qui-

227 559 407 613 Δαυῒδ
437 559 529 624 είς.
555 556 662 611 τὸν
694 553 861 611 οἶκον
888 554 994 608 τοῦ
1033 551 1180 607 Θεοῦ
1228 550 1328 605 ἐπὶ
1389 548 1650 618 Ἀϐιάθαρ
1685 549 1793 603 τοῦ

1900 548 2022 603 dem
2051 548 2210 603 nobis
2240 547 2306 602 de
2331 548 2527 617 psalmi
2558 548 2717 601 titulo
2762 546 2905 601 dicta
2939 548 3071 602 sint.

227 652 563 722 ἀρχιερέως.
601 652 711 706 Καὶ
750 650 994 720 φαίνεται
1022 649 1055 718 ή
1085 645 1192 699 τῶν
1218 644 1468 717 ἱστοριῶν
1502 644 1709 715 γραφὴ,
1766 643 1859 698 τὸν
1909 643 2197 715 Ἀχιμέλεχ
2228 643 2321 696 καὶ
2355 643 2480 705 τοὺς
2520 643 2683 712 ἱερεῖς
2715 640 2806 694 τοῦ
2838 640 2971 695 Θεοῦ
3030 630 3330 714 ἀνῃρῆσθαι
3360 643 3462 714 φή-

231 761 372 799 σασα
404 744 508 798 ὑπὸ
537 743 632 798 τοῦ
699 741 889 806 Σαοὺλ,
948 740 1211 812 ἀρχιερέα
1246 738 1589 813 ἀνῃρημένον
1622 739 1720 808 οὐχ
1781 740 2127 809 ίστορήσασα.
2165 736 2351 790 Ταῦτα
2409 736 2504 807 μὲν
2556 732 2648 789 οὖν
2680 739 2808 808 ἡμῖν
2853 738 2932 800 είς
2982 736 3080 808 τὴν
3107 736 3199 790 τοῦ
3248 734 3462 807 ψαλμοῦ

228 840 551 914 προγραφὴν
582 839 832 912 εἰρήσθω.

294 934 624 1005 Εὐλογήσω
676 932 782 985 τὸν
843 932 1060 1000 Κύριον
1105 930 1174 984 ἐν
1239 930 1416 983 παντὶ
1457 927 1658 996 καιρῷ,
1704 927 1802 981 διὰ

228 1026 456 1091 παντὸς
483 1028 520 1095 ἡ
545 1025 774 1089 alr-emi;
821 1024 1005 1078 αὐτοῦ
1033 1023 1102 1076 ἐν
1123 1022 1201 1087 τῷ
1245 1022 1497 1090 στόματί
1523 1038 1659 1090 μου.
1695 1021 1801 1074 Εὐέ-

227 1115 500 1187 χαριστῶν
525 1116 552 1167 ὁ
583 1113 742 1169 Δαυῖδ
777 1117 860 1184 ἐφ’
900 1109 981 1177 οἷς
1005 1111 1210 1183 ἠξιώθη
1262 1112 1467 1184 τροφῆς
1496 1110 1799 1184 ἱερατικῆς,

227 1210 344 1263 Οὐκ
375 1209 464 1262 ἐπὶ
493 1208 585 1261 τοῦ
641 1208 926 1280 παρόντος,
984 1210 1137 1278 φησὶ,
1181 1205 1359 1278 μόνον,
1410 1205 1545 1260 ἀλλὰ
1595 1205 1689 1259 καὶ
1715 1203 1801 1258 διὰ

225 1300 409 1370 πάσης
439 1299 536 1370 τῆς
558 1300 703 1371 ζωῆς
727 1299 956 1369 χάριτας
984 1295 1260 1367 ὁμολογῶν
1307 1294 1400 1349 καὶ
1440 1294 1676 1364 εὐλογῶν
1704 1295 1800 1348 αὐ-

222 1387 315 1441 τὸν
348 1388 656 1441 διατελέσω·
692 1387 814 1440 οὐδὲ
845 1384 1303 1456 ἀπολειφθήσεταί
1329 1401 1458 1438 ποτε
1508 1384 1570 1439 τὸ
1627 1384 1799 1455 στόμα

227 1499 329 1551 μου
381 1484 481 1553 τῆς
511 1484 590 1545 είς
618 1482 779 1535 αὑτὸν
812 1479 1088 1542 αἰνέσεως.
1133 1476 1277 1529 ’Δντὶ¹
1326 1476 1433 1547 γὰρ
1481 1475 1669 1539 Θυσίας
1708 1475 1801 1528 καὶ

223 1571 688 1643 ὁλοκαυτωμάτων
721 1569 1090 1639 πεπαίδευμαι
1110 1569 1208 1636 τὴν
1235 1568 1322 1621 διὰ
1355 1566 1574 1637 χειλέων
1605 1566 1800 1638 προσά-

223 1679 341 1731 γειν
368 1661 517 1732 αὐτῷ
550 1661 757 1715 θυσίαν.

1966 920 2128 975 Vens.
2162 919 2216 973 2.
2259 919 2571 975 Benedicam
2603 920 2886 975 Dominum
2940 922 2992 976 in
3021 924 3164 977 omni
3212 934 3459 995 tempore.

1897 1028 2099 1083 semper
2152 1013 2269 1067 laus
2322 1013 2436 1085 ejus
2473 1014 2527 1067 in
2569 1031 2658 1068 ore
2710 1030 2845 1068 meo.
2885 1006 3104 1070 Gratias
3153 1016 3267 1087 agit
3295 1017 3462 1074 David

1898 1107 2042 1175 quod
2074 1103 2408 1179 sacerdotali
2442 1105 2566 1159 cibo
2606 1104 2863 1175 dignatus
2891 1103 3000 1158 sit:
3027 1104 3137 1159 Nec
3175 1106 3351 1161 solum
3403 1109 3459 1162 in

1898 1197 2177 1269 praesenti,
2199 1196 2296 1260 ait,
2325 1196 2417 1251 sed
2442 1212 2537 1266 per
2565 1202 2735 1250 totum
2757 1196 2881 1250 vita:
2905 1196 3235 1251 curriculum
3259 1199 3463 1269 gratias

1899 1287 2192 1344 conﬁtendi
2218 1301 2281 1340 ac
2306 1287 2661 1342 bcnedicendi
2688 1286 2847 1341 ﬁnem
2876 1302 2984 1341 non
3015 1285 3211 1340 faciam
3243 1306 3257 1342 :
3286 1304 3465 1358 neque
3504 1344 3513 1357 ,

1898 1397 1960 1437 os
2007 1395 2188 1436 meum
2242 1379 2401 1434 laude
2434 1379 2553 1448 ejus
2615 1394 2846 1434 vacuum
2900 1395 3136 1449 unquam
3169 1381 3291 1435 erit.
3326 1380 3463 1436 Nam

1896 1472 2177 1527 institutus
2200 1472 2271 1525 ita
2302 1471 2401 1533 fui,
2426 1479 2484 1525 ut
2512 1471 2904 1526 sacriﬁciorum
2940 1481 2992 1527 et
3021 1471 3463 1529 holocaustorum

1895 1565 2033 1631 vice,
2064 1564 2226 1621 labiis
2256 1564 2358 1635 ipsi
2390 1564 2624 1621 hostiam
2658 1564 2902 1623 oll'cram.

307 1750 524 1822 Ἐπειδὴ
552 1749 661 1821 γὰρ
692 1748 947 1819 φεύγοντι
981 1765 1070 1820 μοι
1097 1747 1266 1811 οὐδεὶς
1296 1745 1485 1819 βοηθὸς
1514 1746 1791 1816 πάρεστιν,

1967 1738 2414 1809 Quandoquidem
2466 1738 2692 1810 fugienti
2741 1740 2874 1794 mihi
2932 1740 3116 1797 nullus
3170 1743 3463 1813 opitulator

222 1842 347 1895 οὐδέ
370 1859 455 1905 τις
483 1841 770 1913 καταφυγὴ
790 1881 805 1905 ,
839 1840 958 1894 οὐδέ
984 1840 1249 1909 ἀσφάλεια
1266 1857 1279 1870 ·
1310 1839 1467 1911 μόνον
1497 1839 1554 1892 δὲ
1574 1839 1663 1893 τὸν
1686 1836 1797 1891 Κύ-

227 1950 344 2005 ριον
374 1932 740 2003 φυλακτήριον
767 1932 1040 2002 ἐπάγομαι
1070 1932 1167 2002 τῆς
1199 1929 1435 2002 ἐμαυτοῦ
1468 1929 1666 2001 ψυχῆς,
1701 1928 1796 1982 καὶ

224 2025 314 2077 ἐπ’
347 2021 514 2092 αὐτῷ,
556 2022 668 2075 ἀλλ’
704 2022 803 2075 οὐκ
833 2023 924 2076 ἐπὶ
948 2025 1066 2085 ταῖς
1111 2022 1269 2092 ἐμαῖς
1297 2020 1731 2091 δικαιοπραγίαις
1761 2019 1794 2089 ἠ

222 2115 367 2185 ψυχή
394 2130 492 2185 μου
514 2112 720 2184 eaeeae
761 2112 1119 2176 είκότως,ἐπὶ
1160 2111 1239 2178 τῷ
1254 2112 1446 2179 Κυρίῳ
1497 2108 1792 2178 καυχήσε-

222 2223 319 2260 ται
336 2208 372 2275 ἡ
396 2205 564 2275 ψυχή
579 2222 698 2274 μου
718 2220 732 2234 ·
759 2204 1193 2258 ἀκουσάτωσαν
1210 2201 1416 2271 πραεῖς
1438 2201 1532 2255 καί
1550 2202 1799 2269 εὐφραν-

221 2300 520 2369 θήτωσαν.
593 2299 723 2370 Ἐμέ
769 2299 826 2352 δὲ
868 2296 1121 2360 λαϐόντες
1159 2295 1460 2366 ὑπόδειγμα
1505 2295 1703 2357 πάντες
1746 2293 1796 2346 oi

222 2394 387 2465 πρᾶοι
426 2393 517 2446 καὶ
548 2390 792 2445 ταπεινοὶ
826 2388 919 2443 καὶ⁴
944 2389 1206 2451 ἐπιεικεῖς
1225 2386 1313 2441 διὰ
1333 2386 1429 2459 τὴν
1452 2387 1531 2450 είς
1555 2385 1644 2439 τὸν
1666 2384 1795 2439 Θεὸν

221 2484 505 2541 εὐλάϐειαν
526 2523 541 2551 ,
569 2483 945 2556 θαρῤείτωσαν
964 2482 1058 2535 καὶ
1084 2478 1189 2552 πλη
1200 2478 1509 2552 ρούσθωσαν
1535 2476 1799 2549 εὐφροσύ-

220 2594 319 2648 νης
342 2615 356 2640 ,
389 2577 458 2628 τὰ
496 2575 587 2628 ἴσα
622 2592 707 2646 μοι
741 2574 1247 2647 προσδοκήσαντες,
1293 2571 1386 2624 καὶ
1412 2570 1571 2624 αὑτὸν
1607 2568 1796 2622 ἐλπίδα

221 2668 311 2721 τὸν
340 2667 538 2739 Κύριον
554 2666 788 2737 Θέμενοι.
832 2666 983 2719 Ἐπεὶ
999 2665 1055 2719 δέ
1079 2664 1171 2718 καὶ
1197 2664 1293 2735 τὴν
1317 2661 1584 2734 ῥομφαίαν
1605 2660 1644 2713 Γ
1646 2660 1795 2714 ολιὰθ

222 2758 317 2810 τοῦ
340 2757 633 2827 ἀλλοφύλου
653 2756 801 2829 παρὰ
817 2756 895 2827 τῷ
923 2755 1211 2826 Ἀϐιμέλεχ
1225 2751 1404 2807 λαϐὼν
1427 2752 1593 2824 ἀπῄει
1612 2769 1625 2781 ·
1659 2750 1796 2803 Ἀλλ’

223 2850 331 2902 οὐδ’
358 2851 651 2921 ἐπὶτούτῳ,
675 2850 827 2921 φησὶ,
858 2851 1222 2921 καυχήσομαι,
1250 2847 1364 2901 ἀλλ’
1384 2848 1476 2901 ἐπὶ
1487 2846 1566 2918 τῷ
1587 2846 1793 2917 Κυρίῳ,

222 2941 292 2995 δι’
327 2940 386 2994 ὃν
417 2941 620 3012 ταύτην
647 2942 962 3011 ἐκτησάμην
990 2941 1088 3011 τὴν
1129 2939 1434 3010 ῥομφαίαν·
1466 2938 1541 3001 ὼς
1576 2937 1669 2991 καὶ
1706 2936 1795 2991 τὸν
1834 2952 1837 2957 '

225 3036 383 3110 ίερὲα
405 3037 576 3089 εἰπεῖν
596 3035 743 3106 αὐτῷ
763 3052 777 3065 ·
812 3034 956 3089 Ἰδοὺ
980 3035 1017 3102 ἡ
1039 3034 1306 3102 ῥομφαία
1326 3032 1549 3087 Γολιὰθ
1573 3031 1679 3085 τοῦ
1702 3035 1798 3084 Φι-

1898 1829 2072 1893 adest,
2108 1828 2319 1882 nullum
2351 1825 2627 1897 eﬁ'ngium,
2668 1829 2936 1884 securitas
2970 1830 3464 1902 nulla;solumque

1897 1916 2186 1973 Dominum
2211 1916 2404 1970 animae
2437 1928 2569 1971 meae
2597 1916 2908 1987 praesidium
2936 1919 3143 1988 paravi,
3169 1928 3329 1990 atque
3357 1921 3463 1992 ipsi

1898 2009 2022 2077 soli,
2054 2023 2163 2064 non
2207 2015 2355 2063 recte
2392 2007 2550 2063 factis
2585 2010 2756 2074 meis,
2800 2009 3025 2064 conﬁdit
3071 2011 3252 2066 anima
3306 2028 3460 2081 mea;

1892 2098 2016 2170 jure
2055 2115 2188 2156 sane
2251 2100 2308 2153 in
2346 2094 2569 2153 Domino
2623 2098 2930 2153 laudabitur
2968 2100 3146 2154 anima
3179 2117 3331 2156 mea:
3361 2120 3460 2156 au-

1897 2190 2045 2245 diant
2068 2189 2328 2247 mansueti
2358 2202 2408 2246 et
2440 2191 2699 2248 lwtentur.
2725 2191 2915 2262 Meque
2944 2192 2999 2247 in
3023 2195 3328 2265 exemplum
3356 2193 3462 2251 sibi

1898 2279 2264 2353 proponentes
2307 2283 2576 2339 mansueti
2619 2298 2828 2348 omnes,
2864 2284 3097 2340 humiles
3127 2300 3189 2339 ac
3231 2287 3463 2343 modesti

1896 2375 2036 2438 viri,
2075 2375 2146 2429 ob
2192 2372 2445 2445 pietatem
2495 2391 2622 2447 erga
2664 2374 2830 2431 Deum
2862 2391 3018 2431 suam
3044 2418 3061 2445 ,
3105 2378 3380 2434 confidant
3408 2386 3465 2436 et

1898 2460 2098 2537 gaudio
2144 2468 2529 2534 cumulentur,
2578 2470 2732 2537 paria
2783 2485 2997 2525 mecum
3059 2480 3462 2542 exspectantes,

1899 2558 2189 2629 ipsumque
2245 2558 2535 2613 Dominum
2594 2560 2698 2614 sibi
2760 2561 2815 2614 in
2879 2577 3027 2631 spem
3075 2572 3460 2631 proponentes.

1900 2642 2170 2714 Quoniam
2218 2662 2349 2701 vero
2393 2653 2681 2718 postquam
2725 2648 2963 2719 gladium
3008 2650 3320 2721 alienigenae
3356 2651 3465 2707 Go-

1899 2738 2030 2792 liath
2077 2738 2145 2792 ab
2172 2737 2525 2793 Abimeleclio
2583 2749 2899 2809 acceperat,
2943 2740 3197 2796 discessit
3236 2757 3457 2813 :neque

1899 2828 1953 2883 in
1978 2829 2304 2900 boc,inquit,
2326 2828 2620 2899 gloriabor,
2643 2829 2738 2885 sed
2765 2830 2821 2883 in
2840 2829 3084 2896 Domino,
3110 2831 3267 2901 cujus
3299 2833 3466 2889 bene-

1898 2918 2023 2976 ﬁcio
2061 2921 2209 2977 hunc
2258 2921 2497 2991 gladium
2539 2930 2735 2976 nactus
2788 2937 2949 2987 sum;
2987 2922 3058 2977 ita
3110 2930 3168 2977 ut
3215 2924 3301 2980 vel
3349 2926 3465 2996 ipse

1898 3014 2156 3068 sacerdos
2205 3013 2285 3068 sic
2331 3029 2453 3069 enm
2490 3015 2882 3084 compellaret:
2936 3013 3070 3069 Ecce
3109 3015 3320 3083 gladius
3360 3015 3467 3073 God

222 3104 505 3183 Jt'UtCu'OU
527 3169 542 3195 ,
583 3126 655 3181 ὃν
677 3104 979 3192 ἐπάταξας
1009 3126 1079 3179 ἐν
1108 3123 1182 3193 τῇ
1207 3122 1441 3178 κοιλάδι
1480 3123 1627 3190 Ἦλᾷ
1652 3157 1667 3187 ,
1698 3123 1795 3175 καί

1900 3104 2031 3158 lieth
2052 3104 2374 3168 Philisthazi,
2400 3121 2549 3175 quem
2593 3107 2902 3175 percussisti
2926 3108 2979 3160 in
3010 3110 3145 3163 valle
3164 3108 3288 3174 Ela,
3322 3112 3467 3165 invo-

222 3219 378 3287 αὐτὴ
402 3217 795 3289 arcanam-1;
824 3216 1047 3286 ίματίῳ.
1082 3217 1151 3269 El
1174 3215 1401 3280 ταύτην
1424 3210 1622 3280 λήψῃ,
1651 3226 1797 3266 σαυ-

223 3310 306 3375 τῷ
323 3309 471 3363 λάϐε
489 3349 503 3373 ,
534 3309 622 3362 ὅτι
649 3311 760 3363 οὐκ
788 3308 960 3363 ἔστιν
977 3306 1148 3374 ἑτέρα
1174 3304 1362 3374 παρὲξ
1387 3302 1594 3371 αὐτῆς.
1639 3300 1797 3354 Ὥστε

225 3400 427 3454 τούτων
457 3400 761 3455 ἀκούσαντα
788 3399 878 3453 τὸν
910 3397 1073 3453 Δαυῒδ
1103 3398 1307 3463 εἰπεῖν·
1364 3396 1467 3449 Ἐν
1492 3393 1572 3459 τῷ
1603 3393 1798 3461 Κυρίῳ

222 3494 677 3561 ἐπαινεθήσεται
706 3496 745 3562 ἡ
782 3492 953 3562 ψυχή
970 3508 1110 3562 μου.
1144 3489 1402 3559 Μεγάλην
1430 3486 1584 3554 δόξαν
1606 3486 1796 3558 ἔφερεν

225 3590 401 3643 ἐκεῖνο
425 3588 485 3642 τὸ
511 3588 638 3661 δόρυ
657 3587 736 3658 τῷ
756 3585 917 3639 Δαυῖδ
934 3625 950 3651 ,
981 3584 1251 3657 παιδαρίῳ
1280 3584 1376 3654 μὲν
1400 3581 1511 3634 ὄντι
1532 3620 1547 3647 ,
1579 3580 1674 3633 καὶ
1701 3597 1798 3651 μηο

224 3680 283 3734 δὲ
314 3681 498 3753 φέρειν
541 3680 682 3735 ὅπλα
710 3678 977 3749 πολεμικὰ
1007 3675 1386 3746 ἐπισταμένῳ,
1418 3673 1598 3726 πίστει
1642 3671 1699 3724 δὲ
1728 3674 1792 3742 τῇ

226 3774 308 3837 εἰς
334 3772 465 3827 Θεὸν
498 3771 994 3842 καταγωνισαμένῳ
1020 3769 1110 3822 τὸν
1148 3766 1339 3820 ranae
1365 3806 1380 3830 ,
1414 3764 1489 3828 ὡς
1520 3763 1605 3817 διὰ
1639 3761 1795 3816 τοῦτο

226 3865 346 3918 ἀντὶ
387 3865 728 3935 ἀναθήματος
764 3862 863 3935 τὴν
891 3858 1162 3932 ῥομφαίαν
1205 3858 1371 3927 μόνην
1415 3855 1630 3924 ἐκείνην
1661 3855 1793 3907 ἁνα-

229 3957 436 4010 κεῖσθαι
464 3958 520 4009 ἐν
545 3955 622 4025 τῷ
655 3953 785 4027 ἱερῷ
805 3970 819 3983 ο
842 3938 843 3941 η
870 3952 898 4005 ὃ
922 3952 986 4023 δὴ
1018 3951 1112 4004 καὶ
1144 3948 1526 4019 ἐπεσημήνατο
1553 3946 1729 4016 φήσας
1766 3944 1795 3996 ὁ

230 4046 435 4112 ἱερεύςο
469 4046 577 4100 Καὶ
614 4047 725 4099 οὐκ
757 4046 926 4098 ἐστιν
954 4042 1132 4109 ἄλλη.
1196 4040 1330 4092 Οὑδέ
1352 4040 1461 4111 γὰρ
1489 4038 1616 4108 ἐξῆν
1644 4039 1700 4089 ἐν
1726 4039 1792 4107 τῇ

227 4139 398 4208 σκηνῇ
448 4135 542 4188 τοῦ
588 4134 721 4188 Θεοῦ
755 4133 895 4187 ὅπλα
927 4131 1194 4202 πολεμικὰ
1232 4129 1582 4183 ἀποτίθεσθαι
1605 4144 1619 4158 ⁸
1661 4127 1794 4197 μόνη

225 4228 280 4281 δὲ
308 4228 486 4299 ἐκείνη
519 4230 598 4291 εἰς
632 4228 850 4298 μνήμην
894 4222 986 4276 τοῦ
1026 4221 1189 4275 Δαυτδ
1215 4222 1314 4291 τῆς
1345 4220 1485 4274 κατὰ
1513 4219 1608 4273 τοῦ
1636 4218 1793 4273 ἀλλο-

226 4319 390 4390 φύλου
425 4320 576 4389 νίκης
605 4319 851 4372 ἀνέκειτο
869 4356 884 4380 ,
917 4313 1118 4367 ὡσανεὶ
1140 4313 1549 4384 εὐχαριστήριον
1575 4313 1795 4365 ἀποκει-

227 4412 364 4485 μένη
390 4412 466 4482 τῷ
491 4412 587 4483 τὴν
614 4412 768 4482 νίκην
793 4408 943 4479 αὐτῷ
970 4405 1330 4479 δεδωρημένῳ
1358 4402 1436 4474 τῷ
1463 4403 1598 4473 Θεῷ,

1905 3196 2044 3249 lutus
2078 3205 2231 3249 veste.
2263 3191 2322 3249 Si
2350 3195 2485 3248 hunc
2513 3197 2586 3249 vis
2619 3196 2820 3259 tollere,
2856 3198 2980 3252 tolle
3008 3199 3121 3266 tibi,
3149 3202 3272 3270 quia
3286 3202 3465 3257 nullus

1903 3282 2041 3338 alius
2065 3284 2147 3336 hic
2172 3292 2250 3337 est
2278 3291 2468 3348 prwter
2484 3285 2653 3352 ipsum
2677 3287 2740 3339 ι’.
2775 3284 2870 3340 His
2897 3286 3081 3357 itaque
3107 3290 3329 3354 auditis,
3362 3290 3467 3344 Da-

1901 3375 1992 3431 vid
2022 3377 2127 3431 ait:
2157 3375 2222 3429 In
2255 3373 2479 3430 Domino
2508 3375 2814 3428 laudabitur
2847 3377 3027 3430 anima
3058 3395 3193 3434 mea.
3219 3379 3467 3451 Magnam

1903 3476 2051 3523 certe
2084 3466 2272 3522 Davidi
2321 3468 2546 3538 gloriam
2578 3467 2804 3537 parabat
2852 3468 2944 3523 ille
2985 3469 3228 3540 gladius;
3261 3473 3464 3542 quippe

1903 3560 1999 3630 qui
2037 3559 2300 3629 puerulus
2331 3572 2455 3613 cum
2491 3565 2658 3621 esset,
2704 3557 3137 3629 bellicorumque
3188 3576 3468 3616 armorum

1902 3651 2211 3722 imperitus,
2248 3649 2353 3704 ﬁde
2390 3649 2447 3703 in
2481 3647 2650 3704 Deum
2699 3648 2943 3703 munitus
2983 3642 3196 3703 Goliatb
3231 3650 3465 3714 devicit;

1901 3747 1975 3798 ita
2001 3748 2060 3798 ut
2082 3759 2147 3799 ea
2172 3742 2239 3798 de
2270 3756 2438 3797 causa
2473 3740 2684 3795 donarii
2711 3739 2831 3795 loco
2861 3740 3012 3797 solus
3040 3742 3131 3797 ille
3160 3742 3370 3813 gladius
3410 3742 3466 3797 in

1902 3850 2061 3890 sacro
2100 3834 2376 3905 repositus
2425 3840 2616 3888 esset:
2663 3832 2808 3903 quod
2854 3833 3032 3902 ipsum
3082 3832 3338 3887 sacerdos
3380 3832 3466 3887 his

1901 3927 2083 3982 verbis
2113 3925 2393 3987 indicavit,
2428 3937 2479 3977 et
2512 3924 2689 3979 nullus
2727 3924 2866 3979 alius
2894 3934 2993 3979 est.
3022 3923 3207 3994 Neque
3239 3925 3382 3979 enim
3411 3924 3466 3981 in

1900 4018 2254 4073 tabernaculo
2284 4017 2378 4072 Dei
2414 4018 2611 4071 licebat
2643 4033 2794 4071 arma
2822 4018 3015 4072 bellica
3048 4016 3335 4087 deponere.
3368 4012 3467 4073 llic

1901 4121 2081 4166 autem
2118 4111 2270 4165 solus
2310 4110 2365 4163 in
2404 4110 2721 4165 memoriam
2766 4117 3051 4179 reportatae
3082 4123 3110 4161 a
3153 4107 3353 4164 Davide
3399 4109 3467 4164 de

1902 4203 2205 4273 alienigena
2238 4203 2480 4257 victoriae
2516 4203 2790 4272 repositus
2823 4209 2961 4265 crat,
2994 4201 3150 4271 quasi
3190 4200 3244 4255 in
3266 4203 3468 4271 gratia-
3525 4188 3529 4207 ¹

1902 4312 2023 4350 rum
2057 4294 2326 4351 actionem
2362 4293 2473 4350 Deo
2502 4299 2593 4365 qui
2620 4296 2902 4350 victoriam
2931 4294 3034 4364 ipsi
3062 4293 3303 4350 dederat.

830 4462 1050 4569 Κύριον
1081 4462 1201 4553 ἐξ)ὶέ
1223 4462 1349 4565 ἐμοὶ
1371 4536 1385 4559 ,
1408 4462 1515 4548 ,καί
1542 4462 1797 4563 iiii-050w-

1972 4470 2139 4528 νεεδ.
2172 4471 2225 4527 5.
2256 4471 2597 4541 Magni/irate
2629 4469 2912 4522 Dominum
2944 4481 3162 4529 mecum,
3189 4472 3237 4517 et
3273 4462 3470 4517 exalte-

220 4614 337 4667 μεν
364 4594 431 4648 τὸ
463 4594 647 4662 ὄνομα
675 4594 859 4648 αὑτοῦ
891 4592 990 4646 ἐπὶ
1014 4591 1080 4645 τὸ
1104 4591 1269 4645 αὑτό.
1309 4588 1371 4642 Οἱ
1399 4589 1508 4660 γὰρ
1538 4587 1602 4640 δι’
1623 4586 1798 4659 ἔργων

226 4689 322 4741 καὶ
355 4686 471 4758 βίου
499 4684 592 4738 τοῦ
631 4686 748 4739 κατ’
781 4685 979 4757 ἀρετὴν
1018 4683 1114 4755 τὴν
1148 4685 1205 4736 ἐν
1251 4683 1462 4745 ἑαυτοῖς
1493 4680 1677 4733 εἰκόνα
1704 4679 1796 4733 τοῦ

227 4778 360 4832 Θεοῦ
387 4775 734 4847 κοσμοῦντες,
765 4776 926 4830 αὑτὸν
952 4775 1231 4841 δοξάζουσι
1254 4774 1347 4827 καὶ
1376 4772 1617 4843 ὑψοῦσιν.
1649 4770 1801 4835 Ἑξε-

226 4869 453 4936 ζήτησα
479 4870 584 4923 τὸν
607 4869 823 4935 Κύριον
851 4868 952 4934 κᾳὶ
975 4865 1281 4937 ἐπήκουσέ
1311 4883 1450 4936 μου.
1518 4862 1669 4916 Ἐπεὶ
1698 4860 1795 4933 τῷ,

224 4962 554 5030 ἐξεζήτησα
574 5003 589 5028 ,
623 4960 682 5014 τὸ
699 5000 715 5026 ,
754 4958 1061 5026 ἐπήκουσέ
1083 4977 1200 5028 μου
1220 5000 1236 5024 ,
1262 4955 1618 5027 ἀνταπεδόοη.

292 5135 481 5205 οὗτος
512 5140 544 5192 ὁ
570 5135 806 5206 πτωχὸς
837 5133 1154 5201 ἐκέκραεε,
1191 5134 1287 5188 καὶ
1319 5137 1352 5188 ὀ
1387 5133 1602 5202 Κύριος
1627 5127 1794 5195 εἰσή-

227 5245 456 5286 κουσεν
478 5229 664 5283 αὑτοῦ
679 5268 694 5292 ,
722 5227 818 5281 καί
842 5225 911 5279 ἐκ
932 5224 1143 5280 πασῶν
1162 5226 1281 5280 τῶν
1304 5225 1567 5293 θλίψεων
1612 5219 1798 5277 αὑτοῦ

228 5323 464 5377 ἔσωσεν
481 5321 684 5374 αὐτόν.
718 5317 884 5372 Πάλιν
905 5313 1093 5370 ἑαυτὸν
1112 5356 1126 5377 ,
1142 5317 1216 5380 ὼς
1235 5316 1328 5368 καὶ
1349 5317 1405 5367 ἐν
1426 5317 1536 5377 τοῖς
1557 5313 1800 5387 ἔμπροσ-

230 5414 320 5466 Θεν
345 5454 359 5479 ,
402 5406 761 5483 ὑπογραμμὸν
801 5409 1029 5481 παρέχει
1065 5407 1162 5478 τῆς
1200 5405 1398 5475 ἐτέρων
1436 5402 1795 5465 διδασκαλίας.

228 5505 450 5576 Πτωχὸν
478 5502 586 5576 γὰρ
614 5498 804 5556 ἑαυτὸν
838 5499 1006 5554 εἰπὼν
1042 5498 1129 5552 διὰ
1156 5498 1254 5569 τὴν
1279 5496 1380 5565 τῆς
1409 5495 1584 5566 ψυχῆς
1605 5491 1799 5547 ἑαυτοῦ

226 5597 549 5650 ταπείνωσιν
566 5596 660 5649 καὶ
683 5591 1038 5665 μετριοσύνην
1057 5631 1071 5656 ,
1089 5587 1164 5655 ὡς
1185 5606 1251 5642 πε
1261 5588 1311 5660 pl.
1329 5585 1512 5657 ἐτέρου
1534 5602 1600 5638 πε
1610 5585 1660 5657 pi
1679 5585 1803 5638 ἐαυ-

310 5778 352 5810 η
393 5776 407 5829 1
444 5778 575 5848 Reg.
613 5790 739 5842 rm,
776 5774 833 5830 9.

1906 4584 2022 4623 mus
2044 4582 2229 4620 nomen
2263 4564 2377 4633 ejus
2411 4564 2464 4616 in
2510 4562 2759 4630 idipsum.
2803 4557 2937 4611 Nam
2969 4557 3060 4626 qui
3112 4556 3367 4626 Operibus
3403 4571 3469 4611 ac

1905 4662 2014 4716 vita
2044 4674 2165 4712 cum
2203 4657 2400 4710 virtute
2445 4667 2565 4708 aeta
2596 4651 2888 4722 imaginem
2942 4648 3037 4703 Dei
3064 4648 3119 4703 in
3150 4664 3208 4703 se
3231 4649 3465 4719 positam

1906 4760 2194 4815 exornant,
2216 4749 2254 4804 ii
2285 4763 2415 4803 sane
2446 4746 2621 4816 ipsum
2651 4743 2821 4815 gloria
2865 4741 3105 4797 afﬁciunt
3123 4748 3176 4796 et
3205 4740 3465 4796 exaltant.

1908 4845 2183 4918 Exquisivi
2217 4841 2493 4896 Dominum
2518 4846 2566 4891 et
2598 4832 2866 4890 exaudivit
2898 4850 2997 4889 me.
3031 4831 3305 4903 Siquidem
3340 4832 3468 4886 huic
3546 4911 3553 4919 .

1904 4936 2061 5002 voci,
2100 4932 2392 5005 exquisivi,
2456 4929 2550 4983 illa
2608 4926 2850 4981 vicissim
2902 4923 3144 4990 additur,
3201 4923 3468 4978 exaudiuit

1905 5046 2004 5084 me.

1981 5117 2145 5172 Vens.
2184 5113 2300 5169 6-8.
2356 5110 2464 5165 Iste
2510 5122 2710 5178 pauper
2767 5106 3048 5173 clamarit,
3102 5114 3153 5160 et
3212 5104 3468 5161 Dominus

1900 5209 2162 5265 exaudivit
2211 5221 2351 5267 eum.
2399 5212 2448 5257 et
2487 5199 2551 5254 de
2590 5198 2831 5253 omnibus
2885 5195 3312 5251 tribulationibus
3352 5195 3466 5262 ejus

1903 5300 2124 5355 saluauit
2154 5312 2290 5350 eum.
2325 5294 2421 5347 llic
2456 5307 2699 5355 rursum,
2742 5289 2819 5343 uti
2854 5289 3126 5359 superius,
3159 5284 3463 5351 exemplum

1904 5389 2208 5462 disciplina:
2237 5403 2357 5443 sese
2383 5386 2505 5440 aliis
2533 5383 2798 5454 perbibet.
2821 5380 2956 5435 Cum
2989 5395 3047 5435 se
3077 5390 3307 5445 namque
3333 5386 3465 5440 pau-

1905 5498 2089 5557 perem
2136 5481 2208 5535 ob
2251 5479 2446 5534 animae
2484 5492 2596 5533 sua:
2641 5474 3001 5529 humilitatem
3049 5484 3114 5524 ac
3145 5461 3462 5557 modestiam

1907 5552 2170 5641 declarat,
2208 5572 2275 5629 de
2328 5571 2509 5642 seipso
2549 5569 2709 5641 quasi
2748 5566 2815 5622 de
2843 5564 2948 5620 alio
2978 5563 3117 5617 hanc
3157 5552 3466 5612 doctrinam
