3992 6216
585 347 701 405 295

1262 343 1530 406 EUSEBXI
1564 329 2043 406 CAESARIENSIS
2081 345 2231 403 OPP.
2272 345 2452 402 PARS
2489 326 2576 402 lli.
2615 377 2687 388 —
2722 330 3132 405 EXEGETICA.

3755 351 3894 407 £96

589 470 797 526 tradit:
837 466 949 522 Iste
970 485 1168 538 pauper
1205 467 1474 532 clamavit,
1512 476 1561 521 et
1602 466 1861 520 Dominus
1898 463 2152 520 exaudivit

2269 464 2363 518 τοῦ
2400 463 2641 519 διδάσκει
2665 465 2839 534 λέγων
2857 482 2871 495 ’
2902 461 3092 531 Οὗτος
3117 467 3149 518 ό
3177 465 3412 534 πτωχὸς
3445 465 3736 535 ἐκέκραξε
3765 473 3889 525 καὶ

586 579 728 619 eum.
763 561 830 615 At
861 576 950 627 ne,
1002 562 1196 632 inquit,
1247 560 1632 625 arbitremini,
1675 575 1760 614 me
1806 558 2026 628 quidem
2073 557 2168 629 qui

587 671 686 726 pro
717 669 842 724 rege
886 669 949 708 ac
985 654 1226 709 universi
1283 654 1466 724 populi
1508 653 1755 723 principe
1797 652 2036 716 habeor,
2072 649 2168 706 sed

586 749 770 804 animo
801 749 873 802 ob
938 747 1032 802 Dei
1087 755 1292 802 metum
1343 761 1553 817 pauper
1596 760 1755 808 sum,
1806 744 1984 800 solum
2040 743 2167 798 talia

583 849 973 907 consecutum;
1000 840 1280 895 enimvero
1305 840 1474 908 probe
1496 841 1834 908 compertum
1857 846 1960 899 est,
1989 837 2166 907 ipsum

585 933 876 988 Dominum
912 933 1004 1003 qui
1051 947 1297 1003 presens
1354 930 1614 984 omnibus
1659 936 1763 992 est,
1810 928 2020 984 similes
2058 929 2165 985 mei

584 1039 884 1096 pauperes.
918 1024 1172 1079 videlicet
1207 1023 1461 1077 timentes
1509 1020 1702 1087 Deum,
1753 1020 2161 1076 exauditurum.

585 1116 805 1172 Gustate
863 1125 913 1171 et
965 1115 1132 1170 videte
1191 1114 1442 1185 quoniam
1494 1113 1670 1167 suavis
1730 1122 1808 1166 est
1863 1111 2163 1166 Dominus:

584 1210 766 1265 beatus
801 1210 878 1263 vir
911 1209 1001 1279 qui
1033 1215 1209 1276 sperat
1255 1208 1309 1259 in
1339 1223 1418 1260 eo.
1459 1205 1723 1275 Quisquis
1752 1204 1821 1258 ob
1867 1203 2163 1275 perfectam

581 1309 637 1358 et
668 1300 1065 1356 indeﬁcientem
1100 1299 1154 1351 in
1208 1296 1377 1352 Deum
1412 1315 1562 1368 spem
1593 1299 1675 1352 vir
1696 1297 1935 1364 exsistit,
1971 1297 2163 1353 beatus

580 1402 688 1450 est.
724 1392 910 1463 Neque
953 1392 1052 1446 abs
1091 1405 1150 1445 re
1194 1389 1403 1460 Aquila:
1435 1387 1874 1458 interpretationi
1923 1400 2162 1457 praesens

580 1485 789 1541 dictum
825 1483 950 1554 quis
995 1483 1284 1554 aptaverit.
1321 1481 1381 1535 In
1414 1479 1574 1534 titulo
1605 1479 1806 1550 quippe
1858 1479 2161 1534 secundum

578 1575 833 1646 Aquilam
865 1575 1070 1629 dictum
1123 1581 1248 1629 est:
1305 1571 1548 1635 Davidis,
1608 1570 1821 1641 quando
1863 1571 2162 1624 immutavit

579 1681 790 1742 gustum
821 1683 975 1722 suum
1023 1675 1144 1720 ante
1188 1663 1379 1734 faciem
1437 1661 1755 1717 Abimelech.
1807 1659 1948 1728 Quia
1998 1663 2162 1734 igitur

581 1761 717 1829 ipse,
754 1774 876 1813 cum
924 1770 1093 1828 panes
1142 1753 1535 1824 propositionis
1575 1752 1925 1818 comedisset,
1963 1752 2160 1806 immu-

581 1851 714 1905 tavit
754 1857 975 1920 gustum
1027 1863 1212 1911 suum,
1247 1862 1310 1901 ac
1360 1862 1424 1901 ex
1475 1853 1639 1916 gustu
1671 1845 1866 1900 deinde
1916 1844 2159 1900 divinam

580 1943 686 1999 sibi
731 1945 989 1996 virtutem
1041 1939 1296 1993 collatam
1344 1937 1514 1993 fuisse
1543 1938 1750 2006 sensit;
1799 1937 2028 2000 idcirco,
2075 1952 2161 1992 se-

579 2034 820 2090 cundum
850 2031 1002 2096 illud,
1029 2031 1236 2102 Absque
1263 2030 1386 2086 dolo
1427 2032 1620 2101 accepi,
1647 2032 1760 2086 sine
1792 2029 1991 2085 invidia
2017 2042 2160 2083 com-

579 2123 892 2190 munico”,
943 2122 1011 2178 ad
1060 2123 1404 2178 consimilem
1467 2132 1688 2194 gustum
1744 2122 2158 2194 percipiendum

579 2219 718 2272 alios
764 2215 1024 2272 festinare
1063 2216 1406 2281 cohortatur,
1441 2226 1606 2287 atque
1656 2217 1873 2287 precari
1903 2223 1962 2270 ut
2017 2233 2159 2287 pane

577 2309 703 2366 vita).
749 2310 1005 2364 alantur:
1070 2308 1231 2379 cujus
1283 2309 1593 2380 symbolum
1645 2323 1710 2363 ac
1776 2307 1955 2380 imago
1999 2316 2158 2364 erant

579 2418 750 2473 panes
781 2403 860 2457 illi
891 2401 1284 2472 propositionis
1335 2417 1434 2472 per
1481 2400 1685 2473 Moysis
1715 2401 1886 2473 legem
1941 2402 2154 2457 statuti.

581 2494 761 2561 Quare
793 2494 964 2549 David
1013 2509 1139 2549 cum
1179 2493 1511 2564 intelligeret
1565 2492 1724 2564 cujus
1781 2493 1962 2564 imago
2011 2499 2158 2548 esset

579 2586 738 2656 panis
771 2584 861 2638 ille
909 2582 1323 2654 propositionis,
1357 2596 1466 2639 non
1492 2582 1561 2638 ad
1602 2597 1927 2653 corporeum
1959 2597 2154 2652 panem

578 2685 638 2732 ut
676 2675 1037 2743 accedamus;
1071 2673 1168 2731 sed
1217 2674 1283 2728 ad
1322 2690 1521 2745 panem
1573 2673 1668 2744 qui
1710 2687 1976 2743 corporeo
2024 2672 2155 2728 sub-

576 2769 872 2834 indieatnr,
923 2783 1025 2822 nos
1083 2774 1367 2837 provocat.
1401 2765 1514 2821 Nos
1547 2766 1714 2837 igitur
1764 2766 1859 2836 qui
1891 2765 1947 2820 in
1994 2765 2154 2822 terris

574 2874 884 2926 versamur,
919 2859 1078 2928 panis
1125 2867 1179 2912 et
1211 2856 1375 2912 Verbi
1410 2858 1505 2927 qui
1536 2856 1604 2910 de
1657 2857 1799 2911 coelo
1849 2857 2151 2925 descendit,

573 2965 639 3003 ac
677 2949 1031 3018 semetipsum
1089 2946 1393 3003 exinanivit
1425 2955 1479 3002 et
1512 2945 1817 3016 depressit,
1858 2947 2152 3019 participes

2271 559 2304 610 ό
2341 558 2556 624 Κύριος
2584 557 2952 624 εὶσήκουσεν
2980 556 3188 611 αὐτοῦ.
3236 557 3394 610 Ἀλλὰ
3429 560 3502 630 μὴ
3532 559 3652 630 ἐμὲ,
3694 563 3882 632 φησὶ,

2273 648 2432 720 μόνον
2452 649 2807 722 τετυχηκέναι
2829 649 3193 720 νομίζετε,τὸν
3213 649 3567 721 νομιζόμενον
3591 651 3692 723 μὲν
3718 649 3884 708 εἶναι

2271 738 2492 810 βασιλέα
2523 741 2618 792 καὶ
2646 740 2882 810 ἄρχοντα
2908 738 3001 792 τοῦ
3035 739 3236 803 παντὸς
3267 739 3484 805 ἔθνους,
3513 743 3578 812 τῇ
3612 742 3670 795 δὲ
3704 745 3878 817 ψυχῇ

2268 829 2615 899 πτωχεύοντα
2651 829 2737 882 διὰ
2765 829 2854 882 τὸν
2875 829 2968 882 τοῦ
3005 829 3140 883 Θεοῦ
3178 830 3370 900 φόϐον
3405 832 3647 904 ἀκριϐῶς
3675 835 3744 888 δὲ
3780 853 3879 906 γι-

2265 919 2535 975 νώσκεται
2558 961 2572 982 ,
2597 923 2678 975 ὅτι
2706 923 2735 974 6
2769 921 2930 985 αὐτὸς
2951 921 3156 994 Κύριος
3181 924 3274 976 καὶ
3303 923 3493 996 παρὼν
3519 927 3626 980 τῶν
3647 928 3876 998 ὁμοίως

2266 1015 2389 1084 ἐμοὶ
2415 1013 2646 1084 πτωχῶν
2670 1054 2684 1080 ,
2718 1014 2861 1084 λέγω
2888 1014 2944 1068 δὲ
2968 1015 3076 1068 τῶν
3103 1014 3450 1086 φοϐουμένων
3478 1017 3666 1082 αὑτὸν,
3699 1023 3872 1073 εἰσα-

2266 1104 2535 1159 κούσεται.
2565 1106 2881 1158 Γεύσασθε
2905 1105 3004 1161 καί
3048 1103 3203 1158 [dare
3251 1106 3341 1160 ὅτι
3367 1108 3639 1176 χρηστὸς
3667 1113 3703 1164 ὁ
3746 1114 3871 1166 Κύ-

2257 1213 2408 1266 ριος·
2435 1195 2726 1267 μακάριος
2749 1197 2904 1266 ἀνὴρ
2923 1197 2991 1264 ὃς
3009 1197 3231 1259 ἐλπίζει
3255 1199 3347 1252 ἐπ’
3367 1201 3572 1254 αὐτόν·
3607 1201 3666 1255 '0
3678 1203 3783 1257 διὰ
3805 1204 3870 1259 τὺ

2263 1291 2479 1355 τελείως
2502 1292 2595 1344 καὶ
2623 1291 2920 1353 ἁνελλιπῶς
2949 1289 3189 1355 ἐλπίζειν
3218 1293 3311 1346 ἐπὶ
3341 1272 3473 1347 Θεὸν
3506 1294 3649 1366 ἀνὴρ
3671 1297 3866 1370 ύπάρ-

2264 1402 2373 1455 χων
2407 1385 2676 1458 μακάριός
2707 1386 2873 1440 ἐστιν.
2922 1385 3035 1438 Οὐκ
3063 1385 3366 1449 ἀπεικότως
3391 1386 3457 1440 ἂν
3488 1403 3570 1450 τις
3600 1389 3859 1460 ἐφαρμό-

2265 1494 2406 1530 σειεν
2429 1481 2494 1548 τῇ
2520 1476 2661 1531 κατὰ
2686 1477 2778 1530 τὸν
2812 1477 3043 1531 Ἀκύλαν
3069 1475 3334 1550 ἑρμηνείᾳ
3355 1479 3452 1550 τὴν
3479 1483 3858 1552 προκειμένην

2262 1569 2431 1637 λέξιν·
2457 1570 2684 1642 ἐπείπερ
2710 1571 2766 1623 ὲν
2791 1572 2857 1640 τῇ
2883 1572 3171 1641 προγραφῇ
3195 1570 3336 1623 κατὰ
3357 1569 3446 1622 τὸν
3479 1569 3712 1625 Ἀκύλαν
3739 1573 3857 1627 ὲλέ-

2262 1679 2387 1730 γετο
2401 1678 2413 1692 ·
2454 1661 2565 1717 Τοῦ
2584 1661 2784 1726 Δαυῒδ,
2809 1661 2908 1716 ὅτε
2930 1661 3232 1730 ήλλοίωσε
3251 1661 3314 1714 τὸ
3341 1662 3529 1734 γεῦμα
3547 1664 3745 1718 αὑτοῦ
3767 1670 3855 1735 εὶς

2261 1756 2586 1823 πρόσωπον
2626 1754 2951 1824 Ἀϐιμέλεχ.
2990 1753 3142 1806 Ἐπεὶ
3173 1754 3351 1809 τοίνυν
3383 1756 3564 1822 αὐτὸς,
3597 1757 3710 1809 τῶν
3746 1751 3849 1831 ip;

2191 1826 2232 1881 Β
2263 1866 2370 1901 των
2401 1849 2498 1919 τῆς
2526 1847 2838 1919 προθέσεως
2880 1844 3196 1918 μεταλαϐὼν
3215 1889 3232 1915 ,
3283 1849 3546 1918 ⁴ηλλοίωσε
3573 1851 3636 1904 τὸ
3664 1826 3848 1925 γεῦμα

2263 1939 2428 1996 αὐτοῦ
2451 1981 2465 2006 ,
2499 1936 2599 1994 εἶτ’
2632 1941 2739 1994 ἀπὸ
2759 1941 2859 2012 τῆς
2884 1940 3126 2010 γεύσεως
3153 1940 3348 2012 ᾔσθετο
3374 1943 3658 2015 δυνάμεως
3695 1946 3846 2012 θείας
3950 1999 3951 2002 η

2260 2031 2658 2106 χορηγηθείσης
2683 2031 2833 2103 αὐτῷ
2851 2048 2864 2063 ⁸
2891 2032 3080 2087 τούτου
3110 2037 3269 2108 χάριν
3297 2035 3436 2090 κατὰ
3453 2037 3513 2089 τό
3532 2053 3547 2067 ·
3585 2037 3842 2107 Ἀδόλως
3950 2069 3951 2094 ι

2259 2129 2498 2190 ἔλαϐον,
2526 2128 2800 2197 ἀφθόνως
2823 2129 3230 2202 μεταδίδομαι,
3265 2131 3573 2203 παρακαλεῖ
3602 2134 3700 2184 καὶ
3731 2135 3843 2186 ἑτέ-
3949 2139 3951 2203 ῖ

2261 2236 2388 2290 ρους
2413 2219 2663 2274 σπεύδειν
2695 2220 2788 2273 ἐπὶ
2806 2221 2905 2294 τὴν
2933 2221 3124 2292 ὁμοίαν
3148 2222 3299 2292 αύτῷ
3325 2221 3512 2291 γεῦσιν
3533 2262 3549 2286 ,
3581 2223 3839 2288 εὖξασθαί

2219 2296 2226 2304 ’
2257 2327 2317 2363 τε
2345 2311 2617 2382 τραφῆναι
2649 2309 2728 2381 τῷ
2753 2311 2902 2384 ἄρτῳ
2925 2313 3022 2384 τῆς
3051 2312 3197 2384 ζωῆς
3215 2331 3229 2345 ·
3260 2308 3321 2368 οὗ
3347 2314 3610 2385 σύμϐολον
3642 2317 3738 2369 καὶ
3765 2321 3836 2370 εξ-

2259 2400 2369 2454 κὼν
2389 2402 2679 2473 ἐτύγχανον
2701 2404 2748 2456 oi
2773 2403 2859 2456 διὰ
2880 2405 3159 2470 Μωῦσέως
3179 2406 3503 2479 νενομοθετη
3512 2409 3665 2478 μένοι
3688 2410 3838 2481 ἄρτοι

2257 2495 2356 2566 τῆς
2387 2482 2714 2566 προθέσεως.
2750 2490 2949 2570 Διόπερ
2976 2499 3004 2551 6
3030 2498 3193 2553 Δαυῒδ
3215 2539 3230 2564 ,
3262 2501 3461 2572 νοήσας
3495 2500 3642 2564 τίνος
3672 2497 3739 2573 ἦν
3766 2506 3837 2554 εἰ·

2257 2587 2368 2641 κὼν
2406 2589 2434 2641 6
2464 2589 2561 2660 τῆς
2593 2589 2902 2661 προθέσεως
2928 2592 3123 2664 ἄρτος,
3155 2595 3254 2646 οὐκ
3279 2593 3371 2646 ἐπὶ
3401 2593 3491 2648 τὸν
3527 2596 3834 2666 σωματικὸν

2259 2679 2506 2733 σπεύδειν
2541 2682 2858 2754 προτρέπει,
2890 2683 3004 2736 ἀλλ’
3027 2684 3119 2737 ἐπὶ
3142 2684 3232 2738 τὸν
3256 2684 3322 2738 δι’
3340 2684 3503 2739 αὐτοῦ
3526 2687 3827 2756 νοούμενον.

2267 2775 2455 2845 Ἡμεῖς
2483 2774 2580 2844 μὲν
2606 2771 2698 2829 οὖν
2729 2777 2776 2829 oi
2802 2776 2894 2830 ἐπὶ
2927 2778 3028 2848 γῆς
3061 2779 3124 2831 ἐκ
3150 2777 3243 2831 τοῦ
3268 2777 3498 2850 ούρανοῦ
3529 2780 3832 2852 καταϐεϐη-

2255 2864 2410 2928 κότος
2455 2863 2550 2917 τοῦ
2595 2864 2758 2937 ἄρτου
2803 2867 2896 2920 καὶ
2940 2865 3034 2921 τοῦ
3073 2867 3246 2936 Λόγου
3283 2867 3618 2933 κενώσαντος
3646 2873 3829 2924 ἑαυτὸν

2255 2956 2349 3010 καὶ
2380 2959 2773 3030 σμικρύναντος
2802 2959 3316 3032 μεταλαμϐάνομεν·
3345 2963 3399 3014 oi
3427 2961 3483 3016 δὲ
3508 2963 3566 3016 ὲν
3587 2966 3651 3034 τῇ
3684 2964 3828 3034 Bast-

575 3037 858 3094 elIicimur.
900 3038 1005 3104 Qui
1042 3053 1174 3093 vero
1202 3045 1331 3093 sunt
1363 3037 1421 3092 in
1449 3052 1619 3108 regno
1669 3037 1956 3102 ccelOrum,
1991 3040 2152 3108 pleno

2255 3048 2371 3120 λείᾳ
2408 3049 2517 3104 τῶν
2548 3051 2789 3124 οὐρανῶν
2819 3051 3060 3124 πλήρους
3092 3054 3256 3108 αὑτοῦ
3291 3054 3385 3108 καὶ
3426 3056 3630 3109 τελείου
3668 3074 3827 3127 μετα-

577 3129 673 3183 illo
701 3144 764 3184 ac
793 3127 1036 3199 perfecto
1058 3137 1307 3193 utuntur,
1337 3127 1456 3198 ejus
1493 3126 1782 3184 divinitate
1822 3129 2066 3196 enutriti,
2097 3137 2151 3186 et

2255 3141 2624 3214 λαμϐάνουσι,
2666 3145 2992 3217 τρεφόμενοι
3025 3146 3188 3200 αὑτοῦ
3219 3149 3284 3219 τῇ
3318 3148 3531 3219 θεότητι
3553 3188 3566 3213 ,
3598 3151 3694 3202 καὶ
3723 3149 3828 3202 τῶν

577 3218 860 3289 sapientiae
910 3221 1468 3290 contemplationibus
1514 3217 1778 3276 fruentes.
1813 3219 1939 3276 Haec
1986 3222 2148 3277 etiam

2255 3233 2351 3305 τῆς
2381 3235 2571 3303 σοφίας
2603 3234 2974 3307 θεωρημάτων
3006 3217 3371 3302 ἀπολαύοντες
3391 3279 3405 3304 ,
3455 3217 3527 3295 ῶν
3558 3243 3648 3294 καὶ
3679 3245 3829 3313 ἡμᾶς

574 3327 680 3368 nos
725 3313 1021 3384 aliquando
1071 3311 1356 3388 obtinendi
1403 3327 1555 3382 spem
1587 3312 1821 3369 habere
1871 3314 2146 3379 convenit,

570 3406 929 3479 quamobrem
977 3404 1183 3461 dictum
1234 3411 1363 3461 est:
1429 3403 1621 3458 Beatus
1692 3405 1770 3458 uir
1833 3405 1924 3477 qui
1975 3414 2150 3476 sperat

571 3501 625 3555 ἰν
656 3515 737 3554 eo.

642 3589 810 3646 Vens.
847 3589 902 3645 9.
955 3587 1153 3644 Timete
1199 3587 1507 3656 Dominum,
1551 3606 1728 3644 omnes
1777 3592 1950 3645 sancti
2001 3591 2144 3661 ejus,

569 3685 821 3755 quoniam
854 3699 958 3737 non
985 3692 1063 3736 est
1090 3683 1269 3750 inopia
1300 3684 1606 3738 timentibus
1635 3700 1775 3738 eum.
1802 3683 1928 3739 Haec
1964 3685 2149 3740 omnia

572 3777 741 3831 David
787 3778 857 3830 ad
907 3775 1140 3829 aliorum
1189 3775 1482 3831 utilitatem
1550 3778 1944 3833 sententiarum
1994 3791 2148 3832 more

572 3865 803 3936 profert,
838 3879 1074 3936 quorum
1132 3865 1284 3934 prior
1325 3865 1441 3935 ipse
1476 3867 1682 3936 potitus
1728 3875 1866 3933 erat,
1927 3867 2147 3937 quando

572 3956 870 4026 exquisivit
941 3954 1259 4021 Dominum,
1325 3971 1390 4012 ac
1435 3958 1730 4028 propitium
1791 3967 1987 4014 nactus
2038 3967 2142 4015 est.

569 4044 826 4116 Praecipit
854 4045 1039 4116 itaque
1091 4046 1300 4102 sanctis
1333 4046 1449 4112 Dei,
1495 4056 1555 4102 ut
1602 4049 1850 4106 timorem
1883 4051 2004 4120 ejus
2034 4065 2146 4121 pra!

569 4139 747 4195 oculis
773 4139 1012 4195 habeant
1045 4158 1058 4194 :
1098 4139 1166 4195 ab
1221 4140 1317 4194 illo
1348 4143 1549 4210 quippe
1583 4143 1776 4196 timore
1815 4142 1990 4196 sancti
2030 4141 2144 4197 eiii—

568 4229 826 4299 ciuntur;
858 4229 982 4286 ideo
1011 4229 1121 4284 alio
1149 4229 1206 4284 in
1237 4230 1448 4301 psalmo
1470 4230 1698 4297 dictum,
1723 4229 1906 4285 Timor
1931 4231 2144 4286 Domini

566 4333 746 4380 castus
790 4325 862 4392 ³⁸,
911 4325 1190 4387 videlicet,
1245 4334 1427 4382 castos
1476 4324 1734 4383 eﬂiciens.
1800 4324 2143 4396 Quapropter

564 4417 750 4473 divina
784 4418 871 4475 lex
905 4418 982 4473 ait
1009 4436 1022 4473 :
1065 4417 1251 4473 Sancti
1283 4419 1449 4486 eritis,
1477 4419 1727 4490 quoniam
1756 4434 1848 4489 ego
1887 4416 2146 4472 Dominus

2248 3325 2424 3397 καιρῷ
2441 3342 2569 3379 ποτε
2587 3331 2869 3398 μετασχεῖν
2892 3328 3132 3394 ἐλπίζειν
3156 3333 3440 3403 προσήκει,
3458 3333 3532 3385 διὸ
3545 3331 3830 3388 λέλεκταν

2245 3415 2548 3486 Μακάριος
2579 3419 2735 3488 ἀνὴρ
2761 3419 2828 3485 ὃς
2850 3419 3072 3482 ἐλπίζει
3098 3422 3192 3476 ἐπ’
3216 3426 3423 3478 αὐτόν.

2318 3595 2618 3664 Φοϐήθητε
2644 3595 2750 3650 τὸν
2776 3597 2996 3666 Κύριον
3015 3632 3031 3662 ,
3075 3595 3300 3665 πάντες
3341 3600 3396 3653 οἱ
3426 3597 3578 3669 ἅγιοι
3618 3601 3827 3669 αὐτοῦ,

2246 3684 2336 3741 ὅτι
2361 3691 2472 3743 οὐκ
2501 3688 2674 3742 ἐστιν
2699 3688 3008 3759 ὑστέρημα
3042 3689 3166 3756 τοῖς
3195 3690 3589 3760 φοϐουμένοις
3618 3694 3826 3750 αὐτόν.

2247 3780 2430 3833 Πάντα
2453 3779 2628 3834 ταῦτα
2656 3780 2948 3852 γνωμικῶς
2974 3783 3003 3835 6
3029 3779 3189 3834 Δαυῒδ
3220 3783 3301 3846 εἰς
3328 3780 3426 3854 τὴν
3453 3783 3657 3855 ἑτέρων
3685 3785 3826 3852 ὠφέ-

2246 3871 2394 3926 λειαν
2427 3873 2780 3945 προφέρεται,
2815 3873 2974 3938 αὐτὸς
3002 3875 3265 3946 πρότερον
3289 3875 3605 3941 ἀπολαύσας
3626 3878 3820 3940 αὐτῶν,

2244 3965 2335 4019 ὅτε
2353 4006 2367 4030 ,
2408 3966 2716 4038 ἐκζητήσας
2741 3965 2831 4019 τὸν
2859 3965 3063 4038 Κύριον
3084 4004 3098 4031 ,
3139 3967 3374 4038 ἐπηκόου
3403 3969 3568 4024 αὑτοῦ
3594 3970 3818 4041 τετύχη-

2246 4073 2328 4109 κει
2353 4056 2794 4126 Παρακελεύεται
2825 4057 3004 4112 τοίνυν
3035 4059 3127 4113 τὸν
3157 4059 3321 4128 φόϐον
3350 4060 3445 4114 τοῦ
3476 4063 3681 4133 Κυρίου
3717 4061 3819 4132 πρὸ

2244 4148 2536 4220 ὀφθαλμῶν
2559 4147 2799 4202 τίθεσθαι
2821 4151 2946 4213 τοὺς
2971 4151 3160 4220 ἁγίους
3184 4151 3347 4204 αὐτοῦ
3366 4168 3378 4182 ⁸
3404 4153 3509 4206 ὑπὸ
3530 4155 3635 4224 γὰρ
3658 4153 3818 4207 αὑτοῦ

2243 4241 2338 4295 τοῦ
2370 4241 2534 4312 φόϐου
2562 4241 2708 4310 ἆγιοι
2736 4241 3150 4297 ἀνατελοῦνταιο
3181 4243 3260 4297 διὸ
3282 4243 3533 4300 λέλεκται
3561 4249 3618 4300 ὲν
3652 4247 3820 4318 ἑτέρῳ

2242 4333 2460 4405 ψαλμῷ
2494 4334 2556 4387 '0
2573 4334 2757 4403 φόϐος
2773 4334 2996 4401 Κυρίου
3014 4335 3218 4404 ἁγνὸς,
3239 4337 3358 4390 ἀντὶ
3376 4337 3492 4400 τοῦ,
3515 4339 3817 4408 ἅγνοποιός.

2242 4426 2333 4479 Διὸ
2358 4426 2451 4480 καὶ
2473 4427 2502 4479 6
2521 4424 2671 4489 ,θεῖος
2695 4425 2857 4496 νόμος
2886 4426 3051 4497 φησίν
3069 4443 3081 4456 ·
3112 4421 3302 4496 ’Ἅγιοι
3330 4429 3566 4495 ἔσεσθε,
3597 4432 3684 4485 ὅτι
3706 4432 3821 4501 ἐγὼ

563 4509 704 4564 Deus
738 4520 903 4564 uester
928 4520 1143 4565 sanctus
1175 4527 1292 4565 sum
1318 4510 1382 4565 "’.
1412 4512 1590 4580 Atque
1613 4509 1828 4581 signum
1855 4508 1988 4564 illud
2023 4509 2138 4564 evi-

2255 4519 2453 4587 Κύριος
2486 4520 2520 4572 ὁ
2560 4517 2704 4585 Θεὸς
2739 4516 2906 4587 ὑμῶν
2942 4519 3126 4589 ἅγιος.
3189 4521 3298 4573 Ka‘t
3339 4526 3559 4593 σημεῖον
3593 4525 3687 4577 τοῦ
3724 4543 3822 4593 φο-

564 4602 700 4657 dens
733 4602 896 4658 fuerit
940 4603 1157 4658 timoris
1193 4601 1430 4667 Domini,
1475 4602 1521 4658 si
1565 4602 1689 4674 quis
1727 4617 1757 4656 a
1797 4601 2054 4657 sordibus
2087 4608 2142 4656 et

564 4694 748 4764 pravis
790 4694 1050 4765 operibus
1082 4709 1255 4762 purus
1307 4702 1362 4749 et
1397 4711 1600 4750 vacuus
1655 4694 1860 4760 fuerit,
1911 4708 2140 4763 seseque

567 4793 818 4838 sanctum
858 4771 1090 4856 corpore
1124 4800 1186 4838 ac
1219 4786 1416 4854 spiritu
1443 4786 1762 4840 servaverit.
1795 4784 2138 4840 Timentibus

565 4890 731 4945 porro
756 4875 946 4942 Deum,
981 4876 1074 4946 qui
1108 4891 1201 4945 per
1221 4877 1340 4946 ejus
1368 4884 1570 4931 metum
1607 4877 1781 4932 sancti
1809 4875 2135 4942 eliiciuntur,

566 4967 703 5021 nihil
736 4981 974 5037 unquam
1000 4967 1194 5030 deerit,
1217 4975 1405 5037 utpote
1434 4968 1525 5037 qui
1554 4967 1774 5022 divitias
1811 4982 2036 5039 magnas
2069 4983 2134 5022 ac

565 5058 884 5130 thesaurum
913 5059 1176 5131 optimum
1220 5059 1276 5114 in
1328 5059 1448 5130 ipso
1492 5059 1686 5116 timore
1726 5057 1945 5115 Domini
1977 5075 2130 5131 repe-

563 5150 756 5207 rerint.

1068 5262 1342 5319 D.\.VlDIS
1380 5263 1618 5322 XXXIV.

635 5353 799 5411 Vens.
846 5353 964 5408 1-5.
1000 5353 1218 5421 Judica,
1250 5356 1485 5421 Domine,
1533 5366 1772 5413 nocentes
1822 5373 1922 5425 me,
1959 5373 2128 5428 expu-

561 5467 664 5523 gna
688 5454 1052 5522 impugnantes
1080 5468 1179 5505 me.
1212 5451 1544 5519 Appreltende
1590 5469 1743 5506 arma
1783 5465 1831 5508 et
1871 5464 2125 5507 scutum:

2243 4605 2454 4658 ϐεἰσθαι
2485 4604 2577 4659 τὸν
2607 4606 2811 4677 Κύριον
2845 4605 2990 4659 τοῦτ’
3027 4606 3093 4660 ἂν
3121 4608 3330 4676 γένοιτο
3350 4649 3364 4673 ,
3403 4612 3464 4665 τὸ
3497 4613 3821 4686 καθαρεύειν

2244 4695 2341 4765 μὲν
2368 4694 2547 4767 πάσης
2569 4695 2839 4767 ρυπαρίας
2860 4695 2953 4748 καὶ
2979 4697 3208 4768 αἰσχρᾶς
3230 4698 3480 4770 πράξεως
3498 4743 3512 4766 ,
3532 4702 3820 4770 φυλάττειν

2238 4787 2294 4841 δὲ
2322 4788 2518 4852 αὐτοὺς
2547 4787 2737 4856 ἁγίους
2773 4788 2865 4840 καὶ
2902 4784 3116 4858 σώματι
3145 4789 3239 4842 καὶ
3271 4789 3559 4861 πνεύματι.
3611 4792 3735 4855 Τοῖς
3757 4792 3816 4845 δὲ

2237 4879 2327 4933 τὸν
2379 4879 2583 4952 Κύριον
2617 4877 2969 4949 φοϐουμένοις
2991 4917 3005 4940 ,
3059 4879 3151 4932 καὶ
3180 4879 3268 4933 διὰ
3317 4881 3406 4934 τὸν
3453 4882 3618 4935 αὑτοῦ
3652 4883 3817 4952 φόϐον

2241 4975 2592 5047 ἡγιασμένοις
2615 5015 2629 5038 ,
2687 4975 2837 5028 οὐδὲν
2877 4973 2944 5027 ἂν
2974 4974 3138 5045 δεήσῃ
3186 4974 3260 5038 ὡς
3289 4974 3355 5029 ἂν
3390 4976 3561 5046 μέγαν
3592 4975 3819 5030 πλοῦτον

2238 5069 2333 5121 καὶ
2366 5061 2634 5138 θησαυρὸν
2664 5065 2866 5135 ἀγαθὸν
2888 5065 2946 5119 ὲν
2970 5064 3118 5136 αύτῷ
3145 5065 3222 5137 τῷ
3250 5060 3398 5138 φόϐῳ
3426 5067 3630 5138 Κυρίου
3653 5069 3818 5140 εὑρη⁶

2239 5159 2412 5213 κόσιν.

2752 5264 2890 5321 ΤΟΥ
2927 5263 3123 5320 ΔΔΥῘΔ
3157 5267 3276 5318 AA"

2307 5359 2593 5424 Δίκασον,
2628 5361 2826 5428 Κύριε,
2862 5361 3003 5428 τοὺς
3032 5359 3391 5427 ἀδικοῦντάς
3419 5377 3527 5430 με,
3553 5360 3817 5430 πολέμηδ

2234 5469 2348 5509 σον
2378 5453 2518 5520 τοὺς
2549 5451 2962 5522 πολεμοῦντάς
2988 5471 3083 5522 με.
3124 5454 3444 5508 Ἐπιλαόοῦ
3483 5453 3678 5509 ὅπλου
3712 5457 3811 5509 καὶ

562 5555 611 5599 et
636 5561 858 5616 exsurge
883 5545 938 5598 in
971 5544 1298 5613 adjutorium
1349 5544 1498 5596 mihi.
1531 5543 1754 5613 Eﬂ'unde
1784 5547 2045 5615 frameam
2072 5553 2125 5598 et

2255 5545 2442 5614 θυρεοῦ
2465 5565 2479 5576 '
2517 5547 2615 5601 καὶ
2641 5545 2936 5614 ἀνάστηθι
2974 5548 3062 5612 εὶς
3093 5545 3381 5613 βοήθειάν
3400 5565 3522 5616 μοι.
3556 5548 3815 5617 Ἐκχεον

563 5637 810 5691 conclude
831 5636 1078 5691 adversus
1102 5653 1187 5691 eos
1211 5637 1300 5707 qui
1326 5645 1704 5706 persequuntur
1730 5652 1828 5691 me.
1849 5637 2121 5703 Quoniam

2255 5637 2547 5706 ioygalar,
2571 5635 2669 5691 xui
2700 5637 3072 5707 σύγκλεισον
3099 5635 3449 5702 ἐξεναντίας
3481 5635 3600 5692 τῶν
3629 5627 3813 5691 κὰδ-α·

560 5819 595 5862 -ἱ
640 5789 686 5822 υ
722 5789 850 5862 Sap.
890 5806 996 5858 vn,
1038 5791 1126 5850 15,
1202 5792 1245 5825 ιδ
1287 5789 1435 5848 Psal.
1468 5806 1639 5859 xvnt,
1677 5791 1761 5847 10.
1843 5791 1886 5823 ⁸⁸
1925 5789 2104 5847 Levit.
2143 5805 2220 5858 ιι,
2266 5790 2356 5848 43.

568 5835 782 6114 ι
