3992 6216
317 328 425 388 297

1446 319 1942 385 εοιιιιΕΝΤΑιιιΔ
1981 321 2050 385 ιΝ
2086 320 2209 380 PSA
2218 314 2421 380 LMOS.

314 442 648 499 διωκόντων
671 452 769 514 μει
808 442 962 497 Ἐπεὶ
987 432 1081 497 καί⁹
1098 441 1156 495 ἐν
1184 439 1262 513 τῷ
1292 440 1545 513 ’Ῑεζεκιὴλ
1559 441 1728 495 πολλὰ
1756 443 1865 511 περ

1988 442 2044 497 in
2088 438 2372 495 Ezechiele
2422 436 2588 491 multa
2634 434 2698 493 de
2725 436 2930 492 framea
2965 424 3112 493 dicta
3159 443 3326 503 sunt;
3379 450 3534 502 nam,

312 532 585 605 ῥομφαίας
608 532 853 605 εἴρηταιο
901 531 1186 602 Ῥομφαία
1205 530 1312 602 γὰρ
1330 570 1345 595 ,
1374 531 1506 602 φησὶ
1530 570 1545 595 ,
1586 531 1870 599 ῥομφαία,

310 622 676 695 ἕξετέρθητι,
693 625 792 678 καὶ
807 624 957 694 φάγε
969 619 1110 693 αἷμα
1136 620 1505 691 τραυματιῶν
1522 639 1536 653 ·
1564 622 1656 675 καὶ
1680 622 1867 676 πάλινδ

310 714 401 786 Γῆ
436 716 547 771 ἐὰν
576 714 804 785 ἁμάρτῃ
831 733 952 785 μοι,
988 715 1086 768 καὶ
1113 711 1429 769 ἀποστελῶ
1449 715 1752 782 ῥομφαίαν
1778 713 1871 765 ἐπ’

308 808 530 877 αὑτήν-⁸
554 808 726 862 πάντα
747 807 804 861 δὲ
824 806 993 863 ταῦτα
1006 806 1147 861 κατὰ
1161 806 1258 878 τῆς
1278 810 1336 860 ὲν
1356 805 1660 876 ἀνθρώποις
1677 806 1873 870 κακίας

309 900 603 974 ἐπαφίησιν
619 941 635 967 ,
660 900 735 965 ὡς
752 900 953 972 ἀγαθὸς
970 940 986 966 ,
1018 896 1156 972 πρὸς
1173 898 1437 969 ὠφέλειαν
1466 896 1572 951 τῶν
1594 898 1683 950 ὑπ’
1704 898 1872 969 αὐτῆς

308 991 726 1065 κεκρατημένων
744 1006 759 1023 ο
790 991 911 1045 ἐπεὶ
939 992 1032 1046 καὶ
1060 989 1312 1062 πολέμων
1347 987 1505 1054 σώζει
1554 990 1655 1060 (ί),
1684 988 1871 1062 ὥσπερ

309 1083 491 1158 ἰατρὸς
509 1124 523 1149 ,
551 1085 762 1156 τέμνων
796 1085 890 1140 καὶ
920 1084 1091 1139 καίων
1122 1084 1191 1138 τὰ
1206 1082 1607 1138 πεπονθότατοῦ
1623 1081 1870 1154 σώματος

305 1177 443 1249 πρὸς
459 1175 747 1249 θεραπείαν
776 1177 1001 1241 παντός’
1026 1175 1235 1239 τούτοις
1249 1175 1496 1245 ἐπιφέρει
1520 1173 1690 1242 λέγων
1714 1174 1865 1246 ἐξῆςο

302 1263 493 1323 Εἶπον
525 1267 601 1337 τῇ
626 1267 797 1338 ψυχῇ
823 1286 971 1338 μου’
1013 1268 1278 1336 Σωτηρία
1304 1282 1419 1321 σου
1448 1266 1561 1336 ἐγώ
1588 1269 1731 1337 ειμι·
1783 1285 1871 1321 πι-

303 1360 507 1414 στεύων
538 1361 633 1414 κα⁵ι
658 1361 902 1433 ἀκριϐῶς
929 1359 1290 1430 πεπεισμένος
1315 1397 1330 1422 ,
1365 1359 1447 1412 ὅτι
1493 1359 1554 1412 τὸ
1585 1358 1869 1430 λεγόμενον

302 1452 405 1506 ὑπὸ
432 1452 523 1506 τοῦ
548 1453 681 1507 Θεοῦ
710 1453 810 1507 οὐκ
834 1453 1017 1525 ἀργῶς
1044 1452 1288 1524 πρόεισιν
1307 1492 1321 1515 ,
1356 1452 1469 1505 ἀλλ’
1492 1454 1571 1516 είς
1596 1453 1755 1524 ἔργον
1781 1454 1871 1506 ex.

301 1541 475 1596 ϐαίνει
503 1544 718 1609 πάντως
736 1544 797 1598 τὸ
817 1544 1127 1615 λεγόμενον.
1158 1544 1265 1596 Καὶ
1290 1545 1346 1596 ἐν
1372 1542 1546 1614 τούτῳ
1564 1543 1621 1597 δὲ
1647 1544 1744 1616 τὴν
1773 1544 1869 1615 μέν

300 1633 496 1687 ἑαυτοῦ
529 1634 745 1705 ἠρνεῖτο
779 1635 1049 1706 σωτηρίαν
1066 1672 1081 1696 ,
1105 1634 1199 1687 καὶ
1228 1634 1325 1704 τὴν
1357 1633 1549 1688 ἑαυτοῦ
1581 1627 1868 1707 παρῃτεῖτο

301 1723 480 1796 ζωὴν,
515 1726 611 1797 τὴν
647 1727 706 1781 δὲ
735 1727 831 1781 τοῦ
860 1727 1064 1797 Κυρίου
1097 1726 1365 1798 σωτηρίαν
1395 1729 1460 1797 τῇ
1493 1726 1686 1780 ἐαυτοῦ
1722 1727 1864 1799 ψυχῇ

1981 531 2236 595 Framea,
2269 530 2464 599 inquit,
2500 529 2705 599 framea
2754 529 3032 592 suscitare,
3078 538 3130 583 et
3162 526 3369 582 comede
3403 543 3533 583 sau-

1978 625 2184 696 guinem
2230 621 2621 676 vulneratorum
2653 620 2728 687 “;
2780 634 2845 673 ac
2891 633 3146 675 rursum:
3204 618 3366 675 Terra
3414 633 3534 674 eum

1978 717 2263 787 peccaverit
2294 715 2442 779 mihi,
2470 715 2632 768 etiam
2659 713 2943 766 immittam
2977 713 3231 782 frameam
3260 711 3533 765 contrail-

1979 809 2086 862 tam
2109 808 2183 873 ‘7;
2218 809 2332 861 haec
2362 814 2543 861 autem
2577 806 2755 860 omnia
2782 806 3045 860 adversus
3074 804 3332 859 malitiam
3358 803 3534 858 homie

1976 916 2131 966 num,
2164 907 2349 971 utpote
2376 900 2576 963 bonus,
2609 899 2675 954 ad
2706 899 2994 953 utilitatem
3035 913 3222 953 eorum
3255 897 3399 968 quia
3422 896 3535 951 fra‘

1977 1002 2096 1043 mea
2130 988 2221 1042 illa
2244 995 2600 1058 occupantur,
2634 987 2833 1042 emittit
2867 1006 2881 1042 :
2918 989 3171 1059 quoniam
3202 987 3328 1041 item
3359 1002 3390 1041 a
3418 987 3535 1043 bel-

1977 1079 2045 1135 lis
2074 1087 2252 1135 servat
2282 1087 2335 1134 et
2363 1088 2544 1135 tuetur
2579 1078 2737 1149 quasi
2790 1079 3055 1144 medicus,
3082 1079 3328 1149 corporis
3362 1095 3533 1134 mem-

1975 1167 2071 1223 bra
2107 1169 2248 1224 male
2276 1167 2489 1232 affecta,
2527 1168 2595 1223 ad
2617 1169 2787 1224 totius
2815 1169 3242 1223 incolumitatem
3274 1182 3533 1226 resecari!

1974 1266 2027 1314 et
2056 1259 2328 1327 adurens;
2360 1260 2481 1315 ideo
2510 1260 2566 1314 in
2601 1261 2955 1330 sequentibus
2984 1258 3150 1314 infert
3176 1279 3188 1314 :
3210 1258 3307 1313 Dic
3338 1259 3531 1313 anima:

1974 1367 2102 1406 mea:
2129 1368 2147 1405 :
2180 1350 2339 1407 Salus
2379 1362 2470 1407 tua
2510 1371 2601 1423 ego
2641 1370 2777 1420 sum,
2810 1354 3040 1409 credens
3070 1354 3280 1409 scilicet
3311 1369 3376 1409 ac
3408 1368 3533 1423 per-

1974 1459 2195 1500 suasum
2231 1445 2391 1515 plane
2420 1447 2647 1510 babens,
2677 1445 2897 1503 elfatum
2933 1446 3063 1502 illud
3112 1445 3207 1502 Dei
3245 1461 3354 1502 non
3413 1446 3532 1501 fru-

1975 1542 2088 1591 stra
2113 1536 2380 1605 prolatum
2414 1552 2557 1602 esse,
2585 1536 2681 1593 sed
2701 1554 2865 1607 opere
2892 1552 2956 1594 ac
2993 1555 3051 1595 re
3090 1547 3241 1610 gesta
3285 1555 3533 1610 compro-

1972 1626 2112 1682 bari.
2143 1627 2319 1698 Atque
2347 1643 2409 1683 ea
2443 1630 2661 1700 quidem
2704 1631 2759 1684 in
2804 1646 2865 1686 re
2913 1631 3142 1687 salutem
3180 1647 3340 1702 quam
3372 1648 3438 1687 cx
3471 1648 3533 1688 se

1975 1720 2136 1775 habet
2183 1720 2503 1791 abnegabat,
2546 1724 2825 1794 vitamque
2865 1725 3137 1795 propriam
3184 1724 3528 1795 repudiabat,

301 1815 627 1886 χαρισθῆναι
655 1816 851 1889 ηύχετο
869 1857 885 1883 ,
917 1821 1065 1884 ὅπως
1096 1819 1186 1873 καὶ
1215 1818 1374 1882 αὐτὸς
1406 1818 1517 1889 ἔχοι
1544 1817 1749 1888 λέγειν’
1777 1817 1865 1871 Ζῶ

1972 1825 2036 1866 ac
2063 1808 2280 1866 Domini
2308 1813 2538 1868 salutem
2563 1815 2759 1870 anima:
2778 1815 3015 1873 conferri
3037 1830 3149 1872 suae
3169 1818 3526 1887 precabatur;

302 1906 374 1961 ee
397 1908 595 1963 οὐκέτι
621 1907 735 1981 ἐγὼ
751 1951 766 1976 ,
800 1910 866 1979 ζῇ
890 1910 957 1964 δὲ
983 1912 1052 1965 ἐν
1080 1908 1210 1980 ἐμοὶ
1232 1911 1503 1977 Χριστός.
1555 1904 1727 1974 Αὐτὸς
1756 1909 1864 1983 γάρ

304 1996 452 2051 ἐστιν
475 2000 507 2070 ή
535 2001 775 2085 σωτηρία
806 2000 990 2073 ἡμῶν
1014 1999 1168 2055 τοῦτο
1191 2000 1318 2070 γοῦν
1343 1998 1473 2054 αὐτὸ
1497 2001 1744 2072 σημαίνει
1769 1990 1865 2056 καὶ

304 2088 338 2160 ἠ
364 2088 459 2143 τοῦ
496 2090 667 2162 Ἰησοῦ
701 2090 961 2163 ὀνόματος
988 2091 1269 2166 ἑρμηνεία.
1642 2128 1647 2133 ι

368 2262 883 2335 Αίσχυνθήτωσαν
898 2267 996 2320 καί
1011 2265 1476 2335 ἐντραπήτωσαν
1489 2270 1542 2322 οί
1558 2264 1866 2336 ζητοῦντες

298 2352 414 2422 τὴν
455 2354 666 2423 ψυχήν
700 2368 840 2426 μου.
897 2356 1095 2411 Τούτου
1130 2356 1271 2429 γὰρ,
1310 2357 1474 2429 φησι,
1520 2355 1724 2429 Κύριε,
1761 2343 1866 2410 ύπὸ

298 2444 394 2498 σοῦ
430 2445 721 2516 γενομένου
744 2488 760 2513 ,
811 2442 905 2501 καὶ
951 2444 1354 2511 ἐπακούσαντός
1395 2465 1496 2519 μου
1542 2448 1639 2519 τῆς
1677 2448 1862 2519 εὐχῆς,

296 2536 743 2608 αἰσχυνθήσονται
760 2540 853 2592 καὶ
873 2536 1300 2613 ἐντραπήσονται
1316 2540 1389 2604 ὡς
1409 2542 1582 2611 μάτην
1597 2541 1867 2613 ἐπιχειρή-

301 2645 493 2692 σαντες
512 2646 525 2658 ·
543 2628 624 2682 διὸ
651 2627 745 2683 καὶ¹
776 2631 1044 2703 ἀπέτυχον
1070 2630 1162 2685 τοῦ
1192 2620 1643 2703 σπουδαζομένου.
1693 2632 1861 2685 Ἀπο-

297 2715 828 2786 στραερήτωσανεῑς
849 2718 921 2772 τὰ
936 2721 1127 2773 ὀπίσω
1148 2720 1865 2790 καὶκαταισχυνθήτωσαν

300 2811 356 2861 οί
382 2808 743 2878 λογιζόμενοί
766 2828 865 2880 μοι
889 2812 1061 2866 κακά.
1094 2811 1288 2865 Οὐκέτι
1310 2813 1419 2885 γὰρ
1448 2815 1733 2885 στήσονται
1758 2814 1863 2886 πρὸ

302 2896 590 2969 προσώπου
626 2916 725 2971 μου
743 2915 759 2934 ο
798 2900 942 2955 νῶτα
970 2902 1025 2955 δὲ
1060 2901 1241 2967 δόντες
1279 2904 1731 2977 παραχωρήσουσί
1767 2919 1858 2977 μοι

299 2988 371 3044 τὰ
398 2992 701 3063 νικητήρια.
736 2990 1037 3060 Φεύγοντας
1062 2994 1118 3047 δέ
1148 2992 1340 3058 αὐτοὺς
1366 2999 1460 3050 καὶ
1489 2998 1568 3060 είς
1594 2996 1663 3050 τὰ
1691 2992 1863 3051 ὀπίσω

298 3080 609 3153 χωροῦντας
621 3078 1045 3157 διασκορπισμὸς
1059 3085 1742 3158 λήψεται.Γενηθιὶτωσαν
1755 3089 1863 3160 γὰρ

298 3172 446 3269 ilicei
485 3173 636 3269 χους
672 3174 821 3269 κατὰ
865 3177 1188 3269 πρόσωπον
1218 3177 1439 3269 ἀνέμου
1471 3180 1568 3233 καὶ
1613 3179 1865 3269 ἄγγελος
1892 3214 1934 3269 C

296 3264 518 3331 Κυρίου
545 3266 834 3321 ἐκθλίϐων
864 3268 1117 3336 αὐτοὺς,
1168 3266 1302 3342 μηδέ
1334 3271 1697 3343 συναχθῆναι,
1733 3262 1864 3344 μηδέ

295 3355 727 3430 Μλινδρομῆσαι
766 3361 1090 3433 συγχωρῶν,
1120 3365 1148 3417 ὁ
1183 3364 1229 3417 δ’
1262 3353 1422 3426 αὑτὸς
1446 3360 1749 3434 ἐπιμενέτω
1770 3366 1864 3418 ἐκ-

296 3444 494 3503 θλίὸων
517 3451 741 3517 αὐτοὺς,
770 3453 1015 3508 τουτέστι
1035 3456 1296 3521 κολάζων.
1330 3451 1699 3525 Γενηθήτωή
1727 3455 1865 3520 ὁδὸς

296 3539 494 3595 αὐτῶν
523 3546 742 3611 σκότος
767 3545 865 3599 καὶ
896 3546 1215 3617 ὀλίσθημα,
1244 3547 1342 3602 καί
1372 3548 1623 3619 ἅγγελος
1643 3547 1862 3614 Κυρίου

1971 1908 2032 1956 ut
2072 1901 2189 1972 ipse
2241 1918 2457 1972 quoque
2488 1903 2669 1960 dicere
2712 1915 2898 1975 posset
2951 1924 2965 1961 :
3032 1906 3157 1961 Vivo
3191 1916 3386 1969 autem,
3408 1906 3530 1977 jam

1970 2007 2073 2045 non
2102 2007 2230 2062 ego;
2289 1992 2408 2047 vivit
2443 2009 2561 2048 rem
2584 1994 2636 2047 in
2668 2004 2746 2049 me
2776 1992 3018 2051 Christus
3046 1994 3109 2049 ¹⁸.
3142 1997 3262 2068 Ipse
3294 2010 3530 2067 namque

1969 2090 2051 2139 est
2086 2084 2235 2141 salus
2272 2093 2465 2140 nostra
2498 2104 2512 2140 :
2549 2085 2786 2156 idipsum
2830 2103 2994 2158 porro
3025 2088 3107 2143 vel
3138 2089 3258 2159 ipsa
3289 2090 3528 2144 nominis

1968 2166 2096 2229 Iesu
2119 2174 2518 2245 significatione
2552 2175 2845 2231 indicatur.

2040 2262 2205 2321 Vens.
2259 2265 2377 2322 4-8.
2440 2265 2846 2336 Confundantur
2898 2278 2948 2325 et
2996 2280 3326 2326 revereantur
3378 2287 3525 2342 qua-

1969 2368 2137 2413 rentes
2177 2360 2408 2413 animam
2442 2376 2632 2416 meam.
2679 2360 2776 2416 His
2830 2362 3013 2429 rebus,
3062 2363 3305 2428 Domine,
3359 2364 3440 2419 sic
3492 2379 3526 2420 s

1970 2457 2024 2503 te
2051 2450 2242 2520 gestis,
2283 2459 2566 2522 postquam
2599 2453 3033 2523 deprecationem
3068 2468 3238 2510 meam
3267 2455 3526 2511 exaudie-

1969 2541 2067 2607 ris,
2102 2541 2505 2597 confundentur
2535 2544 2611 2598 illi
2646 2559 2710 2598 ac
2740 2544 2946 2614 pudore
2974 2544 3294 2611 afﬁcientur,
3329 2554 3388 2601 ut
3410 2547 3526 2603 frus

1970 2637 2083 2685 stra
2117 2646 2230 2685 rem
2261 2632 2502 2703 aggressi
2535 2650 2549 2687 :
2584 2634 2934 2703 quamobrem
2965 2649 2995 2687 a
3023 2648 3190 2704 sc0po
3217 2636 3350 2705 lapsi
3374 2645 3523 2692 sunt.

1968 2722 2288 2776 Avertantur
2319 2733 2606 2779 retrorsttm
2634 2734 2685 2780 et
2719 2724 3026 2779 erubescant
3067 2727 3355 2796 cogitantes
3399 2726 3528 2783 mihi

1969 2813 2133 2870 mala.
2164 2812 2282 2870 Non
2300 2815 2440 2870 ultra
2462 2816 2603 2871 enim
2629 2817 2932 2872 consistent
2948 2825 3073 2873 ante
3102 2816 3293 2875 faciem
3314 2835 3523 2875 meam:

1969 2904 2061 2959 sed
2092 2910 2243 2975 terga
2273 2906 2489 2967 dantes.
2522 2907 2715 2962 cedent
2746 2907 2878 2961 mihi
2909 2907 3210 2964 victoriam.
3257 2908 3362 2980 Ipsi
3402 2925 3527 2966 vero

1968 2994 2236 3066 fugientes
2282 3011 2347 3051 ac
2390 3004 2537 3052 retro
2587 2996 2844 3054 cedentes
2875 2997 3312 3069 dissipabuntur.
3360 2998 3525 3055 Fiant

1970 3093 2221 3155 tanquam
2248 3087 2417 3157 pulvis
2469 3096 2586 3141 ante
2620 3087 2811 3157 {aciem
2858 3090 3015 3154 venti,
3052 3099 3102 3144 et
3150 3090 3365 3161 angelus
3418 3090 3523 3147 Dos

1964 3178 2095 3229 mini
2122 3188 2397 3232 coarctuns
2443 3195 2552 3243 eos,
2603 3196 2671 3236 ne
2711 3182 2855 3236 ultra
2908 3183 3030 3238 illos
3080 3182 3400 3255 congregari
3430 3192 3522 3238 aut

1970 3265 2164 3319 reverti
2200 3267 2361 3328 sinat,
2392 3267 2486 3321 sed
2524 3267 2687 3322 instet
2715 3269 2831 3339 ipse
2863 3282 3173 3336 coarctans,
3205 3271 3259 3325 id
3288 3280 3372 3327 est
3419 3288 3523 3343 pu-

1968 3355 2127 3412 niens
2149 3356 2289 3413 illos.
2323 3355 2448 3411 Fiat
2479 3360 2560 3413 via
2588 3359 2803 3414 illorum
2832 3362 3054 3416 tenebrae
3080 3370 3130 3416 et
3162 3361 3442 3427 lubricum,
3471 3371 3521 3420 et

1969 3449 2184 3520 angelus
2222 3448 2438 3504 Domini
2456 3466 2764 3523 persequens
2798 3469 2905 3507 eos.
2940 3451 3094 3507 Viam
3124 3452 3415 3523 impiorum
3445 3455 3522 3510 vio

1967 3547 2078 3594 tam
2112 3552 2333 3610 pravam
2361 3551 2660 3613 nuncupat,
2695 3559 2801 3614 qua
2831 3542 2909 3596 illi
2939 3544 3024 3597 via
3055 3543 3397 3600 incedebant.

295 3633 672 3691 καταδιώκων
688 3636 928 3705 αὐτούς.
959 3632 1329 3695 Ὀδὸνὰσεϐῶν
1343 3641 1434 3694 τὸν
1452 3639 1722 3712 μοχθηρὸν
1745 3639 1858 3710 βίον
1889 3632 2176 3706 ὀνομάζει,
2208 3634 2328 3688 καθ’
2357 3635 2415 3688 ὃν
2446 3635 2542 3707 τὴν
2577 3635 2799 3707 πορείαν
2829 3636 3169 3708 ἐποιήσαντο.

367 3725 495 3779 ὀτι
544 3724 769 3795 δωρεὰν
815 3726 1090 3796 ἕκρυψάν
1114 3746 1214 3797 μοι
1251 3728 1576 3799 διαφθορὰν
1612 3727 1862 3799 παγίδος

296 3816 510 3872 αὐτῶν.
570 3816 707 3871 Ἀνθ’
736 3812 797 3873 οὗ
823 3821 852 3873 ὁ
878 3818 1171 3891 Σύμμαχος
1201 3816 1458 3886 ἐξέδωκεν
1488 3808 1661 3883 οὕτως
1682 3834 1695 3849 ⁶
1733 3820 1862 3872 Ὅτι

296 3908 569 3977 ἀναιτίως
596 3910 978 3981 κατέκρυψάν
995 3930 1096 3981 μοι
1128 3912 1456 3983 διαφθορὰν
1477 3913 1731 3986 δικτύων
1757 3914 1863 3967 αὺ-

295 3998 431 4056 τῶν.
457 4002 638 4073 Μηδὲν
669 4002 777 4074 γὰρ
806 4004 896 4055 ὑπ’
922 4003 1054 4075 ἐμοῦ
1075 4006 1510 4077 προπεπονθότες
1537 4003 1743 4077 δωρεὰν
1768 4005 1863 4058 καὶ

295 4093 550 4158 ἀναιτίως
577 4084 928 4148 ἐπεϐούλευόν
960 4113 1048 4166 μοι
1081 4095 1410 4168 κρύπτοντες
1440 4089 1675 4164 sta-fied,
1709 4090 1863 4168 δι’ἦς

297 4178 418 4256 ἐμοὶ
438 4186 730 4258 διαφθορὰν
754 4176 1169 4251 κατεσκεύαζον.
1195 4189 1256 4241 El
1279 4190 1371 4242 xui
1394 4188 1463 4242 τὰ
1494 4188 1726 4259 μάλιστα
1752 4186 1875 4260 γὰρ¹

297 4277 509 4333 ἐδόκουν
529 4280 594 4334 δι’
614 4279 711 4333 ἀνθ
720 4277 914 4352 ρώπων
934 4286 1000 4350 με
1024 4278 1275 4351 πολεμεῖν
1294 4321 1309 4346 ,
1329 4276 1444 4352 ἦτοι
1463 4281 1548 4334 διὰ
1562 4278 1653 4335 τοῦ
1669 4279 1859 4345 Σαοὺλ,

295 4367 332 4443 ἢ
357 4371 452 4423 κα)⁸
474 4370 537 4423 δι’
560 4370 760 4441 ἐτέρων
778 4410 793 4435 ,
825 4368 939 4424 ἀλλ’
963 4368 1062 4424 οὐκ
1085 4370 1309 4440 ἠγνόουν
1330 4368 1439 4438 ἐγὼ
1458 4370 1555 4440 τῆς
1573 4369 1666 4423 τοῦ
1690 4369 1862 4424 Σαοὺλ

2040 3721 2302 3787 Quoniam
2348 3725 2514 3794 gratis
2554 3724 2937 3778 absconderunt
2985 3724 3113 3777 mihi
3153 3724 3419 3778 interitum
3450 3725 3520 3780 lao

1967 3815 2085 3885 quei
2111 3815 2212 3870 sui.
2240 3813 2346 3868 Pro
2376 3831 2485 3885 quo
2536 3812 2896 3886 Symmachus
2925 3817 3006 3870 sic
3036 3814 3227 3879 edidit,
3258 3816 3523 3879 Quoniam

1966 3911 2078 3959 sine
2111 3922 2273 3959 causa
2308 3904 2688 3960 absconderant
2719 3903 2847 3958 mihi
2871 3904 3142 3958 interitum
3178 3903 3364 3958 retium
3395 3922 3522 3961 suou-

1967 4011 2104 4050 rum.
2134 3994 2294 4050 Nullo
2334 3996 2533 4066 quippe
2566 4011 2596 4050 a
2639 4010 2725 4051 me
2772 3994 2947 4051 allecti
2993 3994 3215 4061 damno,
3265 3996 3434 4065 gratis
3465 4005 3521 4052 et

1966 4087 2085 4143 sine
2128 4103 2295 4144 causa
2348 4087 2749 4143 abscondentes
2795 4088 3068 4158 laqueum,
3120 4086 3522 4145 insidiabantur

1966 4178 2120 4245 mihi,
2161 4195 2270 4250 quo
2311 4179 2442 4233 mihi
2480 4178 2759 4234 interitum
2794 4186 3069 4249 pararent.
3114 4177 3341 4235 Etiamsi
3375 4182 3521 4236 enim

1965 4270 2310 4336 videbantur,
2364 4272 2479 4326 sive
2535 4270 2735 4333 Saulis,
2793 4271 2906 4325 sive
2952 4270 3181 4325 aliorum
3240 4270 3522 4325 hominum

1966 4375 2128 4431 opera
2159 4363 2478 4432 impugnare
2517 4376 2632 4426 me;
2695 4369 2743 4414 at
2790 4376 2897 4414 non
2954 4360 3269 4430 ignorabam
3298 4377 3398 4432 ego
3425 4361 3522 4432 qui

298 4458 624 4531 ζηλοτυπίας
647 4462 770 4525 τοὺς
795 4459 999 4526 αἰτίους
1031 4461 1124 4515 καὶ
1151 4459 1257 4514 τῶν
1285 4459 1482 4513 λοιπῶν
1513 4454 1717 4531 ἐχθρῶν
1736 4458 1861 4522 τοὺς

1968 4450 2116 4505 Sauli
2151 4452 2368 4506 invidia:
2400 4459 2674 4516 auctores,
2703 4460 2758 4506 et
2785 4452 2878 4521 qui
2905 4454 3240 4521 reliquorum
3281 4453 3522 4508 hostium

300 4546 597 4612 ὑποϐολεῖς.
624 4540 641 4561 ’
660 4545 839 4605 Ἀλλοι
869 4550 978 4623 γὰρ
1010 4546 1148 4624 ἦσαν
1178 4552 1227 4605 οἱ
1259 4550 1355 4613 τὰς
1388 4546 1592 4604 ἑαυτῶν
1630 4542 1863 4618 παγίδας

300 4638 631 4714 κρύπτοντες
666 4642 759 4695 καὶ
784 4641 881 4712 τὴν
916 4642 1092 4713 ψυχήν
1128 4657 1227 4714 μου
1256 4640 1560 4712 διαφθεῖραι
1592 4638 1863 4711 πειρώμε-

299 4748 379 4787 νοι
397 4770 413 4797 ,
435 4730 483 4784 οἳ
515 4731 607 4785 καλ⁹
629 4722 828 4800 μάτην
855 4732 1173 4787 ὠνείδισαν
1197 4729 1307 4800 τὴν
1331 4729 1542 4801 ψυχήν
1561 4747 1709 4800 μου’
1744 4729 1859 4784 ἀνθ’

296 4808 356 4880 οὗ
378 4816 406 4873 ὁ
428 4820 718 4892 Σύμμαχος
748 4821 1004 4887 ἐξέδωκεν
1023 4839 1036 4852 ·
1072 4822 1371 4887 ’Λναιτίως
1396 4814 1721 4887 ὑπώρυξαν
1746 4817 1861 4887 τὴν

295 4910 507 4981 ψυχήν
532 4929 668 4979 μου.
719 4911 901 4964 Πάντα
928 4912 1036 4984 γὰρ
1068 4912 1350 4984 ἔπραττον,
1377 4911 1646 4981 ἐκστῆσαι
1673 4909 1854 4980 βουλό-

300 5017 449 5074 μενοι
476 5001 639 5056 αὐτοῦ
661 5003 759 5074 τὴν
785 5002 961 5087 ψυχην
986 5004 1084 5074 τῆς
1107 5004 1515 5075 ἐνυπαρχούσης
1537 4994 1674 5071 αὐτῇ
1699 4999 1859 5072 πραό-

294 5108 456 5163 τητος
487 5093 580 5145 καὶ
605 5091 980 5158 ἀνεξικακίας,
1008 5094 1100 5146 καὶ
1128 5093 1276 5156 ὅπως
1294 5133 1310 5157 ,
1342 5090 1647 5163 πληρωθεὶς
1684 5088 1855 5160 θυμοῦ

295 5182 390 5237 καὶ
421 5182 618 5255 ὀργῆς,
650 5184 742 5237 ἐπὶ
766 5182 865 5255 τὴν
893 5184 1103 5256 ἄμυναν
1133 5183 1309 5244 ἔλθοι,
1345 5183 1437 5237 καὶ
1473 5181 1643 5255 δράσῃ
1675 5199 1727 5236 τι
1754 5198 1855 5235 καί

296 5273 394 5329 κον
417 5275 509 5328 τὸν
537 5267 725 5332 Σαούλ.
776 5273 962 5329 Ταῦτα
996 5276 1096 5347 μὲν
1118 5271 1210 5332 οὖν
1236 5276 1362 5347 ’περλ⁵
1391 5274 1498 5329 τῶν
1531 5272 1740 5329 πολλῶν
1769 5275 1860 5345 ἐχ-

296 5366 440 5438 θρῶν
463 5384 477 5398 ·
536 5368 669 5439 περὶ
689 5366 747 5421 δέ
787 5366 880 5423 τοῦ
928 5368 986 5421 ἐν
1027 5367 1211 5432 αὐτοῖς
1250 5367 1543 5441 κορυφαίου
1582 5365 1853 5435 ἐπιλέγει⁸

309 5455 554 5512 Ἐλθέτω
577 5455 735 5523 αὐτῷ
765 5458 945 5527 παγίς
969 5456 1051 5526 ἢν
1077 5459 1149 5511 οὐ
1176 5456 1451 5527 γινώσκει
1470 5497 1484 5520 ,
1512 5454 1608 5510 καὶ
1640 5457 1678 5525 ή
1708 5455 1858 5523 θήρα

294 5545 378 5616 ἦν
395 5548 621 5617 ἔκρυψε
640 5550 988 5605 συλλαϐἐτω
1007 5549 1211 5616 αὐτὸν,
1236 5549 1331 5603 καί
1352 5549 1423 5603 ἐν
1447 5544 1519 5617 τῇ
1541 5547 1739 5617 atarth
1759 5560 1859 5602 ετεά

366 5687 413 5721 ’⁸
448 5687 645 5743 Ezech.
677 5702 793 5753 nt,
825 5688 880 5744 9.
958 5689 999 5721 ¹⁷
1040 5684 1204 5744 Zacb.
1239 5703 1364 5754 xm,
1398 5685 1448 5743 7.

1524 5686 1566 5719 η
1603 5687 1722 5741 Gal.
1760 5702 1822 5752 ιι,
1854 5684 1944 5743 20.

1965 4543 2167 4596 occulti
2196 4542 2526 4611 impulsores
2557 4549 2764 4598 essent.
2797 4542 2904 4596 Alii
2950 4556 3185 4606 namque
3225 4552 3381 4600 erant
3426 4545 3520 4615 qui

1963 4631 2188 4702 laqueos
2231 4631 2650 4700 absconderent,
2706 4641 2762 4688 et
2809 4633 3042 4689 animam
3090 4636 3315 4707 perdere
3343 4649 3520 4689 meam

1963 4724 2304 4788 molirentur,
2351 4725 2445 4795 qui
2491 4724 2652 4780 etiam
2705 4740 3018 4795 supervacue
3072 4732 3519 4796 exprobrauerunt

1963 4815 2191 4868 animam
2224 4833 2392 4870 meam
2420 4831 2439 4870 :
2474 4832 2571 4887 pro
2602 4832 2711 4888 quo
2753 4816 3113 4890 Symmachus
3162 4819 3353 4884 edidit,
3406 4820 3520 4876 sine

1961 4921 2123 4960 causa
2147 4906 2474 4977 su/i'oderunt
2516 4909 2749 4963 animam
2781 4925 2968 4964 meam.
3004 4909 3147 4978 Nihil
3175 4912 3376 4983 quippe
3409 4926 3519 4966 non

1960 4999 2210 5070 agebant,
2249 5008 2304 5054 ut
2352 5001 2587 5055 animam
2621 5001 2740 5071 ejus
2775 5003 2843 5057 ab
2875 5002 3039 5059 insita
3076 5002 3170 5058 illa
3201 5010 3520 5058 mansuetu-

1960 5088 2087 5145 dine
2125 5098 2179 5146 et
2231 5090 2555 5161 injuriarum
2589 5091 2863 5148 oblivione
2893 5093 3265 5158 deturbarent,
3293 5107 3403 5165 quo
3434 5093 3517 5147 ira

1956 5180 2247 5252 furoreque
2267 5184 2459 5253 plenus
2484 5183 2548 5238 ad
2583 5183 2877 5240 vindictam
2911 5201 2970 5240 se
3002 5193 3259 5250 verteret,
3281 5194 3334 5240 et
3360 5182 3512 5239 Sauli

1955 5274 2231 5345 quidpiam
2263 5276 2393 5330 mali
2415 5275 2659 5333 inferret.
2706 5276 2835 5335 Haec
2863 5278 2930 5334 de
2954 5279 3138 5334 multis
3168 5268 3401 5333 inimicis
3429 5273 3514 5327 ὁὶ-

1955 5370 2041 5418 cta
2077 5382 2091 5419 :
2127 5365 2195 5421 de
2226 5365 2441 5421 illorum
2486 5375 2667 5424 autem
2704 5369 2947 5440 principe
2993 5369 3107 5423 haec
3152 5365 3374 5436 adjicit:
3416 5361 3512 5415 Ve-

1956 5455 2068 5509 niat
2094 5455 2177 5509 illi
2211 5455 2423 5528 laqueus
2454 5474 2605 5529 quem
2635 5446 2867 5531 ignorat,
2919 5466 2969 5514 et
2997 5457 3171 5525 captio
3198 5469 3350 5524 quam
3386 5449 3510 5505 abs-

1956 5547 2131 5603 condit
2163 5550 2513 5619 apprehendat
2548 5568 2687 5620 eum,
2716 5564 2766 5608 et
2796 5555 2851 5607 in
2884 5552 3126 5622 laqueum
3163 5554 3319 5602 cadat
3348 5544 3401 5600 in
3423 5548 3506 5616 lp-

365 5779 445 5853 (l)
471 5780 604 5849 Quis
630 5796 744 5837 non
764 5782 911 5851 videt
932 5783 1215 5854 legendum
1240 5797 1363 5839 esse
1392 5782 1656 5854 πολεμῶν,
1672 5776 1966 5855 Latineque
1995 5782 2332 5841 reddendum
2366 5801 2380 5840 :
2415 5784 2576 5841 etiam
2615 5785 2929 5853 impugnans
2961 5779 3130 5834 salvat
3148 5781 3175 5833 7

619 5876 891 5939 Ριτιιοι..
937 5877 1052 5939 Gn.
1099 5876 1334 5942 XXIII.

3115 5873 3191 5933 10
