3980 6214
511 293 616 350 τοι

1185 293 1451 349 EUSEBII
1482 287 1960 346 CESARIENSIS
1991 285 2140 344 OPP.
2174 287 2350 346 PARS
2387 292 2474 350 Ill.
2505 325 2575 335 —
2611 293 3014 351 EXEGETICA.

3625 293 3735 352 σου

512 425 648 464 tum.
682 406 804 464 Haec
856 411 1013 481 quasi
1063 411 1336 482 precando
1365 426 1395 465 a
1424 411 1627 468 Davide
1656 411 1886 482 prolata,
1922 410 2057 464 futu-

2170 411 2356 466 σεῒται
2388 414 2458 467 ἐν
2481 414 2655 484 αὐτῇ.
2707 414 2890 468 Ταῦτα
2917 413 2973 467 δὲ
3001 412 3188 484 ῶσπερ
3217 411 3274 464 ἐν
3298 412 3428 483 εὐχῇ
3459 411 3538 483 τῷ
3569 411 3735 465 Δαυῖδ

511 515 694 556 eorum
745 502 1046 571 praenuntia
1098 511 1276 570 erant,
1334 511 1387 559 et
1442 520 1562 575 quae
1608 510 1867 560 eventura
1911 509 2068 558 erant

511 592 1220 664 prephelice'declarabant.
1251 593 1625 668 Similiterque
1657 595 1908 666 superius
1941 610 2068 666 pro-

509 686 720 758 phetice
752 686 958 741 dictum
989 695 1102 744 est:
1141 687 1467 744 Erubescant
1497 688 1987 759 ethonfundantur,
2012 688 2066 742 id

504 783 608 841 est,
639 775 962 832 erubescent
991 786 1047 834 et
1077 778 1480 834 confundentur
1499 783 1602 849 ;,’ac
1629 797 1848 837 rursum
1872 781 2065 837 :Aver-

505 876 685 922 tantur
709 877 770 922 et-
787 868 1200 937 confundantur,
1227 881 1277 926 et
1311 872 1445 941 ﬁant
1471 882 1720 944 tanquam
1742 872 1932 942 pulvis,
1963 874 2067 930 hoc

503 968 949 1025 est,~avertentur
980 971 1035 1018 et
1078 962 1500 1030 confundentur,
1536 975 1591 1021 et
1643 965 1772 1021 ﬁent
1804 974 2065 1037 tanquam

501 1053 699 1124 pulvis.
725 1053 862 1108 Nam
891 1069 1011 1127 qua:
1037 1055 1272 1111 inimicis
1299 1067 1560 1115 eventura
1610 1067 1766 1114 erant
1811 1075 2067 1131 praenun-

499 1144 693 1204 tiabat.
731 1145 848 1200 Erit
899 1148 991 1218 qui
1037 1148 1356 1214 arbitretur,
1405 1151 1474 1206 de
1521 1148 1685 1208 Saule
1710 1152 1823 1207 haec
1854 1154 2064 1223 prolata

502 1254 644 1305 esse,
679 1239 809 1311 quia
841 1239 984 1295 haud
1025 1239 1119 1295 diu
1153 1248 1342 1311 postea
1375 1242 1480 1298 hoc
1519 1243 1621 1314 ipsi
1655 1245 1781 1299 mali
1815 1248 2062 1318 contigit.

503 1336 572 1388 At
598 1350 697 1389 nos
723 1349 911 1390 eorum
942 1350 1063 1405 qua:
1095 1334 1257 1390 initio
1281 1337 1475 1407 psalmi
1506 1335 1650 1392 dicta
1681 1348 1807 1394 sunt
1858 1357 2066 1396 memo-

503 1447 613 1494 res,
643 1429 756 1484 haec
779 1429 896 1500 ipsa
921 1427 987 1484 de
1015 1429 1250 1499 quodam
1284 1444 1350 1485 ex
1395 1428 1774 1500 spiritualibus
1803 1431 2062 1501 inimicis,

501 1522 594 1594 qui
628 1523 682 1577 in
715 1521 918 1576 malitia
949 1521 1216 1591 valentior
1238 1530 1407 1589 esset,
1440 1523 1694 1579 nimirum
1727 1523 1795 1582 de
1823 1525 2060 1594 diabolo,

504 1615 558 1671 id
589 1615 793 1670 dictum
827 1615 1174 1686 accipiemus.

572 1799 736 1856 Vens.
768 1800 822 1862 9.
860 1801 946 1857 10.
989 1799 1180 1856 Omnia
1219 1815 1339 1855 ossa
1375 1817 1489 1856 mea
1545 1803 1719 1857 dicent
1750 1821 1768 1858 :
1817 1804 2058 1871 Domine,

497 1894 613 1963 quis
639 1894 830 1948 similis
862 1894 1000 1949 tibi?
1035 1893 1276 1964 Eripiens
1325 1897 1528 1965 inopem
1566 1897 1629 1951 de
1672 1912 1830 1951 manu
1871 1897 2063 1968 fortia-

500 2003 619 2040 rum
655 2003 738 2050 eo,
777 2003 992 2057 egenum
1036 1998 1088 2040 et
1137 2000 1418 2057 pauperem
1454 2007 1488 2043 a
1535 1989 1898 2058 diripientibus
1920 2005 2058 2047 eum.

499 2076 638 2133 Ossa
671 2079 864 2132 anima:
893 2086 1022 2133 sunt
1055 2078 1288 2135 virtutes
1318 2079 1441 2150 ejus
1472 2081 1829 2153 intelligendi,
1862 2084 1938 2136 uti
1969 2098 2063 2137 su-

500 2169 684 2240 perius
716 2169 920 2224 dictum
946 2178 1050 2226 est.
1104 2170 1238 2242 Ipsae
1267 2188 1396 2229 vero
1427 2178 1546 2244 ejus
1597 2177 1886 2245 prtesentia
1937 2176 2064 2230 illu-

497 2268 701 2325 stratas,
734 2260 918 2316 dicent
950 2280 965 2317 :
993 2262 1232 2330 Domine,
1260 2267 1376 2336 quis
1400 2267 1589 2320 similis
1614 2268 1706 2320 tibi
1728 2271 1752 2324 ?
1772 2267 1885 2323 Nisi
1916 2269 2060 2324 enim

495 2362 553 2405 ιιι
586 2366 758 2422 egeno
790 2352 1080 2420 adfuisses,
1114 2356 1220 2412 nisi
1244 2357 1424 2428 ipsum
1452 2359 1656 2414 auxilio
1685 2358 1941 2431 dignatus
1971 2376 2060 2417 es-

494 2457 585 2497 ses
654 2449 769 2506 tuo,
817 2443 978 2514 quis,
1034 2461 1259 2515 quaeso,
1306 2455 1652 2519 quantusque
1709 2449 1798 2505 ille
1860 2450 2060 2516 homo,

493 2533 586 2603 qui
625 2535 774 2590 solus
820 2545 898 2590 tot
942 2536 1220 2608 tantisque
1265 2539 1505 2596 inimicis
1547 2540 1785 2595 conferri
1834 2543 2062 2612 posset?

491 2627 537 2680 A
567 2627 712 2680 nuda
741 2635 796 2682 et
829 2629 1063 2699 simplici
1091 2646 1272 2685 rerum
1303 2632 1533 2689 historia
1567 2633 1699 2688 dicti
1733 2637 2058 2690 sententiam

491 2719 781 2790 percipies,
813 2721 859 2776 si
910 2723 1172 2778 memoria
1221 2732 1456 2795 repetas,
1520 2741 1630 2796 quo
1681 2736 1841 2795 pacto
1890 2725 2060 2781 David

488 2811 620 2865 dum
658 2812 884 2884 fugeret,
938 2814 1004 2868 ad
1039 2822 1247 2868 tantam
1301 2817 1538 2886 inopiam
1572 2816 1829 2872 redactus
1863 2825 1968 2883 est,
2001 2827 2060 2874 ut

489 2920 631 2975 pane
662 2921 728 2960 ac
757 2907 1087 2964 necessariis
1125 2910 1398 2964 alimentis
1429 2916 1678 2975 careret;
1721 2923 1786 2965 ac
1816 2911 2060 2966 neCessi-

490 3007 604 3054 tate
631 3005 856 3054 coactus
897 3015 1066 3070 panes
1113 3000 1503 3070 propositionis
1552 3001 1838 3057 comedere
1890 3003 2058 3057 aude-

2167 508 2427 578 εἰρημένα
2454 507 2750 579 μελλόντων
2767 503 2834 579 ἦν
2856 505 3286 578 προαγορευτικὰ
3305 545 3319 570 ,
3343 506 3436 558 καὶ
3457 504 3733 576 συμϐησο-

2171 601 2344 670 μένων
2377 601 2705 672 προφητικὼ
2740 599 2894 654 Οῦτω
2923 599 3051 668 γοῦν
3079 599 3171 653 καὶ
3195 598 3445 669 ἀνωτέρω
3471 614 3739 668 προφητι-

2169 693 2278 758 κῶς
2303 693 2518 763 ἐλέγετο
2537 712 2549 724 ·
2581 691 3093 763 Αἰσχυνθήτωσαν
3113 691 3211 745 καὶ
3243 689 3736 759 ἐντραπήτωσαν,

2167 787 2288 840 ἀντὶ
2317 785 2406 838 τοῦ
2423 825 2437 849 ,
2466 785 2886 857 Αίχυνθήσονται
2909 784 3002 838 καὶ
3027 783 3484 853 ἐντραπήσονται-ο
3509 782 3601 835 καὶ
3625 781 3739 836 πά·-

2167 877 2266 930 λινο
2286 879 2866 948 Ἀποστραερήτωσαν
2875 876 2972 931 καὶ
2985 875 3613 944 καταισχυνθήτωσαν,
3631 874 3738 929 καὶ

2167 971 2590 1042 τενηθήτωσαν
2614 972 2694 1037 ὡς
2717 970 2882 1041 χοῦς,
2919 970 3039 1025 ἀντὶ
3074 967 3168 1022 τοῦ
3187 985 3200 997 ·
3270 968 3739 1038 Ἀποστραφήσον-

2165 1081 2256 1119 ται
2288 1065 2383 1119 καὶ
2411 1063 2854 1136 αἰσχυνθήσονται
2906 1066 3000 1120 καὶ
3029 1064 3344 1136 γενήσονται
3371 1060 3446 1124 ώς
3468 1060 3614 1131 χοῦς.
3649 1061 3739 1116 Τὰ

2166 1153 2274 1224 γὰρ
2303 1153 2582 1225 μέλλονται
2613 1153 2978 1226 συμϐήσεσθαι
3001 1156 3110 1217 τοῖς
3136 1151 3346 1224 ἐχθροῖς
3370 1149 3531 1205 αὑτοῦ
3553 1167 3736 1221 προη-

2165 1247 2406 1318 γόρευεν.
2494 1248 2603 1300 Καὶ
2639 1249 2667 1299 ὁ
2709 1247 2804 1317 μὲν
2837 1245 2945 1318 γὰρ
2977 1247 3238 1316 ἡγήσεται
3277 1244 3404 1316 περὶ
3433 1243 3524 1297 τοῦ
3561 1243 3740 1297 Σαοὺλ

2165 1340 2412 1412 εἰρῆσθαι
2441 1340 2536 1412 τὴν
2566 1340 2927 1413 προκειμένην
2963 1341 3150 1412 ρῆσιψ
3197 1340 3318 1392 ἐπεὶ
3349 1339 3440 1392 κα)⁸
3465 1336 3744 1391 πέπονθεν

2164 1434 2262 1486 οὐκ
2279 1436 2356 1496 είς
2378 1433 2594 1505 μακρὰν
2612 1432 2783 1485 ταῦτα
2801 1449 2814 1461 ο
2839 1434 2998 1502 ἡμεῖς
3016 1431 3092 1492 δέ.
3122 1448 3186 1501 με
3195 1448 3296 1501 μνη
3306 1429 3453 1501 μένοι
3475 1429 3581 1482 τῶν
3605 1445 3738 1500 προ-

2165 1526 2500 1597 λελεγμένων
2526 1527 2605 1589 είς
2632 1526 2729 1596 τὴν
2752 1524 2923 1596 ἀρχὴν
2946 1523 3037 1577 τοῦ
3067 1523 3279 1595 ψαλμοῦ
3299 1563 3313 1587 ,
3344 1523 3437 1577 καὶ
3459 1523 3630 1576 ταῦτα
3649 1523 3735 1585 εἰς

2165 1620 2259 1674 ἕνα
2288 1619 2408 1673 τινὰ
2439 1619 2548 1673 τῶν
2575 1618 2778 1690 νοητῶν
2813 1617 3020 1689 ἐχθρῶν
3051 1617 3142 1669 τὸν
3181 1618 3255 1680 ὼς
3287 1616 3346 1669 ἐν
3374 1616 3540 1687 κακίᾳ
3569 1615 3741 1670 δυνα-

2091 1745 2141 1809 Β
2169 1713 2428 1785 τώτερον,
2457 1711 2654 1784 δηλαδὴ
2683 1711 2774 1764 τὸν
2796 1709 3038 1764 διάὸολον
3059 1748 3076 1774 ,
3106 1707 3469 1809 ἐκληψόμεθα.

2239 1806 2442 1862 Πάντα
2470 1804 2541 1858 τὰ
2569 1805 2720 1859 ὀστᾶ
2743 1822 2861 1874 μου
2889 1804 3092 1872 ἐροῦσι
3112 1820 3125 1833 °
3161 1803 3333 1869 Κύριε
3351 1842 3366 1866 ,
3394 1801 3485 1867 τίς
3530 1800 3738 1869 ὅμοιός

2165 1914 2298 1963 σοι;
2359 1899 2676 1967 Ῥυόμενος
2720 1893 2957 1964 πτωχὸν
2996 1895 3063 1947 ἐκ
3100 1891 3294 1962 χειρός
3328 1889 3746 1959 στερεωτέρων

2164 1990 2350 2045 αὑτοῦ
2371 2031 2384 2054 ,
2434 1989 2530 2043 καὶ
2560 1986 2797 2056 πτωχὸν
2825 1987 2918 2040 καὶ
2952 1985 3178 2053 πένητα
3200 1984 3316 2040 ἀπὸ
3342 1983 3458 2037 τῶν
3481 1983 3736 2052 διαρπα-

2165 2082 2380 2142 ζόντων
2413 2082 2616 2134 αὐτόν.
2685 2080 2846 2132 Ὀστᾶ
2891 2079 3064 2148 ψυχῆς
3105 2079 3158 2131 αἱ
3187 2076 3521 2147 διανοητικαὶ
3558 2073 3744 2144 αὐτῆς

2163 2175 2414 2246 δυνάμεις
2430 2175 2505 2236 ώς
2527 2171 2830 2243 ἔμπροσθεν
2847 2169 3057 2241 εἴρηται
3073 2187 3084 2198 ·
3110 2168 3470 2239 φωτιζόμεναι
3491 2167 3548 2220 δέ
3567 2160 3734 2221 αὗται

2164 2271 2227 2321 ἐκ
2254 2269 2352 2339 τῆς
2374 2266 2535 2320 αὐτοῦ
2557 2265 2874 2337 παρουσίας,
2904 2263 3133 2334 φήσουσι
3153 2278 3167 2292 ⁸
3193 2263 3388 2330 Κύριε,
3417 2261 3508 2326 τίς
3531 2259 3735 2329 ὅμοιός

2162 2376 2292 2422 om;
2319 2359 2380 2414 Et
2411 2358 2483 2429 μὴ
2503 2357 2610 2428 γὰρ
2634 2358 2695 2409 σὺ
2719 2357 2896 2426 παρῇς
2920 2353 2997 2425 τῷ
3012 2353 3210 2425 πτωχῷ
3227 2396 3241 2420 ,
3269 2353 3363 2406 καὶ
3389 2351 3746 2423 κατηξίωσας

2162 2451 2319 2504 αὑτὸν
2343 2451 2440 2520 τῆς
2462 2449 2612 2519 παρὰ
2641 2446 2732 2500 σοῦ
2758 2446 3031 2518 βοηθείας,
3063 2446 3143 2508 τίς
3168 2445 3232 2498 ἂν
3254 2445 3346 2498 κα)⁸
3375 2445 3534 2508 πόσος
3567 2443 3734 2514 μόνος

2161 2542 2322 2605 αὐτὸς
2363 2540 2781 2612 συγκρινόμενος
2819 2543 2930 2603 τοῖς
2971 2537 3240 2600 τοσούτοις
3272 2537 3364 2590 καὶ
3395 2537 3735 2606 τηλικούτοις

2161 2634 2323 2689 αὐτοῦ
2358 2634 2600 2706 ἐχθροῖς;
2657 2634 2886 2702 Νοήσεις
2918 2632 2972 2684 δέ
3009 2633 3102 2684 καὶ
3141 2630 3248 2683 ἀπὸ
3272 2629 3434 2698 ψιλῆς
3459 2629 3556 2699 τῆς
3585 2630 3737 2681 ίστοο

2162 2727 2283 2797 ρίας
2313 2725 2402 2779 τὺν
2428 2725 2581 2794 λόγον
2599 2765 2614 2788 ,
2641 2727 2696 2778 ἐν
2731 2724 2804 2794 νῷ
2829 2723 3007 2777 λαΰὼν
3025 2764 3040 2786 ,
3073 2723 3146 2786 ώς
3172 2722 3385 2792 φεύγων
3409 2723 3437 2773 ό
3461 2719 3620 2773 Δαυῖδ
3640 2723 3737 2784 είς

2159 2819 2425 2890 τοσαύτην
2467 2819 2662 2890 ἤλαυνε
2714 2810 3020 2887 πτωχείαν,
3069 2815 3207 2868 ὥστε
3263 2815 3440 2886 ἄρτων
3485 2813 3580 2866 καὶ⁵
3622 2813 3733 2884 τῆς

2159 2911 2457 2980 ἀναγκαίας
2487 2909 2693 2982 τροφῆς
2723 2909 3008 2981 δεηθῆναι,
3071 2912 3149 2974 είς
3183 2910 3426 2980 ἀνάγκην
3460 2926 3518 2961 τε
3553 2907 3724 2961 ἐλθεῖι

2158 3003 2252 3056 τοῦ
2277 3002 2541 3073 τολμῆσαι
2569 3001 2676 3054 τῶν
2704 3001 2880 3073 ἄρτων
2909 2997 3007 3070 τῆς
3041 3000 3347 3070 προθέσεως
3383 2998 3728 3070 μεταλαϐεῖν.

495 3098 597 3146 ret.
631 3090 748 3145 Non
767 3091 908 3146 enim
935 3091 1253 3147 deliciarum
1283 3107 1472 3159 causa,
1501 3108 1609 3147 non
1629 3093 1696 3148 de
1721 3092 1935 3162 justitia
1957 3101 2055 3148 sua

2163 3097 2235 3150 Οὐ
2275 3096 2384 3168 γὰρ
2415 3095 2630 3166 τρυφῶν
2664 3095 2754 3147 ἐπὶ
2785 3093 2924 3147 τοῦτ’
2955 3095 3178 3166 ἤρχετο,
3227 3094 3334 3147 οὐδ’
3369 3093 3732 3164 ἐπαιρόμενος

491 3185 690 3250 elatus,
734 3200 842 3240 non
871 3185 1130 3256 despectu
1170 3185 1350 3256 legum
1382 3185 1436 3240 id
1489 3201 1780 3256 aggressus
1808 3194 1924 3252 est;
1961 3184 2053 3240 sed

2163 3188 2505 3262 δικαιοσύνῃ,
2536 3187 2644 3241 οὐδ’
2671 3187 2844 3251 ἄλλως
2881 3187 3231 3257 καταφρονῶν
3263 3187 3356 3241 τοῦ
3381 3186 3578 3256 νόμου,
3612 3181 3728 3239 ἀλλ’

490 3293 558 3332 ex
590 3293 786 3346 magna
833 3279 1080 3332 ciborum
1115 3279 1366 3349 penuria.
1399 3277 1764 3345 Quamobrem
1810 3277 2057 3334 Salvator

2163 3277 2224 3331 ἐκ
2260 3277 2458 3349 πολλῆς
2491 3279 2719 3342 ἀσιτίας.
2773 3277 2863 3330 Διό
2896 3295 3059 3348 φησιν
3091 3281 3119 3330 ό
3152 3279 3372 3349 Σωτήρ·
3432 3279 3554 3331 Οὺκ
3587 3276 3730 3331 ἀνέ-

490 3369 566 3423 ait
597 3385 612 3422 :
653 3368 772 3423 Non
804 3370 1000 3440 legistis
1051 3370 1176 3440 quid
1209 3369 1388 3438 fecerit
1441 3368 1634 3435 David,
1688 3369 1900 3440 quando
1932 3386 2054 3424 esu-

2163 3379 2344 3440 γνωτε
2375 3371 2430 3423 τί
2453 3371 2699 3438 ἐποίησε
2721 3368 2900 3424 Δαυῖδ
2917 3410 2930 3433 ,
2964 3369 3060 3423 ὅτε
3087 3370 3404 3433 ἐπείνασε;
3431 3369 3540 3422 Καὶ
3566 3368 3733 3434 αὐτὸς

489 3464 581 3517 riit
615 3463 693 3516 "‘2
721 3462 839 3533 lpse
873 3462 1092 3532 quidem
1123 3477 1328 3533 egenus
1365 3471 1484 3517 erat
1539 3479 1662 3517 eum
1714 3463 1906 3533 paucis
1967 3461 2053 3516 fu-

2163 3463 2261 3533 μὲν
2292 3458 2359 3532 ἦν
2393 3462 2607 3532 πτωχὸς
2643 3462 2741 3515 σῦν
2771 3461 2970 3530 ὀλίγοις
2993 3461 3232 3532 φεύγωνο
3263 3464 3311 3515 οἱ
3341 3461 3383 3514 δ’
3414 3460 3732 3524 ἐλαύνοντες

490 3557 645 3626 gicns
684 3576 698 3612 :
731 3558 824 3628 qui
850 3573 979 3614 vero
1011 3557 1442 3630 insequebantur
1471 3573 1593 3613 eum
1633 3558 1932 3628 praevalidi,
1975 3558 2058 3629 ip-

491 3662 658 3718 seque
690 3644 821 3701 Saul
853 3656 970 3702 erat
1027 3663 1118 3702 rex
1171 3648 1340 3702 totius
1388 3648 1589 3718 gentis,
1645 3662 1708 3701 ac
1756 3647 2053 3718 principes,

489 3739 610 3810 ejus
639 3741 870 3795 comites
898 3759 912 3793 :
939 3753 1152 3795 necnon
1179 3740 1607 3809 alienigenarum
1633 3741 1862 3795 militum
1887 3741 2057 3796 duces

491 3830 698 3885 Davidc
727 3831 1083 3900 potentiores,
1117 3846 1351 3900 quorum
1396 3848 1594 3888 manus
1624 3848 1747 3888 eum
1775 3833 2054 3903 eﬂ'ugeret,

489 3936 598 3974 non
631 3921 914 3991 ignorabat
945 3919 1068 3991 quis
1118 3922 1223 3976 sibi
1277 3923 1570 3977 auxiliator
1614 3931 1781 3982 esset.
1832 3923 1898 3978 Et
1945 3925 2056 3978 haec

489 4013 710 4085 quidem
751 4011 817 4067 de
855 4013 1084 4069 historia
1131 4013 1280 4069 dicta
1334 4014 1466 4068 sint.
1511 4013 1662 4081 Quod
1725 4017 1772 4070 si
1809 4017 2055 4071 occultos

489 4112 654 4178 atque
682 4105 986 4161 invisibiles
1019 4107 1214 4160 animae
1260 4106 1394 4178 justi
1449 4107 1701 4163 inimicos
1747 4109 2052 4180 intelligas;

2159 3550 2319 3606 αὑτὸν
2351 3551 2590 3604 δυνατοί·
2652 3550 2901 3621 βασιλεὺς
2937 3551 3043 3622 γὰρ
3079 3545 3146 3622 ἦν
3183 3550 3275 3604 τοῦ
3310 3550 3510 3614 παντὸς
3541 3549 3732 3612 ἔθνους

2158 3641 2328 3695 Σαοὺλ
2348 3681 2362 3705 ,
2395 3645 2491 3695 παὶ
2522 3643 2569 3695 οἱ
2603 3644 2718 3712 μετ’
2751 3640 2914 3695 αὐτοῦ
2947 3642 3232 3714 ἄρχοντες·
3266 3641 3321 3694 οἵ
3347 3658 3404 3693 τε
3433 3640 3542 3694 τῶν
3573 3639 3733 3694 ἀλλο-

2159 3735 2338 3804 φύλων
2367 3735 2638 3806 πολεμίων
2673 3734 3044 3805 καθηγεμόνες
3073 3733 3422 3806 στερεώτεροι
3456 3733 3607 3796 ὄντες
3632 3731 3730 3786 τοῦ

2157 3827 2348 3894 Δαυῖδ,
2382 3821 2457 3880 ὧν
2486 3827 2584 3891 τὰς
2612 3830 2798 3899 χεῖρας
2825 3827 3240 3899 διαδιδράσκων,
3289 3828 3386 3880 οὐκ
3418 3825 3602 3896 ἠγνόει
3634 3827 3730 3879 τὸν

2158 3920 2320 3974 αὑτοῦ
2348 3919 2560 3990 βοηθόν.
2611 3922 2720 3974 Καὶ
2743 3920 2914 3974 ταῦτα
2950 3921 3047 3991 μὲν
3080 3920 3212 3991 πρὸς
3241 3918 3338 3990 τὴν
3375 3919 3629 3988 ἱστορίαν·
3681 3921 3730 3972 εἰ

2156 4013 2214 4066 δὲ
2233 4013 2358 4077 τοῦς
2385 4014 2609 4081 ἀφανεῖς
2631 4013 2724 4066 καὶ
2748 4013 3012 4084 ἁοράτους
3033 4013 3259 4084 ἐχθροὺς
3282 4012 3378 4082 τῆς
3399 4010 3491 4064 τοῦ
3516 4011 3729 4064 δικαίου

2155 4106 2330 4177 ψυχῆς
2362 4107 2641 4176 νοήσειας,
2675 4105 2823 4174 ὄψει,
2857 4105 2932 4168 ώς
2956 4103 3061 4159 οὐδ’
3088 4103 3246 4159 ἄλλου
3274 4102 3466 4174 βοηθοῦ
3495 4101 3731 4174 δεόμεθα

490 4213 624 4254 sane
655 4197 1076 4265 animadvertes,
1111 4214 1211 4256 nes
1258 4201 1312 4255 in
1349 4201 1466 4256 acie
1499 4200 1760 4257 adversus
1804 4202 2055 4259 inimicos

2163 4204 2251 4255 καὶ
2286 4202 2535 4272 Σωτῆρος
2567 4201 2600 4270 ἢ
2638 4198 2732 4252 τοῦ
2765 4197 2998 4270 Χριστοῦ
3027 4197 3188 4250 αὐτοῦ
3229 4199 3286 4249 ἐν
3319 4200 3383 4267 τῇ
3425 4196 3731 4267 παρατάξει

489 4294 647 4358 istos,
683 4294 777 4364 qui
800 4294 1036 4349 animam
1070 4310 1284 4366 semper
1309 4304 1557 4352 nostram
1587 4295 1901 4366 depraedare
1939 4303 2056 4352 ten-

2163 4297 2220 4366 τῇ
2245 4294 2379 4367 πρὸς
2401 4294 2523 4358 τοὺς
2539 4293 2760 4364 νοητοὺς
2779 4291 3085 4362 πολεμίους,
3106 4291 3232 4352 τοὺς
3250 4288 3344 4360 τὴν
3364 4288 3538 4358 ψυχὴν
3559 4286 3728 4340 αὑτοῦ

490 4394 628 4453 tant,
677 4389 828 4443 nullo
873 4389 979 4444 alio
1033 4389 1281 4461 adjutore
1312 4405 1376 4445 ac
1410 4397 1687 4447 servatore
1737 4404 1894 4462 egere
1948 4391 2054 4446 nisi

2163 4385 2475 4458 διαρπάζειν
2503 4386 2588 4438 ἀεὶ
2604 4384 2988 4455 πειρωμένους.
3021 4382 3359 4452 Ἐπιστήσεις
3387 4381 3442 4433 δὲ
3471 4382 3518 4432 εί
3541 4380 3730 4451 ἕτερός

493 4483 610 4549 ipso
634 4479 874 4538 Christo.
901 4483 1155 4538 Animum
1187 4501 1316 4540 vero
1349 4483 1605 4540 intendas
1635 4500 1765 4539 num
1805 4485 1944 4540 alius
1975 4485 2048 4539 sit

2163 4450 2305 4530 ἐστιν
2343 4450 2382 4529 ό
2416 4475 2630 4545 πτωχὸς
2663 4450 2811 4544 παρᾶ
2843 4473 2931 4526 τὸν
2971 4471 3203 4542 πένητα,
3234 4450 3356 4524 καὶ
3395 4450 3726 4542 πότερονίτῇ

489 4589 692 4643 egenus
729 4592 757 4628 a
788 4592 1045 4648 paupere,
1094 4594 1157 4634 ac
1197 4587 1378 4633 utrum
1412 4595 1469 4634 re
1501 4580 1616 4650 ipsa
1650 4578 1924 4641 diﬂ‘erant,
1955 4589 2048 4634 aut

490 4667 666 4719 solum
697 4669 970 4738 cogitandi
1006 4670 1168 4724 modo
1222 4689 1236 4725 :
1284 4672 1412 4739 quia
1443 4670 1559 4727 fieri
1605 4681 1782 4740 potest
1813 4679 1872 4724 ut
1906 4669 2050 4725 idem

490 4756 561 4811 sit
585 4770 788 4820 egenus
837 4767 890 4813 et
932 4758 1268 4825 mendicans,
1303 4763 1443 4831 quod
1475 4777 1507 4816 a
1538 4762 1740 4819 divitiis
1765 4780 1901 4834 quas
1932 4765 2041 4835 pri-

488 4849 609 4901 dem
649 4849 910 4905 habuerat
947 4852 1241 4920 exciderit;
1299 4861 1462 4924 atque
1510 4869 1614 4909 una
1645 4871 1870 4927 pauper,
1905 4858 2050 4928 quod

419 4992 424 5006 7
489 4940 674 4995 labore
702 4941 903 4996 victum
932 4943 1034 4998 sibi
1065 4955 1236 5014 paret.

559 5028 723 5086 Vens.
758 5032 843 5086 ll.
871 5031 1151 5104 Surgentes
1209 5045 1362 5091 testes
1399 5037 1568 5109 iniqui
1593 5056 1708 5110 qua:
1743 5033 2050 5111 ignorabam

487 5125 882 5196 interrogabant
916 5144 1016 5182 me.
1043 5127 1146 5194 Qui
1177 5144 1286 5184 non
1315 5131 1562 5199 justitiae,
1621 5133 1714 5189 sed
1749 5135 2051 5206 iniquitatis

487 5225 659 5274 testes
697 5225 848 5280 sunt.
900 5228 1188 5290 surgentes
1219 5229 1382 5292 atque
1435 5239 1495 5279 se
1539 5226 1840 5283 excitantes
1862 5227 2050 5286 dolose

488 5327 610 5385 qure
636 5314 825 5383 ignoro
853 5313 1208 5384 interrogant.
1236 5312 1382 5369 Nibil
1402 5317 1602 5388 quippe
1629 5320 1756 5374 mali
1789 5321 1876 5375 vir
1906 5321 2050 5394 frugi

490 5404 684 5471 novit,
733 5405 933 5460 nemini
999 5406 1208 5460 scilicet
1262 5407 1631 5478 improborum
1692 5411 2044 5469 admiscetur.

490 5496 883 5554 Testimonium
937 5509 1114 5553 autem
1161 5499 1306 5556 illius
1332 5508 1417 5557 est
1456 5501 1603 5568 :Qui
1651 5515 1820 5564 seruat
1854 5523 2048 5577 prisce-

490 5600 658 5660 ριιιηι,
689 5607 790 5645 non
814 5601 984 5646 noscet
1009 5608 1116 5644 rem
1144 5591 1340 5646 malam
1368 5594 1435 5648 ⁸ο.
1470 5592 1603 5648 Nam
1625 5595 1711 5651 hic
1725 5615 1827 5654 non
1851 5609 2045 5665 noscct,

568 5773 608 5804 ¹⁹
652 5769 838 5826 Matth.
877 5789 985 5841 xu,
1020 5773 1074 5829 5.
1150 5774 1193 5807 ³⁸⁸
1234 5772 1412 5831 Eccle.
1447 5790 1574 5841 VIII,
1609 5775 1661 5830 5.

2157 4569 2479 4633 ὑποστάσει,
2519 4569 2552 4638 ἢ
2585 4569 2649 4638 τῇ
2690 4566 2902 4637 ἐπινοίᾳ
2932 4565 3006 4636 τῷ
3038 4567 3298 4635 ἐγχωρεῖν
3324 4563 3412 4616 τὸν
3438 4563 3598 4616 αὑτὸν
3633 4564 3728 4616 καὶ

2156 4663 2370 4734 πτωχὸν
2388 4657 2525 4717 εἶναι
2551 4661 2760 4732 πτωχεύ
2769 4676 2934 4714 σαντα
2953 4659 3030 4730 τῷ
3050 4658 3501 4712 ἀποπεπτωκέναι
3522 4651 3584 4710 οῦ
3611 4652 3727 4727 εἶχε

2157 4758 2384 4811 πλούτου
2406 4797 2421 4821 ,
2461 4759 2553 4810 καὶ
2592 4756 2798 4826 πένητα
2835 4752 2910 4824 τῷ
2952 4751 3088 4824 μετὰ
3126 4751 3287 4805 πόνον
3321 4752 3624 4822 περιποιεῖν
3656 4749 3727 4802 τὰ
3777 4823 3789 4834 .

2156 4853 2293 4926 πρὸς
2318 4851 2378 4904 τδ
2405 4851 2607 4921 διαζῇν.

2241 5036 2632 5102 Ἀναστάντες
2650 5031 2944 5105 μάρτυρες
2972 5031 3162 5086 ἄδικοι
3184 5028 3220 5082 d
3250 5027 3356 5082 οὐκ
3389 5024 3730 5094 ἐγίνωσκον

2156 5125 2393 5203 ἠρώτων
2421 5149 2513 5202 με.
2568 5131 2630 5183 0i
2659 5127 2732 5199 μὴ
2761 5121 3137 5193 δικαιοσύνης,
3173 5121 3289 5175 ἀλλ’
3323 5119 3534 5180 ἀδικίας
3587 5116 3732 5188 μάρ-

2155 5243 2315 5297 τυρες
2342 5259 2356 5287 ,
2390 5221 2768 5283 διαναστάντες
2798 5219 2890 5272 καὶ
2916 5213 3277 5288 διεγείραντες
3303 5211 3496 5274 αὐτοὺς
3522 5250 3538 5273 ,
3574 5225 3732 5276 σοφι-

2159 5316 2357 5380 πικῶς
2386 5314 2730 5385 ἐπερωτῶσιν
2757 5307 2791 5366 ἃ
2843 5309 2904 5364 οὐ
2933 5307 3203 5379 γινώσκω.
3277 5303 3441 5357 Οὐδὲν
3475 5301 3585 5373 γὰρ
3615 5301 3730 5356 τῶν

2155 5409 2370 5480 φαύλων
2395 5406 2647 5477 γινώσκει
2680 5404 2708 5458 ό
2745 5403 3027 5466 σπουδαῖος
3049 5441 3063 5465 ,
3105 5398 3376 5454 τουτέστιν
3406 5395 3582 5449 οὐδενὶ
3614 5393 3728 5448 τῶν

2154 5503 2404 5576 πονηρῶν
2427 5501 2812 5573 ἁνακέκραται.
2839 5495 3150 5570 Μαρτύριον
3176 5494 3231 5548 δέ
3251 5512 3262 5524 ·
3304 5493 3366 5545 '0
3385 5488 3734 5561 φυλάσσων

2155 5598 2410 5667 ἐντολὴν
2438 5600 2509 5654 οὐ
2539 5598 2822 5668 γνώσεται
2847 5592 3012 5662 ῥῆμα
3040 5591 3322 5657 πονηρόν.
3355 5585 3462 5639 Καὶ
3486 5581 3730 5637 ἐνταῦθα
