3992 6216
292 324 393 399 iam

1415 336 1914 404 COMMENTARLA
1945 344 2013 402 IN
2043 338 2380 402 PSALMOS.

3427 340 3534 400 30!

293 454 404 524 γὰρ
433 454 495 509 τὸ
520 458 591 511 οὐ
630 458 957 527 γνώσεται,
988 450 1048 514 οὗ
1080 459 1369 535 πεποίηται
1398 465 1519 519 οὐδὲ
1555 466 1848 539 ἀνακέκρα·

1968 464 2022 520 id
2041 474 2147 528 est,
2177 479 2286 518 non
2314 460 2662 533 perpetravit,
2694 475 2868 531 neque
2893 473 3062 530 pravo
3085 458 3235 530 operi
3263 441 3532 518 admistus

292 561 384 601 ται
412 546 553 602 κατά
585 548 739 621 ῥῆμα
768 552 1000 624 πονηρόν
1023 569 1037 582 ⁸
1069 551 1261 623 ψεῦδος
1288 555 1397 627 γὰρ
1432 551 1493 609 τδ
1518 557 1758 628 νομίζειν
1791 557 1864 629 μὴ

292 636 615 695 ἐπίστασθαι
654 642 806 713 ῥῆμα
838 644 1070 716 πονηρὸν
1105 645 1196 699 τὸν
1223 646 1555 717 φυλάττοντα
1589 650 1691 720 τὴν
1719 649 1864 704 θείαν

291 730 538 803 ἐντολήν.
608 735 885 806 Διάκρισιν
912 731 1021 809 γὰρ
1058 737 1195 810 ἔχων
1232 741 1469 811 πονηροῦ
1500 740 1594 793 καὶ
1626 741 1860 809 ἀγαθοῦ,

289 822 460 876 τᾶλλα
483 824 660 879 πάντα
687 827 1053 899 ἀποστραφείς
1082 829 1326 903 ῥήματα,
1354 833 1629 906 ἐπιτηρεῖν
1654 834 1751 906 τὴν
1779 838 1864 889 ὲν-

289 914 455 985 τολὴν
473 911 655 987 ἦλθεν.
690 919 754 972 ’Ὀ
776 914 869 973 οῦν
890 919 1043 990 λέγει
1066 922 1303 976 τοιοῦτόν
1329 924 1477 977 ἐστιν
1500 941 1513 955 ο
1539 926 1740 997 Πεῖραν
1766 926 1863 980 οὐκ

291 1006 486 1079 ἔχοντα
509 1010 627 1064 οὐδὲ
655 1010 854 1081 γνῶσιν
876 1011 909 1085 ἢ
933 1013 1141 1068 ἔννοιαν
1168 1015 1276 1070 τῶν
1304 1016 1520 1083 κακῶν,
1549 1017 1863 1089 διερεθίζον-

205 1140 214 1147 .
289 1099 383 1166 se;
408 1117 476 1170 με
506 1102 791 1175 ὲπερώτων
825 1122 893 1176 με
928 1108 1053 1179 περὶ
1078 1108 1287 1174 αὐτῶν,
1318 1108 1505 1181 ὥσπερ
1531 1112 1563 1182 ἡ
1590 1112 1862 1181 Αἰγυπτία

288 1189 384 1245 τὸν
419 1192 611 1265 Ἰωσὴφ
630 1239 643 1261 ,
676 1197 770 1249 καὶ
794 1200 843 1251 oi
876 1200 1233 1273 πρεσϐύτεροι
1259 1203 1357 1273 τὴν
1385 1204 1707 1259 Σουσάνναν.

376 1280 883 1343 Ἀνταπεδίδοσάν
927 1309 1035 1361 μοι
1070 1294 1303 1362 πονηρὰ
1337 1295 1471 1349 ἀντὶ
1515 1297 1716 1351 καλῶν
1761 1299 1859 1353 καὶ

286 1377 571 1433 ἀτεκνίαν
594 1379 671 1450 τῇ
706 1378 882 1451 ψυχῇ
912 1401 1039 1452 μου.
1124 1386 1285 1457 Ἐμοῦ
1317 1388 1761 1460 φιλοτιμουμένου
1793 1391 1861 1446 τὰ

290 1469 427 1541 πρὸς
478 1470 684 1536 πάντας
737 1473 1046 1545 καθήκοντα
1100 1478 1402 1548 ἀμέμπτως
1440 1480 1703 1534 ἐπιτελεῖν
1737 1480 1861 1552 βού-

285 1560 495 1627 λεσθαι,
517 1565 564 1617 εί
586 1564 808 1620 δυνατὸν
832 1565 969 1636 μετὰ
988 1567 1202 1622 πάντων
1224 1569 1522 1641 ἀνθρώπιον
1539 1574 1857 1645 εἰρηνεύειν,

286 1656 439 1710 αὐτοὶ
485 1658 606 1710 ἀντὶ
648 1658 851 1711 τούτων
883 1659 989 1712 τῶν
1024 1659 1202 1714 καλῶν
1234 1662 1444 1734 πονηρά
1476 1665 1859 1719 ἀνταπεδίδουν

289 1763 380 1817 μοι
395 1785 410 1810 ,
440 1747 624 1820 ἐχθροὶ
648 1749 743 1802 καὶ
763 1748 1045 1820 δυσμενεῖς
1063 1751 1148 1805 διὰ
1171 1754 1388 1807 πάντων
1406 1756 1820 1827 ἀναφαινόμενοι
1839 1775 1853 1788 °

1964 566 2050 615 est
2080 576 2095 611 ε
2132 554 2487 611 hallucinatio
2517 553 2718 625 quippe
2737 562 2823 608 est
2850 553 3128 616 arbitrari,
3174 567 3299 607 eum
3325 552 3418 623 qui
3446 553 3535 608 di-

1963 651 2151 705 vinum
2174 657 2357 705 servat
2382 647 2720 712 mandatum,
2770 645 2966 700 malam
3001 662 3113 701 non
3140 645 3362 702 novisse
3393 662 3528 701 rem.

1962 738 2100 793 Nam
2154 738 2543 795 discretionem
2571 737 2698 793 boni
2742 744 2796 791 et
2830 736 2960 789 mali
3007 744 3229 801 nactus,
3260 752 3290 790 a
3318 737 3530 792 caeteris

1964 844 2209 895 aversus,
2238 830 2304 885 ad
2333 836 2662 901 praeceptum
2707 827 3037 884 servandum
3066 827 3295 884 accedit.
3327 825 3532 897 Hujus-

1962 922 2108 978 modi
2133 923 2297 994 igitur
2342 930 2425 978 est
2473 918 2618 992 quod
2657 920 2750 975 hic
2783 920 2981 976 eﬂ'atur
3006 937 3018 974 :
3044 919 3126 975 Me
3146 920 3351 975 nullum
3374 919 3532 975 male

1961 1012 2040 1067 rei
2063 1012 2492 1082 experimentum
2524 1018 2614 1064 aut
2628 1009 2875 1065 notitiam
2891 1008 3008 1064 sive
3035 1007 3416 1078 cogitationem
3434 1007 3532 1061 ha-

1962 1104 2178 1159 bentem
2208 1105 2568 1166 concitantes,
2607 1102 2674 1158 de
2694 1102 2763 1157 iis
2804 1101 3236 1173 interrogabant,
3267 1099 3533 1171 quemad-

1961 1197 2182 1252 modum
2226 1196 2481 1269 Egyptia
2519 1194 2838 1266 Josephum,
2868 1202 2923 1250 et
2947 1208 3106 1251 senes
3126 1192 3455 1249 Susannain.

2031 1288 2201 1345 Vens.
2238 1289 2325 1344 12.
2357 1287 2730 1343 Retribuebant
2758 1287 2887 1372 ηιμιὶ
2915 1286 3058 1341 mala
3074 1302 3168 1351 pro
3181 1285 3331 1340 bonis
3350 1294 3399 1340 et
3422 1292 3505 1341 ste

1959 1383 2213 1438 rilitatem
2241 1382 2434 1437 anima:
2465 1396 2613 1436 meae.
2635 1379 2771 1434 Cum
2807 1379 2913 1435 hoc
2941 1394 3110 1433 unum
3143 1377 3441 1441 studerem,
3468 1384 3531 1433 ut

1958 1477 2317 1549 congruentia
2339 1475 2598 1531 omnibus
2626 1474 2746 1531 sine
2763 1473 3186 1545 reprehensione
3214 1486 3532 1543 peragerent

1961 1567 2247 1639 siquidem
2280 1567 2453 1638 possit
2503 1581 2629 1622 cum
2664 1565 2920 1621 onmibus
2971 1564 3285 1620 hominibus
3337 1570 3531 1633 pacate

1960 1663 2079 1732 agi;
2116 1675 2216 1732 pro
2269 1661 2339 1716 iis
2388 1660 2467 1715 illi
2497 1659 2660 1715 bonis
2707 1659 2850 1713 mala
2884 1657 3255 1729 rependebant
3290 1656 3444 1720 mihi,
3473 1656 3531 1712 in

1959 1753 2214 1809 omnibus
2251 1767 2373 1808 sese
2407 1750 2656 1807 inimicos
2704 1759 2866 1820 atque
2906 1750 3135 1806 infestos
3160 1750 3526 1806 exhibentes:

285 1838 349 1892 τὸ
399 1840 522 1892 ὅσον
567 1839 625 1893 δὲ
675 1841 762 1893 ἐπ’
793 1841 977 1905 αὐτοῖς
1009 1844 1106 1914 τὴν
1136 1846 1194 1898 ὲν
1229 1846 1410 1911 καλοῖς
1452 1849 1731 1904 εὐτεκνίαν
1758 1851 1848 1922 τῆς

1958 1860 2024 1901 ac
2050 1851 2314 1916 quantum
2351 1844 2407 1897 in
2434 1843 2725 1913 ipsiserat,
2761 1842 2956 1897 animm
3002 1857 3136 1898 mea:
3182 1843 3237 1897 in
3267 1841 3426 1897 bonis
3451 1840 3531 1898 fe-

285 1932 466 2005 ψυχῆς
503 1952 600 2006 μου
630 1936 870 2008 ἀναιρεῖν
897 1935 1223 2012 ἐπεχείρουν.
1302 1942 1363 1994 Εἰ
1404 1943 1565 2011 γοῦν,
1616 1944 1858 2009 πεισθεὶς

285 2025 470 2080 αὐτῶν
491 2016 612 2109 ταῖς
636 2028 933 2099 ἐρωτήσεσι
958 2030 1195 2095 τοιοῦτος
1223 2029 1494 2102 ἐγεγόνειν
1531 2029 1642 2088 οἷον
1669 2036 1857 2107 ἧθελόν

288 2132 356 2191 με
386 2119 645 2191 ποιῆσαι,
675 2119 1045 2209 ἡτεκνώθτγᾶν
1069 2125 1102 2195 ή
1127 2123 1272 2195 ψυχή
1308 2141 1407 2197 μου
1435 2168 1449 2192 ,
1487 2127 1680 2198 μηκέτι
1702 2127 1854 2200 δεχο-

284 2209 422 2281 μένη
453 2211 552 2276 τὰς
579 2210 729 2276 θείας
756 2211 850 2266 τοῦ
883 2214 1116 2286 νυμφίου
1150 2216 1331 2285 γονάς.
1404 2218 1469 2271 El
1497 2218 1555 2272 δὲ
1580 2219 1745 2273 τέκνα
1770 2216 1858 2274 λέ-

278 2319 461 2374 γοιντο
481 2306 531 2359 οί
555 2305 794 2378 μαθηταὶ
814 2307 906 2361 τοῦ
926 2308 1233 2376 διδάξαντος
1249 2352 1262 2375 ,
1296 2312 1387 2365 καὶ
1409 2311 1578 2377 ὅντως
1603 2313 1856 2367 ἀτεκνοῦ-

277 2413 367 2452 ται
395 2397 428 2469 ἡ
460 2396 605 2469 ψυχὴ
638 2397 732 2452 τοῦ
763 2398 1078 2454 διδασκάλου
1098 2443 1114 2468 ,
1170 2401 1447 2474 σφάλμασι
1482 2404 1854 2475 περιπεσοῦσα

278 2486 358 2560 τῷ
385 2490 580 2562 ἑαυτῆς
607 2491 884 2564 σκανδάλῳ
901 2533 916 2557 ,
945 2494 1247 2566 ἀναιροῦσα
1274 2495 1401 2559 τοὺς
1425 2496 1484 2562 ἐξ
1509 2496 1679 2569 αὐτῆς
1702 2514 1855 2565 γενο-

283 2582 480 2654 μένους
507 2583 594 2638 διά
648 2586 963 2657 μαθητείας.
1025 2589 1170 2641 Ἀντί
1198 2588 1255 2641 δὲ
1284 2588 1377 2642 τοῦ
1398 2630 1411 2654 ,
1464 2590 1746 2644 ἀτεκνίαν
1777 2590 1853 2661 τῇ

277 2676 455 2761 ψυχῇ
480 2694 598 2745 μου
618 2718 634 2741 ,
676 2679 1154 2750 Ἀνεστραμμένα
1182 2681 1334 2735 κατὰ
1362 2681 1470 2751 τῆς
1490 2680 1694 2752 ψυχῆς
1709 2698 1848 2752 μου,

277 2761 308 2819 δ
340 2766 412 2819 Σύ
421 2778 635 2839 μμαχος
648 2769 926 2835 ἐξέδωκεν.

366 2939 579 3010 Ἐπειδὴ
609 2942 676 2996 τά
706 2942 1037 3016 προκείμενα
1068 2937 1334 3018 συνῆπται
1363 2950 1474 3012 τοῖς
1504 2949 1562 3002 ὲν
1589 2949 1668 3021 τῷ
1693 2956 1848 3022 τρια-

280 3029 462 3101 κοστῷ
493 3031 658 3103 τρίτῳ
692 3033 890 3105 ψαλμῷ
922 3036 1368 3107 προλελεγμένοις
1388 3056 1404 3074 “
1454 3041 1637 3093 ἐκεῖνα
1664 3041 1719 3094 δὲ
1750 3042 1849 3112 τῆς

283 3120 525 3192 ἱστορίας
553 3125 890 3195 ἐμνημόνευε
915 3120 1013 3198 τῆς
1042 3128 1181 3182 κατά
1211 3129 1300 3182 τὸν
1337 3130 1623 3201 Ἀὄιμέλεχ
1640 3171 1655 3193 ,
1680 3133 1761 3200 ἐφ’
1786 3127 1847 3185 οῦ

1959 1936 2293 1993 cunditatem
2339 1934 2407 1990 de
2454 1933 2636 1989 medio
2690 1934 2886 1989 tollere
2944 1934 3234 1989 curabant.
3274 1932 3419 1989 Sane
3478 1934 3529 1991 si

1958 2044 2146 2086 eorum
2166 2026 2555 2099 quaestionibus
2577 2026 3068 2095 obtemperassem,
3105 2026 3231 2081 talis
3282 2024 3530 2096 profecto

1956 2120 2171 2191 qualem
2200 2120 2305 2191 ipsi
2329 2118 2585 2175 volebant
2612 2116 2841 2173 eﬂ‘ectus
2878 2133 3081 2185 essem,
3114 2118 3358 2188 orbaque
3375 2116 3530 2187 prole

1955 2212 2148 2269 fuisset
2172 2212 2351 2267 anima
2380 2226 2522 2276 mea,
2545 2210 2732 2265 divina
2772 2211 2959 2279 sponsi
3003 2209 3214 2266 semina
3246 2224 3359 2264 non
3385 2208 3530 2264 ulte-

1954 2304 2070 2359 riuS
2098 2304 2396 2373 eXcipiens.
2420 2302 2576 2370 Quod
2621 2302 2668 2356 si
2718 2301 2973 2372 discipuli
3003 2300 3247 2356 doctoris
3294 2300 3381 2355 sui
3429 2299 3528 2354 lilii

1954 2409 2076 2449 esse
2125 2394 2409 2458 dicantur;
2456 2407 2522 2447 ea
2577 2408 2796 2463 quoque
2848 2392 3063 2446 ratione
3100 2391 3250 2461 prole
3302 2390 3529 2445 orhatur

1954 2487 2132 2541 anima
2151 2485 2411 2547 doctoris,
2432 2483 2677 2554 ejusdem
2696 2484 2895 2540 erratis
2923 2484 2979 2539 in
3008 2481 3395 2539 oﬂendiculum
3425 2482 3526 2538 abs

1953 2594 2013 2633 se
2052 2586 2300 2647 paratum
2352 2575 2596 2646 delapsa,
2637 2576 2765 2629 dum
2809 2591 2909 2645 per
2957 2575 3262 2630 doctrinam
3295 2591 3391 2631 eos
3426 2575 3523 2645 qui

1932 2668 2049 2724 ‘abs
2079 2683 2137 2723 se
2157 2668 2271 2721 nati
2300 2676 2429 2723 sunt
2460 2665 2746 2721 interimit.
2770 2664 2875 2720 Pro
2902 2664 2995 2720 illo
3030 2674 3233 2727 autem,
3265 2665 3525 2719 sterilita-

1952 2772 2053 2816 tem
2078 2762 2267 2816 animle
2287 2776 2452 2827 meae,
2506 2771 2750 2829 perversa
2801 2768 2990 2813 contra
3051 2758 3286 2812 animam
3332 2774 3524 2826 meam,

1948 2856 2113 2911 vertit
2145 2852 2527 2925 Symmachus.

2017 2947 2283 3015 Quoniam
2318 2946 2434 3001 haec
2463 2960 2585 3018 qua
2638 2945 2750 3016 jam
2786 2950 3090 2999 tractamus
3134 2958 3259 2999 cum
3302 2942 3371 3000 iis
3403 2958 3526 3014 qua

1948 3040 2005 3095 in
2046 3039 2323 3096 tricesimo
2356 3039 2520 3094 tertio
2562 3037 2775 3107 psalmo
2810 3035 3093 3105 praemissa
3149 3042 3281 3089 sunt
3314 3048 3525 3089 conne~

1950 3139 2205 3197 ctuntur;
2244 3132 2335 3185 illa
2362 3144 2493 3186 vero
2513 3131 2580 3186 de
2601 3130 2830 3185 historia
2849 3126 3164 3184 Abimelech
3190 3126 3523 3182 mentionem

279 3212 540 3291 ἠλλοίωσε
569 3216 629 3269 τὸ
661 3217 950 3289 πρόσωπον
972 3220 1134 3273 αὑτοῦ
1153 3261 1167 3285 ,
1200 3221 1339 3275 κατὰ
1364 3221 1433 3274 τὰ
1456 3222 1845 3292 ἀωδομένα·

1955 3222 2152 3286 fecere,
2180 3223 2325 3293 apud
2350 3238 2534 3292 quem,
2572 3223 2651 3276 uti
2692 3221 2948 3291 superius
2983 3220 3246 3274 traditum
3275 3227 3380 3283 est,
3419 3219 3524 3273 im-

277 3304 418 3375 τάχα
445 3323 549 3359 που
578 3306 800 3363 δύναται
826 3311 919 3363 καὶ
939 3311 1009 3364 τὰ
1028 3312 1171 3393 ,μετὰ
1199 3315 1386 3385 χεῖρας
1417 3314 1504 3367 ἐπ’
1530 3316 1712 3369 ἐκεῖνα
1731 3317 1853 3370 ἀνα-

278 3395 557 3467 φέρεσθαι.
578 3398 778 3453 Μαθὼν
798 3402 907 3474 γὰρ
927 3404 955 3455 ὁ
975 3404 1145 3457 Σαοὺλ
1162 3405 1312 3474 παρὰ
1332 3405 1489 3478 Δωὴκ
1506 3446 1520 3469 ,
1538 3406 1613 3469 ὥς
1629 3408 1850 3476 ἀφῖκται

276 3488 441 3543 Δάυῒδ
468 3480 604 3563 πρὸς
644 3493 929 3565 Ἀειμέλεχ
954 3534 968 3555 ,
1009 3495 1204 3567 ἄρτους
1234 3515 1292 3551 τε
1330 3497 1567 3570 είληφὼς
1591 3495 1851 3552 διασέσωὶ-

279 3592 400 3634 σται
418 3621 433 3645 ,
465 3583 670 3646 πάντας
702 3585 877 3639 ἀνεῖλε
904 3588 1027 3651 τοὺς
1054 3589 1216 3659 ίερεῖς
1239 3589 1334 3643 τοῦ
1363 3590 1588 3660 Κυρίου,
1605 3590 1766 3645 αὐτόν
1790 3597 1850 3644 τε

276 3672 368 3726 τὸν
413 3674 699 3746 Ἀὄιμέλεχ
734 3677 1013 3745 παγγενεί.
1052 3678 1282 3734 Δύναται
1308 3678 1400 3735 οὖν
1428 3682 1602 3736 ταῦτα
1632 3686 1661 3737 δ
1689 3684 1850 3739 Δαυῒδ

278 3765 358 3827 είς
385 3767 675 3838 πρόσωπον
700 3767 793 3821 τοῦ
820 3768 993 3823 Σαοὺλ
1018 3771 1314 3843 εἰρηκέναι,
1344 3774 1417 3838 ώς
1445 3775 1540 3827 καὶ
1564 3776 1737 3829 πάντα
1758 3776 1849 3832 τὸν

276 3858 484 3931 ψαλμὸν
516 3862 596 3923 είς
630 3861 834 3915 ἐκεῖνον
859 3862 1223 3935 ἀναφέρεσθαι
1256 3864 1348 3918 τὸν
1385 3866 1601 3939 καιρὸν,
1633 3867 1757 3920 καθ’
1788 3867 1848 3921 ὃν

277 3949 434 4021 Δωὴκ
488 3950 997 4026 ἐψευδομαρτύρησε
1055 3954 1148 4010 τοῦ
1208 3955 1493 4029 Ἀσιμέλεχ
1551 3960 1701 4029 παρά
1751 3959 1846 4013 τοῦ

276 4038 447 4094 Σαούλ
466 4058 478 4073 ·
516 4042 608 4095 καὶ
644 4043 785 4114 τάχα
817 4044 876 4097 τὸ
903 4044 1127 4116 Πνεῦμα
1153 4046 1214 4099 τὸ
1249 4047 1431 4115 ἅγιον,
1459 4047 1528 4101 τά
1560 4048 1704 4120 πάθη
1737 4050 1846 4103 τῶν

277 4131 466 4205 ίερέων
492 4130 805 4207 ὑπογράφον
831 4176 845 4200 ,
878 4135 947 4189 τά
981 4136 1314 4208 προκείμενα
1347 4138 1607 4209 ἀνεφώνει
1637 4140 1808 4207 λέγων
1827 4159 1842 4173 ο

274 4226 554 4293 Δικασον,
579 4226 773 4297 Κύριε,
807 4228 948 4296 τοὺς
985 4220 1339 4299 ἀδικοῦντάς
1357 4250 1454 4302 με,
1484 4235 1665 4288 καὶτὰ
1694 4235 1843 4306 ἑξῆς.

272 4310 354 4372 Ta
384 4318 442 4373 δὲ
477 4320 822 4391 μονοτρόπως
853 4321 1116 4393 είρημένα
1147 4322 1273 4395 περὶ
1305 4325 1424 4389 ἑνός
1460 4332 1603 4391 τινος
1640 4328 1698 4380 ἐν
1729 4327 1841 4399 τῷ,

285 4402 535 4466 Ἐλθέτω
558 4412 716 4478 αὐτῷ
744 4414 923 4483 παγίς
944 4413 1025 4481 ῆν
1055 4408 1128 4468 οὐ
1155 4416 1430 4486 γινώσκει
1448 4460 1462 4484 ,
1495 4420 1592 4472 καί
1623 4416 1661 4489 ἡ
1693 4420 1845 4490 θήρα

269 4497 353 4570 ἣν
372 4501 600 4572 ἔκρυψε
620 4503 971 4560 συλλαϐέτω
990 4502 1195 4571 αὐτὸν,
1220 4508 1316 4561 καὶ
1341 4502 1412 4562 ἐν
1431 4509 1505 4579 τῇ
1526 4511 1727 4582 παγίὸι
1749 4525 1844 4566 πε-

270 4593 462 4649 σεῖται
491 4594 560 4648 ἐν
585 4588 739 4665 αὐτῇ
750 4637 764 4661 ,
805 4590 1024 4652 δύναται
1050 4597 1128 4670 τῷ
1158 4598 1316 4671 Δωὴκ
1343 4600 1692 4672 ἐφαρμόζειν.
1729 4605 1838 4657 Kal.

268 4685 329 4740 τὸ
343 4726 358 4751 ,
387 4685 783 4755 Ἀναστάντες
793 4686 1087 4760 μάρτυρες
1102 4692 1314 4756 ἄδικοι,
1330 4690 1368 4746 ἅ
1384 4695 1494 4747 οὐκ
1508 4689 1840 4763 ἐγίνωσκον

268 4776 509 4847 ἠρώτων
521 4795 599 4847 με
618 4795 632 4809 ο
665 4778 1144 4837 ἁνταπεδίδοσάν
1166 4802 1269 4854 μοι
1300 4783 1533 4852 πονηρὰ
1550 4784 1684 4839 ἀντὶ
1703 4786 1839 4854 ἀγα-

269 4870 388 4925 θῶν
414 4911 431 4935 ,
466 4870 564 4923 καὶ
601 4871 882 4926 ἀτεκνίαν
906 4873 1178 4946 τῇνψυχῇ
1214 4895 1333 4946 μου
1354 4916 1369 4941 ,
1433 4876 1496 4931 ὲκ
1548 4877 1836 4949 προσώπου

269 4962 483 5034 λεχθείη
511 4962 576 5016 ἂν
607 4963 701 5018 τοῦ
742 4965 1042 5038 Ἀϐιμέλεχ.
1077 4964 1185 5022 Kal
1212 4969 1384 5023 ταῦτα
1415 4967 1472 5023 δὲ
1504 4965 1651 5034 είκδς
1682 4973 1834 5043 εἰρη-

267 5050 418 5109 κέναι
443 5053 533 5108 τὸν
565 5054 726 5109 Δαυῖδ
748 5073 761 5086 ·
793 5057 954 5111 αὐτοῦ
985 5060 1093 5132 γὰρ
1120 5061 1521 5134 ἐπιγέγραπται
1552 5058 1581 5116 ὁ
1601 5061 1835 5134 ψαλμδς,

266 5144 592 5218 ἀποστολικῇ
626 5148 860 5202 διαθέσει
891 5144 1132 5217 λέξον-τος
1159 5153 1254 5206 ἆν⁴
1313 5154 1410 5222 Τίς
1433 5150 1704 5222 ἀσθενεῖ,
1739 5158 1836 5211 καὶ

266 5238 376 5291 οὐκ
405 5236 676 5302 ἀσθενῶ;
702 5237 793 5305 τίς
816 5238 1268 5302 σκανδαλίζεται
1287 5283 1301 5304 ,
1331 5242 1429 5295 καί
1459 5245 1569 5298 οὐκ
1589 5244 1705 5315 ἐγὼ
1724 5262 1836 5301 πυ-

265 5327 511 5398 ροῦμαι;
549 5326 643 5383 καὶ
664 5368 680 5394 ,
712 5331 1016 5396 Παθόντος
1044 5331 1182 5398 ἐνὸς
1203 5332 1456 5402 μέλους,
1487 5335 1834 5405 συμπάσχει

266 5420 462 5475 πάντα
491 5420 563 5475 τὰ
586 5421 763 5491 μέλη.
800 5422 910 5477 Καὶ
935 5421 1091 5487 ἄλλος
1107 5423 1164 5477 δὲ
1189 5425 1341 5496 παρά
1360 5425 1529 5478 ταῦτα
1554 5427 1834 5501 μάρτυρας

264 5513 362 5582 μὲν
392 5512 609 5577 ἀδίκους
641 5511 782 5568 εἴποι
809 5512 874 5568 ἄν
904 5534 988 5580 τις
1022 5517 1227 5580 πάντας
1250 5517 1377 5582 τοὺς
1398 5517 1834 5586 ἐνδιαϐάλλοντας

269 5604 352 5659 ιδν
382 5605 542 5659 Δαυῒδ
573 5608 723 5679 παρά
752 5608 845 5662 τοῦ
877 5606 1048 5663 Σαούλ
1070 5626 1083 5640 ’
1116 5609 1238 5663 τότε
1271 5610 1369 5681 μὲν
1401 5610 1508 5681 γὰρ
1540 5612 1589 5665 οί
1622 5612 1831 5683 Ζιφαίοι

329 5780 375 5812 ’⁸
415 5779 459 5835 ιι
490 5781 617 5839 Cor.
656 5799 744 5850 ιι,
778 5783 870 5844 29,
946 5788 989 5818 ’³
1030 5785 1051 5839 l
1084 5784 1212 5843 Cor.
1246 5802 1322 5842 xu
1346 5825 1364 5853 ,
1390 5783 1483 5843 26.

1951 3315 2180 3370 mutavit
2205 3315 2412 3370 vultum
2426 3330 2621 3381 suum;
2659 3312 2892 3391 fortasse
2921 3314 3133 3383 possint
3163 3312 3280 3367 haec
3307 3327 3431 3382 qua:
3464 3312 3523 3367 in

1952 3408 2216 3478 praesenti
2255 3415 2490 3478 aguntur
2518 3406 2583 3459 ad
2633 3405 2723 3459 illa
2748 3404 2960 3460 referri.
2987 3403 3121 3457 Nam
3154 3418 3277 3458 cum
3314 3402 3441 3457 Saul
3489 3416 3524 3457 a

1952 3500 2095 3556 Doec
2117 3499 2434 3556 edidicisset
2476 3497 2734 3553 Davidem
2759 3497 2825 3551 ad
2851 3495 3165 3551 Abimelech
3194 3495 3520 3560 accessisse,

1950 3601 2131 3663 atque,
2158 3594 2396 3664 acceptis
2416 3592 2672 3664 panibus,
2717 3592 2944 3647 salutem
2991 3598 3212 3645 nactum
3247 3605 3369 3645 esse
3417 3588 3521 3661 [ne

1953 3683 2092 3740 fame
2120 3684 2367 3757 periret],
2400 3699 2590 3739 omnes
2648 3681 2960 3739 sacerdotes
2983 3680 3199 3735 Domini
3232 3680 3521 3752 ipsumque

1947 3774 2258 3832 Abimelech
2289 3792 2411 3831 cum
2433 3791 2631 3846 genere
2670 3788 2770 3831 suo
2801 3772 3164 3829 internecioni
3210 3773 3378 3829 dedit.
3413 3770 3520 3827 Po-

1949 3868 2054 3922 tuit
2066 3884 2195 3940 ergo
2214 3867 2382 3923 David
2417 3869 2532 3923 haec
2548 3867 2615 3923 de
2640 3882 2873 3938 persona
2902 3865 3084 3921 Saulis
3108 3864 3310 3928 dicere,
3348 3864 3424 3919 ita
3458 3873 3521 3920 ut

1948 3964 2095 4016 totus
2124 3960 2366 4031 psalmus
2417 3961 2486 4015 ad
2530 3960 2587 4016 id
2608 3960 2872 4031 temporis
2916 3958 3212 4023 referatur,
3237 3972 3347 4029 quo
3374 3955 3520 4012 Doec

1946 4062 2137 4110 contra
2195 4053 2509 4110 Abimelech
2552 4055 2696 4125 apud
2750 4034 2968 4127 Saulem
3030 4052 3227 4107 falsum
3272 4053 3521 4107 testimo-

1945 4147 2094 4202 nium
2125 4147 2301 4202 dixit:
2326 4156 2381 4203 et
2398 4146 2632 4204 fortasse
2656 4146 2898 4218 Spiritus
2915 4153 3142 4202 sanctus
3172 4143 3518 4199 sacerdotum

1944 4240 2153 4297 cladem
2208 4240 2527 4297 describens
2557 4241 2674 4298 haec
2714 4240 2963 4295 dixerit:
3017 4236 3236 4300 Judica,
3272 4235 3518 4297 Domine.

1944 4341 2181 4387 nocentes
2210 4349 2311 4394 me,
2338 4341 2393 4387 et
2429 4341 2645 4388 caetera.
2679 4330 2810 4399 Quae
2854 4345 3019 4401 porro
3048 4328 3115 4382 de
3145 4341 3256 4381 uno
3283 4326 3400 4381 solo
3443 4324 3521 4379 di-

1944 4432 2161 4488 cuntur,
2198 4434 2259 4479 ut
2296 4424 2428 4479 illud
2459 4434 2544 4480 est
2574 4440 2589 4480 τ
2631 4420 2813 4478 Veniat
2839 4422 2923 4475 illi
2942 4421 3161 4490 laqueus
3186 4433 3337 4496 quem
3363 4418 3517 4486 igno-

1948 4524 2054 4580 rat,
2080 4525 2129 4569 et
2156 4517 2329 4584 captio
2345 4530 2502 4583 quam
2526 4513 2799 4568 abscondit
2826 4508 3185 4580 appreliendat
3221 4523 3360 4574 eum,
3382 4516 3433 4560 et
3460 4507 3518 4561 in

1946 4610 2186 4679 laqueum
2226 4607 2382 4661 cadat
2410 4608 2465 4661 in
2493 4609 2683 4676 ipsum,
2706 4605 2846 4661 Doec
2872 4602 3071 4659 ascribi
3106 4607 3357 4672 possunt.
3382 4598 3518 4655 Illud

1944 4707 2146 4765 autent,
2176 4696 2463 4764 'Surgentes
2486 4705 2636 4750 testes
2658 4697 2848 4766 iniqui,
2875 4709 2992 4765 qua:
3022 4694 3332 4764 ignorabam
3353 4691 3517 4745 inter-

1945 4790 2203 4859 rogabant
2244 4803 2359 4842 me:
2391 4787 2746 4842 retribuebant
2788 4786 2916 4840 mihi
2963 4784 3109 4839 mala
3139 4796 3234 4854 pro
3266 4781 3436 4848 bonis,
3464 4788 3517 4836 st

1945 4880 2277 4936 sterilitatem
2300 4882 2490 4935 anima:
2516 4896 2663 4944 mete,
2689 4894 2754 4934 ex
2775 4877 3111 4933 Abimelechi
3134 4890 3366 4948 persona
3387 4888 3517 4945 pro-

1939 4974 2189 5028 nuntiata
2233 4972 2433 5029 fuerint
2469 4991 2481 5027 :
2517 4987 2637 5042 quae
2682 4986 2782 5042 par
2831 4979 2916 5025 est
2967 4969 3174 5025 dixisse
3229 4966 3510 5028 Davidem,

1936 5067 2179 5136 psalmus
2221 5065 2422 5136 quippe
2478 5064 2598 5133 ejus
2648 5078 2772 5119 esse
2816 5061 3182 5118 inscribitur:
3220 5062 3268 5116 is
3296 5067 3513 5130 προδιοι-

1938 5155 2042 5210 lico
2082 5170 2233 5210 more
2259 5155 2339 5211 sic
2370 5151 2564 5209 e'ﬂatus
2613 5153 2904 5209 credatur:
2938 5152 3069 5219 Qui:
3102 5153 3429 5220 inﬁrmatur.
3454 5153 3509 5202 at

1935 5264 2027 5320 ego
2060 5265 2162 5302 non
2195 5245 2473 5318 inﬁrmor?
2500 5248 2616 5317 qui:
2669 5246 3092 5311 scandalizatur,
3158 5254 3209 5299 et
3262 5258 3354 5313 ego
3401 5253 3508 5294 που

1940 5354 2067 5393 uror
2085 5339 2128 5370 ’ί
2152 5334 2250 5392 ?Et
2281 5355 2294 5391 :
2332 5334 2390 5392 Si
2418 5336 2541 5408 quid
2569 5340 2808 5408 patiatur
2830 5355 2993 5392 unum
3023 5337 3331 5405 membrum,
3360 5344 3506 5384 com-

1938 5431 2215 5498 patiuntur
2243 5432 2419 5485 omnia
2451 5430 2682 5486 membra
2711 5431 2779 5483 “.
2830 5428 2896 5484 Et
2938 5428 3168 5485 forsitan
3198 5424 3337 5478 alius
3365 5432 3505 5488 prac-

1939 5532 2087 5577 terea
2118 5520 2286 5583 dicat.
2338 5523 2556 5593 iniquos
2604 5529 2771 5579 testes
2792 5536 2915 5577 esse
2954 5520 3221 5589 quotquot
3247 5507 3503 5563 Davidem

1938 5613 2081 5685 apud
2103 5612 2320 5676 Saulem
2346 5615 2663 5672 calumniati
2694 5622 2851 5682 sunt;
2883 5611 3045 5665 modo
3070 5605 3273 5676 quippe
3300 5597 3505 5668 Ziplsml
