3980 6214
502 312 523 323 ~-

500 320 635 379 4305

1174 320 1441 378 EUSEBII
1475 320 1961 381 CESARIENSIS
1997 324 2150 383 OPP.
2195 326 2373 383 PARS
2424 328 2511 384 lli.
2548 361 2617 373 --
2656 328 3064 387 EXEGETICA.

3654 326 3768 384 5οι

525 437 847 495 accedentes
856 436 1109 493 dicebant
1129 454 1143 490 :
1172 436 1303 493 Ecce
1318 438 1484 494 David
1505 439 1840 497 absconditus
1853 452 1930 497 est
1944 442 2086 512 apud

2190 443 2373 513 ἔλεγον
2392 444 2635 510 ἐλθόντες
2658 463 2671 476 ·
2714 445 2869 501 Ἰδοὺ
2891 444 3072 501 Δαυτδ
3100 445 3417 513 κέκρυπται
3447 454 3564 509 παρ
3581 438 3769 515 ’ήμῖῆ

524 547 621 588 nos
645 530 691 564 "
720 546 733 582 :
765 538 819 585 et
846 528 956 585 alio
991 539 1236 601 tempore
1283 531 1397 597 alii,
1452 534 1708 603 gratiam,
1759 542 1818 590 ut
1859 535 2091 600 videtur,

506 621 669 697 apud
701 636 884 692 regem
941 621 1153 689 inituri,
1206 624 1378 678 multa
1410 624 1547 680 falsa
1601 627 1915 682 testimonia
1947 627 2095 683 dice-

514 715 676 778 bant.
699 722 756 771 et
781 729 901 785 qua:
933 715 1049 785 ipse
1074 729 1250 785 neque
1269 728 1492 773 noverat
1514 734 1689 788 neque
1711 719 1974 791 cogitarat
1992 720 2096 790 ipsi

528 805 901 862 ascribebant.
947 803 1086 860 lllud
1148 814 1353 871 autem,
1395 808 1753 864 retribuebant
1791 810 1921 863 mihi
1952 809 2096 864 mala

521 912 619 967 pro
635 896 806 961 bonis,
838 895 906 951 ad
938 896 1116 967 ipsum
1146 913 1363 969 quoque
1389 897 1648 956 Davidem
1675 901 1867 958 referri
1891 907 2089 973 potest.

522 986 657 1043 Nam
686 988 872 1044 multis
900 1003 933 1043 a
954 987 1160 1044 Davide
1204 989 1365 1045 bonis
1392 988 1622 1047 affectus
1678 989 1833 1058 Saul,
1870 1001 2095 1049 contra-

518 1080 659 1139 riam
692 1082 799 1154 ipsi
818 1082 993 1139 vicem
1047 1084 1399 1154 rependebat,
1439 1085 1569 1141 dum
1605 1087 1857 1159 graviora
1904 1096 2095 1143 contra

521 1175 895 1247 animamejus
924 1176 1353 1244 machinaretur,
1415 1186 1470 1234 et
1522 1181 1866 1238 sterilitatem
1900 1182 2097 1236 animae

520 1266 643 1338 ejus
692 1267 940 1325 inferret.
974 1267 1128 1324 Tunc
1163 1283 1330 1354 porro
1380 1272 1640 1329 sterilitas
1676 1272 1867 1328 anima:
1916 1273 2092 1339 adest,

519 1358 649 1415 dum
683 1360 893 1417 semina
912 1376 1034 1431 qua:
1063 1360 1120 1416 in
1161 1361 1393 1418 aliorum
1425 1363 1716 1420 utilitatem
1749 1365 1976 1435 spargit,
2001 1373 2095 1420 aut

519 1468 642 1524 qum
672 1467 771 1523 per
793 1453 1099 1509 doctrinam
1129 1455 1348 1521 emittit,
1368 1455 1605 1512 fructum
1635 1472 1744 1511 non
1772 1456 1971 1513 ferunt.
2003 1454 2096 1513 Sic

519 1560 650 1618 ergo
673 1560 799 1602 cum
832 1545 1001 1601 David
1038 1548 1209 1602 multa
1244 1547 1394 1603 Sauli
1437 1549 1578 1604 bona
1610 1551 1874 1621 gigneret,
1894 1550 2093 1607 sterili-

518 1646 686 1695 tatem
718 1638 825 1710 ipsi
849 1636 981 1693 Saul
1000 1638 1287 1705 inferebat,
1308 1654 1418 1695 non
1439 1640 1634 1712 dignos
1661 1641 1917 1698 emittens
1938 1658 2095 1714 spar-

522 1747 711 1788 sorum
743 1731 1018 1788 seminum
1050 1729 1289 1787 fructus.

588 1822 761 1881 Vens.
794 1822 880 1879 15.
916 1823 1030 1895 Ego
1084 1832 1282 1889 autem,
1322 1836 1441 1878 cum
1477 1825 1605 1879 mihi
1650 1826 1856 1881 molesti
1898 1836 2090 1894 essent,
2124 1809 2164 1864 Β

517 1914 777 1970 induebar
806 1916 1000 1969 cilicio.
1034 1912 1104 1967 Et
1128 1914 1477 1968 humiliabam
1523 1916 1578 1969 in
1620 1916 1826 1986 jejunio
1853 1920 2089 1973 animam

519 2023 713 2071 meam,
741 2016 791 2060 et
813 2007 985 2060 oratio
1012 2022 1128 2060 mea
1141 2007 1197 2059 in
1224 2008 1343 2060 sinu
1386 2023 1500 2061 meo
1544 2019 1885 2064 convertetur.
1915 2009 1998 2064 Ad
2027 2026 2091 2067 ea

518 2112 640 2168 quas
688 2097 841 2169 prius
892 2097 1094 2152 tradita
1122 2105 1272 2161 sunt,
1325 2100 1619 2169 perpende,
1658 2114 1850 2170 quaeso
1880 2141 1896 2164 ,
1962 2118 2090 2157 num

518 2188 633 2245 hac
671 2204 917 2258 personae
972 2187 1271 2245 Salvatoris
1318 2191 1493 2245 nostri
1526 2193 1818 2248 convenire
1867 2202 2087 2265 queant,

516 2282 941 2356 propheticeque
993 2282 1063 2338 de
1106 2283 1228 2353 ipso
1273 2284 1636 2353 praenuntiata
1685 2284 1906 2342 fuerint.
1956 2285 2090 2343 Vide

516 2374 684 2445 igitur
737 2388 867 2428 num
893 2388 960 2429 eo
990 2379 1152 2443 pacto
1182 2373 1473 2438 sententia,
1504 2373 1656 2428 nullo
1705 2374 1895 2438 obice,
1930 2374 2089 2443 plana

514 2464 731 2520 evadat.
792 2461 1041 2519 Salvator
1087 2461 1233 2519 enim
1288 2470 1472 2517 noster
1533 2459 1680 2516 Patri
1729 2477 1831 2520 suo
1873 2463 2087 2518 initium

515 2556 711 2629 psalmi
790 2554 1090 2612 secundum
1164 2553 1555 2609 humanitatem
1609 2553 1853 2620 dixerit,
1916 2571 2089 2625 usque

516 2647 588 2703 ad
617 2648 772 2713 illud,
802 2656 853 2702 et
899 2645 1153 2702 concludo
1179 2645 1430 2702 adversus
1469 2662 1558 2701 eos
1589 2646 1679 2717 qui
1708 2657 2089 2717 persequuntur

516 2751 601 2792 me
627 2752 646 2791 :
682 2737 738 2792 in
767 2737 1030 2793 vicesimo
1061 2737 1240 2808 primo
1262 2739 1390 2792 item
1421 2738 1653 2808 psalmo,
1683 2737 1774 2806 qui
1800 2740 2088 2809 perspicue

516 2828 587 2885 ab
614 2829 732 2899 ipso
755 2827 1049 2899 profertur,
1085 2827 1288 2882 dictum
1318 2835 1433 2883 est:
1466 2826 1533 2881 In
1559 2828 1885 2897 adjutorium
1918 2846 2087 2885 meum

514 2920 757 2987 intende;
796 2920 907 2976 imo
928 2928 983 2976 et
1013 2922 1068 2975 in
1096 2918 1407 2989 Evangeliis
1435 2919 1670 2974 orationi
1702 2935 1926 2977 vacasse
1956 2937 2086 2976 nar-

515 3020 690 3068 ratur.
724 3012 790 3067 Et
812 3026 945 3069 sane
965 3027 1086 3082 qum
1128 3011 1217 3066 hic
1248 3010 1451 3081 scripta
1483 3018 1631 3076 sunt,
1663 3022 1786 3082 post
1818 3021 2085 3083 patratum

518 3120 549 3159 a
573 3103 777 3161 Judaeis
810 3105 868 3161 in
891 3119 1014 3161 eum
1048 3103 1262 3160 facinus
1284 3118 1449 3175 opere
1475 3103 1590 3174 ipse
1616 3106 1928 3175 complevit.
1961 3103 2089 3162 Fra-

2195 539 2290 591 xal.
2320 538 2505 592 ἄλλοτε
2538 538 2729 603 ἄλλους
2770 539 2950 604 εἰκὸς,
3008 535 3376 608 κεχαρισμένα
3426 534 3503 605 τῷ
3557 532 3774 603 βασιλεῖ

2195 628 2533 698 πράττοντας
2551 667 2566 691 ,
2603 628 2775 681 πολλά
2805 631 2923 683 κατ’
2952 628 3117 682 αὐτοῦ
3144 626 3602 698 ψευδομαρτυρεῖν
3624 664 3639 688 ,
3669 623 3773 678 καὶ

2194 718 2232 773 ἃ
2265 719 2338 791 μὴ
2364 720 2654 788 ὲγίνωσκεν
2685 721 2818 793 μηδὲ
2840 722 3111 785 διενοεῖτο,
3147 719 3320 774 ταῦτα
3346 718 3467 773 κατ’
3486 717 3650 779 αὖτοῦ
3677 718 3774 771 λέ·-

2197 827 2333 878 γειν.
2364 811 2437 865 Τὸ
2463 812 2529 876 δ’,
2567 812 3073 868 Ἀνταπεδίδοσάν
3085 830 3186 883 μοι
3213 811 3447 879 πονηρὰ
3470 810 3602 866 ἀντὶ
3622 810 3773 881 ἁγα-

2196 903 2336 969 θῶν,
2367 903 2586 959 δύναται
2611 908 2690 969 είς
2719 906 2879 960 αὑτὸν
2901 904 3283 977 ἀναφέρεσθαι.
3330 902 3544 974 Ἐπειδὴ
3564 901 3771 956 πολλὰ-

2196 1012 2284 1059 κις
2322 992 2381 1050 εὖ
2410 996 2596 1051 παθὼν
2629 999 2734 1052 ὑπὸ
2755 998 2849 1053 τοῦ
2879 997 3041 1052 Δαυῖδ
3070 1001 3099 1052 ὀ
3123 997 3293 1051 Σαοὺλ
3317 1035 3331 1059 ,
3365 998 3476 1056 τοῖς
3501 994 3773 1057 ὲναντίοις

2195 1089 2355 1143 αὑτὸν
2381 1089 2642 1160 ἠμείϐετο
2661 1131 2675 1154 ,
2710 1090 2856 1145 δεινά
2887 1088 3027 1144 κατά
3047 1089 3146 1159 τῆς
3182 1088 3362 1158 ψυχῆς
3382 1085 3547 1141 αὐτοῦ
3584 1102 3770 1158 μηχα-

2196 1180 2434 1253 νώμενος
2457 1222 2472 1246 ,
2521 1184 2615 1238 καὶ
2672 1184 2923 1238 ἀτεκνίαν
2972 1180 3214 1253 ἐμποιῶν
3263 1182 3329 1251 τῇ
3381 1179 3525 1250 ψυχῇ
3575 1176 3770 1232 αὐτοῦ.

2209 1274 2455 1328 Ἀτεκνία
2487 1274 2543 1328 δὲ
2567 1274 2745 1345 ψυχῆς
2770 1277 2945 1339 ἐστιν,
2974 1274 3102 1328 ὅταν
3127 1272 3193 1325 τά
3224 1271 3423 1341 ἑαυτῆς
3455 1269 3769 1341 σπέρματα,

2193 1365 2231 1421 ἀ
2262 1366 2653 1421 καταϐάλλεται
2683 1366 2747 1420 δι’
2778 1365 3029 1420 εὐποιιῶν
3059 1368 3140 1429 είς
3185 1360 3403 1435 ἐτέρους
3426 1405 3440 1427 ,
3477 1361 3511 1434 ἢ
3551 1360 3647 1417 καὶ
3676 1362 3770 1415 διὰ

2193 1457 2541 1521 διδασκαλίας
2589 1456 2662 1528 μὴ
2710 1456 2864 1528 φέρει
2898 1456 3128 1528 καρπόν.
3198 1454 3354 1508 Οῦτω
3384 1451 3548 1521 γοῦν,
3595 1451 3771 1505 πολλά

2193 1549 2489 1618 γεννῶντος
2517 1549 2695 1619 ἀγαθά
2713 1548 2805 1602 τοῦ
2837 1544 2997 1602 Δαυῖδ
3023 1548 3103 1611 είς
3138 1547 3227 1600 τὸν
3258 1544 3429 1600 Σαοὺλ
3449 1585 3463 1607 ,
3512 1543 3771 1599 ἀτεκνίαν

2195 1641 2344 1713 αὑτῷ
2371 1644 2399 1695 ὁ
2425 1642 2594 1697 Σαοὺλ
2625 1642 2911 1713 εἰργάζετο
2932 1681 2947 1706 ,
2993 1640 3065 1711 μὴ
3090 1637 3272 1704 ἀξίους
3310 1637 3596 1710 προφέρων
3628 1653 3772 1710 καρ-

2196 1733 2331 1795 ποὺς
2357 1731 2466 1784 τῶν
2489 1732 2569 1795 είς
2590 1731 2752 1785 αὑτὸν
2781 1729 3159 1801 ὲσπαρμένων.

2276 1821 2415 1892 Ἐγὼ
2450 1820 2537 1884 δὲ,
2580 1822 2650 1874 ἐν
2688 1820 2769 1887 τῷ
2809 1820 3028 1886 αὐτοὺς
3059 1816 3454 1887 παρενοχλεῖν
3477 1834 3601 1887 μοι,
3631 1816 3767 1871 ἑνε-

2191 1914 2422 1984 δυόμην
2452 1912 2702 1976 σάκκον,
2743 1912 2841 1966 καὶ
2886 1911 3240 1965 ἐταπείνουν
3266 1910 3336 1962 ἐν
3360 1910 3612 1977 νηστείᾳ
3650 1907 3771 1977 τὴν

2190 2006 2401 2077 ψυχήν
2422 2024 2563 2076 μου,
2588 2005 2686 2059 καὶ
2713 2006 2751 2073 ἡ
2784 2003 3092 2073 προσευχὴ
3129 2021 3248 2073 μου
3285 2005 3373 2069 είς
3398 2003 3631 2057 κόλπον
3644 2019 3770 2071 μου

2189 2098 2737 2168 ἀποστραφήσεται.
2768 2097 2913 2169 Πρὸς
2942 2100 3054 2160 τοῖς
3083 2095 3417 2150 ἀποδοθεῖσιν
3450 2094 3767 2163 ἐπίσκεψαι,

2193 2192 2399 2262 μήποτε
2425 2190 2493 2244 τὰ
2522 2190 2851 2262 προκείμενα
2884 2186 3213 2260 ἐφαρμόζειν
3244 2176 3464 2241 δύναται
3491 2184 3569 2257 τῷ
3597 2202 3770 2258 προσ-

2188 2282 2321 2354 ώπῳ
2348 2284 2443 2337 τοῦ
2466 2284 2713 2355 Σωτῆρος
2740 2284 2771 2353 ἡ
2781 2281 2917 2352 μῶν,
2951 2280 3301 2354 προφητικῶς
3329 2278 3389 2344 ἐξ
3416 2278 3580 2333 αὑτοῦ
3611 2278 3768 2331 τεθε-

2191 2376 2480 2445 σπισμένα.
2511 2376 2650 2445 Ὅρα
2674 2374 2717 2427 δ’
2739 2370 2831 2427 οὖν
2865 2374 2914 2426 εί
2947 2371 3023 2443 μὴ
3067 2372 3159 2425 καὶ
3181 2370 3353 2433 οὕτως
3387 2366 3767 2440 ἐξομαλίζεται

2189 2466 2222 2537 ἡ
2263 2466 2468 2522 διάνοια
2512 2466 2631 2520 κατ’
2668 2464 2857 2519 οὐδένα
2904 2463 3105 2535 τρόπον
3136 2459 3553 2532 ὲμτιοδιζομένη.
3580 2460 3768 2512 Ἔστω

2187 2558 2296 2630 γὰρ
2322 2560 2350 2611 ὁ
2370 2558 2559 2631 Σωτὴρ
2597 2557 2751 2629 ἡμῶν
2790 2556 2962 2627 λέγων
3000 2556 3140 2611 κατά
3167 2555 3227 2608 τὸ
3253 2551 3593 2624 ἀνθρώπινον
3623 2548 3768 2620 πρὸς

2186 2650 2277 2704 τὸν
2305 2650 2497 2704 ἑαυτοῦ
2527 2650 2745 2722 Πατέρα
2775 2650 2873 2720 τὴν
2918 2649 3092 2721 ἀρχὴν
3129 2646 3220 2701 τοῦ
3247 2642 3459 2716 ψαλμοῦ
3489 2643 3613 2705 ἕως,
3645 2640 3762 2694 Kal

2187 2744 2553 2813 σύγκλεισον
2578 2742 2648 2807 ἐξ
2677 2742 2954 2807 ἐναντίας
2994 2738 3112 2793 τῶν
3150 2728 3478 2792 διωκόντων
3508 2748 3615 2803 με·
3657 2731 3768 2784 καὶ

2186 2836 2246 2887 ὲν
2273 2834 2500 2905 εἰκοστῷ
2542 2833 2600 2887 δὲ
2645 2833 2740 2887 καὶ
2769 2831 2972 2904 πρώτῳ
3017 2829 3234 2902 ψαλμῷ,
3266 2827 3448 2897 σαφῶς
3472 2819 3559 2879 ὑπ’
3588 2821 3763 2877 αὑτοῦ

2186 2923 2482 2996 λεγομένῳ,
2503 2924 2734 2996 εἴρηται·
2763 2926 2868 2990 Εις
2891 2924 3005 2991 τὴν
3018 2921 3310 2989 βοήθειάν
3329 2937 3447 2989 μου
3472 2916 3758 2986 πρόσχες·

2185 3015 2321 3070 ἀλλά
2352 3017 2444 3069 καὶ
2473 3017 2531 3070 ὲν
2557 3017 2669 3080 τοῖς
2704 3015 3055 3085 Εὐαγγελίοις
3085 3017 3151 3087 τῇ
3183 3015 3457 3087 προσευχῇ
3487 3009 3762 3081 σχολάζων

2190 3109 2503 3180 ἱστορεῖται.
2532 3108 2640 3162 Ναὶ
2672 3108 2778 3179 μὴν
2811 3107 2904 3161 καὶ
2948 3106 3013 3161 δι’
3043 3106 3217 3179 ἔργων
3248 3106 3484 3178 ἐπλήρου
3522 3104 3591 3158 τά
3627 3105 3758 3158 ἀνα-

516 3210 640 3253 nca
678 3198 880 3268 quippe
925 3196 1201 3262 militaris,
1233 3196 1547 3267 bellumque
1574 3193 1946 3254 Romanorum
1977 3214 2089 3256 non

2190 3177 2549 3272 γεγραμμένα
2576 3177 2713 3270 μετά
2736 3177 2841 3271 τὴν
2869 3200 2987 3252 κατ’
3011 3177 3172 3253 αὐτοῦ
3198 3197 3307 3251 τῶν
3347 3188 3609 3251 Ἰουδαίων
3638 3195 3761 3250 τόλ-

518 3286 614 3343 diu
646 3296 854 3360 postea,
884 3304 986 3345 nec
1006 3288 1127 3344 sine
1156 3287 1249 3343 Dei
1277 3286 1508 3358 judicio,
1533 3288 1752 3345 institit.
1782 3288 1917 3346 Nam
1943 3290 2088 3350 Deus

519 3378 639 3451 ipse
669 3387 809 3447 erat,
846 3380 940 3451 qui
972 3395 1068 3452 per
1106 3380 1361 3436 hostilem
1401 3379 1699 3436 exercitum
1731 3381 1881 3453 ipsos
1911 3383 2091 3456 impu-

517 3472 742 3545 gnabat.
777 3472 834 3528 ld
869 3487 966 3545 per
1015 3473 1331 3544 parabolam
1389 3472 1644 3530 Salvator
1689 3475 1805 3545 ipse
1848 3475 2089 3532 declarat

520 3566 591 3623 iis
619 3565 714 3637 qui
740 3567 1083 3622 vocationem
1111 3566 1179 3621 ad
1207 3565 1427 3635 nuptias
1453 3574 1798 3637 respuerant,
1834 3565 2087 3622 nuntios-

518 3673 629 3730 que
666 3656 1084 3723 interfecerant;
1113 3656 1246 3712 dum
1273 3657 1370 3718 ait.
1414 3673 1595 3729 regem
1626 3659 1844 3717 misnsse
1876 3658 2090 3714 exerci-

518 3757 611 3807 tus
661 3765 795 3807 suos
825 3756 881 3804 et
929 3748 1208 3803 civitatem
1260 3762 1450 3803 eorum
1497 3750 1852 3806 succendisse
1884 3749 1949 3803 εδ.
1996 3750 2088 3805 Sic

520 3840 707 3909 itaque
733 3854 798 3894 ea
822 3853 972 3909 .quaa
1011 3837 1125 3905 jam
1156 3845 1460 3895 tractamus
1499 3840 1719 3912 impleta
1767 3850 1915 3899 sunt.
1947 3842 2087 3910 Quia

516 3933 667 3989 enim
690 3932 766 3987 illi
787 3946 910 3987 cum
934 3928 1075 3986 Filio
1089 3930 1182 3987 Dei
1209 3931 1395 4003 inique
1413 3941 1659 4003 egerunt,
1674 3936 1913 3991 damnati
1936 3944 2085 4001 sunt,

518 4025 763 4096 nltioque
791 4024 1075 4096 sanguinis
1102 4024 1223 4094 ejus
1253 4034 1469 4095 sumpta
1523 4036 1628 4083 est.
1680 4028 1746 4083 Et
1790 4031 1918 4101 quia
1964 4046 2087 4087 sese

517 4114 725 4169 Christi
754 4114 1006 4169 inimicos
1040 4112 1407 4184 praebuerunt,
1444 4127 1476 4167 a
1520 4113 1627 4169 Deo
1666 4115 1787 4184 ipso
1833 4115 2087 4172 debellati

518 4214 670 4270 sunt,
710 4222 833 4262 cum
862 4204 1010 4271 telis,
1040 4204 1230 4276 clypeo
1266 4211 1323 4260 et
1369 4204 1594 4270 framea,
1651 4206 1912 4263 irruente.
1966 4206 2085 4264 Non

517 4299 734 4356 occulte
766 4298 910 4354 enim
944 4297 1095 4369 ipsos
1126 4295 1310 4352 divina
1342 4295 1497 4362 ultio,
1544 4296 1639 4352 sed
1676 4311 1772 4367 per
1804 4283 2086 4354 hominum

516 4390 793 4448 exercitus
832 4389 1023 4445 adorta
1061 4394 1166 4444 est.
1197 4386 1381 4443 Mirari
1415 4401 1547 4442 sane
1577 4387 1743 4451 subit,
1778 4403 1887 4459 quo
1928 4374 2086 4459 pacto

515 4484 723 4542 dictum
752 4484 944 4540 fuerit:
974 4479 1197 4553 Eﬂ'unde
1221 4481 1496 4551 frameam.
1521 4479 1637 4535 Non
1658 4482 1824 4547 enim,
1848 4492 1907 4537 ut
1930 4482 2082 4549 olim,

2192 3308 2319 3364 μαν.
2367 3286 2635 3363 Ῥομφαία
2663 3290 2771 3361 γάρ
2811 3289 3174 3362 στρατιωτικὴ
3221 3289 3315 3343 καὶ
3351 3284 3585 3359 πόλεμος
3625 3286 3761 3339 Ῥω-

2192 3384 2385 3456 μαῖκδς
2431 3384 2532 3438 οὐκ
2579 3385 2657 3447 είς
2696 3384 2911 3455 μακράν
2945 3382 3204 3455 μετῆλθεν
3245 3383 3460 3445 αὐτοὺς,
3491 3373 3590 3434 οὔκ
3629 3380 3760 3434 ἄνευ

2186 3477 2285 3547 τῆς
2321 3476 2416 3531 τοῦ
2455 3475 2589 3530 θεοῦ
2636 3475 2886 3549 κρίσεως.
2922 3476 3053 3540 Θεὸς
3085 3476 3192 3548 γάρ
3221 3472 3287 3547 ἢν
3320 3477 3348 3529 ὁ
3377 3470 3627 3546 πολεμῶν
3658 3475 3761 3527 αῦ-

2186 3570 2314 3633 τοὺς
2339 3570 2426 3623 διά
2448 3567 2543 3623 τοῦ
2571 3570 2679 3624 τῶν
2706 3570 2977 3641 πολεμίων
3004 3569 3253 3641 στρατοῦ.
3281 3569 3449 3622 Τοῦτο
3474 3570 3568 3622 καὶ
3600 3567 3762 3631 αὐτὸς

2187 3659 2217 3712 ὁ
2246 3658 2434 3730 Σωτὴρ
2454 3658 2541 3712 διὰ
2566 3658 2871 3730 παραϐολῆς
2896 3659 3191 3730 παρίστησι
3218 3662 3329 3721 τοῖς
3354 3656 3762 3732 παρῃτημένοις

2185 3750 2285 3822 τὴν
2310 3751 2497 3821 κλῆσιν
2516 3750 2609 3803 τοῦ
2635 3750 2832 3821 γάμου,
2867 3747 2961 3802 καῖ
2985 3751 3110 3813 τοὺς
3138 3749 3405 3821 κλήτορας
3429 3748 3722 3817 φονεύσασι
3742 3763 3756 3776 ·

2187 3840 2397 3910 πέμψαι
2427 3841 2603 3912 φήσας
2634 3838 2723 3894 τὸν
2754 3840 2977 3911 βασιλέα
2990 3840 3061 3893 τὰ
3077 3838 3439 3911 στρατιωτικά
3471 3838 3635 3891 αὑτοῦ
3664 3837 3763 3892 καὶ

2185 3933 2285 4005 τὴν
2332 3932 2485 3987 πόλιν
2540 3933 2717 3986 αὐτῶν
2763 3934 3064 4005 ἐμπρῆσαι.
3116 3932 3270 3986 Οῦτω
3324 3931 3501 3985 τοίνυν
3551 3929 3646 3984 καὶ
3692 3928 3762 3982 τὰ

2189 4022 2328 4095 μετά
2369 4025 2555 4094 χεῖρας
2598 4024 2914 4095 ἐπληροῦτο.
2958 4022 3172 4095 Ἐπειδὴ
3215 4022 3322 4095 γὰρ
3354 4022 3507 4077 αὐτοὶ
3539 4021 3762 4093 ἠδίκουν

2184 4115 2278 4168 τὸν
2310 4108 2436 4168 Υἱὸν
2476 4114 2569 4168 τοῦ
2613 4116 2746 4170 Θεοῦ
2770 4158 2783 4181 ,
2823 4115 3204 4188 ὲδικάσθησαν,
3250 4114 3630 4186 ἐκδικουμένου
3665 4112 3761 4168 τοῦ

2185 4206 2413 4276 αἵματος
2454 4204 2637 4260 αὑτοῦ.
2669 4207 2778 4261 Kal.
2819 4207 3004 4280 ἐπειδὴ
3031 4206 3319 4278 πολεμίους
3357 4206 3555 4269 αὐτοὺς
3597 4205 3762 4259 κατέ-

2187 4313 2388 4368 στησαν
2432 4296 2524 4350 τοῦ
2569 4298 2840 4369 Χριστοῦ,
2876 4298 3290 4370 ἐπολεμήθησαν
3338 4298 3441 4352 imo
3480 4297 3576 4351 τοῦ
3620 4296 3761 4352 Θεοῦ

2189 4386 2536 4458 μετελθόντος
2563 4386 2713 4456 ὅπλῳ
2760 4387 2853 4441 καὶ
2886 4384 3063 4458 θυρεῷ
3101 4387 3195 4441 καὶ
3250 4384 3507 4458 ῥομφαίᾳ.
3540 4385 3617 4438 Οὐ
3651 4385 3762 4457 γάρ

2186 4477 2406 4547 ἀφανῶς
2437 4478 2632 4542 αὐτοὺς
2659 4479 2692 4548 ἡ
2723 4476 2842 4531 θεία
2875 4478 3060 4550 μετῄει
3100 4477 3244 4549 δίκη,
3277 4476 3411 4531 ἀλλά
3448 4475 3539 4529 διὰ
3565 4476 3675 4528 τῶν
3700 4475 3763 4529 ἂν

516 4589 582 4630 ex
632 4584 788 4645 parte
838 4543 1689 4639 solumubelloincessebantur,
1740 4543 1835 4629 sed
1867 4543 2082 4632 hostilis

2189 4543 2491 4643 ἀνθρώποις
2512 4543 2800 4640 πολεμίων.
2831 4543 3117 4641 Θαυμάσαι
3139 4570 3184 4624 δ’
3206 4543 3348 4623 ἐστιν
3369 4570 3516 4632 ὅπως
3543 4570 3761 4640 εἴρηται

517 4660 727 4718 framea
771 4671 960 4718 contra
991 4662 1117 4718 illos
1147 4661 1317 4717 effusa
1345 4672 1465 4729 est;
1515 4672 1843 4735 quapropter
1874 4663 2080 4719 dictum

514 4762 632 4811 est:
669 4754 907 4810 Peruenit
930 4764 1105 4809 autem
1125 4755 1194 4808 ad
1220 4754 1339 4808 illos
1360 4755 1444 4809 ira
1471 4756 1525 4809 in
1546 4757 1700 4825 ﬁnem
1726 4756 1771 4788 "
1792 4775 1806 4825 ;
1828 4763 1881 4812 et
1907 4756 2034 4811 alibi
2064 4776 2078 4811 :

519 4844 751 4917 Eﬂ'unde
770 4862 927 4916 super
954 4863 1040 4902 eos
1068 4846 1208 4900 iram
1256 4856 1401 4900 tuam
1434 4847 1500 4900 ⁸⁸.
1534 4846 1667 4913 Quis
1703 4863 1868 4918 porro
1898 4847 2081 4905 Histo-

516 4938 632 4994 rias
662 4935 832 4993 Flavii
878 4936 1099 5010 Iosephi
1134 4952 1479 5009 percurrens.
1511 4953 1810 5009 earumque
1854 4947 2079 4994 narratu

517 5030 884 5101 comperiens,
914 5046 1022 5102 qua
1064 5030 1278 5087 ratione
1322 5029 1608 5088 obsidione
1636 5031 1905 5096 conclusi,
1939 5032 2081 5089 fame

517 5128 573 5178 et
598 5120 956 5178 seditionibus
999 5122 1314 5186 interibant,
1342 5138 1450 5178 non
1479 5137 1719 5193 presens
1747 5123 1951 5181 dictum
1985 5124 2081 5180 ad-

2188 4664 2278 4718 τόο
2328 4666 2581 4733 Ἐκχεον
2611 4662 2944 4731 ῥομφαίαν
2984 4661 3166 4716 οὐκέτι
3205 4662 3314 4733 γὰρ
3367 4661 3507 4726 κατὰ
3543 4661 3606 4713 τὸ
3653 4677 3763 4714 πα-

2186 4752 2333 4807 λαιὸν
2361 4752 2599 4825 μερικῶς
2626 4752 2819 4816 αὐτοὺς
2838 4754 2867 4805 ὁ
2887 4750 3118 4822 πόλεμος
3140 4751 3357 4823 μετῄει·
3387 4750 3500 4804 ἀλλ’
3526 4749 3762 4822 ἐξεχύθη

2187 4848 2306 4899 κατ’
2333 4842 2510 4900 αὐτῶν
2541 4843 2808 4915 πολεμικὴ
2842 4844 3080 4915 ῥομφαία
3101 4861 3114 4874 ο
3140 4843 3220 4897 διὸ
3247 4842 3519 4897 λέλεκται*
3549 4844 3767 4911 Ἐςρθα-

2186 4952 2259 4991 σε
2282 4937 2331 4991 δ’
2357 4938 2447 4991 ἐπ’
2470 4936 2691 5003 αὐτοὺς
2719 4937 2758 5005 ἡ
2788 4936 2932 5005 ὀργὴ
2977 4938 3063 5001 εις
3101 4934 3300 5000 τέλος·
3347 4934 3440 4990 καὶ
3480 4934 3715 5005 ἀλλαχοῦ
3743 4952 3760 4967 ’

2186 5031 2436 5099 Ἕκχεον
2464 5028 2555 5081 ἐπ’
2590 5025 2811 5093 αὐτοὺς
2847 5026 2961 5094 τὴν
2998 5028 3181 5095 ὀργήν
3218 5043 3352 5081 σου.
3391 5026 3486 5090 Τίς
3510 5025 3587 5089 δὲ,
3613 5024 3761 5078 διελ-

2182 5120 2290 5177 θὼν
2316 5123 2413 5186 τὰς
2446 5120 2674 5174 Φλαυῖου
2716 5120 3018 5191 Ἰωσήππου
3064 5118 3344 5188 Ἱστορίας,
3383 5116 3568 5188 μαθών
3600 5134 3662 5170 τε
3696 5116 3765 5182 ἐξ

518 5214 774 5270 miretur:
806 5212 878 5268 Et
908 5213 1158 5268 eonelude
1185 5212 1433 5268 adversus
1463 5230 1550 5269 eos
1580 5216 1668 5286 qui
1706 5226 2082 5288 persequuntur

2189 5214 2356 5269 αὐτῶν
2397 5214 2574 5275 ὅπως,
2623 5212 2681 5263 ἐν
2734 5208 3080 5282 συγκλεισμῷ
3127 5206 3558 5278 ἀποληφθέντες,
3611 5206 3763 5278 λιμῷ

517 5306 645 5362 me!
674 5304 805 5372 Quae
838 5319 967 5360 vero
994 5311 1177 5374 postea
1206 5304 1638 5375 subsequuntur,
1670 5308 1845 5363 solum
1879 5307 2078 5364 Serva-

2181 5307 2274 5360 καὶ
2313 5305 2502 5358 στάσει
2543 5302 2930 5376 διεφθάρησαν,
2964 5302 3029 5354 οῦ
3058 5299 3326 5371 θαυμάσει
3375 5299 3471 5371 τὴν
3519 5296 3765 5351 ἐνταῦθα

514 5405 689 5454 torem
731 5395 884 5452 Ῥοιιί
947 5410 1050 5452 suo
1098 5394 1395 5451 secundum
1454 5395 1842 5452 humanitatem
1895 5398 2078 5455 dicere

2189 5397 2441 5464 λέγουσαν
2494 5396 2705 5467 φωνήν·
2763 5395 2875 5450 Καὶ
2928 5395 3296 5463 σύγκλεισον
3346 5390 3418 5456 ἐξ
3475 5390 3767 5456 ἐναντίας

512 5486 768 5547 convenit
799 5505 813 5542 :
843 5483 945 5564 Die
973 5484 1163 5540 anima:
1202 5499 1329 5539 meae
1351 5499 1370 5537 :
1404 5481 1563 5538 Salus
1604 5494 1697 5539 tua
1725 5501 1815 5556 ego
1855 5501 1992 5545 sum,
2023 5491 2078 5540 et

511 5586 707 5636 catera
734 5593 908 5649 usque
936 5575 1002 5632 ad
1032 5574 1166 5631 illud
1190 5594 1206 5631 :
1233 5574 1527 5647 Etangelua
1554 5575 1767 5630 Domini
1803 5583 2076 5631 coarctans

2182 5483 2300 5539 τῶν
2328 5484 2807 5540 καταδιωκόντων
2836 5500 2944 5555 pe;
2981 5482 3136 5554 Ἑξῆς
3166 5481 3223 5536 δὲ
3254 5484 3461 5543 τούτοις
3498 5478 3647 5550 μόνῳ
3676 5475 3768 5551 τῷ

2185 5576 2396 5647 Σωτῆρι
2427 5577 2625 5649 πρέπει
2654 5577 2721 5632 ἂν
2736 5577 2915 5647 λέγειν
2951 5575 3029 5647 τῷ
3071 5572 3261 5629 ἑαυτοῦ
3302 5571 3477 5643 ῐιατρὶ
3507 5569 3655 5626 κατά
3692 5568 3768 5627 τὸ

584 5759 631 5793 ’⁸
666 5757 689 5815 ι
720 5757 851 5832 Reg.
892 5774 1059 5829 uin,
1091 5758 1177 5816 19.
1252 5758 1298 5791 ⁸⁸
1337 5756 1524 5814 Matth.
1558 5756 1704 5828 mil,
1744 5758 1792 5814 7.
1870 5758 1914 5789 "
1950 5756 1969 5810 ι
2000 5757 2089 5812 Tlu

2189 5806 2190 5810 η
2228 5775 2297 5824 ιι,
2335 5759 2417 5814 16.
2496 5761 2540 5791 ²⁶
2581 5757 2717 5812 Psal.
2756 5772 2955 5822 vam,
2987 5754 3078 5812 25.
