3992 6216
265 327 372 387 595

1371 317 1868 378 COMMENTARIA
1906 317 1973 374 IN
2012 312 2348 374 PSALMOS.

3400 312 3531 373 306.

263 443 629 519 ἀνθρώπινον·
665 435 859 500 Εἶπον
894 439 967 510 τῇ
997 440 1171 512 ψυχῇ
1209 456 1358 510 μου·
1414 438 1681 507 Σωτηρίιι
1727 453 1832 492 σοι

1941 452 2049 491 eos.
2086 433 2214 490 Haec
2236 446 2400 504 porro
2429 439 2543 486 tum
2577 429 2960 501 implebantur,
2995 443 3118 485 cum
3148 443 3179 484 a
3214 428 3529 502 metropoli.

258 540 376 611 εἰμὶ
398 537 534 610 ἐγὼ,
564 537 660 592 καὶ
699 537 770 592 τὰ
807 534 953 606 ἑξῆς,
982 534 1086 596 ἕως
1127 532 1242 595 τοῦ,
1274 530 1385 587 Καὶ
1431 528 1686 600 ἄγγελος
1714 532 1833 583 Κυ-

253 628 389 697 ρίου
426 628 719 684 ἐκθλίόων
760 626 997 692 αὐτούς.
1046 625 1155 679 Καὶ
1195 623 1373 680 ταῦτα
1410 623 1469 676 δὲ
1511 620 1831 695 ἐπληροῦτο,

256 720 347 775 Et:
390 719 491 790 τῆς
538 720 634 791 μὲν
676 718 882 773 ἑαυτῶν
925 716 1309 790 μητροπόλεως
1357 714 1648 786 ἠλαύνοντο
1667 756 1682 777 ,
1725 715 1835 769 διε-

258 812 614 886 σκορπίζοντο
652 812 708 866 δὲ
746 812 825 874 εἰς
866 810 1040 865 πάντα
1077 809 1146 865 τὰ
1184 808 1332 881 ἔθνη.
1382 804 1515 862 Εἶτα
1550 807 1830 861 λέλεκταιο

257 902 576 970 Γενηθήτω
613 903 651 971 ἡ
691 901 830 968 ὀδὸς
866 900 1065 955 αὐτῶν
1104 901 1323 966 σκότος
1365 900 1464 953 καὶ
1514 898 1841 967 ὀλίσθημα,

268 989 419 1054 Ὁδὸς
449 990 507 1044 δὲ
539 989 716 1044 αὐτῶν
743 989 809 1061 ἢν
839 988 1040 1044 ὥδευον
1071 988 1238 1044 πάλαι
1278 991 1311 1061 ἡ
1353 988 1639 1060 σωματικὴ
1670 989 1833 1058 ἐτύγ-

254 1096 389 1150 χανε
440 1078 662 1151 λατρεία
678 1119 694 1144 ,
748 1079 867 1150 ἥτις
914 1080 1097 1144 αὺτοῖς
1150 1078 1353 1150 γέγονε.
1379 1078 1567 1142 σκότος
1597 1079 1691 1133 καὶ
1725 1078 1835 1133 ὀλί-

256 1170 473 1243 σθημαο
527 1169 661 1224 ἀλλὰ
708 1171 821 1235 καὶ,
854 1172 1136 1240 Ἀγγελος
1174 1169 1398 1238 Κυρίου
1455 1168 1836 1224 καταδιώκων

252 1261 494 1325 αὐτούς.
539 1258 726 1314 Ταῦτα
768 1260 865 1331 μὲν
908 1255 1000 1313 οὖν
1046 1259 1338 1331 τάπίχειρα
1382 1251 1457 1313 ὧν
1502 1259 1621 1312 κατ’
1667 1258 1832 1313 αὑτοῦ

250 1351 669 1423 τετολμήκασιν.
711 1352 941 1424 Ἀκούσῃ
987 1352 1046 1405 δὲ
1093 1352 1199 1405 τῶν
1245 1351 1575 1423 εἰρημένων,
1618 1353 1716 1424 οὐχ
1758 1354 1833 1418 ὡς

251 1445 345 1498 τοῦ
370 1444 623 1517 Σωτῆρος
650 1445 1049 1516 κατευχομένου
1093 1443 1201 1496 τῶν
1251 1442 1442 1498 ἑαυτοῦ
1486 1444 1713 1516 ἐχθρῶν
1736 1445 1830 1499 τοῦ

251 1538 363 1601 τοῖς
394 1535 586 1590 ἑαυτοῦ
621 1536 887 1607 μαθηταῖς
920 1536 1382 1608 παρηγγελκότος,
1413 1539 1833 1608 Προσεύχεσθε

252 1628 402 1696 ὑπὲρ
432 1626 551 1681 τῶν
576 1627 1019 1697 ἐπηρεαζὶῖντων
1051 1628 1147 1682 καὶ
1179 1627 1546 1683 ἀδικούντων
1568 1631 1792 1697 αὐτούς
1812 1648 1826 1661 ·

250 1718 388 1772 ἀλλὰ
417 1719 526 1791 γάρ
556 1719 767 1776 τούτων,
790 1720 954 1774 ἄκουε
1006 1720 1082 1783 ὡς
1121 1721 1473 1793 προφητικῶς
1502 1722 1825 1795 εἰρημένων,

1938 543 2044 584 sua
2069 528 2232 597 pulsi,
2264 527 2320 580 in
2350 540 2542 580 omnes
2575 530 2762 593 gentes
2791 522 3261 595 dispergebantur.
3293 522 3531 581 Deinde,

1941 622 2150 678 dictum
2181 628 2266 676 est
2308 639 2322 675 :
2355 617 2518 672 Fiant
2547 618 2643 672 vita
2675 616 2888 671 illorum
2916 614 3134 671 tenebris
3151 612 3529 680 et:lubriesm._

1946 714 2045 769 Via
2067 729 2173 785 qua
2210 712 2534 768 incedebant
2568 717 2685 765 erat
2723 710 3023 779 corporalis
3051 709 3142 764 ille
3159 709 3366 774 cultus,
3406 710 3522 780 qui.

1938 807 2079 879 ipsis
2110 805 2346 861 tenebrae
2374 811 2427 859 et
2459 803 2724 858 lubricum
2758 802 2890 867 fuit;
2916 802 3025 856 imo
3056 803 3240 867 etiam,
3272 801 3523 872 Angelus,

1941 899 2157 954 Domini
2177 913 2483 968 persequens
2509 911 2618 949 eos.
2649 893 2774 949 Haec
2803 909 3026 949 suorum
3058 892 3322 948 adversus
3343 891 3504 948 Chri-

1938 1001 2081 1048 stum
2124 990 2428 1046 facinorum
2459 989 2679 1060 praemia
2704 987 2875 1043 fuere.
2910 986 3177 1041 Caeterum
3205 1000 3325 1056 quae
3357 984 3529 1049 dicta;

1939 1094 2068 1143 sunt
2096 1100 2206 1141 non
2250 1086 2324 1139 ita
2351 1084 2588 1155 accipias
2617 1083 2799 1147 velim,
2827 1080 2985 1152 quasi
3017 1080 3270 1135 Salvator
3296 1079 3361 1134 dc
3390 1079 3501 1133 ini-

1936 1180 2200 1232 micorum
2230 1174 2471 1245 pernicie
2496 1174 2776 1244 glorietur,
2801 1171 2894 1242 qui
2917 1169 3199 1241 discipulis
3221 1171 3336 1225 suis
3364 1185 3502 1241 pra:—

1937 1267 2101 1338 cepit,
2135 1265 2296 1322 Orate
2325 1281 2421 1334 pro
2445 1265 2514 1319 iis
2540 1264 2629 1335 qui
2659 1262 2949 1317 molestiam
2979 1272 3028 1316 et
3059 1260 3313 1331 injuriam
3350 1260 3507 1314 vobis

1938 1358 2172 1427 inferunt
2202 1358 2246 1388 ³⁷
2284 1375 2296 1410 :
2331 1355 2425 1412 sed
2453 1356 2569 1410 haec
2593 1362 2656 1410 ut
2683 1350 2997 1426 prophetico
3021 1353 3165 1408 dicta
3209 1361 3264 1408 et
3290 1350 3512 1407 futurae

1934 1466 2055 1504 rum
2109 1465 2296 1505 eorum
2362 1448 2731 1504 calamitatum
2783 1444 3087 1517 praenuntia
3152 1443 3513 1516 intelligenda-

1936 1549 2083 1597 sunt.
2128 1541 2260 1608 Quae
2309 1556 2475 1596 causa
2524 1555 2688 1611 porro
2717 1538 2880 1594 fuerit
2915 1553 3015 1593 cur
3043 1552 3108 1593 ea
3154 1536 3500 1601 vaticinetur,

1935 1635 2197 1704 deinceps
2228 1633 2403 1705 aperit
2427 1632 2517 1689 his
2541 1632 2725 1689 verbis
2758 1632 3066 1699 :-Quoniam
3094 1631 3261 1702 gratis
3285 1627 3503 1684 abscon-

1935 1726 2124 1780 derunt
2162 1725 2291 1779 mihi
2329 1726 2600 1779 interitum
2632 1723 2806 1795 laquei
2839 1723 2945 1788 sui,
2975 1737 3289 1792 supervacue
3308 1736 3500 1791 expre-

252 1810 346 1865 καὶ
371 1807 440 1864 τὰ
471 1808 732 1879 μέλλοντα
754 1809 937 1874 αὐτοῖς
970 1808 1343 1883 συμϐήσεσθαι
1377 1794 1832 1884 προαναφωνούν-

1938 1817 2213 1873 braverunt
2245 1818 2480 1871 animam
2511 1820 2723 1871 meam.‘

251 1921 380 1960 των.
423 1903 610 1960 Ταῦτα
653 1905 711 1958 δὲ
762 1905 941 1971 αὐτοῖς
986 1907 1200 1961 ἔσεσθαι
1254 1908 1495 1974 θεσπίζει
1538 1910 1625 1965 διὰ
1664 1912 1824 1967 ποίαν
1862 1914 2061 1978 αἰτίαν,
2089 1914 2214 1986 ἑξῆς
2240 1914 2478 1969 διδάσκει
2517 1913 2759 1984 λέγωνἠ,
2788 1909 3176 1979 Ὅτιδωρεὰν
3227 1906 3504 1978 εκρυψάν

253 2013 351 2053 uos
378 1997 705 2068 διαφθορὰν
736 2001 983 2072 παγίδος
1015 2003 1233 2068 αὐτῶν,
1276 2004 1476 2074 μάτην
1510 2006 1829 2063 ὠνείδισαν
1865 2010 1978 2081 τὴν
2003 2012 2216 2082 ψυχήν
2236 2030 2376 2082 μου.

324 2095 436 2148 Καὶ
476 2095 649 2150 ταῦτα
694 2098 794 2168 μὲν
827 2098 955 2170 περῖ⁹
984 2098 1076 2153 τοῦ
1112 2099 1349 2173 πλήθους
1373 2101 1483 2157 τῶν
1513 2104 1633 2156 κατ’
1661 2104 1827 2158 αὑτοῦ

255 2185 650 2268 συνελθόντων)
688 2188 757 2242 τὰ
804 2190 861 2244 δὲ
900 2190 1027 2261 ἑξῆς
1054 2191 1236 2245 οὐκέτι
1272 2193 1401 2264 περὶ
1439 2193 1666 2260 πολλῶν,
1702 2195 1830 2268 περὶ

250 2278 294 2333 δ’
310 2264 446 2343 ’ἑνὸς
468 2278 787 2353 λελεγμένα,
814 2282 1034 2337 δύναται
1067 2284 1561 2358 προσαγορεύεσθαι
1578 2288 1705 2360 περὶ
1733 2264 1828 2341 τοῦ

259 2370 451 2439 Ἰούδα,
484 2372 564 2439 ὃς,
602 2374 859 2447 κρύπτων
903 2375 1001 2447 τὴν
1045 2377 1166 2443 κατ’
1194 2376 1359 2430 αὐτοῦ
1412 2380 1702 2452 συσκευὴν,
1743 2399 1830 2451 φι-

250 2463 368 2518 λίαν
397 2482 456 2518 τε
496 2465 1058 2540 καθυποκρινόμενος,
1109 2467 1372 2539 φιλήματι
1414 2471 1697 2544 παρεδίδου
1738 2473 1829 2528 τὸν

249 2556 598 2620 Διδάσκαλον.
630 2559 721 2613 Διὸ
762 2561 891 2632 περὶ
931 2559 1095 2614 αὐτοῦ
1141 2560 1287 2630 λέγοι
1329 2562 1396 2616 ἂν
1444 2563 1506 2616 τὸ
1525 2603 1539 2627 ,
1580 2565 1829 2619 Ἐλθέτω

249 2649 411 2716 αὐτῷ
435 2649 722 2721 παγίς,ἣν
747 2654 819 2707 οὐ
846 2652 1143 2724 γινώσκει,
1176 2653 1275 2707 καὶ
1306 2655 1345 2723 ἡ
1375 2655 1528 2724 θήρα
1554 2654 1633 2723 ἢν
1662 2655 1832 2725 ἔκρυ-

250 2742 334 2808 ψε
362 2740 712 2796 συλλαϐἐτω
738 2742 946 2806 αὐτὸν,
983 2744 1082 2801 καὶ
1112 2744 1184 2798 ἐν
1210 2742 1301 2812 τῇ·
1320 2744 1522 2815 staﬁda
1562 2745 1830 2803 πεσεῖται

253 2831 322 2891 ὲν
346 2832 520 2902 αὐτῇ.
550 2835 662 2887 Καὶ
690 2833 861 2889 ταῦτα
896 2836 993 2905 μὲν
1022 2838 1152 2908 περὶ
1180 2837 1403 2893 τούτων.

325 2918 400 2977 Εὖ
441 2924 500 2977 δὲ
541 2923 693 2988 εἰδὼς
737 2927 816 2989 είς
851 2920 960 2980 οἷον
1001 2928 1203 2997 ἀγαθὸν
1239 2929 1391 2995 τέλος
1430 2933 1464 3003 ή
1499 2948 1602 2985 κατ
1618 2931 1637 2955 ’λ
1663 2931 1835 2989 αὐτοῦ,

256 3017 667 3087 παραστήσεται
707 3016 996 3090 ἐπιϐουλὴ,
1046 3022 1142 3074 καὶ
1188 3020 1346 3075 τοῦτο
1394 3023 1689 3095 παρίστησι
1738 3023 1827 3077 λέ-

253 3125 401 3177 ⁴δίων·
448 3110 510 3164 Ἠ
538 3108 608 3163 δὲ
633 3109 801 3179 ψυχή
821 3127 941 3180 μου
982 3112 1409 3183 ἀγαλλιάσεται
1452 3114 1550 3168 ἐπὶ
1590 3114 1670 3181 τῷ
1710 3120 1828 3170 Κυ-

246 3202 378 3277 ρίῳ,
417 3203 813 3273 τερφθήσεταιη
842 3203 923 3271 τῷ
961 3204 1230 3274 σωτηρίῳ
1268 3207 1475 3261 αὐτοῦ.
1523 3206 1725 3261 Πάντα
1758 3207 1833 3262 τὰ

254 3292 408 3349 ὀστᾶ
429 3311 551 3364 μου
581 3295 815 3363 ἐροῦσι·
851 3297 1047 3364 Κύριε,
1080 3297 1173 3363 τίς
1208 3296 1407 3366 ὅμοιός
1446 3311 1583 3361 σοι;
1617 3298 1832 3367 ῥυόμε-

2000 2107 2067 2162 Et
2096 2109 2211 2164 haec
2235 2108 2454 2178 quidem
2489 2106 2556 2161 de
2578 2104 2929 2161 multitudine
2957 2111 3147 2158 contra
3174 2117 3298 2158 eum
3332 2101 3501 2157 colle-

1931 2206 2050 2265 cta;
2081 2214 2200 2269 qua:
2243 2204 2555 2268 sequuntur
2579 2205 2782 2259 autem,
2825 2210 2937 2251 non
2964 2193 3033 2251 de
3065 2194 3273 2256 multis.
3305 2192 3401 2249 sed
3432 2191 3503 2248 de

1932 2304 2044 2345 uno
2080 2290 2255 2345 solum
2290 2289 2456 2352 dicta,
2488 2289 2555 2345 de
2585 2287 2725 2343 Juda
2770 2295 3135 2360 congruenter
3172 2287 3384 2357 prolata
3417 2284 3505 2345 in-

1931 2380 2266 2450 telligantur,
2334 2380 2426 2450 qui
2490 2380 2949 2453 conspirationem
3025 2378 3289 2435 adversus
3345 2378 3519 2439 illum.

1933 2470 2223 2525 conﬂatam
2253 2472 2535 2529 occultans
2568 2472 2972 2543 amicitiamque
3000 2470 3288 2538 simulans,
3310 2469 3501 2525 osculo

1932 2562 2251 2634 Magistrum
2284 2562 2526 2617 tradidit.
2576 2563 2759 2630 Quare
2787 2563 2856 2619 de
2905 2562 2998 2617 illo
3027 2562 3225 2617 dixerit
3258 2580 3273 2616 :
3315 2560 3503 2615 Veniat

1932 2656 2015 2710 illi
2058 2655 2275 2725 laqueus
2302 2671 2451 2725 quem
2485 2656 2715 2726 ignorat,
2739 2664 2790 2710 et
2820 2652 2997 2724 captio
3034 2669 3192 2724 quam
3226 2651 3521 2715 absconditT

1933 2746 2287 2817 apprehendat
2340 2764 2481 2812 eum,
2541 2757 2591 2802 et
2641 2749 2695 2802 in
2744 2747 2991 2819 laqueum
3021 2746 3178 2801 cadat
3216 2747 3271 2800 in
3308 2747 3511 2816 ipsum.

1935 2839 2058 2903 Haec
2086 2840 2305 2910 quidem
2332 2840 2419 2897 his
2448 2842 2516 2896 de
2547 2840 2714 2896 rebus
2747 2840 2893 2895 dicta
2930 2838 3153 2896 fuerint.

2000 2929 2135 2986 Cum
2160 2933 2326 3001 probe
2354 2938 2564 2995 nosset,
2592 2945 2756 3001 quam
2785 2930 2963 2986 bonus
3014 2930 3359 2985 insidiarum.
3397 2929 3527 2987 sibi'

1932 3032 2242 3093 paratarum
2287 3024 2466 3080 exitus
2509 3023 2727 3078 futurus
2761 3029 2929 3087 esset,
2976 3021 3032 3077 id
3065 3038 3286 3093 quoque
3321 3022 3505 3078 decla-

1932 3123 2021 3168 rat
2047 3114 2133 3170 his
2156 3114 2337 3170 verbis
2369 3131 2383 3168 :
2417 3114 2610 3169 Anima
2645 3124 2820 3169 autem
2846 3132 2964 3171 mea
2992 3115 3281 3171 exsultabit
3310 3116 3364 3170 in
3392 3114 3505 3171 Do-

1934 3206 2098 3272 mino,
2137 3204 2483 3260 delectabitur
2520 3220 2675 3274 super
2702 3205 2933 3260 salutari
2975 3223 3094 3262 suo.
3147 3204 3343 3262 Omnia
3380 3222 3505 3260 ossa

1935 3315 2052 3353 mea
2082 3299 2252 3353 dicent
2308 3314 2329 3354 :
2374 3298 2615 3363 Domine,
2652 3299 2769 3372 quis
2821 3299 3014 3354 similis
3063 3298 3205 3356 tibi?
3254 3299 3498 3368 Eripiens

252 3403 359 3453 νος
399 3389 639 3456 πτωχὸν
676 3388 793 3443 ἀπὸ
838 3388 959 3443 τῶν
1001 3388 1439 3460 διαρπαζόντων
1486 3392 1691 3445 αὐτόν.
1739 3391 1828 3445 Ἐν

1938 3406 2146 3462 egenum
2192 3407 2225 3444 a
2265 3388 2631 3459 diripientibus
2673 3376 2846 3444 illum.
2898 3388 2958 3446 In
3002 3391 3213 3461 psalmo
3253 3406 3365 3454 xxi,
3408 3391 3506 3461 qui

254 3476 355 3547 μὲν
381 3473 474 3533 οὖν
504 3478 582 3551 τῷ
610 3486 695 3533 κα’
722 3478 941 3551 ψαλμῷ,
976 3479 1165 3551 σαφῶς
1195 3481 1260 3534 ἐκ
1284 3479 1573 3553 προσώπου
1601 3479 1696 3535 τοῦ
1725 3482 1833 3536 Σωη

251 3567 418 3640 τῆρος
463 3567 791 3641 λελεγμένῳ,
839 3569 1057 3641 εἴρητο·
1099 3569 1255 3624 Ὠσει
1306 3569 1461 3638 ὕδωρ
1512 3569 1826 3640 ἐξεχύθην,

253 3660 352 3721 καὶ
383 3659 811 3731 διεσκορπίσθη
852 3661 1049 3719 πάντα
1095 3661 1168 3717 τὰ
1192 3659 1344 3717 ὀστᾶ
1364 3681 1484 3731 μου
1503 3680 1517 3693 ο
1543 3662 1637 3716 τοῦ
1670 3662 1828 3733 λόγου

256 3750 607 3820 σημαίνοντος
649 3751 757 3806 τῶν
810 3753 1122 3809 ἀποστόλων
1169 3753 1334 3807 αὑτοῦ
1378 3753 1469 3806 τὸν
1516 3754 1831 3826 διασκορπι-

255 3841 390 3913 σμὺν
423 3844 517 3897 καὶ
544 3843 642 3915 τὴν
683 3844 883 3921 φυγὴν,
911 3845 979 3917 ἢν
1010 3846 1308 3917 ὑπέμειναν
1345 3845 1495 3912 κατὰ,
1521 3846 1611 3900 τὸν
1642 3848 1831 3918 καιρὸν

254 3933 348 3988 τοῦ
383 3935 587 4001 πάθους
623 3936 785 3991 αὐτοῦ
806 3977 820 4001 ,
864 3938 954 3999 ὅτε
991 3937 1292 4011 ἐπληροῦτο
1327 3938 1418 3993 τό*
1448 3937 1697 4004 Πατάξω
1724 3939 1832 3994 τὸν

255 4027 524 4097 ποιμένα,
557 4030 657 4083 καὶ
686 4028 1298 4101 διασκορπισθήσεται
1326 4029 1401 4085 τὰ
1431 4032 1692 4100 πρόϐατα
1720 4030 1831 4100 τῆς

254 4118 528 4188 ποίμνης.
570 4121 733 4174 Ὀστᾶ
779 4121 889 4193 γὰρ
931 4116 1069 4194 ἦσαν
1112 4121 1208 4181 τοῦ
1270 4120 1517 4193 σώματος
1569 4123 1734 4178 αὐτοῦ
1779 4126 1829 4177 οἱ

255 4209 460 4282 πρῶτοι
487 4213 650 4267 αὐτοῦ
686 4213 948 4286 μαθηταὶ,
983 4216 1032 4269 οἳ
1063 4215 1183 4270 τότε
1213 4217 1310 4287 μὲν
1339 4216 1831 4290 διεσκορπίσθησαν

256 4304 733 4370 σκανδαλισθέντες
759 4308 846 4360 ἐπ’
874 4306 1043 4377 αὐτῷ,
1066 4307 1254 4381 ὥσπερ
1279 4306 1374 4363 οὖν
1401 4310 1497 4365 καὶ
1524 4309 1685 4373 αὐτὸς
1711 4309 1834 4381 ἐδή-

253 4394 346 4450 λου
376 4396 549 4465 λὲγων
567 4415 581 4429 ο
630 4397 861 4465 Πάντες
906 4399 1074 4469 ὑμεῖς
1124 4400 1726 4468 σκανδαλισθήσεσθε
1763 4402 1833 4457 ἐν

253 4486 384 4558 ἐμοὶ
409 4488 478 4542 ἐν
503 4489 578 4558 τῇ
606 4491 777 4545 νυκτὶ
818 4494 1027 4563 ταύτῃ.
1087 4492 1242 4548 Μετά
1285 4493 1343 4546 δὲ
1378 4494 1477 4565 τὴν
1517 4493 1830 4559 ἀνάστασιν,

256 4583 579 4654 θεασάμενοι
609 4586 790 4649 αὐτὸν,
819 4586 1214 4661 ἐπληρώθησαν
1252 4587 1427 4659 χαρᾶς
1450 4587 1543 4645 καὶ
1572 4588 1834 4657 ἀγαλλιά-

257 4692 416 4739 σεως.
451 4675 563 4729 Καὶ
593 4678 650 4728 ἐν
680 4680 792 4742 τοῖς
831 4679 967 4751 μετὰ
1010 4682 1197 4751 χεῖρας
1242 4678 1299 4731 δὲ
1343 4680 1471 4751 περὶ
1506 4679 1614 4733 τῶν
1652 4680 1833 4745 αὐτῶν

255 4765 522 4821 λέλεκται·
558 4766 761 4821 Πάντα
794 4768 866 4823 τὰ
907 4770 1057 4825 ὀστᾶ
1095 4789 1215 4840 μου
1247 4771 1483 4840 ἐροῦσιο
1517 4771 1712 4838 Κύριε,
1745 4772 1836 4838 τίς

199 4892 206 4900 -
255 4860 457 4929 ὅμοιός
483 4875 615 4924 σοι;
647 4861 857 4933 Σφόδρα
886 4863 942 4915 δὲ
977 4862 1285 4933 κατάλληλα
1328 4862 1407 4934 τῷ
1442 4861 1535 4915 τοῦ
1584 4862 1837 4934 Σωτῆρος

257 4952 413 5026 ήμῶν
442 4953 717 5027 προσώπῳ
753 4957 846 5011 καὶ
871 4955 939 5010 τὰ
977 4956 1185 5020 τούτοις
1212 4958 1532 5028 συνημμένα
1557 4955 1834 5026 τυγχάνει,

253 5046 324 5101 δι’
366 5039 442 5100 ὧν
494 5046 706 5119 εἴρηται
728 5064 742 5078 ·
788 5047 1181 5115 Ἀναστάντες
1223 5048 1521 5118 μάρτυρες
1566 5048 1755 5102 ἄδικοι
1796 5049 1837 5103 ἆ

254 5139 368 5192 οὐκ
408 5139 741 5209 ἐγίνωσκον
780 5139 1018 5208 ἠρώτων
1063 5157 1159 5210 με.
1198 5139 1705 5195 Ἀνταπεδίδοσάν
1732 5158 1836 5210 μοι

255 5232 490 5301 πονηρὰ
518 5232 650 5287 ἀντὶ
674 5231 931 5302 ἀγαθῶν,
955 5233 1052 5287 καὶ
1074 5234 1357 5289 ἀτεκνίαν
1388 5233 1463 5303 τῇ
1493 5232 1667 5304 ψυχῇ
1693 5251 1831 5304 μου.

255 5323 479 5390 Τούτοις
506 5327 667 5397 ὅμοια
706 5326 799 5379 καὶ⁵
844 5328 901 5378 ὲν
940 5331 1021 5398 ρη¹
1055 5323 1251 5397 ψαλμῷ
1289 5326 1538 5397 εὑρήσεις
1563 5327 1620 5380 ὲν
1645 5321 1725 5391 οἷς
1753 5327 1834 5380 εῖ-

260 5432 449 5488 ρηται·
502 5417 613 5473 Καὶ
664 5415 1052 5487 ἐπολέμησαν
1101 5433 1178 5486 με
1227 5416 1484 5485 δωρεάνο
1545 5418 1678 5473 ἀντὶ
1725 5418 1835 5473 τοῦ

254 5508 496 5579 ἀγαπᾷν
528 5527 606 5581 με
635 5508 1025 5564 ἐνδιὲὅαλλόν
1043 5526 1120 5579 με
1137 5525 1151 5539 ·
1181 5509 1281 5563 καὶ
1310 5510 1514 5564 ἔθεντο
1543 5511 1666 5563 κατ’
1686 5508 1841 5579 ἐμοῦ,

256 5601 413 5656 κακὰ
456 5602 590 5657 ἀντὶ
638 5601 894 5673 ἀγαθῶν,
925 5602 1022 5654 καὶ
1053 5600 1235 5671 μῖσος
1281 5598 1416 5654 ἀντὶ
1470 5597 1579 5666 τῆς
1607 5599 1835 5669 ἀγαπή-

1934 3488 2121 3552 aperte
2148 3496 2216 3537 ex
2251 3496 2484 3551 persona
2517 3480 2819 3538 Salvatoris
2864 3483 3251 3553 pronuntiatus
3282 3490 3386 3548 est,
3425 3484 3529 3537 sic.

1932 3570 2165 3633 habetur
2191 3570 2389 3637 :gSicut
2428 3588 2569 3641 aqua
2600 3572 2799 3642 elfusus
2846 3586 2985 3634 sum,
3031 3577 3080 3628 et
3111 3570 3350 3639 dispersa
3381 3580 3508 3625 sunt

1933 3663 2113 3724 omnia
2146 3680 2268 3718 ossa
2298 3681 2413 3727 mea
2447 3667 2514 3722 ".
2548 3665 2754 3735 Hisque
2801 3662 3075 3735 signiﬁcat
3132 3664 3521 3734 apostolorum.

1932 3754 2055 3824 ejus
2081 3753 2501 3824 dispersionem,
2522 3765 2581 3813 et
2606 3756 2787 3827 fugam
2815 3770 2935 3825 quae
2959 3762 3202 3825 tempore
3233 3754 3524 3825 passionis.

1932 3846 2053 3917 ejus
2077 3845 2296 3912 accidit,
2322 3849 2541 3917 quando
2565 3848 2846 3919 impletum
2874 3845 2974 3900 fuit
3001 3845 3132 3900 illud
3160 3865 3175 3902 :
3200 3844 3509 3901 Percutiam

1935 3947 2223 4008 pastorem,
2252 3950 2302 3995 et
2329 3939 2695 4012 dispergentur
2724 3955 2839 3995 oves
2870 3939 3041 4009 gregis
3074 3938 3141 3995 ²⁹.
3172 3938 3306 3994 Nam
3342 3939 3505 4011 primi

1933 4031 2054 4101 ejus
2083 4031 2358 4101 discipuli,
2385 4047 2511 4088 ossa
2538 4032 2787 4102 corporis
2826 4031 3000 4102 ipsius
3026 4038 3202 4097 erant,
3253 4032 3346 4101 qui
3373 4039 3523 4087 tunc.

1933 4123 2168 4194 dispersi
2195 4137 2327 4179 sunt
2359 4124 2679 4180 scandalum
2705 4122 2854 4195 passi
2881 4123 2936 4178 in
2967 4124 3119 4194 ipso;
3152 4122 3506 4194 quemadmo—

1937 4214 2067 4271 dum
2099 4216 2217 4286 ipse
2240 4214 2545 4272 declaravit
2571 4217 2675 4273 hoc
2703 4216 2865 4272 modo
2897 4235 2911 4272 :
2951 4215 3143 4272 Omnes
3173 4232 3262 4271 vos
3286 4212 3510 4269 scanda-

1939 4309 2049 4364 lum
2074 4310 2349 4380 patiemini
2379 4310 2433 4364 in
2456 4327 2537 4365 me
2574 4311 2682 4365 ista
2714 4317 2862 4367 nocte
2887 4310 2956 4364 ’°.
2989 4307 3117 4364 Post
3144 4305 3506 4364 resurrectio-

1936 4417 2062 4459 nem
2105 4417 2263 4467 vero,
2306 4402 2398 4457 ubi
2448 4403 2627 4473 ipsum
2675 4408 3105 4472 conspexerunt,
3138 4397 3329 4468 repleti
3377 4405 3507 4451 sunt

1938 4494 2145 4564 gaudio
2168 4504 2220 4550 et
2240 4493 2624 4550 exsultatione.
2657 4492 2715 4547 lu
2743 4494 2829 4549 bis
2858 4494 2987 4548 item
3014 4505 3133 4561 quae
3156 4492 3267 4559 jam
3301 4488 3508 4559 agitan-

1939 4596 2031 4641 tur
2054 4588 2121 4642 de
2147 4587 2259 4642 illis
2282 4586 2490 4640 dictum
2513 4595 2596 4642 est
2624 4606 2638 4641 :
2669 4585 2861 4641 Omnia
2891 4601 3015 4640 ossa
3037 4600 3151 4637 mea
3177 4582 3372 4645 dicent,
3398 4579 3509 4636 Do-

1940 4678 2102 4741 mine,
2130 4678 2247 4749 quis
2280 4677 2471 4732 similis
2501 4677 2596 4732 tibi
2619 4679 2643 4734 Ρ
2671 4675 2802 4744 Quae
2833 4675 2901 4732 iis
2932 4689 3094 4745 porro
3116 4673 3505 4744 subjiciuntur,

1942 4784 2189 4841 personae
2223 4767 2528 4823 Salvatoris
2584 4768 2760 4824 nostri
2805 4766 3095 4823 admodum
3151 4765 3519 4835 congruentia.

1940 4868 2090 4928 sunt,
2114 4876 2237 4932 quae
2283 4862 2365 4916 sic
2397 4861 2597 4917 habent
2642 4881 2656 4917 :
2689 4862 2969 4932 Surgentes
3002 4868 3155 4917 testes
3189 4857 3357 4928 iniqui
3392 4871 3510 4927 quae

1938 4951 2244 5023 ignorabam
2271 4952 2666 5022 interrogabant
2687 4968 2786 5006 me.
2812 4949 3178 5006 Retribuebant
3209 4949 3336 5004 mihi
3363 4948 3519 5002 mala-

1939 5061 2035 5115 pro
2062 5046 2231 5113 bonis,
2271 5044 2605 5100 sterilitatem
2632 5045 2825 5098 anima:
2868 5059 3017 5099 meae.
3046 5040 3143 5099 His
3170 5040 3348 5097 aliinia
3378 5044 3508 5095 sunt

1938 5152 2059 5206 qua:
2088 5136 2145 5191 in
2178 5138 2389 5208 psalmo
2417 5152 2546 5193 cvm
2579 5137 2850 5195 habentur
2879 5137 2964 5192 his
2992 5136 3173 5192 verbis
3198 5153 3213 5191 :
3249 5135 3318 5190 Et
3346 5147 3509 5200 expu-

1938 5238 2227 5299 gnaverunt
2258 5245 2337 5284 me
2366 5229 2559 5299 gratis.
2603 5229 2715 5283 Pro
2742 5246 2801 5284 eo
2833 5239 2892 5285 ut
2924 5246 3005 5283 me
3027 5228 3301 5300 diligerent
3330 5225 3509 5278 detra-

1937 5321 2127 5376 Itebant
2166 5321 2311 5377 mihi.
2350 5321 2417 5375 Et
2455 5331 2740 5391 posuerunt
2779 5323 3058 5377 adversum
3111 5336 3191 5374 me
3235 5316 3378 5373 mala
3410 5326 3510 5381 pro

1939 5411 2110 5478 bonis,
2150 5422 2201 5465 et
2241 5411 2420 5465 odium
2460 5428 2555 5481 pro
2589 5413 2871 5467 dilectione
2899 5428 3015 5467 mea
3044 5412 3112 5463 “.
3150 5405 3505 5462 Sterilitatem

1936 5520 2067 5561 vero
2122 5503 2386 5576 parabant
2425 5505 2528 5575 ipsi
2563 5507 2655 5572 qui
2707 5505 2845 5560 nihil
2891 5520 3002 5559 non
3044 5498 3235 5572 agebat
3278 5500 3340 5548 ut
3372 5506 3506 5546 con-

1936 5606 2187 5670 gregaret
2221 5598 2345 5655 illos
2388 5614 2450 5654 ac
2478 5599 2586 5654 sibi
2635 5603 3022 5671 regeneraret;
3057 5587 3222 5661 'quod
3264 5586 3381 5658 ipse
3422 5584 3527 5641 sic—

329 5781 374 5826 1'
414 5780 544 5843 Luc.
581 5800 634 5838 vi
658 5825 671 5851 ,
702 5783 793 5839 28.
876 5780 1077 5838 πρεπῆ.
1115 5798 1225 5848 ut,
1268 5782 1352 5839 15.
1431 5779 1655 5836 "Zach.
1690 5796 1824 5849 xm;

1984 5780 2030 5813 ³⁸
2072 5777 2258 5836 Matth.
2292 5796 2440 5849 xxvi,
2473 5782 2563 5837 Si.
2639 5782 2680 5814 ³³
2721 5777 2865 5835 Psal.
2900 5788 3063 5840 cvm,
3096 5769 3151 5827 5.
