3992 6216
504 274 605 335 ιιι

1199 247 1482 334 'Eusnnu
1520 277 1996 343 cmssnrunsns
2031 281 2074 338 0

2177 326 2181 337 ,
2219 282 2400 341 PARS
2432 283 2522 341 Ill.
2560 315 2630 327 -—
2692 285 3101 347 EXEGETICA.

3618 294 3725 349 512

503 394 635 459 Haec
670 405 847 453 autem
876 397 1074 453 ibidem
1106 398 1243 454 dixit
1290 407 1413 471 post
1441 399 1604 456 illud:
1634 399 1777 456 Erue
1799 419 1833 456 a
1857 402 2060 472 framea

2177 408 2535 485 Ἐκκλησίας
2548 408 2796 478 ὑμνήσω
2809 425 2903 464 σε.
2927 409 3112 464 Ταῦτα
3136 409 3192 463 δὲ
3216 410 3331 464 ἐκεῖ
3348 409 3560 479 ἐλέγετο
3584 412 3727 484 μετὰ

505 491 747 547 animam
769 505 960 554 meam,
989 500 1039 546 et
1064 490 1130 547 de
1149 508 1309 547 manu
1334 493 1481 547 canis
1510 494 1831 564 unigenitum
1867 512 2057 554 meam.

505 581 665 639 Sulca
699 598 776 637 me
807 599 873 637 ea:
910 600 999 639 ore
1026 583 1188 641 leonis
1209 594 1260 641 et
1277 603 1311 640 a
1342 586 1585 643 cornibus
1607 587 1939 643 unicornium
1961 590 2061 647 hu-

503 674 782 731 militatem
836 690 1025 732 meam.
1077 675 1174 732 His
1228 678 1395 749 igitur
1449 678 1693 734 additum
1750 679 1886 736 illud
1936 692 2057 740 est:

503 764 758 822 Narrabo
793 783 978 822 nomen
1024 774 1170 822 tuum
1204 768 1463 839 fratribus
1506 770 1656 833 meis,
1686 770 1741 824 in
1782 772 1951 827 medio
1978 790 2061 829 ec-

502 858 681 923 clesia:
727 858 958 919 laudabo
1007 868 1074 917 te.
1118 842 1177 916 In
1223 863 1479 931 praesenti
1528 863 1780 919 similiter
1826 866 2058 937 psalmo,

514 959 807 1020 postquam
843 949 1088 1005 dixerat:
1116 949 1349 1005 Restitue
1384 952 1614 1007 animam
1647 970 1816 1009 meam
1842 971 1876 1012 a
1902 956 2054 1019 mali-

502 1043 700 1114 gnitate
725 1058 926 1109 eorum,
958 1059 991 1096 a
1015 1040 1246 1097 leonibus
1275 1044 1592 1113 unigenitam
1616 1061 1807 1110 meam,
1827 1045 2057 1117 adjecit:

503 1134 806 1205 Conﬁtebor
841 1135 939 1190 tibi
974 1136 1031 1189 in
1079 1133 1298 1189 ecclesia
1348 1135 1537 1204 multa,
1575 1137 1631 1192 in
1678 1138 1868 1208 populo
1915 1140 2063 1211 gravi

503 1226 733 1284 laudabo
764 1236 812 1283 te
834 1227 900 1284 “.
935 1226 1042 1284 Pro
1088 1228 1182 1283 illo
1211 1236 1410 1297 autem,
1439 1230 1607 1300 gravi,
1643 1228 1859 1300 Aquila,
1886 1249 2058 1294 ossea,

415 1336 437 1396 ·ς,
505 1318 697 1385 edidit,
724 1319 781 1376 id
812 1328 919 1385 est,
964 1319 1127 1382 forti:
1160 1336 1285 1377 ossa
1331 1320 1531 1392 quippe
1568 1321 1812 1376 omnium
1845 1339 1966 1394 quae
2003 1324 2061 1379 in

504 1425 741 1482 corpore
778 1418 1019 1477 exstant,
1051 1411 1352 1468 fortissima
1392 1422 1448 1468 et
1491 1412 1877 1469 robustissima
1906 1422 2058 1473 sunt.

504 1500 700 1559 Gravis
730 1500 899 1571 igitur
927 1510 1032 1566 est,
1063 1501 1158 1573 qui
1183 1500 1445 1557 fundatus
1473 1502 1530 1559 in
1555 1508 1732 1572 petra,
1759 1501 2058 1567 immobilis

504 1598 560 1648 et
586 1591 853 1651 infractus
876 1600 1078 1650 manet.
1126 1592 1277 1660 Patri
1310 1594 1496 1664 itaque
1524 1594 1833 1659 conﬁtetur,
1855 1595 2060 1666 gratias

504 1683 611 1753 ipsi
639 1698 806 1754 agens
843 1684 899 1739 in
922 1684 1155 1742 ecclesia
1184 1699 1282 1740 sua
1305 1683 1501 1740 multa.
1542 1682 1712 1738 Multa
1741 1684 1941 1755 quippe
1973 1699 2059 1741 re-

2161 499 2255 553 τό·
2297 499 2496 554 Ῥῦσαι
2545 500 2661 555 ἀπὸ
2699 500 2998 569 ῥομφαίας
3042 500 3157 568 τὴν
3196 500 3405 571 ψυχήν
3451 519 3583 571 μου,
3625 504 3731 558 καί

2162 594 2231 648 ἐκ
2274 594 2472 664 χειρὸς
2508 593 2696 659 κυνὸς
2720 594 2835 662 τὴν
2846 591 3139 665 μονογενῆ
3161 612 3299 663 μου.
3324 594 3533 649 Σῶσόν
3549 613 3627 666 με
3655 598 3731 651 ἐκ
3766 646 3772 649 _

2166 686 2457 753 στόματος
2476 684 2743 751 λέοντος,
2766 684 2862 741 καὶ
2888 684 3003 739 ἀπὸ
3036 683 3295 753 κεράτων
3310 686 3736 755 μονοκερώτων

2163 775 2278 845 τὴν
2317 776 2680 831 ταπείνωσιν
2714 794 2851 845 μου.
2899 776 3144 847 Συνῆπτο
3191 774 3321 844 γοῦν
3364 774 3572 841 τούτοις
3626 778 3694 833 τό
3712 796 3731 812 ·

2163 864 2525 935 Διηγήσοιιαι
2556 865 2622 919 τό
2661 865 2845 936 ὄνομα
2869 883 2985 921 σου
3019 867 3141 933 τοῖς
3170 866 3452 936 ἀδελφοῖς
3488 886 3630 938 μου,
3657 869 3741 925 ἐν

2156 956 2325 1028 μέσῳ
2356 957 2718 1025 Ἑκκλησίας
2747 957 2995 1028 ὑμνήσω
3029 974 3121 1013 σε.
3153 959 3263 1014 Καὶ
3284 961 3343 1013 ὲν
3370 962 3485 1025 τοῖς
3510 977 3742 1033 προκει-

2167 1043 2349 1114 μένοις
2390 1044 2784 1116 παραπλησίως
2838 1046 3136 1119 προειπών·
3200 1048 3742 1118 Ἀποκατάστησον

2164 1134 2280 1203 τὴν
2304 1134 2513 1205 ψυχήν
2544 1154 2662 1206 μου
2693 1135 2808 1191 ἀπὸ
2845 1135 2956 1206 τῆς
2982 1138 3337 1207 κακουργίας
3360 1137 3578 1204 αὐτῶν,
3609 1138 3742 1194 ἀπὸ

2161 1224 2425 1279 λεόντων
2450 1223 2563 1293 τὴν
2593 1224 2889 1296 μονογενῆ
2923 1243 3062 1296 μου,
3102 1226 3371 1296 ἐπιλέγειυ
3413 1226 3740 1298 Ἐξομολος

2162 1313 2428 1384 τήσομαί
2474 1329 2574 1369 σοι
2612 1314 2682 1368 ἐν
2708 1315 3005 1385 ἐκκλησίᾳ
3039 1315 3260 1385 πολλῇ,
3306 1317 3521 1384 ὲνλιιῷ
3554 1319 3741 1387 ,βαρεῖ

2160 1405 2378 1479 αἰνέσω
2404 1421 2497 1467 σε.
2535 1407 2679 1461 Ἀντὶ
2703 1406 2759 1461 δὲ
2785 1408 2900 1475 τοῦ,
2924 1409 3119 1478 βαρεῖ,
3150 1410 3179 1463 ὀ
3217 1409 3447 1474 ’Δκύλας
3472 1409 3742 1478 ἐξέδωκεν

2163 1498 2432 1577 ὀστεΐνφ,
2465 1498 2758 1565 τουτέστιν,
2796 1498 3029 1572 ἰσχυρῷ,
3058 1500 3182 1554 ἐπεὶ
3218 1499 3312 1554 τοῦ
3370 1485 3569 1565 παντὸς
3626 1500 3742 1554 σώ-

2166 1606 2333 1660 ματος
2368 1588 2436 1644 τὰ
2463 1589 2808 1646 δυνατώτατα
2835 1592 2929 1647 καὶ
2955 1593 3277 1665 ἰσχυρότατα
3298 1593 3430 1647 ὀστᾶ
3454 1594 3737 1665 τυγχάνει.

2162 1683 2345 1756 Βαρὺς
2373 1681 2467 1739 οὖν
2494 1687 2523 1739 ὁ
2548 1686 2639 1739 ἐπὶ
2665 1686 2762 1758 τὴν
2782 1685 2988 1760 πέτραν
3011 1686 3488 1759 τεθεμελιωμένος,
3529 1689 3557 1741 ό
3600 1688 3727 1743 ἀσά-

505 1788 634 1830 vera
681 1781 767 1830 est
808 1774 924 1830 hac
967 1774 1221 1839 ecclesia,
1255 1788 1419 1844 quam
1455 1773 1509 1826 in
1542 1771 1752 1843 psalmo
1790 1788 1885 1827 ni
1945 1786 2062 1827 ma-

2177 1786 2345 1843 leu'to;
2380 1777 2475 1833 καὶ
2514 1779 2780 1851 άρῤαγής.
2834 1779 2925 1850 Τῷ
2964 1779 3140 1835 τοίνυν
3190 1779 3363 1851 Πατρί⁵
3397 1778 3741 1849 ἐξομολογεῖ-

507 1881 670 1939 gnam
701 1865 939 1931 vocavit,
973 1866 1196 1923 dicens:
1229 1863 1381 1934 Apud
1410 1873 1460 1918 te
1481 1864 1597 1919 laus
1628 1865 1813 1920 meain
1842 1864 2064 1920 ecclesia

506 1977 722 2033 magna.
770 1957 932 2014 Pater
959 1957 1125 2029 igitur
1147 1957 1374 2028 gloriam
1408 1955 1554 2012 Filio
1582 1956 1641 2031 in
1683 1956 1920 2013 ecclesia
1943 1970 2061 2010 ma-

508 2067 614 2123 gna
645 2051 933 2119 conciliat;
966 2049 1140 2108 Filius
1169 2056 1351 2105 autem
1378 2048 1526 2105 Patri
1557 2050 1853 2120 conﬁtetur
1884 2050 1941 2105 in
1974 2063 2065 2104 ec-

508 2146 677 2201 clesia
722 2144 919 2210 multa,
970 2159 1091 2216 quae
1151 2144 1366 2203 scilicet
1417 2144 1477 2200 in
1524 2145 1781 2201 universa
1823 2141 2066 2209 Ecclesia

508 2236 806 2295 stabilitur.

2160 1884 2271 1933 ται,
2303 1865 2637 1939 εὐχαριστῶν
2670 1868 2761 1921 ἐπὶ
2779 1870 2845 1940 τῇ
2902 1866 3193 1937 Ἐκκλησία
3236 1863 3399 1920 αὐτοῦ
3435 1867 3501 1937 τῇ
3542 1863 3739 1936 πολλῇ.

2162 1957 2337 2029 Πολλὴ
2357 1958 2466 2031 γὰρ
2493 1958 2568 2024 ὡς
2598 1957 2807 2030 ἀληθῶς
2855 1957 2992 2029 αὕτη
3023 1960 3057 2030 ἡ
3095 1955 3386 2029 Ἐκκλησία
3404 1972 3418 1988 ο
3470 1956 3536 2027 ἢν
3570 1956 3630 2008 ὲν
3656 1953 3745 2026 τῷ

2163 2049 2392 2121 εἰκοστῷ
2435 2048 2636 2123 πρώτῳ
2684 2049 2924 2122 μεγάλην
2970 2048 3251 2120 ὠνόμασεν
3308 2045 3477 2102 εἰπών
3496 2062 3513 2078 ο
3567 2044 3744 2114 Παρὰ

2163 2142 2280 2198 σοῦ
2324 2146 2359 2198 ὁ
2393 2142 2638 2210 ἔπαινός
2673 2161 2792 2214 μου
2832 2144 2902 2198 ἐν
2934 2142 3231 2210 ἐκκλησίᾳ
3257 2139 3508 2211 μεγάλῃ.
3547 2138 3607 2191 '0
3638 2136 3744 2208 μὲν

2163 2229 2254 2288 οὖν
2282 2233 2469 2305 Πατὴρ
2490 2233 2708 2291 ἔπαινον
2743 2233 2819 2306 τῷ
2847 2233 2976 2305 Υἰῷ]
2998 2231 3392 2305 κατεργάζεται
3423 2231 3483 2284 ὲν
3513 2227 3744 2297 Ἐκκληο

510 2332 603 2406 σία
634 2332 869 2412 μεγάλῃ*
911 2333 941 2386 b
977 2333 1182 2398 δὲΥἰδς
1215 2332 1615 2406 ὲξομολογεϊται
1640 2331 1719 2404 τῷ
1758 2330 1932 2403 Πατρὶ
1971 2331 2030 2384 ὲν
2077 2330 2373 2411 Ἐκκλησία
2414 2329 2604 2406 πολλῇ,
2632 2332 2699 2401 τῇ
2737 2329 2867 2401 καθ’,
2890 2329 3018 2401 δλης
3044 2329 3143 2401 τῆς
3210 2325 3531 2400 Ἐκκλησίας
3591 2322 3744 2394 ἰδρυ-

513 2424 670 2499 μένῃ.

582 2515 748 2573 Vens.
780 2516 968 2573 19-21.
1023 2517 1148 2573 Non
1193 2516 1614 2588 supergaudeant
1658 2517 1789 2572 mihi
1837 2516 1927 2589 qui
1971 2513 2071 2583 ad:

509 2618 784 2668 versantur
809 2611 939 2665 mihi
969 2613 1164 2684 inique,
1190 2613 1279 2683 qui
1322 2610 1547 2673 oderunt
1590 2627 1670 2665 me
1697 2611 1862 2682 gratis
1900 2618 1948 2665 et
1971 2626 2070 2664 an-

509 2710 677 2758 nuunt
708 2702 892 2758 oculis.
922 2704 1186 2770 Quoniam
1229 2703 1356 2758 mihi
1394 2703 1602 2775 quidem
1632 2704 1850 2773 paciﬁce
1893 2702 2071 2773 loque-

511 2789 722 2859 bantur,
746 2803 795 2855 et
820 2795 874 2848 in
922 2794 1201 2849 iracundia
1236 2793 1386 2848 dolos
1413 2792 1735 2863 cogitabant.
1776 2791 1846 2847 Et
1873 2792 2072 2846 dilata-

2206 2553 2217 2561 .
2241 2508 2339 2579 Μὴ
2366 2505 2799 2578 ἐπιχαρείησάν
2823 2524 2926 2577 μοι
2961 2508 3016 2562 οἰ
3055 2503 3469 2576 ἐχθραίνοντές
3487 2521 3588 2575 μοι
3612 2504 3746 2561 ἁδι-

2172 2619 2290 2669 κως
2308 2640 2324 2667 ,
2366 2602 2421 2655 οἰ
2464 2598 2788 2671 μισοῦντές
2825 2615 2903 2668 με
2950 2597 3177 2666 δωρεὰν
3218 2595 3318 2651 καὶ
3367 2597 3748 2667 διανεύοντες

2175 2690 2520 2761 ὀφθαλμοῖς.
2552 2691 2679 2745 Ὀτι
2720 2688 2849 2760 ἐμοὶ
2886 2687 3003 2759 μὲν
3032 2686 3301 2757 εἰρηνικὰ
3334 2685 3620 2753 ἐλάλουν,
3647 2689 3748 2743 καὶ

2176 2783 2266 2835 ἐπ’
2320 2780 2467 2851 ὀργῇ
2512 2781 2732 2849 δόλους
2779 2776 3188 2850 διελογίζοντο.
3235 2776 3345 2832 Καὶ
3400 2776 3749 2832 ἐπλάτυναν

509 2890 690 2939 verunt
722 2897 876 2950 super
907 2898 987 2936 me
1012 2900 1069 2938 os
1091 2900 1266 2948 suum,
1302 2882 1547 2936 dixerunt
1569 2896 1587 2933 :
1620 2879 1784 2951 Euge,
1814 2897 1962 2949 euge,
2005 2882 2074 2937 vi-

2177 2873 2268 2948 en‘
2293 2873 2398 2943 ἐμὲ
2425 2872 2493 2926 τὸ
2527 2873 2720 2941 στόμα
2754 2870 2982 2926 αὐτῶν·
3013 2866 3217 2939 εἷπονο
3257 2864 3433 2939 Εὖγε,
3473 2864 3634 2940 εὖγε,
3661 2865 3744 2924 εἴ·

510 2968 698 3034 derunt
736 2970 875 3024 oculi
908 2971 1094 3027 nostri.
1149 2969 1207 3024 Si
1240 2978 1365 3041 post
1420 2970 1728 3040 passionem
1778 2968 2074 3026 Salvatoris

2179 2962 2287 3019 δον
2310 2966 2366 3019 oi
2383 2963 2671 3033 ὀφθαλμοί
2700 2962 2885 3032 ἡμῶν.
2902 2962 2966 3016 Εἰ
2998 2961 3071 3033 μὴ
3092 2960 3160 3015 τὰ
3176 2960 3305 3033 τέλη
3337 2959 3487 3014 αἴσια
3517 2961 3585 3014 τὰ
3610 2962 3750 3033 μετὰ

512 3059 692 3127 nostri
724 3074 835 3113 non
871 3057 1085 3116 faustus
1134 3076 1316 3116 rerum
1347 3060 1529 3117 exitus
1564 3062 1716 3117 visus
1773 3068 1954 3126 esset,
1982 3061 2074 3132 qui

2177 3055 2273 3123 τού
2292 3055 2494 3120 πάθους
2510 3054 2605 3108 τοῦ
2623 3053 2875 3126 Σωτῆρος
2903 3051 3059 3125 ἡμῶν
3089 3053 3316 3124 ἑωρᾶτο,
3342 3052 3481 3123 τάχα
3514 3069 3613 3105 που
3643 3050 3752 3123 χώς

513 3147 569 3202 in
593 3163 716 3205 eum
737 3150 1201 3228 conspiraverant,
1222 3152 1269 3206 ei
1297 3151 1708 3223 supergaudendi
1729 3168 1791 3208 ac
1824 3151 2074 3215 deriden-

2183 3163 2280 3218 ραν
2307 3141 2451 3218 εἰχον
2492 3143 2866 3216 καταχαρῆναι
2903 3140 3066 3196 αὐτοῦ
3103 3142 3153 3197 οἰ
3178 3140 3276 3213 τὴν
3301 3144 3420 3195 κατ’
3454 3140 3615 3194 αὐτοῦ
3651 3156 3749 3193 συ-

516 3235 569 3297 di
605 3254 729 3293 cum
756 3238 1087 3305 fortelocum
1116 3241 1453 3307 habuissent,
1478 3250 1664 3313 utpote
1688 3243 1781 3312 qui
1804 3242 1871 3298 de
1898 3240 2074 3297 medio

2180 3238 2381 3310 σκευὴν
2415 3232 2879 3308 μεμηχανημένοι,
2910 3234 2987 3299 ὡς
3028 3232 3411 3303 ἀφανισθέντος
3446 3236 3535 3289 καὶ
3575 3235 3753 3307 μηδὲν

515 3327 764 3407 Sublatus
812 3331 950 3387 nihil
997 3332 1304 3393 valuisset:
1347 3340 1402 3386 at
1431 3333 1651 3405 quando
1685 3331 1927 3390 Ecclesia
1959 3332 2074 3402 ejus

2177 3329 2533 3402 δεδυνημένου
2556 3345 2571 3359 ⁸
2606 3329 2729 3383 ἐπεὶ
2749 3327 2804 3381 δὲ
2828 3329 2863 3399 ἡ
2900 3326 3194 3399 Ἐκκλησία
3218 3326 3380 3382 αὑτοῦ
3402 3328 3435 3399 ἡ
3462 3325 3623 3397 πολλή
3644 3328 3755 3382 καὶ

513 3421 683 3481 multa
715 3429 769 3493 et
800 3438 991 3495 magna
1034 3440 1131 3496 per
1153 3433 1327 3479 totum
1352 3425 1537 3480 orbem
1577 3423 1902 3495 resplendet,
1936 3423 2081 3493 ipsc-

517 3529 625 3585 que
655 3513 920 3589 hactenus
973 3516 1029 3570 in
1061 3515 1239 3571 medio
1278 3517 1606 3582 consistens,
1631 3514 1890 3586 populum
1921 3530 2079 3570 suum

516 3620 735 3682 gravem
769 3615 1154 3678 potentemque
1179 3616 1494 3680 congregat,
1521 3622 1585 3662 ac
1621 3621 1718 3677 per
1765 3621 1887 3661 eum
1932 3604 2082 3663 Patri

518 3690 621 3751 Suo
648 3696 937 3752 conﬁtetur
961 3716 976 3763 ;
999 3713 1123 3751 nam
1159 3697 1249 3759 ubi
1280 3699 1383 3752 duo
1405 3699 1481 3753 vel
1511 3708 1613 3753 tres
1638 3698 1936 3771 congregati
1968 3697 2084 3767 fue-

519 3785 629 3843 rint
658 3785 711 3838 in
738 3787 941 3840 nomine
954 3787 1091 3855 ejus,
1114 3786 1224 3840 illic
1249 3804 1364 3855 sum
1388 3790 1441 3842 in
1463 3789 1632 3842 medio
1650 3805 1830 3843 eorum
1852 3790 1896 3822 ⁸⁸
1919 3808 1933 3856 ;
1960 3789 2083 3859 jure

523 3870 624 3939 illi,
658 3876 751 3946 qui
786 3878 978 3933 alienis
1016 3880 1268 3934 laetantur
1307 3882 1487 3947 malis,
1518 3882 1725 3952 pudore
1751 3882 1963 3949 sudusi,
1995 3899 2084 3938 re-

523 3972 618 4019 tro
672 3955 1269 4036 abscesserunt.iQuid
1322 3973 1468 4038 enim
1514 3972 1799 4027 inimicitia
1857 3973 2085 4043 dignum

521 4054 766 4129 perpessi
794 4063 1001 4111 tantum
1031 4058 1150 4127 ejus
1170 4044 1357 4118 odium
1387 4063 1685 4130 ceperunt?
1710 4060 1889 4135 Quare
1916 4062 2087 4132 Aqui-

521 4145 597 4210 la,
635 4145 748 4200 sine
776 4163 959 4228 causa,
994 4148 1382 4221 interpresatus
1416 4159 1520 4207 est.
1549 4151 1880 4227 Annuehant
1907 4162 2086 4207 autem

521 4240 697 4296 oculis
719 4256 804 4297 me
833 4242 1163 4314 deridentes,
1194 4245 1682 4315 institutionesque
1716 4259 1867 4322 meas
1894 4244 1961 4299 ad
1994 4258 2085 4300 sa-

521 4333 777 4404 pientiam
802 4335 959 4394 datas
990 4339 1355 4397 traducentes.
1378 4337 1663 4414 Deinceps,
1692 4336 1825 4391 Mihi
1854 4336 2082 4407 quidem,

521 4429 718 4501 inquit,
747 4434 960 4513 paciﬁce
990 4433 1354 4507 loquebantur,
1397 4431 1493 4488 sed
1543 4431 1598 4485 in
1630 4430 1796 4486 corde
1834 4445 1934 4485 suo
1984 4428 2083 4483 do-

420 4596 441 4613 .
520 4521 603 4578 los
632 4533 685 4579 et
714 4525 1048 4581 iracundiam
1095 4527 1516 4599 meditabanlur.
1561 4523 1688 4579 Haec
1732 4531 1914 4578 autem
1951 4531 2081 4577 tunc

521 4615 739 4685 impleta
760 4627 906 4685 sunt,
930 4635 1053 4673 cum
1078 4621 1338 4675 Pharistei
1389 4619 1735 4674 occasionem
1796 4624 2082 4687 captantes

524 4704 776 4760 dicebant
808 4709 884 4785 illi
915 4729 929 4763 :
955 4707 1231 4778 Magister,
1262 4710 1457 4765 scimus
1479 4710 1604 4779 quia
1622 4723 1779 4785 verax
1805 4724 1880 4772 es,
1904 4717 1952 4773 et
1974 4722 2086 4760 ver-

530 4795 650 4849 bum
675 4796 773 4866 Dei
804 4800 854 4853 in
877 4801 1091 4853 veritate
1105 4799 1279 4873 doces,
1313 4811 1361 4855 et
1387 4818 1490 4855 non
1523 4810 1600 4854 est
1633 4801 1725 4854 tibi
1748 4817 1876 4855 cura
1897 4800 1958 4853 de
1991 4797 2091 4853 ali-

525 4905 627 4959 quo
648 4906 668 4955 ;
701 4907 803 4944 non
828 4894 961 4967 enim
999 4894 1211 4963 respicis
1232 4909 1507 4962 personam
1528 4910 1547 4959 ;
1573 4893 1657 4946 dic
1675 4910 1793 4965 ergo
1817 4894 1986 4958 nobis,
2020 4894 2087 4946 li-

525 4991 605 5035 cet
653 4998 864 5038 censum
910 4985 1038 5039 dare
1077 4985 1281 5057 qusari
1309 5003 1379 5039 an
1431 5003 1532 5039 non
1554 4985 1648 5039 “‘l
1680 4984 1853 5041 Hasce
1886 4985 2088 5055 quippe

526 5089 690 5132 voces
720 5091 842 5130 cum
884 5077 1007 5132 dolo
1038 5077 1385 5148 proferebant
1422 5095 1436 5133 :
1468 5093 1637 5148 quare
1658 5078 1771 5132 haec
1806 5077 1958 5147 prius
1989 5074 2088 5129 ad-

531 5166 815 5221 umbrabat
850 5167 935 5223 his
966 5168 1145 5223 verbis
1172 5187 1186 5222 :
1217 5167 1352 5227 Mihi
1405 5169 1613 5240 quidem
1661 5170 1879 5241 paciﬁce
1909 5168 2090 5239 loque-

528 5257 738 5323 bantur,
762 5268 810 5336 τι
830 5259 885 5312 in
914 5259 1188 5319 iracundia
1209 5261 1357 5315 dolos
1387 5262 1709 5337 cogitabant.
1736 5259 1842 5317 Sed
1859 5260 1949 5315 hic
1973 5258 2094 5330 qui-

528 5346 650 5402 dem
674 5347 862 5429 dolose
894 5363 1015 5404 cum
1041 5363 1107 5404 eo
1134 5350 1404 5429 colloquia
1438 5351 1847 5419 miscebant;at
1874 5351 1931 5406 in
1961 5349 2088 5413 ﬁne,

528 5426 774 5512 tempore
796 5440 1086 5512 passionis,
1111 5441 1271 5511 pleno
1293 5426 1742 5511 oreiclamabant,
1771 5444 2091 5515 sanguinem

528 5530 649 5601 ejus
679 5539 992 5603 expetentes
1022 5547 1185 5603 super
1214 5547 1273 5588 se
1299 5541 1353 5588 et
1380 5546 1544 5619 super
1573 5532 1713 5590 ﬁlios
1744 5550 1876 5592 suos
1902 5558 1913 5590 :
1945 5531 2092 5606 quod

2185 3423 2392 3497 μεγάλη
2426 3421 2719 3492 διαλάμπει
2765 3420 2885 3493 καθ’
2920 3420 3047 3494 ὅλης
3085 3421 3182 3492 τῆς
3202 3420 3545 3492 οἰκουμένης⁸
3588 3418 3761 3484 αὐτός

2179 3532 2240 3569 τε
2266 3514 2433 3567 εἰσέτι
2454 3514 2548 3569 καὶ
2568 3513 2663 3568 νῦν
2692 3515 2749 3567 ἐν
2778 3511 2928 3584 μέσῳ
2954 3510 3122 3576 ἑστὼς
3145 3514 3434 3585 συγκροτεῖ
3464 3512 3556 3566 τὸν
3582 3510 3751 3583 βαρὺν

2180 3608 2277 3661 καὶ
2301 3589 2520 3662 δυνατὸν
2554 3605 2717 3660 αὑτοῦ
2758 3605 2903 3675 λαὸν,
2935 3606 3028 3660 κα)⁸
3056 3603 3453 3676 ὲξομολογεζται
3486 3605 3551 3658 δι’
3575 3601 3752 3659 αὐτῶν

2182 3698 2260 3770 τῷ
2310 3697 2502 3771 ἑαυτοῦ
2549 3697 2751 3770 Πατρίο
2790 3682 2973 3751 Ὅπου
3023 3695 3130 3768 γὰρ
3172 3695 3281 3750 δύο
3323 3695 3361 3765 ἢ
3407 3695 3567 3764 τρεῖς
3607 3711 3754 3749 συν-

2183 3788 2427 3861 ηγμένοι
2454 3791 2542 3856 εἰς
2565 3789 2631 3843 τὸ
2646 3788 2831 3843 αὐτοῦ
2847 3788 3056 3859 ὄνομα,
3076 3787 3203 3867 ἐκεῖ
3215 3789 3330 3860 εὶμί
3359 3790 3428 3844 ἐν
3450 3789 3617 3860 μέσῳ
3644 3791 3752 3844 αὑ-

2184 3883 2330 3939 τῶνσ
2354 3884 2576 3948 εἰκότως
2603 3882 2653 3937 οἱ
2684 3880 3170 3954 ὲπιχαιρεσίκακοι,
3202 3882 3462 3954 αἰσχύνην
3486 3883 3752 3954 καταχεά-

2189 3991 2360 4046 μενοι,
2385 3972 2811 4047 ἀπεστράφησαν
2836 3972 2914 4034 εἰς
2939 3969 3008 4024 τὰ
3028 3971 3220 4027 ὀπίσω.
3252 3971 3319 4025 Ti
3348 3972 3456 4043 γὰρ
3480 3973 3577 4026 καὶ
3608 3972 3754 4037 ἄξιον

2186 4060 2384 4139 ἔχθρας
2420 4064 2681 4128 παθόντες
2717 4063 2777 4117 τὸ
2808 4063 2943 4135 πρὸς
2986 4050 3147 4118 αὐτὸν
3175 4065 3370 4137 ἤραντο
3411 4067 3597 4135 μῖσος;
3644 4064 3754 4119 διό-

2186 4175 2293 4230 περ
2345 4157 2373 4210 ὁ
2408 4155 2657 4220 Ἀκύλας,
2706 4154 3000 4226 ἀναιτίως,
3029 4155 3359 4229 ἡρμήνευσε.
3409 4158 3654 4209 Διένευον
3696 4153 3756 4208 δὲ

2187 4248 2481 4321 ὀφθαλμοῖς
2529 4232 2876 4319 χλευάζοντες
2920 4246 3081 4301 αὑτὸν
3102 4287 3117 4312 ,
3164 4248 3257 4301 καὶ
3295 4230 3639 4320 διασύροντες
3688 4232 3761 4305 τὰ

2186 4342 2285 4414 τῆς
2323 4339 2512 4410 σοφίας
2548 4357 2646 4412 μου
2690 4338 3049 4411 παιδεύματα.
3094 4332 3247 4403 Εἶτα,
3292 4338 3446 4408 Ἐμοὶ
3486 4337 3624 4409 μὲν,
3656 4354 3757 4409 φη-

2188 4434 2292 4500 σὶν,
2319 4431 2586 4501 εἰρηνικὰ
2625 4430 2911 4495 ἐλάλουν,
2945 4431 3000 4484 ὲν
3033 4430 3089 4484 δὲ
3118 4432 3184 4503 τῇ
3216 4429 3415 4504 καρδία
3460 4430 3639 4484 αὐτῶν
3674 4430 3759 4484 δό-

2186 4527 2309 4591 λους
2367 4524 2461 4578 καὶ
2512 4523 2679 4596 ὀργῆν
2747 4519 3118 4591 διελογίζοντο.
3163 4519 3495 4593 Ἐπληροῦτο
3546 4522 3603 4576 δὲ
3668 4522 3759 4576 καὶ

2185 4606 2377 4685 ταῦτα,
2410 4617 2499 4670 ὅτε
2544 4614 2715 4678 λαϐὰς
2759 4612 3061 4686 θηρώμενοι
3117 4610 3299 4684 ἔλεγον
3334 4596 3469 4685 πρδς
3511 4614 3668 4667 αὑτὸν
3709 4613 3759 4666 οἰ

2184 4708 2479 4779 Φαρισαῖον
2533 4703 2902 4783 Διδάσκαλε,
2963 4702 3223 4773 οἴδαμεν,
3270 4702 3359 4757 ὅτι
3402 4703 3632 4781 ἀληθὴς
3685 4698 3759 4770 εἷ,

2187 4798 2286 4852 καὶ
2324 4798 2430 4852 τὸν
2468 4801 2651 4868 λόγον
2678 4796 2784 4850 τοῦ
2819 4796 2966 4850 Θεοῦ
2994 4795 3086 4848 ἐπ’
3120 4795 3400 4864 ἀληθείας
3438 4794 3761 4875 διδάσκεις,

2187 4890 2284 4944 καί
2315 4893 2385 4944 οὺ
2433 4888 2604 4959 μέλει
2647 4905 2747 4943 σοι
2784 4890 2916 4957 περί
2951 4887 3228 4954 οὐδενός’
3266 4889 3336 4942 οὐ
3377 4888 3486 4957 γὰρ
3512 4887 3761 4955 βλέπεις

2188 4985 2275 5048 εἰς
2310 4982 2661 5050 πρόσωπον*
2715 4979 2844 5034 εἰπὲ
2895 4976 3008 5036 οὖν
3055 4979 3231 5050 ἡμῖν*
3264 4979 3506 5045 Ἔξεστι
3556 4979 3764 5034 δοῦναι

2190 5071 2423 5140 κῆνσον
2464 5071 2717 5139 Καίσαρι
2759 5069 2798 5140 ἢ
2831 5071 2938 5135 of);
2987 5070 3202 5134 Ταύτας
3236 5069 3345 5142 γὰρ
3391 5069 3579 5134 δολίως
3632 5086 3761 5141 προ-

2193 5162 2385 5237 ἑφερον
2415 5161 2514 5225 τὰς
2542 5161 2755 5230 φωνάς’
2793 5161 2874 5215 διὸ
2905 5148 3189 5233 προλαϐὼν
3220 5162 3371 5216 ταῦτ’
3397 5161 3640 5235 ⁴ᾐνίττετο
3665 5163 3760 5233 φά-

2196 5270 2339 5307 σκων
2357 5268 2372 5284 ·
2421 5252 2582 5321 Ἐμοὶ
2608 5251 2721 5322 μὲν
2750 5254 3015 5323 εἰρηνικὰ
3054 5252 3338 5318 ἐλάλουν,
3368 5254 3467 5308 καί
3501 5254 3597 5309 ἐπ’
3620 5251 3765 5324 ὁρτῇ

2196 5345 2415 5412 δόλους
2441 5345 2850 5417 διελογίζοντο.
2893 5346 3030 5399 Ἀλλ’
3055 5347 3285 5402 ἐνταῦθα
3327 5346 3424 5422 μὲν
3453 5345 3638 5411 δολίως
3666 5345 3763 5421 τὰς

2198 5440 2333 5507 πρὸς
2365 5439 2525 5493 αὐτὸν
2548 5439 2825 5494 ἐποιοῦντο
2856 5439 3068 5512 ὁμιλίας
3087 5457 3102 5472 ο
3138 5441 3196 5494 ὲν
3220 5426 3363 5494 τέλει
3389 5456 3453 5509 γε
3490 5439 3597 5513 μὴν
3627 5422 3773 5510 atate;

2199 5533 2289 5587 τὸν
2321 5534 2509 5605 καιρὸν
2526 5533 2620 5597 τοῦ
2650 5533 2853 5598 πάθους
2879 5516 2990 5606 ὅλῳ
3008 5533 3086 5605 τῷ
3116 5533 3343 5606 στόματι
3369 5534 3539 5590 ἐϐόων
3565 5531 3751 5607 ah:qu

622 5712 1123 5798 “Psalmnﬂ‘lﬂl’r.
1171 5713 1214 5749 "
1254 5713 1442 5773 Matth.
1478 5731 1650 5785 xvur,
1679 5714 1769 5771 20.
1845 5715 1892 5749 “
1931 5714 2119 5772 Matth.
2155 5731 2302 5784 xm,
2340 5714 2426 5783 16,
2453 5716 2536 5771 Π.
