3980 6214
182 305 284 362 315

1271 306 1772 393 COMMENTARM
1809 309 1877 364 1N
1917 307 2258 365 PSALMOS.

3305 314 3414 373 5M

179 435 261 482 τες
283 415 451 470 αὑτοῦ
484 416 547 470 τὸ
570 411 708 488 αἷμα
733 416 853 470 καθ’
875 417 1079 471 ἑαυτῶν
1108 418 1208 473 καὶ
1225 418 1364 472 κατὰ
1395 419 1502 473 τῶν
1543 420 1738 476 τέκνων

1849 422 2026 490 ipsum
2053 419 2142 475 hic
2171 417 2433 486 declarat,
2461 427 2536 475 tta
2568 419 2796 492 loquens
2830 439 2845 476 :
2873 420 3238 476 Dilatauerunt
3257 437 3416 492 super

183 510 345 566 αὐτῶν
365 527 378 540 ⁸
409 510 440 563 ὃ
467 509 535 581 δὴ
555 511 648 564 καὶ
679 510 830 580 αὐτῷ
861 510 1153 582 παρίστησι
1193 511 1280 566 διὰ
1314 512 1421 567 τῶν
1447 514 1740 585 προκειμέ-

180 619 273 655 νων
298 598 500 667 λέγωνο
538 599 914 653 Ἑπλάτιυναν
944 601 1034 653 ἐπ’
1055 599 1158 670 ἐμὲ
1187 600 1252 654 τὸ
1281 601 1475 671 στόμα
1506 603 1734 665 αὐτῶν.

182 687 278 745 Εἶτ’
311 688 503 757 ἐπειδὴ
550 689 819 761 παρεδόθη
853 690 1033 756 αὐτοῖς
1075 691 1148 755 ὡς
1179 691 1444 761 πρόϐατον
1477 695 1568 747 ἐπὶ
1601 712 1738 764 σφα..

182 783 287 855 τὴν,
327 783 422 838 καὶ
457 781 546 855 ᾡς
584 783 756 854 ἀμνὸς
797 783 997 847 ἄκακος
1037 784 1272 845 ἐναντίον
1324 785 1417 839 τοῦ
1461 787 1739 859 κείραντος

180 878 391 945 ἄφωνος,
424 876 667 948 δρῶντες
697 876 859 950 αὐτοῦ
891 875 951 930 τὸ
987 877 1156 942 πάθος
1191 877 1531 948 ἐπεφώνουν·
1560 877 1736 950 Εὖγε,

180 966 319 1040 εὖτε,
350 965 526 1024 εἶδον
551 972 606 1022 ol
637 949 929 1038 ὀφθαλμοὶ
959 970 1144 1040 ἡμῶν.

235 1057 411 1126 Εἶδες,
448 1061 672 1128 Κύριε,
706 1059 794 1130 μὴ
839 1062 1329 1132 παρασιωπήσῃς.
1386 1062 1496 1116 Καὶ
1535 1061 1738 1116 ἄνωθεν

182 1150 312 1207 εἷπε·
360 1153 523 1206 Πότε
577 1153 812 1222 suam;
865 1154 960 1208 καὶ
1018 1154 1106 1208 διὰ
1159 1155 1266 1209 τῶν
1320 1154 1691 1227 προκειμένων
1719 1173 1733 1187 ο

184 1244 352 1310 εἶδες,
381 1245 584 1312 Κύριε.
611 1245 677 1296 Τί
706 1243 762 1298 δὲ
807 1242 974 1310 εἷδεν;
1014 1246 1098 1310 Ὡς
1140 1245 1328 1310 δολίως
1379 1246 1526 1318 αὑτῴ
1570 1263 1738 1319 προσ-

184 1338 346 1409 ῄεσαν,
377 1338 473 1392 καὶ
519 1337 593 1401 ὡς
631 1337 936 1392 ὲπλάτυναν
982 1340 1101 1392 κατ’
1137 1338 1300 1392 αὐτοῦ
1338 1340 1398 1392 τὸ
1431 1340 1602 1410 στόμα
1645 1341 1738 1394 αὺ-

187 1429 296 1494 τῶν,
329 1431 417 1484 καὶ
441 1431 525 1493 ὡς
557 1429 677 1483 κατ’
711 1430 876 1500 εὐχὰς
915 1430 1220 1502 πράξαντες
1263 1431 1530 1485 ἐπεϐόωνο
1559 1428 1734 1501 Εὖγε,

188 1517 337 1590 εὖτε,
378 1516 547 1574 εἶδον
591 1523 648 1574 οἱ
701 1521 991 1589 ὀφθαλμοὶ
1041 1520 1229 1590 ἡμῶν.
1282 1522 1352 1576 Σὺ
1402 1522 1492 1589 δὲ,
1544 1522 1734 1592 Κύριε,

189 1611 338 1663 ταῦτα
371 1610 723 1682 θεασάμενος,
769 1612 1135 1682 ἀνασχόμενός
1169 1629 1226 1666 τε
1259 1613 1352 1668 καὶ
1386 1613 1735 1687 μακροθυμή-

194 1721 300 1768 σας,
319 1703 396 1774 μὴ
420 1703 925 1773 παρασιωπήσῃςο
961 1705 1074 1758 ἀλλ’
1101 1705 1381 1760 ἀναλαϐὼν
1421 1707 1482 1760 τὸ
1527 1707 1626 1778 τῆς
1661 1707 1737 1760 δι-

1838 529 1921 568 me
1965 530 2022 568 os
2072 529 2246 568 suum.
2279 511 2481 568 Deinde
2528 513 2658 584 quia
2695 513 2831 584 ipsis
2870 513 3107 570 traditus
3140 513 3243 568 fuit
3270 516 3414 570 sicut

1839 605 1958 660 ovis
1991 605 2058 659 ad
2093 605 2510 675 jugulationem,
2548 613 2602 660 et
2640 605 2784 660 sicut
2815 621 2989 676 agnus
3027 605 3146 661 sine
3179 606 3407 673 malitia,

1841 711 2023 753 coram
2059 697 2317 752 tondente
2346 697 2466 753 sine
2489 713 2644 761 voce,
2663 697 2912 752 videntes
2946 697 3066 768 ejus
3097 698 3410 768 passionem

1839 787 1922 843 sic
1967 787 2408 843 vociferabantur
2459 803 2474 844 :
2540 786 2707 858 Euge,
2763 787 2940 858 Euge!
2981 787 3224 846 viderunt
3271 789 3413 844 oculi

1838 880 2028 934 nostri.
3210 882 3216 887 ’

1910 1055 2288 1113 νωπεοαθ.
2354 1055 2564 1121 Vidisti,
2609 1057 2853 1117 Domine.
2903 1075 2967 1112 ne
3016 1057 3196 1116 sileas.
3235 1057 3410 1130 Supe-

1833 1150 1954 1204 rius
1986 1149 2121 1204 dixit
2175 1169 2187 1204 :
2229 1148 2454 1216 Quando
2500 1151 2784 1218 respicies?
2832 1150 2888 1204 in
2930 1149 3186 1220 praesenti
3229 1165 3408 1205 vero:

1849 1240 2059 1306 Vidisti,
2083 1242 2350 1298 Domine?
2379 1241 2582 1314 Ecquid
2603 1244 2774 1299 vidit?
2794 1243 2950 1310 Quod
2983 1244 3170 1300 dolose
3196 1260 3256 1300 se
3277 1259 3411 1300 con-

1838 1335 2108 1399 venerint,
2148 1341 2204 1389 ct
2261 1334 2406 1405 quod
2462 1335 2815 1392 dilataverint
2873 1345 3065 1391 contra
3120 1339 3298 1408 ipsum
3347 1351 3411 1393 os

1839 1444 2020 1488 suum.
2051 1435 2106 1481 et
2149 1427 2318 1497 quod,
2361 1443 2418 1482 re
2472 1444 2572 1499 pro
2629 1437 2757 1484 voto
2811 1438 2984 1500 gesta,
3011 1429 3408 1493 clamaverint:

1839 1518 2006 1591 Euge,
2027 1517 2209 1589 Euge!
2239 1518 2476 1574 viderunt
2499 1521 2638 1574 oculi
2669 1522 2856 1575 nostri.
2878 1519 2959 1574 Tu
2992 1528 3196 1585 autem,
3228 1519 3412 1575 Domi-

1837 1626 1926 1679 ne,
1961 1611 2056 1682 qui
2093 1612 2206 1667 haec
2229 1611 2442 1678 vidisti,
2480 1613 2574 1670 sed
2614 1613 2886 1684 patienter
2917 1629 2983 1669 ac
3011 1613 3289 1670 moderate
3322 1624 3414 1670 tu-

1839 1702 1973 1769 listi,
2008 1720 2070 1757 ne
2092 1705 2248 1758 sileas
2277 1721 2295 1758 :
2327 1705 2422 1761 sed
2453 1714 2734 1777 assumpto
2753 1707 2981 1777 iustitiae
3013 1716 3118 1764 tuae
3148 1706 3410 1762 tribunali

195 1797 465 1868 καιοσὺνης
491 1814 579 1850 σου
605 1798 885 1868 κριτήριον
905 1798 1027 1868 λέγε
1046 1817 1058 1830 ·
1095 1799 1281 1854 Ταῦτα
1301 1800 1611 1868 ἐποίησας,
1637 1801 1736 1855 καὶ

1843 1795 1927 1849 dic
1965 1814 1978 1848 :
2012 1794 2140 1849 Ila'c
2184 1797 2376 1865 fecisti,
2402 1806 2451 1850 et
2500 1799 2640 1852 tacui
2680 1799 2762 1864 ‘7;
2810 1813 2874 1852 ac
2903 1813 3123 1853 rursum
3155 1816 3170 1854 :
3217 1797 3406 1863 Tacui,

201 1886 472 1955 ὲσίτησα·
505 1890 597 1942 καὶ
621 1889 769 1944 πάλιν
794 1907 808 1921 ο
853 1889 1213 1960 Ἐσιώπησα,
1234 1893 1320 1962 μὴ
1352 1894 1450 1948 καὶ
1475 1880 1576 1947 ἀεί’
1596 1910 1735 1948 σιω-

207 1975 486 2046 animum;
529 1977 892 2049 Ἀνθρωπίνως
911 1973 968 2027 δὲ
1016 1979 1246 2036 ἱκετεῠει
1285 1979 1455 2048 λέγων
1483 1980 1620 2051 πρὸς
1645 1979 1735 2034 τὸν

210 2067 386 2122 ἑαυτοῦ
419 2070 651 2141 Πατέρα’
691 2070 789 2140 Μὴ
822 2071 1095 2140 ἀποστῇς
1118 2072 1217 2126 ἀπ’
1248 2071 1390 2142 ἐμοῦ
1410 2089 1422 2102 ’
1454 2071 1568 2137 καὶ,
1605 2072 1734 2136 Ἐξ-

206 2159 443 2229 crepante
472 2163 566 2216 καὶ
604 2165 868 2232 πρόσχες
894 2162 968 2233 τῇ
994 2163 1208 2232 κρίσει,
1241 2167 1273 2218 ό
1310 2164 1454 2230 Θεός
1473 2181 1592 2234 μου
1633 2165 1733 2218 καί

199 2251 439 2319 όΚυριός
472 2270 592 2321 μου
635 2256 724 2320 εἰς
771 2253 886 2321 τὴν
932 2253 1108 2323 δίκην
1139 2271 1278 2324 μου.
1315 2255 1471 2308 Κατὰ
1506 2255 1614 2328 γὰρ
1646 2255 1734 2308 τὸν

194 2342 359 2413 καιρὸν
387 2343 476 2397 τοῦ
506 2345 646 2416 ὑπὲρ
677 2345 831 2416 ἡμῶν
859 2345 1061 2409 πάθους
1083 2346 1332 2410 τοιαύτας
1354 2347 1502 2416 ἠφίει
1529 2345 1731 2416 φωνὰς,

193 2434 266 2488 ἵνα
307 2436 562 2507 πιστευθῇ
610 2436 896 2510 ἄνθρωπος
947 2438 1222 2509 ἀτρεκέως
1289 2437 1430 2492 κατὰ
1477 2438 1731 2510 ἀλήθειαν

189 2528 417 2597 γεγονὼς,
445 2530 539 2584 καί
565 2530 657 2584 τὸν
681 2530 820 2601 ὑπὲρ
853 2530 1005 2602 ἡμῶν
1035 2531 1260 2586 θάνατον
1281 2532 1539 2595 ἑκουσίως
1570 2548 1734 2585 κατα-

185 2619 464 2692 δεκόμενος.
518 2621 630 2676 Kal
673 2621 758 2691 μὴ
805 2621 1235 2691 ἐπιχαρήσειάν
1263 2640 1386 2692 μοι,
1419 2623 1506 2692 μὴ
1554 2623 1735 2676 εἴποι-

181 2727 286 2764 σαν
329 2713 399 2765 ἐν
447 2713 724 2780 καρδίαις
762 2712 988 2768 αὐτῶν·
1039 2709 1216 2784 Εὖγε,
1263 2709 1422 2783 εὖγε,
1469 2716 1508 2782 ἡ
1563 2713 1732 2783 ψυχὴ

181 2804 361 2873 mulir!
401 2806 561 2875 μηδὲ
604 2807 913 2860 εῖποισαλν·
962 2809 1325 2876 Κατεπίσμεν
1367 2807 1578 2862 αὐτόν.
1633 2806 1732 2860 Σοῦ

176 2898 495 2969 γαμφησὶν.
514 2898 890 2964 έπεξελθόντος
913 2901 1022 2962 τοῖς
1039 2899 1478 2971 τετολμημένοις,
1507 2898 1598 2952 καὶ
1619 2897 1734 2971 κρί-

176 3007 357 3054 ναντος
390 2990 526 3044 κατὰ
551 2991 650 3062 τὴν
683 2989 1026 3060 δικαιοσύνην
1078 3006 1190 3054 σου,
1233 2990 1332 3042 οὐκ
1378 2991 1734 3062 ἐπιχαρὴσον-

173 3098 292 3143 ται,
343 3081 452 3132 οὐδ’
497 3079 704 3153 ἐροῦσιν
753 3081 810 3133 ὲν
849 3084 966 3144 ταῖς
1014 3081 1264 3152 καρδίαις
1294 3083 1504 3136 αὐτῶν·
1555 3078 1730 3152 Εὖγε,

1841 1906 1910 1943 an
1930 1906 2129 1959 semper
2152 1889 2328 1944 tacebo
2346 1891 2428 1944 u’?
2459 1890 2707 1946 Humano
2737 1900 2918 1946 autem
2941 1906 3095 1946 more
3127 1889 3277 1946 Patri
3305 1904 3411 1946 suo

1841 1981 2114 2051 supplicat
2145 1981 2232 2036 his
2263 1982 2446 2037 verbis
2486 1999 2498 2037 :
2537 1981 2620 2038 Ne
2667 1982 2907 2039 discedas
2938 2000 2972 2038 a
3014 1999 3137 2047 me;
3163 1989 3216 2036 et
3250 2001 3266 2038 :
3298 1981 3411 2036 Ea:-

1839 2089 1992 2143 surge
2019 2083 2067 2128 et
2095 2074 2302 2129 intende
2336 2074 2543 2145 judicio
2567 2091 2701 2140 meo,
2731 2074 2872 2129 Deus
2895 2089 3037 2129 meus
3069 2084 3118 2128 et
3147 2072 3408 2128 Dominus

1839 2181 1986 2219 meus
2005 2166 2060 2218 in
2075 2181 2292 2218 causam
2325 2183 2513 2220 nteant.
2543 2166 2810 2236 Tempore
2840 2180 3077 2236 namque
3112 2180 3211 2234 pro
3248 2163 3408 2219 nobis

1839 2264 2104 2327 susceptae
2136 2256 2411 2325 passionis
2443 2257 2578 2312 tales
2599 2256 2879 2311 emittebat
2908 2271 3092 2322 voces,
3131 2264 3190 2308 ut
3214 2253 3406 2308 crede-

1837 2355 1990 2403 retur
2017 2349 2178 2404 homo
2196 2349 2372 2405 factus
2395 2351 2694 2406 secundum
2724 2350 2803 2404 rei
2835 2349 3136 2412 veritatem,
3153 2363 3218 2402 ac
3244 2363 3409 2418 spon-

1838 2444 1892 2490 te
1915 2451 2014 2506 pro
2052 2438 2211 2494 nobis
2237 2447 2468 2494 mortem
2523 2439 2857 2510 suscepisse.
2891 2438 2958 2492 Et
2982 2455 3086 2492 non
3114 2454 3408 2508 supergau-

1837 2527 1994 2582 deant
2024 2527 2170 2594 mihi,
2196 2547 2258 2584 ne
2293 2529 2473 2582 dicant
2509 2531 2562 2582 in
2605 2529 2850 2584 cordibus
2891 2530 3002 2582 suis
3030 2527 3238 2599 :Euge,
3265 2528 3409 2599 Euge

1839 2622 2032 2677 anima:
2069 2623 2286 2677 nostris!
2317 2639 2407 2677 nec
2428 2621 2611 2675 dicant
2642 2638 2661 2676 :
2684 2621 3056 2676 Devoravimus
3089 2639 3230 2676 eum.
3270 2621 3328 2676 Si
3348 2631 3408 2679 tu

1838 2713 2005 2776 enim,
2033 2713 2232 2784 inquit,
2260 2715 2373 2768 haec
2404 2713 2648 2768 facinora
2673 2712 2979 2777 ulciscaris,
3010 2723 3063 2768 et
3085 2713 3301 2783 judices
3321 2728 3409 2769 se-

1839 2803 2076 2858 cundum
2094 2804 2364 2874 justitiam
2399 2815 2570 2868 tuam,
2588 2819 2930 2874 nequaquam
2952 2803 3031 2857 illi
3062 2804 3404 2875 gaudebunt:

1839 2911 2015 2966 neque
2043 2896 2233 2952 dicent
2261 2897 2317 2950 in
2349 2896 2610 2952 cordibus
2643 2897 2760 2952 suis
2794 2915 2807 2950 :
2845 2895 3009 2966 Euge,
3054 2891 3237 2966 Euge!
3267 2910 3402 2966 βινῶ-

1838 2989 2009 3042 valuit
2036 2989 2215 3043 anima
2250 2997 2457 3045 nostra.
2484 2988 2710 3044 Etiamsi
2743 2989 2887 3044 enim
2914 2988 2968 3043 id
2993 3003 3088 3043 ore
3115 2987 3408 3060 aliquando

1840 3080 2200 3149 protulerint,
2246 3091 2299 3136 at
2331 3080 2495 3136 corde
2529 3097 2639 3135 non
2675 3080 2748 3136 ita
2777 3081 3088 3150 loquentur,
3117 3095 3295 3151 neque
3323 3080 3408 3136 di-

170 3166 327 3240 εὖγε,
350 3172 564 3243 ίσχυσεν
591 3175 620 3244 ἠ
650 3173 796 3245 ψυχὴ
830 3173 1003 3244 ἡμῶν.
1043 3175 1104 3227 Εἰ
1133 3174 1242 3245 γὰρ
1280 3175 1374 3228 καὶ
1403 3173 1480 3245 τῷ
1515 3175 1737 3246 στόματι

1843 3181 2010 3227 cent:
2043 3171 2420 3226 Devoravimus
2475 3189 2614 3239 eum,
2661 3173 2883 3244 quando
2950 3174 3407 3229 resurrectionem

171 3265 343 3317 αὐτῶν
371 3280 503 3316 ποτε
531 3267 686 3319 τοῦτο
715 3266 1017 3337 εἰρήκασιν,
1046 3265 1160 3319 ἀλλ’
1202 3267 1262 3318 οὐ
1309 3267 1402 3321 καὶ
1447 3270 1567 3330 ταῖς
1599 3285 1737 3340 καρ-

171 3354 298 3419 δίαις
321 3356 505 3409 αὐτῶν
543 3357 757 3429 ἐροῦσιν
780 3373 793 3386 ·
827 3356 944 3410 οὐδὲ
975 3359 1202 3428 φήσουσι
1222 3375 1236 3388 ·
1259 3359 1624 3429 Κατεπίομεν
1643 3362 1740 3414 αὺ-

171 3449 284 3514 τὸν,
337 3449 443 3521 τὴν
494 3449 790 3503 ἁνάστασίν
851 3467 951 3521 μου
997 3450 1088 3505 καὶ
1137 3451 1236 3523 τῆς
1276 3452 1596 3524 Ἐκκλησίας
1641 3454 1739 3525 τῆς

172 3539 295 3610 ἐμῆς
317 3540 421 3611 τὴν
453 3538 575 3592 καθ’
599 3538 726 3609 ὅλης
750 3538 849 3609 τῆς
873 3539 1194 3610 οἰκουμένης
1218 3539 1424 3610 ἵδρυσιν
1455 3538 1743 3611 θεώμενοι,

170 3629 534 3685 Καταπίνεται
561 3630 657 3700 μὲν
678 3629 786 3703 γὰρ
811 3632 840 3683 ὁ
869 3628 1014 3694 ἅπαξ
1043 3631 1121 3693 εἰς
1164 3629 1319 3700 βυθὸν
1351 3631 1603 3702 χωρήσας
1646 3611 1739 3683 καί

173 3723 353 3790 μηκέτ’
385 3719 776 3793 ἁναϐεϐηκὼςο
809 3721 948 3775 οὕτω
979 3722 1086 3793 γάρ
1119 3739 1245 3792 ποτε
1278 3722 1533 3776 κατέπιεν
1577 3727 1605 3776 ὁ
1644 3723 1738 3778 θά-

172 3829 312 3878 vaco;
351 3814 601 3884 ἰσχύσας.
639 3813 795 3876 Ἀλλὰ
821 3815 979 3868 κάκεῖ
1015 3816 1062 3868 οἱ
1106 3813 1496 3879 καταποθέντες
1521 3815 1738 3870 ἐπαλιν-

172 3905 468 3976 δρᾶμησαν,
501 3904 583 3958 διὸ
612 3905 881 3959 λέλεκται·
914 3906 1021 3961 Καὶ
1058 3904 1240 3960 πάλιν
1265 3905 1562 3975 ἀφεῖλεν-ό
1596 3909 1737 3976 Θεὸς

173 3992 282 4048 πᾶν
315 3995 590 4062 δάκρυον
618 3994 733 4048 ἀπὸ
760 3994 982 4060 παντὸς
1015 3991 1355 4062 προσώπου.

234 4089 341 4141 Καὶ
382 4086 622 4141 ἐνταῦθα
663 4087 858 4152 τοίνυν,
883 4089 930 4140 εἰ
969 4087 1224 4159 καὶπρὸς
1261 4089 1447 4162 καιρόν
1479 4105 1596 4141 τινα
1629 4089 1738 4143 ἔδον

171 4177 259 4244 ξαν
301 4179 470 4232 αὐτὸν
515 4179 829 4232 καταπίνειν
853 4220 867 4242 ,
931 4178 1043 4233 ἀλλ’
1070 4180 1168 4234 οὐκ
1205 4181 1284 4244 είς
1326 4180 1508 4245 τέλος,
1553 4181 1734 4250 φησὶν,

169 4268 378 4339 ἐροῦσι,
432 4268 784 4342 προφητικῶς
821 4269 938 4322 κατ’
980 4270 1118 4324 αὐτὰ
1152 4270 1451 4335 θεσπίζων·
1489 4272 1738 4338 Αἰσχυν-

171 4362 417 4428 θείησαν
461 4360 560 4414 καὶ
601 4360 1037 4428 ἐντραπείησαν
1079 4360 1198 4430 ἅμα
1238 4363 1290 4413 ol
1332 4360 1738 4428 ἐπιχιιίροντες

171 4456 289 4522 τοῖς
325 4454 536 4522 κακοῖς
579 4471 730 4525 μου’
779 4454 1250 4510 ἐνδυσάσθωσαν
1298 4455 1598 4522 αίσχύνην
1639 4441 1738 4507 καὶ

172 4548 468 4616 ἐντροπὴν
520 4550 573 4601 ol
627 4537 1286 4618 μεγαλορῤημονοῦντες
1335 4546 1426 4599 ἐπ’
1470 4545 1590 4615 ἐμέ.
1630 4545 1739 4598 Καὶ

172 4641 341 4694 ταῦτα
365 4643 424 4696 δὲ
449 4642 596 4704 ὅπως
622 4641 808 4703 τέλους
827 4641 1013 4710 ἔτυχεν
1041 4639 1414 4710 ἀναφερόμενα
1439 4637 1532 4690 ἐπὶ
1558 4637 1619 4690 τὸ
1643 4635 1736 4690 τοῦ

175 4715 419 4805 Σωτῆρος
441 4733 600 4806 ἡμῶν
647 4734 952 4803 πρόσωπον,
986 4732 1160 4804 ῥᾴδιον
1187 4731 1249 4804 δὴ
1286 4732 1432 4785 ἰδεῖν.
1474 4731 1562 4796 Ἐξ
1601 4730 1740 4784 ὲκεί-

175 4843 262 4878 νου
287 4827 413 4896 γὰρ,
444 4828 538 4880 καὶ
578 4828 655 4889 εἰς
686 4825 841 4896 δεῦρο
873 4823 966 4877 τοῦ
999 4824 1184 4895 χρόνου
1220 4823 1615 4896 ἀπερριμμένοι
1645 4822 1740 4875 καὶ

175 4916 460 4988 ἀπόϐλητοι
491 4917 815 4988 τυγχάνουσι
867 4916 1032 4970 πάλαι
1080 4917 1353 4988 κομῶντες
1403 4918 1494 4970 ἐπὶ
1529 4915 1738 4979 πολλοῖς

174 5007 521 5077 χαρίσμασιν.
559 5010 620 5062 Οἱ
662 5008 705 5060 δ’
747 5008 804 5074 ἐξ
850 5007 1100 5062 ἁπάντων
1147 5008 1253 5061 τῶν
1303 5007 1470 5061 ἐθνῶν
1511 5007 1602 5061 τὸν
1645 5007 1735 5059 ὑπ’

176 5101 348 5154 αὐτῶν
374 5103 713 5177 ἀνῃρημένον
746 5102 1197 5174 παραδεδεγμένοι
1222 5103 1317 5173 τῆς
1354 5103 1451 5173 μὲν
1479 5099 1735 5156 πολυθέου

179 5193 380 5263 πλάνης
406 5194 825 5266 ὴλευθέρωνται,
856 5194 944 5246 τὸν
983 5193 1025 5248 δ’
1059 5195 1151 5246 ἐπὶ
1182 5194 1394 5247 πάντων
1416 5193 1547 5246 Θεὸν
1586 5193 1738 5246 εὐσε-

181 5283 391 5349 6οὖντες
415 5287 764 5340 διατελοῦσιν.
795 5283 906 5340 Εἴθ’
939 5289 986 5340 οἱ
1031 5288 1126 5358 μὲν
1165 5286 1423 5358 αἰσχύνην
1466 5287 1737 5357 καταχεά-

187 5397 326 5448 μενοι
356 5376 536 5449 ὲφόἷς
567 5380 817 5454 ἔδρασαν,
851 5383 1238 5453 ὲνετράπησαν,
1282 5382 1329 5434 οἱ
1373 5379 1428 5433 δὲ
1464 5382 1603 5452 χαρᾷ
1647 5379 1740 5433 καὶ

186 5473 476 5544 παρρησίας
507 5474 772 5544 ὁσημέραι
822 5474 1146 5546 πληροῦνται
1165 5491 1177 5503 ⁸
1212 5472 1285 5536 ὡς
1317 5471 1648 5544 πληροῦσθαι
1680 5471 1740 5524 τὸ

188 5563 326 5632 παρὰ
347 5565 564 5618 Munius!
599 5563 774 5633 λόγιον
805 5564 979 5635 φῆσαν
1010 5563 1142 5634 πρὸς
1167 5561 1257 5615 τὸν
1293 5559 1554 5615 Ἰουδαίων
1578 5559 1734 5613 λαόνο

1840 3280 2040 3329 meam,
2067 3273 2121 3321 et
2169 3265 2469 3321 Ecclesium
2522 3265 2651 3322 item
2711 3281 2886 3322 meam
2927 3267 3034 3322 late
3069 3285 3163 3338 per
3216 3265 3407 3322 orbem

1840 3369 2192 3429 propagatam
2221 3357 2583 3428 conspicient.
2621 3356 2671 3420 Is
2699 3373 2935 3428 namque
2967 3359 3282 3426 devoratur,
3311 3362 3406 3433 qui

1840 3451 2008 3506 semel
2032 3450 2086 3504 in
2110 3450 2440 3521 profundum
2473 3449 2750 3521 delapsus,
2771 3449 2898 3505 inde
2932 3465 3210 3520 nunquam
3238 3467 3412 3507 emer-

1839 3542 1917 3613 git
1945 3563 1959 3597 :
1995 3543 2075 3599 sic
2099 3543 2243 3597 enim
2275 3559 2424 3598 mors
2453 3543 2603 3606 olim,
2634 3557 2759 3597 cum
2814 3542 3148 3612 praevaleret,
3177 3542 3404 3599 devoras

1838 3632 1951 3688 bat.
2003 3634 2201 3687 Verum
2247 3633 2340 3703 qui
2377 3632 2621 3688 devorati
2671 3640 2820 3698 sunt,
2860 3633 2972 3702 jam
3021 3639 3404 3697 revertuntur,

1838 3740 2008 3797 quare
2026 3725 2233 3780 dictum
2257 3732 2342 3780 est
2377 3743 2392 3780 :
2428 3723 2495 3778 Et
2521 3741 2732 3779 rursum
2755 3727 2974 3780 abstulit
3004 3725 3263 3782 Dominus
3291 3744 3405 3783 om-

1838 3833 1955 3872 nem
1989 3817 2277 3889 lacrgmam
2304 3817 2368 3870 ab
2407 3819 2548 3872 omni
2570 3819 2718 3873 uultu
2747 3818 2818 3870 δ’.

1908 4081 2010 4136 llic
2057 4082 2222 4152 igitur
2253 4082 2469 4138 etiamsi
2522 4082 2590 4138 ad
2629 4090 2844 4154 tempus
2884 4081 3062 4152 ipsum
3117 4083 3406 4141 devorasse

1837 4175 1940 4230 visi
1971 4184 2132 4243 sunt;
2157 4183 2212 4230 at
2241 4191 2349 4230 non
2383 4177 2438 4230 in
2467 4175 2625 4230 finem
2650 4191 2844 4246 usque,
2879 4175 3073 4246 inquit,
3099 4174 3171 4230 ita
3197 4177 3403 4244 dicent,

1839 4269 2261 4341 propheticeque
2288 4271 2471 4328 statim
2497 4270 2865 4324 vaticinatur:
2897 4267 3222 4323 Erubescant
3254 4278 3302 4322 et
3325 4285 3406 4323 re-

1841 4371 2113 4416 vereantur
2137 4362 2317 4425 simul,
2347 4361 2437 4431 qui
2457 4360 2800 4430 gratulantur
2827 4359 2984 4412 matis
3004 4359 3153 4413 meis.
3173 4357 3406 4412 Induan-

1842 4460 1927 4504 tur
1979 4450 2282 4518 confusione
2315 4460 2364 4505 et
2416 4450 2704 4504 reverentia
2753 4449 2844 4518 qui
2897 4464 3088 4518 magna
3123 4449 3406 4518 loquuntur

1841 4558 1994 4612 super
2027 4559 2124 4596 me.
2175 4540 2300 4595 llaec
2354 4555 2520 4610 porro
2552 4554 2712 4610 quem
2755 4539 2917 4592 linem
2958 4538 3151 4593 sortita
3195 4537 3307 4594 sint
3334 4537 3405 4593 ad

1843 4649 2133 4703 personam
2173 4631 2477 4686 Salvatoris
2510 4630 2686 4686 nostri
2719 4627 2966 4696 reducta,
2995 4627 3298 4699 intelligere
3323 4628 3406 4683 fa-

1843 4723 1946 4778 cile
1968 4731 2070 4778 est.
2091 4719 2183 4784 Ex
2203 4735 2268 4776 eo
2298 4719 2497 4790 quippe
2527 4719 2594 4774 ad
2626 4719 2730 4775 hoc
2763 4734 2939 4791 usque
2966 4727 3179 4788 tempus
3205 4718 3405 4790 abjecti

1844 4829 1908 4869 ac
1940 4813 2151 4883 depulsi
2181 4820 2330 4877 sunt,
2375 4813 2466 4884 qui
2501 4812 2631 4866 olim
2676 4812 2852 4883 gratia
2895 4811 3166 4883 donisque
3214 4811 3405 4868 multis

1843 4907 2199 4964 ornabantur.
2258 4905 2329 4961 At
2381 4913 2649 4978 quotquot
2706 4922 2774 4962 ex
2834 4905 3088 4977 gentibus
3134 4905 3406 4964 universis

1841 5013 1986 5062 eum,
2014 4997 2108 5068 qui
2154 4997 2225 5053 ab
2268 4998 2376 5054 illis
2427 4996 2750 5054 interfectus
2791 5004 2895 5064 est,
2925 5006 3266 5068 receperunt,
3301 4996 3346 5053 ii
3369 5011 3404 5055 a

1841 5092 2137 5146 multorum
2183 5091 2410 5146 deorum
2458 5106 2646 5146 errore
2682 5090 2894 5146 liberati
2929 5098 3078 5156 sunt,
3125 5089 3404 5162 Deumque

1843 5183 2223 5238 universorum
2283 5189 2599 5238 constanter
2655 5197 2720 5238 ac
2766 5182 2856 5253 pie
2921 5182 3130 5240 colunt.
3189 5181 3402 5238 Exhinc

1845 5290 2010 5347 porro
2036 5274 2113 5328 illi
2134 5275 2375 5347 quidem,
2399 5275 2470 5330 ob
2499 5272 2712 5329 facinus
2733 5280 2966 5340 tantum,
2991 5274 3203 5344 pudore
3223 5271 3401 5328 allecti

1847 5383 1910 5423 ac
1969 5367 2184 5425 confusi
2235 5375 2391 5434 sunt;
2423 5366 2500 5422 illi
2533 5373 2713 5424 autem
2754 5365 2953 5439 gaudio
3007 5365 3314 5434 fiduciaque
3341 5359 3396 5416 in

1846 5463 1962 5518 dies
1990 5463 2306 5534 replentur;
2336 5462 2411 5515 ita
2471 5468 2531 5516 ut
2578 5460 2711 5517 illud
2763 5459 2961 5531 Moysis
2999 5457 3276 5514 oraculum
3327 5451 3396 5509 ad

1845 5556 2153 5615 Judaeorum
2188 5555 2444 5628 populum
2488 5563 2741 5628 spectans
2778 5553 3065 5626 impleatur
3101 5570 3115 5608 :
3148 5546 3396 5620 Proscty-

252 5744 293 5792 "
325 5745 625 5819 Psal.xux,
656 5747 746 5802 21.
822 5747 864 5778 ⁸⁸
902 5743 1006 5812 lsa.
1044 5758 1184 5810 xm,
1225 5742 1306 5797 14.
1382 5738 1426 5773 δ’
1467 5739 1569 5812 lsa.
1606 5755 1744 5806 xxv,
1779 5738 1832 5793 8.
