3992 6216
587 311 692 365 519

1282 299 1548 358 EUSEBII
1585 296 2060 356 CAESARIENSIS
2096 295 2246 353 OPP.
2285 294 2463 351 PARS
2500 294 2585 351 111.
2609 282 2694 337 -’
2716 290 3120 350 EXEGETICA.

3711 283 3836 342 320

590 425 804 484 Veritas
835 425 1016 494 itaque
1049 422 1144 478 Dei
1176 423 1230 477 in
1263 421 1403 476 cano
1426 429 1511 478 est
1541 439 1556 474 :
1583 421 1710 475 inde
1733 433 1860 474 vero
1893 433 1993 473 ceu
2029 418 2134 488 plu-

2242 419 2303 484 ὲν
2333 417 2504 487 ἑτέρῳ
2527 415 2801 469 λέλεκταιο
2845 415 2947 468 Ἐν
2968 411 3047 477 τῷ
3065 406 3296 478 οὐρανῷ
3325 405 3831 476 ὲτοιμασθήσεται

577 521 664 574 via
696 519 748 573 in
783 517 1023 572 nubibus
1053 517 1163 571 lata
1194 513 1363 574 stillat
1394 513 1449 566 in
1483 519 1706 568 terram.
1760 510 1884 565 Ideo
1918 509 2136 572 dicitur,

577 611 647 664 Et
679 610 869 664 veritas
895 617 987 661 tua
1009 623 1167 678 usque
1197 606 1264 659 ad
1286 606 1469 659 nubes.
1507 603 1582 658 Ex
1612 604 1850 658 nubibus
1883 611 2058 656 autem
2084 603 2138 656 in

576 703 827 758 homines
867 702 1073 757 veritas
1121 699 1215 754 Dei
1261 697 1560 753 efi‘unditur
1589 713 1604 762 ;
1637 695 1809 750 nubes
1857 709 1987 748 vero
2019 709 2142 764 pro-

575 796 770 866 phetas
812 800 866 849 et
921 793 1194 863 angelicas
1225 791 1474 851 virtutes,
1509 803 1540 841 a
1571 785 2011 871 'quibusveritas
2045 784 2140 839 Dei

576 885 890 940 hominibus
921 883 1082 936 allata
1113 890 1216 945 est,
1247 877 1533 947 Scriptura
1559 877 1698 932 solet
1717 875 2004 945 appellare.
2049 873 2140 928 Sic

578 979 632 1032 in
694 976 833 1031 Isaia
878 976 1080 1030 dictum
1105 979 1189 1028 est
1215 988 1226 1023 :
1251 970 1321 1024 Et
1347 969 1568 1024 nubibus
1591 967 1850 1022 mandabo
1873 983 1933 1021 ne
1957 967 2144 1034 pluunt

575 1085 730 1138 super
747 1085 859 1122 eam
879 1067 1096 1120 imbrem
1117 1065 1184 1128 ⁵⁸,
1208 1063 1418 1119 scilicet
1446 1077 1608 1133 super
1631 1060 1939 1117 Judaaorum
1973 1075 2144 1130 popu-

576 1161 708 1221 lum,
741 1163 824 1229 qu.‘
859 1158 1069 1228 tropice
1101 1157 1260 1211 vinea
1305 1162 1550 1210 vocatur.

2248 510 2290 576 ἡ
2319 507 2570 574 ἀλήθειά
2607 523 2740 561 σου.
2778 507 2932 559 Ἔστι
2964 505 3059 576 μὲν
3085 498 3176 556 οὖν
3208 503 3240 573 ή
3276 500 3498 572 ἀλήθεια
3541 498 3635 553 τοῦ
3679 498 3829 553 Θεοῦ

2248 600 2308 652 ἑν
2343 599 2420 670 τῷ
2452 599 2682 670 οὐρανῷ,
2717 598 2870 668 δίκην
2922 597 2978 650 δὲ
3009 595 3162 650 ὑετοῦ
3199 593 3494 664 φερομένου
3523 591 3612 644 διὰ
3639 592 3832 662 νεφῶν

2247 692 2343 746 καὶ
2402 693 2560 764 μέχρι
2604 693 2702 763 τῆς
2755 693 2856 761 γῆς
2913 687 3211 751 ὲπιστάζει.
3243 687 3332 739 Διὸ
3361 685 3606 756 εἴρηται·
3639 686 3750 738 Καὶ
3786 688 3831 754 ἡ

2246 782 2502 851 ἀλήθειὰ
2528 799 2642 836 σου
2665 782 2775 848 ἕως
2800 780 2918 834 τῶν
2938 778 3224 848 νεφελῶν.
3261 778 3353 830 Ἐκ
3381 776 3436 829 δὲ
3466 775 3572 827 τῶν
3599 775 3834 846 λεγομέ-

2251 877 2357 930 νῶν
2377 875 2610 944 νεφελῶν
2631 875 2725 928 καὶ
2751 876 2829 937 είς
2855 871 3170 945 ἀνθρώπους
3190 869 3476 942 προχέεται
3503 870 3536 938 ή
3561 866 3656 920 τοῦ
3682 866 3832 922 Θεοῦ

2251 968 2479 1040 ἀλήθεια
2498 984 2510 1000 ’
2545 967 2771 1036 νεφέλας
2809 966 2866 1018 δὲ
2888 966 3013 1028 τοὺς
3039 963 3318 1036 προφήτας
3345 962 3378 1032 ἦ
3401 961 3497 1024 τὰς
3522 958 3832 1028 ἀγγελικὰς

2250 1057 2531 1129 δυνάμεις,
2555 1058 2621 1111 δι’
2649 1051 2724 1111 ὧν
2749 1059 2782 1128 ή
2809 1054 3032 1126 ἀλήθεια
3063 1054 3157 1107 τοῦ
3186 1051 3320 1106 Θεοῦ
3353 1054 3448 1106 καὶ
3485 1053 3562 1115 είς
3610 1049 3830 1122 ἀνθρὼ-

2253 1169 2389 1213 πους
2426 1150 2808 1222 κατελήλυθεν,
2838 1148 3024 1202 εἴωθεν
3064 1150 3093 1201 ὁ
3134 1147 3289 1214 λόγος
3325 1145 3629 1216 ὀνομάζειν.
3660 1143 3828 1198 Οὕτω

573 1252 820 1307 λέλεκται
851 1257 908 1307 ὲν
949 1252 1174 1323 Ἦσαῖᾳο
1197 1249 1307 1304 Καὶ
1339 1249 1467 1316 ταῖς
1519 1249 1801 1318 νεφέλαις
1836 1245 2186 1315 ὲντελοῦμαι
2223 1245 2330 1300 τοῦ
2372 1244 2458 1315 μὴ
2498 1244 2711 1314 βρέξαι
2753 1246 2840 1310 είς
2883 1239 3072 1297 αὐτὸν
3117 1239 3314 1304 ὑετὸν,
3356 1237 3554 1309 δηλαδὴ
3599 1238 3680 1302 είς
3724 1236 3826 1289 τὸν

588 1347 855 1400 Ἰουδαίων
911 1345 1060 1410 λαὸν,
1104 1342 1401 1414 ἀμπελῶνα
1442 1342 1718 1413 τροπικῶς
1743 1339 2143 1411 ὠνομασμένον.

644 1442 724 1496 Ad
749 1443 863 1496 haec
894 1447 1096 1504 autem,
1123 1439 1335 1509 justitia
1363 1445 1477 1502 tua,
1511 1436 1705 1507 inquit,
1737 1435 1983 1496 Domine,
2018 1449 2134 1486 ma-

575 1550 681 1608 gna
712 1535 1058 1605 excelsaque,
1093 1533 1393 1598 montibus,
1426 1533 1534 1586 imo
1567 1530 1844 1585 montibus
1869 1528 1959 1583 Dei
1988 1542 2138 1581 com-

576 1635 822 1700 paratur,
859 1643 923 1682 ac
954 1628 1176 1696 insuper
1197 1626 1402 1696 judicia
1435 1632 1528 1678 tua
1552 1620 2136 1693 incomprehensibilia.
2173 1648 2216 1703 Β

577 1717 1043 1784 Quemadmodum
1067 1718 1211 1773 enim
1248 1717 1502 1788 abyssus,
1535 1721 1595 1770 ut
1623 1721 1838 1776 vocant,
1878 1713 2140 1767 immensa

576 1817 630 1864 et
654 1809 968 1863 hominibus
997 1807 1568 1878 incomprehensibilis
1589 1814 1703 1873 est;
1731 1805 1872 1875 quod
1907 1820 2038 1860 sane
2058 1805 2141 1859 bis

578 1901 936 1972 significatur,
963 1917 1156 1970 ponens
1185 1917 1236 1953 in
1263 1899 1518 1956 thesauris
1539 1899 1790 1969 abyssos:
1817 1897 1895 1953 sic
1911 1896 2140 1966 judicia,

580 1995 826 2054 Domine,
857 2007 977 2064 quae
1005 2010 1066 2048 ex
1095 1993 1310 2062 justitia
1357 1992 1622 2062 prodeunt
1653 1999 1763 2053 tua,
1791 2007 1887 2046 ceu
1917 1991 2136 2061 abyssus

580 2088 745 2142 multa
764 2088 809 2118 "
832 2095 979 2141 sunt.
1007 2085 1113 2140 Pro
1144 2085 1236 2139 illo
1266 2092 1467 2149 autem,
1485 2084 1700 2154 justitia
1728 2093 1814 2136 tua
1837 2084 1970 2138 sicut
1991 2101 2136 2138 mon-

580 2189 656 2233 tes
695 2178 825 2240 Dei;
868 2177 1084 2246 Aquila,
1124 2176 1342 2246 justitia
1392 2185 1486 2230 tua
1528 2177 1664 2231 sicut
1689 2185 1884 2229 montes
1915 2177 2136 2242 robusti,

580 2268 970 2338 interpretatus
1008 2274 1109 2322 est.
1146 2265 1269 2320 Haac
1299 2282 1461 2337 porro
1489 2266 1670 2320 omnia
1697 2275 2000 2337 opportune
2033 2283 2139 2321 me-

578 2366 908 2411 morantur:
942 2357 1382 2428 declaraturque,
1437 2372 1534 2428 per
1581 2357 2003 2412 misericordiam
2044 2358 2138 2412 Dei

578 2465 704 2519 qua:
737 2451 791 2504 in
823 2451 965 2506 coelo
1007 2461 1112 2514 est,
1157 2467 1254 2521 per
1283 2449 1566 2505 veritatem
1595 2457 1650 2505 et
1689 2449 1954 2519 justitiam
1994 2451 2137 2521 ejus,

584 2556 647 2595 ac
671 2557 766 2612 per
795 2542 948 2605 illud,
986 2541 1206 2596 Judicia
1244 2542 1356 2612 ejus
1380 2551 1438 2596 ut
1484 2541 1703 2611 abyssus
1730 2541 1894 2596 multa
1938 2546 2137 2597 incom-

573 2633 944 2701 prehensibilia
997 2643 1154 2696 sunt,
1207 2634 1423 2706 impios,
1493 2635 1678 2690 athcos
1727 2644 1780 2690 et
1831 2645 2139 2706 peceatores

576 2739 683 2779 non
713 2725 823 2780 vita
854 2727 1050 2788 solum,
1085 2727 1179 2782 sed
1215 2728 1442 2798 reliquis
1474 2729 1635 2782 etiam
1667 2727 1773 2782 frui
1797 2729 1954 2784 bonis
1984 2745 2012 2782 a
2037 2729 2138 2784 bo-

576 2817 747 2872 nitate
777 2818 948 2887 ipsius
973 2818 1428 2874 subministratis.

2323 1431 2442 1484 Ἐτι
2495 1429 2630 1500 πρὸς
2671 1428 2880 1490 τούτοις
2927 1430 2960 1498 ή
3010 1425 3320 1493 δικαιοσύνη
3368 1441 3481 1487 σου,
3534 1424 3730 1493 φησὶν,
3770 1415 3824 1476 ὦ

2248 1521 2440 1591 Κύριε,
2459 1518 2665 1590 μεγάλη
2692 1517 2944 1589 τυγχάνει
2967 1517 3060 1575 καὶ
3089 1514 3284 1585 ὑψηλὴ,
3302 1513 3449 1585 δρεσι
3477 1512 3826 1584 παραϐαλλο-

2251 1614 2405 1684 μένη,
2438 1612 2531 1666 καὶ
2557 1611 2703 1683 ὄρεσι
2737 1610 2892 1674 Θεοῦ,
2925 1611 3018 1664 καὶ
3065 1609 3198 1681 πρὸς
3237 1607 3445 1671 τούτοις
3475 1605 3543 1660 τὰ
3575 1607 3826 1678 κρίματά

2247 1722 2341 1758 σου
2389 1704 2768 1773 ἀκατάληπτα.
2835 1703 2922 1765 Ὠς
2976 1702 3085 1773 γὰρ
3128 1703 3161 1771 ή
3217 1699 3526 1770 καλουμένη
3584 1698 3824 1763 ἄϐυσσος

2242 1798 2468 1869 ἄπειρός
2513 1801 2661 1851 ἐστιν
2717 1793 3021 1866 ἀνθρώποις
3069 1792 3163 1845 καὶ
3203 1789 3627 1858 ἀκατάληπτος·
3677 1787 3710 1840 ὃ
3757 1787 3822 1858 δὴ

2244 1891 2500 1962 σημαίνει
2524 1892 2552 1942 ὁ
2573 1889 2748 1959 φήσας
2772 1886 2946 1954 λόγος’
2972 1881 3153 1949 Τιθεὶς
3187 1881 3257 1934 ἐν
3287 1877 3606 1948 θησαυροῖς
3634 1879 3822 1934 ἀϐύσ-

2243 1996 2395 2047 σους
2415 1998 2428 2011 ⁸
2455 1979 2624 2043 οὕτως
2653 1978 2746 2031 κα)⁸
2773 1975 2840 2028 τὰ
2870 1975 2938 2028 σὰ
2967 1972 3229 2046 κρίματα,
3254 1963 3299 2023 ῶ
3332 1967 3607 2041 Κύριε,τά
3633 1970 3701 2021 ἐκ
3725 1968 3818 2037 τῆς

2247 2075 2342 2145 σῆς
2419 2073 2760 2143 δικαιοσύνης
2841 2068 3133 2140 φερόμενα,
3181 2063 3255 2127 ὠς
3325 2062 3668 2131 ὴᾶϐυσσός
3705 2061 3816 2112 ἔστι

2244 2166 2463 2233 πολλή.
2508 2167 2652 2220 Ἀντὶ
2684 2165 2742 2218 δὲ
2772 2162 2889 2225 τοῦ,
2931 2163 3002 2215 ἾΙ
3027 2157 3378 2223 δικαιοσύνη
3423 2170 3538 2208 σου
3587 2154 3666 2219 ὡς
3714 2153 3814 2220 ὅρη

2245 2258 2414 2323 Θεοῦ,
2445 2259 2474 2311 ὁ
2513 2256 2759 2320 Ἀκύλας,
2790 2252 3146 2319 Δικαιοσύνη
3180 2265 3295 2303 σου
3319 2248 3400 2313 ὡς
3435 2246 3544 2315 ὄρη
3577 2246 3815 2314 ὶσχιφὰ,

2244 2351 2575 2422 ἡρμήνευσε.
2616 2347 2833 2400 Τούτων
2857 2345 2913 2398 δὲ
2941 2343 3156 2397 πάντων
3182 2338 3452 2410 εὐκαίρως
3480 2337 3816 2407 ἐμνημόνευ-

2245 2456 2333 2492 σεν
2361 2441 2390 2491 ὁ
2429 2437 2612 2506 λόγος·
2647 2436 2883 2499 δεικνὺς,
2912 2435 2993 2487 ὃτι
3032 2431 3120 2486 διά
3161 2431 3220 2484 τὸ
3247 2429 3392 2492 έλεός
3425 2444 3518 2480 σου
3554 2426 3645 2480 τοῦ
3681 2425 3816 2480 Θεοῦ

2244 2526 2307 2580 τὸ
2345 2529 2402 2580 ὲν
2433 2524 2511 2596 τῷ
2545 2525 2776 2596 οὐρανῷ,
2809 2525 2902 2578 καὶ
2934 2523 3023 2576 διὰ
3065 2523 3162 2593 τὴν
3215 2519 3470 2592 ἀλήθειαν
3515 2515 3678 2572 αὐτοῦ
3728 2518 3818 2568 καὶ

2245 2615 2335 2670 διὰ
2375 2617 2474 2688 τὴν
2499 2616 2840 2688 δικαιοσύνην
2870 2613 3056 2679 αὐτοῦ,
3086 2614 3180 2666 καὶ
3204 2611 3292 2666 διὰ
3325 2611 3417 2664 τό·
3459 2610 3547 2673 Ὠς
3582 2607 3816 2671 ἄϐυσσος

2243 2708 2410 2778 πολλὴ
2452 2707 2814 2779 ἀκατάληπτα
2849 2707 2918 2762 τά
2959 2707 3204 2778 κρίματα,
3233 2702 3418 2769 αὐτοῦ,
3464 2701 3560 2756 καὶ
3600 2700 3814 2765 ἀσεϐεῖς

2247 2802 2340 2858 καὶ
2365 2799 2514 2854 ἄθεοι
2534 2788 2630 2854 καὶ
2661 2800 2971 2872 ἁμαρτωλοὶ
3001 2799 3061 2852 οὐ
3089 2798 3245 2870 μόνον
3268 2796 3410 2868 ζωῆς
3432 2793 3813 2856 ἀπολαύουσιν,

576 2908 710 2962 ἀλλὰ
745 2911 841 2964 καὶ
887 2911 997 2964 τῶν
1038 2912 1242 2965 λοιπῶν
1303 2914 1408 2966 τῶν
1465 2915 1570 2968 ἀπὸ
1608 2915 1704 2985 τῆς
1747 2914 2147 2986 φιλανθρωπίας
2184 2917 2345 2972 αὐτοῦ
2370 2897 2806 2990 χορηῇουμένων.

647 3021 813 3078 Vens.
847 3025 900 3079 8.
934 3025 1297 3094 Quamobrem
1353 3030 1607 3100 adjicitur
1638 3049 1652 3086 :
1691 3031 1940 3088 Homines
1965 3043 2014 3088 et
2044 3035 2134 3105 ju-

2315 3035 2406 3090 Διὸ
2437 3036 2744 3106 ὲπιλέγεται
2769 3054 2781 3067 °
2831 3036 3192 3104 Ἀνθρώπους
3227 3035 3324 3089 καὶ
3353 3035 3539 3102 κτήνη
3569 3033 3811 3100 σώσεις,

576 3124 750 3170 menta
776 3115 1029 3182 salvabis,
1049 3117 1304 3182 Domine;
1326 3123 1757 3191 quemadmodum
1771 3125 2134 3196 multiplicasti

2242 3129 2429 3197 Κύριε,
2460 3128 2540 3194 ὡς
2570 3127 2915 3195 ἐπλήθυγας
2948 3130 3014 3184 τὸ
3050 3113 3222 3194 ἔλεός
3264 3142 3403 3193 σου,
3427 3130 3461 3187 d
3507 3127 3668 3192 Θεός,
3719 3127 3816 3180 Διά

577 3202 998 3256 misericordiam
1031 3214 1198 3270 tuam,
1232 3207 1395 3265 Deus.
1425 3208 1556 3264 Nam
1585 3213 2019 3284 pr0pterjndicia
2046 3223 2137 3269 tua

577 3308 698 3364 quae
730 3301 789 3348 ut
842 3294 1077 3366 abyssus
1122 3300 1291 3354 multa
1340 3309 1488 3366 sunt,
1539 3313 1759 3373 propter
1784 3305 2052 3374 justitiam
2085 3315 2140 3362 et

571 3384 857 3442 veritatem
883 3395 1028 3445 luam
1055 3406 1174 3460 quae
1197 3391 1250 3446 in
1278 3394 1416 3448 cmlo
1433 3401 1533 3458 est,
1561 3394 1808 3454 homines
1827 3397 2138 3467 etjumenta

571 3477 737 3536 simul
773 3481 1004 3536 salutem
1039 3483 1303 3540 obtinent.
1333 3485 1423 3541 Sic
1449 3488 1812 3557 multiplicasti
1843 3490 2138 3543 misericor-

573 3567 719 3622 diam
751 3577 918 3634 tuam,
945 3570 1175 3637 Deus,ut
1206 3590 1314 3629 non
1339 3577 1499 3631 modo
1530 3578 1620 3646 qui
1655 3577 1824 3646 digni,
1857 3580 1951 3633 sed
1975 3580 2136 3633 etiam

576 3659 669 3730 qui
726 3663 906 3718 brutis
942 3666 1188 3720 moribus
1233 3675 1288 3722 et
1334 3669 1650 3738 insipientes
1697 3679 1821 3725 sunt
1863 3671 2133 3734 homines,

572 3753 683 3807 vita
733 3755 830 3809 abs
881 3762 934 3810 te
985 3756 1110 3811 data
1166 3758 1431 3814 fruantur.
1493 3760 1941 3832 Quandoquidem
1992 3763 2134 3816 enim

573 3844 732 3898 multi
763 3857 1176 3916 conqueruntur
1195 3860 1248 3905 et
1277 3855 1620 3922 expostulant
1643 3870 1762 3908 cum
1792 3855 1884 3908 illo
1908 3854 1994 3909 his
2027 3871 2140 3908 ver-

574 3937 692 3992 bis:
719 3935 897 4003 Quare
922 3938 1073 4010 impii
1093 3955 1349 4011 prospere
1370 3952 1557 4014 agunt,
1575 3960 1638 3998 ac
1661 3945 1750 3998 Dei
1770 3944 1927 4000 bonis
1953 3944 2136 4000 fruun-

573 4027 702 4082 tur?
729 4029 1044 4085 necessario
1085 4031 1242 4088 docet
1277 4034 1500 4089 multam
1537 4035 1658 4106 ejus
1700 4036 2130 4092 misericordiam

575 4133 716 4172 esse.
743 4118 811 4174 At
838 4121 884 4176 si
911 4121 1284 4179 misericordia
1315 4133 1527 4181 tantum
1560 4142 1623 4181 ac
1644 4128 1928 4212 clementia
1955 4130 2133 4186 exsis-

574 4216 731 4272 teret,
764 4208 898 4263 nihil
927 4225 958 4264 a
987 4222 1333 4282 peccatorum
1369 4217 1481 4271 vita
1512 4208 1749 4273 ineunda
1769 4229 1995 4276 arceret.
2021 4220 2128 4276 Ve-

575 4313 697 4352 rum
743 4297 934 4356 edocet
964 4301 1053 4358 ille
1081 4306 1361 4369 veritatem
1392 4316 1447 4363 et
1502 4309 1771 4377 justitiam
1809 4327 1932 4366 cum
1966 4315 2130 4370 mise-

572 4387 804 4443 ricordia
837 4391 1077 4457 misceri,
1104 4392 1178 4447 ita
1213 4402 1272 4449 ut
1304 4403 1429 4466 post
1466 4398 1894 4453 misericordiam
1916 4401 2126 4471 justitia

2241 3218 2349 3290 γὰρ
2405 3218 2472 3272 τὰ
2516 3221 2760 3291 κρίματά
2795 3238 2886 3279 σου
2923 3220 2988 3274 τά
3018 3221 3091 3284 ὠς
3120 3219 3350 3284 ἄϐυσσος
3395 3205 3577 3289 πολλή,
3605 3219 3703 3271 καὶ
3734 3219 3817 3272 διὰ

2237 3309 2334 3382 τὴν
2363 3310 2705 3382 δικαιοσύνην
2732 3328 2822 3363 σου
2855 3311 2947 3364 καὶ
2982 3311 3078 3382 τὴν
3112 3309 3363 3380 ἀλήθειάν
3398 3326 3485 3362 σου
3515 3307 3610 3379 τὴν
3641 3310 3706 3360 ὲν
3744 3307 3818 3378 τῷ

2238 3401 2469 3473 οὐρανῷ,
2491 3402 2586 3456 ἄνθ
2595 3419 2765 3473 ρωποι
2796 3404 2889 3456 καὶ
2927 3404 3094 3472 κτήνη
3125 3401 3264 3455 κατά
3280 3402 3339 3454 τὸ
3361 3400 3486 3454 αὐτὸ
3511 3396 3788 3463 σώζονται
3804 3417 3817 3430 ο

2237 3493 2407 3556 οὕτως
2428 3493 2775 3563 ἐπλήθυνας
2793 3493 2859 3547 τὸ
2881 3492 3055 3559 ἔλεός
3084 3507 3221 3560 σου,
3247 3493 3426 3571 Θεὸςη
3444 3492 3518 3553 ὡς
3545 3489 3620 3561 μὴ
3655 3492 3819 3562 μόνον

2235 3586 2360 3648 τοὺς
2390 3585 2572 3652 ἀξίους
2601 3587 2698 3656 τῆς
2731 3589 2794 3639 ἐκ
2845 3586 2938 3640 σοῦ
2976 3586 3120 3656 ζωῆς
3172 3583 3622 3657 μεταλαμὸἀνειν,
3671 3583 3815 3636 ἀλλά

2238 3677 2328 3730 καὶ
2373 3678 2495 3740 τοὺς
2541 3678 2830 3749 κτηνὼδεις
2879 3679 2972 3732 καὶ
3023 3679 3280 3749 ἀνοήτους
3332 3676 3439 3730 τῶν
3483 3674 3809 3748 ἀνθρώπων.

2249 3767 2459 3838 Ἐπειδὴ
2512 3768 2618 3839 γὰρ
2668 3769 2848 3822 πολλοὶ
2901 3769 3201 3839 μέμφονται
3245 3771 3339 3823 καὶ
3389 3766 3810 3820 καταιτιῶνται⁵

2238 3857 2353 3910 Ἵνα
2380 3858 2433 3909 τί
2464 3858 2678 3922 ἀσεϐεῖς
2703 3858 3006 3929 εύθηνοῦσι,
3044 3857 3136 3911 καὶ
3165 3857 3269 3909 τῶν
3303 3856 3395 3909 τοῦ
3422 3854 3556 3908 Θεοῦ
3589 3853 3812 3922 ἀγαθῶν

2235 3950 2630 4016 ἀπολαύουσιν;
2692 3951 3004 4018 ἀναγκαίως
3062 3949 3319 4012 διδάσκει,
3377 3948 3457 4001 ὅτι
3519 3946 3810 4010 πολυέλεός

2235 4044 2400 4095 ἐστιν.
2440 4042 2575 4095 Ἀλλ’
2602 4045 2650 4095 εἰ
2689 4042 2785 4113 μὲν
2813 4039 2880 4114 ἦν
2918 4044 3060 4108 ἕλεος
3090 4043 3247 4114 μόνον
3281 4040 3374 4095 καὶ
3403 4039 3803 4112 φιλανθρωπία,

2231 4130 2384 4184 οὐδὲν
2408 4132 2640 4184 ἐκώλυεν
2668 4133 2758 4185 τὸν
2786 4133 2890 4188 τῶν
2916 4133 3248 4206 ἁμαρτωλῶν
3279 4131 3630 4204 μετέρχεσθαι
3654 4130 3771 4201 βίον
3791 4149 3806 4163 ·

2228 4222 2466 4275 διδάσκει
2515 4222 2590 4285 δὲ,
2632 4223 2711 4275 ὅτι
2765 4226 2860 4279 σὺν
2889 4226 2965 4296 τῷ
3003 4224 3134 4296 ἐλέῳ
3177 4223 3544 4295 ἀνακέκραται
3576 4221 3809 4292 ἀλήθεια

2229 4313 2324 4366 καὶ
2349 4311 2682 4384 δικαιοσύνη,
2711 4315 2784 4378 ῶς
2806 4317 2900 4386 τῆς
2917 4315 3265 4387 δικαιοσύνης
3289 4315 3383 4368 καὶ⁸
3418 4314 3519 4386 τῆς
3545 4315 3810 4385 ἀληθείας

2227 4401 2621 4472 διαληψομένης
2648 4404 2772 4467 τοὺς
2793 4405 3144 4476 ἁμαρτωλοὺς
3173 4407 3308 4478 μετὰ
3342 4408 3402 4460 τὸ
3425 4407 3587 4469 ἔλεος.
3611 4407 3673 4458 Εἰ
3697 4405 3810 4475 γὰρ

569 4485 625 4533 et
667 4479 866 4536 veritas
905 4493 1222 4552 peccatores
1264 4494 1572 4556 excepturos
1614 4498 1761 4546 sunt.
1791 4491 1927 4546 Nam
1979 4495 2024 4549 si
2058 4510 2123 4550 ex

2242 4498 2307 4568 μὴ
2338 4497 2624 4567 ὼφελοῖντο
2752 4500 2884 4571 ἐλέῳ
2912 4502 3004 4554 καὶ
3034 4504 3099 4572 τῇ
3137 4497 3485 4571 μακροθυμίᾳ
3517 4496 3611 4550 τοῦ
3640 4495 3806 4559 Θεοῦ,

568 4571 944 4628 misericordia
991 4584 1046 4630 et
1085 4577 1348 4646 patientia
1382 4577 1474 4633 Dei
1509 4580 1639 4635 nihil
1667 4584 1914 4640 utilitatis
1945 4587 2110 4656 percio

569 4662 741 4732 piant,
767 4664 978 4732 justitia
1009 4675 1064 4720 et
1093 4667 1298 4723 veritas
1321 4669 1440 4738 ejus
1471 4670 1688 4734 invadet
1721 4675 1842 4731 illos
1879 4676 2124 4746 :judicio

568 4754 931 4824 quippejusto
957 4757 1334 4826 subjicientur.
1368 4759 1503 4816 Sunt
1539 4766 1682 4819 enim
1719 4783 1928 4833 revera,
1971 4776 2119 4836 sunt,

568 4844 808 4915 inquam,
855 4846 1057 4916 judicia
1107 4847 1200 4906 Dei
1241 4855 1486 4921 occulta;
1529 4858 1696 4911 multa
1755 4860 2122 4930 immensaque

568 4937 931 5009 profunditas,
967 4941 1070 5006 vel,
1103 4952 1162 4996 ut
1193 4945 1268 4998 ait
1296 4945 1596 5018 Scriptura,
1622 4949 1841 5019 abyssus
1866 4953 2034 5008 multa
2067 4955 2120 5008 in

565 5029 889 5101 iudiciorum
925 5035 1043 5104 ejus
1075 5038 1286 5094 ratione
1318 5042 1813 5111 comprehenditur.
1849 5042 1973 5098 Haec
2017 5046 2120 5116 igi-

563 5127 656 5176 tur
685 5125 877 5194 impios
903 5139 1142 5183 manent.
1991 5126 1996 5132 ’

637 5206 802 5267 Vens.
828 5212 882 5276 9,
907 5214 992 5269 10.
1022 5214 1152 5272 Filii
1175 5227 1350 5273 autem
1382 5220 1648 5276 hominum
1675 5224 1727 5278 in
1759 5227 1976 5295 tegmine
1998 5227 2113 5281 ala-

562 5317 678 5355 rum
724 5314 930 5359 tuarum
981 5309 1280 5375 sperabunt.
1327 5310 1736 5368 Inebriabuntur
1766 5317 1830 5370 ab
1881 5318 2115 5372 ubertate

561 5395 743 5452 domus
772 5410 895 5465 tum,
929 5410 978 5456 et
1013 5411 1240 5458 torrente
1295 5404 1572 5472 voluptatis
1598 5416 1701 5460 tua:
1751 5411 1952 5478 potabis
2003 5429 2110 5465 eos.

562 5486 820 5552 Quoniam
855 5493 994 5560 apud
1015 5503 1063 5546 te
1086 5504 1162 5548 est
1191 5494 1308 5563 fons
1335 5497 1470 5559 vitae,
1499 5498 1552 5550 in
1584 5499 1780 5556 lumine
1819 5512 1906 5557 tuo
1931 5504 2115 5559 videbi-

563 5583 894 5637 muslumen.
936 5585 1202 5649 Quoniam
1240 5585 1443 5653 judicia
1499 5597 1590 5644 tua
1643 5594 1870 5664 abyssus
1921 5599 2107 5663 multa,

633 5733 677 5780 ιο
717 5733 820 5797 ιδῃ,
854 5752 920 5802 γ,
953 5736 1003 5793 6,
1081 5740 1120 5772 ⁵⁷
1164 5739 1306 5794 Psal.
1349 5757 1510 5808 xxxx,
1551 5744 1602 5812 7,

2227 4593 2260 4662 ἡ
2296 4591 2606 4663 δικαιοσύνη
2649 4593 2810 4647 αὐτοῦ
2842 4594 2993 4664 καὶὴ
3027 4592 3251 4664 ἀλήθεια
3300 4588 3671 4662 μετελεύσεται
3703 4591 3809 4642 αὐ-

2229 4681 2382 4747 τούς’
2420 4685 2881 4758 ὑποϐληθήσονται
2907 4686 3014 4757 γὰρ
3045 4686 3222 4757 κρίσει
3248 4684 3466 4756 δικαίᾳᾸ
3486 4684 3638 4737 Ἐστι
3663 4683 3805 4754 γὰρ,

2235 4775 2382 4829 ἔστιν
2410 4777 2696 4848 ἀπόρρητα
2736 4777 2802 4830 τά
2835 4779 3079 4849 κρίματα
3104 4777 3197 4830 τοῦ
3227 4776 3360 4829 Θεοῦ
3380 4794 3392 4807 ’
3427 4775 3590 4840 πολύς
3613 4793 3669 4828 τε
3702 4780 3808 4830 καὶ

2228 4867 2450 4940 ἄπειρος
2495 4869 2670 4938 βυθὸς,
2702 4870 2767 4940 ἢ,
2803 4870 2984 4935 καθὼς
3025 4875 3057 4943 ἡ
3092 4871 3278 4944 Γραφή
3315 4886 3496 4940 φησιν,
3527 4871 3807 4935 ἄϐυσσος

2229 4962 2428 5030 πολλὴ
2459 4965 2514 5015 ὲν
2540 4963 2616 5033 τῷ
2640 4963 2780 5034 λόγῳ
2810 4964 2917 5017 τῶν
2953 4967 3234 5037 κριμάτων
3267 4967 3426 5022 αύτοῦ
3464 4964 3802 5036 περιέχεται.

2229 5051 2409 5105 Ταῦτα
2444 5052 2621 5105 τοίνυν
2655 5053 2800 5122 μένει
2828 5057 2951 5119 τοὺς
2985 5056 3216 5119 ἀσεϐεῖς.

2296 5231 2360 5282 Οἱ
2385 5228 2452 5282 δὲ
2473 5229 2588 5284 υἱοί
2613 5231 2730 5286 τῶν
2756 5231 3077 5301 ἀνθρώπων
3109 5233 3178 5287 ἐν
3211 5232 3405 5303 σκέπῃ
3432 5231 3550 5286 τῶν
3578 5247 3723 5299 arte;
3734 5233 3804 5288 ύ-

2222 5337 2343 5389 γων
2368 5334 2484 5376 σου
2510 5322 2808 5378 ἐλπιοῦσι.
2833 5323 3331 5390 Μεθυσθήσονται
3361 5325 3477 5379 ἀπὸ
3508 5324 3806 5390 πιότητος

2221 5415 2390 5469 οἴκου
2421 5429 2556 5484 σου,
2596 5417 2695 5473 καὶ
2725 5419 2832 5472 τὸν
2859 5418 3216 5488 χειμάρῤουν
3260 5417 3367 5487 τῆς
3408 5414 3637 5487 τρυφῆς
3671 5432 3803 5472 σου

2219 5507 2441 5573 ποτιεῖς
2477 5512 2716 5576 αὐτούς,
2754 5513 2881 5564 Ὅτι
2907 5512 3064 5579 παρὰ
3100 5511 3200 5564 σοὶ
3227 5510 3388 5580 πηγὴ
3419 5509 3586 5577 ζωῆς,
3610 5509 3679 5562 ἐν
3710 5507 3801 5576 τῷ

2218 5601 2364 5666 φωτί
2401 5615 2514 5654 σου
2563 5602 2827 5671 ὀψόμεθα
2872 5601 3012 5670 ςοῶς.
3051 5602 3264 5673 Ἐπειδὴ
3299 5600 3366 5654 τὰ
3403 5600 3644 5671 κρίματά
3692 5613 3810 5654 σου.
