3980 6214
156 327 251 383 ὅῖί

154 536 242 589 καὶ
283 530 513 602 κτηνῶν
561 530 808 604 προνοεῖς
823 546 838 559 ·
872 526 1044 593 οὕτως
1082 528 1428 600 ἐπλήθυνας
1457 532 1524 587 τὸ
1555 532 1731 601 ἔλεός

153 641 281 690 σου,
319 626 355 678 ὁ
397 624 575 689 Θεός.
626 622 783 674 Ἔστι
823 620 868 673 δ’
899 620 980 674 ἔτι
1037 620 1189 693 παρὰ
1238 622 1412 678 ταῦτα
1457 622 1732 696 ἐξαίρετον

150 719 327 789 τάγμα
355 714 477 769 τῶν
510 712 649 786 μετὰ
679 711 749 766 τὰ
784 712 1142 785 προλεχθέντα
1167 713 1577 787 ὀνομαζομένων
1600 716 1731 770 υίῶν

154 808 450 881 ἀνθρώταυν
467 823 488 839 ·
521 805 737 870 οἵτινες,
775 804 932 859 πλέον
960 822 1011 859 τι
1040 804 1252 877 ἔχοντες
1281 807 1393 861 τῶν
1432 807 1731 880 ἀνθρώπων

156 902 362 958 καὶτῶν
383 898 612 972 κτηνῶν
637 897 745 952 τῶν
768 898 873 952 ὑπὸ
900 898 993 952 σοῦ
1012 898 1350 971 σωζομένων,
1370 901 1731 971 κατηξίωνται

158 999 210 1049 ὲν
240 994 419 1068 σκέπῃ
465 992 583 1046 τῶν
628 989 913 1063 πτερύγων
942 1007 1034 1043 σου
1065 991 1304 1056 ἐλπίζειν
1325 1009 1339 1023 ο
1388 991 1421 1063 ἢ
1471 993 1609 1047 κατὰ
1639 995 1732 1048 τὸν

154 1086 467 1158 Σύμμαχον,
519 1081 656 1136 Ὑπὸ
697 1079 879 1136 σκιὰν
917 1079 1036 1134 τῶν
1062 1083 1366 1152 πτερύγων
1395 1097 1510 1138 σου
1537 1085 1732 1155 ἀμερι-

152 1175 376 1247 μνυῦσι.
409 1176 561 1239 Τοὺς
591 1174 699 1246 γὰρ
732 1174 824 1228 ἐπὶ
853 1172 913 1227 σὲ
951 1172 1270 1244 ὴλπικότας,
1296 1175 1389 1229 καὶ
1414 1176 1731 1248 ἀφωρισμέ-

158 1289 271 1335 νους
309 1269 401 1323 τοῦ
455 1269 744 1341 τάγματος
774 1267 883 1322 τῶν
915 1267 1373 1341 διαϐεϐλημένων,
1409 1271 1473 1324 σὺ
1512 1270 1673 1336 αὐτὸς
1703 1274 1731 1326 ὁ

161 1361 281 1426 Θεὸς
306 1365 425 1426 ταῖς
453 1358 651 1416 ἑαυτοῦ
680 1359 905 1433 πτέρυξι
938 1361 1219 1433 περιέπεις
1240 1361 1333 1416 καὶ
1358 1362 1596 1427 σκέπεις.
1621 1364 1732 1417 Καὶ

165 1454 273 1508 ἐπεὶ
297 1454 535 1526 ἡλπισαν
578 1445 725 1506 οὗτοι
761 1452 970 1526 ἀγαθὴν
1003 1453 1215 1520 ἐλπίδα,
1260 1452 1327 1507 Ἠ
1360 1452 1427 1506 δὲ
1453 1454 1632 1520 ἐλπὶς
1659 1457 1730 1509 οὺ

168 1548 571 1617 καταισχύνει⁸
596 1544 1087 1615 μεθυσθήσονται
1110 1545 1226 1599 ἀπὸ
1258 1546 1535 1614 πιότητος
1562 1546 1731 1600 οἴκου

169 1652 294 1702 σου,
324 1638 422 1692 καὶ
447 1639 557 1692 τόν
582 1635 942 1707 χειμάῤῥουν
963 1634 1073 1705 τῆς
1108 1635 1338 1706 τρυφῆς
1370 1652 1485 1692 σου
1510 1637 1731 1704 ποτιεῖς

170 1732 402 1797 αὐτούς.
429 1727 587 1795 Οἶκος
612 1731 706 1802 μὲν
728 1727 823 1783 τοῦ
846 1728 979 1783 Θεοῦ
1005 1732 1151 1784 ἐστιν
1177 1729 1516 1803 ήἘκκλησία
1540 1731 1726 1785 αὑτοῦ*

1246 322 1749 383 COMMENTARIA
1781 326 1851 383 IN
1890 325 2232 385 PSALMOS.

155 440 385 502 ιευσσος
422 435 619 508 πολλὴ,
643 434 867 499 εἰκότως
919 435 981 489 οὐ
1033 435 1191 508 μόνον
1242 437 1562 510 ἀνθρώπων,
1594 439 1726 494 ἀλλὰ

1830 439 1953 510 jure
1981 456 2088 496 non
2113 439 2425 496 hominibus
2446 440 2631 508 modo,
2657 441 2755 498 sed
2786 442 2954 498 etiam
2977 442 3239 514 jumentis
3274 464 3397 518 pro-
3492 430 3497 437 “

3284 330 3391 386 ’ὃΞὶ

1835 534 2022 603 apicis,
2063 535 2144 591 sic
2179 532 2549 601 multiplicasti
2580 536 2997 592 misericordiam
3030 548 3198 608 tuam,
3226 539 3390 598 Deus.

1833 620 2037 680 Praeter
2084 622 2200 681 haec
2232 632 2412 678 autem
2448 623 2589 679 alius
2626 627 2858 683 eximius
2885 635 2970 683 est
3012 630 3145 684 ordo
3182 644 3394 699 eorum,

1833 716 1927 785 qui
1957 723 2081 785 post
2117 714 2372 786 praedicta
2405 715 2498 770 lilii
2540 716 2823 773 hominum
2852 728 3136 775 vocantur.
3181 720 3247 776 Hi
3277 723 3399 793 plu-

1834 807 1911 861 ris
1939 806 2145 877 aliquid
2178 807 2441 863 habentes
2473 821 2632 877 quam
2668 809 2916 867 homines
2936 819 2990 866 et
3010 812 3254 882 jumenta
3277 814 3401 885 qui-

1833 896 1938 952 bus
1966 899 2195 954 salutem
2218 910 2404 969 paras,
2430 898 2577 971 digni
2609 900 2780 956 habiti
2810 910 2937 959 sunt
2966 906 3058 974 qui
3085 907 3141 959 in
3163 907 3400 975 tegmine

1834 992 2040 1045 alarum
2071 999 2286 1046 tuarum
2322 1008 2472 1063 spem
2519 992 2781 1063 habeant;
2813 1001 2905 1050 aut
2928 1004 2988 1049 ut
3018 994 3397 1068 Symmachus,

1834 1082 1943 1139 Sub
1977 1083 2163 1138 umbra
2189 1084 2401 1138 alarum
2434 1094 2646 1140 tuarum
2672 1089 2840 1142 securi
2865 1098 3004 1145 sunt.
3024 1088 3130 1146 Eos
3145 1091 3288 1147 enim
3305 1094 3400 1164 qui

1831 1176 1889 1230 in
1924 1183 1977 1232 te
2002 1191 2153 1247 spem
2182 1176 2403 1243 habent,
2428 1179 2630 1249 quique
2658 1180 2727 1234 ab
2749 1178 2939 1237 ordine
2964 1180 3249 1238 infamium
3278 1183 3397 1239 illo-

1831 1285 1953 1325 rum
2004 1278 2383 1341 segregantur,
2421 1279 2479 1325 tu
2511 1272 2648 1342 ipse,
2686 1270 2852 1337 Deus,
2881 1272 2983 1327 alis
3017 1273 3167 1330 foves
3212 1275 3327 1332 tuis
3347 1285 3403 1331 et

1832 1362 2097 1434 contegis.
2130 1362 2336 1433 thuia
2372 1380 2522 1434 spem
2555 1380 2745 1435 cepere
2768 1381 3042 1437 magnam,
3072 1365 3198 1436 Spes
3228 1376 3403 1425 autem
3437 1345 3446 1361 ⁸

1832 1471 1937 1508 non
1978 1454 2250 1523 confundit
2268 1456 2335 1511 ⁸⁸,
2382 1454 2795 1511 Inebriabuntur
2839 1457 2904 1512 ab
2933 1458 3169 1514 ubertate
3213 1459 3403 1519 domus

1834 1555 1960 1612 ture,
1988 1556 2037 1601 et
2078 1555 2307 1603 torrente
2337 1549 2617 1617 voluptatis
2661 1557 2766 1603 tua:
2800 1551 3006 1618 potabis
3052 1567 3159 1606 eos.
3198 1550 3403 1610 Domus

1830 1636 1926 1694 Dei
1951 1646 2034 1695 est
2066 1637 2307 1696 Ecclesia
2336 1640 2455 1711 ejus
2481 1657 2495 1692 :
2530 1640 2751 1698 ubertas
2772 1642 2988 1710 domus,
3024 1643 3285 1701 divinitus
3317 1645 3402 1700 in-

1832 1729 2053 1800 spiratae
2082 1731 2385 1788 lectiones:
2418 1732 2653 1789 ebrietas
2680 1733 2769 1788 illa
2801 1741 3098 1805 temperata
3120 1742 3174 1790 et
3194 1735 3400 1804 sobria,

173 1824 363 1896 πιότης
402 1824 458 1877 δὲ
487 1824 581 1877 τοῦ
625 1823 766 1877 οἴκου
820 1822 888 1877 τά
936 1822 1265 1878 θεόπνευστα
1301 1823 1724 1896 ἁναγνώσματα·

1830 1821 2035 1877 utilitas
2054 1836 2122 1876 ex
2152 1822 2481 1879 lectionibus
2517 1826 2844 1893 proveniens
2873 1839 2886 1876 :
2921 1833 3134 1881 torrens
3162 1826 3403 1897 volupta-

183 1915 323 1988 μέθη
362 1915 417 1970 δὲ
461 1915 680 1988 σώφρων
709 1915 800 1970 καὶ
834 1914 1092 1987 νηφάλιος
1130 1918 1164 1990 ἡ
1210 1916 1317 1970 άπὸ
1343 1916 1451 1970 τῶν
1481 1918 1727 1988 ἀναγνω-

189 2008 402 2080 σμάτων
424 2008 647 2078 ὠφέλεια
668 2025 680 2039 ’
712 2007 1013 2081 χείμαρρος
1038 2008 1095 2063 δὲ
1126 2010 1362 2081 τρυφῆς,
1390 2008 1448 2074 ἐξ
1476 2005 1538 2062 οὗ
1577 2010 1729 2065 ποτί-

186 2100 358 2166 (avra:
388 2103 433 2154 oi
456 2102 546 2155 ἐπὶ
577 2102 745 2173 σκέπῃ
789 2099 897 2155 τῶν
930 2102 1216 2175 πτερύγων
1237 2102 1399 2157 αὐτοῦ
1415 2104 1724 2175 ἠλπικότες,

178 2195 207 2247 ό
231 2195 288 2247 ὲν
323 2193 599 2266 Ἐκκλησία
625 2194 716 2247 τοῦ
742 2192 877 2248 Θεοῦ
910 2193 1172 2266 ποταμὸς,
1201 2194 1330 2267 περὶ
1353 2189 1413 2250 οὗ
1443 2195 1723 2251 λέλεκται·

176 2285 280 2340 Τοῦ
308 2285 572 2355 ποταμοῦ
609 2284 683 2339 τὰ
713 2286 1023 2357 ὀρμήματα
1051 2287 1443 2357 εὐφραίνουσι
1470 2286 1584 2355 τὴν
1616 2289 1725 2342 πό-

170 2379 261 2430 λιν
286 2376 385 2432 τοῦ
408 2377 561 2431 θεοῦ
579 2395 592 2408 ·
627 2378 742 2442 καὶ,
784 2378 836 2432 Ὁ
873 2379 1137 2450 ποταμὸς
1157 2378 1265 2433 τοῦ
1293 2378 1439 2433 Θεοῦ
1464 2378 1727 2447 ἐπληρώ-

169 2469 233 2536 θη
260 2467 508 2522 ὑδάτων.
539 2469 856 2543 Χείμαῤῥος
893 2469 951 2524 δὲ
990 2471 1204 2544 τρυφῆς
1239 2473 1268 2524 ό
1297 2471 1529 2543 Χριστὸς
1551 2469 1638 2524 διὰ
1667 2468 1727 2524 τὸ

164 2562 483 2634 πρόσκαιρον
512 2562 612 2634 τῆς
640 2563 697 2617 ὲν
722 2561 1026 2635 ἀνθρώποις
1055 2562 1375 2633 ἐπιφανείας
1397 2561 1580 2616 αὑτοῦ.
1599 2563 1727 2616 Ὀτι

158 2651 306 2720 παρὰ
349 2653 451 2705 σοὶ
501 2650 667 2721 πηγὴ
713 2650 883 2721 ζωῆς.
917 2652 1068 2724 Ζωὴν
1094 2653 1152 2707 δὲ
1180 2652 1305 2706 ὄντα
1337 2652 1582 2723 ἔγνωμεν
1633 2652 1725 2705 τὸν

156 2740 377 2814 Χριστὸν
439 2745 506 2798 ἐκ
566 2744 667 2816 τῆς
720 2744 1077 2816 εὐαγγελικῆς
1121 2743 1487 2809 διδασκαλίας,
1544 2743 1610 2796 δι’
1658 2736 1727 2816 ἦς

152 2834 307 2899 αὐτὸς
346 2835 379 2888 ό
432 2836 629 2908 Σωτὴρ
670 2834 910 2890 διδάσκει
942 2836 1116 2905 λέγων
1139 2853 1152 2866 ·
1194 2834 1333 2905 Ἐγώ
1358 2837 1473 2906 ειμι
1501 2835 1567 2889 τὸ
1601 2834 1727 2905 φῶς

151 2927 248 2980 καὶ
285 2928 326 2995 ἡ
360 2927 611 2995 ἀλήθεια
638 2927 739 2982 καὶ
759 2926 797 2998 ἠ
836 2925 967 2998 ζωή.
1007 2927 1168 2981 Ἀλλὰ
1190 2929 1303 2993 καὶ,
1323 2926 1354 2980 ὃ
1386 2926 1632 2997 γέγονεν
1657 2926 1727 2980 ἐν

149 3018 310 3085 σὺτῷ
347 3018 461 3087 ζωὴ
493 3020 589 3088 ἦν,
625 3020 726 3074 καὶ
776 3020 816 3089 ἡ
853 3017 964 3088 ζωὴ
990 3015 1070 3090 ἦν
1103 3018 1170 3074 τὸ
1195 3017 1321 3090 φῶς
1353 3015 1472 3072 τῶν
1507 3015 1726 3085 ἀνθρώ·

1828 1913 1921 1979 tis,
1955 1929 2065 1984 quo
2103 1922 2358 1987 potantur
2394 1916 2430 1970 ii
2475 1916 2566 1987 qui
2602 1917 2704 1972 sub
2744 1916 2980 1988 tegmine
3027 1918 3231 1973 alarum
3279 1919 3402 1991 ejus

1828 2015 2072 2083 sperant,
2120 2007 2318 2065 ﬂuvius
2367 2010 2421 2064 in
2474 2010 2718 2066 Ecclesia
2760 2009 2856 2066 Dei
2893 2025 3146 2077 manans,
3182 2011 3250 2067 de
3294 2026 3404 2083 quo

1827 2079 2033 2153 dictum
2090 2099 2512 2155 est:Fluminis
2569 2100 2791 2168 impetus
2844 2099 3088 2172 laetiﬁcat
3141 2079 3403 2157 civitatem

1826 2188 1984 2245 Dei"
2000 2206 2020 2255 ;
2048 2199 2100 2246 et
2121 2208 2134 2244 :
2158 2190 2383 2248 Flumen
2404 2192 2765 2263 Deirepletum
2792 2201 2873 2248 est
2900 2194 3052 2264 aquis
3078 2194 3144 2249 ⁸ο.
3164 2195 3406 2252 Torrens

1826 2280 2133 2352 voluptatis
2174 2283 2429 2339 Christus
2474 2293 2580 2352 est,
2624 2286 2695 2340 ob
2731 2292 3137 2357 temporaneam
3176 2286 3298 2357 ejus
3349 2289 3404 2342 in

1826 2371 2142 2428 hominibus
2184 2375 2552 2444 praesentiam.
2589 2376 2856 2443 Quoniam
2894 2376 3035 2447 apud
3083 2386 3132 2430 te
3176 2385 3254 2432 est
3284 2378 3402 2445 fons

1824 2461 1964 2515 vita.
2014 2460 2094 2515 Ex
2127 2464 2439 2534 evangelica
2467 2464 2719 2520 doctrina
2764 2466 3043 2522 Christum
3073 2481 3196 2522 esse
3233 2468 3402 2524 vitam

1824 2552 2143 2618 ediscimus,
2191 2561 2251 2608 ut
2306 2553 2559 2610 Salvator
2590 2556 2707 2627 ipse
2744 2558 2904 2613 docet
2943 2557 3031 2614 bis
3057 2558 3257 2623 verbis,
3291 2558 3404 2630 Ego

1825 2662 1944 2699 sum
1984 2645 2100 2711 lux,
2134 2647 2327 2701 veritas
2359 2656 2410 2700 et
2439 2646 2627 2703 vita".
2658 2646 2764 2702 Sed
2799 2648 2985 2712 etiam,
3016 2647 3153 2718 quod
3201 2648 3405 2718 factum

1824 2746 1904 2792 est
1942 2739 1998 2791 in
2039 2738 2152 2808 ipso
2196 2740 2304 2795 vita
2340 2747 2476 2804 erat,
2518 2750 2569 2794 et
2603 2741 2711 2795 vita
2753 2748 2869 2794 erat
2917 2739 3010 2793 lux
3050 2738 3401 2797 hominum".

1826 2829 2007 2897 Quare
2032 2831 2121 2886 hic
2150 2832 2378 2903 pariter,
2412 2840 2471 2887 ut
2497 2833 2552 2887 in
2577 2831 2891 2902 Evangelio,
2919 2833 3043 2888 vita:
3093 2832 3185 2886 lux
3215 2830 3405 2887 subdi-

1826 2930 1915 2976 tur
1944 2941 1957 2977 :
1995 2939 2119 2978 nam
2156 2932 2445 2997 postquam
2480 2926 2714 2991 dixerat,
2749 2924 3020 2992 Quoniam
3060 2923 3200 2995 apud
3240 2935 3289 2980 te
3322 2933 3402 2979 est

1826 3015 1945 3085 fons
1971 3018 2109 3083 vine,
2141 3018 2419 3089 adjicitur,
2447 3017 2512 3073 In
2546 3019 2739 3073 lumine
2771 3030 2860 3074 tuo
2888 3017 3175 3074 videbimus
3203 3017 3401 3074 lumen.

147 3127 295 3166 πων.
330 3110 429 3166 Διὸ
456 3114 546 3166 καὶ
565 3111 797 3167 ἐνταῦθα
825 3115 892 3186 τῇ
919 3112 1029 3184 ζωῇ
1056 3112 1319 3184 συνῆπται
1344 3110 1405 3165 τὸ
1436 3109 1550 3181 φῶς
1588 3127 1724 3180 συμ-

1830 3105 1955 3162 [lac
1986 3109 2187 3180 quippe
2222 3111 2334 3167 vita
2375 3110 2755 3166 rationabilem
2790 3110 2967 3166 lucem
2999 3109 3396 3166 subministrat.

150 3203 342 3275 φώνως
389 3202 472 3275 τῷ
515 3204 851 3275 an-{yellus-
882 3203 1021 3276 μετὰ
1063 3202 1171 3277 γὰρ
1204 3203 1387 3274 φάναι·
1419 3202 1538 3254 Ὅτι
1569 3199 1726 3268 παρὰ

1834 3198 2200 3265 Quamobrem
2249 3202 2473 3267 dicitur,
2526 3201 2596 3257 Et
2637 3203 2745 3258 vita
2792 3214 2905 3258 erat
2955 3204 3049 3258 tua:
3101 3204 3399 3259 hominum.

146 3297 237 3351 σοί
293 3296 467 3367 πηγὴ
536 3294 703 3366 ζωῆς,
766 3296 1074 3368 ἑπιλέγεται
1095 3312 1109 3326 ο
1152 3298 1248 3351 Ἐν
1287 3294 1368 3362 τῷ
1431 3293 1579 3365 φωτί
1610 3308 1725 3347 σου

150 3389 412 3459 ὀψόμεθα
431 3386 578 3458 φῶς.
617 3388 799 3454 Φωτδς
835 3388 943 3462 γὰρ
975 3387 1194 3458 λογικοῦ
1224 3385 1561 3460 χορηγητικὴ
1593 3398 1727 3451 τυγ-

1833 3290 1937 3357 Qui
1972 3308 2138 3363 porro
2171 3295 2286 3350 hac
2335 3294 2664 3367 acceperint,
2694 3311 2792 3367 pro
2828 3296 2953 3363 line,
2989 3296 3130 3354 lucis
3156 3302 3404 3352 contenta

1832 3384 2126 3454 plationem
2155 3388 2500 3444 obtinebunt.

148 3481 285 3553 χάνει
314 3480 462 3553 αὕτη
492 3482 527 3553 ἡ
567 3479 679 3552 ζωή
698 3497 711 3512 ·
743 3478 824 3534 διὸ
859 3478 1104 3550 λέγεται*
1162 3479 1266 3535 Kal
1307 3479 1346 3549 ἡ
1393 3475 1505 3547 ζωὴ
1545 3473 1626 3550 ἦν
1651 3476 1719 3533 τὸ
1741 3476 1867 3546 φῶς
1891 3479 2007 3533 τῶν
2041 3478 2384 3551 ἀνθρώπων.
2415 3485 2476 3538 Ol
2503 3482 2561 3537 δὲ
2591 3482 2795 3537 τούτων
2828 3480 3219 3553 μεταλαϐόντες
3246 3480 3400 3546 τέλος

149 3573 315 3640 ἕξουσι
350 3572 454 3628 τοῦ
489 3573 670 3644 φωτὸς
694 3573 793 3646 τὴν
817 3572 968 3631 θέαν.
1376 3644 1389 3657 ι

212 3667 592 3736 Παράτεινον
628 3665 692 3720 τὸ
721 3667 893 3734 ἔλεός
931 3682 1048 3721 σου
1077 3664 1202 3734 τοῖς
1233 3663 1599 3737 γινώσκουσί
1626 3678 1720 3728 σε,

153 3758 236 3812 καὶ
262 3758 384 3828 τὴν
412 3757 813 3827 δικαιοσύνην
852 3772 966 3813 σου
998 3757 1123 3825 τοῖς
1159 3758 1362 3813 εὐθέσι
1388 3755 1465 3827 τῇ
1487 3754 1720 3824 καρδίᾳ.

153 3850 262 3916 Τοῖς
284 3852 360 3922 μὴ
378 3850 742 3920 γινώσκουσιν
762 3850 923 3904 αὐτὸν
945 3850 1280 3923 πρόσκαιρον
1296 3850 1446 3904 ἔσται
1465 3848 1526 3903 τὸ
1545 3848 1691 3911 ἕλεος
1704 3862 1718 3877 ·

152 3948 250 4009 τοῖς
289 3945 348 3998 δὲ
378 3942 714 4013 γινώσκουσί
748 3960 828 4010 σε,
864 3941 1067 4015 Σῶτερ,
1107 3942 1430 4015 παράτεινον
1474 3938 1536 3995 τὸ
1575 3939 1723 4004 ἔλεός

152 4051 235 4089 σου
262 4036 361 4090 καὶ
381 4036 488 4106 τὴν
516 4035 860 4107 δικαιοσύνην
887 4053 979 4089 σου
999 4052 1011 4063 ·
1039 4038 1096 4089 ὲν
1183 4035 1301 4090 κατ’
1329 4034 1484 4102 ἀξίαν
1518 4032 1719 4105 κρίνων

150 4132 250 4194 tot;
281 4128 386 4200 μὲν
416 4125 719 4190 ἀποδώσεις
743 4125 886 4180 κατὰ
916 4126 983 4181 τὰ
1015 4126 1150 4199 ἔργα
1174 4126 1373 4191 αὐτῶν,
1404 4128 1517 4190 τοῖς
1542 4124 1599 4178 δὲ
1629 4142 1720 4178 πι-

154 4215 375 4281 στώσεις
402 4215 505 4279 τὰς
534 4215 634 4280 σὰς
666 4215 1018 4284 ἐπαγγελίας.
1062 4217 1206 4270 ’Λντὶ
1239 4217 1295 4271 δὲ
1329 4214 1443 4283 τοῦ,
1470 4215 1581 4269 Kal
1607 4213 1723 4285 τὴν

150 4307 543 4376 δικαιοσύνην
560 4322 677 4362 σου
709 4308 834 4375 τοῖς
863 4306 1063 4363 εὐθέσι
1096 4307 1170 4378 τῇ
1195 4309 1423 4377 καρδίᾳ,
1445 4311 1473 4362 ὁ
1498 4307 1567 4360 Σύ
1577 4325 1723 4380 μμα-

150 4416 256 4470 χος,
286 4401 399 4455 Kal
454 4400 571 4469 thr
636 4401 1055 4470 ἐλεημοσύνην
1078 4416 1194 4455 σου
1219 4399 1342 4468 τοῖς
1369 4400 1583 4467 ἁπλοῖς
1607 4399 1729 4470 τίη

1903 3657 2066 3715 Vens.
2139 3659 2370 3716 11-15.
2441 3657 2717 3715 Prwtende
2773 3658 3191 3713 misericordiam
3251 3667 3397 3713 tuam

1829 3754 2110 3808 scientibus
2161 3762 2228 3819 te,
2258 3761 2308 3807 et
2349 3752 2617 3823 justitiam
2671 3760 2815 3805 tuam
2863 3751 2930 3806 iis
2975 3752 3066 3821 qui
3105 3760 3245 3807 recto
3273 3760 3399 3807 sunt

1829 3846 2002 3900 corde.
2034 3844 2416 3901 Nescientibus
2439 3845 2607 3900 Deum
2636 3852 2984 3915 temporanea
3021 3844 3397 3901 misericordia

1829 3940 1965 4002 erit;
1997 3947 2049 3993 at
2083 3938 2363 3994 scientibus
2396 3948 2463 4006 te,
2504 3925 2772 4004 Salvator,
2806 3937 3070 4009 praetende
3097 3939 3397 3994 misericor-

1828 4029 1973 4084 diam
2004 4039 2149 4083 tuam
2178 4038 2228 4084 et
2251 4029 2521 4100 justitiam
2553 4038 2719 4094 tuam,
2752 4043 2858 4100 qua
2882 4043 2981 4100 pro
3012 4044 3192 4085 rerum
3224 4028 3400 4101 digni-

1825 4129 1937 4177 tate
1954 4120 2228 4191 judicans,
2247 4121 2368 4177 aliis
2390 4121 2687 4177 secundum
2708 4135 2870 4192 opera
2895 4135 3081 4176 eorum
3106 4121 3394 4186 retribues,

1826 4215 1948 4271 aliis
1978 4214 2245 4285 promissa
2272 4223 2367 4269 tua
2391 4215 2761 4270 conﬁrmabis.
2804 4212 2912 4268 Pro
2938 4213 3030 4267 illo
3062 4219 3241 4268 autem
3274 4230 3288 4267 :
3326 4210 3398 4266 Et

1818 4307 2089 4378 justitiam
2140 4315 2286 4360 tuam
2327 4308 2395 4361 iis
2444 4307 2534 4377 qui
2580 4315 2720 4361 recto
2770 4314 2891 4360 sunt
2921 4304 3109 4366 corde;
3143 4302 3395 4374 Symma-

1826 4402 1964 4457 chus
1996 4420 2009 4455 :
2044 4399 2115 4455 Et
2152 4399 2573 4455 misericordiam
2621 4396 2947 4467 simplicibus
2997 4394 3172 4459 corde,
3203 4393 3391 4451 edidit.

152 4492 428 4563 καρδίαν,
483 4493 735 4561 ἐξέδωκε.
789 4484 886 4562 Mh
927 4494 1147 4551 ἐλθέτω
1188 4512 1290 4564 μοι
1338 4492 1489 4561 ποῦς
1540 4497 1722 4563 ὑπερ-

1830 4491 1955 4548 Νοη
1986 4494 2160 4547 veniat
2189 4492 2317 4547 mihi
2339 4507 2427 4561 pes
2467 4489 2744 4559 superbire,
2778 4497 2829 4542 et
2875 4503 3063 4541 manus
3105 4493 3394 4556 peccatoris

152 4586 427 4653 apertae.
468 4584 569 4638 καὶ
608 4585 735 4655 χεὶρ
770 4584 1128 4656 ἁμαρτωλῶν
1155 4584 1243 4655 μὴ
1287 4587 1584 4640 σαλεύσαι
1623 4603 1719 4656 με.

164 4677 321 4732 Ἐκεῖ
347 4677 578 4732 ἔπεσον
607 4681 660 4732 οι
692 4678 1061 4749 ἐργαζόμενοι
1089 4678 1204 4747 τὴν
1230 4678 1502 4750 ἀνομίαν.
1552 4676 1723 4744 Ἐξώ-

154 4773 395 4837 σθησαν
447 4771 548 4825 καὶ
603 4773 675 4825 οὐ
720 4770 807 4841 μὴ
858 4770 1226 4840 δυνήσονται
1279 4769 1518 4840 στῆναι.
1570 4769 1723 4843 Μηδὲ

153 4863 462 4934 κτησαίμην
484 4867 642 4937 χεῖρα
662 4865 757 4918 καὶ
776 4862 1003 4937 πράξεις
1024 4863 1361 4937 ἁμαρτωλῶν
1379 4881 1393 4895 ’
1427 4862 1597 4919 ταῦτα
1615 4864 1723 4936 γὰρ

158 4954 396 5009 σαλεύειν
464 4954 623 5009 εἴωθε
660 4957 754 5011 καὶ⁵
808 4958 1115 5028 μετακινεῖν
1159 4956 1260 5028 τῆς
1314 4956 1463 5029 παρὰ
1510 4957 1593 5010 σοὶ
1644 4955 1724 5028 τῷ

156 5048 273 5120 Θεῷ
314 5050 557 5115 στάσεως
607 5051 731 5115 τοὺς
774 5051 854 5114 είς
898 5050 960 5103 τὸ
991 5048 1179 5114 σκότος
1213 5047 1272 5102 τὸ
1301 5047 1563 5121 ἐξώτερον
1594 5047 1724 5113 ὲξω-

162 5143 534 5216 σθησομένους.
563 5144 709 5197 ’Δντὶ
744 5142 802 5197 δὲ
833 5141 925 5197 τοῦ
944 5159 956 5171 ο
999 5140 1157 5197 Ἐκεῖ
1173 5143 1418 5207 ἔπεσον,
1444 5144 1472 5196 ό
1504 5141 1573 5195 Σύ
1582 5158 1730 5213 μμαά

158 5251 268 5305 χος,
310 5234 464 5291 ὅπου
491 5236 816 5290 πίπτουσιν
838 5238 891 5290 οἱ
917 5230 1285 5307 ἐργαζόμενοι
1318 5233 1433 5305 τὴν
1469 5233 1727 5299 ἀδικίαν,

162 5324 399 5389 ἐξέδωκε.
427 5327 517 5399 Μὴ
545 5326 654 5400 γὰρ
680 5323 957 5397 γενοίμην,
989 5325 1174 5398 φησὶν,
1203 5326 1337 5389 ἐκεῖ,
1368 5320 1496 5378 ἔνθα
1537 5324 1586 5378 ol
1629 5340 1725 5377 σα-

162 5416 431 5484 λευθέντες
473 5420 751 5483 πίπτουσι,
799 5419 893 5474 καὶ
942 5417 1198 5483 πεσόντες
1235 5415 1580 5483 ὲξωθοῦνται,
1628 5410 1722 5470 καὶ

166 5507 474 5575 ὶξωσθέντες
493 5510 674 5565 οὐκέτι
699 5509 1008 5564 ἐπανελθεῖν
1032 5509 1364 5582 δυνήσονται.
1395 5506 1721 5571 Ἀκολούθως

1829 4603 1931 4641 non
1962 4593 2163 4639 moveat
2193 4601 2291 4639 me.
2325 4582 2408 4637 Ibi
2439 4581 2733 4637 ceciderunt
2762 4579 2851 4650 qui
2873 4586 3158 4647 operantur
3202 4577 3395 4646 iniqui-

1831 4688 2011 4744 tatem,
2043 4677 2251 4749 expulsi
2295 4684 2438 4742 sunt,
2466 4692 2558 4730 nec
2602 4678 2849 4743 poterunt
2896 4680 3057 4726 stare.
3086 4668 3164 4726 Ne
3199 4683 3396 4727 manus

1826 4781 1880 4828 et
1929 4778 2079 4842 gesta
2130 4775 2477 4842 peccatorum
2505 4765 2780 4822 obtineam
2812 4782 2825 4819 :
2860 4762 2976 4818 haec
3002 4761 3203 4833 quippe
3227 4774 3394 4816 excua

1830 4870 1943 4919 tere
1976 4862 2152 4918 solent
2178 4869 2232 4916 et
2265 4874 2545 4914 removere
2593 4858 2690 4913 abs
2717 4865 2769 4912 te
2798 4870 2893 4912 eos
2921 4852 3012 4926 qui
3049 4853 3104 4908 in
3139 4851 3397 4908 tenebras

1825 4957 2128 5013 exteriores
2170 4954 2535 5024 depelluntur.
2566 4948 2674 5006 Pro
2701 4949 2795 5005 illo
2826 4954 3005 5002 autem
3035 4964 3047 5000 ε
3082 4943 3167 4999 Ibi
3199 4943 3394 4999 cecide-
3424 4945 3434 4961 ⁸

1826 5058 1969 5113 runt,
2008 5047 2366 5121 Symmachus
2387 5045 2580 5109 edidit,
2620 5042 2713 5097 ubi
2761 5040 2957 5097 cadunt
2996 5039 3085 5112 qui
3111 5047 3396 5109 operantur

1829 5142 2179 5213 iniquitatem.
2204 5137 2302 5202 Ne,
2332 5137 2528 5208 inquit,
2561 5151 2626 5191 eo
2670 5135 2727 5189 in
2775 5135 2897 5189 loco
2948 5132 3074 5197 sim,
3105 5145 3213 5202 quo
3241 5144 3393 5185 com-

1831 5231 1962 5286 moti
1992 5230 2216 5292 cadunt,
2243 5228 2382 5299 lapsi
2416 5226 2783 5297 expelluntur,
2809 5221 3023 5294 expulsi
3054 5219 3260 5291 regredi
3285 5235 3391 5273 non

1830 5329 2104 5393 poterunt.
2138 5319 2264 5375 Haec
2308 5326 2487 5372 autem
2538 5320 2936 5386 consequenter
2989 5311 3202 5375 otiatur,
3238 5315 3388 5378 post-

1828 5429 1990 5486 quam
2023 5413 2118 5485 qui
2148 5412 2272 5467 ﬁnis
2298 5410 2403 5466 erit
2431 5424 2644 5472 eorum,
2672 5407 2766 5478 qui
2791 5404 2850 5460 in
2886 5404 3106 5477 tegmine
3136 5400 3227 5454 Det
3262 5409 3383 5486 spe-

1830 5483 2092 5571 raverint,
2128 5500 2440 5574 descripsit,
2469 5504 2752 5571 resumpta
2780 5494 2954 5566 impii,
2987 5492 3079 5565 qui
3111 5487 3267 5546 initio
3297 5483 3386 5542 di-

230 5768 273 5810 ⁸⁵
306 5776 460 5839 Rom.
498 5794 561 5844 ν,
595 5775 646 5832 5.
723 5776 769 5808 ⁹⁹
807 5771 950 5832 Psal.
986 5786 1127 5840 va,
1162 5773 1222 5831 5.
1298 5772 1343 5805 '°
1379 5770 1524 5851 Psal.
1558 5785 1715 5836 thv,
1749 5768 1835 5825 i0.
1914 5768 1957 5801 “
1998 5765 2155 5823 Joan.
2209 5779 2333 5833 xiv,
2366 5768 2425 5822 6.
2503 5762 2548 5796 "
2584 5758 2741 5816 Joan.
2778 5773 2828 5823 ι,
2869 5752 2981 5822 5,4.
