3980 6214
624 318 732 381 523

1324 319 1589 379 EUSEBlI
1627 318 2102 378 CESARIENSIS
2137 319 2287 376 OPP.
2323 319 2503 377 PARS
2538 320 2629 377 Ill.
2667 352 2738 364 --
2773 320 3181 381 EXEGETICA.

3753 321 3862 378 321

619 442 778 498 'c'ehat
805 441 859 495 in
882 440 1154 510 semetipso
1186 448 1244 493 ut
1273 438 1614 511 delinquieret,
1647 439 2039 510 hominumque
2081 439 2165 510 ips

2286 437 2345 494 δέ
2390 440 2526 495 αὐτὰ
2571 440 2697 513 ἔφη.
2759 441 2897 513 μετὰ
2943 441 3003 495 τὸ
3034 434 3343 511 ὑπογράψαι
3384 438 3563 492 ὁποῖον
3611 436 3769 490 ἔσται
3800 444 3865 494 τὸ

621 533 901 597 similium,
935 532 1215 588 memoria.

2287 531 2437 596 τέλος
2488 532 2595 587 τῶν
2648 534 2705 586 ἐν
2723 536 2789 605 τῇ
2832 534 3008 605 σκέπῃ
3043 531 3136 586 τοῦ
3169 530 3301 585 Θεοῦ
3326 529 3631 601 ἠλπικότων
3657 528 3862 582 ἐπανα-

616 627 906 700 λαμὸἀνων
935 626 1031 699 τὴν
1067 628 1284 699 μνήμην
1316 626 1409 680 τοῦ
1441 628 1559 681 κατ’
1588 626 1761 698 ἀρχὰς
1789 629 2135 699 παρανόμου,
2159 627 2218 693 ὃς
2254 628 2488 699 ἔφασκεν
2514 629 2584 683 ἐν
2616 626 2807 694 ἑαυτῷ
2834 627 2939 682 τοῦ
2973 625 3346 697 ἁμαρτάνειν,
3386 623 3480 678 καὶ
3513 623 3622 677 τῶν
3666 621 3861 694 ἐκείνῳ

619 721 1030 795 παραπλησίων.

1103 842 1155 895 1.
1186 838 1457 894 DAVIDIS
1492 836 1729 896 XXXVI.

692 944 822 1006 Noli
868 948 1113 1006 remulari
1152 951 1207 1004 in
1258 951 1693 1022 malignantibus,
1726 970 1886 1024 neque
1933 956 2182 1012 zelaveris

613 1020 862 1103 facientes
910 1042 1257 1121 iniquitatem.
1298 1020 1437 1107 Quia
1488 1042 1543 1096 in
1597 1020 1920 1115 praecedenti
1976 1048 2183 1116 psalmo

615 1132 952 1199 peccatorem
978 1133 1266 1189 induxerat
1297 1150 1417 1190 sese
1448 1135 1514 1189 ad
1548 1147 1766 1206 peccata
1792 1139 2180 1212 concitantem,

610 1224 886 1298 bitamque
932 1227 1074 1298 ejus,
1110 1242 1325 1282 necnon
1356 1226 1517 1283 linem
1547 1229 1885 1300 exitiumque
1912 1231 2059 1286 illius
2085 1232 2180 1287 de-

611 1318 927 1389 scripserat,
958 1324 1353 1387 consequenter
1382 1317 1438 1371 in
1464 1318 1564 1372 hoc
1594 1319 1801 1389 psalmo
1843 1320 2088 1375 hortatur
2111 1321 2179 1376 ad

611 1410 965 1466 declinandos
1006 1409 1375 1480 improborum
1421 1425 1622 1476 mores,
1653 1421 1705 1465 et
1736 1426 1845 1466 non
1875 1414 2179 1470 aemulanda

609 1502 798 1556 eorum
845 1516 1028 1572 Opera.
1086 1486 1352 1568 Quoniam
1400 1517 1529 1557 vero
1579 1503 1725 1558 aliud
1779 1512 1861 1559 est
1908 1505 2172 1573 aemulari,

606 1592 754 1647 aliud
798 1594 1002 1661 zelare;
1035 1592 1185 1647 dicas
1233 1593 1511 1669 concitare
1541 1603 1595 1648 et
1621 1594 1689 1649 ad
1727 1595 2048 1667 zelotypiam
2096 1598 2180 1652 in-

607 1685 863 1751 cendere,
900 1685 953 1740 id
994 1702 1113 1743 esse
1155 1686 1419 1741 atmulari.
1451 1672 1633 1752 Quare
1671 1686 1867 1759 Aquila
1896 1689 1977 1745 sic
2004 1692 2174 1746 inter-

606 1764 853 1845 pretatur
878 1795 891 1830 :
919 1774 1002 1830 Ne
1043 1775 1240 1829 dimica
1286 1792 1404 1829 cum
1449 1776 1894 1848 malignantibus;
1931 1777 2175 1851 Symma-

607 1869 745 1926 chus
772 1884 941 1926 vero:
972 1868 1053 1923 Ne
1087 1869 1343 1923 altercare
1387 1885 1506 1922 cum
1545 1871 1823 1939 maleﬁcis.
1858 1871 1971 1926 Hoc
2015 1888 2179 1942 porro

605 1946 812 2014 dictum
856 1975 921 2015 ex
973 1959 1059 2014 his
1100 1959 1371 2031 intelligas
1398 1979 1410 2014 :
1440 1960 1553 2030 Ipsi
1583 1978 1661 2015 me
1686 1972 2095 2031 prouocauerunt
2125 1965 2178 2017 in

602 2054 664 2106 eo
696 2054 786 2123 qui
817 2070 920 2107 non
946 2062 1060 2107 erat
1097 2052 1259 2119 Deus,
1288 2063 1338 2108 et
1366 2055 1710 2109 irritaverant
1740 2057 1794 2110 in
1824 2057 1980 2111 idolis
2011 2059 2122 2111 suis
2158 2072 2177 2111 :

601 2152 656 2199 et
678 2161 769 2215 ego
787 2145 1083 2217 provocabo
1110 2163 1198 2200 eos
1227 2146 1282 2200 in
1309 2164 1368 2201 eo
1394 2149 1485 2218 qui
1512 2166 1614 2202 non
1644 2157 1722 2202 est
1764 2151 2010 2218 populus,
2045 2160 2093 2204 et
2123 2151 2179 2203 in

600 2247 751 2309 gente
778 2240 1052 2310 insipiente
1081 2239 1309 2295 irritabo
1369 2241 1493 2295 illos
1512 2242 1576 2321 ⁸³.
1602 2242 1897 2312 Apostolus
1916 2246 2043 2300 item
2072 2243 2179 2301 Co-
2209 2264 2223 2283 '

604 2329 824 2407 rihthiis
857 2330 1103 2410 scribens
1128 2332 1202 2385 ita
1230 2333 1508 2411 loquitur:
1535 2333 1618 2389 An
1649 2335 1965 2389 wmulamur
1996 2336 2178 2392 Domi-

601 2430 727 2476 num
758 2417 1052 2493 ?Nunquid
1081 2423 1326 2493 fortiores
1367 2425 1461 2480 illo
1492 2443 1673 2480 sumus
1696 2428 1778 2480 ιιι
1804 2428 1966 2483 Zelus
1995 2436 2176 2483 autem

602 2526 699 2573 seu
754 2516 1008 2571 voluntas
1068 2516 1376 2588 cujuspiam
1427 2519 1768 2590 adipiscendi
1815 2521 1869 2575 id
1918 2522 2064 2591 quod
2118 2523 2176 2576 in

600 2607 852 2677 proximo
876 2622 1000 2665 esse
1024 2609 1345 2675 arbitratur,
1372 2609 1515 2665 bona
1542 2620 1648 2667 est.
1680 2610 1774 2668 Est
1799 2613 1939 2669 alius
1964 2614 2175 2670 medius

601 2700 775 2766 zelus,
813 2700 1138 2773 plerumque
1171 2702 1297 2758 talis
1324 2704 1539 2773 qualem
1567 2704 1832 2760 describit
1864 2706 2006 2761 idem
2040 2723 2173 2778 apo-

600 2794 776 2849 stolus
831 2793 917 2850 his
950 2794 1131 2850 verbis
1166 2813 1178 2849 :
1212 2793 1565 2849 [Emulantur
1620 2810 1707 2851 vos
1756 2814 1861 2852 non
1909 2798 2053 2863 bene,
2084 2800 2174 2854 sed

599 2883 873 2939 excludere
900 2902 986 2941 vos
1022 2886 1283 2941 volunt“.
1321 2885 1528 2941 Invidia
1560 2904 1691 2943 sane
1721 2905 1998 2960 nunquam
2031 2892 2174 2946 bona

524 2960 530 2966 ’
600 2991 726 3033 esse
753 2987 948 3047 queat;
978 2992 1103 3032 nam
1137 2977 1292 3032 dolor
1309 2985 1393 3033 est
1419 2978 1487 3033 de
1513 2980 1791 3050 prOSperis
1824 2982 2055 3051 proximi
2088 2999 2173 3040 re-

601 3069 921 3125 huszzelns
969 3084 1101 3126 vero
1148 3069 1421 3125 interdum
1476 3072 1674 3138 bonus,
1711 3073 1788 3126 uti
1827 3074 2167 3132 tradidimus.

2788 836 2924 891 ΤΟΥ
2968 823 3165 889 ΔΑῩΙΔ
3206 815 3344 904 ad“;

2349 951 2443 1020 Μὴ
2483 949 2822 1019 παραζηλου
2854 949 2925 1003 ἐν
2954 940 3474 1019 πονηρευομένοις,
3502 947 3657 1017 μηδὲ
3677 942 3859 1016 ζῆλον

2284 1045 2425 1111 τοὺς
2483 1042 2803 1121 ποιοῦντας
2855 1030 2970 1109 τὴν
3019 1040 3294 1109 ἀνομίαν.
3363 1040 3581 1112 Ἐπειδὴ
3634 1041 3749 1115 γάρ
3805 1043 3859 1097 ἐν

2282 1139 2478 1209 ἐκείνῳ
2520 1138 2707 1209 είσῆγε
2746 1137 2837 1219 τὸν
2884 1136 3197 1208 παράνομον
3250 1134 3620 1209 παρορμῶντα
3672 1135 3860 1192 tam

2285 1233 2363 1295 είς
2397 1230 2689 1305 ἀμαρτίας,
2722 1228 2814 1282 τόν
2840 1245 2899 1281 τε
2930 1228 3041 1298 βίον
3070 1226 3351 1299 ὑπέγραφε
3377 1226 3472 1279 τοῦ
3503 1224 3750 1280 τοιούτω
3771 1228 3859 1285 καὶ

2283 1314 2345 1375 τὸ
2378 1304 2532 1384 τέλος
2558 1310 2659 1391 τῆς
2683 1319 3062 1390 καταστροφῆς
3090 1313 3274 1370 αὐτοῦ·
3316 1310 3623 1382 ἀκολούθως
3655 1320 3753 1373 ἐπὶ⁵
3771 1318 3857 1375 τοῦ

2285 1396 2551 1488 παρόντος
2604 1414 2859 1496 παραινεῖ
2923 1409 3142 1481 φεύγειν
3191 1409 3317 1473 τοὺς
3373 1398 3495 1496 τῶν
3529 1410 3856 1482 παρανόμων

2285 1506 2538 1579 τρόπους,
2578 1488 2710 1576 μηδέ
2752 1503 2848 1567 τὰς
2879 1502 3095 1577 ὁμοίους
3145 1491 3323 1554 αὐτῶν
3366 1488 3593 1570 πράξεις
3642 1502 3851 1574 ζηλοῦν.

2299 1597 2449 1651 Ἐπεὶ
2474 1597 2517 1651 δ’
2544 1596 2729 1668 ἐτερόν
2751 1586 2866 1648 ἐστι
2888 1592 2981 1646 τοῦ
3017 1591 3210 1662 ζηλοῦν
3226 1592 3287 1646 τὸ
3306 1590 3674 1675 παραζηλοῦν,
3697 1595 3852 1665 ἐρεῖς,

2252 1690 2359 1742 ,ὅτι
2396 1688 2458 1741 τὸ
2498 1684 2759 1759 ἐρεθίζειν
2798 1674 2891 1737 καὶ
2920 1685 2999 1746 εἰς
3033 1676 3358 1753 ζηλοτυπίαν
3401 1674 3660 1756 ἐγείρειν,
3707 1684 3853 1739 τοῦτό

2283 1783 2397 1834 ἐστι
2420 1779 2482 1834 τὸ
2513 1774 3043 1849 παραξηλοῦν.Ὄθεν
3070 1776 3098 1827 ὁ
3127 1772 3849 1855 μένἌκύλαςῆρμήνευσεΨ

2212 1837 2251 1891 Β
2279 1872 2376 1940 Μὴ
2407 1837 2693 1941 ιἰαμάχοῦ
2716 1837 2791 1923 ’ἐν
2822 1837 3356 1936 πονηρευολιένοιςί
3383 1869 3413 1920 ὁ

2277 1963 2374 2032 Μὴ
2410 1963 2735 2032 φιλονείκει
2782 1960 3159 2028 κακούργοις.
3204 1956 3434 2031 Νοήσείς
3462 1956 3519 2010 δὲ
3544 1958 3611 2012 τὸ
3636 1959 3853 2031 εἰρημέ-

2278 2072 2366 2108 νον
2415 2053 2510 2107 καὶ
2549 2054 2655 2107 ἀπὸ
2693 2054 2817 2105 τοῦ·
2846 2050 3031 2123 Αὐτοὶ,
3070 2038 3498 2131 παρεζήλωᾷάν
3521 2068 3603 2119 με
3652 2053 3747 2105 ἐπ’
3788 2055 3853 2108 οὐ

2280 2144 2429 2211 Θεῷ,
2459 2140 2841 2215 παρώργισάν
2885 2160 2961 2213 με
3013 2141 3083 2195 ἐν
3136 2141 3258 2207 τοῖς
3308 2141 3582 2210 εἰδώλοις
3629 2145 3849 2200 αὐτῶν

2278 2240 2440 2309 κάγὼ
2480 2235 2884 2307 παραζηλώσω
2927 2234 3149 2302 αὐτοὺς
3207 2235 3299 2288 ἐπ’
3350 2237 3461 2289 οὐκ
3516 2235 3715 2292 ἕθνει’
3766 2241 3850 2293 ἐπ’

2276 2332 2431 2387 ἔθνει
2464 2328 2736 2395 ἀσυνέτῳ
2758 2326 3053 2397 παροργιῶ
3080 2320 3322 2394 αὐτούς.
3346 2321 3501 2381 Οὕτω
3532 2330 3631 2384 καὶ
3658 2332 3858 2387 611:6-

2278 2420 2460 2483 στολος
2502 2418 2726 2491 γράφων
2771 2416 3076 2489 Κορινθίοις
3120 2416 3338 2487 ἐλεγενέ
3388 2419 3459 2474 Ἢ
3485 2420 3859 2491 παραζηλοῦ-

2270 2534 2385 2586 μεν
2420 2515 2525 2569 τὸν
2577 2516 2829 2583 Κύριον;
2880 2514 2977 2583 Μὴ
3011 2510 3378 2584 ισχὺρότεροι
3410 2515 3598 2570 αὐτοῦ
3634 2516 3859 2587 tower;

2275 2609 2349 2662 Τὸ
2392 2607 2448 2661 δὲ
2491 2600 2684 2679 ζηλοῦν
2736 2606 2831 2659 τοῦ
2887 2605 3168 2677 βούλεσθαι
3200 2608 3293 2660 καὶ
3324 2608 3499 2679 ἐαυτῷ
3526 2608 3803 2680 ὑπάρχειν
3833 2607 3859 2663 ὃ

2275 2699 2483 2770 νομίζει
2514 2698 2590 2770 τῷ
2624 2698 2790 2763 πέλας
2824 2691 3101 2771 παρεῖναι,
3129 2698 3351 2767 ἀγαθόν.
3388 2698 3491 2754 Καὶ
3515 2699 3632 2752 ἔστι
3666 2701 3733 2753 τὸ
3760 2700 3863 2774 ζη-

2273 2790 2396 2845 λοῦν
2424 2789 2612 2863 μέσονο
2646 2790 2902 2867 πολλάκις
2943 2785 3052 2862 γὰρ
3102 2792 3130 2844 ὁ
3176 2789 3336 2861 ζῆλος
3375 2793 3497 2862 περὶ
3528 2784 3592 2845 οὗ
3628 2794 3660 2845 ὀ
3687 2793 3862 2858 αὐτός

2275 2899 2467 2955 φησιν’
2502 2881 2809 2949 Ζηλοῦσιν
2837 2880 2994 2951 ὑμᾶς
3023 2885 3095 2937 οὐ
3128 2881 3347 2949 καλῶς,
3377 2885 3509 2937 ἀλλ’
3544 2872 3859 2940 ἐκκλεῖσαι

2272 2971 2426 3042 ὑμᾶς
2459 2962 2972 3038 θέλουσιν-,Φθόνος
3014 2973 3112 3044 μὲν
3143 2969 3234 3029 οῦν
3263 2974 3362 3027 οὐκ
3395 2973 3460 3027 ἂν
3484 2960 3700 3043 γένοιτό
3725 2993 3857 3030 ποτε

2272 3063 2503 3134 ἀγαθός·
2540 3064 2681 3140 λύπη
2708 3064 2817 3136 γάρ
2847 3067 2993 3118 ἐστιν
3050 3064 3142 3119 ἐπὶ
3194 3068 3257 3136 τῇ
3311 3065 3404 3119 τοῦ
3441 3066 3614 3131 πέλας
3645 3068 3857 3139 εὐπρα-

602 3156 704 3215 Hic
752 3174 937 3231 porro,
967 3159 1266 3215 secundum
1318 3160 1595 3231 Aquilam,
1639 3178 1750 3217 non
1798 3163 2168 3220 dimicandum

2275 3150 2397 3222 γίᾳ’
2428 3151 2584 3223 ζῆλος
2625 3148 2683 3205 δέ
2718 3154 2865 3207 ἐστιν
2898 3154 2987 3207 ὅτε
3019 3153 3228 3223 γίνεται
3264 3155 3465 3224 ἀγαθὸς
3498 3154 3686 3220 καθὼς
3716 3159 3857 3211 ἀπο-

598 3263 721 3306 esse
744 3264 869 3305 cum
900 3251 1321 3322 malignantibus
1343 3261 1558 3321 monet;
1586 3254 1885 3309 secundum
1918 3254 2167 3329 Symma-

596 3340 785 3406 chum,
819 3358 926 3397 non
962 3343 1338 3398 altercandum
1390 3360 1513 3399 cum
1546 3347 1842 3415 maleﬁcis;
1868 3350 2167 3405 secundum

597 3432 846 3500 quintam
878 3431 1195 3498 editionem,
1225 3449 1335 3489 non
1383 3436 1585 3515 irrit‘ari
1617 3445 1870 3508 oportere
1900 3455 2023 3494 cum
2051 3457 2168 3495 ma-

596 3511 928 3596 lignantibus
946 3543 960 3592 ;
980 3527 1276 3581 secundum
1297 3544 1427 3583 vero
1451 3510 1594 3583 LXX
1619 3549 1631 3583 :
1658 3529 1777 3585 Noli
1805 3533 2046 3586 aemulari
2073 3549 2168 3588 ne.

595 3630 704 3686 que
750 3616 1040 3683 concitari,
1072 3617 1118 3673 si
1162 3618 1298 3674 alios
1332 3620 1472 3675 male
1503 3630 1723 3691 agentes
1750 3623 1959 3689 videas,
1990 3640 2167 3695 neque

594 3714 650 3762 te
675 3708 951 3762 concitent
983 3708 1216 3778 improbi
1252 3725 1511 3780 prospere
1540 3722 1783 3783 agentes,
1822 3723 1880 3769 ut
1927 3724 1985 3770 tu
2027 3731 2168 3787 qno-

595 3814 703 3868 que
756 3799 891 3853 velis
944 3814 1058 3853 rem
1109 3799 1247 3854 bene
1293 3817 1502 3871 gerere.
1544 3803 1842 3875 linamque
1869 3805 1923 3860 in
1954 3822 2013 3861 re
2041 3821 2167 3878 pro-

594 3902 755 3957 spera
805 3894 860 3964 et
902 3887 959 3940 in
1007 3887 1223 3943 deliciis
1271 3900 1494 3959 agentes
1524 3899 1577 3947 te
1603 3893 1899 3964 instigant;
1925 3904 1980 3949 at
2007 3908 2065 3950 tu
2097 3912 2164 3952 ne

592 3962 867 4031 emuleris
902 3991 1078 4047 neque
1108 3978 1421 4043 conciteris,
1454 3981 1548 4036 sed
1582 3962 1759 4052 neque
1782 3984 2044 4040 zelaveris
2080 3984 2164 4039 fa-

594 4068 801 4125 cientes
843 4068 1219 4139 iniquitatem;
1261 4086 1329 4126 ne
1367 4072 1555 4128 beatos
1585 4076 1847 4145 praedices
1880 4077 2024 4142 illos,
2057 4094 2163 4134 neu

592 4170 752 4234 putes
779 4162 835 4216 in
862 4160 1021 4217 bonis
1047 4162 1256 4217 versari
1284 4182 1296 4217 :
1322 4178 1423 4219 nec
1462 4165 1581 4234 pari
1625 4166 1785 4221 modo
1821 4183 1935 4222 rem
1973 4186 2163 4241 gerere

591 4261 841 4325 exoptes.

663 4430 827 4488 Vens.
860 4430 1021 4486 2-9.
1075 4430 1337 4499 Quoniam
1393 4441 1644 4504 tanquam
1690 4434 1867 4504 fenum
1921 4436 2162 4492 velociter

2272 3239 2602 3313 δεδώκαμεν.
2648 3244 2907 3298 Ἐνταῦθα
2935 3245 2992 3298 δὲ
3018 3247 3047 3299 ὁ
3072 3245 3228 3315 λόγος
3257 3246 3396 3300 κατά
3438 3248 3535 3318 μὲν
3560 3248 3657 3301 τὸν
3692 3250 3857 3303 Ἀκύ-

2271 3334 2368 3389 λαν
2419 3320 2493 3407 μῆ
2557 3336 2917 3409 διαμάχεσθαι
2974 3340 3032 3391 ἐν
3086 3338 3541 3411 πονηρευομένοις
3576 3344 3856 3413 παραινεῖ,

2271 3427 2409 3480 κατά
2455 3416 2513 3482 δὲ
2561 3430 2873 3501 Σύμμαχον,
2913 3430 2986 3502 μὴ
3019 3431 3340 3501 φιλονεικεῖν
3388 3431 3447 3485 ἐν
3495 3433 3856 3504 κακούργοις,

2271 3514 2411 3575 κατά
2452 3520 2507 3574 δὲ
2554 3522 2651 3593 τὴν
2694 3523 2950 3595 πέμπτην
3000 3523 3229 3586 ἔκδοσιν,
3286 3524 3359 3595 μὴ
3407 3522 3755 3596 ἐρεθίζεσθαι
3804 3530 3860 3580 ἐν

2271 3611 2748 3683 πονηρευομένοιςσ
2803 3612 2943 3666 κατά
2997 3612 3054 3666 δέ
3103 3614 3228 3677 τοὺς
3288 3611 3712 3684 Ἑϐδομήκοντα·
3763 3617 3858 3685 Μὴ

2270 3700 2593 3773 παροξύνου,
2629 3703 2785 3773 φησὶ,
2819 3703 2952 3774 μηδὲ
2999 3703 3242 3774 ὲρεθίζου
3270 3703 3410 3775 ὁρῶν
3439 3702 3662 3775 ἐτέρους
3689 3723 3860 3778 πονη-

2274 3794 2591 3865 ρευομένους
2610 3812 2622 3825 ·
2653 3794 2787 3867 μηδέ
2817 3813 2874 3848 σε
2905 3796 3262 3867 ἐγειρέτωσαν
3287 3792 3670 3868 εύθηνούμενοι
3691 3800 3858 3854 κακοὶ

2270 3886 2360 3939 ἐπὶ
2386 3886 2444 3939 τὸ
2477 3886 2570 3939 καὶ
2596 3885 2799 3941 ἐθέλειν
2831 3887 3030 3958 ὁμοίως
3060 3889 3244 3949 αὐτοῖς
3265 3887 3581 3960 εὐπραγεῖν.
3618 3889 3859 3944 Ἐκεῖνοι

2272 3977 2368 4046 μὲν
2406 3974 2513 4048 γὰρ
2545 3974 2925 4049 εὐθηνούμενοι
2975 3976 3067 4030 καὶ
3119 3976 3428 4047 τρυφῶντες
3475 3977 3858 4049 παραξηλοῦσί

2271 4082 2361 4119 σε’
2399 4067 2462 4120 σὺ
2493 4065 2549 4119 δὲ
2582 4066 2655 4139 μὴ
2688 4064 3005 4138 παραζήλου
3034 4066 3168 4137 μηδέ
3195 4065 3527 4139 παροξύνου·
3551 4068 3693 4121 ἀλλά
3715 4070 3859 4141 μηδὲ

2268 4155 2429 4229 ζήλου
2446 4159 2569 4221 τοὺς
2585 4158 2869 4223 ποιοῦντας
2894 4157 3143 4230 ἀνομίαν,
3170 4158 3303 4229 μηδέ
3329 4159 3599 4230 μακάριζε
3630 4161 3856 4229 αὐτοὺς,

2268 4250 2359 4303 καὶ
2386 4252 2440 4303 ἐν
2467 4249 2688 4320 ἀγαθοῖς
2732 4236 2870 4305 εἶναι
2914 4250 3131 4323 νόμιζε·
3174 4250 3296 4323 μηδ’
3328 4249 3486 4322 εὔχου
3521 4251 3617 4305 καὶ
3653 4253 3859 4308 σαυτὸν

2266 4342 2463 4416 ρμοίως
2495 4342 2675 4408 αὐτοῖς
2706 4343 2980 4416 πράττειν.

2341 4433 2467 4490 Ὀτι
2514 4434 2654 4490 ὡσεί
2723 4432 2929 4505 χόρτος
3011 4434 3159 4505 ταχὺ
3217 4434 3857 4505 ἀποξηρανθήσονται.

590 4532 848 4581 arescent.
919 4523 1123 4581 Deinde
1194 4540 1416 4581 causam
1478 4527 1686 4598 aperit,
1765 4528 1984 4597 dicens,
2039 4531 2168 4601 quia

2275 4520 2401 4581 Εἶτα
2428 4526 2525 4597 τὴν
2558 4527 2735 4580 αἰτίαν
2762 4523 3019 4589 διδάσκει,
3045 4522 3237 4595 λέγων,
3266 4527 3347 4579 ὅτι
3379 4527 3439 4579 τὸ
3465 4527 3619 4591 τέλος
3663 4528 3859 4584 αὐτῶν

588 4615 715 4671 ﬁnis
762 4604 1168 4685 illorum‘talis,
1223 4619 1401 4689 qualis
1454 4618 1562 4676 feni
1619 4621 1799 4677 exitus
1836 4630 1954 4688 est;
2013 4623 2160 4693 quod

587 4719 715 4759 cum
762 4705 1153 4777 aliquantisper
1191 4707 1455 4771 ﬂoruerit,
1487 4706 1744 4763 velociter
1770 4709 1985 4763 arescit.
2019 4702 2157 4763 Nam

588 4797 759 4851 omnis
788 4814 915 4852 caro
939 4798 1137 4867 fenum,
1169 4807 1217 4852 et
1244 4799 1413 4853 omnis
1438 4799 1613 4870 gloria
1641 4799 1753 4870 ejus
1775 4801 1928 4871 quasi
1955 4802 2053 4870 ﬂos
2080 4801 2157 4871 re-

587 4889 663 4943 ni.
703 4888 1045 4945 Exsiccatum
1094 4901 1169 4945 est
1225 4890 1421 4956 fenum,
1469 4901 1518 4946 et
1568 4891 1667 4959 ﬂos
1722 4892 1993 4950 decidit“.
2047 4894 2154 4951 Sed

584 4980 775 5045 etiam,
807 4981 1245 5051 quemadmodum
1278 4968 1425 5036 olera
1453 4973 1733 5036 herbarum
1761 4984 1865 5037 cito
1895 4984 2151 5043 decident.

508 5112 513 5119 .
587 5063 668 5128 Ne
716 5072 934 5143 quidem
978 5072 1125 5143 digni
1171 5082 1299 5128 sunt
1346 5074 1438 5144 qui
1478 5074 1718 5129 oleribus
1746 5074 1799 5129 in
1832 5090 1963 5145 agro
1992 5078 2155 5134 cultis

587 5164 990 5235 comparentur.
1020 5164 1149 5232 Quae
1180 5180 1345 5222 causa
1372 5165 1539 5237 igitur
1574 5171 1659 5221 est
1689 5182 1788 5221 cur
1809 5183 1903 5222 eos
1930 5170 2155 5225 aemule-

2264 4620 2500 4674 τοιοῦτόν
2525 4621 2692 4683 ἐστιν,
2719 4621 2900 4673 ὁποῖον
2927 4617 2987 4672 τὸ
3023 4619 3115 4671 τοῦ
3144 4619 3366 4691 χόρτου⁸
3404 4618 3462 4684 ὃς
3492 4618 3632 4693 πρὸς
3665 4619 3862 4692 ὀλίγον

2263 4712 2521 4784 ἀνθήσας,
2567 4713 2703 4784 ταχὺ
2764 4710 3207 4783 ἀποξηραίνεται.
3268 4711 3443 4767 Πᾶσα
3511 4714 3622 4786 γὰρ
3684 4718 3862 4786 σὰρξ

2258 4805 2491 4875 χόρτος,
2523 4803 2622 4857 καὶ
2661 4800 2827 4858 πᾶσα
2854 4802 3003 4869 δόξα
3045 4804 3235 4873 αὐτῆς
3267 4800 3347 4873 ὡς
3372 4804 3557 4871 ἀνθος
3595 4806 3859 4875 κύρτου.

2273 4893 2598 4964 Ἐξηράνθη
2616 4896 2648 4949 ό
2669 4895 2900 4964 χόρτος,
2916 4896 3014 4949 καὶ
3041 4895 3106 4949 τὸ
3134 4896 3317 4958 ἄνθος
3332 4894 3647 4961 ἐξέπεσεν.
3678 4898 3862 4954 Ἀλλὰ

2260 4987 2372 5051 καὶ,
2394 4986 2538 5041 ὡσεὶ
2556 4984 2794 5055 λάχανα
2814 4990 3002 5057 χλόης
3031 4988 3182 5058 ταχὺ
3209 4988 3659 5044 ἁποπεσοῦνται
3680 5007 3695 5021 ’
3724 4992 3860 5046 οὐδὲ

2259 5076 2689 5149 γεωργουμένοις
2732 5076 2981 5150 λαχάνοις
3021 5078 3161 5147 ἄξιοί
3208 5080 3314 5134 εἱσι
3365 5080 3857 5153 παραϐάλλεσθαι.

2260 5170 2324 5221 Τί
2343 5165 2436 5223 οῦν
2466 5168 2613 5236 ἀξιον
2638 5169 2831 5241 ζηλοῦν
2856 5173 3095 5238 τούτους,
3121 5173 3169 5226 οἳ
3196 5173 3332 5245 πρὸς
3361 5172 3538 5242 ὀλίγον
3565 5174 3859 5245 ἀνθήσαν-

585 5274 733 5324 mur,
765 5257 859 5330 qui
889 5272 1014 5313 cum
1044 5258 1193 5315 brevi
1220 5267 1461 5329 tempore
1486 5259 1789 5322 ﬂoruerint,
1821 5275 1943 5315 cras
1973 5262 2026 5316 in
2050 5260 2152 5316 cli-

2275 5278 2365 5324 τες,
2419 5260 2604 5334 αύριον
2659 5266 2739 5329 είς
2794 5265 3043 5321 κλίϐανον
3093 5264 3491 5336 βάλλονται.ὼς
3540 5264 3793 5334 ἐδίδαξεν
3826 5272 3860 5323 ὁ

586 5349 789 5404 hanum
838 5346 1140 5413 mittentur,
1173 5352 1231 5401 ut
1279 5348 1437 5403 docet
1484 5348 1733 5403 Salvator
1750 5349 1834 5402 "?
1886 5346 2049 5420 Spera
2095 5352 2151 5406 in

2275 5351 2476 5425 Ξωτήρ;
2510 5356 2802 5411 Ἐλπισον
2830 5358 2929 5412 ἐπὶ
2976 5361 3214 5427 Κύριον,
3255 5359 3353 5413 καὶ
3388 5358 3543 5412 ποίει
3572 5362 3860 5428 χρηστό-

592 5441 833 5506 Domino,
865 5450 914 5496 et
944 5440 1030 5510 [ac
1052 5439 1355 5504 bonitatem,
1383 5450 1431 5495 et
1460 5441 1697 5495 inltabita
1726 5451 1942 5507 terram,
1971 5453 2019 5498 et
2053 5461 2151 5513 pa-

2275 5461 2419 5512 τιτα.
2462 5448 2559 5501 καὶ
2604 5452 2985 5521 κατασκήνου
3023 5451 3137 5521 τὴν
3168 5450 3421 5522 Tris-mal
3448 5451 3856 5524 ποιμανθήση

583 5536 745 5590 sceris
771 5536 825 5588 in
852 5533 1047 5590 divitiis
1077 5533 1210 5603 ejus.
1246 5532 1518 5589 Delectare
1544 5532 1597 5587 in
1633 5533 1875 5600 Domino,
1906 5545 1955 5590 et
1999 5535 2147 5591 dabit

2275 5540 2348 5593 ἐπὶ
2395 5538 2473 5608 τῷ
2522 5544 2761 5612 πλούτῳ
2802 5544 3007 5614 αὐτῆς.
3055 5546 3528 5615 Κατατρύερησον
3564 5545 3678 5602 τοῦ
3725 5551 3872 5602 Κιν-

578 5776 583 5791 τ
655 5714 704 5747 ⁸⁸
736 5714 893 5772 Deut.
924 5731 1109 5783 um,
1138 5714 1229 5770 21.
1306 5715 1351 5749 “
1390 5713 1410 5768 l
1439 5713 1564 5770 Cor.
1599 5731 1666 5785 ι,
1702 5714 1790 5769 22.
1870 5714 2106 5775 “Galat.
2141 5735 2170 5775 l‘

2275 5719 2351 5775 l7.
2429 5721 2473 5753 “
2512 5719 2616 5776 lsa.
2649 5737 2752 5788 ιι,
2788 5721 2840 5777 6.
2920 5722 2963 5755 ⁸⁷
3002 5722 3190 5780 Matth.
3224 5738 3309 5788 vt,
3338 5722 3426 5778 50.
